  <div class='ocr_page' id='page_1' title='image "/cluster/home/n/w/nwhite01/storage/ocr_20150623/56/pst.000005712557/473.png"; bbox 0 0 4158 6320; ppageno 0'>
   <div class='ocr_carea' id='block_1_1' title="bbox 662 382 770 437">
    <p class='ocr_par' dir='ltr' id='par_1_1' title="bbox 662 382 770 437">
     <span class='ocr_line' id='line_1_1' title="bbox 662 382 770 437; baseline 0.028 -3"><span class='ocrx_word' id='word_1_1' title='bbox 662 382 770 437; x_wconf 76' lang='grc'>481</span> 
     </span>
    </p>
   </div>
   <div class='ocr_carea' id='block_1_2' title="bbox 663 470 2255 549">
    <p class='ocr_par' dir='ltr' id='par_1_2' title="bbox 663 470 2255 549">
     <span class='ocr_line' id='line_1_2' title="bbox 663 470 2255 549; baseline -0.003 -21"><span class='ocrx_word' id='word_1_2' title='bbox 663 475 804 549; x_wconf 75' lang='grc' dir='ltr'>φησι</span> <span class='ocrx_word' id='word_1_3' title='bbox 825 492 838 505; x_wconf 87' lang='grc'><strong>·</strong></span> <span class='ocrx_word' id='word_1_4' title='bbox 875 474 983 529; x_wconf 78' lang='grc' dir='ltr'>Καὶ</span> <span class='ocrx_word' id='word_1_5' title='bbox 1014 473 1136 528; x_wconf 76' lang='grc' dir='ltr'>πᾶν</span> <span class='ocrx_word' id='word_1_6' title='bbox 1163 472 1194 526; x_wconf 83' lang='grc' dir='ltr'>ὃ</span> <span class='ocrx_word' id='word_1_7' title='bbox 1221 471 1518 525; x_wconf 66' lang='grc' dir='ltr'>ἐκάλεσεν</span> <span class='ocrx_word' id='word_1_8' title='bbox 1557 470 1710 524; x_wconf 83' lang='grc' dir='ltr'>αὐτὰ</span> <span class='ocrx_word' id='word_1_9' title='bbox 1742 473 1776 523; x_wconf 85' lang='grc' dir='ltr'><em>ὀ</em></span> <span class='ocrx_word' id='word_1_10' title='bbox 1827 470 1999 540; x_wconf 77' lang='grc' dir='ltr'>Ἀδὰμ</span> <span class='ocrx_word' id='word_1_11' title='bbox 2029 510 2046 537; x_wconf 92' lang='grc'>,</span> <span class='ocrx_word' id='word_1_12' title='bbox 2075 471 2255 525; x_wconf 86' lang='grc' dir='ltr'>τοῦτο</span> 
     </span>
    </p>
   </div>
   <div class='ocr_carea' id='block_1_3' title="bbox 665 553 2256 627">
    <p class='ocr_par' dir='ltr' id='par_1_3' title="bbox 665 553 2256 627">
     <span class='ocr_line' id='line_1_3' title="bbox 665 553 2256 627; baseline -0.004 -15"><span class='ocrx_word' id='word_1_13' title='bbox 665 559 854 627; x_wconf 74' lang='grc' dir='ltr'>ὄνομα</span> <span class='ocrx_word' id='word_1_14' title='bbox 899 558 1090 621; x_wconf 78' lang='grc' dir='ltr'>αὐτῷ·</span> <span class='ocrx_word' id='word_1_15' title='bbox 1131 557 1251 609; x_wconf 71' lang='grc' dir='ltr'>ἀντὶ</span> <span class='ocrx_word' id='word_1_16' title='bbox 1303 556 1430 621; x_wconf 89' lang='grc' dir='ltr'>τοῦ,</span> <span class='ocrx_word' id='word_1_17' title='bbox 1483 553 1796 625; x_wconf 85' lang='grc' dir='ltr'>Προὼριστο</span> <span class='ocrx_word' id='word_1_18' title='bbox 1837 555 2029 617; x_wconf 87' lang='grc' dir='ltr'>τοῦτο,</span> <span class='ocrx_word' id='word_1_19' title='bbox 2065 556 2094 608; x_wconf 97' lang='lat'>6</span> <span class='ocrx_word' id='word_1_20' title='bbox 2125 554 2256 618; x_wconf 87' lang='grc' dir='ltr'>Θεὸς</span> 
     </span>
    </p>
   </div>
   <div class='ocr_carea' id='block_1_4' title="bbox 663 640 937 706">
    <p class='ocr_par' dir='ltr' id='par_1_4' title="bbox 663 640 937 706">
     <span class='ocr_line' id='line_1_4' title="bbox 663 640 937 706; baseline 0.004 -15"><span class='ocrx_word' id='word_1_21' title='bbox 663 640 937 706; x_wconf 80' lang='grc' dir='ltr'>ἐδόξασεν.</span> 
     </span>
    </p>
   </div>
   <div class='ocr_carea' id='block_1_5' title="bbox 747 719 2254 792">
    <p class='ocr_par' dir='ltr' id='par_1_5' title="bbox 747 719 2254 792">
     <span class='ocr_line' id='line_1_5' title="bbox 747 719 2254 792; baseline -0.003 -17"><span class='ocrx_word' id='word_1_22' title='bbox 747 722 886 775; x_wconf 80' lang='grc' dir='ltr'>Ἀλλ’</span> <span class='ocrx_word' id='word_1_23' title='bbox 919 725 1000 785; x_wconf 84' lang='grc' dir='ltr'>εἰς</span> <span class='ocrx_word' id='word_1_24' title='bbox 1027 721 1087 776; x_wconf 88' lang='grc' dir='ltr'>τὸ</span> <span class='ocrx_word' id='word_1_25' title='bbox 1106 721 1465 792; x_wconf 86' lang='grc' dir='ltr'>προκείμενον</span> <span class='ocrx_word' id='word_1_26' title='bbox 1495 719 1900 790; x_wconf 75' lang='grc' dir='ltr'>ἐπανέλθωμεν.</span> <span class='ocrx_word' id='word_1_27' title='bbox 1938 721 2134 791; x_wconf 79' lang='grc' dir='ltr'>Στήκει</span> <span class='ocrx_word' id='word_1_28' title='bbox 2166 731 2192 758; x_wconf 78' lang='grc' dir='ltr'>ι</span> <span class='ocrx_word' id='word_1_29' title='bbox 2225 720 2254 771; x_wconf 93' lang='lat'>6</span> 
     </span>
    </p>
   </div>
   <div class='ocr_carea' id='block_1_6' title="bbox 674 803 2253 874">
    <p class='ocr_par' dir='ltr' id='par_1_6' title="bbox 674 803 2253 874">
     <span class='ocr_line' id='line_1_6' title="bbox 674 803 2253 874; baseline -0.002 -16"><span class='ocrx_word' id='word_1_30' title='bbox 674 805 867 874; x_wconf 78' lang='grc' dir='ltr'>Ἀδάμ,</span> <span class='ocrx_word' id='word_1_31' title='bbox 901 807 994 858; x_wconf 77' lang='grc' dir='ltr'>καὶ</span> <span class='ocrx_word' id='word_1_32' title='bbox 1017 808 1044 858; x_wconf 91' lang='lat'>6</span> <span class='ocrx_word' id='word_1_33' title='bbox 1075 805 1207 868; x_wconf 97' lang='grc' dir='ltr'>Θεὸς</span> <span class='ocrx_word' id='word_1_34' title='bbox 1239 807 1554 874; x_wconf 79' lang='grc' dir='ltr'>προήγαγεν</span> <span class='ocrx_word' id='word_1_35' title='bbox 1588 803 1738 873; x_wconf 81' lang='grc' dir='ltr'>αὑτῷ</span> <span class='ocrx_word' id='word_1_36' title='bbox 1771 805 1839 856; x_wconf 81' lang='grc' dir='ltr'>τά</span> <span class='ocrx_word' id='word_1_37' title='bbox 1869 803 2006 867; x_wconf 79' lang='grc' dir='ltr'>ζῶα,</span> <span class='ocrx_word' id='word_1_38' title='bbox 2033 804 2127 856; x_wconf 75' lang='grc' dir='ltr'>καὶ</span> <span class='ocrx_word' id='word_1_39' title='bbox 2155 803 2253 872; x_wconf 84' lang='grc' dir='ltr'>οὐχ</span> 
     </span>
    </p>
   </div>
   <div class='ocr_carea' id='block_1_7' title="bbox 660 885 2251 961">
    <p class='ocr_par' dir='ltr' id='par_1_7' title="bbox 660 885 2251 961">
     <span class='ocr_line' id='line_1_7' title="bbox 660 885 2251 961; baseline -0.001 -22"><span class='ocrx_word' id='word_1_40' title='bbox 660 888 941 961; x_wconf 75' lang='grc' dir='ltr'>ὑϐρίζεται</span> <span class='ocrx_word' id='word_1_41' title='bbox 972 888 1267 959; x_wconf 82' lang='grc' dir='ltr'>προσάγων</span> <span class='ocrx_word' id='word_1_42' title='bbox 1302 887 1379 957; x_wconf 82' lang='grc' dir='ltr'>τῷ</span> <span class='ocrx_word' id='word_1_43' title='bbox 1424 889 1596 956; x_wconf 81' lang='grc' dir='ltr'>δούλῳ</span> <span class='ocrx_word' id='word_1_44' title='bbox 1627 888 1657 938; x_wconf 94' lang='lat'>6</span> <span class='ocrx_word' id='word_1_45' title='bbox 1689 887 1985 954; x_wconf 79' lang='grc' dir='ltr'>Δεσπότης.</span> <span class='ocrx_word' id='word_1_46' title='bbox 2016 886 2126 938; x_wconf 71' lang='grc' dir='ltr'>Καὶ</span> <span class='ocrx_word' id='word_1_47' title='bbox 2155 885 2251 939; x_wconf 81' lang='grc' dir='ltr'>ὲάν</span> 
     </span>
    </p>
   </div>
   <div class='ocr_carea' id='block_1_8' title="bbox 659 968 2251 1043">
    <p class='ocr_par' dir='ltr' id='par_1_8' title="bbox 659 968 2251 1043">
     <span class='ocr_line' id='line_1_8' title="bbox 659 968 2251 1043; baseline -0.002 -19"><span class='ocrx_word' id='word_1_48' title='bbox 659 971 968 1024; x_wconf 75' lang='grc' dir='ltr'>ἀκούσωσιν</span> <span class='ocrx_word' id='word_1_49' title='bbox 999 972 1287 1041; x_wconf 81' lang='grc' dir='ltr'>αἱρετικοὶ,</span> <span class='ocrx_word' id='word_1_50' title='bbox 1314 972 1394 1024; x_wconf 80' lang='grc' dir='ltr'>ὅτι</span> <span class='ocrx_word' id='word_1_51' title='bbox 1429 969 1663 1043; x_wconf 89' lang='grc' dir='ltr'>Χριστὸς</span> <span class='ocrx_word' id='word_1_52' title='bbox 1693 972 1842 1040; x_wconf 80' lang='grc' dir='ltr'>ἡμᾶς</span> <span class='ocrx_word' id='word_1_53' title='bbox 1876 969 2145 1040; x_wconf 85' lang='grc' dir='ltr'>προσάγει</span> <span class='ocrx_word' id='word_1_54' title='bbox 2172 968 2251 1039; x_wconf 81' lang='grc' dir='ltr'>τῷ</span> 
     </span>
    </p>
   </div>
   <div class='ocr_carea' id='block_1_9' title="bbox 657 1052 2245 1126">
    <p class='ocr_par' dir='ltr' id='par_1_9' title="bbox 657 1052 2245 1126">
     <span class='ocr_line' id='line_1_9' title="bbox 657 1052 2245 1126; baseline -0.003 -19"><span class='ocrx_word' id='word_1_55' title='bbox 657 1055 836 1126; x_wconf 78' lang='grc' dir='ltr'>Πατρὶ</span> <span class='ocrx_word' id='word_1_56' title='bbox 862 1096 877 1121; x_wconf 89' lang='grc'>,</span> <span class='ocrx_word' id='word_1_57' title='bbox 913 1055 1114 1118; x_wconf 87' lang='grc' dir='ltr'>εὑθέως</span> <span class='ocrx_word' id='word_1_58' title='bbox 1171 1054 1418 1123; x_wconf 88' lang='grc' dir='ltr'>λέγουσιν</span> <span class='ocrx_word' id='word_1_59' title='bbox 1443 1071 1456 1086; x_wconf 85' lang='grc'><strong>·</strong></span> <span class='ocrx_word' id='word_1_60' title='bbox 1497 1055 1662 1124; x_wconf 86' lang='grc' dir='ltr'>Ὀρᾷς</span> <span class='ocrx_word' id='word_1_61' title='bbox 1714 1054 1796 1106; x_wconf 85' lang='grc' dir='ltr'>ὃτι</span> <span class='ocrx_word' id='word_1_62' title='bbox 1825 1052 2009 1116; x_wconf 88' lang='grc' dir='ltr'>δοῦλός</span> <span class='ocrx_word' id='word_1_63' title='bbox 2059 1055 2245 1116; x_wconf 77' lang='grc' dir='ltr'>ὲστινς</span> 
     </span>
    </p>
   </div>
   <div class='ocr_carea' id='block_1_10' title="bbox 663 1137 2247 1208">
    <p class='ocr_par' dir='ltr' id='par_1_10' title="bbox 663 1137 2247 1208">
     <span class='ocr_line' id='line_1_10' title="bbox 663 1137 2247 1208; baseline -0.002 -17"><span class='ocrx_word' id='word_1_64' title='bbox 663 1141 914 1208; x_wconf 73' lang='grc' dir='ltr'>Ἥγαγεν</span> <span class='ocrx_word' id='word_1_65' title='bbox 955 1140 1109 1193; x_wconf 83' lang='grc' dir='ltr'>αὐτὰ</span> <span class='ocrx_word' id='word_1_66' title='bbox 1153 1138 1302 1207; x_wconf 81' lang='grc' dir='ltr'>πρὸς</span> <span class='ocrx_word' id='word_1_67' title='bbox 1344 1139 1453 1191; x_wconf 85' lang='grc' dir='ltr'>τὸν</span> <span class='ocrx_word' id='word_1_68' title='bbox 1497 1138 1688 1206; x_wconf 78' lang='grc' dir='ltr'>Ἀδάμ.</span> <span class='ocrx_word' id='word_1_69' title='bbox 1722 1139 1977 1207; x_wconf 81' lang='grc' dir='ltr'>Εἰστήκει</span> <span class='ocrx_word' id='word_1_70' title='bbox 2006 1139 2035 1188; x_wconf 88' lang='lat'>6</span> <span class='ocrx_word' id='word_1_71' title='bbox 2062 1137 2247 1200; x_wconf 87' lang='grc' dir='ltr'>δοῦλος</span> 
     </span>
    </p>
   </div>
   <div class='ocr_carea' id='block_1_11' title="bbox 659 1219 2246 1292">
    <p class='ocr_par' dir='ltr' id='par_1_11' title="bbox 659 1219 2246 1292">
     <span class='ocr_line' id='line_1_11' title="bbox 659 1219 2246 1292; baseline 0 -20"><span class='ocrx_word' id='word_1_72' title='bbox 659 1221 882 1290; x_wconf 80' lang='grc' dir='ltr'>κρίνων,</span> <span class='ocrx_word' id='word_1_73' title='bbox 917 1223 1010 1275; x_wconf 82' lang='grc' dir='ltr'>καὶ</span> <span class='ocrx_word' id='word_1_74' title='bbox 1053 1225 1082 1274; x_wconf 93' lang='lat'>6</span> <span class='ocrx_word' id='word_1_75' title='bbox 1114 1223 1390 1290; x_wconf 80' lang='grc' dir='ltr'>Δεσπότης</span> <span class='ocrx_word' id='word_1_76' title='bbox 1421 1221 1733 1292; x_wconf 78' lang='grc' dir='ltr'>προσάγων.</span> <span class='ocrx_word' id='word_1_77' title='bbox 1766 1222 1874 1272; x_wconf 78' lang='grc' dir='ltr'>Καὶ</span> <span class='ocrx_word' id='word_1_78' title='bbox 1911 1221 1940 1272; x_wconf 91' lang='lat'>6</span> <span class='ocrx_word' id='word_1_79' title='bbox 1970 1220 2102 1283; x_wconf 86' lang='grc' dir='ltr'>Θεὸς</span> <span class='ocrx_word' id='word_1_80' title='bbox 2148 1219 2246 1289; x_wconf 82' lang='grc' dir='ltr'>μὲν</span> 
     </span>
    </p>
   </div>
   <div class='ocr_carea' id='block_1_12' title="bbox 656 1302 2246 1376">
    <p class='ocr_par' dir='ltr' id='par_1_12' title="bbox 656 1302 2246 1376">
     <span class='ocr_line' id='line_1_12' title="bbox 656 1302 2246 1376; baseline 0 -21"><span class='ocrx_word' id='word_1_81' title='bbox 656 1302 735 1372; x_wconf 77' lang='grc' dir='ltr'>τῷ</span> <span class='ocrx_word' id='word_1_82' title='bbox 782 1303 954 1374; x_wconf 75' lang='grc' dir='ltr'>Ἀδὰμ</span> <span class='ocrx_word' id='word_1_83' title='bbox 987 1305 1278 1376; x_wconf 76' lang='grc' dir='ltr'>προσάγων</span> <span class='ocrx_word' id='word_1_84' title='bbox 1313 1306 1410 1376; x_wconf 83' lang='grc' dir='ltr'>οὑχ</span> <span class='ocrx_word' id='word_1_85' title='bbox 1444 1304 1697 1373; x_wconf 75' lang='grc' dir='ltr'>ὑϐρίζετο</span> <span class='ocrx_word' id='word_1_86' title='bbox 1723 1319 1735 1332; x_wconf 84' lang='grc'><strong>’</strong></span> <span class='ocrx_word' id='word_1_87' title='bbox 1787 1303 2021 1374; x_wconf 90' lang='grc' dir='ltr'>Χριστὸν</span> <span class='ocrx_word' id='word_1_88' title='bbox 2049 1304 2107 1356; x_wconf 80' lang='grc' dir='ltr'>δὲ</span> <span class='ocrx_word' id='word_1_89' title='bbox 2150 1303 2246 1356; x_wconf 78' lang='grc' dir='ltr'>ἐάν</span> 
     </span>
    </p>
   </div>
   <div class='ocr_carea' id='block_1_13' title="bbox 655 1375 2246 1461">
    <p class='ocr_par' dir='ltr' id='par_1_13' title="bbox 655 1375 2246 1461">
     <span class='ocr_line' id='line_1_13' title="bbox 655 1375 2246 1461; baseline 0.001 -23"><span class='ocrx_word' id='word_1_90' title='bbox 655 1386 930 1442; x_wconf 73' lang='grc' dir='ltr'>ἀκούσωσι</span> <span class='ocrx_word' id='word_1_91' title='bbox 961 1375 1306 1459; x_wconf 83' lang='grc' dir='ltr'>προσάγοντα</span> <span class='ocrx_word' id='word_1_92' title='bbox 1336 1375 1412 1459; x_wconf 69' lang='grc' dir='ltr'>τῷ</span> <span class='ocrx_word' id='word_1_93' title='bbox 1446 1391 1640 1461; x_wconf 71' lang='grc' dir='ltr'>Πατρὶ,</span> <span class='ocrx_word' id='word_1_94' title='bbox 1674 1393 1754 1451; x_wconf 89' lang='grc' dir='ltr'>εἰς</span> <span class='ocrx_word' id='word_1_95' title='bbox 1789 1389 2061 1460; x_wconf 81' lang='grc' dir='ltr'>ὑπηρέτου</span> <span class='ocrx_word' id='word_1_96' title='bbox 2092 1387 2246 1453; x_wconf 82' lang='grc' dir='ltr'>τάξιν</span> 
     </span>
    </p>
   </div>
   <div class='ocr_carea' id='block_1_14' title="bbox 653 1472 2244 1544">
    <p class='ocr_par' dir='ltr' id='par_1_14' title="bbox 653 1472 2244 1544">
     <span class='ocr_line' id='line_1_14' title="bbox 653 1472 2244 1544; baseline 0.001 -20"><span class='ocrx_word' id='word_1_97' title='bbox 653 1472 922 1527; x_wconf 74' lang='grc' dir='ltr'>ἕλκουσιν.</span> <span class='ocrx_word' id='word_1_98' title='bbox 969 1473 1092 1524; x_wconf 81' lang='grc' dir='ltr'>Ἐάν</span> <span class='ocrx_word' id='word_1_99' title='bbox 1117 1472 1244 1543; x_wconf 75' lang='grc' dir='ltr'>εἴπῃ</span> <span class='ocrx_word' id='word_1_100' title='bbox 1276 1474 1304 1524; x_wconf 92' lang='lat'>6</span> <span class='ocrx_word' id='word_1_101' title='bbox 1339 1474 1528 1544; x_wconf 78' lang='grc' dir='ltr'>Σωτήρ</span> <span class='ocrx_word' id='word_1_102' title='bbox 1554 1492 1566 1505; x_wconf 88' lang='grc'><strong>·</strong></span> <span class='ocrx_word' id='word_1_103' title='bbox 1604 1473 1812 1538; x_wconf 76' lang='grc' dir='ltr'>Οὐδεὶς</span> <span class='ocrx_word' id='word_1_104' title='bbox 1836 1474 2068 1540; x_wconf 75' lang='grc' dir='ltr'>ἔρχεται</span> <span class='ocrx_word' id='word_1_105' title='bbox 2094 1472 2244 1539; x_wconf 82' lang='grc' dir='ltr'>πρὸς</span> 
     </span>
    </p>
   </div>
   <div class='ocr_carea' id='block_1_15' title="bbox 652 1555 2243 1625">
    <p class='ocr_par' dir='ltr' id='par_1_15' title="bbox 652 1555 2243 1625">
     <span class='ocr_line' id='line_1_15' title="bbox 652 1555 2243 1625; baseline 0 -18"><span class='ocrx_word' id='word_1_106' title='bbox 652 1557 760 1607; x_wconf 77' lang='grc' dir='ltr'>τὸν</span> <span class='ocrx_word' id='word_1_107' title='bbox 785 1555 1017 1621; x_wconf 70' lang='grc' dir='ltr'>Πατέρα</span> <span class='ocrx_word' id='word_1_108' title='bbox 1045 1596 1059 1618; x_wconf 91' lang='grc'>,</span> <span class='ocrx_word' id='word_1_109' title='bbox 1092 1558 1144 1608; x_wconf 85' lang='grc' dir='ltr'>εί</span> <span class='ocrx_word' id='word_1_110' title='bbox 1199 1555 1280 1625; x_wconf 78' lang='grc' dir='ltr'>μὴ</span> <span class='ocrx_word' id='word_1_111' title='bbox 1315 1555 1390 1608; x_wconf 76' lang='grc' dir='ltr'>δι’</span> <span class='ocrx_word' id='word_1_112' title='bbox 1423 1556 1569 1625; x_wconf 80' lang='grc' dir='ltr'>ἐμοῦ</span> <span class='ocrx_word' id='word_1_113' title='bbox 1595 1574 1609 1588; x_wconf 70' lang='grc' dir='ltr'><strong><em>ο</em></strong></span> <span class='ocrx_word' id='word_1_114' title='bbox 1643 1556 1843 1618; x_wconf 78' lang='grc' dir='ltr'>εὐθέως</span> <span class='ocrx_word' id='word_1_115' title='bbox 1887 1557 1935 1608; x_wconf 90' lang='grc' dir='ltr'>οί</span> <span class='ocrx_word' id='word_1_116' title='bbox 1975 1556 2243 1624; x_wconf 79' lang='grc' dir='ltr'>αίρετικοὶ</span> 
     </span>
    </p>
   </div>
   <div class='ocr_carea' id='block_1_16' title="bbox 649 1633 2239 1712">
    <p class='ocr_par' dir='ltr' id='par_1_16' title="bbox 649 1633 2239 1712">
     <span class='ocr_line' id='line_1_16' title="bbox 649 1633 2239 1712; baseline 0.001 -21"><span class='ocrx_word' id='word_1_117' title='bbox 649 1639 786 1708; x_wconf 78' lang='grc' dir='ltr'>ὀρθά</span> <span class='ocrx_word' id='word_1_118' title='bbox 816 1638 882 1691; x_wconf 82' lang='grc' dir='ltr'>τά</span> <span class='ocrx_word' id='word_1_119' title='bbox 910 1633 1023 1692; x_wconf 79' lang='grc' dir='ltr'>ὦτα</span> <span class='ocrx_word' id='word_1_120' title='bbox 1061 1640 1113 1703; x_wconf 74' lang='grc' dir='ltr'>ι),</span> <span class='ocrx_word' id='word_1_121' title='bbox 1150 1641 1349 1708; x_wconf 81' lang='grc' dir='ltr'>μᾶλλον</span> <span class='ocrx_word' id='word_1_122' title='bbox 1386 1641 1442 1693; x_wconf 86' lang='grc' dir='ltr'>δὲ</span> <span class='ocrx_word' id='word_1_123' title='bbox 1471 1641 1819 1712; x_wconf 53' lang='grc' dir='ltr'>στρεϐλάῖΐῷ</span> <span class='ocrx_word' id='word_1_124' title='bbox 1862 1640 2033 1706; x_wconf 76' lang='grc' dir='ltr'>Ἀδάμ</span> <span class='ocrx_word' id='word_1_125' title='bbox 2070 1657 2239 1710; x_wconf 86' lang='grc' dir='ltr'>προσ-</span> 
     </span>
    </p>
   </div>
   <div class='ocr_carea' id='block_1_17' title="bbox 650 1723 2243 1795">
    <p class='ocr_par' dir='ltr' id='par_1_17' title="bbox 650 1723 2243 1795">
     <span class='ocr_line' id='line_1_17' title="bbox 650 1723 2243 1795; baseline 0 -19"><span class='ocrx_word' id='word_1_126' title='bbox 650 1725 801 1791; x_wconf 84' lang='grc' dir='ltr'>άγων</span> <span class='ocrx_word' id='word_1_127' title='bbox 829 1726 860 1776; x_wconf 89' lang='lat'>6</span> <span class='ocrx_word' id='word_1_128' title='bbox 883 1723 1014 1787; x_wconf 85' lang='grc' dir='ltr'>Θεὸς</span> <span class='ocrx_word' id='word_1_129' title='bbox 1044 1724 1110 1776; x_wconf 75' lang='grc' dir='ltr'>τά</span> <span class='ocrx_word' id='word_1_130' title='bbox 1133 1723 1269 1787; x_wconf 75' lang='grc' dir='ltr'>ζῶα,</span> <span class='ocrx_word' id='word_1_131' title='bbox 1294 1725 1394 1777; x_wconf 81' lang='grc' dir='ltr'>οὑκ</span> <span class='ocrx_word' id='word_1_132' title='bbox 1425 1724 1572 1778; x_wconf 83' lang='grc' dir='ltr'>ἔστιν</span> <span class='ocrx_word' id='word_1_133' title='bbox 1602 1723 1765 1776; x_wconf 83' lang='grc' dir='ltr'>αὑτοῦ</span> <span class='ocrx_word' id='word_1_134' title='bbox 1799 1723 2080 1795; x_wconf 79' lang='grc' dir='ltr'>ὑπηρέτης</span> <span class='ocrx_word' id='word_1_135' title='bbox 2102 1740 2115 1753; x_wconf 80' lang='grc'><em>’</em></span> <span class='ocrx_word' id='word_1_136' title='bbox 2148 1724 2243 1777; x_wconf 81' lang='grc' dir='ltr'>ἀν-</span> 
     </span>
    </p>
   </div>
   <div class='ocr_carea' id='block_1_18' title="bbox 649 1807 2240 1879">
    <p class='ocr_par' dir='ltr' id='par_1_18' title="bbox 649 1807 2240 1879">
     <span class='ocr_line' id='line_1_18' title="bbox 649 1807 2240 1879; baseline 0 -20"><span class='ocrx_word' id='word_1_137' title='bbox 649 1807 868 1876; x_wconf 85' lang='grc' dir='ltr'>θρωπον</span> <span class='ocrx_word' id='word_1_138' title='bbox 899 1807 1030 1870; x_wconf 89' lang='grc' dir='ltr'>Θεὸς</span> <span class='ocrx_word' id='word_1_139' title='bbox 1060 1807 1180 1877; x_wconf 88' lang='grc' dir='ltr'>Θεῷ</span> <span class='ocrx_word' id='word_1_140' title='bbox 1219 1808 1314 1860; x_wconf 77' lang='grc' dir='ltr'>ἐὰν</span> <span class='ocrx_word' id='word_1_141' title='bbox 1366 1810 1692 1879; x_wconf 70' lang='grc' dir='ltr'>προσαγάγῃ</span> <span class='ocrx_word' id='word_1_142' title='bbox 1715 1849 1728 1870; x_wconf 95' lang='grc'>,</span> <span class='ocrx_word' id='word_1_143' title='bbox 1765 1809 2039 1879; x_wconf 78' lang='grc' dir='ltr'>ὑπηρέτου</span> <span class='ocrx_word' id='word_1_144' title='bbox 2087 1807 2240 1872; x_wconf 83' lang='grc' dir='ltr'>τάξιν</span> 
     </span>
    </p>
   </div>
   <div class='ocr_carea' id='block_1_19' title="bbox 647 1889 2239 1964">
    <p class='ocr_par' dir='ltr' id='par_1_19' title="bbox 647 1889 2239 1964">
     <span class='ocr_line' id='line_1_19' title="bbox 647 1889 2239 1964; baseline 0.001 -22"><span class='ocrx_word' id='word_1_145' title='bbox 647 1891 758 1960; x_wconf 82' lang='grc' dir='ltr'>ἔχει</span> <span class='ocrx_word' id='word_1_146' title='bbox 783 1910 796 1954; x_wconf 87' lang='grc'>;</span> <span class='ocrx_word' id='word_1_147' title='bbox 832 1892 950 1943; x_wconf 88' lang='grc' dir='ltr'>’Ίνα</span> <span class='ocrx_word' id='word_1_148' title='bbox 991 1889 1046 1942; x_wconf 80' lang='grc' dir='ltr'>δὲ</span> <span class='ocrx_word' id='word_1_149' title='bbox 1075 1891 1149 1960; x_wconf 80' lang='grc' dir='ltr'>μὴ</span> <span class='ocrx_word' id='word_1_150' title='bbox 1179 1889 1354 1964; x_wconf 67' lang='grc' dir='ltr'>θρέψῃ</span> <span class='ocrx_word' id='word_1_151' title='bbox 1399 1909 1492 1944; x_wconf 91' lang='grc' dir='ltr'>σου</span> <span class='ocrx_word' id='word_1_152' title='bbox 1523 1893 1622 1964; x_wconf 79' lang='grc' dir='ltr'>τὴν</span> <span class='ocrx_word' id='word_1_153' title='bbox 1653 1892 1808 1944; x_wconf 81' lang='grc' dir='ltr'>νόσον</span> <span class='ocrx_word' id='word_1_154' title='bbox 1839 1894 1873 1962; x_wconf 78' lang='grc' dir='ltr'>ἡ</span> <span class='ocrx_word' id='word_1_155' title='bbox 1906 1895 2096 1960; x_wconf 83' lang='grc' dir='ltr'>ἄγνοια</span> <span class='ocrx_word' id='word_1_156' title='bbox 2132 1892 2239 1945; x_wconf 90' lang='grc' dir='ltr'>τῶν</span> 
     </span>
    </p>
   </div>
   <div class='ocr_carea' id='block_1_20' title="bbox 645 1969 2234 2046">
    <p class='ocr_par' dir='ltr' id='par_1_20' title="bbox 645 1969 2234 2046">
     <span class='ocr_line' id='line_1_20' title="bbox 645 1969 2234 2046; baseline 0.001 -22"><span class='ocrx_word' id='word_1_157' title='bbox 645 1973 851 2040; x_wconf 80' lang='grc' dir='ltr'>λόγων·</span> <span class='ocrx_word' id='word_1_158' title='bbox 913 1973 1023 2040; x_wconf 75' lang='grc' dir='ltr'>ἐγὼ</span> <span class='ocrx_word' id='word_1_159' title='bbox 1071 1969 1190 2025; x_wconf 83' lang='grc' dir='ltr'>οἶδα</span> <span class='ocrx_word' id='word_1_160' title='bbox 1233 1976 1328 2026; x_wconf 76' lang='grc' dir='ltr'>καὶ</span> <span class='ocrx_word' id='word_1_161' title='bbox 1373 1975 1496 2027; x_wconf 84' lang='grc' dir='ltr'>Υἱὸν</span> <span class='ocrx_word' id='word_1_162' title='bbox 1534 1976 1880 2044; x_wconf 86' lang='grc' dir='ltr'>προσάγοντα</span> <span class='ocrx_word' id='word_1_163' title='bbox 1913 1974 1988 2044; x_wconf 82' lang='grc' dir='ltr'>τῷ</span> <span class='ocrx_word' id='word_1_164' title='bbox 2039 1975 2234 2046; x_wconf 82' lang='grc' dir='ltr'>Πατρὶ,</span> 
     </span>
    </p>
   </div>
   <div class='ocr_carea' id='block_1_21' title="bbox 645 2056 2238 2126">
    <p class='ocr_par' dir='ltr' id='par_1_21' title="bbox 645 2056 2238 2126">
     <span class='ocr_line' id='line_1_21' title="bbox 645 2056 2238 2126; baseline 0.001 -20"><span class='ocrx_word' id='word_1_165' title='bbox 645 2057 742 2108; x_wconf 70' lang='grc' dir='ltr'>καὶ</span> <span class='ocrx_word' id='word_1_166' title='bbox 766 2057 856 2108; x_wconf 90' lang='grc' dir='ltr'>τὸν</span> <span class='ocrx_word' id='word_1_167' title='bbox 879 2056 1099 2124; x_wconf 84' lang='grc' dir='ltr'>Πατέρα</span> <span class='ocrx_word' id='word_1_168' title='bbox 1124 2057 1202 2126; x_wconf 82' lang='grc' dir='ltr'>τῷ</span> <span class='ocrx_word' id='word_1_169' title='bbox 1235 2057 1368 2124; x_wconf 82' lang='grc' dir='ltr'>Υἱῴ.</span> <span class='ocrx_word' id='word_1_170' title='bbox 1402 2057 1503 2110; x_wconf 71' lang='grc' dir='ltr'>Καὶ</span> <span class='ocrx_word' id='word_1_171' title='bbox 1527 2059 1636 2126; x_wconf 82' lang='grc' dir='ltr'>γὰρ</span> <span class='ocrx_word' id='word_1_172' title='bbox 1657 2057 1826 2110; x_wconf 83' lang='grc' dir='ltr'>εἰπών</span> <span class='ocrx_word' id='word_1_173' title='bbox 1846 2075 1858 2087; x_wconf 73' lang='grc' dir='ltr'><strong><em>ο</em></strong></span> <span class='ocrx_word' id='word_1_174' title='bbox 1904 2057 2116 2123; x_wconf 80' lang='grc' dir='ltr'>υὺὸεὶς</span> <span class='ocrx_word' id='word_1_175' title='bbox 2145 2058 2238 2124; x_wconf 81' lang='grc' dir='ltr'>ἕρ-</span> 
     </span>
    </p>
   </div>
   <div class='ocr_carea' id='block_1_22' title="bbox 643 2140 2236 2211">
    <p class='ocr_par' dir='ltr' id='par_1_22' title="bbox 643 2140 2236 2211">
     <span class='ocr_line' id='line_1_22' title="bbox 643 2140 2236 2211; baseline 0.001 -19"><span class='ocrx_word' id='word_1_176' title='bbox 643 2157 812 2208; x_wconf 83' lang='grc' dir='ltr'>χεται</span> <span class='ocrx_word' id='word_1_177' title='bbox 846 2141 999 2206; x_wconf 75' lang='grc' dir='ltr'>πρὸς</span> <span class='ocrx_word' id='word_1_178' title='bbox 1026 2140 1132 2193; x_wconf 83' lang='grc' dir='ltr'>τὸν</span> <span class='ocrx_word' id='word_1_179' title='bbox 1164 2140 1396 2207; x_wconf 82' lang='grc' dir='ltr'>Πατέρα</span> <span class='ocrx_word' id='word_1_180' title='bbox 1418 2181 1431 2202; x_wconf 95' lang='grc'>,</span> <span class='ocrx_word' id='word_1_181' title='bbox 1464 2144 1516 2194; x_wconf 89' lang='grc' dir='ltr'>εὶ</span> <span class='ocrx_word' id='word_1_182' title='bbox 1537 2142 1622 2210; x_wconf 74' lang='grc' dir='ltr'>μὴ</span> <span class='ocrx_word' id='word_1_183' title='bbox 1657 2141 1730 2194; x_wconf 81' lang='grc' dir='ltr'>δι’</span> <span class='ocrx_word' id='word_1_184' title='bbox 1765 2143 1912 2211; x_wconf 77' lang='grc' dir='ltr'>ἐμοῦ</span> <span class='ocrx_word' id='word_1_185' title='bbox 1944 2158 1959 2171; x_wconf 82' lang='grc'>⁶</span> <span class='ocrx_word' id='word_1_186' title='bbox 2003 2145 2031 2195; x_wconf 94' lang='lat'>6</span> <span class='ocrx_word' id='word_1_187' title='bbox 2072 2142 2236 2205; x_wconf 88' lang='grc' dir='ltr'>αὑτὸς</span> 
     </span>
    </p>
   </div>
   <div class='ocr_carea' id='block_1_23' title="bbox 643 2224 2236 2294">
    <p class='ocr_par' dir='ltr' id='par_1_23' title="bbox 643 2224 2236 2294">
     <span class='ocr_line' id='line_1_23' title="bbox 643 2224 2236 2294; baseline 0 -18"><span class='ocrx_word' id='word_1_188' title='bbox 643 2225 836 2276; x_wconf 87' lang='grc' dir='ltr'>πάλιν·</span> <span class='ocrx_word' id='word_1_189' title='bbox 873 2224 1082 2290; x_wconf 73' lang='grc' dir='ltr'>Οὐδεὶς</span> <span class='ocrx_word' id='word_1_190' title='bbox 1137 2226 1370 2292; x_wconf 78' lang='grc' dir='ltr'>ἔρχεται</span> <span class='ocrx_word' id='word_1_191' title='bbox 1405 2227 1556 2291; x_wconf 82' lang='grc' dir='ltr'>πρός</span> <span class='ocrx_word' id='word_1_192' title='bbox 1582 2242 1692 2292; x_wconf 85' lang='grc' dir='ltr'>με,</span> <span class='ocrx_word' id='word_1_193' title='bbox 1733 2229 1786 2278; x_wconf 86' lang='grc' dir='ltr'>εὶ</span> <span class='ocrx_word' id='word_1_194' title='bbox 1832 2226 1919 2294; x_wconf 80' lang='grc' dir='ltr'>μὴ</span> <span class='ocrx_word' id='word_1_195' title='bbox 1954 2229 1987 2280; x_wconf 86' lang='grc' dir='ltr'>ό</span> <span class='ocrx_word' id='word_1_196' title='bbox 2032 2226 2236 2293; x_wconf 66' lang='grc' dir='ltr'>Πατήρ</span> 
     </span>
    </p>
   </div>
   <div class='ocr_carea' id='block_1_24' title="bbox 635 2307 2236 2379">
    <p class='ocr_par' dir='ltr' id='par_1_24' title="bbox 635 2307 2236 2379">
     <span class='ocr_line' id='line_1_24' title="bbox 635 2307 2236 2379; baseline -0.001 -18"><span class='ocrx_word' id='word_1_197' title='bbox 635 2326 757 2377; x_wconf 75' lang='grc' dir='ltr'>μου</span> <span class='ocrx_word' id='word_1_198' title='bbox 791 2311 826 2362; x_wconf 85' lang='grc' dir='ltr'><em>ὀ</em></span> <span class='ocrx_word' id='word_1_199' title='bbox 864 2307 1144 2374; x_wconf 85' lang='grc' dir='ltr'>οὐράνιος</span> <span class='ocrx_word' id='word_1_200' title='bbox 1172 2309 1407 2374; x_wconf 70' lang='grc' dir='ltr'>ἐλκύσῃ</span> <span class='ocrx_word' id='word_1_201' title='bbox 1441 2309 1649 2363; x_wconf 81' lang='grc' dir='ltr'>αὐτόν.</span> <span class='ocrx_word' id='word_1_202' title='bbox 1696 2308 1856 2373; x_wconf 81' lang='grc' dir='ltr'>Ἀλλ’,</span> <span class='ocrx_word' id='word_1_203' title='bbox 1893 2312 2030 2379; x_wconf 84' lang='grc' dir='ltr'>ὅπερ</span> <span class='ocrx_word' id='word_1_204' title='bbox 2064 2309 2236 2379; x_wconf 72' lang='grc' dir='ltr'>ἔφθην</span> 
     </span>
    </p>
   </div>
   <div class='ocr_carea' id='block_1_25' title="bbox 641 2386 2234 2464">
    <p class='ocr_par' dir='ltr' id='par_1_25' title="bbox 641 2386 2234 2464">
     <span class='ocr_line' id='line_1_25' title="bbox 641 2386 2234 2464; baseline 0.001 -20"><span class='ocrx_word' id='word_1_205' title='bbox 641 2391 833 2454; x_wconf 88' lang='grc' dir='ltr'>εἰπὼν,</span> <span class='ocrx_word' id='word_1_206' title='bbox 863 2386 980 2444; x_wconf 76' lang='grc' dir='ltr'>οῖδα</span> <span class='ocrx_word' id='word_1_207' title='bbox 1006 2389 1354 2460; x_wconf 87' lang='grc' dir='ltr'>προειρηκὼς</span> <span class='ocrx_word' id='word_1_208' title='bbox 1373 2431 1388 2454; x_wconf 93' lang='grc'>,</span> <span class='ocrx_word' id='word_1_209' title='bbox 1421 2391 1554 2443; x_wconf 76' lang='grc' dir='ltr'>ἀλλὰ</span> <span class='ocrx_word' id='word_1_210' title='bbox 1597 2394 1855 2460; x_wconf 85' lang='grc' dir='ltr'>συγγενὲς</span> <span class='ocrx_word' id='word_1_211' title='bbox 1883 2397 1947 2464; x_wconf 79' lang='grc' dir='ltr'>τῇ</span> <span class='ocrx_word' id='word_1_212' title='bbox 1979 2394 2234 2447; x_wconf 81' lang='grc' dir='ltr'>ὑποθέσει</span> 
     </span>
    </p>
   </div>
   <div class='ocr_carea' id='block_1_26' title="bbox 639 2473 2233 2546">
    <p class='ocr_par' dir='ltr' id='par_1_26' title="bbox 639 2473 2233 2546">
     <span class='ocr_line' id='line_1_26' title="bbox 639 2473 2233 2546; baseline 0.001 -18"><span class='ocrx_word' id='word_1_213' title='bbox 639 2476 702 2528; x_wconf 85' lang='grc' dir='ltr'>τὸ</span> <span class='ocrx_word' id='word_1_214' title='bbox 740 2474 930 2544; x_wconf 77' lang='grc' dir='ltr'>ῥῆμα·</span> <span class='ocrx_word' id='word_1_215' title='bbox 964 2473 1251 2544; x_wconf 87' lang='grc' dir='ltr'>συμϐαίνει</span> <span class='ocrx_word' id='word_1_216' title='bbox 1285 2474 1341 2526; x_wconf 83' lang='grc' dir='ltr'>δὲ</span> <span class='ocrx_word' id='word_1_217' title='bbox 1371 2475 1490 2526; x_wconf 84' lang='grc' dir='ltr'>τότε</span> <span class='ocrx_word' id='word_1_218' title='bbox 1529 2476 1604 2545; x_wconf 81' lang='grc' dir='ltr'>μὴ</span> <span class='ocrx_word' id='word_1_219' title='bbox 1649 2476 1976 2546; x_wconf 82' lang='grc' dir='ltr'>άκηκοέναι’</span> <span class='ocrx_word' id='word_1_220' title='bbox 2017 2478 2111 2530; x_wconf 74' lang='grc' dir='ltr'>καὶ</span> <span class='ocrx_word' id='word_1_221' title='bbox 2137 2477 2233 2531; x_wconf 89' lang='grc' dir='ltr'>νῦν</span> 
     </span>
    </p>
   </div>
   <div class='ocr_carea' id='block_1_27' title="bbox 639 2556 2228 2630">
    <p class='ocr_par' dir='ltr' id='par_1_27' title="bbox 639 2556 2228 2630">
     <span class='ocr_line' id='line_1_27' title="bbox 639 2556 2228 2630; baseline 0.003 -20"><span class='ocrx_word' id='word_1_222' title='bbox 639 2559 800 2626; x_wconf 88' lang='grc' dir='ltr'>λέγω.</span> <span class='ocrx_word' id='word_1_223' title='bbox 848 2557 1129 2626; x_wconf 79' lang='grc' dir='ltr'>Ἐννόησον</span> <span class='ocrx_word' id='word_1_224' title='bbox 1174 2557 1315 2608; x_wconf 84' lang='grc' dir='ltr'>πόσα</span> <span class='ocrx_word' id='word_1_225' title='bbox 1362 2558 1480 2609; x_wconf 72' lang='grc' dir='ltr'>ἐστὶ</span> <span class='ocrx_word' id='word_1_226' title='bbox 1529 2558 1598 2610; x_wconf 75' lang='grc' dir='ltr'>τά</span> <span class='ocrx_word' id='word_1_227' title='bbox 1653 2556 1806 2629; x_wconf 74' lang='grc'><strong>[491]</strong></span> <span class='ocrx_word' id='word_1_228' title='bbox 1875 2561 2183 2630; x_wconf 87' lang='grc' dir='ltr'>τετράποδα</span> <span class='ocrx_word' id='word_1_229' title='bbox 2214 2577 2228 2592; x_wconf 93' lang='grc'>·</span> 
     </span>
    </p>
   </div>
   <div class='ocr_carea' id='block_1_28' title="bbox 637 2640 2231 2713">
    <p class='ocr_par' dir='ltr' id='par_1_28' title="bbox 637 2640 2231 2713">
     <span class='ocr_line' id='line_1_28' title="bbox 637 2640 2231 2713; baseline 0.001 -19"><span class='ocrx_word' id='word_1_230' title='bbox 637 2643 752 2694; x_wconf 76' lang='grc' dir='ltr'>ἀλλ’</span> <span class='ocrx_word' id='word_1_231' title='bbox 777 2641 1028 2710; x_wconf 81' lang='grc' dir='ltr'>ἐννόησον</span> <span class='ocrx_word' id='word_1_232' title='bbox 1065 2640 1134 2692; x_wconf 78' lang='grc' dir='ltr'>τὰ</span> <span class='ocrx_word' id='word_1_233' title='bbox 1161 2641 1344 2710; x_wconf 80' lang='grc' dir='ltr'>ἥμερα</span> <span class='ocrx_word' id='word_1_234' title='bbox 1366 2680 1381 2702; x_wconf 98' lang='grc'>,</span> <span class='ocrx_word' id='word_1_235' title='bbox 1416 2640 1485 2692; x_wconf 70' lang='grc' dir='ltr'>τά</span> <span class='ocrx_word' id='word_1_236' title='bbox 1525 2642 1691 2710; x_wconf 80' lang='grc' dir='ltr'>ἄγρια</span> <span class='ocrx_word' id='word_1_237' title='bbox 1717 2683 1729 2704; x_wconf 93' lang='grc'>,</span> <span class='ocrx_word' id='word_1_238' title='bbox 1763 2642 1830 2693; x_wconf 83' lang='grc' dir='ltr'>τά</span> <span class='ocrx_word' id='word_1_239' title='bbox 1858 2643 1914 2694; x_wconf 81' lang='grc' dir='ltr'>ὲν</span> <span class='ocrx_word' id='word_1_240' title='bbox 1942 2642 2092 2713; x_wconf 78' lang='grc' dir='ltr'>ὄρεσι</span> <span class='ocrx_word' id='word_1_241' title='bbox 2115 2684 2128 2706; x_wconf 94' lang='grc'>,</span> <span class='ocrx_word' id='word_1_242' title='bbox 2163 2643 2231 2696; x_wconf 78' lang='grc' dir='ltr'>τά</span> 
     </span>
    </p>
   </div>
   <div class='ocr_carea' id='block_1_29' title="bbox 637 2723 2230 2796">
    <p class='ocr_par' dir='ltr' id='par_1_29' title="bbox 637 2723 2230 2796">
     <span class='ocr_line' id='line_1_29' title="bbox 637 2723 2230 2796; baseline 0.001 -18"><span class='ocrx_word' id='word_1_243' title='bbox 637 2728 696 2778; x_wconf 83' lang='grc' dir='ltr'>ἐν</span> <span class='ocrx_word' id='word_1_244' title='bbox 727 2725 929 2786; x_wconf 83' lang='grc' dir='ltr'>πεδίοις</span> <span class='ocrx_word' id='word_1_245' title='bbox 953 2767 965 2785; x_wconf 91' lang='grc'>,</span> <span class='ocrx_word' id='word_1_246' title='bbox 987 2725 1054 2776; x_wconf 74' lang='grc' dir='ltr'>τά</span> <span class='ocrx_word' id='word_1_247' title='bbox 1082 2725 1139 2775; x_wconf 79' lang='grc' dir='ltr'>ὲν</span> <span class='ocrx_word' id='word_1_248' title='bbox 1171 2723 1425 2786; x_wconf 88' lang='grc' dir='ltr'>Γαλλίαις</span> <span class='ocrx_word' id='word_1_249' title='bbox 1451 2764 1465 2787; x_wconf 94' lang='grc'>,</span> <span class='ocrx_word' id='word_1_250' title='bbox 1497 2724 1564 2777; x_wconf 76' lang='grc' dir='ltr'>τὰ</span> <span class='ocrx_word' id='word_1_251' title='bbox 1598 2726 1655 2777; x_wconf 84' lang='grc' dir='ltr'>έν</span> <span class='ocrx_word' id='word_1_252' title='bbox 1691 2725 1847 2796; x_wconf 77' lang='grc' dir='ltr'>Ἰνδίᾳ</span> <span class='ocrx_word' id='word_1_253' title='bbox 1868 2766 1882 2785; x_wconf 93' lang='grc'>,</span> <span class='ocrx_word' id='word_1_254' title='bbox 1907 2727 1974 2779; x_wconf 86' lang='grc' dir='ltr'>τὰ</span> <span class='ocrx_word' id='word_1_255' title='bbox 2001 2730 2057 2779; x_wconf 85' lang='grc' dir='ltr'>ὲν</span> <span class='ocrx_word' id='word_1_256' title='bbox 2089 2729 2230 2791; x_wconf 74' lang='grc' dir='ltr'>ὅλοις</span> 
     </span>
    </p>
   </div>
   <div class='ocr_carea' id='block_1_30' title="bbox 633 2807 2224 2880">
    <p class='ocr_par' dir='ltr' id='par_1_30' title="bbox 633 2807 2224 2880">
     <span class='ocr_line' id='line_1_30' title="bbox 633 2807 2224 2880; baseline -0.002 -20"><span class='ocrx_word' id='word_1_257' title='bbox 633 2812 747 2871; x_wconf 90' lang='grc' dir='ltr'>τοῖς</span> <span class='ocrx_word' id='word_1_258' title='bbox 773 2809 999 2878; x_wconf 88' lang='grc' dir='ltr'>κλίμασι</span> <span class='ocrx_word' id='word_1_259' title='bbox 1026 2808 1125 2876; x_wconf 75' lang='grc' dir='ltr'>τῆς</span> <span class='ocrx_word' id='word_1_260' title='bbox 1148 2807 1469 2875; x_wconf 81' lang='grc' dir='ltr'>οἰκουμένης</span> <span class='ocrx_word' id='word_1_261' title='bbox 1490 2822 1503 2833; x_wconf 93' lang='grc'><strong>·</strong></span> <span class='ocrx_word' id='word_1_262' title='bbox 1537 2808 1696 2860; x_wconf 87' lang='grc' dir='ltr'>πάλιν</span> <span class='ocrx_word' id='word_1_263' title='bbox 1719 2809 1946 2877; x_wconf 72' lang='grc' dir='ltr'>ἑρπετά,</span> <span class='ocrx_word' id='word_1_264' title='bbox 1977 2811 2042 2861; x_wconf 77' lang='grc' dir='ltr'>τά</span> <span class='ocrx_word' id='word_1_265' title='bbox 2071 2812 2224 2880; x_wconf 79' lang='grc' dir='ltr'>γένη,</span> 
     </span>
    </p>
   </div>
   <div class='ocr_carea' id='block_1_31' title="bbox 632 2889 2229 2960">
    <p class='ocr_par' dir='ltr' id='par_1_31' title="bbox 632 2889 2229 2960">
     <span class='ocr_line' id='line_1_31' title="bbox 632 2889 2229 2960; baseline 0.001 -17"><span class='ocrx_word' id='word_1_266' title='bbox 632 2891 704 2943; x_wconf 75' lang='grc' dir='ltr'>τὰ</span> <span class='ocrx_word' id='word_1_267' title='bbox 733 2891 846 2960; x_wconf 80' lang='grc' dir='ltr'>εῖδη</span> <span class='ocrx_word' id='word_1_268' title='bbox 874 2931 888 2951; x_wconf 91' lang='grc'>,</span> <span class='ocrx_word' id='word_1_269' title='bbox 922 2891 989 2942; x_wconf 77' lang='grc' dir='ltr'>τά</span> <span class='ocrx_word' id='word_1_270' title='bbox 1029 2889 1252 2942; x_wconf 87' lang='grc' dir='ltr'>πετεινά</span> <span class='ocrx_word' id='word_1_271' title='bbox 1287 2889 1383 2942; x_wconf 82' lang='grc' dir='ltr'>ὅλα</span> <span class='ocrx_word' id='word_1_272' title='bbox 1409 2931 1423 2953; x_wconf 91' lang='grc'>,</span> <span class='ocrx_word' id='word_1_273' title='bbox 1459 2890 1527 2942; x_wconf 74' lang='grc' dir='ltr'>τά</span> <span class='ocrx_word' id='word_1_274' title='bbox 1559 2891 1733 2960; x_wconf 89' lang='grc' dir='ltr'>νηκτά</span> <span class='ocrx_word' id='word_1_275' title='bbox 1758 2907 1771 2920; x_wconf 88' lang='grc'><strong>·</strong></span> <span class='ocrx_word' id='word_1_276' title='bbox 1805 2891 1901 2942; x_wconf 79' lang='grc' dir='ltr'>ὅλα</span> <span class='ocrx_word' id='word_1_277' title='bbox 1938 2891 2005 2943; x_wconf 77' lang='grc' dir='ltr'>τὰ</span> <span class='ocrx_word' id='word_1_278' title='bbox 2038 2894 2094 2943; x_wconf 76' lang='grc' dir='ltr'>ἐν</span> <span class='ocrx_word' id='word_1_279' title='bbox 2135 2893 2229 2946; x_wconf 73' lang='grc' dir='ltr'>θαι</span> 
     </span>
    </p>
   </div>
   <div class='ocr_carea' id='block_1_32' title="bbox 633 2971 2227 3043">
    <p class='ocr_par' dir='ltr' id='par_1_32' title="bbox 633 2971 2227 3043">
     <span class='ocr_line' id='line_1_32' title="bbox 633 2971 2227 3043; baseline 0.002 -18"><span class='ocrx_word' id='word_1_280' title='bbox 633 2975 840 3043; x_wconf 78' lang='grc' dir='ltr'>λάσση,</span> <span class='ocrx_word' id='word_1_281' title='bbox 893 2973 962 3026; x_wconf 74' lang='grc' dir='ltr'>τὰ</span> <span class='ocrx_word' id='word_1_282' title='bbox 1015 2974 1072 3025; x_wconf 80' lang='grc' dir='ltr'>ὲν</span> <span class='ocrx_word' id='word_1_283' title='bbox 1116 2971 1334 3040; x_wconf 89' lang='grc' dir='ltr'>λίμναις</span> <span class='ocrx_word' id='word_1_284' title='bbox 1356 3013 1370 3034; x_wconf 93' lang='grc'>,</span> <span class='ocrx_word' id='word_1_285' title='bbox 1403 2973 1469 3024; x_wconf 73' lang='grc' dir='ltr'>τὰ</span> <span class='ocrx_word' id='word_1_286' title='bbox 1503 2974 1560 3024; x_wconf 82' lang='grc' dir='ltr'>ὲν</span> <span class='ocrx_word' id='word_1_287' title='bbox 1592 2976 1855 3042; x_wconf 85' lang='grc' dir='ltr'>ποταμοῖς</span> <span class='ocrx_word' id='word_1_288' title='bbox 1877 2989 1890 3001; x_wconf 89' lang='grc'><strong>·</strong></span> <span class='ocrx_word' id='word_1_289' title='bbox 1923 2975 2021 3026; x_wconf 83' lang='grc' dir='ltr'>ὅλα</span> <span class='ocrx_word' id='word_1_290' title='bbox 2054 2976 2227 3028; x_wconf 90' lang='grc' dir='ltr'>ταῦτα</span> 
     </span>
    </p>
   </div>
   <div class='ocr_carea' id='block_1_33' title="bbox 635 3054 2227 3126">
    <p class='ocr_par' dir='ltr' id='par_1_33' title="bbox 635 3054 2227 3126">
     <span class='ocr_line' id='line_1_33' title="bbox 635 3054 2227 3126; baseline 0.003 -20"><span class='ocrx_word' id='word_1_291' title='bbox 635 3057 1010 3125; x_wconf 79' lang='grc' dir='ltr'>παρηγάγετο,</span> <span class='ocrx_word' id='word_1_292' title='bbox 1047 3055 1142 3107; x_wconf 68' lang='grc' dir='ltr'>καὶ</span> <span class='ocrx_word' id='word_1_293' title='bbox 1172 3054 1388 3123; x_wconf 75' lang='grc' dir='ltr'>ἑκάστῳ</span> <span class='ocrx_word' id='word_1_294' title='bbox 1421 3054 1590 3123; x_wconf 81' lang='grc' dir='ltr'>ὸνομα</span> <span class='ocrx_word' id='word_1_295' title='bbox 1621 3056 1788 3108; x_wconf 88' lang='grc' dir='ltr'>ὲτίοει</span> <span class='ocrx_word' id='word_1_296' title='bbox 1821 3058 1849 3107; x_wconf 89' lang='grc' dir='ltr'>ὁ</span> <span class='ocrx_word' id='word_1_297' title='bbox 1892 3057 2064 3126; x_wconf 80' lang='grc' dir='ltr'>Ἀδάμ</span> <span class='ocrx_word' id='word_1_298' title='bbox 2084 3073 2097 3088; x_wconf 80' lang='grc'><strong><em>⁸</em></strong></span> <span class='ocrx_word' id='word_1_299' title='bbox 2132 3060 2227 3112; x_wconf 76' lang='grc' dir='ltr'>καὶ</span> 
     </span>
    </p>
   </div>
   <div class='ocr_carea' id='block_1_34' title="bbox 635 3137 2226 3210">
    <p class='ocr_par' dir='ltr' id='par_1_34' title="bbox 635 3137 2226 3210">
     <span class='ocr_line' id='line_1_34' title="bbox 635 3137 2226 3210; baseline 0.003 -19"><span class='ocrx_word' id='word_1_300' title='bbox 635 3142 664 3191; x_wconf 97' lang='lat'>6</span> <span class='ocrx_word' id='word_1_301' title='bbox 703 3140 834 3202; x_wconf 84' lang='grc' dir='ltr'>Θεὸς</span> <span class='ocrx_word' id='word_1_302' title='bbox 863 3141 962 3191; x_wconf 87' lang='grc' dir='ltr'>ούκ</span> <span class='ocrx_word' id='word_1_303' title='bbox 1000 3140 1250 3192; x_wconf 84' lang='grc' dir='ltr'>ἀντεῖπεν</span> <span class='ocrx_word' id='word_1_304' title='bbox 1276 3178 1288 3201; x_wconf 93' lang='grc'>,</span> <span class='ocrx_word' id='word_1_305' title='bbox 1331 3137 1444 3191; x_wconf 78' lang='grc' dir='ltr'>ἀλλ’</span> <span class='ocrx_word' id='word_1_306' title='bbox 1472 3140 1766 3209; x_wconf 78' lang='grc' dir='ltr'>ἐνέμεινεν.</span> <span class='ocrx_word' id='word_1_307' title='bbox 1793 3141 2067 3210; x_wconf 81' lang='grc' dir='ltr'>Μυριάδες</span> <span class='ocrx_word' id='word_1_308' title='bbox 2110 3143 2226 3196; x_wconf 80' lang='grc' dir='ltr'>ὀνο-</span> 
     </span>
    </p>
   </div>
   <div class='ocr_carea' id='block_1_35' title="bbox 635 3221 2225 3293">
    <p class='ocr_par' dir='ltr' id='par_1_35' title="bbox 635 3221 2225 3293">
     <span class='ocr_line' id='line_1_35' title="bbox 635 3221 2225 3293; baseline 0.002 -18"><span class='ocrx_word' id='word_1_309' title='bbox 635 3224 842 3293; x_wconf 82' lang='grc' dir='ltr'>μάτων,</span> <span class='ocrx_word' id='word_1_310' title='bbox 876 3223 971 3274; x_wconf 80' lang='grc' dir='ltr'>καὶ</span> <span class='ocrx_word' id='word_1_311' title='bbox 1003 3224 1206 3291; x_wconf 86' lang='grc' dir='ltr'>στοιχεῖ</span> <span class='ocrx_word' id='word_1_312' title='bbox 1235 3231 1260 3270; x_wconf 74' lang='lat' dir='ltr'><em>c.</em></span> <span class='ocrx_word' id='word_1_313' title='bbox 1299 3223 1326 3273; x_wconf 89' lang='lat'>6</span> <span class='ocrx_word' id='word_1_314' title='bbox 1366 3221 1498 3283; x_wconf 90' lang='grc' dir='ltr'>Θεός</span> <span class='ocrx_word' id='word_1_315' title='bbox 1523 3239 1534 3251; x_wconf 89' lang='grc'><strong>·</strong></span> <span class='ocrx_word' id='word_1_316' title='bbox 1568 3221 1625 3274; x_wconf 87' lang='grc' dir='ltr'>ἓν</span> <span class='ocrx_word' id='word_1_317' title='bbox 1659 3222 1830 3293; x_wconf 76' lang='grc' dir='ltr'>ὄνομα</span> <span class='ocrx_word' id='word_1_318' title='bbox 1865 3223 2058 3292; x_wconf 87' lang='grc' dir='ltr'>λέγειό</span> <span class='ocrx_word' id='word_1_319' title='bbox 2092 3226 2225 3289; x_wconf 88' lang='grc' dir='ltr'>Θεὸς</span> 
     </span>
    </p>
   </div>
   <div class='ocr_carea' id='block_1_36' title="bbox 633 3301 2220 3378">
    <p class='ocr_par' dir='ltr' id='par_1_36' title="bbox 633 3301 2220 3378">
     <span class='ocr_line' id='line_1_36' title="bbox 633 3301 2220 3378; baseline 0.011 -29"><span class='ocrx_word' id='word_1_320' title='bbox 633 3305 928 3378; x_wconf 77' lang='grc' dir='ltr'>μαρτυρῶν</span> <span class='ocrx_word' id='word_1_321' title='bbox 955 3307 1018 3356; x_wconf 82' lang='grc' dir='ltr'>ὲκ</span> <span class='ocrx_word' id='word_1_322' title='bbox 1045 3303 1138 3356; x_wconf 89' lang='grc' dir='ltr'>τοῦ</span> <span class='ocrx_word' id='word_1_323' title='bbox 1164 3303 1394 3374; x_wconf 85' lang='grc' dir='ltr'>ούρανοῦ</span> <span class='ocrx_word' id='word_1_324' title='bbox 1418 3322 1430 3334; x_wconf 89' lang='grc'><strong>·</strong></span> <span class='ocrx_word' id='word_1_325' title='bbox 1451 3301 1639 3371; x_wconf 79' lang='grc' dir='ltr'>Οὗτός</span> <span class='ocrx_word' id='word_1_326' title='bbox 1665 3307 1837 3359; x_wconf 84' lang='grc' dir='ltr'>ἐστιν</span> <span class='ocrx_word' id='word_1_327' title='bbox 1864 3311 1896 3360; x_wconf 84' lang='grc' dir='ltr'><em>ὀ</em></span> <span class='ocrx_word' id='word_1_328' title='bbox 1928 3310 2060 3372; x_wconf 81' lang='grc' dir='ltr'>Υἱός</span> <span class='ocrx_word' id='word_1_329' title='bbox 2079 3327 2220 3377; x_wconf 86' lang='grc' dir='ltr'>μου.</span> 
     </span>
    </p>
   </div>
   <div class='ocr_carea' id='block_1_37' title="bbox 630 3387 2224 3459">
    <p class='ocr_par' dir='ltr' id='par_1_37' title="bbox 630 3387 2224 3459">
     <span class='ocr_line' id='line_1_37' title="bbox 630 3387 2224 3459; baseline -0.007 -16"><span class='ocrx_word' id='word_1_330' title='bbox 630 3393 724 3443; x_wconf 72' lang='grc' dir='ltr'>καὶ</span> <span class='ocrx_word' id='word_1_331' title='bbox 768 3389 1222 3459; x_wconf 60' lang='grc' dir='ltr'>παραγράςονται</span> <span class='ocrx_word' id='word_1_332' title='bbox 1252 3387 1301 3439; x_wconf 88' lang='grc' dir='ltr'>οἱ</span> <span class='ocrx_word' id='word_1_333' title='bbox 1339 3388 1606 3458; x_wconf 77' lang='grc' dir='ltr'>αἱρετικοὶ</span> <span class='ocrx_word' id='word_1_334' title='bbox 1637 3389 1736 3458; x_wconf 80' lang='grc' dir='ltr'>τὴν</span> <span class='ocrx_word' id='word_1_335' title='bbox 1772 3388 1954 3459; x_wconf 78' lang='grc' dir='ltr'>φωνὴν</span> <span class='ocrx_word' id='word_1_336' title='bbox 1988 3391 2068 3443; x_wconf 69' lang='grc' dir='ltr'>ἐνὶ</span> <span class='ocrx_word' id='word_1_337' title='bbox 2111 3392 2224 3444; x_wconf 71' lang='grc' dir='ltr'>ἀνά.</span> 
     </span>
    </p>
   </div>
   <div class='ocr_carea' id='block_1_38' title="bbox 631 3469 2220 3546">
    <p class='ocr_par' dir='ltr' id='par_1_38' title="bbox 631 3469 2220 3546">
     <span class='ocr_line' id='line_1_38' title="bbox 631 3469 2220 3546; baseline 0.002 -23"><span class='ocrx_word' id='word_1_338' title='bbox 631 3490 762 3542; x_wconf 90' lang='grc' dir='ltr'>ματι</span> <span class='ocrx_word' id='word_1_339' title='bbox 799 3469 1216 3543; x_wconf 74' lang='grc' dir='ltr'>μαρτυροῦσανσ</span> <span class='ocrx_word' id='word_1_340' title='bbox 1266 3471 1479 3540; x_wconf 81' lang='grc' dir='ltr'>ἐκείνην</span> <span class='ocrx_word' id='word_1_341' title='bbox 1513 3472 1611 3540; x_wconf 75' lang='grc' dir='ltr'>τὴν</span> <span class='ocrx_word' id='word_1_342' title='bbox 1653 3471 1810 3538; x_wconf 86' lang='grc' dir='ltr'>ἁγίαν</span> <span class='ocrx_word' id='word_1_343' title='bbox 1858 3473 2078 3544; x_wconf 75' lang='grc' dir='ltr'>φωνήν,</span> <span class='ocrx_word' id='word_1_344' title='bbox 2124 3475 2220 3546; x_wconf 75' lang='grc' dir='ltr'>τὴν</span> 
     </span>
    </p>
   </div>
   <div class='ocr_carea' id='block_1_39' title="bbox 631 3553 2213 3625">
    <p class='ocr_par' dir='ltr' id='par_1_39' title="bbox 631 3553 2213 3625">
     <span class='ocr_line' id='line_1_39' title="bbox 631 3553 2213 3625; baseline 0.003 -19"><span class='ocrx_word' id='word_1_345' title='bbox 631 3555 802 3625; x_wconf 87' lang='grc' dir='ltr'>μυρία</span> <span class='ocrx_word' id='word_1_346' title='bbox 836 3553 1074 3622; x_wconf 79' lang='grc' dir='ltr'>ὀνόματα</span> <span class='ocrx_word' id='word_1_347' title='bbox 1118 3553 1418 3623; x_wconf 80' lang='grc' dir='ltr'>δεξαμένην</span> <span class='ocrx_word' id='word_1_348' title='bbox 1450 3555 1542 3606; x_wconf 73' lang='grc' dir='ltr'>καὶ</span> <span class='ocrx_word' id='word_1_349' title='bbox 1606 3555 1679 3624; x_wconf 80' lang='grc' dir='ltr'>μὴ</span> <span class='ocrx_word' id='word_1_350' title='bbox 1728 3558 2213 3625; x_wconf 82' lang='grc' dir='ltr'>παραχαράξασαν.</span> 
     </span>
    </p>
   </div>
   <div class='ocr_carea' id='block_1_40' title="bbox 629 3637 2218 3713">
    <p class='ocr_par' dir='ltr' id='par_1_40' title="bbox 629 3637 2218 3713">
     <span class='ocr_line' id='line_1_40' title="bbox 629 3637 2218 3713; baseline 0.003 -23"><span class='ocrx_word' id='word_1_351' title='bbox 629 3637 981 3709; x_wconf 71' lang='grc' dir='ltr'>Προσηνέχθη</span> <span class='ocrx_word' id='word_1_352' title='bbox 1014 3638 1082 3689; x_wconf 72' lang='grc' dir='ltr'>τά</span> <span class='ocrx_word' id='word_1_353' title='bbox 1116 3637 1232 3700; x_wconf 74' lang='grc' dir='ltr'>ζῶα</span> <span class='ocrx_word' id='word_1_354' title='bbox 1278 3639 1370 3689; x_wconf 79' lang='grc' dir='ltr'>καὶ</span> <span class='ocrx_word' id='word_1_355' title='bbox 1399 3637 1714 3707; x_wconf 77' lang='grc' dir='ltr'>ὠνομάσθη.</span> <span class='ocrx_word' id='word_1_356' title='bbox 1747 3639 1948 3692; x_wconf 88' lang='grc' dir='ltr'>Λοιπὸν</span> <span class='ocrx_word' id='word_1_357' title='bbox 1975 3641 2218 3713; x_wconf 79' lang='grc' dir='ltr'>εἱστήκει</span> 
     </span>
    </p>
   </div>
   <div class='ocr_carea' id='block_1_41' title="bbox 624 3721 1003 3792">
    <p class='ocr_par' dir='ltr' id='par_1_41' title="bbox 624 3721 1003 3792">
     <span class='ocr_line' id='line_1_41' title="bbox 624 3721 1003 3792; baseline -0.013 -16"><span class='ocrx_word' id='word_1_358' title='bbox 624 3724 702 3786; x_wconf 75' lang='grc' dir='ltr'>ὡς</span> <span class='ocrx_word' id='word_1_359' title='bbox 728 3721 1003 3792; x_wconf 82' lang='grc' dir='ltr'>βασιλεύς.</span> 
     </span>
    </p>
   </div>
   <div class='ocr_carea' id='block_1_42' title="bbox 696 3803 2212 3880">
    <p class='ocr_par' dir='ltr' id='par_1_42' title="bbox 696 3803 2212 3880">
     <span class='ocr_line' id='line_1_42' title="bbox 696 3803 2212 3880; baseline 0.002 -22"><span class='ocrx_word' id='word_1_360' title='bbox 696 3807 986 3876; x_wconf 78' lang='grc' dir='ltr'>η’.”Ωσπερ</span> <span class='ocrx_word' id='word_1_361' title='bbox 1013 3805 1108 3857; x_wconf 79' lang='grc' dir='ltr'>ὲάν</span> <span class='ocrx_word' id='word_1_362' title='bbox 1128 3803 1523 3874; x_wconf 85' lang='grc' dir='ltr'>στρατευθῶσι,</span> <span class='ocrx_word' id='word_1_363' title='bbox 1550 3806 1804 3874; x_wconf 55' lang='grc' dir='ltr'>σςςραγῖει</span> <span class='ocrx_word' id='word_1_364' title='bbox 1840 3806 2091 3880; x_wconf 82' lang='grc' dir='ltr'>βασιλικῇ</span> <span class='ocrx_word' id='word_1_365' title='bbox 2118 3825 2212 3878; x_wconf 76' lang='grc' dir='ltr'>σηο</span> 
     </span>
    </p>
   </div>
   <div class='ocr_carea' id='block_1_43' title="bbox 628 3886 2216 3962">
    <p class='ocr_par' dir='ltr' id='par_1_43' title="bbox 628 3886 2216 3962">
     <span class='ocr_line' id='line_1_43' title="bbox 628 3886 2216 3962; baseline 0.002 -20"><span class='ocrx_word' id='word_1_366' title='bbox 628 3889 936 3961; x_wconf 80' lang='grc' dir='ltr'>μειοῦνται·</span> <span class='ocrx_word' id='word_1_367' title='bbox 973 3887 1144 3950; x_wconf 83' lang='grc' dir='ltr'>οῦτως</span> <span class='ocrx_word' id='word_1_368' title='bbox 1192 3886 1380 3956; x_wconf 80' lang='grc' dir='ltr'>ἐπειδὴ</span> <span class='ocrx_word' id='word_1_369' title='bbox 1420 3887 1644 3957; x_wconf 79' lang='grc' dir='ltr'>ἔμελλεν</span> <span class='ocrx_word' id='word_1_370' title='bbox 1701 3890 1851 3958; x_wconf 83' lang='grc' dir='ltr'>αύτῴ</span> <span class='ocrx_word' id='word_1_371' title='bbox 1894 3891 1990 3962; x_wconf 80' lang='grc' dir='ltr'>τὴν</span> <span class='ocrx_word' id='word_1_372' title='bbox 2023 3893 2216 3945; x_wconf 81' lang='grc' dir='ltr'>δεσπο-</span> 
     </span>
    </p>
   </div>
   <div class='ocr_carea' id='block_1_44' title="bbox 623 3972 2210 4045">
    <p class='ocr_par' dir='ltr' id='par_1_44' title="bbox 623 3972 2210 4045">
     <span class='ocr_line' id='line_1_44' title="bbox 623 3972 2210 4045; baseline 0 -19"><span class='ocrx_word' id='word_1_373' title='bbox 623 3975 772 4027; x_wconf 87' lang='grc' dir='ltr'>τείαν</span> <span class='ocrx_word' id='word_1_374' title='bbox 803 3972 1172 4044; x_wconf 81' lang='grc' dir='ltr'>παραδιδόναι,</span> <span class='ocrx_word' id='word_1_375' title='bbox 1200 3975 1346 4024; x_wconf 85' lang='grc' dir='ltr'>ποιεῖ</span> <span class='ocrx_word' id='word_1_376' title='bbox 1370 3972 1607 4042; x_wconf 76' lang='grc' dir='ltr'>ὀνόματα</span> <span class='ocrx_word' id='word_1_377' title='bbox 1635 3973 1805 4026; x_wconf 87' lang='grc' dir='ltr'>θεῖναι</span> <span class='ocrx_word' id='word_1_378' title='bbox 1828 3976 1903 4038; x_wconf 80' lang='grc' dir='ltr'>ὡς</span> <span class='ocrx_word' id='word_1_379' title='bbox 1925 3977 2210 4045; x_wconf 74' lang='grc' dir='ltr'>δεσπότην,</span> 
     </span>
    </p>
   </div>
   <div class='ocr_carea' id='block_1_45' title="bbox 620 4054 2206 4127">
    <p class='ocr_par' dir='ltr' id='par_1_45' title="bbox 620 4054 2206 4127">
     <span class='ocr_line' id='line_1_45' title="bbox 620 4054 2206 4127; baseline 0.005 -20"><span class='ocrx_word' id='word_1_380' title='bbox 620 4060 862 4127; x_wconf 81' lang='grc' dir='ltr'>ὀνόματα</span> <span class='ocrx_word' id='word_1_381' title='bbox 889 4057 997 4126; x_wconf 78' lang='grc' dir='ltr'>γὰρ</span> <span class='ocrx_word' id='word_1_382' title='bbox 1026 4056 1086 4107; x_wconf 88' lang='grc' dir='ltr'>ού</span> <span class='ocrx_word' id='word_1_383' title='bbox 1124 4055 1337 4125; x_wconf 81' lang='grc' dir='ltr'>τίθησιν</span> <span class='ocrx_word' id='word_1_384' title='bbox 1363 4095 1376 4117; x_wconf 94' lang='grc'>,</span> <span class='ocrx_word' id='word_1_385' title='bbox 1406 4054 1438 4125; x_wconf 82' lang='grc' dir='ltr'>ἦ</span> <span class='ocrx_word' id='word_1_386' title='bbox 1466 4056 1743 4127; x_wconf 87' lang='grc' dir='ltr'>Δεσπότης</span> <span class='ocrx_word' id='word_1_387' title='bbox 1791 4059 1950 4126; x_wconf 79' lang='grc' dir='ltr'>μόνος</span> <span class='ocrx_word' id='word_1_388' title='bbox 1977 4061 2070 4113; x_wconf 70' lang='grc' dir='ltr'>καὶ</span> <span class='ocrx_word' id='word_1_389' title='bbox 2097 4063 2206 4114; x_wconf 75' lang='lat' dir='ltr'>H1-</span> 
     </span>
    </p>
   </div>
   <div class='ocr_carea' id='block_1_46' title="bbox 619 4139 2208 4211">
    <p class='ocr_par' dir='ltr' id='par_1_46' title="bbox 619 4139 2208 4211">
     <span class='ocr_line' id='line_1_46' title="bbox 619 4139 2208 4211; baseline -0.003 -19"><span class='ocrx_word' id='word_1_390' title='bbox 619 4143 744 4209; x_wconf 77' lang='grc' dir='ltr'>τὴρ.</span> <span class='ocrx_word' id='word_1_391' title='bbox 794 4141 1056 4208; x_wconf 86' lang='grc' dir='ltr'>Πρόσεχε.</span> <span class='ocrx_word' id='word_1_392' title='bbox 1087 4139 1207 4192; x_wconf 90' lang='grc' dir='ltr'>Τῶν</span> <span class='ocrx_word' id='word_1_393' title='bbox 1241 4139 1522 4208; x_wconf 76' lang='grc' dir='ltr'>ὀνομάτων</span> <span class='ocrx_word' id='word_1_394' title='bbox 1549 4139 1584 4192; x_wconf 81' lang='grc' dir='ltr'>ἀ</span> <span class='ocrx_word' id='word_1_395' title='bbox 1631 4141 1728 4210; x_wconf 84' lang='grc' dir='ltr'>μὲν</span> <span class='ocrx_word' id='word_1_396' title='bbox 1761 4141 1956 4211; x_wconf 81' lang='grc' dir='ltr'>έθηκεν</span> <span class='ocrx_word' id='word_1_397' title='bbox 1983 4147 2011 4196; x_wconf 97' lang='lat'>6</span> <span class='ocrx_word' id='word_1_398' title='bbox 2043 4146 2173 4209; x_wconf 61' lang='grc' dir='ltr'>Θεὸς</span> <span class='ocrx_word' id='word_1_399' title='bbox 2194 4187 2208 4208; x_wconf 65' lang='grc'><em>,</em></span> 
     </span>
    </p>
   </div>
   <div class='ocr_carea' id='block_1_47' title="bbox 617 4223 2208 4302">
    <p class='ocr_par' dir='ltr' id='par_1_47' title="bbox 617 4223 2208 4302">
     <span class='ocr_line' id='line_1_47' title="bbox 617 4223 2208 4302; baseline 0.005 -27"><span class='ocrx_word' id='word_1_400' title='bbox 617 4225 654 4275; x_wconf 80' lang='grc' dir='ltr'>ἃ</span> <span class='ocrx_word' id='word_1_401' title='bbox 681 4225 734 4276; x_wconf 78' lang='grc' dir='ltr'>δὲ</span> <span class='ocrx_word' id='word_1_402' title='bbox 764 4226 792 4276; x_wconf 92' lang='lat'>6</span> <span class='ocrx_word' id='word_1_403' title='bbox 833 4224 1020 4292; x_wconf 82' lang='grc' dir='ltr'>Ἀδάμ.</span> <span class='ocrx_word' id='word_1_404' title='bbox 1047 4225 1155 4276; x_wconf 74' lang='grc' dir='ltr'>Καὶ</span> <span class='ocrx_word' id='word_1_405' title='bbox 1175 4226 1203 4276; x_wconf 94' lang='lat'>6</span> <span class='ocrx_word' id='word_1_406' title='bbox 1229 4225 1326 4294; x_wconf 81' lang='grc' dir='ltr'>μὲν</span> <span class='ocrx_word' id='word_1_407' title='bbox 1349 4223 1480 4286; x_wconf 86' lang='grc' dir='ltr'>Θεὸς</span> <span class='ocrx_word' id='word_1_408' title='bbox 1510 4225 1768 4278; x_wconf 78' lang='grc' dir='ltr'>ἐκάλεσεν</span> <span class='ocrx_word' id='word_1_409' title='bbox 1801 4229 2047 4296; x_wconf 75' lang='grc' dir='ltr'>οὐρανὸν,</span> <span class='ocrx_word' id='word_1_410' title='bbox 2084 4232 2208 4302; x_wconf 79' lang='grc' dir='ltr'>γῆν,</span> 
     </span>
    </p>
   </div>
   <div class='ocr_carea' id='block_1_48' title="bbox 619 4307 2206 4385">
    <p class='ocr_par' dir='ltr' id='par_1_48' title="bbox 619 4307 2206 4385">
     <span class='ocr_line' id='line_1_48' title="bbox 619 4307 2206 4385; baseline 0.005 -26"><span class='ocrx_word' id='word_1_411' title='bbox 619 4307 913 4370; x_wconf 84' lang='grc' dir='ltr'>θάλασσαν,</span> <span class='ocrx_word' id='word_1_412' title='bbox 951 4307 1256 4375; x_wconf 80' lang='grc' dir='ltr'>στερέωμα,</span> <span class='ocrx_word' id='word_1_413' title='bbox 1296 4308 1537 4376; x_wconf 81' lang='grc' dir='ltr'>ἡμέραν,</span> <span class='ocrx_word' id='word_1_414' title='bbox 1571 4308 1684 4374; x_wconf 66' lang='grc' dir='ltr'>φῶς</span> <span class='ocrx_word' id='word_1_415' title='bbox 1707 4352 1720 4372; x_wconf 93' lang='grc'>,</span> <span class='ocrx_word' id='word_1_416' title='bbox 1753 4310 1942 4374; x_wconf 90' lang='grc' dir='ltr'>νύκτα,</span> <span class='ocrx_word' id='word_1_417' title='bbox 1976 4315 2206 4385; x_wconf 79' lang='grc' dir='ltr'>καρπὸν,</span> 
     </span>
    </p>
   </div>
   <div class='ocr_carea' id='block_1_49' title="bbox 618 4390 2207 4461">
    <p class='ocr_par' dir='ltr' id='par_1_49' title="bbox 618 4390 2207 4461">
     <span class='ocr_line' id='line_1_49' title="bbox 618 4390 2207 4461; baseline 0.004 -18"><span class='ocrx_word' id='word_1_418' title='bbox 618 4392 871 4461; x_wconf 84' lang='grc' dir='ltr'>βοτάνην,</span> <span class='ocrx_word' id='word_1_419' title='bbox 906 4391 1118 4460; x_wconf 80' lang='grc' dir='ltr'>χόρτον,</span> <span class='ocrx_word' id='word_1_420' title='bbox 1162 4390 1292 4452; x_wconf 82' lang='grc' dir='ltr'>ξύλα</span> <span class='ocrx_word' id='word_1_421' title='bbox 1318 4403 1330 4414; x_wconf 87' lang='lat'><strong>&#39;</strong></span> <span class='ocrx_word' id='word_1_422' title='bbox 1367 4391 1435 4442; x_wconf 71' lang='grc' dir='ltr'>τά</span> <span class='ocrx_word' id='word_1_423' title='bbox 1465 4392 1634 4460; x_wconf 78' lang='grc' dir='ltr'>κτήνη</span> <span class='ocrx_word' id='word_1_424' title='bbox 1665 4391 1717 4443; x_wconf 78' lang='grc' dir='ltr'>δὲ</span> <span class='ocrx_word' id='word_1_425' title='bbox 1753 4396 1846 4444; x_wconf 78' lang='grc' dir='ltr'>καὶ</span> <span class='ocrx_word' id='word_1_426' title='bbox 1876 4398 1944 4446; x_wconf 84' lang='grc' dir='ltr'>τά</span> <span class='ocrx_word' id='word_1_427' title='bbox 1986 4399 2207 4452; x_wconf 76' lang='grc' dir='ltr'>πετεινὰ</span> 
     </span>
    </p>
   </div>
   <div class='ocr_carea' id='block_1_50' title="bbox 615 4470 2202 4548">
    <p class='ocr_par' dir='ltr' id='par_1_50' title="bbox 615 4470 2202 4548">
     <span class='ocr_line' id='line_1_50' title="bbox 615 4470 2202 4548; baseline 0.003 -21"><span class='ocrx_word' id='word_1_428' title='bbox 615 4478 642 4527; x_wconf 89' lang='lat'>6</span> <span class='ocrx_word' id='word_1_429' title='bbox 692 4475 856 4544; x_wconf 79' lang='grc' dir='ltr'>’Λδάμ</span> <span class='ocrx_word' id='word_1_430' title='bbox 909 4470 1060 4526; x_wconf 80' lang='grc' dir='ltr'>εἶπεν</span> <span class='ocrx_word' id='word_1_431' title='bbox 1090 4490 1101 4502; x_wconf 91' lang='grc'><strong>·</strong></span> <span class='ocrx_word' id='word_1_432' title='bbox 1135 4472 1320 4525; x_wconf 88' lang='grc' dir='ltr'>ταῶνα</span> <span class='ocrx_word' id='word_1_433' title='bbox 1339 4512 1352 4530; x_wconf 91' lang='grc'>,</span> <span class='ocrx_word' id='word_1_434' title='bbox 1383 4473 1540 4525; x_wconf 85' lang='grc' dir='ltr'>ἀετὸν</span> <span class='ocrx_word' id='word_1_435' title='bbox 1564 4514 1576 4535; x_wconf 92' lang='grc'>,</span> <span class='ocrx_word' id='word_1_436' title='bbox 1631 4474 1828 4545; x_wconf 80' lang='grc' dir='ltr'>μόσχον</span> <span class='ocrx_word' id='word_1_437' title='bbox 1847 4515 1862 4540; x_wconf 92' lang='grc'>,</span> <span class='ocrx_word' id='word_1_438' title='bbox 1895 4480 2163 4548; x_wconf 79' lang='grc' dir='ltr'>πρόϐατον</span> <span class='ocrx_word' id='word_1_439' title='bbox 2189 4497 2202 4509; x_wconf 88' lang='grc'><strong>·</strong></span> 
     </span>
    </p>
   </div>
   <div class='ocr_carea' id='block_1_51' title="bbox 615 4553 2206 4634">
    <p class='ocr_par' dir='ltr' id='par_1_51' title="bbox 615 4553 2206 4634">
     <span class='ocr_line' id='line_1_51' title="bbox 615 4553 2206 4634; baseline 0.005 -25"><span class='ocrx_word' id='word_1_440' title='bbox 615 4553 769 4621; x_wconf 71' lang='grc' dir='ltr'>οἶτος</span> <span class='ocrx_word' id='word_1_441' title='bbox 798 4558 866 4610; x_wconf 79' lang='grc' dir='ltr'>τά</span> <span class='ocrx_word' id='word_1_442' title='bbox 895 4558 1007 4626; x_wconf 79' lang='grc' dir='ltr'>εἴδη</span> <span class='ocrx_word' id='word_1_443' title='bbox 1033 4598 1045 4619; x_wconf 89' lang='grc'>,</span> <span class='ocrx_word' id='word_1_444' title='bbox 1074 4558 1281 4618; x_wconf 75' lang='grc' dir='ltr'>ἐκεῖνος</span> <span class='ocrx_word' id='word_1_445' title='bbox 1305 4554 1372 4607; x_wconf 75' lang='grc' dir='ltr'>τά</span> <span class='ocrx_word' id='word_1_446' title='bbox 1412 4556 1542 4626; x_wconf 83' lang='grc' dir='ltr'>γένη</span> <span class='ocrx_word' id='word_1_447' title='bbox 1565 4600 1577 4618; x_wconf 83' lang='grc'>,</span> <span class='ocrx_word' id='word_1_448' title='bbox 1615 4558 1698 4610; x_wconf 82' lang='grc' dir='ltr'>ἵνα</span> <span class='ocrx_word' id='word_1_449' title='bbox 1736 4561 1809 4629; x_wconf 83' lang='grc' dir='ltr'>μὴ</span> <span class='ocrx_word' id='word_1_450' title='bbox 1837 4561 2101 4634; x_wconf 74' lang='grc' dir='ltr'>ψεύσηται</span> <span class='ocrx_word' id='word_1_451' title='bbox 2146 4565 2206 4618; x_wconf 89' lang='grc' dir='ltr'>τὸ</span> 
     </span>
    </p>
   </div>
   <div class='ocr_carea' id='block_1_52' title="bbox 615 4639 2204 4713">
    <p class='ocr_par' dir='ltr' id='par_1_52' title="bbox 615 4639 2204 4713">
     <span class='ocr_line' id='line_1_52' title="bbox 615 4639 2204 4713; baseline 0.006 -21"><span class='ocrx_word' id='word_1_452' title='bbox 615 4645 766 4713; x_wconf 70' lang='grc' dir='ltr'>ῥῆμα</span> <span class='ocrx_word' id='word_1_453' title='bbox 813 4642 906 4694; x_wconf 89' lang='grc' dir='ltr'>τοῦ</span> <span class='ocrx_word' id='word_1_454' title='bbox 964 4642 1210 4702; x_wconf 78' lang='grc' dir='ltr'>εἰπόντος</span> <span class='ocrx_word' id='word_1_455' title='bbox 1249 4657 1262 4668; x_wconf 75' lang='grc' dir='ltr'>ο</span> <span class='ocrx_word' id='word_1_456' title='bbox 1301 4639 1652 4708; x_wconf 77' lang='grc' dir='ltr'>Ποιήσωμεν</span> <span class='ocrx_word' id='word_1_457' title='bbox 1707 4644 2021 4712; x_wconf 78' lang='grc' dir='ltr'>ἄνθρωπον</span> <span class='ocrx_word' id='word_1_458' title='bbox 2079 4651 2204 4702; x_wconf 75' lang='grc' dir='ltr'>κατ’</span> 
     </span>
    </p>
   </div>
   <div class='ocr_carea' id='block_1_53' title="bbox 611 4723 2206 4800">
    <p class='ocr_par' dir='ltr' id='par_1_53' title="bbox 611 4723 2206 4800">
     <span class='ocr_line' id='line_1_53' title="bbox 611 4723 2206 4800; baseline 0.005 -24"><span class='ocrx_word' id='word_1_459' title='bbox 611 4725 820 4778; x_wconf 72' lang='grc' dir='ltr'>εἰκόνα</span> <span class='ocrx_word' id='word_1_460' title='bbox 852 4723 1165 4793; x_wconf 53' lang='grc' dir='ltr'>ἡμετέραν.</span> <span class='ocrx_word' id='word_1_461' title='bbox 1219 4723 1279 4776; x_wconf 88' lang='lat'>&#39;0</span> <span class='ocrx_word' id='word_1_462' title='bbox 1312 4723 1444 4786; x_wconf 83' lang='grc' dir='ltr'>Θεὸς</span> <span class='ocrx_word' id='word_1_463' title='bbox 1471 4726 1711 4792; x_wconf 81' lang='grc' dir='ltr'>ὀνόματα</span> <span class='ocrx_word' id='word_1_464' title='bbox 1744 4729 1924 4797; x_wconf 76' lang='grc' dir='ltr'>τίθησι</span> <span class='ocrx_word' id='word_1_465' title='bbox 1953 4733 2065 4793; x_wconf 84' lang='grc' dir='ltr'>τοῖς</span> <span class='ocrx_word' id='word_1_466' title='bbox 2095 4751 2206 4800; x_wconf 77' lang='grc' dir='ltr'>φω-</span> 
     </span>
    </p>
   </div>
   <div class='ocr_carea' id='block_1_54' title="bbox 614 4807 2204 4880">
    <p class='ocr_par' dir='ltr' id='par_1_54' title="bbox 614 4807 2204 4880">
     <span class='ocr_line' id='line_1_54' title="bbox 614 4807 2204 4880; baseline 0.005 -20"><span class='ocrx_word' id='word_1_467' title='bbox 614 4813 810 4879; x_wconf 79' lang='grc' dir='ltr'>στῆρσι</span> <span class='ocrx_word' id='word_1_468' title='bbox 832 4827 845 4841; x_wconf 88' lang='grc'><strong>·</strong></span> <span class='ocrx_word' id='word_1_469' title='bbox 888 4810 982 4877; x_wconf 59' lang='grc' dir='ltr'>τὴν</span> <span class='ocrx_word' id='word_1_470' title='bbox 1013 4809 1243 4879; x_wconf 80' lang='grc' dir='ltr'>ἄρκτον,</span> <span class='ocrx_word' id='word_1_471' title='bbox 1271 4807 1364 4859; x_wconf 90' lang='grc' dir='ltr'>τὸν</span> <span class='ocrx_word' id='word_1_472' title='bbox 1406 4807 1623 4877; x_wconf 81' lang='grc' dir='ltr'>ὼρίωνα</span> <span class='ocrx_word' id='word_1_473' title='bbox 1645 4849 1658 4868; x_wconf 89' lang='grc'>.</span> <span class='ocrx_word' id='word_1_474' title='bbox 1688 4812 1786 4880; x_wconf 79' lang='grc' dir='ltr'>τὴν</span> <span class='ocrx_word' id='word_1_475' title='bbox 1817 4814 2045 4868; x_wconf 71' lang='grc' dir='ltr'>πλειάδα</span> <span class='ocrx_word' id='word_1_476' title='bbox 2069 4858 2080 4880; x_wconf 88' lang='grc'>,</span> <span class='ocrx_word' id='word_1_477' title='bbox 2115 4818 2204 4868; x_wconf 85' lang='grc' dir='ltr'>τὸν</span> 
     </span>
    </p>
   </div>
   <div class='ocr_carea' id='block_1_55' title="bbox 609 4891 2200 4962">
    <p class='ocr_par' dir='ltr' id='par_1_55' title="bbox 609 4891 2200 4962">
     <span class='ocr_line' id='line_1_55' title="bbox 609 4891 2200 4962; baseline 0.005 -20"><span class='ocrx_word' id='word_1_478' title='bbox 609 4892 842 4960; x_wconf 72' lang='grc' dir='ltr'>ἕσπερον</span> <span class='ocrx_word' id='word_1_479' title='bbox 866 4935 880 4947; x_wconf 87' lang='grc'>.</span> <span class='ocrx_word' id='word_1_480' title='bbox 913 4893 1001 4944; x_wconf 83' lang='grc' dir='ltr'>τὸν</span> <span class='ocrx_word' id='word_1_481' title='bbox 1045 4891 1351 4962; x_wconf 73' lang='grc' dir='ltr'>φωσφόρον.</span> <span class='ocrx_word' id='word_1_482' title='bbox 1383 4891 1570 4945; x_wconf 83' lang='grc' dir='ltr'>Ταῦτα</span> <span class='ocrx_word' id='word_1_483' title='bbox 1605 4894 1780 4946; x_wconf 87' lang='grc' dir='ltr'>πάντα</span> <span class='ocrx_word' id='word_1_484' title='bbox 1813 4899 1841 4948; x_wconf 93' lang='lat'>6</span> <span class='ocrx_word' id='word_1_485' title='bbox 1890 4897 2022 4960; x_wconf 88' lang='grc' dir='ltr'>Θεὸς</span> <span class='ocrx_word' id='word_1_486' title='bbox 2070 4900 2200 4951; x_wconf 72' lang='grc' dir='ltr'>ὼνόο</span> 
     </span>
    </p>
   </div>
   <div class='ocr_carea' id='block_1_56' title="bbox 613 4977 2200 5053">
    <p class='ocr_par' dir='ltr' id='par_1_56' title="bbox 613 4977 2200 5053">
     <span class='ocr_line' id='line_1_56' title="bbox 613 4977 2200 5053; baseline 0.007 -27"><span class='ocrx_word' id='word_1_487' title='bbox 613 4992 804 5042; x_wconf 89' lang='grc' dir='ltr'>μασεν.</span> <span class='ocrx_word' id='word_1_488' title='bbox 839 4977 1126 5044; x_wconf 80' lang='grc' dir='ltr'>Μαρτυρεῖ</span> <span class='ocrx_word' id='word_1_489' title='bbox 1164 4977 1328 5029; x_wconf 83' lang='grc' dir='ltr'>Δαυῖδ</span> <span class='ocrx_word' id='word_1_490' title='bbox 1361 4977 1532 5043; x_wconf 83' lang='grc' dir='ltr'>λέγων</span> <span class='ocrx_word' id='word_1_491' title='bbox 1559 4997 1569 5007; x_wconf 87' lang='grc'><strong>·</strong></span> <span class='ocrx_word' id='word_1_492' title='bbox 1619 4980 1678 5030; x_wconf 84' lang='grc' dir='ltr'><strong><em>Ὀ</em></strong></span> <span class='ocrx_word' id='word_1_493' title='bbox 1703 4980 1966 5048; x_wconf 71' lang='grc' dir='ltr'>ἀριθμῶν</span> <span class='ocrx_word' id='word_1_494' title='bbox 1997 4985 2200 5053; x_wconf 63' lang='grc' dir='ltr'>πλήοη</span> 
     </span>
    </p>
   </div>
   <div class='ocr_carea' id='block_1_57' title="bbox 607 5059 2202 5131">
    <p class='ocr_par' dir='ltr' id='par_1_57' title="bbox 607 5059 2202 5131">
     <span class='ocr_line' id='line_1_57' title="bbox 607 5059 2202 5131; baseline 0.005 -20"><span class='ocrx_word' id='word_1_495' title='bbox 607 5059 868 5124; x_wconf 74' lang='grc' dir='ltr'>ἄστρων,</span> <span class='ocrx_word' id='word_1_496' title='bbox 911 5059 1009 5110; x_wconf 76' lang='grc' dir='ltr'>καὶ</span> <span class='ocrx_word' id='word_1_497' title='bbox 1049 5059 1239 5111; x_wconf 81' lang='grc' dir='ltr'>πᾶσιν</span> <span class='ocrx_word' id='word_1_498' title='bbox 1267 5060 1471 5125; x_wconf 80' lang='grc' dir='ltr'>αὐτοῖς</span> <span class='ocrx_word' id='word_1_499' title='bbox 1499 5063 1762 5128; x_wconf 74' lang='grc' dir='ltr'>ὀνόματα</span> <span class='ocrx_word' id='word_1_500' title='bbox 1812 5065 2034 5119; x_wconf 74' lang='grc' dir='ltr'>καλῶν.</span> <span class='ocrx_word' id='word_1_501' title='bbox 2071 5068 2202 5131; x_wconf 77' lang='grc' dir='ltr'>Θεὸς</span> 
     </span>
    </p>
   </div>
   <div class='ocr_carea' id='block_1_58' title="bbox 607 5142 2201 5217">
    <p class='ocr_par' dir='ltr' id='par_1_58' title="bbox 607 5142 2201 5217">
     <span class='ocr_line' id='line_1_58' title="bbox 607 5142 2201 5217; baseline 0.002 -23"><span class='ocrx_word' id='word_1_502' title='bbox 607 5143 988 5210; x_wconf 81' lang='grc' dir='ltr'>ὁνοματοποιεῖ</span> <span class='ocrx_word' id='word_1_503' title='bbox 1035 5143 1099 5194; x_wconf 74' lang='grc' dir='ltr'>τά</span> <span class='ocrx_word' id='word_1_504' title='bbox 1135 5142 1247 5194; x_wconf 83' lang='grc' dir='ltr'>ἀνω</span> <span class='ocrx_word' id='word_1_505' title='bbox 1273 5182 1285 5202; x_wconf 97' lang='grc'>,</span> <span class='ocrx_word' id='word_1_506' title='bbox 1335 5145 1507 5213; x_wconf 76' lang='grc' dir='ltr'>Ἀδὰμ</span> <span class='ocrx_word' id='word_1_507' title='bbox 1552 5146 1617 5196; x_wconf 79' lang='grc' dir='ltr'>τὰ</span> <span class='ocrx_word' id='word_1_508' title='bbox 1667 5148 1758 5198; x_wconf 79' lang='grc' dir='ltr'>ἐπὶ</span> <span class='ocrx_word' id='word_1_509' title='bbox 1791 5149 1892 5217; x_wconf 73' lang='grc' dir='ltr'>γῆς</span> <span class='ocrx_word' id='word_1_510' title='bbox 1918 5165 1932 5178; x_wconf 76' lang='grc' dir='ltr'><strong>ο</strong></span> <span class='ocrx_word' id='word_1_511' title='bbox 1987 5153 2142 5204; x_wconf 71' lang='grc' dir='ltr'>καλεῖ</span> <span class='ocrx_word' id='word_1_512' title='bbox 2172 5156 2201 5205; x_wconf 78' lang='grc' dir='ltr'>ὁ</span> 
     </span>
    </p>
   </div>
   <div class='ocr_carea' id='block_1_59' title="bbox 607 5225 2197 5306">
    <p class='ocr_par' dir='ltr' id='par_1_59' title="bbox 607 5225 2197 5306">
     <span class='ocr_line' id='line_1_59' title="bbox 607 5225 2197 5306; baseline 0.006 -28"><span class='ocrx_word' id='word_1_513' title='bbox 607 5226 740 5290; x_wconf 88' lang='grc' dir='ltr'>Θεὸς</span> <span class='ocrx_word' id='word_1_514' title='bbox 765 5225 1014 5296; x_wconf 82' lang='grc' dir='ltr'>ούρανὸν,</span> <span class='ocrx_word' id='word_1_515' title='bbox 1047 5225 1172 5294; x_wconf 72' lang='grc' dir='ltr'>γῆν,</span> <span class='ocrx_word' id='word_1_516' title='bbox 1202 5225 1382 5278; x_wconf 84' lang='grc' dir='ltr'>πάντα</span> <span class='ocrx_word' id='word_1_517' title='bbox 1407 5227 1474 5279; x_wconf 78' lang='grc' dir='ltr'>τά</span> <span class='ocrx_word' id='word_1_518' title='bbox 1507 5229 1638 5280; x_wconf 81' lang='grc' dir='ltr'>ἄλλα</span> <span class='ocrx_word' id='word_1_519' title='bbox 1656 5245 1668 5256; x_wconf 77' lang='grc'><em>’</em></span> <span class='ocrx_word' id='word_1_520' title='bbox 1695 5232 1849 5284; x_wconf 80' lang='grc' dir='ltr'>καλεῖ</span> <span class='ocrx_word' id='word_1_521' title='bbox 1873 5234 1962 5286; x_wconf 71' lang='grc' dir='ltr'>τὸν</span> <span class='ocrx_word' id='word_1_522' title='bbox 2005 5235 2197 5306; x_wconf 75' lang='grc' dir='ltr'>Ἀδὰμ,</span> 
     </span>
    </p>
   </div>
   <div class='ocr_carea' id='block_1_60' title="bbox 610 5307 2196 5388">
    <p class='ocr_par' dir='ltr' id='par_1_60' title="bbox 610 5307 2196 5388">
     <span class='ocr_line' id='line_1_60' title="bbox 610 5307 2196 5388; baseline 0.007 -27"><span class='ocrx_word' id='word_1_523' title='bbox 610 5308 752 5379; x_wconf 83' lang='grc' dir='ltr'>πῦρ,</span> <span class='ocrx_word' id='word_1_524' title='bbox 790 5307 1096 5377; x_wconf 78' lang='grc' dir='ltr'>ἄνθρωπον.</span> <span class='ocrx_word' id='word_1_525' title='bbox 1156 5309 1212 5360; x_wconf 88' lang='lat'>&#39;0</span> <span class='ocrx_word' id='word_1_526' title='bbox 1255 5308 1427 5378; x_wconf 71' lang='grc' dir='ltr'>Ἀδὰμ</span> <span class='ocrx_word' id='word_1_527' title='bbox 1479 5312 1532 5361; x_wconf 86' lang='grc' dir='ltr'>τί</span> <span class='ocrx_word' id='word_1_528' title='bbox 1581 5312 1771 5378; x_wconf 72' lang='grc' dir='ltr'>καλεῖς</span> <span class='ocrx_word' id='word_1_529' title='bbox 1823 5318 2031 5388; x_wconf 84' lang='grc' dir='ltr'>Ὀνομα</span> <span class='ocrx_word' id='word_1_530' title='bbox 2086 5323 2196 5384; x_wconf 82' lang='grc' dir='ltr'>τοῖς</span> 
     </span>
    </p>
   </div>
   <div class='ocr_carea' id='block_1_61' title="bbox 608 5393 2193 5472">
    <p class='ocr_par' dir='ltr' id='par_1_61' title="bbox 608 5393 2193 5472">
     <span class='ocr_line' id='line_1_61' title="bbox 608 5393 2193 5472; baseline 0.008 -27"><span class='ocrx_word' id='word_1_531' title='bbox 608 5394 854 5462; x_wconf 82' lang='grc' dir='ltr'>κτήνεσι,</span> <span class='ocrx_word' id='word_1_532' title='bbox 888 5394 998 5454; x_wconf 91' lang='grc' dir='ltr'>τοῖς</span> <span class='ocrx_word' id='word_1_533' title='bbox 1033 5393 1329 5456; x_wconf 85' lang='grc' dir='ltr'>πετεινοῖς,</span> <span class='ocrx_word' id='word_1_534' title='bbox 1366 5395 1476 5456; x_wconf 88' lang='grc' dir='ltr'>τοῖς</span> <span class='ocrx_word' id='word_1_535' title='bbox 1509 5395 1756 5464; x_wconf 79' lang='grc' dir='ltr'>ἑρπετοῖς</span> <span class='ocrx_word' id='word_1_536' title='bbox 1780 5440 1794 5462; x_wconf 90' lang='grc'>,</span> <span class='ocrx_word' id='word_1_537' title='bbox 1820 5402 1931 5463; x_wconf 89' lang='grc' dir='ltr'>τοῖς</span> <span class='ocrx_word' id='word_1_538' title='bbox 1963 5401 2193 5472; x_wconf 87' lang='grc' dir='ltr'>θηρίοις.</span> 
     </span>
    </p>
   </div>
   <div class='ocr_carea' id='block_1_62' title="bbox 678 5475 2197 5557">
    <p class='ocr_par' dir='ltr' id='par_1_62' title="bbox 678 5475 2197 5557">
     <span class='ocr_line' id='line_1_62' title="bbox 678 5475 2197 5557; baseline 0.007 -29"><span class='ocrx_word' id='word_1_539' title='bbox 678 5475 850 5528; x_wconf 80' lang='grc' dir='ltr'>Καλεῖ</span> <span class='ocrx_word' id='word_1_540' title='bbox 882 5475 1051 5545; x_wconf 73' lang='grc' dir='ltr'>ὄνομα</span> <span class='ocrx_word' id='word_1_541' title='bbox 1093 5475 1241 5539; x_wconf 82' lang='grc' dir='ltr'>ξένον</span> <span class='ocrx_word' id='word_1_542' title='bbox 1273 5477 1301 5528; x_wconf 95' lang='lat'>6</span> <span class='ocrx_word' id='word_1_543' title='bbox 1342 5476 1512 5544; x_wconf 73' lang='grc' dir='ltr'>’Λδάμ</span> <span class='ocrx_word' id='word_1_544' title='bbox 1537 5519 1549 5537; x_wconf 94' lang='grc'>,</span> <span class='ocrx_word' id='word_1_545' title='bbox 1578 5478 1767 5532; x_wconf 62' lang='grc' dir='ltr'>ὀστοῦν</span> <span class='ocrx_word' id='word_1_546' title='bbox 1808 5485 1982 5551; x_wconf 76' lang='grc' dir='ltr'>σέτρκα</span> <span class='ocrx_word' id='word_1_547' title='bbox 2007 5527 2020 5548; x_wconf 92' lang='grc'>,</span> <span class='ocrx_word' id='word_1_548' title='bbox 2070 5489 2197 5557; x_wconf 83' lang='grc' dir='ltr'>περὶ</span> 
     </span>
    </p>
   </div>
   <div class='ocr_carea' id='block_1_63' title="bbox 670 5609 1100 5665">
    <p class='ocr_par' dir='ltr' id='par_1_63' title="bbox 670 5609 1100 5665">
     <span class='ocr_line' id='line_1_63' title="bbox 670 5609 1100 5665; baseline 0.002 -10"><span class='ocrx_word' id='word_1_549' title='bbox 670 5609 697 5637; x_wconf 72' lang='grc'><strong><em>⁸</em></strong></span> <span class='ocrx_word' id='word_1_550' title='bbox 721 5609 831 5656; x_wconf 78' lang='lat' dir='ltr'>SaV.</span> <span class='ocrx_word' id='word_1_551' title='bbox 873 5610 1100 5665; x_wconf 75' lang='grc' dir='ltr'>εἱστήκει.</span> 
     </span>
    </p>
   </div>
   <div class='ocr_carea' id='block_1_64' title="bbox 667 5668 1323 5732">
    <p class='ocr_par' dir='ltr' id='par_1_64' title="bbox 667 5668 1323 5732">
     <span class='ocr_line' id='line_1_64' title="bbox 667 5668 1323 5732; baseline -0.005 -14"><span class='ocrx_word' id='word_1_552' title='bbox 667 5668 696 5707; x_wconf 75' lang='grc' dir='ltr'>ιι</span> <span class='ocrx_word' id='word_1_553' title='bbox 720 5671 830 5718; x_wconf 64' lang='lat' dir='ltr'>Sav.</span> <span class='ocrx_word' id='word_1_554' title='bbox 854 5673 924 5718; x_wconf 80' lang='grc' dir='ltr'>ῖο.</span> <span class='ocrx_word' id='word_1_555' title='bbox 957 5672 1106 5732; x_wconf 82' lang='grc' dir='ltr'>λείπει</span> <span class='ocrx_word' id='word_1_556' title='bbox 1144 5672 1323 5732; x_wconf 78' lang='grc' dir='ltr'>ἔχουσι.</span> 
     </span>
    </p>
   </div>
   <div class='ocr_carea' id='block_1_65' title="bbox 668 5731 2190 5806">
    <p class='ocr_par' dir='ltr' id='par_1_65' title="bbox 668 5731 2190 5806">
     <span class='ocr_line' id='line_1_65' title="bbox 668 5731 2190 5806; baseline 0.009 -27"><span class='ocrx_word' id='word_1_557' title='bbox 668 5735 692 5762; x_wconf 69' lang='grc' dir='ltr'>ε</span> <span class='ocrx_word' id='word_1_558' title='bbox 725 5734 809 5806; x_wconf 60' lang='grc' dir='ltr'>δίει</span> <span class='ocrx_word' id='word_1_559' title='bbox 853 5731 1110 5782; x_wconf 78' lang='lat' dir='ltr'>Combeﬁs.</span> <span class='ocrx_word' id='word_1_560' title='bbox 1153 5731 1303 5782; x_wconf 80' lang='lat' dir='ltr'><strong>Savil.</strong></span> <span class='ocrx_word' id='word_1_561' title='bbox 1347 5733 1397 5780; x_wconf 88' lang='lat' dir='ltr'>in</span> <span class='ocrx_word' id='word_1_562' title='bbox 1425 5739 1564 5782; x_wconf 73' lang='lat' dir='ltr'><strong>textu</strong></span> <span class='ocrx_word' id='word_1_563' title='bbox 1609 5738 1844 5798; x_wconf 78' lang='grc' dir='ltr'>στοιχεῖα,</span> <span class='ocrx_word' id='word_1_564' title='bbox 1882 5741 1934 5787; x_wconf 80' lang='lat' dir='ltr'><strong>in</strong></span> <span class='ocrx_word' id='word_1_565' title='bbox 1970 5742 2190 5806; x_wconf 77' lang='lat' dir='ltr'>margine</span> 
     </span>
    </p>
   </div>
   <div class='ocr_carea' id='block_1_66' title="bbox 597 5800 812 5858">
    <p class='ocr_par' dir='ltr' id='par_1_66' title="bbox 597 5800 812 5858">
     <span class='ocr_line' id='line_1_66' title="bbox 597 5800 812 5858; baseline -0.005 -16"><span class='ocrx_word' id='word_1_566' title='bbox 597 5800 812 5858; x_wconf 71' lang='grc' dir='ltr'>στοιχιᾴ.</span> 
     </span>
    </p>
   </div>
   <div class='ocr_carea' id='block_1_67' title="bbox 2055 355 2432 413">
    <p class='ocr_par' dir='ltr' id='par_1_67' title="bbox 2055 355 2432 413">
     <span class='ocr_line' id='line_1_67' title="bbox 2055 355 2432 413; baseline -0.005 0"><span class='ocrx_word' id='word_1_567' title='bbox 2055 355 2432 413; x_wconf 66' lang='lat' dir='ltr'>SEVIiRlANI</span> 
     </span>
    </p>
   </div>
   <div class='ocr_carea' id='block_1_68' title="bbox 3846 366 3961 421">
    <p class='ocr_par' dir='ltr' id='par_1_68' title="bbox 3846 366 3961 421">
     <span class='ocr_line' id='line_1_68' title="bbox 3846 366 3961 421; baseline 0.017 -2"><span class='ocrx_word' id='word_1_568' title='bbox 3846 366 3961 421; x_wconf 77' lang='lat'>482</span> 
     </span>
    </p>
   </div>
   <div class='ocr_carea' id='block_1_69' title="bbox 2364 470 3958 542">
    <p class='ocr_par' dir='ltr' id='par_1_69' title="bbox 2364 470 3958 542">
     <span class='ocr_line' id='line_1_69' title="bbox 2364 470 3958 542; baseline 0.002 -18"><span class='ocrx_word' id='word_1_569' title='bbox 2364 473 2464 542; x_wconf 75' lang='grc' dir='ltr'>τῆς</span> <span class='ocrx_word' id='word_1_570' title='bbox 2510 473 2769 540; x_wconf 86' lang='grc' dir='ltr'>γυναικὸς</span> <span class='ocrx_word' id='word_1_571' title='bbox 2817 472 3028 542; x_wconf 86' lang='grc' dir='ltr'>λέγων·</span> <span class='ocrx_word' id='word_1_572' title='bbox 3072 475 3252 529; x_wconf 85' lang='grc' dir='ltr'>Τοῦτο</span> <span class='ocrx_word' id='word_1_573' title='bbox 3306 474 3424 528; x_wconf 69' lang='grc' dir='ltr'>νῦν</span> <span class='ocrx_word' id='word_1_574' title='bbox 3473 470 3702 527; x_wconf 85' lang='grc' dir='ltr'>ὀστοῦν</span> <span class='ocrx_word' id='word_1_575' title='bbox 3730 471 3800 530; x_wconf 80' lang='grc' dir='ltr'>ἐκ</span> <span class='ocrx_word' id='word_1_576' title='bbox 3836 471 3958 527; x_wconf 82' lang='grc' dir='ltr'>τῶν</span> 
     </span>
    </p>
   </div>
   <div class='ocr_carea' id='block_1_70' title="bbox 2365 554 3960 629">
    <p class='ocr_par' dir='ltr' id='par_1_70' title="bbox 2365 554 3960 629">
     <span class='ocr_line' id='line_1_70' title="bbox 2365 554 3960 629; baseline 0.002 -22"><span class='ocrx_word' id='word_1_577' title='bbox 2365 554 2562 608; x_wconf 79' lang='grc' dir='ltr'>ὀστῶν</span> <span class='ocrx_word' id='word_1_578' title='bbox 2595 574 2734 625; x_wconf 85' lang='grc' dir='ltr'>μου,</span> <span class='ocrx_word' id='word_1_579' title='bbox 2765 559 2861 611; x_wconf 78' lang='grc' dir='ltr'>καὶ</span> <span class='ocrx_word' id='word_1_580' title='bbox 2901 558 3060 626; x_wconf 80' lang='grc' dir='ltr'>σὰρξ</span> <span class='ocrx_word' id='word_1_581' title='bbox 3090 559 3158 612; x_wconf 84' lang='grc' dir='ltr'>ἐκ</span> <span class='ocrx_word' id='word_1_582' title='bbox 3191 558 3302 626; x_wconf 78' lang='grc' dir='ltr'>τῆς</span> <span class='ocrx_word' id='word_1_583' title='bbox 3327 558 3555 624; x_wconf 82' lang='grc' dir='ltr'>σαρκός</span> <span class='ocrx_word' id='word_1_584' title='bbox 3580 576 3722 626; x_wconf 80' lang='grc' dir='ltr'>μου.</span> <span class='ocrx_word' id='word_1_585' title='bbox 3760 556 3820 610; x_wconf 82' lang='grc'>’0</span> <span class='ocrx_word' id='word_1_586' title='bbox 3846 559 3960 629; x_wconf 75' lang='grc' dir='ltr'>γὰρ</span> 
     </span>
    </p>
   </div>
   <div class='ocr_carea' id='block_1_71' title="bbox 2363 637 3960 707">
    <p class='ocr_par' dir='ltr' id='par_1_71' title="bbox 2363 637 3960 707">
     <span class='ocr_line' id='line_1_71' title="bbox 2363 637 3960 707; baseline 0.003 -17"><span class='ocrx_word' id='word_1_587' title='bbox 2363 638 2493 701; x_wconf 84' lang='grc' dir='ltr'>Θεὸς</span> <span class='ocrx_word' id='word_1_588' title='bbox 2529 641 2618 692; x_wconf 77' lang='grc' dir='ltr'>ὅτε</span> <span class='ocrx_word' id='word_1_589' title='bbox 2674 641 2838 693; x_wconf 90' lang='grc' dir='ltr'>αὑτὸν</span> <span class='ocrx_word' id='word_1_590' title='bbox 2873 641 3106 695; x_wconf 80' lang='grc' dir='ltr'>ἔπλασεν</span> <span class='ocrx_word' id='word_1_591' title='bbox 3131 684 3146 707; x_wconf 93' lang='grc'>,</span> <span class='ocrx_word' id='word_1_592' title='bbox 3180 644 3280 694; x_wconf 85' lang='grc' dir='ltr'>οὑκ</span> <span class='ocrx_word' id='word_1_593' title='bbox 3311 637 3464 694; x_wconf 77' lang='grc' dir='ltr'>εἶπεν</span> <span class='ocrx_word' id='word_1_594' title='bbox 3490 681 3506 704; x_wconf 93' lang='grc'>,</span> <span class='ocrx_word' id='word_1_595' title='bbox 3554 643 3638 694; x_wconf 83' lang='grc' dir='ltr'>ὅτι</span> <span class='ocrx_word' id='word_1_596' title='bbox 3668 642 3726 706; x_wconf 79' lang='grc' dir='ltr'>ἐξ</span> <span class='ocrx_word' id='word_1_597' title='bbox 3753 641 3960 694; x_wconf 82' lang='grc' dir='ltr'>ὀστέων</span> 
     </span>
    </p>
   </div>
   <div class='ocr_carea' id='block_1_72' title="bbox 2362 723 3957 796">
    <p class='ocr_par' dir='ltr' id='par_1_72' title="bbox 2362 723 3957 796">
     <span class='ocr_line' id='line_1_72' title="bbox 2362 723 3957 796; baseline 0.001 -22"><span class='ocrx_word' id='word_1_598' title='bbox 2362 723 2524 774; x_wconf 84' lang='grc' dir='ltr'>αὑτὸν</span> <span class='ocrx_word' id='word_1_599' title='bbox 2549 723 2748 776; x_wconf 81' lang='grc' dir='ltr'>ἔπλασε</span> <span class='ocrx_word' id='word_1_600' title='bbox 2778 725 2872 776; x_wconf 76' lang='grc' dir='ltr'>καὶ</span> <span class='ocrx_word' id='word_1_601' title='bbox 2898 725 3121 794; x_wconf 87' lang='grc' dir='ltr'>σαρκός.</span> <span class='ocrx_word' id='word_1_602' title='bbox 3156 726 3326 779; x_wconf 87' lang='grc' dir='ltr'>Πάλιν</span> <span class='ocrx_word' id='word_1_603' title='bbox 3352 726 3380 777; x_wconf 91' lang='lat'>6</span> <span class='ocrx_word' id='word_1_604' title='bbox 3398 726 3532 787; x_wconf 88' lang='grc' dir='ltr'>Θεὸς</span> <span class='ocrx_word' id='word_1_605' title='bbox 3556 725 3726 791; x_wconf 84' lang='grc' dir='ltr'>λέγει,</span> <span class='ocrx_word' id='word_1_606' title='bbox 3760 725 3957 796; x_wconf 74' lang='grc' dir='ltr'>ἄρρεν’</span> 
     </span>
    </p>
   </div>
   <div class='ocr_carea' id='block_1_73' title="bbox 2359 797 3956 878">
    <p class='ocr_par' dir='ltr' id='par_1_73' title="bbox 2359 797 3956 878">
     <span class='ocr_line' id='line_1_73' title="bbox 2359 797 3956 878; baseline 0.003 -23"><span class='ocrx_word' id='word_1_607' title='bbox 2359 797 2514 867; x_wconf 80' lang='grc' dir='ltr'>οὗτος</span> <span class='ocrx_word' id='word_1_608' title='bbox 2548 805 2714 874; x_wconf 87' lang='grc' dir='ltr'>λέγει,</span> <span class='ocrx_word' id='word_1_609' title='bbox 2751 808 2890 878; x_wconf 88' lang='grc' dir='ltr'>ἀνήρ</span> <span class='ocrx_word' id='word_1_610' title='bbox 2920 825 2930 836; x_wconf 92' lang='grc'>·</span> <span class='ocrx_word' id='word_1_611' title='bbox 2963 810 2991 860; x_wconf 94' lang='lat'>6</span> <span class='ocrx_word' id='word_1_612' title='bbox 3026 808 3159 870; x_wconf 86' lang='grc' dir='ltr'>Θεὸς</span> <span class='ocrx_word' id='word_1_613' title='bbox 3180 808 3348 874; x_wconf 90' lang='grc' dir='ltr'>λέγει,</span> <span class='ocrx_word' id='word_1_614' title='bbox 3385 807 3516 877; x_wconf 83' lang='grc' dir='ltr'>θῆλυ</span> <span class='ocrx_word' id='word_1_615' title='bbox 3544 824 3558 838; x_wconf 81' lang='grc'><em>’</em></span> <span class='ocrx_word' id='word_1_616' title='bbox 3584 800 3741 869; x_wconf 71' lang='grc' dir='ltr'>οὗτος</span> <span class='ocrx_word' id='word_1_617' title='bbox 3771 807 3956 875; x_wconf 82' lang='grc' dir='ltr'>λέγει,</span> 
     </span>
    </p>
   </div>
   <div class='ocr_carea' id='block_1_74' title="bbox 2359 889 3956 961">
    <p class='ocr_par' dir='ltr' id='par_1_74' title="bbox 2359 889 3956 961">
     <span class='ocr_line' id='line_1_74' title="bbox 2359 889 3956 961; baseline 0.002 -23"><span class='ocrx_word' id='word_1_618' title='bbox 2359 890 2516 959; x_wconf 83' lang='grc' dir='ltr'>γυνή.</span> <span class='ocrx_word' id='word_1_619' title='bbox 2549 890 2657 941; x_wconf 74' lang='grc' dir='ltr'>Καὶ</span> <span class='ocrx_word' id='word_1_620' title='bbox 2700 889 2761 941; x_wconf 93' lang='grc' dir='ltr'>τὸ</span> <span class='ocrx_word' id='word_1_621' title='bbox 2814 890 3164 959; x_wconf 85' lang='grc' dir='ltr'>θαυμαστὸν,</span> <span class='ocrx_word' id='word_1_622' title='bbox 3201 891 3387 961; x_wconf 77' lang='grc' dir='ltr'>ἐπειδὴ</span> <span class='ocrx_word' id='word_1_623' title='bbox 3433 890 3744 960; x_wconf 83' lang='grc' dir='ltr'>Πνεύματος</span> <span class='ocrx_word' id='word_1_624' title='bbox 3795 890 3956 958; x_wconf 81' lang='grc' dir='ltr'>ἁγίου</span> 
     </span>
    </p>
   </div>
   <div class='ocr_carea' id='block_1_75' title="bbox 2357 970 3955 1046">
    <p class='ocr_par' dir='ltr' id='par_1_75' title="bbox 2357 970 3955 1046">
     <span class='ocr_line' id='line_1_75' title="bbox 2357 970 3955 1046; baseline -0.004 -21"><span class='ocrx_word' id='word_1_625' title='bbox 2357 973 2736 1045; x_wconf 76' lang='grc' dir='ltr'>ἐπεπλήρωτο,</span> <span class='ocrx_word' id='word_1_626' title='bbox 2767 974 2863 1028; x_wconf 81' lang='grc' dir='ltr'>καὶ</span> <span class='ocrx_word' id='word_1_627' title='bbox 2902 975 3114 1028; x_wconf 83' lang='grc' dir='ltr'>ούδέπω</span> <span class='ocrx_word' id='word_1_628' title='bbox 3139 970 3208 1046; x_wconf 81' lang='grc' dir='ltr'>ἦν</span> <span class='ocrx_word' id='word_1_629' title='bbox 3246 975 3500 1046; x_wconf 86' lang='grc' dir='ltr'>παραϐὰς</span> <span class='ocrx_word' id='word_1_630' title='bbox 3530 979 3558 1028; x_wconf 90' lang='lat'>6</span> <span class='ocrx_word' id='word_1_631' title='bbox 3583 975 3765 1038; x_wconf 83' lang='grc' dir='ltr'>ἄθλιος</span> <span class='ocrx_word' id='word_1_632' title='bbox 3789 1015 3805 1039; x_wconf 81' lang='grc'>,</span> <span class='ocrx_word' id='word_1_633' title='bbox 3839 974 3955 1026; x_wconf 71' lang='grc' dir='ltr'>ἀλλ’</span> 
     </span>
    </p>
   </div>
   <div class='ocr_carea' id='block_1_76' title="bbox 2357 1055 3956 1128">
    <p class='ocr_par' dir='ltr' id='par_1_76' title="bbox 2357 1055 3956 1128">
     <span class='ocr_line' id='line_1_76' title="bbox 2357 1055 3956 1128; baseline 0.003 -21"><span class='ocrx_word' id='word_1_634' title='bbox 2357 1055 2522 1126; x_wconf 75' lang='grc' dir='ltr'>ἔγεμε</span> <span class='ocrx_word' id='word_1_635' title='bbox 2557 1058 2776 1128; x_wconf 87' lang='grc' dir='ltr'>χάριτος</span> <span class='ocrx_word' id='word_1_636' title='bbox 2797 1096 2812 1118; x_wconf 93' lang='grc'>,</span> <span class='ocrx_word' id='word_1_637' title='bbox 2842 1060 2874 1127; x_wconf 82' lang='grc' dir='ltr'>ή</span> <span class='ocrx_word' id='word_1_638' title='bbox 2911 1060 3242 1128; x_wconf 68' lang='grc' dir='ltr'>προφητεία,</span> <span class='ocrx_word' id='word_1_639' title='bbox 3269 1059 3335 1128; x_wconf 75' lang='grc' dir='ltr'>ἢν</span> <span class='ocrx_word' id='word_1_640' title='bbox 3365 1055 3556 1111; x_wconf 88' lang='grc' dir='ltr'>διεῖλον</span> <span class='ocrx_word' id='word_1_641' title='bbox 3594 1057 3700 1128; x_wconf 87' lang='grc' dir='ltr'>πρὸ</span> <span class='ocrx_word' id='word_1_642' title='bbox 3726 1057 3956 1128; x_wconf 78' lang='grc' dir='ltr'>ἡμερῶν</span> 
     </span>
    </p>
   </div>
   <div class='ocr_carea' id='block_1_77' title="bbox 2355 1137 3954 1213">
    <p class='ocr_par' dir='ltr' id='par_1_77' title="bbox 2355 1137 3954 1213">
     <span class='ocr_line' id='line_1_77' title="bbox 2355 1137 3954 1213; baseline 0.002 -23"><span class='ocrx_word' id='word_1_643' title='bbox 2355 1140 2448 1190; x_wconf 77' lang='grc' dir='ltr'>ἐπὶ</span> <span class='ocrx_word' id='word_1_644' title='bbox 2487 1143 2583 1210; x_wconf 85' lang='grc' dir='ltr'>τῆς</span> <span class='ocrx_word' id='word_1_645' title='bbox 2628 1141 2901 1213; x_wconf 76' lang='grc' dir='ltr'>ὑμετέρας</span> <span class='ocrx_word' id='word_1_646' title='bbox 2944 1142 3208 1211; x_wconf 88' lang='grc' dir='ltr'>ἀγάπης,</span> <span class='ocrx_word' id='word_1_647' title='bbox 3251 1142 3346 1212; x_wconf 83' lang='grc' dir='ltr'>ὅλη</span> <span class='ocrx_word' id='word_1_648' title='bbox 3399 1137 3466 1212; x_wconf 83' lang='grc' dir='ltr'>ἦν</span> <span class='ocrx_word' id='word_1_649' title='bbox 3499 1143 3557 1194; x_wconf 82' lang='grc' dir='ltr'>ἐν</span> <span class='ocrx_word' id='word_1_650' title='bbox 3591 1140 3762 1210; x_wconf 81' lang='grc' dir='ltr'>αὑτῷ.</span> <span class='ocrx_word' id='word_1_651' title='bbox 3796 1141 3954 1212; x_wconf 82' lang='grc' dir='ltr'>’ῌδει</span> 
     </span>
    </p>
   </div>
   <div class='ocr_carea' id='block_1_78' title="bbox 2353 1222 3954 1297">
    <p class='ocr_par' dir='ltr' id='par_1_78' title="bbox 2353 1222 3954 1297">
     <span class='ocr_line' id='line_1_78' title="bbox 2353 1222 3954 1297; baseline 0.001 -23"><span class='ocrx_word' id='word_1_652' title='bbox 2353 1222 2463 1293; x_wconf 87' lang='grc' dir='ltr'>γὰρ</span> <span class='ocrx_word' id='word_1_653' title='bbox 2489 1223 2559 1276; x_wconf 75' lang='grc' dir='ltr'>τά</span> <span class='ocrx_word' id='word_1_654' title='bbox 2585 1224 2926 1295; x_wconf 85' lang='grc' dir='ltr'>προλαϐόντα</span> <span class='ocrx_word' id='word_1_655' title='bbox 2952 1267 2966 1286; x_wconf 96' lang='grc'>,</span> <span class='ocrx_word' id='word_1_656' title='bbox 2999 1225 3117 1297; x_wconf 76' lang='grc' dir='ltr'>ᾔδει</span> <span class='ocrx_word' id='word_1_657' title='bbox 3149 1226 3216 1278; x_wconf 76' lang='grc' dir='ltr'>τὰ</span> <span class='ocrx_word' id='word_1_658' title='bbox 3263 1226 3560 1287; x_wconf 81' lang='grc' dir='ltr'>ἐνεστῶτα,</span> <span class='ocrx_word' id='word_1_659' title='bbox 3596 1225 3690 1278; x_wconf 79' lang='grc' dir='ltr'>καὶ</span> <span class='ocrx_word' id='word_1_660' title='bbox 3723 1224 3793 1276; x_wconf 84' lang='grc' dir='ltr'>τὰ</span> <span class='ocrx_word' id='word_1_661' title='bbox 3825 1225 3954 1294; x_wconf 84' lang='grc' dir='ltr'>μέλ-</span> 
     </span>
    </p>
   </div>
   <div class='ocr_carea' id='block_1_79' title="bbox 2352 1305 3955 1379">
    <p class='ocr_par' dir='ltr' id='par_1_79' title="bbox 2352 1305 3955 1379">
     <span class='ocr_line' id='line_1_79' title="bbox 2352 1305 3955 1379; baseline 0.001 -22"><span class='ocrx_word' id='word_1_662' title='bbox 2352 1305 2528 1358; x_wconf 89' lang='grc' dir='ltr'>λοντα.</span> <span class='ocrx_word' id='word_1_663' title='bbox 2576 1307 2702 1371; x_wconf 88' lang='grc' dir='ltr'>Πῶς</span> <span class='ocrx_word' id='word_1_664' title='bbox 2749 1307 2818 1361; x_wconf 82' lang='grc' dir='ltr'>τὰ</span> <span class='ocrx_word' id='word_1_665' title='bbox 2869 1309 3113 1378; x_wconf 88' lang='grc' dir='ltr'>παρόντα</span> <span class='ocrx_word' id='word_1_666' title='bbox 3161 1309 3312 1379; x_wconf 44' lang='grc' dir='ltr'>ᾖδες</span> <span class='ocrx_word' id='word_1_667' title='bbox 3356 1309 3443 1361; x_wconf 85' lang='grc' dir='ltr'>Ἐν</span> <span class='ocrx_word' id='word_1_668' title='bbox 3485 1307 3696 1378; x_wconf 84' lang='grc' dir='ltr'>σώματι</span> <span class='ocrx_word' id='word_1_669' title='bbox 3753 1306 3955 1374; x_wconf 76' lang='grc' dir='ltr'>ῑξωθεν</span> 
     </span>
    </p>
   </div>
   <div class='ocr_carea' id='block_1_80' title="bbox 2351 1386 3955 1463">
    <p class='ocr_par' dir='ltr' id='par_1_80' title="bbox 2351 1386 3955 1463">
     <span class='ocr_line' id='line_1_80' title="bbox 2351 1386 3955 1463; baseline 0.002 -21"><span class='ocrx_word' id='word_1_670' title='bbox 2351 1391 2535 1444; x_wconf 77' lang='grc' dir='ltr'>ὀστέον</span> <span class='ocrx_word' id='word_1_671' title='bbox 2570 1393 2631 1444; x_wconf 87' lang='grc' dir='ltr'>ού</span> <span class='ocrx_word' id='word_1_672' title='bbox 2661 1393 2948 1460; x_wconf 80' lang='grc' dir='ltr'>φαίνεται·</span> <span class='ocrx_word' id='word_1_673' title='bbox 2986 1392 3099 1445; x_wconf 83' lang='grc' dir='ltr'>ἀλλ’</span> <span class='ocrx_word' id='word_1_674' title='bbox 3129 1393 3320 1463; x_wconf 83' lang='grc' dir='ltr'>ἐπειδὴ</span> <span class='ocrx_word' id='word_1_675' title='bbox 3348 1393 3408 1445; x_wconf 92' lang='grc' dir='ltr'>τὸ</span> <span class='ocrx_word' id='word_1_676' title='bbox 3440 1393 3665 1462; x_wconf 82' lang='grc' dir='ltr'>Πνεῦμα</span> <span class='ocrx_word' id='word_1_677' title='bbox 3691 1386 3830 1462; x_wconf 80' lang='grc' dir='ltr'>εἶχε.</span> <span class='ocrx_word' id='word_1_678' title='bbox 3866 1392 3955 1445; x_wconf 78' lang='grc' dir='ltr'>λέ-</span> 
     </span>
    </p>
   </div>
   <div class='ocr_carea' id='block_1_81' title="bbox 2351 1475 3952 1544">
    <p class='ocr_par' dir='ltr' id='par_1_81' title="bbox 2351 1475 3952 1544">
     <span class='ocr_line' id='line_1_81' title="bbox 2351 1475 3952 1544; baseline 0 -17"><span class='ocrx_word' id='word_1_679' title='bbox 2351 1491 2438 1540; x_wconf 89' lang='grc' dir='ltr'>γει</span> <span class='ocrx_word' id='word_1_680' title='bbox 2463 1490 2474 1502; x_wconf 94' lang='grc'><strong>·</strong></span> <span class='ocrx_word' id='word_1_681' title='bbox 2520 1476 2700 1529; x_wconf 86' lang='grc' dir='ltr'>Τοῦτο</span> <span class='ocrx_word' id='word_1_682' title='bbox 2722 1476 2838 1528; x_wconf 78' lang='grc' dir='ltr'>νῦν</span> <span class='ocrx_word' id='word_1_683' title='bbox 2865 1477 3093 1529; x_wconf 79' lang='grc' dir='ltr'>ὀστοῦν</span> <span class='ocrx_word' id='word_1_684' title='bbox 3125 1478 3195 1530; x_wconf 82' lang='grc' dir='ltr'>ὲκ</span> <span class='ocrx_word' id='word_1_685' title='bbox 3233 1476 3353 1530; x_wconf 85' lang='grc' dir='ltr'>τῶν</span> <span class='ocrx_word' id='word_1_686' title='bbox 3391 1479 3588 1533; x_wconf 80' lang='grc' dir='ltr'>ὀστῶν</span> <span class='ocrx_word' id='word_1_687' title='bbox 3607 1493 3750 1544; x_wconf 82' lang='grc' dir='ltr'>μου.</span> <span class='ocrx_word' id='word_1_688' title='bbox 3775 1475 3952 1528; x_wconf 78' lang='grc' dir='ltr'>Πόθεν</span> 
     </span>
    </p>
   </div>
   <div class='ocr_carea' id='block_1_82' title="bbox 2351 1554 3952 1630">
    <p class='ocr_par' dir='ltr' id='par_1_82' title="bbox 2351 1554 3952 1630">
     <span class='ocr_line' id='line_1_82' title="bbox 2351 1554 3952 1630; baseline 0.001 -21"><span class='ocrx_word' id='word_1_689' title='bbox 2351 1558 2489 1627; x_wconf 65' lang='grc' dir='ltr'>⁴ᾔδει,</span> <span class='ocrx_word' id='word_1_690' title='bbox 2540 1559 2590 1611; x_wconf 86' lang='grc' dir='ltr'>εί</span> <span class='ocrx_word' id='word_1_691' title='bbox 2627 1558 2702 1630; x_wconf 82' lang='grc' dir='ltr'>μὴ</span> <span class='ocrx_word' id='word_1_692' title='bbox 2731 1559 2957 1630; x_wconf 87' lang='grc' dir='ltr'>Πνεῦμα</span> <span class='ocrx_word' id='word_1_693' title='bbox 3011 1559 3165 1629; x_wconf 74' lang='grc' dir='ltr'>ἅγιον</span> <span class='ocrx_word' id='word_1_694' title='bbox 3217 1559 3611 1629; x_wconf 75' lang='grc' dir='ltr'>ἀπεκάλυψενς</span> <span class='ocrx_word' id='word_1_695' title='bbox 3649 1559 3806 1611; x_wconf 86' lang='grc' dir='ltr'>Διατί</span> <span class='ocrx_word' id='word_1_696' title='bbox 3855 1554 3952 1611; x_wconf 78' lang='grc' dir='ltr'>οὖν</span> 
     </span>
    </p>
   </div>
   <div class='ocr_carea' id='block_1_83' title="bbox 2350 1641 3953 1713">
    <p class='ocr_par' dir='ltr' id='par_1_83' title="bbox 2350 1641 3953 1713">
     <span class='ocr_line' id='line_1_83' title="bbox 2350 1641 3953 1713; baseline 0.002 -21"><span class='ocrx_word' id='word_1_697' title='bbox 2350 1642 2567 1712; x_wconf 87' lang='grc' dir='ltr'>πρῶτον</span> <span class='ocrx_word' id='word_1_698' title='bbox 2589 1642 2802 1707; x_wconf 82' lang='grc' dir='ltr'>ὀστοῦν,</span> <span class='ocrx_word' id='word_1_699' title='bbox 2821 1645 2916 1697; x_wconf 72' lang='grc' dir='ltr'>καὶ</span> <span class='ocrx_word' id='word_1_700' title='bbox 2950 1644 3070 1696; x_wconf 88' lang='grc' dir='ltr'>τότε</span> <span class='ocrx_word' id='word_1_701' title='bbox 3104 1645 3269 1713; x_wconf 78' lang='grc' dir='ltr'>σάρξ;</span> <span class='ocrx_word' id='word_1_702' title='bbox 3297 1644 3516 1712; x_wconf 84' lang='grc' dir='ltr'>Ἐπειδὴ</span> <span class='ocrx_word' id='word_1_703' title='bbox 3537 1643 3756 1713; x_wconf 85' lang='grc' dir='ltr'>πρῶτον</span> <span class='ocrx_word' id='word_1_704' title='bbox 3784 1641 3953 1695; x_wconf 81' lang='grc' dir='ltr'>πλευ-</span> 
     </span>
    </p>
   </div>
   <div class='ocr_carea' id='block_1_84' title="bbox 2352 1726 3953 1797">
    <p class='ocr_par' dir='ltr' id='par_1_84' title="bbox 2352 1726 3953 1797">
     <span class='ocr_line' id='line_1_84' title="bbox 2352 1726 3953 1797; baseline -0.001 -18"><span class='ocrx_word' id='word_1_705' title='bbox 2352 1727 2452 1797; x_wconf 80' lang='grc' dir='ltr'>ράν</span> <span class='ocrx_word' id='word_1_706' title='bbox 2475 1726 2668 1782; x_wconf 79' lang='grc' dir='ltr'>ἐλαϐεν</span> <span class='ocrx_word' id='word_1_707' title='bbox 2707 1727 2768 1791; x_wconf 80' lang='grc' dir='ltr'>ἐξ</span> <span class='ocrx_word' id='word_1_708' title='bbox 2797 1727 2986 1781; x_wconf 84' lang='grc' dir='ltr'>αὑτοῦ.</span> <span class='ocrx_word' id='word_1_709' title='bbox 3028 1729 3190 1794; x_wconf 84' lang='grc' dir='ltr'>Αὕτη</span> <span class='ocrx_word' id='word_1_710' title='bbox 3213 1769 3226 1791; x_wconf 93' lang='grc'>,</span> <span class='ocrx_word' id='word_1_711' title='bbox 3262 1729 3418 1797; x_wconf 76' lang='grc' dir='ltr'>φησὶ,</span> <span class='ocrx_word' id='word_1_712' title='bbox 3451 1727 3820 1794; x_wconf 75' lang='grc' dir='ltr'>κληθήσεται</span> <span class='ocrx_word' id='word_1_713' title='bbox 3848 1743 3953 1794; x_wconf 79' lang='grc' dir='ltr'>τυ-</span> 
     </span>
    </p>
   </div>
   <div class='ocr_carea' id='block_1_85' title="bbox 2348 1809 3951 1879">
    <p class='ocr_par' dir='ltr' id='par_1_85' title="bbox 2348 1809 3951 1879">
     <span class='ocr_line' id='line_1_85' title="bbox 2348 1809 3951 1879; baseline 0 -18"><span class='ocrx_word' id='word_1_714' title='bbox 2348 1809 2446 1878; x_wconf 80' lang='grc' dir='ltr'>νὴ,</span> <span class='ocrx_word' id='word_1_715' title='bbox 2481 1809 2571 1864; x_wconf 80' lang='grc' dir='ltr'>ὅτι</span> <span class='ocrx_word' id='word_1_716' title='bbox 2606 1812 2676 1864; x_wconf 84' lang='grc' dir='ltr'>ἐκ</span> <span class='ocrx_word' id='word_1_717' title='bbox 2705 1809 2814 1864; x_wconf 89' lang='grc' dir='ltr'>τοῦ</span> <span class='ocrx_word' id='word_1_718' title='bbox 2851 1811 3074 1878; x_wconf 79' lang='grc' dir='ltr'>ἀνδρὸς</span> <span class='ocrx_word' id='word_1_719' title='bbox 3102 1810 3295 1878; x_wconf 79' lang='grc' dir='ltr'>αὐτῆς</span> <span class='ocrx_word' id='word_1_720' title='bbox 3326 1811 3562 1879; x_wconf 73' lang='grc' dir='ltr'>ἐλήφθη</span> <span class='ocrx_word' id='word_1_721' title='bbox 3602 1809 3782 1876; x_wconf 84' lang='grc' dir='ltr'>αὕτη.</span> <span class='ocrx_word' id='word_1_722' title='bbox 3815 1809 3951 1879; x_wconf 76' lang='lat' dir='ltr'>Upo-</span> 
     </span>
    </p>
   </div>
   <div class='ocr_carea' id='block_1_86' title="bbox 2350 1891 3951 1964">
    <p class='ocr_par' dir='ltr' id='par_1_86' title="bbox 2350 1891 3951 1964">
     <span class='ocr_line' id='line_1_86' title="bbox 2350 1891 3951 1964; baseline -0.002 -19"><span class='ocrx_word' id='word_1_723' title='bbox 2350 1892 2572 1962; x_wconf 85' lang='grc' dir='ltr'>φητεύει</span> <span class='ocrx_word' id='word_1_724' title='bbox 2603 1893 2672 1946; x_wconf 83' lang='grc' dir='ltr'>τά</span> <span class='ocrx_word' id='word_1_725' title='bbox 2701 1893 3065 1963; x_wconf 87' lang='grc' dir='ltr'>προλαϐόντα,</span> <span class='ocrx_word' id='word_1_726' title='bbox 3101 1892 3222 1946; x_wconf 86' lang='grc' dir='ltr'>εἷπε</span> <span class='ocrx_word' id='word_1_727' title='bbox 3251 1894 3320 1946; x_wconf 84' lang='grc' dir='ltr'>τά</span> <span class='ocrx_word' id='word_1_728' title='bbox 3361 1893 3606 1964; x_wconf 87' lang='grc' dir='ltr'>παρόντα</span> <span class='ocrx_word' id='word_1_729' title='bbox 3637 1908 3651 1921; x_wconf 86' lang='lat'><strong><em>°</em></strong></span> <span class='ocrx_word' id='word_1_730' title='bbox 3691 1891 3844 1960; x_wconf 88' lang='grc' dir='ltr'>λέγει</span> <span class='ocrx_word' id='word_1_731' title='bbox 3881 1891 3951 1944; x_wconf 73' lang='grc' dir='ltr'>τὰ</span> 
     </span>
    </p>
   </div>
   <div class='ocr_carea' id='block_1_87' title="bbox 2351 1975 3948 2047">
    <p class='ocr_par' dir='ltr' id='par_1_87' title="bbox 2351 1975 3948 2047">
     <span class='ocr_line' id='line_1_87' title="bbox 2351 1975 3948 2047; baseline 0.001 -19"><span class='ocrx_word' id='word_1_732' title='bbox 2351 1975 2612 2046; x_wconf 85' lang='grc' dir='ltr'>μέλλοντα</span> <span class='ocrx_word' id='word_1_733' title='bbox 2637 1993 2651 2004; x_wconf 89' lang='grc'><strong>·</strong></span> <span class='ocrx_word' id='word_1_734' title='bbox 2698 1976 2848 2029; x_wconf 77' lang='grc' dir='ltr'>Ἀντί</span> <span class='ocrx_word' id='word_1_735' title='bbox 2881 1975 3037 2047; x_wconf 66' lang='lat'>[692]</span> <span class='ocrx_word' id='word_1_736' title='bbox 3076 1978 3293 2030; x_wconf 84' lang='grc' dir='ltr'>τούτου</span> <span class='ocrx_word' id='word_1_737' title='bbox 3323 1979 3675 2043; x_wconf 69' lang='grc' dir='ltr'>καταλείψει</span> <span class='ocrx_word' id='word_1_738' title='bbox 3715 1975 3948 2042; x_wconf 79' lang='grc' dir='ltr'>ἄνθρω-</span> 
     </span>
    </p>
   </div>
   <div class='ocr_carea' id='block_1_88' title="bbox 2346 2058 3948 2128">
    <p class='ocr_par' dir='ltr' id='par_1_88' title="bbox 2346 2058 3948 2128">
     <span class='ocr_line' id='line_1_88' title="bbox 2346 2058 3948 2128; baseline 0.001 -19"><span class='ocrx_word' id='word_1_739' title='bbox 2346 2073 2461 2123; x_wconf 81' lang='grc' dir='ltr'>πος</span> <span class='ocrx_word' id='word_1_740' title='bbox 2506 2058 2614 2110; x_wconf 80' lang='grc' dir='ltr'>τὸν</span> <span class='ocrx_word' id='word_1_741' title='bbox 2639 2058 2868 2124; x_wconf 76' lang='grc' dir='ltr'>πατέρα</span> <span class='ocrx_word' id='word_1_742' title='bbox 2905 2059 3093 2112; x_wconf 83' lang='grc' dir='ltr'>αὑτοῦ</span> <span class='ocrx_word' id='word_1_743' title='bbox 3140 2060 3236 2112; x_wconf 79' lang='grc' dir='ltr'>καὶ</span> <span class='ocrx_word' id='word_1_744' title='bbox 3289 2059 3404 2126; x_wconf 78' lang='grc' dir='ltr'>τὴν</span> <span class='ocrx_word' id='word_1_745' title='bbox 3434 2059 3682 2128; x_wconf 82' lang='grc' dir='ltr'>μητέρα.</span> <span class='ocrx_word' id='word_1_746' title='bbox 3719 2058 3948 2111; x_wconf 82' lang='grc' dir='ltr'>Οὑδέπω</span> 
     </span>
    </p>
   </div>
   <div class='ocr_carea' id='block_1_89' title="bbox 2345 2140 3946 2212">
    <p class='ocr_par' dir='ltr' id='par_1_89' title="bbox 2345 2140 3946 2212">
     <span class='ocr_line' id='line_1_89' title="bbox 2345 2140 3946 2212; baseline 0 -20"><span class='ocrx_word' id='word_1_747' title='bbox 2345 2140 2524 2207; x_wconf 86' lang='grc' dir='ltr'>γάμος</span> <span class='ocrx_word' id='word_1_748' title='bbox 2547 2180 2561 2200; x_wconf 94' lang='grc'>,</span> <span class='ocrx_word' id='word_1_749' title='bbox 2595 2141 2688 2192; x_wconf 83' lang='grc' dir='ltr'>καὶ</span> <span class='ocrx_word' id='word_1_750' title='bbox 2722 2141 2887 2192; x_wconf 88' lang='grc' dir='ltr'>πόθεν</span> <span class='ocrx_word' id='word_1_751' title='bbox 2922 2143 3106 2211; x_wconf 71' lang='grc' dir='ltr'>πατὴρ</span> <span class='ocrx_word' id='word_1_752' title='bbox 3145 2143 3240 2194; x_wconf 76' lang='grc' dir='ltr'>καὶ</span> <span class='ocrx_word' id='word_1_753' title='bbox 3274 2143 3499 2212; x_wconf 88' lang='grc' dir='ltr'>μήτηρ;</span> <span class='ocrx_word' id='word_1_754' title='bbox 3540 2141 3704 2194; x_wconf 87' lang='grc' dir='ltr'>πάλιν</span> <span class='ocrx_word' id='word_1_755' title='bbox 3746 2141 3946 2194; x_wconf 81' lang='grc' dir='ltr'>ἀκουέ-</span> 
     </span>
    </p>
   </div>
   <div class='ocr_carea' id='block_1_90' title="bbox 2343 2223 3948 2294">
    <p class='ocr_par' dir='ltr' id='par_1_90' title="bbox 2343 2223 3948 2294">
     <span class='ocr_line' id='line_1_90' title="bbox 2343 2223 3948 2294; baseline 0 -19"><span class='ocrx_word' id='word_1_756' title='bbox 2343 2240 2525 2276; x_wconf 86' lang='grc' dir='ltr'>τωσαν</span> <span class='ocrx_word' id='word_1_757' title='bbox 2549 2223 2835 2292; x_wconf 88' lang='grc' dir='ltr'>αἱρετικοί.</span> <span class='ocrx_word' id='word_1_758' title='bbox 2873 2224 3165 2293; x_wconf 82' lang='grc' dir='ltr'>Ὴθέλησεν</span> <span class='ocrx_word' id='word_1_759' title='bbox 3193 2226 3221 2277; x_wconf 90' lang='lat'>6</span> <span class='ocrx_word' id='word_1_760' title='bbox 3246 2224 3377 2286; x_wconf 84' lang='grc' dir='ltr'>Θεὸς</span> <span class='ocrx_word' id='word_1_761' title='bbox 3411 2223 3635 2292; x_wconf 79' lang='grc' dir='ltr'>ποιῆσαι</span> <span class='ocrx_word' id='word_1_762' title='bbox 3666 2223 3746 2294; x_wconf 82' lang='grc' dir='ltr'>τῷ</span> <span class='ocrx_word' id='word_1_763' title='bbox 3773 2223 3948 2293; x_wconf 75' lang='grc' dir='ltr'>’Δδάμ</span> 
     </span>
    </p>
   </div>
   <div class='ocr_carea' id='block_1_91' title="bbox 2342 2305 3944 2375">
    <p class='ocr_par' dir='ltr' id='par_1_91' title="bbox 2342 2305 3944 2375">
     <span class='ocr_line' id='line_1_91' title="bbox 2342 2305 3944 2375; baseline 0.001 -19"><span class='ocrx_word' id='word_1_764' title='bbox 2342 2305 2442 2375; x_wconf 78' lang='grc' dir='ltr'>τὴν</span> <span class='ocrx_word' id='word_1_765' title='bbox 2466 2308 2724 2371; x_wconf 89' lang='grc' dir='ltr'>γυναῖκα.</span> <span class='ocrx_word' id='word_1_766' title='bbox 2771 2306 3100 2359; x_wconf 72' lang='grc' dir='ltr'>Ἐπέϐαλεν</span> <span class='ocrx_word' id='word_1_767' title='bbox 3128 2308 3428 2360; x_wconf 71' lang='grc' dir='ltr'>ἔκστασιν</span> <span class='ocrx_word' id='word_1_768' title='bbox 3451 2306 3548 2359; x_wconf 78' lang='grc' dir='ltr'>ἐπὶ</span> <span class='ocrx_word' id='word_1_769' title='bbox 3576 2306 3686 2358; x_wconf 78' lang='grc' dir='ltr'>τὸν</span> <span class='ocrx_word' id='word_1_770' title='bbox 3734 2305 3944 2374; x_wconf 78' lang='grc' dir='ltr'>Ἀδὰμ,</span> 
     </span>
    </p>
   </div>
   <div class='ocr_carea' id='block_1_92' title="bbox 2343 2388 3945 2460">
    <p class='ocr_par' dir='ltr' id='par_1_92' title="bbox 2343 2388 3945 2460">
     <span class='ocr_line' id='line_1_92' title="bbox 2343 2388 3945 2460; baseline 0.001 -21"><span class='ocrx_word' id='word_1_771' title='bbox 2343 2388 2440 2440; x_wconf 80' lang='grc' dir='ltr'>καί</span> <span class='ocrx_word' id='word_1_772' title='bbox 2505 2388 2810 2441; x_wconf 82' lang='grc' dir='ltr'>ὕπνωσεν.</span> <span class='ocrx_word' id='word_1_773' title='bbox 2874 2389 2990 2440; x_wconf 80' lang='grc' dir='ltr'>Πᾶν</span> <span class='ocrx_word' id='word_1_774' title='bbox 3057 2389 3208 2458; x_wconf 74' lang='grc' dir='ltr'>ῥῆμα</span> <span class='ocrx_word' id='word_1_775' title='bbox 3263 2389 3400 2442; x_wconf 87' lang='grc' dir='ltr'>Θεοῦ</span> <span class='ocrx_word' id='word_1_776' title='bbox 3472 2391 3702 2460; x_wconf 89' lang='grc' dir='ltr'>ἀρχαῖον</span> <span class='ocrx_word' id='word_1_777' title='bbox 3760 2388 3945 2442; x_wconf 58' lang='grc' dir='ltr'>κακῶν</span> 
     </span>
    </p>
   </div>
   <div class='ocr_carea' id='block_1_93' title="bbox 2341 2471 3942 2544">
    <p class='ocr_par' dir='ltr' id='par_1_93' title="bbox 2341 2471 3942 2544">
     <span class='ocr_line' id='line_1_93' title="bbox 2341 2471 3942 2544; baseline 0.002 -22"><span class='ocrx_word' id='word_1_778' title='bbox 2341 2472 2563 2538; x_wconf 80' lang='grc' dir='ltr'>ἐγένετο</span> <span class='ocrx_word' id='word_1_779' title='bbox 2612 2472 2708 2540; x_wconf 79' lang='grc' dir='ltr'>τῆς</span> <span class='ocrx_word' id='word_1_780' title='bbox 2747 2471 2984 2540; x_wconf 82' lang='grc' dir='ltr'>φύσεως.</span> <span class='ocrx_word' id='word_1_781' title='bbox 3033 2473 3380 2526; x_wconf 86' lang='grc' dir='ltr'>Ἐπαίδευσεν</span> <span class='ocrx_word' id='word_1_782' title='bbox 3414 2474 3523 2526; x_wconf 86' lang='grc' dir='ltr'>ἀπὸ</span> <span class='ocrx_word' id='word_1_783' title='bbox 3560 2473 3654 2526; x_wconf 88' lang='grc' dir='ltr'>τοῦ</span> <span class='ocrx_word' id='word_1_784' title='bbox 3695 2473 3942 2544; x_wconf 85' lang='grc' dir='ltr'>πρώτου,</span> 
     </span>
    </p>
   </div>
   <div class='ocr_carea' id='block_1_94' title="bbox 2342 2555 3945 2630">
    <p class='ocr_par' dir='ltr' id='par_1_94' title="bbox 2342 2555 3945 2630">
     <span class='ocr_line' id='line_1_94' title="bbox 2342 2555 3945 2630; baseline 0.004 -24"><span class='ocrx_word' id='word_1_785' title='bbox 2342 2555 2459 2617; x_wconf 85' lang='grc' dir='ltr'>πῶς</span> <span class='ocrx_word' id='word_1_786' title='bbox 2491 2556 2571 2606; x_wconf 90' lang='grc' dir='ltr'>δεῖ</span> <span class='ocrx_word' id='word_1_787' title='bbox 2597 2555 3031 2627; x_wconf 82' lang='grc' dir='ltr'>ἀπομερίζεσθαι</span> <span class='ocrx_word' id='word_1_788' title='bbox 3088 2557 3196 2610; x_wconf 83' lang='grc' dir='ltr'>ἀπὸ</span> <span class='ocrx_word' id='word_1_789' title='bbox 3241 2556 3335 2610; x_wconf 88' lang='grc' dir='ltr'>τοῦ</span> <span class='ocrx_word' id='word_1_790' title='bbox 3384 2556 3673 2630; x_wconf 86' lang='grc' dir='ltr'>ἀνθρώπου</span> <span class='ocrx_word' id='word_1_791' title='bbox 3713 2558 3775 2610; x_wconf 88' lang='grc' dir='ltr'>τὸ</span> <span class='ocrx_word' id='word_1_792' title='bbox 3804 2559 3945 2612; x_wconf 79' lang='grc' dir='ltr'>πλά-</span> 
     </span>
    </p>
   </div>
   <div class='ocr_carea' id='block_1_95' title="bbox 2343 2637 3941 2710">
    <p class='ocr_par' dir='ltr' id='par_1_95' title="bbox 2343 2637 3941 2710">
     <span class='ocr_line' id='line_1_95' title="bbox 2343 2637 3941 2710; baseline 0.003 -21"><span class='ocrx_word' id='word_1_793' title='bbox 2343 2654 2472 2707; x_wconf 90' lang='grc' dir='ltr'>σμα.</span> <span class='ocrx_word' id='word_1_794' title='bbox 2517 2638 2846 2692; x_wconf 75' lang='grc' dir='ltr'>Ἐπέϐαλεν</span> <span class='ocrx_word' id='word_1_795' title='bbox 2899 2643 2932 2693; x_wconf 86' lang='grc' dir='ltr'>ό</span> <span class='ocrx_word' id='word_1_796' title='bbox 2988 2639 3132 2705; x_wconf 84' lang='grc' dir='ltr'>Θεὸς</span> <span class='ocrx_word' id='word_1_797' title='bbox 3184 2637 3263 2703; x_wconf 85' lang='grc' dir='ltr'>τῷ</span> <span class='ocrx_word' id='word_1_798' title='bbox 3309 2640 3494 2710; x_wconf 79' lang='grc' dir='ltr'>Ἀδὰμ</span> <span class='ocrx_word' id='word_1_799' title='bbox 3534 2642 3754 2693; x_wconf 77' lang='grc' dir='ltr'>ὕπνον.</span> <span class='ocrx_word' id='word_1_800' title='bbox 3791 2640 3941 2694; x_wconf 91' lang='grc' dir='ltr'>Θαυ-</span> 
     </span>
    </p>
   </div>
   <div class='ocr_carea' id='block_1_96' title="bbox 2341 2721 3941 2793">
    <p class='ocr_par' dir='ltr' id='par_1_96' title="bbox 2341 2721 3941 2793">
     <span class='ocr_line' id='line_1_96' title="bbox 2341 2721 3941 2793; baseline 0.003 -20"><span class='ocrx_word' id='word_1_801' title='bbox 2341 2721 2550 2789; x_wconf 87' lang='grc' dir='ltr'>μαστὸν</span> <span class='ocrx_word' id='word_1_802' title='bbox 2596 2723 2848 2792; x_wconf 81' lang='grc' dir='ltr'>πρᾶγμα.</span> <span class='ocrx_word' id='word_1_803' title='bbox 2886 2723 2989 2774; x_wconf 90' lang='grc' dir='ltr'>Τὸν</span> <span class='ocrx_word' id='word_1_804' title='bbox 3039 2722 3231 2793; x_wconf 83' lang='grc' dir='ltr'>καιρόν</span> <span class='ocrx_word' id='word_1_805' title='bbox 3265 2723 3441 2790; x_wconf 88' lang='grc' dir='ltr'>λέγει,</span> <span class='ocrx_word' id='word_1_806' title='bbox 3493 2723 3614 2777; x_wconf 87' lang='grc' dir='ltr'>καθ’</span> <span class='ocrx_word' id='word_1_807' title='bbox 3662 2722 3723 2774; x_wconf 81' lang='grc' dir='ltr'>ὃν</span> <span class='ocrx_word' id='word_1_808' title='bbox 3773 2725 3804 2776; x_wconf 88' lang='lat'>6</span> <span class='ocrx_word' id='word_1_809' title='bbox 3840 2725 3941 2791; x_wconf 82' lang='grc' dir='ltr'>γά-</span> 
     </span>
    </p>
   </div>
   <div class='ocr_carea' id='block_1_97' title="bbox 2340 2804 3941 2878">
    <p class='ocr_par' dir='ltr' id='par_1_97' title="bbox 2340 2804 3941 2878">
     <span class='ocr_line' id='line_1_97' title="bbox 2340 2804 3941 2878; baseline 0.004 -25"><span class='ocrx_word' id='word_1_810' title='bbox 2340 2821 2457 2872; x_wconf 89' lang='grc' dir='ltr'>μος.</span> <span class='ocrx_word' id='word_1_811' title='bbox 2496 2804 2704 2866; x_wconf 83' lang='grc' dir='ltr'>’Ύπνος</span> <span class='ocrx_word' id='word_1_812' title='bbox 2739 2804 2996 2868; x_wconf 80' lang='grc' dir='ltr'>ἔκστασις</span> <span class='ocrx_word' id='word_1_813' title='bbox 3041 2805 3299 2872; x_wconf 86' lang='grc' dir='ltr'>λέγεται,</span> <span class='ocrx_word' id='word_1_814' title='bbox 3357 2807 3545 2878; x_wconf 78' lang='grc' dir='ltr'>ἐπειδὴ</span> <span class='ocrx_word' id='word_1_815' title='bbox 3578 2807 3772 2878; x_wconf 84' lang='grc' dir='ltr'>ῶσπερ</span> <span class='ocrx_word' id='word_1_816' title='bbox 3835 2807 3941 2872; x_wconf 71' lang='grc' dir='ltr'>ἔξω</span> 
     </span>
    </p>
   </div>
   <div class='ocr_carea' id='block_1_98' title="bbox 2336 2885 3941 2960">
    <p class='ocr_par' dir='ltr' id='par_1_98' title="bbox 2336 2885 3941 2960">
     <span class='ocr_line' id='line_1_98' title="bbox 2336 2885 3941 2960; baseline 0.004 -24"><span class='ocrx_word' id='word_1_817' title='bbox 2336 2885 2530 2937; x_wconf 78' lang='grc' dir='ltr'>ἑαυτοῦ</span> <span class='ocrx_word' id='word_1_818' title='bbox 2569 2888 2759 2955; x_wconf 85' lang='grc' dir='ltr'>στήκει</span> <span class='ocrx_word' id='word_1_819' title='bbox 2809 2889 2838 2938; x_wconf 92' lang='lat'>6</span> <span class='ocrx_word' id='word_1_820' title='bbox 2886 2887 3190 2957; x_wconf 77' lang='grc' dir='ltr'>ἄνθρωπος.</span> <span class='ocrx_word' id='word_1_821' title='bbox 3231 2889 3380 2941; x_wconf 85' lang='grc' dir='ltr'>Ἐσω</span> <span class='ocrx_word' id='word_1_822' title='bbox 3411 2892 3442 2960; x_wconf 83' lang='grc' dir='ltr'><strong>ἡ</strong></span> <span class='ocrx_word' id='word_1_823' title='bbox 3488 2891 3631 2960; x_wconf 74' lang='grc' dir='ltr'>ψυχὴ</span> <span class='ocrx_word' id='word_1_824' title='bbox 3657 2931 3672 2953; x_wconf 94' lang='grc'>,</span> <span class='ocrx_word' id='word_1_825' title='bbox 3710 2891 3805 2943; x_wconf 79' lang='grc' dir='ltr'>καὶ</span> <span class='ocrx_word' id='word_1_826' title='bbox 3838 2893 3941 2944; x_wconf 80' lang='grc' dir='ltr'>οὑκ</span> 
     </span>
    </p>
   </div>
   <div class='ocr_carea' id='block_1_99' title="bbox 2335 2967 3941 3033">
    <p class='ocr_par' dir='ltr' id='par_1_99' title="bbox 2335 2967 3941 3033">
     <span class='ocr_line' id='line_1_99' title="bbox 2335 2967 3941 3033; baseline 0.006 -16"><span class='ocrx_word' id='word_1_827' title='bbox 2335 2967 2443 3019; x_wconf 81' lang='grc' dir='ltr'>ἔσω</span> <span class='ocrx_word' id='word_1_828' title='bbox 2481 2968 2649 3019; x_wconf 80' lang='grc' dir='ltr'>ἐστίν.</span> <span class='ocrx_word' id='word_1_829' title='bbox 2683 2969 2798 3020; x_wconf 86' lang='grc' dir='ltr'>Ούκ</span> <span class='ocrx_word' id='word_1_830' title='bbox 2825 2968 3184 3032; x_wconf 84' lang='grc' dir='ltr'>αἰσθάνεται,</span> <span class='ocrx_word' id='word_1_831' title='bbox 3228 2973 3289 3023; x_wconf 88' lang='grc' dir='ltr'>ού</span> <span class='ocrx_word' id='word_1_832' title='bbox 3345 2975 3488 3033; x_wconf 88' lang='grc' dir='ltr'>νοεῖ,</span> <span class='ocrx_word' id='word_1_833' title='bbox 3529 2973 3804 3026; x_wconf 83' lang='grc' dir='ltr'>ἀκούουσα</span> <span class='ocrx_word' id='word_1_834' title='bbox 3838 2975 3941 3027; x_wconf 85' lang='grc' dir='ltr'>οὑκ</span> 
     </span>
    </p>
   </div>
   <div class='ocr_carea' id='block_1_100' title="bbox 2334 3051 3936 3128">
    <p class='ocr_par' dir='ltr' id='par_1_100' title="bbox 2334 3051 3936 3128">
     <span class='ocr_line' id='line_1_100' title="bbox 2334 3051 3936 3128; baseline 0.004 -24"><span class='ocrx_word' id='word_1_835' title='bbox 2334 3051 2761 3123; x_wconf 84' lang='grc' dir='ltr'>ἀκούει.”Ωσπερ</span> <span class='ocrx_word' id='word_1_836' title='bbox 2782 3058 3021 3126; x_wconf 86' lang='grc' dir='ltr'>σήμερον</span> <span class='ocrx_word' id='word_1_837' title='bbox 3045 3055 3295 3125; x_wconf 77' lang='grc' dir='ltr'>λέγομενο</span> <span class='ocrx_word' id='word_1_838' title='bbox 3328 3055 3616 3110; x_wconf 88' lang='grc' dir='ltr'>Ἐκστάσει</span> <span class='ocrx_word' id='word_1_839' title='bbox 3638 3059 3936 3128; x_wconf 75' lang='grc' dir='ltr'>ἐχρήσατο,</span> 
     </span>
    </p>
   </div>
   <div class='ocr_carea' id='block_1_101' title="bbox 2333 3134 3937 3212">
    <p class='ocr_par' dir='ltr' id='par_1_101' title="bbox 2333 3134 3937 3212">
     <span class='ocr_line' id='line_1_101' title="bbox 2333 3134 3937 3212; baseline 0.006 -27"><span class='ocrx_word' id='word_1_840' title='bbox 2333 3134 2438 3199; x_wconf 77' lang='grc' dir='ltr'>ἔξω</span> <span class='ocrx_word' id='word_1_841' title='bbox 2471 3134 2578 3186; x_wconf 89' lang='grc' dir='ltr'>τῶν</span> <span class='ocrx_word' id='word_1_842' title='bbox 2606 3138 2947 3206; x_wconf 84' lang='grc' dir='ltr'>πραγμάτων</span> <span class='ocrx_word' id='word_1_843' title='bbox 2976 3139 3266 3208; x_wconf 83' lang='grc' dir='ltr'>γενόμενος</span> <span class='ocrx_word' id='word_1_844' title='bbox 3295 3157 3306 3168; x_wconf 93' lang='grc'><strong>·</strong></span> <span class='ocrx_word' id='word_1_845' title='bbox 3340 3139 3566 3211; x_wconf 82' lang='grc' dir='ltr'>οῦτωςή</span> <span class='ocrx_word' id='word_1_846' title='bbox 3595 3141 3743 3212; x_wconf 73' lang='grc' dir='ltr'>ψυχὴ</span> <span class='ocrx_word' id='word_1_847' title='bbox 3764 3183 3779 3205; x_wconf 95' lang='grc'>,</span> <span class='ocrx_word' id='word_1_848' title='bbox 3805 3144 3937 3195; x_wconf 78' lang='grc' dir='ltr'>ὅταν</span> 
     </span>
    </p>
   </div>
   <div class='ocr_carea' id='block_1_102' title="bbox 2333 3219 3934 3293">
    <p class='ocr_par' dir='ltr' id='par_1_102' title="bbox 2333 3219 3934 3293">
     <span class='ocr_line' id='line_1_102' title="bbox 2333 3219 3934 3293; baseline 0.006 -23"><span class='ocrx_word' id='word_1_849' title='bbox 2333 3219 2438 3282; x_wconf 77' lang='grc' dir='ltr'>ἔξω</span> <span class='ocrx_word' id='word_1_850' title='bbox 2467 3219 2692 3289; x_wconf 88' lang='grc' dir='ltr'>γένηται</span> <span class='ocrx_word' id='word_1_851' title='bbox 2732 3222 2839 3274; x_wconf 90' lang='grc' dir='ltr'>τῶν</span> <span class='ocrx_word' id='word_1_852' title='bbox 2877 3223 3182 3293; x_wconf 83' lang='grc' dir='ltr'>αἰσθήσεων</span> <span class='ocrx_word' id='word_1_853' title='bbox 3206 3267 3220 3288; x_wconf 88' lang='grc'>,</span> <span class='ocrx_word' id='word_1_854' title='bbox 3257 3226 3313 3276; x_wconf 81' lang='grc' dir='ltr'>έν</span> <span class='ocrx_word' id='word_1_855' title='bbox 3353 3225 3608 3278; x_wconf 83' lang='grc' dir='ltr'>ἐκστάσει</span> <span class='ocrx_word' id='word_1_856' title='bbox 3644 3227 3783 3279; x_wconf 74' lang='grc' dir='ltr'>ἐστί.</span> <span class='ocrx_word' id='word_1_857' title='bbox 3821 3229 3934 3280; x_wconf 77' lang='grc' dir='ltr'>Καὶ</span> 
     </span>
    </p>
   </div>
   <div class='ocr_carea' id='block_1_103' title="bbox 2332 3302 3932 3377">
    <p class='ocr_par' dir='ltr' id='par_1_103' title="bbox 2332 3302 3932 3377">
     <span class='ocr_line' id='line_1_103' title="bbox 2332 3302 3932 3377; baseline 0.008 -23"><span class='ocrx_word' id='word_1_858' title='bbox 2332 3302 2599 3364; x_wconf 77' lang='grc' dir='ltr'>ὕπνωσε,</span> <span class='ocrx_word' id='word_1_859' title='bbox 2627 3306 2780 3374; x_wconf 80' lang='grc' dir='ltr'>φησὶ,</span> <span class='ocrx_word' id='word_1_860' title='bbox 2817 3308 2912 3357; x_wconf 82' lang='grc' dir='ltr'>καὶ</span> <span class='ocrx_word' id='word_1_861' title='bbox 2946 3307 3164 3360; x_wconf 71' lang='grc' dir='ltr'>ἔλαϐεν</span> <span class='ocrx_word' id='word_1_862' title='bbox 3188 3311 3220 3360; x_wconf 83' lang='grc' dir='ltr'>ό</span> <span class='ocrx_word' id='word_1_863' title='bbox 3240 3309 3384 3372; x_wconf 84' lang='grc' dir='ltr'>Θεὸς</span> <span class='ocrx_word' id='word_1_864' title='bbox 3409 3311 3558 3377; x_wconf 78' lang='grc' dir='ltr'>μίαν</span> <span class='ocrx_word' id='word_1_865' title='bbox 3585 3308 3704 3362; x_wconf 86' lang='grc' dir='ltr'>τῶν</span> <span class='ocrx_word' id='word_1_866' title='bbox 3737 3314 3932 3365; x_wconf 62' lang='lat' dir='ltr'>315v-</span> 
     </span>
    </p>
   </div>
   <div class='ocr_carea' id='block_1_104' title="bbox 2323 3385 3933 3461">
    <p class='ocr_par' dir='ltr' id='par_1_104' title="bbox 2323 3385 3933 3461">
     <span class='ocr_line' id='line_1_104' title="bbox 2323 3385 3933 3461; baseline 0.005 -23"><span class='ocrx_word' id='word_1_867' title='bbox 2323 3385 2451 3452; x_wconf 76' lang='grc' dir='ltr'>ρῶν</span> <span class='ocrx_word' id='word_1_868' title='bbox 2502 3387 2710 3440; x_wconf 73' lang='grc' dir='ltr'>αὐτοῦ.</span> <span class='ocrx_word' id='word_1_869' title='bbox 2767 3389 3198 3458; x_wconf 88' lang='grc' dir='ltr'>Ἐρωτάσθωσαν</span> <span class='ocrx_word' id='word_1_870' title='bbox 3240 3393 3509 3461; x_wconf 76' lang='grc' dir='ltr'>αἱρετικοὶ</span> <span class='ocrx_word' id='word_1_871' title='bbox 3554 3392 3730 3445; x_wconf 89' lang='grc' dir='ltr'>ταῦτα</span> <span class='ocrx_word' id='word_1_872' title='bbox 3756 3410 3769 3424; x_wconf 77' lang='grc' dir='ltr'><strong><em>ο</em></strong></span> <span class='ocrx_word' id='word_1_873' title='bbox 3810 3395 3933 3457; x_wconf 88' lang='grc' dir='ltr'>πῶς</span> 
     </span>
    </p>
   </div>
   <div class='ocr_carea' id='block_1_105' title="bbox 2329 3469 3931 3544">
    <p class='ocr_par' dir='ltr' id='par_1_105' title="bbox 2329 3469 3931 3544">
     <span class='ocr_line' id='line_1_105' title="bbox 2329 3469 3931 3544; baseline 0.006 -24"><span class='ocrx_word' id='word_1_874' title='bbox 2329 3469 2520 3522; x_wconf 79' lang='grc' dir='ltr'>ἔλαϐεν</span> <span class='ocrx_word' id='word_1_875' title='bbox 2549 3475 2576 3524; x_wconf 86' lang='lat'>6</span> <span class='ocrx_word' id='word_1_876' title='bbox 2601 3471 2763 3535; x_wconf 76' lang='lat'><em>856;;</em></span> <span class='ocrx_word' id='word_1_877' title='bbox 2798 3472 2914 3534; x_wconf 87' lang='grc' dir='ltr'>πῶς</span> <span class='ocrx_word' id='word_1_878' title='bbox 2935 3474 3034 3523; x_wconf 90' lang='grc' dir='ltr'>οὑκ</span> <span class='ocrx_word' id='word_1_879' title='bbox 3069 3474 3308 3543; x_wconf 74' lang='grc' dir='ltr'>ἤλγησεν</span> <span class='ocrx_word' id='word_1_880' title='bbox 3354 3477 3383 3526; x_wconf 88' lang='grc' dir='ltr'>ὁ</span> <span class='ocrx_word' id='word_1_881' title='bbox 3438 3475 3644 3544; x_wconf 83' lang='grc' dir='ltr'>Ἀδάμ;</span> <span class='ocrx_word' id='word_1_882' title='bbox 3681 3477 3796 3539; x_wconf 71' lang='grc' dir='ltr'>πιῖις</span> <span class='ocrx_word' id='word_1_883' title='bbox 3828 3480 3931 3530; x_wconf 79' lang='grc' dir='ltr'>οὑκ</span> 
     </span>
    </p>
   </div>
   <div class='ocr_carea' id='block_1_106' title="bbox 2328 3553 3932 3628">
    <p class='ocr_par' dir='ltr' id='par_1_106' title="bbox 2328 3553 3932 3628">
     <span class='ocr_line' id='line_1_106' title="bbox 2328 3553 3932 3628; baseline 0.005 -24"><span class='ocrx_word' id='word_1_884' title='bbox 2328 3553 2575 3622; x_wconf 82' lang='grc' dir='ltr'>ῶδυνήθη</span> <span class='ocrx_word' id='word_1_885' title='bbox 2601 3569 2613 3615; x_wconf 90' lang='grc'><strong>;</strong></span> <span class='ocrx_word' id='word_1_886' title='bbox 2644 3554 2757 3604; x_wconf 87' lang='grc' dir='ltr'>Μία</span> <span class='ocrx_word' id='word_1_887' title='bbox 2789 3553 2909 3623; x_wconf 71' lang='grc' dir='ltr'>θρὶξ</span> <span class='ocrx_word' id='word_1_888' title='bbox 2936 3557 3249 3608; x_wconf 80' lang='grc' dir='ltr'>ἀποσπᾶται</span> <span class='ocrx_word' id='word_1_889' title='bbox 3281 3557 3390 3609; x_wconf 86' lang='grc' dir='ltr'>ἀπὸ</span> <span class='ocrx_word' id='word_1_890' title='bbox 3413 3558 3507 3610; x_wconf 90' lang='grc' dir='ltr'>τοῦ</span> <span class='ocrx_word' id='word_1_891' title='bbox 3531 3559 3801 3628; x_wconf 81' lang='grc' dir='ltr'>σώματος,</span> <span class='ocrx_word' id='word_1_892' title='bbox 3833 3564 3932 3613; x_wconf 77' lang='grc' dir='ltr'>καὶ</span> 
     </span>
    </p>
   </div>
   <div class='ocr_carea' id='block_1_107' title="bbox 2327 3634 3928 3713">
    <p class='ocr_par' dir='ltr' id='par_1_107' title="bbox 2327 3634 3928 3713">
     <span class='ocr_line' id='line_1_107' title="bbox 2327 3634 3928 3713; baseline 0.007 -28"><span class='ocrx_word' id='word_1_893' title='bbox 2327 3634 2668 3704; x_wconf 80' lang='grc' dir='ltr'>ὁδυνώμεθα·</span> <span class='ocrx_word' id='word_1_894' title='bbox 2709 3635 2812 3688; x_wconf 82' lang='grc' dir='ltr'>κᾶν</span> <span class='ocrx_word' id='word_1_895' title='bbox 2845 3637 3029 3689; x_wconf 77' lang='grc' dir='ltr'>ὑπνῶν</span> <span class='ocrx_word' id='word_1_896' title='bbox 3074 3635 3217 3713; x_wconf 86' lang='grc' dir='ltr'>τιςῇ</span> <span class='ocrx_word' id='word_1_897' title='bbox 3261 3643 3341 3701; x_wconf 84' lang='grc' dir='ltr'>εἰς</span> <span class='ocrx_word' id='word_1_898' title='bbox 3373 3641 3442 3693; x_wconf 79' lang='grc' dir='ltr'>τά</span> <span class='ocrx_word' id='word_1_899' title='bbox 3483 3641 3643 3710; x_wconf 85' lang='grc' dir='ltr'>βάθη,</span> <span class='ocrx_word' id='word_1_900' title='bbox 3686 3643 3792 3694; x_wconf 83' lang='grc' dir='ltr'>ὑπὸ</span> <span class='ocrx_word' id='word_1_901' title='bbox 3826 3645 3928 3712; x_wconf 80' lang='grc' dir='ltr'>τῆς</span> 
     </span>
    </p>
   </div>
   <div class='ocr_carea' id='block_1_108' title="bbox 2326 3719 3929 3796">
    <p class='ocr_par' dir='ltr' id='par_1_108' title="bbox 2326 3719 3929 3796">
     <span class='ocr_line' id='line_1_108' title="bbox 2326 3719 3929 3796; baseline 0.004 -24"><span class='ocrx_word' id='word_1_902' title='bbox 2326 3719 2517 3789; x_wconf 76' lang='grc' dir='ltr'>ὀδύνης</span> <span class='ocrx_word' id='word_1_903' title='bbox 2550 3720 2898 3783; x_wconf 74' lang='grc' dir='ltr'>ἐξυπνίζεται</span> <span class='ocrx_word' id='word_1_904' title='bbox 2931 3722 2960 3772; x_wconf 91' lang='lat'>6</span> <span class='ocrx_word' id='word_1_905' title='bbox 2991 3722 3271 3776; x_wconf 76' lang='grc' dir='ltr'>καθεύδων</span> <span class='ocrx_word' id='word_1_906' title='bbox 3295 3739 3308 3754; x_wconf 75' lang='grc' dir='ltr'><strong><em>ο</em></strong></span> <span class='ocrx_word' id='word_1_907' title='bbox 3342 3725 3596 3778; x_wconf 87' lang='grc' dir='ltr'>τοσοῦτον</span> <span class='ocrx_word' id='word_1_908' title='bbox 3631 3726 3790 3796; x_wconf 86' lang='grc' dir='ltr'>μέλος</span> <span class='ocrx_word' id='word_1_909' title='bbox 3827 3729 3929 3778; x_wconf 81' lang='grc' dir='ltr'>ἐπ-</span> 
     </span>
    </p>
   </div>
   <div class='ocr_carea' id='block_1_109' title="bbox 2326 3804 3928 3878">
    <p class='ocr_par' dir='ltr' id='par_1_109' title="bbox 2326 3804 3928 3878">
     <span class='ocr_line' id='line_1_109' title="bbox 2326 3804 3928 3878; baseline 0.005 -24"><span class='ocrx_word' id='word_1_910' title='bbox 2326 3804 2540 3873; x_wconf 81' lang='grc' dir='ltr'>αίρεται</span> <span class='ocrx_word' id='word_1_911' title='bbox 2566 3845 2578 3864; x_wconf 90' lang='grc'>,</span> <span class='ocrx_word' id='word_1_912' title='bbox 2617 3805 2854 3874; x_wconf 83' lang='grc' dir='ltr'>τοσαύτη</span> <span class='ocrx_word' id='word_1_913' title='bbox 2895 3805 3106 3875; x_wconf 80' lang='grc' dir='ltr'>πλευρά</span> <span class='ocrx_word' id='word_1_914' title='bbox 3150 3809 3520 3878; x_wconf 85' lang='grc' dir='ltr'>σπαράττεται</span> <span class='ocrx_word' id='word_1_915' title='bbox 3541 3851 3555 3871; x_wconf 96' lang='grc'>,</span> <span class='ocrx_word' id='word_1_916' title='bbox 3587 3811 3680 3862; x_wconf 71' lang='grc' dir='ltr'>καὶ</span> <span class='ocrx_word' id='word_1_917' title='bbox 3712 3811 3811 3862; x_wconf 83' lang='grc' dir='ltr'>ούκ</span> <span class='ocrx_word' id='word_1_918' title='bbox 3840 3812 3928 3876; x_wconf 76' lang='grc' dir='ltr'>ἐξ·</span> 
     </span>
    </p>
   </div>
   <div class='ocr_carea' id='block_1_110' title="bbox 2326 3887 3927 3964">
    <p class='ocr_par' dir='ltr' id='par_1_110' title="bbox 2326 3887 3927 3964">
     <span class='ocr_line' id='line_1_110' title="bbox 2326 3887 3927 3964; baseline 0.005 -24"><span class='ocrx_word' id='word_1_919' title='bbox 2326 3887 2605 3949; x_wconf 81' lang='grc' dir='ltr'>υπνίζεται</span> <span class='ocrx_word' id='word_1_920' title='bbox 2628 3891 2656 3939; x_wconf 90' lang='lat'>6</span> <span class='ocrx_word' id='word_1_921' title='bbox 2680 3889 2988 3953; x_wconf 80' lang='grc' dir='ltr'>καθεύδων;</span> <span class='ocrx_word' id='word_1_922' title='bbox 3019 3891 3132 3942; x_wconf 85' lang='grc' dir='ltr'>Οὑκ</span> <span class='ocrx_word' id='word_1_923' title='bbox 3163 3893 3484 3944; x_wconf 85' lang='grc' dir='ltr'>ἀπέσπασεν</span> <span class='ocrx_word' id='word_1_924' title='bbox 3506 3894 3674 3964; x_wconf 81' lang='grc' dir='ltr'>αὑτὴν</span> <span class='ocrx_word' id='word_1_925' title='bbox 3695 3894 3807 3962; x_wconf 76' lang='grc' dir='ltr'>βία.</span> <span class='ocrx_word' id='word_1_926' title='bbox 3835 3896 3927 3948; x_wconf 83' lang='grc' dir='ltr'>ἴνα</span> 
     </span>
    </p>
   </div>
   <div class='ocr_carea' id='block_1_111' title="bbox 2324 3970 3924 4048">
    <p class='ocr_par' dir='ltr' id='par_1_111' title="bbox 2324 3970 3924 4048">
     <span class='ocr_line' id='line_1_111' title="bbox 2324 3970 3924 4048; baseline 0.006 -27"><span class='ocrx_word' id='word_1_927' title='bbox 2324 3970 2639 4040; x_wconf 77' lang='grc' dir='ltr'>ἐξυπνισοῇ,</span> <span class='ocrx_word' id='word_1_928' title='bbox 2664 3973 2762 4024; x_wconf 77' lang='grc' dir='ltr'>οὑκ</span> <span class='ocrx_word' id='word_1_929' title='bbox 2789 3973 3209 4043; x_wconf 81' lang='grc' dir='ltr'>ἀπεσπάραξεν·</span> <span class='ocrx_word' id='word_1_930' title='bbox 3240 3975 3376 4028; x_wconf 86' lang='grc' dir='ltr'>ἀλλά</span> <span class='ocrx_word' id='word_1_931' title='bbox 3409 3976 3636 4030; x_wconf 89' lang='grc' dir='ltr'>θέλουσα</span> <span class='ocrx_word' id='word_1_932' title='bbox 3664 3979 3697 4045; x_wconf 84' lang='grc' dir='ltr'>ἠ</span> <span class='ocrx_word' id='word_1_933' title='bbox 3729 3978 3924 4048; x_wconf 76' lang='grc' dir='ltr'>Γραφὴ</span> 
     </span>
    </p>
   </div>
   <div class='ocr_carea' id='block_1_112' title="bbox 2322 4054 3919 4127">
    <p class='ocr_par' dir='ltr' id='par_1_112' title="bbox 2322 4054 3919 4127">
     <span class='ocr_line' id='line_1_112' title="bbox 2322 4054 3919 4127; baseline 0.008 -22"><span class='ocrx_word' id='word_1_934' title='bbox 2322 4054 2381 4105; x_wconf 90' lang='grc' dir='ltr'>τὸ</span> <span class='ocrx_word' id='word_1_935' title='bbox 2423 4054 2686 4124; x_wconf 91' lang='grc' dir='ltr'>σύντομον</span> <span class='ocrx_word' id='word_1_936' title='bbox 2731 4056 2902 4120; x_wconf 79' lang='grc' dir='ltr'>δεῖξαι</span> <span class='ocrx_word' id='word_1_937' title='bbox 2962 4057 3055 4110; x_wconf 90' lang='grc' dir='ltr'>τοῦ</span> <span class='ocrx_word' id='word_1_938' title='bbox 3100 4061 3380 4127; x_wconf 80' lang='grc' dir='ltr'>τεχνίτου,</span> <span class='ocrx_word' id='word_1_939' title='bbox 3424 4059 3592 4126; x_wconf 86' lang='grc' dir='ltr'>λέγει,</span> <span class='ocrx_word' id='word_1_940' title='bbox 3636 4062 3919 4118; x_wconf 68' lang='grc' dir='ltr'>Ἔλαϐεν.</span> 
     </span>
    </p>
   </div>
   <div class='ocr_carea' id='block_1_113' title="bbox 2339 4137 3459 4210">
    <p class='ocr_par' dir='ltr' id='par_1_113' title="bbox 2339 4137 3459 4210">
     <span class='ocr_line' id='line_1_113' title="bbox 2339 4137 3459 4210; baseline 0.006 -23"><span class='ocrx_word' id='word_1_941' title='bbox 2339 4137 2642 4207; x_wconf 78' lang='grc' dir='ltr'>Ἐλύθησαν</span> <span class='ocrx_word' id='word_1_942' title='bbox 2673 4140 2722 4191; x_wconf 85' lang='grc' dir='ltr'>οί</span> <span class='ocrx_word' id='word_1_943' title='bbox 2754 4141 2941 4209; x_wconf 83' lang='grc' dir='ltr'>άρμοὶ,</span> <span class='ocrx_word' id='word_1_944' title='bbox 2979 4143 3071 4193; x_wconf 77' lang='grc' dir='ltr'>καὶ</span> <span class='ocrx_word' id='word_1_945' title='bbox 3104 4142 3203 4193; x_wconf 87' lang='grc' dir='ltr'>οὑκ</span> <span class='ocrx_word' id='word_1_946' title='bbox 3227 4142 3459 4210; x_wconf 74' lang='grc' dir='ltr'>ᾕσθετος</span> 
     </span>
    </p>
   </div>
   <div class='ocr_carea' id='block_1_114' title="bbox 2392 4221 3922 4296">
    <p class='ocr_par' dir='ltr' id='par_1_114' title="bbox 2392 4221 3922 4296">
     <span class='ocr_line' id='line_1_114' title="bbox 2392 4221 3922 4296; baseline 0.005 -24"><span class='ocrx_word' id='word_1_947' title='bbox 2392 4221 2668 4275; x_wconf 85' lang='grc' dir='ltr'>θ’.”Ελαϐε</span> <span class='ocrx_word' id='word_1_948' title='bbox 2684 4224 2783 4292; x_wconf 76' lang='grc' dir='ltr'>τὴν</span> <span class='ocrx_word' id='word_1_949' title='bbox 2805 4223 3067 4295; x_wconf 77' lang='grc' dir='ltr'>πλευράν,</span> <span class='ocrx_word' id='word_1_950' title='bbox 3094 4224 3283 4294; x_wconf 87' lang='grc' dir='ltr'>ῶσπερ</span> <span class='ocrx_word' id='word_1_951' title='bbox 3303 4225 3459 4278; x_wconf 73' lang='grc' dir='ltr'>ἔλαϐε</span> <span class='ocrx_word' id='word_1_952' title='bbox 3479 4226 3568 4279; x_wconf 87' lang='grc' dir='ltr'>τὸν</span> <span class='ocrx_word' id='word_1_953' title='bbox 3585 4227 3732 4296; x_wconf 85' lang='grc' dir='ltr'>χοῦν.</span> <span class='ocrx_word' id='word_1_954' title='bbox 3759 4228 3821 4279; x_wconf 84' lang='grc' dir='ltr'>Εἰ</span> <span class='ocrx_word' id='word_1_955' title='bbox 3850 4223 3922 4296; x_wconf 80' lang='grc' dir='ltr'>ἦν</span> 
     </span>
    </p>
   </div>
   <div class='ocr_carea' id='block_1_115' title="bbox 2318 4304 3919 4379">
    <p class='ocr_par' dir='ltr' id='par_1_115' title="bbox 2318 4304 3919 4379">
     <span class='ocr_line' id='line_1_115' title="bbox 2318 4304 3919 4379; baseline 0.004 -21"><span class='ocrx_word' id='word_1_956' title='bbox 2318 4304 2476 4367; x_wconf 81' lang='grc' dir='ltr'>ἄλλος</span> <span class='ocrx_word' id='word_1_957' title='bbox 2496 4308 2533 4358; x_wconf 81' lang='lat'>6</span> <span class='ocrx_word' id='word_1_958' title='bbox 2565 4307 2834 4375; x_wconf 78' lang='grc' dir='ltr'>ἁρμόσας,</span> <span class='ocrx_word' id='word_1_959' title='bbox 2865 4309 2958 4360; x_wconf 74' lang='grc' dir='ltr'>καὶ</span> <span class='ocrx_word' id='word_1_960' title='bbox 2991 4307 3148 4371; x_wconf 79' lang='grc' dir='ltr'>ἄλλος</span> <span class='ocrx_word' id='word_1_961' title='bbox 3179 4311 3206 4361; x_wconf 93' lang='grc' dir='ltr'>ό</span> <span class='ocrx_word' id='word_1_962' title='bbox 3226 4308 3417 4371; x_wconf 87' lang='grc' dir='ltr'>λύσας,</span> <span class='ocrx_word' id='word_1_963' title='bbox 3451 4309 3600 4378; x_wconf 88' lang='grc' dir='ltr'>μάχη</span> <span class='ocrx_word' id='word_1_964' title='bbox 3639 4305 3737 4379; x_wconf 86' lang='grc' dir='ltr'>ἦν·</span> <span class='ocrx_word' id='word_1_965' title='bbox 3777 4312 3826 4363; x_wconf 88' lang='grc' dir='ltr'>εί</span> <span class='ocrx_word' id='word_1_966' title='bbox 3859 4312 3919 4364; x_wconf 74' lang='grc' dir='ltr'>δὲ</span> 
     </span>
    </p>
   </div>
   <div class='ocr_carea' id='block_1_116' title="bbox 2316 4388 3920 4458">
    <p class='ocr_par' dir='ltr' id='par_1_116' title="bbox 2316 4388 3920 4458">
     <span class='ocr_line' id='line_1_116' title="bbox 2316 4388 3920 4458; baseline 0.004 -18"><span class='ocrx_word' id='word_1_967' title='bbox 2316 4389 2343 4440; x_wconf 82' lang='grc' dir='ltr'>ό</span> <span class='ocrx_word' id='word_1_968' title='bbox 2368 4388 2534 4456; x_wconf 85' lang='grc' dir='ltr'>δήσας</span> <span class='ocrx_word' id='word_1_969' title='bbox 2558 4389 2764 4451; x_wconf 76' lang='grc' dir='ltr'>ἔλυσεν,</span> <span class='ocrx_word' id='word_1_970' title='bbox 2791 4389 2961 4458; x_wconf 82' lang='grc' dir='ltr'>ἡδέως</span> <span class='ocrx_word' id='word_1_971' title='bbox 2985 4408 3100 4452; x_wconf 89' lang='grc' dir='ltr'>πως</span> <span class='ocrx_word' id='word_1_972' title='bbox 3129 4391 3337 4444; x_wconf 76' lang='grc' dir='ltr'>ἔλυσεν.</span> <span class='ocrx_word' id='word_1_973' title='bbox 3358 4392 3572 4444; x_wconf 71' lang='grc' dir='ltr'>Ἐλαϐε</span> <span class='ocrx_word' id='word_1_974' title='bbox 3593 4391 3708 4458; x_wconf 74' lang='grc' dir='ltr'>τὴν</span> <span class='ocrx_word' id='word_1_975' title='bbox 3727 4397 3920 4446; x_wconf 70' lang='grc' dir='ltr'>πλευ-</span> 
     </span>
    </p>
   </div>
   <div class='ocr_carea' id='block_1_117' title="bbox 2308 4471 3920 4541">
    <p class='ocr_par' dir='ltr' id='par_1_117' title="bbox 2308 4471 3920 4541">
     <span class='ocr_line' id='line_1_117' title="bbox 2308 4471 3920 4541; baseline 0.004 -19"><span class='ocrx_word' id='word_1_976' title='bbox 2308 4471 2448 4536; x_wconf 83' lang='grc' dir='ltr'>ρὰν,</span> <span class='ocrx_word' id='word_1_977' title='bbox 2491 4472 2588 4522; x_wconf 82' lang='grc' dir='ltr'>καὶ</span> <span class='ocrx_word' id='word_1_978' title='bbox 2637 4472 3035 4537; x_wconf 66' lang='grc' dir='ltr'>ἀνεπλήρωσε</span> <span class='ocrx_word' id='word_1_979' title='bbox 3083 4473 3282 4541; x_wconf 76' lang='grc' dir='ltr'>σάρκα</span> <span class='ocrx_word' id='word_1_980' title='bbox 3311 4475 3440 4527; x_wconf 85' lang='grc' dir='ltr'>ἀντ’</span> <span class='ocrx_word' id='word_1_981' title='bbox 3483 4473 3691 4540; x_wconf 72' lang='grc' dir='ltr'>αὐτῆς.</span> <span class='ocrx_word' id='word_1_982' title='bbox 3744 4477 3920 4529; x_wconf 85' lang='grc' dir='ltr'>Πόθεν</span> 
     </span>
    </p>
   </div>
   <div class='ocr_carea' id='block_1_118' title="bbox 2315 4551 3917 4626">
    <p class='ocr_par' dir='ltr' id='par_1_118' title="bbox 2315 4551 3917 4626">
     <span class='ocr_line' id='line_1_118' title="bbox 2315 4551 3917 4626; baseline 0.006 -22"><span class='ocrx_word' id='word_1_983' title='bbox 2315 4551 2701 4621; x_wconf 80' lang='grc' dir='ltr'>ἀνεπλήρωσεν</span> <span class='ocrx_word' id='word_1_984' title='bbox 2724 4571 2736 4612; x_wconf 88' lang='grc'>;</span> <span class='ocrx_word' id='word_1_985' title='bbox 2776 4557 2838 4606; x_wconf 82' lang='grc' dir='ltr'>ἐκ</span> <span class='ocrx_word' id='word_1_986' title='bbox 2859 4553 2951 4605; x_wconf 88' lang='grc' dir='ltr'>τοῦ</span> <span class='ocrx_word' id='word_1_987' title='bbox 2975 4556 3134 4607; x_wconf 82' lang='grc' dir='ltr'>ἄλλον</span> <span class='ocrx_word' id='word_1_988' title='bbox 3164 4557 3417 4626; x_wconf 75' lang='grc' dir='ltr'>σώματος</span> <span class='ocrx_word' id='word_1_989' title='bbox 3439 4557 3723 4622; x_wconf 87' lang='grc' dir='ltr'>εῖλκυσεν;</span> <span class='ocrx_word' id='word_1_990' title='bbox 3753 4559 3917 4613; x_wconf 75' lang='grc' dir='ltr'>Ἀλλά</span> 
     </span>
    </p>
   </div>
   <div class='ocr_carea' id='block_1_119' title="bbox 2316 4637 3917 4709">
    <p class='ocr_par' dir='ltr' id='par_1_119' title="bbox 2316 4637 3917 4709">
     <span class='ocr_line' id='line_1_119' title="bbox 2316 4637 3917 4709; baseline 0.005 -22"><span class='ocrx_word' id='word_1_991' title='bbox 2316 4639 2422 4688; x_wconf 77' lang='grc' dir='ltr'>πᾶν</span> <span class='ocrx_word' id='word_1_992' title='bbox 2458 4637 2617 4704; x_wconf 89' lang='grc' dir='ltr'>σῶμα</span> <span class='ocrx_word' id='word_1_993' title='bbox 2644 4638 2956 4706; x_wconf 77' lang='grc' dir='ltr'>ἑλκόμενον,</span> <span class='ocrx_word' id='word_1_994' title='bbox 2991 4639 3316 4709; x_wconf 85' lang='grc' dir='ltr'>λεπτότερον</span> <span class='ocrx_word' id='word_1_995' title='bbox 3351 4641 3578 4708; x_wconf 85' lang='grc' dir='ltr'>γίνεται.</span> <span class='ocrx_word' id='word_1_996' title='bbox 3622 4643 3744 4704; x_wconf 91' lang='grc' dir='ltr'>Πῶς</span> <span class='ocrx_word' id='word_1_997' title='bbox 3783 4644 3917 4695; x_wconf 80' lang='grc' dir='ltr'>ἁνε-</span> 
     </span>
    </p>
   </div>
   <div class='ocr_carea' id='block_1_120' title="bbox 2315 4720 3915 4793">
    <p class='ocr_par' dir='ltr' id='par_1_120' title="bbox 2315 4720 3915 4793">
     <span class='ocr_line' id='line_1_120' title="bbox 2315 4720 3915 4793; baseline 0.006 -23"><span class='ocrx_word' id='word_1_998' title='bbox 2315 4720 2637 4790; x_wconf 81' lang='grc' dir='ltr'>πλήρωσενς</span> <span class='ocrx_word' id='word_1_999' title='bbox 2694 4721 2804 4773; x_wconf 74' lang='grc' dir='ltr'>Καὶ</span> <span class='ocrx_word' id='word_1_1000' title='bbox 2873 4724 2998 4793; x_wconf 74' lang='grc' dir='ltr'>περὶ</span> <span class='ocrx_word' id='word_1_1001' title='bbox 3063 4723 3314 4792; x_wconf 85' lang='grc' dir='ltr'>σώματος</span> <span class='ocrx_word' id='word_1_1002' title='bbox 3365 4725 3664 4793; x_wconf 85' lang='grc' dir='ltr'>λαλοῦμεν,</span> <span class='ocrx_word' id='word_1_1003' title='bbox 3704 4727 3796 4778; x_wconf 73' lang='grc' dir='ltr'>καὶ</span> <span class='ocrx_word' id='word_1_1004' title='bbox 3850 4730 3915 4780; x_wconf 84' lang='grc' dir='ltr'>ού</span> 
     </span>
    </p>
   </div>
   <div class='ocr_carea' id='block_1_121' title="bbox 2314 4803 3913 4876">
    <p class='ocr_par' dir='ltr' id='par_1_121' title="bbox 2314 4803 3913 4876">
     <span class='ocr_line' id='line_1_121' title="bbox 2314 4803 3913 4876; baseline 0.006 -24"><span class='ocrx_word' id='word_1_1005' title='bbox 2314 4803 2576 4871; x_wconf 73' lang='grc' dir='ltr'>νοοῦμενσ</span> <span class='ocrx_word' id='word_1_1006' title='bbox 2620 4806 2750 4874; x_wconf 67' lang='grc' dir='ltr'>περὶ</span> <span class='ocrx_word' id='word_1_1007' title='bbox 2789 4805 2923 4857; x_wconf 89' lang='grc' dir='ltr'>Θεοῦ</span> <span class='ocrx_word' id='word_1_1008' title='bbox 2961 4805 3252 4875; x_wconf 88' lang='grc' dir='ltr'>λαλοῦμεν,</span> <span class='ocrx_word' id='word_1_1009' title='bbox 3285 4807 3378 4858; x_wconf 74' lang='grc' dir='ltr'>καὶ</span> <span class='ocrx_word' id='word_1_1010' title='bbox 3416 4808 3913 4876; x_wconf 78' lang='grc' dir='ltr'>πολυπραγμονοῦ-</span> 
     </span>
    </p>
   </div>
   <div class='ocr_carea' id='block_1_122' title="bbox 2315 4886 3914 4959">
    <p class='ocr_par' dir='ltr' id='par_1_122' title="bbox 2315 4886 3914 4959">
     <span class='ocr_line' id='line_1_122' title="bbox 2315 4886 3914 4959; baseline -0.004 -10"><span class='ocrx_word' id='word_1_1011' title='bbox 2315 4902 2448 4953; x_wconf 83' lang='grc' dir='ltr'>μεν;</span> <span class='ocrx_word' id='word_1_1012' title='bbox 2475 4887 2595 4938; x_wconf 77' lang='grc' dir='ltr'>’Καὶ</span> <span class='ocrx_word' id='word_1_1013' title='bbox 2629 4886 3020 4954; x_wconf 78' lang='grc' dir='ltr'>ᾠκοδόμησεν</span> <span class='ocrx_word' id='word_1_1014' title='bbox 3047 4893 3079 4942; x_wconf 85' lang='grc' dir='ltr'>ό</span> <span class='ocrx_word' id='word_1_1015' title='bbox 3111 4892 3322 4956; x_wconf 81' lang='grc' dir='ltr'>Κύριος</span> <span class='ocrx_word' id='word_1_1016' title='bbox 3354 4891 3467 4955; x_wconf 81' lang='grc' dir='ltr'>τὴν</span> <span class='ocrx_word' id='word_1_1017' title='bbox 3502 4893 3794 4958; x_wconf 73' lang='grc' dir='ltr'>πλευρὰν,</span> <span class='ocrx_word' id='word_1_1018' title='bbox 3831 4892 3914 4959; x_wconf 78' lang='grc' dir='ltr'>ἣν</span> 
     </span>
    </p>
   </div>
   <div class='ocr_carea' id='block_1_123' title="bbox 2312 4969 3913 5045">
    <p class='ocr_par' dir='ltr' id='par_1_123' title="bbox 2312 4969 3913 5045">
     <span class='ocr_line' id='line_1_123' title="bbox 2312 4969 3913 5045; baseline 0.008 -27"><span class='ocrx_word' id='word_1_1019' title='bbox 2312 4969 2530 5020; x_wconf 73' lang='grc' dir='ltr'>ἐλαϐεν</span> <span class='ocrx_word' id='word_1_1020' title='bbox 2569 4969 2687 5022; x_wconf 83' lang='grc' dir='ltr'>ἀπὸ</span> <span class='ocrx_word' id='word_1_1021' title='bbox 2729 4971 2836 5024; x_wconf 88' lang='grc' dir='ltr'>τοῦ</span> <span class='ocrx_word' id='word_1_1022' title='bbox 2869 4972 3061 5040; x_wconf 81' lang='grc' dir='ltr'>Ἀδὰμ,</span> <span class='ocrx_word' id='word_1_1023' title='bbox 3085 4976 3171 5037; x_wconf 78' lang='grc' dir='ltr'>εἰς</span> <span class='ocrx_word' id='word_1_1024' title='bbox 3201 4978 3471 5041; x_wconf 70' lang='grc' dir='ltr'>γυναῖκα.</span> <span class='ocrx_word' id='word_1_1025' title='bbox 3509 4975 3679 5028; x_wconf 85' lang='grc' dir='ltr'>Πόθεν</span> <span class='ocrx_word' id='word_1_1026' title='bbox 3707 4977 3913 5045; x_wconf 74' lang='grc' dir='ltr'>ὀφθαλ-</span> 
     </span>
    </p>
   </div>
   <div class='ocr_carea' id='block_1_124' title="bbox 2313 5052 3910 5128">
    <p class='ocr_par' dir='ltr' id='par_1_124' title="bbox 2313 5052 3910 5128">
     <span class='ocr_line' id='line_1_124' title="bbox 2313 5052 3910 5128; baseline 0.006 -26"><span class='ocrx_word' id='word_1_1027' title='bbox 2313 5055 2403 5120; x_wconf 81' lang='grc' dir='ltr'>μοὶ</span> <span class='ocrx_word' id='word_1_1028' title='bbox 2437 5052 2544 5103; x_wconf 82' lang='grc' dir='ltr'>ἀπὸ</span> <span class='ocrx_word' id='word_1_1029' title='bbox 2591 5052 2832 5123; x_wconf 77' lang='grc' dir='ltr'>πλευρᾶς</span> <span class='ocrx_word' id='word_1_1030' title='bbox 2869 5055 3184 5122; x_wconf 78' lang='grc' dir='ltr'>ἐπάγησαν;</span> <span class='ocrx_word' id='word_1_1031' title='bbox 3235 5056 3400 5108; x_wconf 86' lang='grc' dir='ltr'>πόθεν</span> <span class='ocrx_word' id='word_1_1032' title='bbox 3453 5058 3649 5128; x_wconf 85' lang='grc' dir='ltr'>καρδία</span> <span class='ocrx_word' id='word_1_1033' title='bbox 3695 5061 3910 5124; x_wconf 72' lang='grc' dir='ltr'>λογιζο-</span> 
     </span>
    </p>
   </div>
   <div class='ocr_carea' id='block_1_125' title="bbox 2314 5134 3908 5213">
    <p class='ocr_par' dir='ltr' id='par_1_125' title="bbox 2314 5134 3908 5213">
     <span class='ocr_line' id='line_1_125' title="bbox 2314 5134 3908 5213; baseline 0.008 -29"><span class='ocrx_word' id='word_1_1034' title='bbox 2314 5134 2485 5203; x_wconf 83' lang='grc' dir='ltr'>μένη;</span> <span class='ocrx_word' id='word_1_1035' title='bbox 2518 5135 2680 5187; x_wconf 84' lang='grc' dir='ltr'>πόθεν</span> <span class='ocrx_word' id='word_1_1036' title='bbox 2714 5136 2928 5201; x_wconf 86' lang='grc' dir='ltr'>γλῶττα</span> <span class='ocrx_word' id='word_1_1037' title='bbox 2966 5137 3345 5209; x_wconf 72' lang='grc' dir='ltr'>φθεγγομένης</span> <span class='ocrx_word' id='word_1_1038' title='bbox 3385 5141 3502 5203; x_wconf 86' lang='grc' dir='ltr'>πῶς</span> <span class='ocrx_word' id='word_1_1039' title='bbox 3537 5142 3752 5213; x_wconf 85' lang='grc' dir='ltr'>διετάθη</span> <span class='ocrx_word' id='word_1_1040' title='bbox 3791 5145 3908 5196; x_wconf 77' lang='grc' dir='ltr'>ἀπὸ</span> 
     </span>
    </p>
   </div>
   <div class='ocr_carea' id='block_1_126' title="bbox 2312 5218 3902 5296">
    <p class='ocr_par' dir='ltr' id='par_1_126' title="bbox 2312 5218 3902 5296">
     <span class='ocr_line' id='line_1_126' title="bbox 2312 5218 3902 5296; baseline 0.008 -29"><span class='ocrx_word' id='word_1_1041' title='bbox 2312 5218 2550 5287; x_wconf 70' lang='grc' dir='ltr'>πλευράς</span> <span class='ocrx_word' id='word_1_1042' title='bbox 2580 5218 2826 5286; x_wconf 78' lang='grc' dir='ltr'>ἕντερον;</span> <span class='ocrx_word' id='word_1_1043' title='bbox 2869 5221 2983 5282; x_wconf 82' lang='grc' dir='ltr'>πῶς</span> <span class='ocrx_word' id='word_1_1044' title='bbox 3027 5222 3244 5288; x_wconf 82' lang='grc' dir='ltr'>ἐγένετο</span> <span class='ocrx_word' id='word_1_1045' title='bbox 3284 5224 3391 5275; x_wconf 83' lang='grc' dir='ltr'>ἀπὸ</span> <span class='ocrx_word' id='word_1_1046' title='bbox 3432 5225 3672 5295; x_wconf 72' lang='grc' dir='ltr'>πλευράς</span> <span class='ocrx_word' id='word_1_1047' title='bbox 3705 5226 3902 5296; x_wconf 64' lang='grc' dir='ltr'>ἱπαρς</span> 
     </span>
    </p>
   </div>
   <div class='ocr_carea' id='block_1_127' title="bbox 2307 5300 3905 5374">
    <p class='ocr_par' dir='ltr' id='par_1_127' title="bbox 2307 5300 3905 5374">
     <span class='ocr_line' id='line_1_127' title="bbox 2307 5300 3905 5374; baseline 0.007 -22"><span class='ocrx_word' id='word_1_1048' title='bbox 2307 5301 2492 5353; x_wconf 88' lang='grc' dir='ltr'>Ταῦτα</span> <span class='ocrx_word' id='word_1_1049' title='bbox 2535 5300 2650 5361; x_wconf 84' lang='grc' dir='ltr'>πῶς</span> <span class='ocrx_word' id='word_1_1050' title='bbox 2675 5301 2892 5368; x_wconf 82' lang='grc' dir='ltr'>ἐγένετο</span> <span class='ocrx_word' id='word_1_1051' title='bbox 2925 5304 3025 5355; x_wconf 84' lang='grc' dir='ltr'>οὑκ</span> <span class='ocrx_word' id='word_1_1052' title='bbox 3060 5305 3266 5374; x_wconf 85' lang='grc' dir='ltr'>ίσχύεις</span> <span class='ocrx_word' id='word_1_1053' title='bbox 3300 5308 3647 5372; x_wconf 82' lang='grc' dir='ltr'>καταλαϐεῖν,</span> <span class='ocrx_word' id='word_1_1054' title='bbox 3684 5311 3777 5362; x_wconf 81' lang='grc' dir='ltr'>καὶ</span> <span class='ocrx_word' id='word_1_1055' title='bbox 3803 5311 3905 5363; x_wconf 84' lang='grc' dir='ltr'>τὸν</span> 
     </span>
    </p>
   </div>
   <div class='ocr_carea' id='block_1_128' title="bbox 2305 5383 3902 5462">
    <p class='ocr_par' dir='ltr' id='par_1_128' title="bbox 2305 5383 3902 5462">
     <span class='ocr_line' id='line_1_128' title="bbox 2305 5383 3902 5462; baseline 0.008 -28"><span class='ocrx_word' id='word_1_1056' title='bbox 2305 5385 2553 5454; x_wconf 87' lang='grc' dir='ltr'>τεχνίτην</span> <span class='ocrx_word' id='word_1_1057' title='bbox 2586 5383 3094 5454; x_wconf 85' lang='grc' dir='ltr'>πολυπραγμονεῖς;</span> <span class='ocrx_word' id='word_1_1058' title='bbox 3129 5389 3290 5441; x_wconf 81' lang='grc' dir='ltr'>Ἀλλὰ</span> <span class='ocrx_word' id='word_1_1059' title='bbox 3317 5391 3415 5459; x_wconf 81' lang='grc' dir='ltr'>τὴν</span> <span class='ocrx_word' id='word_1_1060' title='bbox 3448 5392 3630 5444; x_wconf 80' lang='grc' dir='ltr'>εἰκόνα</span> <span class='ocrx_word' id='word_1_1061' title='bbox 3657 5393 3902 5462; x_wconf 77' lang='grc' dir='ltr'>Χριστοῦ</span> 
     </span>
    </p>
   </div>
   <div class='ocr_carea' id='block_1_129' title="bbox 2307 5466 3900 5542">
    <p class='ocr_par' dir='ltr' id='par_1_129' title="bbox 2307 5466 3900 5542">
     <span class='ocr_line' id='line_1_129' title="bbox 2307 5466 3900 5542; baseline 0.009 -27"><span class='ocrx_word' id='word_1_1062' title='bbox 2307 5466 2468 5534; x_wconf 80' lang='grc' dir='ltr'>βλέπε</span> <span class='ocrx_word' id='word_1_1063' title='bbox 2504 5467 2797 5536; x_wconf 79' lang='grc' dir='ltr'>πανταχοῦ.</span> <span class='ocrx_word' id='word_1_1064' title='bbox 2832 5471 2907 5520; x_wconf 83' lang='grc' dir='ltr'>Ού</span> <span class='ocrx_word' id='word_1_1065' title='bbox 2949 5471 3214 5542; x_wconf 84' lang='grc' dir='ltr'>πρότερον</span> <span class='ocrx_word' id='word_1_1066' title='bbox 3249 5473 3435 5526; x_wconf 83' lang='grc' dir='ltr'>ἔλαϐεν</span> <span class='ocrx_word' id='word_1_1067' title='bbox 3466 5477 3493 5527; x_wconf 94' lang='lat'>6</span> <span class='ocrx_word' id='word_1_1068' title='bbox 3515 5476 3643 5536; x_wconf 81' lang='grc' dir='ltr'>Θεὸς</span> <span class='ocrx_word' id='word_1_1069' title='bbox 3668 5477 3775 5528; x_wconf 83' lang='grc' dir='ltr'>ἀπὸ</span> <span class='ocrx_word' id='word_1_1070' title='bbox 3797 5477 3900 5530; x_wconf 82' lang='grc' dir='ltr'>τοῦ</span> 
     </span>
    </p>
   </div>
   <div class='ocr_carea' id='block_1_130' title="bbox 2319 5549 3897 5624">
    <p class='ocr_par' dir='ltr' id='par_1_130' title="bbox 2319 5549 3897 5624">
     <span class='ocr_line' id='line_1_130' title="bbox 2319 5549 3897 5624; baseline 0.007 -22"><span class='ocrx_word' id='word_1_1071' title='bbox 2319 5549 2486 5618; x_wconf 78' lang='grc' dir='ltr'>Ἀδάμ</span> <span class='ocrx_word' id='word_1_1072' title='bbox 2516 5550 2611 5617; x_wconf 84' lang='grc' dir='ltr'>τὴν</span> <span class='ocrx_word' id='word_1_1073' title='bbox 2646 5551 2905 5622; x_wconf 87' lang='grc' dir='ltr'>πλευράν,</span> <span class='ocrx_word' id='word_1_1074' title='bbox 2939 5555 3042 5616; x_wconf 66' lang='grc' dir='ltr'>ἕως</span> <span class='ocrx_word' id='word_1_1075' title='bbox 3084 5557 3171 5607; x_wconf 80' lang='grc' dir='ltr'>ὅτε</span> <span class='ocrx_word' id='word_1_1076' title='bbox 3223 5555 3389 5609; x_wconf 81' lang='grc' dir='ltr'>ῦπνον</span> <span class='ocrx_word' id='word_1_1077' title='bbox 3428 5557 3574 5624; x_wconf 85' lang='grc' dir='ltr'>αύτῴ</span> <span class='ocrx_word' id='word_1_1078' title='bbox 3618 5558 3897 5614; x_wconf 76' lang='grc' dir='ltr'>ἐνέϐαλεν.</span> 
     </span>
    </p>
   </div>
   <div class='ocr_carea' id='block_1_131' title="bbox 2304 5633 3897 5718">
    <p class='ocr_par' dir='ltr' id='par_1_131' title="bbox 2304 5633 3897 5718">
     <span class='ocr_line' id='line_1_131' title="bbox 2304 5633 3897 5718; baseline 0.007 -34"><span class='ocrx_word' id='word_1_1079' title='bbox 2304 5634 2488 5693; x_wconf 84' lang='grc' dir='ltr'>Διατί;</span> <span class='ocrx_word' id='word_1_1080' title='bbox 2525 5633 2658 5684; x_wconf 83' lang='grc' dir='ltr'>Ἀπὸ</span> <span class='ocrx_word' id='word_1_1081' title='bbox 2695 5635 2935 5707; x_wconf 80' lang='grc' dir='ltr'>πλευρᾶς</span> <span class='ocrx_word' id='word_1_1082' title='bbox 2971 5641 3002 5708; x_wconf 87' lang='grc' dir='ltr'>ή</span> <span class='ocrx_word' id='word_1_1083' title='bbox 3041 5640 3280 5708; x_wconf 82' lang='grc' dir='ltr'>ἁμαρτία</span> <span class='ocrx_word' id='word_1_1084' title='bbox 3325 5642 3514 5708; x_wconf 73' lang='grc' dir='ltr'>ἔμελλε</span> <span class='ocrx_word' id='word_1_1085' title='bbox 3557 5641 3822 5708; x_wconf 84' lang='grc' dir='ltr'>γίνεσθαι,</span> 
     </span>
    </p>
   </div>
   <div class='ocr_carea' id='block_1_132' title="bbox 2301 5717 3897 5796">
    <p class='ocr_par' dir='ltr' id='par_1_132' title="bbox 2301 5717 3897 5796">
     <span class='ocr_line' id='line_1_132' title="bbox 2301 5717 3897 5796; baseline 0.009 -29"><span class='ocrx_word' id='word_1_1086' title='bbox 2301 5717 2387 5768; x_wconf 79' lang='lat'><em>6:6</em></span> <span class='ocrx_word' id='word_1_1087' title='bbox 2432 5719 2528 5786; x_wconf 84' lang='grc' dir='ltr'>τῆς</span> <span class='ocrx_word' id='word_1_1088' title='bbox 2582 5721 2841 5785; x_wconf 79' lang='grc' dir='ltr'>γυναικὸς</span> <span class='ocrx_word' id='word_1_1089' title='bbox 2871 5723 3210 5778; x_wconf 76' lang='grc' dir='ltr'>εἰσελθοῦσα.</span> <span class='ocrx_word' id='word_1_1090' title='bbox 3244 5721 3444 5778; x_wconf 85' lang='grc' dir='ltr'>Ἦλθεν</span> <span class='ocrx_word' id='word_1_1091' title='bbox 3487 5727 3513 5777; x_wconf 88' lang='lat'>6</span> <span class='ocrx_word' id='word_1_1092' title='bbox 3545 5727 3734 5796; x_wconf 79' lang='grc' dir='ltr'>Σωτήρ</span> <span class='ocrx_word' id='word_1_1093' title='bbox 3779 5717 3897 5782; x_wconf 75' lang='grc' dir='ltr'>ἀπὸ</span> 
     </span>
    </p>
   </div>
   <div class='ocr_carea' id='block_1_133' title="bbox 2306 5801 3898 5882">
    <p class='ocr_par' dir='ltr' id='par_1_133' title="bbox 2306 5801 3898 5882">
     <span class='ocr_line' id='line_1_133' title="bbox 2306 5801 3898 5882; baseline 0.011 -31"><span class='ocrx_word' id='word_1_1094' title='bbox 2306 5801 2543 5870; x_wconf 81' lang='grc' dir='ltr'>πλευρᾶς</span> <span class='ocrx_word' id='word_1_1095' title='bbox 2571 5801 2751 5872; x_wconf 72' lang='grc' dir='ltr'>φέρων</span> <span class='ocrx_word' id='word_1_1096' title='bbox 2780 5803 2924 5875; x_wconf 76' lang='grc' dir='ltr'>ὕδωρ</span> <span class='ocrx_word' id='word_1_1097' title='bbox 2971 5811 3064 5861; x_wconf 76' lang='grc' dir='ltr'>καὶ</span> <span class='ocrx_word' id='word_1_1098' title='bbox 3108 5804 3267 5879; x_wconf 70' lang='grc' dir='ltr'>αἷμα,</span> <span class='ocrx_word' id='word_1_1099' title='bbox 3301 5809 3442 5882; x_wconf 75' lang='grc' dir='ltr'>ὕδωρ</span> <span class='ocrx_word' id='word_1_1100' title='bbox 3481 5809 3785 5863; x_wconf 67' lang='grc' dir='ltr'>άποπλύνον</span> <span class='ocrx_word' id='word_1_1101' title='bbox 3820 5813 3898 5868; x_wconf 74' lang='grc' dir='ltr'>τὰ</span> 
     </span>
    </p>
   </div>
  </div>
