4110 6318
185 406 301 459 481

175 519 502 587 pnelinissc,
535 518 648 573 ait:
677 516 745 571 Et
773 532 919 570 omne
953 515 1087 585 quod
1130 516 1320 568 vocavit
1346 515 1530 577 Adam,
1572 513 1663 564 hoc
1708 518 1778 562 est

174 623 369 663 nomen
398 610 544 680 ejus;
584 622 643 662 ac
686 608 727 660 si
767 606 927 669 dicat,
977 604 1300 659 Prmlinitum
1343 614 1476 667 crat,
1512 604 1611 656 hoc
1642 601 1783 655 Deus

172 700 518 755 decreverat.

253 790 446 848 Contra
488 791 728 847 Arianos.
756 818 824 828 —
848 790 1046 844 Verum
1076 789 1142 843 ad
1180 789 1506 859 propositum
1546 794 1784 841 reverta-

173 900 329 938 mur.
358 885 474 938 Stat
512 883 704 946 Adam,
746 892 801 937 et
829 883 965 936 Deus
1007 880 1224 935 adducit
1260 880 1334 934 illi
1364 880 1633 941 animalia,
1680 893 1782 933 nec

172 976 436 1031 dedecori
466 985 547 1029 est
577 975 821 1040 Domino,
850 972 989 1043 quod
1019 971 1249 1027 adducat
1277 971 1343 1025 ad
1373 986 1606 1025 servum.
1641 969 1707 1023 Et
1736 970 1778 1022 si

170 1072 403 1123 audiant
432 1068 691 1131 haeretici,
724 1067 995 1122 Christum
1028 1081 1125 1119 nos
1152 1064 1417 1119 adducere
1442 1063 1507 1116 ad
1538 1063 1776 1124 Patrem,

170 1162 363 1213 Statim
407 1160 635 1213 dicunt:
667 1158 851 1212 Viden‘
896 1158 1043 1209 illum
1091 1171 1211 1210 esse
1256 1154 1510 1210 servmn?
1555 1154 1780 1207 Adduxit

170 1251 273 1305 illa
304 1254 372 1305 ad
399 1252 583 1305 Adam.
615 1250 798 1306 Stabat
823 1264 1007 1303 servus
1032 1247 1297 1316 judicans,
1325 1256 1380 1301 et
1407 1246 1661 1299 Dominus
1687 1245 1781 1297 ad-

174 1345 410 1400 ducens.
436 1346 511 1400 Ac
534 1345 673 1398 Deus
693 1343 905 1412 quidem
934 1342 1139 1396 Adamo
1163 1340 1433 1395 adducens
1460 1355 1564 1393 non
1590 1339 1776 1408 injuria

168 1438 549 1494 afﬁciebatur:
579 1436 845 1490 Christum
870 1450 998 1488 vero
1024 1434 1067 1487 si
1089 1433 1307 1486 audiant
1333 1432 1566 1487 hmretici
1588 1431 1654 1485 ad
1680 1430 1778 1484 Pa-

175 1540 325 1585 trem
359 1530 643 1593 adducere,
676 1530 851 1581 statim
882 1528 931 1580 in
974 1526 1201 1580 ministri
1228 1534 1283 1580 et
1322 1523 1503 1578 famuli
1534 1523 1775 1577 ordinem

170 1623 419 1675 trahunt.
449 1620 505 1675 Si
544 1620 687 1673 dicat
718 1618 989 1681 Servator,
1038 1615 1203 1670 Nemo
1248 1618 1379 1670 venit
1431 1616 1499 1668 ad
1549 1614 1773 1680 Patrem,

168 1715 279 1768 nisi
314 1731 400 1782 per
429 1729 507 1767 me
544 1711 719 1783 (Joan.
764 1711 849 1765 14.
881 1710 937 1780 6)
984 1727 997 1764 :
1030 1708 1207 1763 statim
1255 1708 1489 1763 bazrctici
1531 1710 1774 1773 arret,-ti~,

169 1805 290 1859 imo
337 1804 600 1875 perversis
645 1810 789 1857 stant
825 1801 1062 1855 auribus.
1095 1799 1377 1853 Adduceus
1415 1799 1479 1852 ad
1512 1798 1775 1852 Adatnum

168 1897 429 1950 animalia
479 1896 634 1957 Dens,
675 1909 777 1948 non
810 1903 889 1947 est
928 1891 1043 1960 ejus
1089 1892 1362 1954 minister;
1413 1890 1682 1943 hominem
1731 1888 1773 1942 si

174 1989 323 2043 Deus
354 1990 460 2043 Deo
488 1988 695 2049 olTerat,
727 1986 952 2041 ministri
986 1984 1146 2039 habet
1173 1984 1456 2039 ordinem?
1497 1983 1571 2037 Nc
1596 1991 1772 2036 autem

170 2081 425 2135 morbum
454 2091 600 2134 tuum
633 2080 740 2133 alat
767 2080 1051 2132 verborum
1083 2078 1411 2146 ignorantia;
1442 2092 1541 2145 ego
1567 2076 1679 2130 scio
1722 2084 1775 2129 et

169 2171 372 2226 Filium
404 2172 597 2227 oll‘erre
632 2170 792 2235 Patri,
823 2179 872 2225 et
908 2170 1120 2224 Patrem
1155 2170 1310 2223 Filio.
1344 2168 1473 2223 Cum
1503 2170 1725 2222 dixisset
1757 2186 1769 2221 :

170 2261 345 2317 Nemo
366 2265 493 2317 venit
514 2264 580 2316 ad
607 2264 829 2325 Patrem,
856 2263 954 2315 nisi
977 2279 1063 2327 per
1084 2278 1163 2314 me
1194 2259 1369 2331 (Joan.
1402 2261 1453 2313 6.
1481 2262 1571 2328 Μ)
1594 2277 1607 2324 ;
1632 2260 1770 2314 idem

170 2370 362 2408 rursus
404 2357 517 2408 ait:
556 2354 720 2407 Nemo
762 2356 891 2407 venit
926 2354 993 2406 ad
1034 2371 1131 2419 me,
1182 2354 1280 2406 nisi
1316 2354 1472 2406 I’ater
1501 2371 1637 2406 meus
1675 2369 1776 2406 cce-

168 2448 314 2501 lestis
340 2449 545 2501 traxerit
566 2464 695 2500 eum.
720 2447 823 2501 Sed
846 2447 984 2516 quod
1004 2446 1112 2514 jam
1141 2456 1264 2501 ante
1293 2464 1376 2501 mc
1404 2448 1602 2501 dixisse
1629 2448 1769 2512 scio;

166 2556 361 2593 verum
386 2540 485 2593 hoc
512 2540 576 2592 ad
602 2556 712 2593 rem
732 2540 840 2607 jam
864 2541 1085 2609 quadrat
1110 2558 1121 2592 :
1146 2541 1404 2610 contingit
1430 2550 1605 2594 autem
1630 2554 1773 2608 saepe

168 2639 228 2682 ut
254 2646 362 2682 non
389 2630 652 2693 audiatur,
679 2640 729 2684 et
755 2646 893 2683 nunc
922 2632 1080 2685 etiam
1108 2630 1246 2684 dico.
1278 2630 1463 2700 Cogita
1493 2639 1622 2700 quot
1648 2639 1772 2684 sunt

166 2720 583 2789 quadrupedes;
626 2721 718 2775 sed
751 2729 922 2775 tecum
966 2730 1147 2789 reputa
1177 2738 1294 2790 qum
1325 2723 1429 2775 sint
1470 2731 1767 2786 mansueta,

165 2830 292 2875 quze
325 2814 453 2875 fera,
494 2828 610 2881 qnzc
640 2814 690 2865 in
733 2814 1019 2875 montibus,
1052 2830 1169 2882 qua:
1212 2816 1264 2866 iu
1298 2815 1533 2882 planitie,
1566 2831 1684 2883 quze
1716 2816 1767 2868 in

166 2902 380 2965 Galliis,
413 2919 531 2972 qure
561 2904 609 2956 in
642 2904 807 2963 India,
846 2919 962 2972 qum
992 2904 1042 2957 in
1074 2905 1322 2957 omnibus
1366 2905 1511 2958 orbis
1542 2906 1769 2958 elimati-

164 2995 269 3049 bus
306 3013 317 3047 :
347 3011 555 3050 rursum
590 2997 825 3066 reptilia;
852 3012 1036 3051 eorum
1065 3013 1258 3067 genera
1287 3008 1339 3052 et
1362 3000 1591 3067 species,
1626 2999 1771 3053 vola-

168 3086 283 3139 tilia
314 3087 512 3151 omnia,
542 3088 817 3152 natatilia;
851 3102 1201 3157 qumcumque
1228 3098 1353 3143 sunt
1381 3090 1429 3142 in
1465 3090 1618 3154 mari,
1647 3105 1766 3159 qua:

167 3177 218 3231 in
253 3180 478 3248 stagnis,
508 3196 626 3249 qua:
658 3180 709 3233 in
742 3180 915 3233 ﬂuviis
950 3198 963 3234 :
996 3179 1109 3234 haec
1135 3182 1311 3235 omnia
1345 3183 1765 3246 adducebantur,

166 3277 222 3320 et
267 3269 491 3338 singulis
540 3270 753 3323 nomina
796 3272 1104 3339 imponebat
1148 3273 1336 3337 Adam,
1370 3274 1614 3343 Deosque
1661 3290 1765 3328 non

166 3361 588 3427 contradieebat,
640 3362 731 3415 sed
779 3364 1168 3431 acquiescebat.
1218 3364 1494 3419 lnnmuera
1552 3367 1765 3420 nomina

164 3463 315 3517 sunt,
341 3454 526 3524 hisque
547 3454 833 3523 acquiescit
860 3454 1000 3509 Deus
1024 3472 1036 3509 :
1066 3472 1225 3509 unum
1253 3473 1445 3512 nomen
1474 3459 1599 3511 dicit
1629 3460 1767 3514 Deus

165 3560 228 3597 ex
281 3544 414 3599 caelo
445 3546 766 3601 testiﬁcans:
809 3544 909 3599 IIic
956 3556 1028 3600 est
1072 3546 1240 3602 Filius
1283 3566 1422 3602 meus
1462 3550 1677 3617 (Matth.
1709 3552 1763 3605 5.

166 3636 257 3704 l7)
298 3655 307 3688 :
339 3647 391 3690 et
421 3636 558 3691 banc
586 3652 770 3691 vocem
806 3653 965 3707 prave
994 3639 1311 3709 detorquent
1350 3640 1603 3704 hatretici,
1646 3659 1765 3711 quae

168 3729 256 3779 uni
294 3735 495 3781 tantum
544 3730 744 3782 nomini
778 3731 1137 3784 testimonimn
1174 3734 1376 3800 pra-bet
1408 3752 1420 3786 :
1454 3735 1597 3788 illam
1637 3752 1764 3790 san-

168 3829 309 3873 ctam
336 3836 543 3883 vocem,
568 3837 686 3890 qua:
710 3822 986 3876 innumera
1012 3827 1248 3893 suscepit
1280 3828 1497 3881 nomina
1532 3831 1764 3882 nullum-

166 3925 269 3978 que
302 3910 520 3966 delevit.
551 3912 793 3967 Adducta
822 3924 944 3967 sunt
974 3915 1246 3979 animalia,
1278 3925 1333 3970 ct
1358 3918 1570 3971 nomina
1612 3935 1766 3974 acce—

169 4014 380 4071 perunt.
409 4004 526 4057 Jam
556 4004 648 4059 ille
676 4007 850 4059 stabat
879 4014 934 4058 ut
967 4023 1079 4059 rex.

236 4094 290 4146 8.
323 4094 777 4160 Quemadmodum
801 4113 920 4151 cum
944 4101 1138 4151 milites
1159 4102 1589 4166 conscribuntur,
1615 4104 1765 4173 regio

166 4185 443 4255 signaculo
474 4196 725 4241 notantur
753 4206 765 4240 :
799 4188 877 4241 sic
920 4190 1040 4257 quia
1072 4189 1303 4245 debebat
1350 4193 1419 4245 illi
1468 4195 1760 4248 dominium

168 4278 403 4343 tradere,
430 4278 478 4332 id
505 4276 667 4332 efficit
690 4288 744 4332 ιιι
772 4279 985 4332 nomina
1017 4280 1250 4349 imponat
1276 4293 1332 4335 ut
1357 4284 1604 4338 dominus
1631 4305 1643 4338 :
1671 4303 1765 4339 no-

166 4370 305 4423 mina
350 4369 547 4439 quippe
576 4369 787 4423 nonnisi
817 4370 1072 4425 Dominus
1116 4372 1338 4442 imponit
1375 4384 1426 4427 et
1458 4376 1631 4429 Pater.
1670 4379 1763 4430 At-

166 4462 345 4517 tende.
387 4461 611 4516 Nomina
652 4463 752 4516 alia
788 4463 1041 4532 imposuit
1073 4464 1230 4528 Deus,
1263 4467 1365 4518 alia
1400 4466 1587 4520 Adam.
1623 4468 1761 4522 Deus

166 4555 373 4607 vocavit
416 4554 625 4615 cadum,
662 4563 880 4615 terram,
924 4571 1092 4619 mare,
1147 4556 1561 4622 ﬁrmamentum,
1592 4560 1756 4624 diem,

168 4646 359 4710 lucem,
386 4657 620 4711 noctem,
654 4645 904 4710 fructum,
936 4646 1175 4711 herbam,
1211 4648 1433 4715 ftenum,
1466 4650 1602 4721 ligna
1630 4668 1643 4716 ;
1679 4666 1761 4721 pe-

164 4753 285 4792 cora
316 4746 491 4790 autem
517 4746 570 4790 et
598 4737 826 4789 volatilia
854 4736 1022 4789 Adam
1046 4740 1275 4800 vocavit,
1310 4755 1595 4807 pavonem,
1620 4743 1761 4809 aqui-

167 4828 289 4894 lam,
316 4828 562 4893 vitulum,
594 4844 747 4883 ovem
780 4847 790 4880 :
823 4828 906 4881 hic
932 4830 1159 4894 species,
1196 4830 1301 4884 illic
1326 4846 1544 4901 genera,
1572 4849 1637 4886 ne
1662 4834 1759 4886 l'al-

163 4936 276 4974 sum
299 4921 791 4989 deprehenderetur
812 4920 913 4975 hoc
940 4921 1137 4975 dictmn
1167 4939 1178 4973 :
1213 4922 1485 4977 Faciamus
1507 4925 1758 4979 hominem

164 5013 227 5062 ml
258 5014 525 5079 imaginem
555 5023 780 5065 nostram
812 5012 959 5080 (Gen.
1000 5015 1047 5066 l.
1082 5014 1196 5083 26).
1233 5014 1371 5068 Deus
1414 5019 1627 5070 nomina
1661 5019 1758 5071 im-

169 5106 313 5167 ponit
341 5104 712 5165 lutninaribus,
749 5102 957 5167 Ursam,
993 5104 1283 5169 Orionem,
1319 5106 1583 5161 Pleiadem
1606 5149 1619 5172 ,
1658 5109 1757 5162 Ve-

167 5211 416 5259 sperum,
458 5196 781 5251 Luciferum.
837 5196 961 5250 Haec
1015 5200 1191 5251 omnia
1247 5199 1387 5253 Deus
1440 5202 1749 5255 nominavit.

166 5289 335 5345 Testis
374 5300 456 5345 est
498 5290 661 5345 David
700 5289 886 5343 dicens
925 5306 939 5345 :
974 5290 1072 5355 Qui
1118 5302 1345 5345 numerat
1386 5296 1753 5348 multitudinem

165 5384 417 5436 stellarum
462 5393 506 5437 et
535 5385 764 5438 omnibus
794 5385 863 5437 eis
907 5386 1110 5437 nomina
1142 5397 1277 5437 vocat
1309 5385 1476 5453 (Psal.
1525 5388 1644 5441 146.
1676 5390 1753 5457 4).

170 5473 304 5528 Dens
330 5478 541 5529 nomina
577 5478 708 5530 indit
734 5478 997 5545 supernis,
1028 5475 1196 5530 Adam
1224 5480 1470 5532 terrenis.
1504 5479 1752 5533 Nominat

172 5564 306 5618 Deus
333 5566 543 5629 Caelum,
577 5576 794 5633 terram,
824 5577 1015 5621 cuncta
1046 5566 1167 5629 alia,
1204 5567 1393 5629 Adam,
1427 5570 1619 5639 ignem,
1654 5571 1751 5623 ho.

168 5656 380 5711 minem.
411 5656 646 5711 Atlamus
676 5673 803 5712 vero
826 5658 952 5728 quid
985 5660 1260 5712 nominat?
1290 5658 1515 5727 lmponit
1554 5677 1746 5715 nomen

170 5746 434 5813 iumentis,
466 5748 763 5815 reptilibus,
798 5750 1002 5802 bestiis.

237 5843 392 5895 ddum
423 5841 697 5911 prophetiae
718 5843 903 5895 donum
928 5855 1203 5913 acceperat.
1230 5877 1297 5886 -—
1319 5845 1523 5902 Novum
1554 5864 1743 5904 nomen

1242 399 1328 454 DE
1369 391 1580 452 MUNDI
1620 388 2012 447 CREATIONE
2050 388 2307 451 ORATiO
2349 394 2409 446 \'.

3355 421 3469 478 482

1898 507 2132 565 Adamus
2158 522 2335 579 vocat,
2363 528 2445 581 os,
2483 530 2722 582 carnem,
2754 516 2818 570 de
2851 517 3074 573 muliere
3112 518 3331 584 dicens;
3372 529 3483 575 nm

1895 614 2027 652 nunc
2053 616 2107 654 os
2134 618 2196 655 ea:
2216 604 2409 658 ossibus
2434 607 2575 669 meis,
2609 616 2656 659 et
2682 623 2801 660 caro
2826 608 2890 661 de
2912 625 3064 662 carne
3090 611 3239 680 mea(
3267 609 3394 665 Gen.
3424 616 3483 667 ει.

1893 689 2009 762 23).
2039 693 2177 747 Deus
2206 695 2346 749 enim
2375 712 2495 751 cum
2528 700 2700 767 ipsum
2728 699 2995 766 formavit,
3040 716 3144 755 non
3176 701 3330 761 dixit.
3376 701 3488 756 for-

1894 799 2073 839 masse
2113 786 2259 840 illum
2287 803 2352 841 ex
2378 789 2588 845 ossibus
2622 799 2676 844 et
2704 806 2882 846 carne.
2924 792 3126 847 Rursus
3154 793 3283 848 dicit
3324 796 3484 861 Deus,

1893 874 2186 938 Masculus;
2239 878 2326 933 hic
2369 880 2516 947 dicit,
2546 881 2675 938 Vir:
2711 883 2849 937 Deus
2896 883 3041 945 dicit,
3094 884 3356 949 Femina;
3398 886 3486 941 hic

1893 966 2042 1031 dicit,
2077 968 2280 1023 Mulier.
2305 970 2564 1041 Quodque
2588 974 2777 1027 mirum
2801 983 2903 1037 est,
2927 975 3049 1044 quia
3073 974 3269 1045 Spiritu
3299 987 3487 1033 sancto

1895 1059 2082 1128 plenus
2112 1070 2244 1123 erat,
2288 1063 2628 1135 nondumque
2674 1066 2836 1119 miser
2880 1077 3243 1135 transgressus
3274 1068 3482 1134 fuerat;

1893 1150 1986 1204 sed
2018 1152 2184 1220 gratia
2213 1153 2447 1221 repletus
2471 1166 2607 1221 erat,
2633 1158 2931 1226 prophetia,
2968 1174 3125 1228 quam
3152 1160 3332 1229 paucis
3357 1172 3483 1216 ante

1892 1241 2081 1295 diebus
2106 1243 2245 1311 apud
2277 1258 2507 1300 vestram
2549 1249 2823 1303 caritatem
2849 1249 3263 1320 distinguebam,
3296 1260 3403 1306 tota
3432 1253 3483 1306 in

1892 1331 2007 1400 ipso
2036 1344 2167 1387 erat.
2214 1335 2425 1391 Sciebat
2456 1338 2597 1391 enim
2632 1341 2922 1404 prazterita,
2955 1342 3159 1395 sciebat
3201 1344 3486 1411 prarsentin

1890 1433 1945 1479 et
1969 1425 2161 1480 futura.
2191 1427 2470 1495 Quomodo
2502 1431 2782 1497 praesentia
2816 1432 3055 1486 sciebat?
3088 1432 3142 1487 In
3169 1448 3395 1502 corpore
3422 1449 3486 1489 os

1889 1527 2040 1573 extra
2068 1534 2172 1573 non
2202 1531 2450 1588 apparet;
2476 1523 2569 1577 sed
2598 1524 2718 1593 quia
2744 1524 3000 1594 Spiritum
3031 1525 3282 1591 habebat,
3309 1524 3442 1582 dicit
3466 1542 3482 1583 ζ

1893 1606 2006 1661 Iloc
2036 1627 2170 1663 nunc
2216 1627 2273 1665 os
2298 1628 2361 1665 ex
2387 1615 2581 1667 ossibus
2610 1616 2751 1669 meis.
2784 1615 3068 1681 Quomodo
3110 1617 3330 1683 sciebat,
3382 1618 3485 1673 nisi

1889 1699 2119 1768 Spiritus
2144 1712 2359 1757 sanctus
2386 1704 2483 1773 ipsi
2514 1706 2840 1761 revelasset?
2871 1705 2977 1760 Cur
2996 1723 3126 1778 ergo
3154 1707 3382 1777 primum
3423 1724 3486 1763 os

1886 1804 1939 1847 et
1973 1803 2080 1847 tum
2108 1810 2325 1849 carnem
2355 1798 2633 1852 nominat?
2657 1798 2788 1867 Quia
2822 1801 2995 1869 primo
3018 1812 3218 1856 costam
3249 1800 3367 1871 ejus
3396 1815 3488 1857 ac-

1885 1885 2046 1954 cepit.
2082 1882 2225 1951 liceo,
2271 1887 2460 1957 inquit,
2493 1890 2749 1943 vocabitur
2776 1892 2977 1956 mulier,
3009 1893 3129 1961 quia
3169 1893 3232 1946 de
3260 1895 3364 1947 viro
3392 1909 3487 1948 suo

1883 1988 2088 2047 sumpta
2118 1989 2190 2033 est
2225 1980 2352 2034 hac.
2389 1981 2718 2037 Vaticinatur
2747 1985 3036 2053 praeterita,
3082 1985 3217 2039 dixit
3246 2001 3486 2055 prmsen-

1887 2072 1992 2135 tia;
2031 2072 2158 2126 dicit
2179 2072 2288 2141 jam
2332 2073 2525 2127 l'utura.
2570 2074 2907 2141 Quamobrem
2933 2079 3180 2147 relinquet
3209 2079 3358 2132 homo
3385 2096 3485 2147 pa-

1887 2172 2012 2214 trem
2038 2174 2082 2215 et
2106 2174 2318 2217 matrem
2352 2165 2369 2233 (
2395 2164 2523 2218 Gen.
2556 2166 2610 2219 2.
2642 2166 2756 2235 24).
2789 2166 3035 2221 Nondum
3067 2177 3181 2222 erat
3209 2168 3487 2225 matrimo-

1886 2255 2053 2317 nium,
2084 2265 2138 2309 et
2163 2256 2301 2311 unde
2331 2268 2480 2327 pater
2506 2267 2558 2312 et
2580 2260 2788 2313 mater?
2820 2260 3048 2315 Rursum
3072 2263 3290 2317 audiant
3316 2264 3487 2319 haere-

1888 2349 1993 2401 tici.
2026 2348 2203 2400 Voluit
2236 2349 2373 2401 Deus
2404 2351 2609 2404 Adatno
2638 2366 2862 2404 uxorem
2909 2352 3192 2408 eli'ormare
3221 2371 3233 2406 :
3265 2353 3487 2408 Immisit

1884 2440 2112 2493 ecstasim
2143 2440 2194 2491 in
2232 2440 2418 2503 Adam,
2466 2450 2511 2493 et
2556 2442 2851 2494 obdormivit
2879 2441 3036 2510 (Ibid.
3068 2443 3122 2495 2.
3161 2443 3277 2512 2i).
3311 2442 3485 2500 Omne

1886 2531 1979 2584 Dei
2008 2532 2225 2585 verbum
2254 2532 2528 2599 antiquum
2564 2534 2742 2601 regula
2775 2543 2978 2587 natura:
3009 2535 3124 2588 fuit.
3158 2535 3347 2589 Docuit
3370 2538 3482 2605 pri-

1884 2624 1953 2675 mi
1983 2624 2247 2693 exemplo,
2278 2625 2547 2692 quomodo
2571 2636 2813 2694 suscepta
2845 2628 3021 2695 proles
3061 2629 3128 2681 ab
3158 2626 3372 2684 homine
3398 2628 3482 2683 di-

1883 2714 1986 2766 vidi
2015 2715 2224 2766 debeat.
2260 2713 2478 2767 Immisit
2510 2714 2645 2767 Deus
2669 2734 2900 2769 somnum
2922 2717 2975 2771 in
3007 2719 3189 2771 Adam.
3222 2720 3354 2775 Rem
3383 2720 3484 2774 mi-

1883 2820 1995 2859 ram
2024 2807 2035 2858 !
2070 2805 2300 2874 Tempus
2321 2806 2469 2871 dicit,
2495 2822 2600 2875 quo
2625 2809 3020 2864 matrimonium
3046 2812 3223 2865 initur.
3251 2814 3483 2870 Somnus

1881 2898 2102 2950 ecstasis
2130 2908 2369 2963 vocatur,
2397 2898 2518 2967 quia
2548 2899 2709 2953 homo
2730 2902 2879 2970 quasi
2908 2912 3060 2957 extra
3092 2905 3326 2973 seipsum
3355 2914 3481 2962 tunc

1881 2997 1983 3041 est.
2027 2987 2168 3042 Intus
2211 2989 2386 3043 anima
2433 2999 2534 3056 est,
2566 3001 2621 3045 et
2666 3002 2886 3046 nonest
2927 2994 3086 3049 intus.
3135 2995 3253 3049 Non
3296 2997 3482 3063 sentit,

1881 3094 1988 3131 non
2018 3078 2280 3147 intelligit,
2309 3081 2530 3135 audiens
2553 3098 2657 3136 non
2681 3084 2847 3137 audit.
2869 3084 3025 3139 Velut
3051 3086 3209 3142 hodie
3229 3087 3479 3157 dicimus,

1880 3170 2084 3225 Ecstasi
2118 3187 2243 3225 usus
2274 3182 2373 3239 cst,
2419 3175 2558 3243 quod
2591 3186 2736 3230 extra
2780 3179 2988 3246 negotia
3022 3178 3181 3233 fuerit
3216 3199 3228 3234 :
3258 3180 3335 3234 sic
3360 3181 3479 3235 ani-

1880 3280 1986 3328 ma,
2016 3281 2133 3318 cum
2163 3275 2309 3319 extra
2345 3282 2534 3321 sensus
2561 3268 2735 3333 fuerit,
2766 3272 2815 3323 in
2846 3272 3036 3325 ecstasi
3068 3283 3168 3325 est.
3207 3272 3270 3327 Et
3299 3274 3478 3329 obdor-

1878 3356 2035 3419 mivit,
2073 3356 2260 3424 inquit,
2295 3369 2339 3410 et
2367 3363 2480 3410 tulit
2512 3358 2649 3413 Deus
2679 3377 2833 3412 unam
2859 3360 2923 3414 de
2952 3362 3102 3415 costis
3130 3363 3260 3431 ejus.
3297 3364 3371 3419 De
3397 3363 3481 3419 his

1878 3446 2274 3517 interrogentur
2320 3448 2553 3503 haeretici
2588 3470 2598 3503 :
2635 3451 2914 3517 Quomodo
2962 3454 3079 3505 tulit
3118 3454 3296 3507 Deus?
3339 3471 3477 3524 quo-

1878 3539 2036 3593 modo
2077 3540 2242 3594 Adam
2284 3540 2521 3596 dolorem
2550 3559 2655 3597 non
2680 3545 2884 3598 sensit?
2914 3546 3181 3613 quomodo
3214 3564 3318 3601 non
3347 3563 3475 3603 cru-

1875 3632 2046 3685 ciatus
2073 3634 2199 3686 est?
2230 3632 2283 3687 Si
2316 3634 2398 3687 vel
2434 3636 2569 3703 pilus
2593 3651 2621 3687 a
2651 3652 2876 3706 corpore
2906 3638 3152 3703 vellatur,
3188 3638 3433 3695 dolemus
3458 3658 3474 3706 ;

1874 3726 2116 3795 quamvis
2144 3727 2251 3780 allo
2293 3728 2412 3795 quis
2450 3744 2644 3796 sopore
2681 3728 2932 3795 dormiat,
2965 3730 3165 3785 doloris
3196 3732 3247 3785 vi
3284 3748 3477 3802 exper-

1873 3818 2092 3886 giscitur
2120 3819 2207 3887 qui
2237 3819 2464 3883 dormit;
2496 3829 2699 3875 tantum
2747 3822 2949 3877 tollitur
2978 3824 3297 3891 membrum,
3332 3835 3476 3880 tanta

1873 3910 2118 3963 evellitur
2145 3920 2313 3970 costa,
2346 3925 2442 3964 nec
2468 3911 2739 3966 dormiens
2770 3928 2797 3965 a
2820 3928 3010 3967 somno
3037 3916 3338 3969 excitatur?
3358 3916 3474 3972 Non

1874 4001 1921 4053 vi
1965 4002 2176 4065 avulsit,
2220 4012 2276 4056 ut
2321 4003 2735 4072 οκιιοι-εἱηςριηιι,
2785 4022 2886 4057 non
2922 4006 3237 4072 discerpsit;
3288 4022 3472 4061 verum

1874 4094 2167 4162 Scriptura,
2218 4104 2273 4148 ttt
2318 4097 2551 4151 Artilieis
2594 4097 2922 4151 celeritatem
2970 4100 3246 4163 ostendat,
3295 4097 3471 4165 Tulit,

1875 4185 2062 4253 inquit.
2098 4186 2298 4239 Soluta:
2327 4196 2449 4239 sunt
2477 4202 2781 4256 compages,
2815 4198 2867 4241 et
2894 4203 2997 4242 non
3027 4190 3227 4241 sensit?

1944 4276 1995 4329 9.
2028 4274 2169 4327 Tulit
2199 4285 2423 4339 costam,
2453 4286 2510 4329 ut
2541 4278 2734 4330 tulerat
2761 4278 3053 4345 pulverem.
3083 4276 3137 4333 Si
3166 4280 3303 4333 alius
3328 4289 3473 4335 esset

1871 4372 1958 4440 qni
1988 4384 2346 4441 compegerat,
2373 4372 2509 4426 alius
2538 4374 2629 4441 qui
2662 4373 2840 4438 solvit,
2871 4390 3043 4443 pugna
3068 4382 3245 4440 esset;
3271 4376 3350 4428 sin
3375 4390 3469 4428 au-

1874 4471 1977 4515 tem
2011 4463 2099 4530 qui
2133 4463 2389 4531 ligaverat
2417 4462 2607 4526 solvit,
2639 4464 2681 4516 is
2708 4474 2855 4517 certe
2884 4458 3089 4533 placide
3120 4465 3294 4517 solvit.
3332 4464 3469 4517 Tulit

1870 4563 2079 4617 costam,
2113 4565 2159 4607 et
2187 4554 2393 4621 replevit
2420 4571 2511 4621 pro
2538 4571 2595 4607 ea
2624 4571 2843 4606 carnem.
2871 4554 3022 4608 Unde
3050 4554 3311 4621 replevit?
3337 4571 3465 4608 num

1869 4665 1932 4701 ex
1978 4649 2181 4716 reliquo
2210 4648 2368 4700 traxit
2403 4662 2632 4715 corpore
2650 4648 2671 4697 ἱ)
2698 4648 2855 4714 Atqui
2888 4661 3044 4699 onttie
3067 4660 3259 4713 corpus
3278 4688 3292 4711 ,
3322 4649 3465 4715 quod

1870 4741 2099 4793 trahitur
2128 4750 2182 4793 et
2212 4740 2563 4803 distenditur,
2607 4740 2853 4792 subtilius
2890 4738 3138 4791 efﬁcitur.
3181 4738 3465 4805 Quomodo

1868 4835 2127 4904 replevit?
2164 4836 2233 4886 lic
2266 4849 2492 4901 corpore
2531 4833 2816 4901 loquimur,
2848 4842 2901 4885 et
2940 4848 3042 4884 non
3085 4832 3465 4901 intelligimus;

1867 4928 1933 4981 de
1966 4928 2071 4980 Deo
2110 4928 2395 4995 loquimur,
2425 4936 2478 4977 et
2506 4926 2765 4978 curiosius
2795 4924 3170 4991 exploramus?
3202 4922 3266 4975 Et
3291 4926 3463 4992 (ediﬁ-

1867 5020 1995 5070 carit
2027 5017 2271 5070 Dominus
2302 5028 2525 5080 costam,
2557 5034 2707 5082 quam
2735 5018 2916 5069 tulerat
2946 5016 3007 5067 de
3038 5016 3232 5079 Adam,
3265 5017 3315 5068 in
3344 5033 3461 5068 nm-

1865 5112 2033 5162 lierem
2066 5110 2231 5175 (lien.
2261 5110 2311 5162 2.
2342 5110 2410 5161 22
2430 5109 2469 5177 ).
2501 5109 2779 5176 Quomodo
2809 5108 2946 5161 oculi
2978 5124 3039 5160 ex
3074 5117 3217 5159 cesta
3248 5108 3457 5162 formati

1864 5202 2028 5254 sunt?
2062 5202 2197 5253 unde
2227 5216 2319 5253 cor
2348 5200 2630 5268 cogitans?
2662 5200 2798 5251 titulo
2833 5199 3007 5266 lingua
3038 5198 3298 5266 loquens?
3327 5214 3460 5267 quo-

1864 5294 2021 5347 modo
2059 5294 2354 5346 (listensum
2403 5302 2481 5345 est
2521 5308 2582 5344 ex
2626 5301 2769 5343 costa
2800 5290 3151 5342 intestinum?
3188 5290 3458 5357 quomodo

1862 5402 1925 5439 ex
1966 5397 2109 5440 costa
2156 5385 2304 5453 jecur
2348 5383 2541 5435 factum
2580 5383 2693 5435 est?
2725 5382 2847 5434 ll:ec
2883 5382 3151 5447 quomodo
3184 5381 3317 5434 facta
3348 5380 3458 5434 sint

1862 5494 2052 5547 capere
2082 5496 2184 5531 non
2219 5488 2394 5545 potes.
2426 5484 2479 5528 et
2508 5475 2777 5529 Artificem
2806 5475 3014 5529 curiose
3046 5475 3317 5529 scrutaris!
3351 5474 3453 5527 Ve-

1860 5586 1977 5623 rum
2026 5570 2140 5623 vide
2183 5568 2464 5635 imaginem
2510 5565 2705 5621 Christi
2743 5566 2957 5635 ubique.
3004 5566 3116 5619 Non
3160 5566 3305 5635 prius
3337 5562 3455 5619 tulit

1860 5664 1999 5717 Deus
2028 5674 2230 5727 costam
2260 5664 2325 5715 tle
2358 5660 2583 5723 Adamo,
2615 5676 2771 5729 quam
2803 5661 2897 5729 ipsi
2927 5674 3169 5713 somnum
3203 5657 3454 5711 immitte-

1858 5766 1957 5809 ret.
1990 5753 2204 5822 Quare?
2239 5753 2312 5807 Ex
2343 5763 2487 5805 costa
2533 5762 2807 5821 peccatum
2841 5753 3099 5805 oriturum
3131 5757 3277 5809 erat;
3309 5745 3449 5817 quod

1864 5863 2054 5919 nempe
2084 5864 2176 5917 per
2216 5847 2493 5901 mulierem
2524 5848 2758 5901 intravit.
2794 5847 2944 5901 Venit
2972 5846 3223 5899 Servatur
3248 5858 3277 5897 e
3302 5853 3450 5897 costa
