4110 6318
625 394 818 552 ﬁniam
849 479 1025 535 ferens
1055 487 1109 534 et
1132 476 1446 548 sanguinem
1469 492 1484 540 ;
1508 490 1704 546 aquam
1733 489 1852 545 qum
1883 483 2102 544 peccata
2131 471 2230 526 ab-

628 571 822 638 lueret,
850 573 1163 644 sanguinem
1185 570 1277 641 qui
1305 571 1618 641 mysterium
1643 569 1798 622 nobis
1821 566 2075 621 traderet.
2102 564 2234 621 Vide

627 664 874 733 figuram.
904 663 1213 718 Dormiente
1249 663 1475 723 Adamn.
1501 669 1653 716 costa
1684 660 1967 716 Inllebatur
2000 678 2012 712 :
2042 673 2234 713 somno

627 757 840 828 corpori
871 756 1070 812 Christi
1108 756 1524 826 superveniente
1545 795 1559 817 ,
1592 763 1739 808 casta
1772 752 2148 821 aperiebatur,
2177 758 2236 805 ut

628 859 863 906 veterem
891 848 1206 918 tragtediam
1231 848 1464 902 solveret
1490 861 1796 915 pernoram
1825 844 2102 899 historiam
2130 860 2142 896 :
2166 842 2234 898 de

629 956 820 998 somno
850 943 1041 1012 loquor
1071 955 1177 1010 quo
1204 941 1257 995 in
1287 955 1448 995 cruce
1485 948 1766 1007 correptus
1797 947 1900 992 est.
1931 934 2235 1005 zEdiﬁcavit

627 1044 821 1088 costam
847 1034 900 1086 in
922 1033 1202 1095 mulierem,
1235 1032 1448 1085 adduxit
1475 1048 1584 1084 eam
1615 1031 1683 1083 ad
1704 1030 1891 1082 Adam.
1921 1029 1964 1084 Ο
1993 1029 2236 1098 benigni-

631 1133 794 1179 tatem
826 1122 1072 1177 Domini!
1102 1122 1310 1190 Quanta
1343 1122 1488 1184 facit.
1519 1122 1734 1184 format,
1767 1129 1895 1190 quot
1923 1119 2234 1175 muneribus

629 1215 834 1269 afficit?
859 1214 1092 1269 Adducit
1120 1214 1369 1268 animalia
1391 1256 1405 1275 .
1439 1228 1692 1282 sponsam
1723 1213 1900 1266 tradit.
1929 1211 2061 1279 Quia
2088 1211 2232 1266 enim

631 1309 799 1364 Adam
833 1309 985 1377 quasi
1015 1308 1248 1378 pupillus
1273 1317 1408 1372 erat,
1440 1317 1494 1361 et
1521 1307 1627 1361 Eva
1656 1306 1823 1376 virgo,
1856 1307 1971 1360 sine
2000 1316 2152 1374 patre
2181 1313 2235 1360 ct

630 1411 800 1456 matre
821 1441 836 1462 ,
869 1400 961 1470 qui
995 1398 1231 1454 officium
1263 1406 1619 1469 praestarent:
1653 1398 1792 1452 Deus
1822 1395 1987 1466 patris
2015 1395 2231 1450 matris-

629 1507 735 1562 que
773 1490 1106 1546 iunctionem
1133 1491 1266 1546 obit.
1307 1493 1386 1545 Ac
1424 1490 1546 1544 vide
1590 1490 1762 1559 legem
1795 1506 1808 1542 :
1836 1488 2012 1542 omnis
2038 1487 2234 1558 quippe

628 1599 732 1638 vox
780 1583 873 1638 Dei
917 1583 1173 1652 primaeva
1219 1593 1422 1638 natura:
1465 1597 1652 1636 norma
1691 1589 1794 1637 est.
1839 1580 2066 1634 Adduxit
2097 1580 2235 1636 Deus

631 1673 897 1727 mulierem
922 1672 993 1726 ad
1017 1671 1184 1726 Adam
1210 1689 1229 1727 :
1255 1683 1310 1728 et
1340 1673 1422 1728 lex
1451 1673 1539 1727 illa
1569 1673 1766 1727 mansit
1799 1673 1866 1726 ad
1900 1673 2040 1727 hunc
2068 1688 2236 1743 usque

631 1765 798 1825 diem.
829 1777 889 1821 ut
919 1780 1055 1820 uxor
1086 1765 1259 1819 virum
1290 1765 1463 1829 adeat,
1497 1779 1602 1820 non
1635 1765 1807 1819 virum
1837 1765 1903 1819 ad
1931 1781 2151 1821 uxorem
2182 1765 2236 1820 in

632 1871 891 1927 sponsum
912 1857 1148 1912 adducit.
1170 1855 1332 1911 Erant
1358 1857 1505 1920 nudi,
1525 1868 1569 1911 et
1590 1875 1691 1912 non
1712 1858 2061 1915 erubescebant
2080 1857 2234 1928 (Gen.

632 1948 690 2002 2.
712 1948 828 2018 25).
855 1948 1033 2002 Manet
1054 1949 1258 2018 regula,
1282 1949 1368 2003 lex
1387 1950 1603 2003 clamat.
1626 1950 1824 2004 Omnes
1846 1949 1924 2004 vir
1943 1951 2232 2016 erubescit,

634 2049 830 2109 prazter
857 2040 1128 2109 propriam
1159 2056 1404 2104 uxorein,
1429 2054 1618 2094 omnes
1643 2055 1776 2095 uxor
1801 2041 2074 2096 erubescit
2101 2057 2238 2111 prte-

634 2139 716 2185 ter
742 2131 1020 2200 pr0prium
1047 2131 1241 2185 virum.
1285 2131 1466 2201 Itaque
1504 2134 1604 2187 hoc
1643 2131 1860 2202 quidem
1895 2133 2003 2187 dixi
2040 2148 2237 2188 secun-

633 2222 762 2276 dum
791 2222 964 2291 legem
989 2240 1002 2276 :
1027 2237 1188 2276 causa
1212 2233 1409 2288 autem,
1435 2239 1530 2277 cur
1554 2224 1679 2278 nudi
1707 2240 1810 2278 non
1835 2227 2235 2289 erubescerent,

632 2320 750 2367 erat
775 2313 917 2381 quod
951 2313 1356 2368 immortalitate
1381 2326 1564 2369 essent
1600 2315 1801 2380 induti,
1835 2317 2004 2386 gloria
2033 2317 2231 2372 amicti.

631 2404 748 2459 Non
788 2406 1000 2460 sinebat
1039 2407 1242 2476 gloria,
1279 2419 1332 2462 ut
1371 2409 1510 2463 nuda
1554 2409 1906 2464 viderentur:
1942 2411 2053 2480 ipsa
2094 2413 2234 2468 enim

633 2496 926 2555 nuditatem
949 2498 1254 2569 obtegebat.
1282 2499 1380 2555 Ubi
1411 2501 1613 2569 poteris
1641 2500 1838 2555 nudum
1863 2502 2044 2558 videre
2065 2503 2239 2559 virum

633 2602 740 2643 non
781 2589 1226 2644 erubescentem?
1255 2589 1312 2644 In
1343 2589 1557 2644 Christo
1603 2591 1778 2660 ipsum
1821 2593 2049 2648 invenis.
2080 2595 2241 2651 Venit

634 2681 830 2737 Petrus
856 2693 907 2737 et
936 2681 1173 2739 Joannes
1197 2693 1250 2738 et
1285 2682 1516 2738 Iacobus
1543 2684 1595 2738 in
1627 2695 2028 2740 monumentum
2045 2727 2061 2752 ,
2087 2702 2238 2758 quaa-

635 2785 813 2829 rentes
839 2790 1056 2845 corpus,
1085 2783 1138 2830 et
1165 2789 1270 2830 non
1298 2775 1640 2837 invenerunt.
1673 2777 1765 2829 sed
1799 2777 2118 2832 invenerunt
2146 2795 2239 2835 ve-

635 2869 886 2921 stimenta
918 2868 1184 2931 involuta,
1214 2876 1270 2920 ut
1295 2866 1690 2932 ostenderetur,
1724 2877 1844 2937 post
1885 2871 2240 2925 resurrectio-

635 2973 758 3011 nem
781 2957 978 3011 Christi
999 2999 1012 3018 .
1042 2957 1092 3010 in
1125 2957 1240 3028 ipso
1263 2958 1466 3012 servari
1493 2969 1730 3012 veterem
1758 2958 1948 3013 Adami
1977 2959 2200 3014 formam
2221 3002 2236 3027 ,

633 3065 862 3120 esseque
910 3051 1028 3105 sine
1068 3051 1432 3118 vestimentis,
1479 3066 1586 3106 non
1636 3052 1835 3106 nudum
1883 3060 2102 3116 tamen,
2142 3053 2238 3109 sed

635 3143 908 3198 Vestitum.
934 3145 1178 3198 Surrexit
1205 3142 1470 3207 Christus,
1497 3145 1750 3213 exuritque
1779 3145 2095 3200 vestimenta
2118 3162 2238 3217 qua:

637 3237 874 3291 Adamus
898 3237 1166 3301 induerat,
1191 3248 1414 3308 eratque
1441 3238 1634 3303 nudus,
1662 3254 1760 3293 nec
1783 3239 1956 3293 nudus
1982 3240 2239 3295 cerneba-

637 3336 741 3381 tur.
764 3328 892 3384 Post
911 3329 1362 3384 resurrectionem
1387 3329 1640 3383 mulieres
1661 3330 1980 3385 vestimenla
2003 3331 2237 3401 proiecta

635 3417 839 3473 vident.
875 3417 1078 3473 Martha
1106 3427 1161 3474 et
1187 3417 1349 3473 Maria
1379 3418 1565 3473 vident
1591 3435 1736 3484 eum,
1770 3431 2084 3490 agnoscunt,
2112 3437 2238 3492 pro-

635 3508 929 3574 cumbunt,
963 3519 1017 3563 et
1043 3508 1244 3564 nudum
1277 3525 1381 3565 non
1411 3510 1613 3565 vident.
1647 3509 1798 3566 Unde
1827 3521 2003 3567 vestes
2029 3513 2238 3569 induit?

634 3600 905 3654 Amiserat
929 3601 1072 3654 enim
1103 3616 1196 3656 eos
1225 3602 1274 3654 in
1308 3610 1672 3658 monumento.
1709 3603 1892 3657 Priora
1921 3606 2236 3661 vestimenta

635 3689 930 3744 diviserant
968 3692 1184 3745 milites.
1214 3691 1496 3748 Undenam
1539 3693 1817 3748 induitur?
1845 3693 1984 3749 unde
2012 3696 2102 3766 qni
2133 3711 2236 3751 nu-

635 3778 776 3846 dus,
819 3791 924 3834 non
969 3779 1184 3834 nudus?
1223 3783 1380 3836 Aliud
1425 3797 1609 3854 quaero
1643 3801 1656 3837 :
1698 3798 1795 3838 cur
1832 3785 2144 3839 vestimenta
2185 3794 2239 3840 et

637 3869 919 3926 sindonem
950 3872 1002 3926 in
1035 3888 1136 3927 una
1167 3883 1318 3943 parte
1347 3875 1616 3940 viderunt,
1643 3876 1918 3930 sudarium
1949 3893 2098 3941 vero,
2131 3895 2238 3946 quo

635 3973 798 4032 caput
837 3961 1142 4019 Servatoris
1179 3967 1414 4021 vinctum
1462 3968 1666 4032 fuerat,
1709 3969 1760 4022 in
1800 3970 1902 4024 alia
1943 3972 2131 4039 parte?
2171 3970 2238 4026 Ut

637 4054 816 4109 divina
864 4056 1035 4124 gratia
1088 4058 1500 4124 ostenderetur,
1551 4059 1800 4128 quodque
1848 4060 1966 4114 sine
2010 4063 2236 4115 tumultu

637 4147 970 4201 resurrectio
1005 4143 1212 4202 fuisset.
1242 4149 1308 4203 Et
1337 4149 1459 4217 quia
1497 4164 1767 4204 rumorem
1797 4149 1964 4204 Judaei
2002 4153 2237 4220 sparsuri

637 4247 822 4293 erant.
869 4236 1160 4306 discipulos
1203 4239 1376 4309 ipsum
1413 4240 1613 4295 furatos
1654 4257 1799 4304 esse,
1842 4243 2097 4313 relinquit
2145 4259 2238 4298 ve-

638 4329 891 4384 stimenta
927 4344 1019 4383 sua
1062 4331 1113 4384 in
1155 4341 1520 4388 monumento.
1556 4334 1686 4388 Nam
1728 4335 1817 4404 qui
1857 4347 2125 4391 mortuum
2154 4337 2238 4392 fu-

638 4429 810 4481 ratur,
843 4421 1014 4491 ipsum
1039 4437 1158 4476 cum
1186 4426 1520 4478 vestimentis
1543 4424 1768 4480 furatur.
1801 4426 2101 4496 Videreque
2124 4437 2242 4484 erat

639 4510 983 4566 Servatorem
1006 4513 1370 4580 egredientem
1397 4530 1461 4570 ex
1487 4516 1750 4586 sepulcro,
1783 4517 1921 4570 sicut
1947 4517 2240 4588 Josephum

639 4618 707 4659 ex
737 4603 901 4658 domo
931 4602 1218 4675 Egyptite.
1261 4605 1327 4661 Et
1362 4607 1482 4661 vide
1522 4607 1650 4662 mihi
1685 4607 2042 4664 differentiam
2079 4628 2092 4663 :
2121 4621 2243 4680 post

639 4695 1091 4750 resurrectionem
1127 4696 1276 4752 visus
1312 4706 1397 4752 est
1425 4697 1673 4754 Christus
1712 4699 1886 4754 nudus
1911 4741 1925 4764 ,
1957 4710 2012 4755 et
2052 4700 2243 4758 Petrus

643 4784 820 4840 nudus
861 4802 874 4837 :
920 4800 1102 4840 verum
1153 4788 1242 4842 ille
1286 4788 1498 4858 quidem
1541 4792 1942 4846 immortalitate
1987 4794 2241 4862 prmditus

644 4884 762 4930 erat
785 4916 800 4940 ,
836 4875 922 4928 hic
949 4885 1124 4930 autem
1165 4880 1406 4934 mortalis
1435 4880 1608 4936 adhuc
1639 4891 1774 4936 erat.
1801 4882 1959 4937 Jesus
1985 4885 2158 4937 stabat
2188 4885 2238 4938 in

641 4967 845 5034 littore,
872 4967 1039 5037 gloria
1067 4968 1303 5034 indutus,
1330 4971 1515 5027 dicens
1539 4990 1554 5027 :
1578 4970 1724 5036 Filii,
1750 4991 1870 5027 nunt
1898 4975 2020 5044 quid
2045 4978 2243 5044 opsonii

646 5059 835 5112 habetis
866 5057 1042 5127 (Joan.
1071 5059 1161 5114 2|.
1195 5060 1292 5132 5)?
1322 5061 1467 5125 Non,
1503 5063 1778 5134 inquiunt,
1808 5083 1913 5120 non
1944 5068 2238 5123 habemus:

645 5165 754 5203 non
779 5151 920 5204 enim
953 5162 1210 5207 noverant
1234 5168 1377 5207 eum.
1406 5155 1606 5210 Deinde
1630 5156 1754 5210 dicit
1781 5175 1794 5215 :
1830 5158 2019 5212 Mittite
2043 5160 2092 5212 in
2119 5161 2242 5214 dea:-

647 5253 806 5296 teram
835 5245 1018 5311 navigii
1052 5255 1242 5314 portent
1273 5247 1430 5316 (Ibid.
1471 5264 1516 5300 υ.
1548 5247 1625 5315 6).
1654 5249 1929 5315 Miserunt,
1962 5267 2023 5305 ac
2058 5254 2241 5320 ingen-

649 5349 755 5391 tem
786 5336 1012 5406 piscium
1054 5339 1449 5395 multitudinem
1486 5350 1762 5408 ceperunt.
1800 5345 2056 5412 Agnoscit
2085 5344 2245 5398 Joan-

649 5443 777 5492 nes,
803 5437 856 5483 et
884 5427 1013 5483 dicit
1036 5429 1228 5495 Petro,
1258 5429 1508 5485 Dominus
1533 5441 1605 5484 est
1635 5431 1797 5502 (Ibid.
1821 5449 1867 5486 υ.
1899 5434 1974 5503 7).
2008 5433 2052 5489 Ο
2081 5437 2244 5489 mira-

648 5521 855 5575 culum!
884 5519 1000 5575 Non
1030 5534 1362 5591 agnoverunt
1384 5539 1449 5579 ex
1472 5538 1624 5587 voce,
1655 5523 1748 5578 sed
1782 5540 1847 5578 ex
1877 5525 2152 5595 Operibus.
2177 5525 2246 5581 Et

650 5618 897 5685 sumpsit,
940 5618 1151 5688 inquit,
1195 5615 1377 5674 Petrus
1421 5621 1646 5672 tunicam
1683 5635 1701 5672 :
1735 5629 1842 5672 erat
1887 5622 2018 5674 enim
2057 5624 2244 5676 nudus.

652 5707 873 5764 Mortale
910 5725 1105 5780 corpus
1143 5709 1444 5776 erubescit,
1480 5711 1782 5766 immortale
1821 5726 1927 5767 non
1957 5714 2243 5770 erubescit.

655 5797 851 5855 Verum
878 5801 928 5857 ei
953 5803 1040 5872 qui
1071 5816 1169 5859 nos
1205 5798 1375 5872 gloria
1416 5802 1623 5869 induit,
1653 5812 1704 5858 et
1733 5803 1822 5872 qui
1852 5803 2036 5860 orbem
2076 5805 2244 5862 induit

2097 353 2469 412 SEVERIANI

3854 396 3961 446 4X4

2346 471 2747 529 immortalitate
2771 514 2785 540 ,
2815 473 2938 529 huic
2977 476 3316 546 procldamus
3335 519 3350 541 ,
3385 476 3506 534 huic
3537 482 3914 551 supplicemus
3933 527 3948 550 ,

2343 575 2397 617 ut
2428 579 2525 618 nos
2554 564 2736 619 induat
2761 564 2886 632 fide,
2909 581 3003 636 spe
3029 568 3238 632 salutis,
3262 570 3428 635 gloria
3452 572 3503 624 in
3527 572 3749 628 Clu-isto
3777 591 3791 629 :
3819 590 3952 646 quo-

2341 659 2484 711 niam
2510 657 2652 713 Patri
2682 659 2848 729 gloria
2873 701 2888 725 ,
2919 676 3038 714 cum
3070 662 3337 731 nnigenito
3363 662 3498 718 Filio
3523 673 3579 718 et
3607 677 3804 723 sancto
3832 669 3951 740 Spi-

2342 747 2468 815 rltu,
2497 764 2639 804 nunc
2660 757 2714 804 et
2734 766 2969 821 semper,
2997 763 3048 808 et
3077 754 3128 806 in
3156 754 3347 808 szecula
3374 756 3724 812 szcculorum.
3751 762 3948 816 Amen.

2340 881 2406 936 In
2435 884 2567 937 diem
2591 895 2786 939 sextum
2815 888 3100 950 creationis,
3125 897 3170 941 et
3195 889 3246 941 in
3274 890 3462 957 primos
3487 905 3748 960 parentes,
3772 896 3826 948 in
3847 913 3950 949 scr-

2413 985 2642 1042 pentem,
2692 987 2737 1030 et
2787 979 2839 1030 in
2886 979 3077 1048 lignum
3125 981 3378 1044 scientiis,
3426 983 3489 1034 de
3532 983 3854 1039 habitatione
3900 989 3948 1038 in

2413 1069 2682 1136 paradiso,
2727 1070 2886 1138 deque
2920 1071 3105 1125 Adann’
3142 1088 3256 1125 cum
3303 1073 3410 1128 Deo
3451 1075 3730 1146 colloquio.
3767 1076 3948 1132 Oratio

2412 1170 2554 1215 sexta
2576 1161 2673 1234 (a).

2420 1298 2471 1352 l.
2497 1300 2610 1368 Age
2634 1299 2984 1370 rursus,quod
3009 1299 3226 1370 polliciti
3253 1317 3438 1358 sumus
3465 1305 3876 1375 aggrediamur,
3901 1319 3947 1363 et

2340 1399 2714 1460 argumentum
2741 1391 2808 1446 de
2838 1391 3087 1462 paradiso
3113 1392 3178 1447 ad
3207 1392 3367 1449 finem
3395 1411 3562 1467 usque
3587 1397 3947 1454 deducamus.

2342 1483 2454 1538 Etsi
2481 1485 2623 1537 enim
2657 1484 2988 1538 intolerabile
3018 1486 3216 1540 malum
3251 1486 3373 1541 illud
3412 1487 3588 1552 fuerit,
3623 1492 3763 1561 quod
3801 1494 3952 1547 Ada-

2345 1592 2466 1630 mus
2492 1576 2698 1645 ejectus
2725 1577 2794 1631 sit
2820 1576 2887 1632 de
2917 1577 3183 1647 paradiso,
3209 1579 3364 1650 longe
3391 1582 3560 1650 majus
3589 1585 3694 1638 erit
3721 1585 3950 1648 malum,

2343 1668 2386 1723 si
2419 1683 2517 1722 nos
2546 1684 2574 1721 a
2612 1668 2840 1738 paradisi
2889 1669 3144 1725 memoria
3183 1670 3538 1727 eliminemur.
3589 1675 3720 1730 Rem
3759 1687 3952 1732 autem

2342 1759 2682 1830 attingamus,
2713 1776 2820 1814 non
2851 1763 3222 1817 communibus
3249 1764 3543 1820 rationibus
3564 1783 3682 1822 eam
3712 1779 3957 1825 tractan-

2343 1861 2445 1914 tes,
2468 1853 2560 1907 sed
2591 1867 2656 1907 ex
2690 1852 2802 1921 ipsa
2830 1868 2979 1908 sacra
3010 1853 3278 1924 Scriptura
3306 1855 3586 1912 dubiorum
3616 1860 3952 1917 solutiOnem

2344 1945 2588 1998 mutuati.
2611 1944 2711 2012 Qui
2737 1946 2879 2000 enim
2905 1961 2998 2016 pro
3021 1947 3169 2001 libito
3196 1947 3356 2003 sentit
3385 1958 3438 2004 et
3462 1951 3675 2020 cogitat,
3703 1953 3953 2023 seipsum

2342 2033 2539 2104 decipit
2560 2051 2574 2088 :
2593 2036 2682 2105 qui
2709 2051 2836 2091 vero
2856 2052 2923 2091 ex
2943 2037 3212 2104 Scriptura
3235 2041 3586 2108 qurestionum
3614 2044 3953 2100 solutionem

2343 2135 2655 2194 mutuatur,
2701 2128 2870 2198 ipsam
2915 2127 3074 2184 habet
3114 2131 3392 2186 veritatem
3439 2133 3764 2204 magistram.
3814 2136 3954 2203 Quia

2343 2232 2473 2271 vero
2504 2218 2738 2272 fidelium
2771 2219 2919 2274 multi
2964 2219 3199 2290 legentes
3239 2221 3516 2289 dubitant,
3553 2235 3607 2279 et
3646 2226 3954 2281 infidelium

2345 2305 2558 2376 plurimi
2580 2307 2887 2378 ignorantes
2909 2309 3298 2379 blasphemant,
3323 2320 3382 2366 ut
3401 2323 3455 2367 ct
3481 2315 3675 2369 sanctis
3699 2317 3954 2372 animum

2343 2400 2626 2454 certiorem
2654 2400 2963 2465 reddamus,
2997 2411 3050 2455 et
3078 2401 3319 2457 infideles
3353 2406 3700 2468 confuLemus,
3741 2422 3851 2474 pro
3880 2410 3957 2464 vi-

2343 2489 2428 2546 rili
2468 2507 2580 2546 rem
2625 2492 3026 2563 aggrediamur,
3059 2493 3222 2548 Deum
3255 2493 3523 2548 vobiscum
3561 2499 3956 2562 obsecrantes.

2345 2594 2404 2638 ut
2443 2585 2679 2639 veritatis
2720 2585 2875 2640 nobis
2915 2587 3122 2656 copiam
3167 2588 3550 2644 subministret.
3581 2590 3692 2658 Qua
3734 2593 3957 2648 ratione

2347 2675 2507 2731 homo
2531 2677 2776 2732 conditus
2801 2677 2975 2742 fuerit,
3005 2693 3106 2749 qua
3131 2693 3357 2748 corpore
3385 2679 3661 2748 formatus,
3687 2699 3790 2751 qua
3820 2687 3953 2740 item

2343 2783 2372 2821 a
2409 2767 2517 2823 Deo
2546 2779 2723 2824 creata
2751 2771 2927 2824 anima
2985 2771 3127 2826 illius
3157 2770 3321 2826 indita
3347 2774 3558 2842 corpori
3590 2772 3772 2839 fuerit,
3809 2792 3953 2846 quo-

2345 2859 2506 2914 modo
2550 2860 2852 2930 paradisum
2891 2861 3213 2917 domicilium
3261 2861 3543 2929 habuerit,
3577 2866 3677 2919 etsi
3709 2881 3818 2920 non
3858 2885 3958 2934 pro

2345 2951 2422 3006 rei
2449 2951 2702 3022 dignitate
2723 2992 2738 3018 ,
2778 2968 2874 3022 pro
2909 2952 3158 3009 facultate
3185 2963 3331 3009 certe
3367 2966 3548 3009 nostra
3573 2996 3587 3022 ,
3621 2958 3752 3010 satis
3779 2973 3954 3028 supra

2344 3041 2544 3096 dictum
2572 3051 2672 3095 cst.
2701 3043 2817 3097 Jam
2860 3043 2926 3097 ad
2968 3045 3295 3114 pr0positum
3330 3047 3627 3102 orationem
3657 3061 3952 3106 converta-

2344 3150 2487 3190 mus.
2521 3132 2648 3190 Data
2675 3135 2888 3205 quidem
2920 3136 3124 3190 Adamn
3149 3148 3230 3193 est
3255 3139 3500 3195 universa
3537 3151 3676 3197 terra
3700 3185 3717 3210 ,
3751 3147 3953 3213 praci-

2345 3241 2508 3296 puum
2541 3243 2668 3282 vero
2699 3228 2838 3282 illius
2867 3227 3220 3283 habitaculum
3252 3230 3529 3300 paradisus
3555 3245 3694 3288 erat.
3726 3236 3954 3294 Licebat

2342 3318 2503 3372 etiam
2531 3319 2576 3372 ei
2599 3330 2747 3374 extra
2776 3321 3080 3389 paradisum
3110 3322 3223 3387 ire;
3256 3337 3438 3377 verum
3472 3340 3591 3392 quae
3617 3338 3770 3379 extra
3805 3343 3953 3398 para-

2345 3406 2518 3461 disum
2542 3418 2695 3462 erant
2717 3409 2947 3464 hominis
2973 3408 3281 3466 habitationi
3303 3411 3549 3480 deputata
3577 3429 3683 3468 non
3707 3417 3950 3485 fuerant,

2344 3495 2436 3552 sed
2460 3496 2649 3565 brutis,
2671 3499 2970 3568 pecoribus,
2994 3500 3448 3570 quadrupedibus,
3470 3503 3614 3567 feris,
3639 3509 3948 3575 replilibus.

2346 3587 2510 3659 Regia
2552 3605 2680 3645 vero
2723 3599 2777 3644 et
2821 3589 3004 3645 herilis
3045 3590 3299 3646 habitatio
3345 3593 3442 3661 ipsi
3487 3604 3604 3650 erat
3641 3599 3950 3663 paradisus.

2344 3679 2471 3735 ldco
2520 3681 2659 3736 Deus
2702 3683 2924 3736 adduxit
2959 3683 3205 3736 animalia
3243 3684 3309 3738 ad
3344 3684 3515 3738 Adam
3541 3727 3554 3750 ,
3588 3694 3754 3741 veluti
3787 3692 3859 3744 ab
3889 3708 3954 3749 eo

2343 3783 2610 3840 separata.
2650 3773 2766 3828 Non
2802 3775 2942 3829 enim
2985 3790 3196 3843 semper
3230 3778 3490 3845 mancipia
3525 3778 3652 3832 hero
3692 3782 3949 3848 adstant,

2343 3866 2438 3918 sed
2467 3879 2589 3919 cum
2631 3866 2736 3922 illis
2777 3881 2910 3936 opus
2950 3866 3213 3922 habuerit.
3256 3869 3423 3922 lndita
3463 3871 3788 3928 animalibus
3827 3887 3957 3931 sunt

2347 3959 2585 4024 nomina,
2616 3968 2671 4012 et
2697 3961 2872 4013 statim
2895 3959 3064 4027 ejecta
3092 3971 3215 4014 sunt
3237 3975 3254 4015 :
3277 3963 3470 4014 mansit
3493 3974 3672 4018 autem
3700 3969 3877 4022 Adam
3903 3971 3954 4024 in

2345 4048 2611 4114 paradiso.
2633 4051 2729 4106 Hic
2742 4066 2871 4105 vero
2884 4049 3182 4118 Scriptura:
3197 4051 3524 4121 diligentiam
3547 4057 3950 4116 animadverte.

2418 4140 2764 4192 Animantium
2807 4142 2905 4194 tria
2950 4157 3153 4211 genera.
3195 4173 3265 4182 —
3302 4141 3458 4197 Jussa
3502 4156 3656 4200 erant
3696 4151 3954 4207 animalia

2347 4229 2610 4284 Adamum
2643 4231 2792 4284 adire
2814 4271 2828 4294 ,
2857 4247 2915 4284 se
2939 4231 3013 4286 illi
3046 4233 3334 4300 inclinare,
3369 4235 3574 4306 ipsique
3602 4237 3913 4298 abblandiri
3941 4264 3954 4308 ;

2346 4322 2578 4392 exempli
2620 4336 2813 4389 causa,
2859 4323 3304 4394 quemadmodum
3350 4335 3504 4380 erant
3540 4331 3640 4384 tria
3682 4331 3957 4401 lignorum

2346 4431 2541 4486 genera
2563 4458 2578 4482 ,
2608 4431 2801 4486 nempe
2830 4417 2970 4486 ligna
2999 4433 3120 4486 quae
3160 4417 3310 4471 illum
3341 4419 3550 4474 alerent
3569 4461 3584 4484 ,
3617 4431 3677 4477 ut
3703 4426 3919 4482 viveret
3948 4470 3960 4492 ,

2347 4510 2486 4580 ligna
2512 4526 2631 4580 qua:
2659 4511 2801 4564 illum
2830 4511 3135 4579 probarent,
3166 4521 3223 4565 ut
3253 4513 3389 4567 bene
3416 4515 3637 4582 viveret,
3667 4527 3721 4571 et
3751 4518 3957 4589 lignum

2345 4599 2487 4670 quod
2517 4601 2686 4670 ipsum
2715 4601 3026 4666 custodiret,
3054 4610 3112 4656 ut
3138 4616 3353 4673 semper
3382 4605 3612 4674 viveret;
3640 4610 3722 4665 sic
3749 4621 3802 4665 et
3831 4613 3960 4668 bru-

2347 4699 2520 4745 torum
2569 4693 2916 4746 animantium
2960 4693 3058 4747 tria
3103 4693 3202 4763 ipsi
3241 4709 3496 4752 concessa
3540 4709 3669 4754 sunt
3712 4717 3956 4773 genera:

2347 4797 2511 4836 unum
2539 4782 2606 4836 ad
2637 4798 2814 4838 escam
2835 4825 2849 4847 ,
2879 4784 3107 4838 alterum
3147 4785 3212 4838 ad
3252 4786 3605 4856 obsequium,
3639 4795 3862 4848 tertium
3893 4796 3958 4850 ad

2348 4875 2697 4929 recreandum
2720 4874 2955 4930 animum
2977 4892 2990 4929 :
3015 4876 3265 4929 nimirum
3287 4875 3354 4931 ad
3380 4893 3556 4934 escam
3579 4896 3644 4935 ea
3670 4899 3792 4953 qua:
3817 4901 3960 4941 nunc

2349 4976 2684 5031 mactantur;
2717 4967 2782 5020 ad
2823 4967 3197 5031 ministerium,
3224 4969 3366 5038 equi,
3399 4973 3612 5036 cameli,
3657 4977 3820 5038 asini,
3860 4978 3960 5032 hoc

2347 5075 2463 5125 ves,
2495 5061 2705 5129 aliaque
2729 5060 2921 5114 similia
2949 5059 3049 5131 ipsi
3076 5060 3462 5129 ministrantia;
3496 5065 3562 5120 ad
3595 5069 3960 5124 recreandum

2348 5151 2585 5205 animum
2613 5151 2861 5206 animalia
2887 5151 2952 5206 ad
2983 5150 3331 5210 imitationem
3358 5155 3550 5213 idonea
3569 5197 3586 5224 ,
3622 5160 3763 5214 laetae
3793 5177 3962 5216 voces

2348 5244 2612 5298 aeriarum
2633 5243 2832 5307 avium,
2855 5259 2973 5314 qure
2993 5243 3152 5300 etiam
3175 5260 3336 5303 aures
3353 5248 3653 5308 oblectant.
3678 5249 3962 5318 Quemad-

2350 5335 2566 5392 modum
2593 5338 2736 5393 enim
2762 5353 2956 5408 corpus
2981 5348 3102 5409 post
3125 5339 3355 5406 labores,
3386 5342 3486 5396 nisi
3513 5341 3960 5414 defatigationem

2352 5430 2635 5499 expulerit,
2664 5446 2769 5485 non
2799 5439 2972 5499 potest
2995 5430 3130 5485 alios
3158 5432 3307 5487 adire
3328 5432 3562 5496 labores,
3592 5434 3673 5488 sic
3698 5445 3753 5488 et
3779 5439 3962 5492 anima

2352 5525 2563 5579 virtutis
2590 5522 2859 5579 laboribus
2889 5523 3199 5594 perfuncta,
3234 5526 3333 5580 nisi
3360 5525 3616 5595 jucundis
3647 5532 3962 5597 aspectibus

2352 5624 2644 5684 recreetur,
2675 5616 2742 5671 ad
2770 5617 3219 5688 perseverandum
3259 5618 3312 5673 in
3344 5618 3540 5674 virtute
3581 5634 3692 5675 non
3737 5621 3958 5678 sufficit.

2416 5754 2489 5817 (a)
2523 5763 2632 5804 ":20
2654 5763 2795 5805 sexta
2818 5752 3015 5804 homilia
3038 5767 3133 5803 non
3156 5753 3366 5802 habetur
3402 5753 3450 5803 in
3481 5752 3723 5807 Vaticano
3747 5753 3928 5808 Codice
3943 5789 3962 5817 ,

2358 5819 2446 5867 sed
2473 5830 2580 5867 eam
2599 5817 2800 5868 Savilius
2824 5817 2989 5866 edidit.
