4158 6320
723 338 833 395 485

724 445 821 498 καὶ
845 443 991 517 ψυχὴ
1028 447 1155 510 τοὺς
1187 448 1288 518 τῆς
1321 447 1521 519 ἀρετης
1567 464 1761 513 πονους
1797 449 2163 520 ὑπομένουσα,
2203 453 2297 505 ἐὰν

725 525 802 598 μὴ
828 530 948 592 ταῖς
981 530 1187 600 ἡδείαις
1227 531 1380 599 ὄψεσι
1399 531 1776 603 ψυχαγωγηθῇ
1797 575 1810 597 ,
1855 535 1955 587 οὑκ
1977 536 2138 604 ἀρκεῖ
2165 535 2300 605 πρὸς

719 609 814 663 ⁴τὸν
846 611 998 664 τόνον
1036 613 1134 682 τῆς
1164 615 1384 683 ἀρετῆς.
1423 614 1591 666 Ὅταν
1619 615 1705 687 ίδῃ
1749 617 1776 666 6
1809 615 1941 679 Θεὸς
1985 618 2298 686 κάμνουσαν

718 693 918 763 ψυχὴν,
953 693 1269 764 ψυχαγωγεῖ
1289 695 1458 764 αὑτὴν
1484 695 1570 748 διὰ
1599 697 1704 748 τῶν
1731 697 1927 767 ἡδέων·
1959 695 2068 751 οἷον
2091 700 2298 764 γίνεται

720 776 815 829 καὶ
845 777 932 844 ἐφ’
964 778 1140 847 ήμῶν.
1178 777 1446 839 Πολλάκις
1474 779 1581 848 γὰρ
1619 778 1676 843 ἐξ
1707 781 1911 846 ἀγορᾶς
1939 781 2247 833 ἐπανελθὼν
2270 784 2297 834 6

718 857 1032 929 ἄνθρωπος,
1092 861 1184 911 καὶ
1237 861 1456 929 μυρίαις
1494 861 1688 920 λύπαις
1738 864 2151 933 περιαντληθεὶς
2201 865 2296 933 τὴν

716 938 975 1006 διάνοιαν,
1005 943 1099 995 καὶ
1133 941 1406 1012 συντυχὼν
1433 943 1585 1012 ὄψεσι
1621 944 1878 1008 πολλάκις
1911 945 2170 1016 βαρείαις,
2203 949 2298 1000 καὶ

717 1023 1019 1096 ἀφορήτοις
1041 1025 1352 1094 περιπεσὼν
1375 1030 1679 1096 συμφοραῖς
1706 1027 1799 1080 καὶ
1819 1027 2041 1097 ζημίαις
2057 1041 2104 1092 ει,
2126 1029 2295 1082 ἐλθὼν

717 1108 799 1168 εἰς
823 1108 921 1176 τήν
957 1107 1136 1158 οίκίαν
1166 1108 1413 1176 εὑρίσκει
1449 1108 1662 1161 παιδίου
1697 1109 2071 1178 ψυχαγωγίαν,
2113 1112 2205 1164 καὶ
2237 1112 2296 1164 τὸ

717 1186 952 1258 σκληρὸν
976 1189 1085 1242 τῶν
1118 1189 1295 1241 πόνων
1329 1190 1539 1258 ἀλείφει
1566 1192 1624 1243 τὸ
1663 1193 1868 1245 ἁπαλὸν
1901 1195 2000 1262 τῆς
2033 1194 2289 1256 διανοίας.

727 1267 945 1342 Ἐπειδὴ
989 1271 1093 1341 γάρ
1130 1271 1280 1341 αὑτῷ
1314 1272 1607 1343 ἀθυμοῦντι
1655 1276 1716 1326 οὑ
1751 1277 1887 1345 γυνὴ
1934 1277 2293 1347 προσέρχεται

715 1354 1216 1424 παραμυθουμένη,
1271 1357 1347 1418 ὡς
1387 1359 1612 1429 ἄκαιρον
1652 1359 1847 1428 ἔχουσα
1892 1361 1990 1431 τὴν
2039 1378 2293 1431 παραμυ-

715 1435 856 1501 θίαν,
887 1438 987 1490 οὑκ
1015 1438 1232 1507 οἰκέτης
1263 1439 1434 1509 τολμᾷ
1466 1442 1988 1512 παραμυθήσασθαι,
2025 1445 2232 1511 εἰσάγει
2265 1447 2292 1496 6

713 1516 845 1595 Θεὸς
882 1520 981 1590 τὴν
1001 1520 1276 1573 ἄπλαστον
1305 1520 1464 1588 φύσιν
1493 1525 1592 1593 τὴν
1620 1524 1946 1595 συγγνώμης
1969 1525 2291 1595 άξιουμένην

710 1598 774 1664 ἐξ
797 1593 871 1654 ὧν
896 1602 996 1654 οὑκ
1017 1598 1144 1666 οἶδε,
1176 1604 1272 1656 καὶ
1299 1604 1365 1656 δι’
1402 1606 1571 1673 αὑτῆς
1607 1604 1815 1674 ἀλείφει
1840 1593 1936 1676 τὴν
1968 1607 2030 1659 ἐκ
2060 1593 2166 1659 τῶν
2192 1593 2290 1660 πό-

712 1699 817 1736 νων
867 1688 1209 1754 κεκμηκυῖαν
1251 1687 1446 1756 ψυχήν.
1497 1690 1725 1755 Οἰκέτης
1771 1689 1865 1740 ἐάν
1923 1689 2287 1761 προσγελάσῃ.

709 1765 994 1836 νομίζεται
1039 1768 1298 1839 ἐπιγελᾷν
1335 1773 1401 1840 τῇ
1439 1769 1593 1841 ὕϐρει
1629 1770 1723 1823 τοῦ
1753 1772 2010 1824 δεσπότου
2037 1787 2049 1800 ·
2087 1775 2120 1841 ή
2155 1774 2289 1842 γυνὴ

710 1848 807 1901 ἐὰν
849 1851 1075 1923 γελάσῃ,
1105 1854 1384 1923 νομίζεται
1420 1857 1772 1926 ἀναισθητεῖν
1804 1858 1931 1928 περὶ
1958 1857 2056 1929 τὴν
2085 1875 2292 1929 συμφο-

715 1933 813 2002 ράν
835 1950 849 1965 ι
885 1936 944 1987 τὸ
979 1937 1189 1989 παιδίον
1239 1938 1549 1991 ἀνύποπτον
1593 1939 1705 2008 ἔχει
1753 1938 1852 2010 τὴν
1887 1941 2173 1994 κολακείαν
2204 1941 2291 1995 διά

708 2017 808 2086 τὴν
836 2017 900 2071 ἐκ
925 2019 1024 2088 τῆς
1057 2018 1269 2086 φύσεως
1296 2021 1666 2092 ἀκεραιότητα
1686 2040 1698 2054 ·
1734 2023 1829 2074 καὶ
1873 2023 2131 2087 πολλάκις
2156 2023 2189 2074 ὃ.
2216 2023 2289 2094 μὴ

711 2101 939 2170 ἴσχυσαν
967 2101 1108 2170 φίλοι
1148 2101 1641 2173 συμϐουλεύοντες,
1683 2105 1838 2173 σοφοὶ
1876 2106 2287 2169 νουθετοῦντες,

712 2181 897 2251 ἴσχυσε
928 2185 1138 2236 παιδίον
1165 2186 1402 2253 γελάσαν
1438 2186 1616 2256 μόνον,
1647 2186 1806 2240 λῦσαι
1830 2187 1927 2258 τὴν
1957 2190 2136 2242 πᾶσαν
2163 2206 2292 2258 συμο

709 2268 904 2335 φοράν.
937 2268 1046 2320 Καὶ
1080 2269 1267 2321 λοιπὸν
1294 2271 1324 2339 ή
1360 2268 1506 2339 ψυχὴ
1534 2272 1592 2322 ἐν
1615 2271 1754 2339 αὑτῇ
1785 2273 1851 2340 τῇ
1887 2271 2035 2342 ἀκμῇ
2071 2273 2169 2341 τῆς
2195 2270 2286 2324 λύ-

708 2366 849 2419 πης,
888 2351 990 2420 όρᾷ
1026 2351 1126 2419 μὲν
1156 2350 1216 2403 τὸ
1249 2350 1483 2413 παιδίον,
1520 2352 1613 2404 καὶ
1649 2352 1747 2414 τὰς
1793 2353 1970 2421 ἀρχὰς
2011 2353 2286 2418 ἀνανεύει,

709 2431 804 2485 καὶ
828 2431 1130 2485 ἀπωθεῖται
1172 2433 1271 2502 τὴν
1306 2433 1532 2504 ἄκαιρον
1563 2434 1921 2503 ψυχαγωγίαν
1941 2451 1956 2465 ⁸
1986 2436 2201 2489 ἕλκεται
2233 2437 2288 2489 δὲ

705 2515 776 2584 τῇ
807 2518 1122 2585 παραμονῇ,
1154 2516 1250 2569 καὶ
1291 2516 1421 2568 ὅταν
1448 2515 1708 2579 πολλάκις
1744 2517 1992 2590 ὲπικλίνῃ
2021 2520 2081 2570 τὸ
2113 2519 2285 2588 ὄμμα,

703 2597 1014 2667 ἁρπάζεται
1041 2599 1140 2668 τήν
1182 2598 1420 2651 διάνοιαν
1441 2615 1454 2627 ·
1497 2594 1618 2652 εἶτα
1663 2599 1947 2653 ἀναλαϐὼν
1983 2602 2074 2655 τὸν
2101 2603 2283 2667 παῖδα,

707 2679 1027 2733 ἀποτίθεται
1063 2681 1163 2751 τὴν
1190 2680 1388 2750 λύπην,
1433 2681 1524 2734 καί
1558 2698 1716 2750 φησιο
1755 2682 1955 2735 Τοῦτόν
2005 2700 2094 2753 μοι
2133 2685 2291 2754 χαρί-

702 2764 905 2816 σεταιδ
932 2766 960 2815 6
982 2763 1114 2826 Θεὸς
1146 2764 1323 2834 μόνον,
1351 2764 1443 2816 καὶ
1471 2764 1643 2826 οὑδείς
1667 2782 1756 2834 μοι
1779 2766 1933 2832 λόγος
1957 2765 2065 2819 τῶν
2092 2767 2283 2821 ἄλλων.

778 2842 932 2907 Εἶδες
962 2845 1076 2909 πῶς
1109 2848 1200 2899 καὶ
1222 2846 1329 2899 ἀπὸ
1357 2847 1464 2899 τῶν
1491 2847 1757 2918 τυχόντων
1785 2849 1985 2919 ἐγείρει
2014 2852 2041 2903 6
2070 2850 2202 2913 Θεὸς
2223 2853 2286 2920 τῇ

701 2929 853 3000 ψυχῇ
882 2928 979 2998 τὴν
1012 2929 1395 3000 παραμυθίανς
1431 2931 1582 2984 Ἐπεὶ
1626 2928 1716 2984 οὖν
1750 2933 1909 3002 μόνος
1954 2928 2022 3003 ἦν
2054 2935 2081 2985 6
2120 2934 2289 3003 Ἀδάμ

705 3012 764 3063 ἐν
792 3011 869 3081 τῷ
895 3012 1228 3082 παραδείσῳ,
1253 3013 1313 3064 οὑ
1339 3013 1488 3079 φίλον
1521 3013 1677 3083 ἔχων,
1708 3017 1768 3067 οὑ
1799 3015 2030 3082 γείτονα,
2061 3017 2119 3068 οὑ
2155 3033 2286 3084 συγ-

706 3097 859 3164 γενῆ,
888 3096 1180 3164 εισήγαγεν
1206 3095 1355 3164 αὑτῷ
1382 3098 1406 3147 6
1430 3095 1558 3159 Θεὸς
1582 3097 1650 3148 τὰ
1685 3097 1798 3161 ζῶα
1832 3099 1911 3159 είς
1930 3098 2287 3169 ψυχαγωγίαν

707 3177 894 3230 αὑτοῦ·
936 3173 1067 3239 οἷον,
1095 3177 1281 3249 ὥσπερ
1311 3180 1425 3231 ἐστὶ
1449 3181 1685 3250 σήμερον
1718 3182 1782 3232 τὰ
1816 3181 1929 3244 ζῶα
1960 3184 2026 3236 τὰ
2051 3183 2283 3254 μιμηλὰ,

704 3260 774 3314 τὰ
807 3260 904 3329 μὲν
937 3277 1253 3330 μιμούμενα
1291 3263 1568 3331 σχήματα,
1605 3262 1748 3314 τὰδὲ
1780 3265 1996 3333 φωνήν·
2035 3259 2164 3328 οἷον,
2200 3284 2287 3334 μι-

708 3345 889 3412 μεῖται
927 3343 994 3395 τὰ
1026 3345 1277 3413 σχήματα
1301 3344 1410 3396 τῶν
1445 3345 1744 3414 ἀνθρώπων
1779 3347 2028 3418 πίθηκος,
2063 3349 2154 3402 καὶ
2188 3350 2287 3402 ὅσα

703 3425 956 3479 τοιαῦτα·
995 3426 1176 3497 φωνὴν
1204 3426 1462 3496 ψιττακὸς
1491 3431 1584 3482 καὶ
1617 3431 1793 3500 ἕτεροι
1829 3432 2093 3501 στρουθοί.
2129 3429 2285 3504 Εἷχεν

703 3505 798 3564 οὖν
819 3510 1180 3581 ψυχαγωγίαν
1218 3512 1316 3580 τὴν
1343 3514 1492 3581 παρά
1531 3513 1637 3564 τῶν
1668 3514 1898 3582 ἀλόγων,
1933 3515 2040 3568 τῶν
2069 3518 2166 3585 μὲν
2205 3534 2287 3569 κε-

701 3591 1028 3656 λαδοῦντων,
1056 3592 1164 3644 τῶν
1192 3593 1245 3644 δὲ
1278 3593 1451 3646 ἄλλων
1497 3596 1913 3648 ὑποσαινόντων.
1941 3599 2154 3652 Πολλῶν
2179 3600 2286 3651 τοί-

704 3693 800 3728 νυν
829 3674 998 3728 ὄντων
1027 3675 1134 3727 τῶν
1163 3675 1515 3746 πληρούντων
1546 3677 1692 3746 αὑτῴ
1727 3679 1824 3748 τὴν
1859 3682 2231 3750 παραμυθίαν,
2259 3684 2286 3732 6

703 3756 826 3827 ὄφις
847 3755 1260 3828 φρονιμώτατος
1285 3755 1352 3829 ἦν
1385 3761 1523 3830 ὑπὲρ
1549 3762 1725 3812 πάντα
1752 3761 1821 3813 τὰ
1843 3761 2006 3834 θηρία
2036 3763 2134 3832 τῆς
2161 3765 2283 3832 γῆς,

703 3839 884 3902 καθὼς
909 3837 1061 3892 εἶπεν
1086 3841 1118 3909 ὴ
1151 3841 1339 3912 Γραφή
1361 3857 1376 3870 ·
1414 3843 1476 3894 '0
1498 3840 1564 3893 δὲ
1591 3842 1724 3910 ὄφις
1744 3839 1821 3909 ἦν
1847 3845 2285 3913 φρονιμώτατος

703 3922 946 3976 πάντων
970 3920 1089 3973 τῶν
1119 3923 1357 3989 θηρίων,
1381 3917 1468 3976 ὧν
1501 3924 1750 3989 ἐποίησε
1774 3928 1989 3991 Κύριος
2021 3930 2052 3979 ό
2082 3930 2245 3992 Θεός.

776 3999 960 4074 β’ῘΗν
985 3998 1080 4055 οὖν
1109 4004 1199 4056 καὶ
1228 4004 1334 4056 τῶν
1367 4004 1618 4074 μιμηλῶν
1650 4008 2027 4078 μιμηλότερος,
2057 4013 2151 4060 καὶ
2179 4009 2284 4061 τῶν

703 4088 1104 4141 ὑποσαινόντων
1136 4086 1448 4155 ἐγγύτερος.
1496 4089 1584 4159 Μὴ
1623 4091 1866 4162 πρόσχῃς
1907 4095 1972 4161 τῇ
2005 4092 2097 4144 νῦν
2141 4093 2279 4161 ὄψει,

703 4171 784 4224 ὅτι
821 4169 914 4223 καὶ
944 4169 1237 4237 φεύγομεν,
1280 4171 1371 4221 καὶ
1428 4169 1849 4240 βδελυττόμεθα·
1883 4175 1981 4225 οὑκ
2013 4171 2081 4244 ἦν
2113 4175 2284 4239 οὓτως

702 4254 798 4307 απ⁹
824 4252 1018 4323 ἀρχῆς.
1063 4252 1218 4314 Φίλος
1247 4249 1312 4322 ἦν
1341 4255 1369 4304 6
1395 4252 1518 4320 ὄφις
1545 4292 1557 4313 ,
1595 4255 1688 4304 καὶ
1729 4255 1837 4305 τῶν
1885 4257 2283 4311 ὑποσαινόντων

701 4341 794 4389 τὸν
812 4335 1099 4406 ἄνθρωπον
1123 4334 1434 4402 ἐγγύτερος.
1468 4335 1562 4396 Τίς
1579 4331 1670 4386 οὖν
1701 4335 1860 4387 αὑτὸν
1882 4338 2072 4408 ἐχθρὸν
2095 4341 2282 4408 ἐποίη-

704 4434 828 4474 σεν;
869 4417 931 4470 Ἦ
957 4416 1049 4468 τοῦ
1075 4416 1208 4468 Θεοῦ
1241 4417 1516 4484 ἀπόφασις
1539 4432 1550 4443 ·
1590 4418 2049 4484 Ἐπικατάρατος
2072 4421 2179 4490 γὰρ
2204 4421 2283 4473 σὺ

701 4501 820 4555 ἀπὸ
841 4501 1086 4554 πάντων
1117 4499 1236 4551 τῶν
1264 4500 1500 4565 θηρίων.
1535 4500 1790 4567 Ἕχθραν
1822 4500 1987 4565 θήσω
2031 4503 2146 4555 ἀνὰ
2178 4502 2284 4570 μέ-

701 4602 820 4638 σον
846 4585 962 4637 σοῦ
994 4584 1090 4636 καὶ
1113 4583 1229 4636 ἀνὰ
1254 4584 1452 4650 μέσον
1496 4583 1608 4647 τῆς
1639 4586 1939 4650 γυναικός.
2006 4585 2218 4656 Ἐκείνη
2252 4589 2282 4656 ή

702 4669 873 4740 ιχθρα
897 4667 994 4735 τὴν
1026 4668 1207 4734 φιλίαν
1240 4667 1417 4721 ἔλυσε.
1435 4667 1620 4718 Φιλίαν
1645 4667 1806 4734 λέγω,
1834 4671 1892 4720 οὑ
1920 4669 2017 4739 τὴν
2039 4670 2281 4742 λογικὴν,

701 4752 839 4805 ἀλλά
865 4750 959 4821 τὴν
988 4750 1177 4817 ἄλογον
1204 4747 1404 4815 γνῶσιν
1426 4764 1439 4776 ·
1473 4747 1660 4818 ῶσπερ
1687 4751 1926 4818 σήμερον
1950 4752 2282 4805 ἐνδείκνυται

701 4840 847 4893 κύων
879 4836 1027 4911 [496]
1065 4836 1245 4906 φιλίας
1280 4834 1486 4905 σχῆμα,
1515 4836 1574 4888 οὑ
1608 4836 1769 4905 λόγῳ.
1806 4837 1940 4889 ἀλλά
1971 4842 2168 4909 φυσικῇ
2199 4857 2283 4892 κι-

702 4925 882 4993 νήσει³
910 4922 1053 4975 οὑτω
1083 4922 1173 4974 καὶ
1205 4922 1233 4973 6
1275 4919 1397 4986 ὄφις
1433 4918 1692 4972 ὑπέσαινε
1728 4919 1818 4970 τὸν
1847 4919 2150 4988 ἄνθρωπον.
2195 4923 2284 4984 Ὠς

701 5002 794 5059 οὖν
820 5006 952 5073 ἔχων
985 5003 1182 5071 πολλὴν
1228 5002 1533 5071 οίκειότητα
1561 5043 1574 5065 ,
1611 5000 1765 5070 ὤφθη
1822 5002 1900 5070 τῷ
1950 5003 2179 5072 διαϐόλῳ
2210 5006 2284 5066 ώς

703 5086 1003 5156 ἐπιτήδειον
1029 5087 1273 5154 ὄργανον.
1313 5084 1456 5136 Ἰδὼν
1479 5079 1570 5136 οὖν
1614 5083 1783 5152 Ἀδὰμ
1807 5085 2064 5154 χαίροντα
2084 5087 2176 5138 ἐπὶ
2207 5088 2284 5155 τῷ

702 5171 846 5235 ὄφει,
876 5169 1124 5221 κάκεῖνον
1153 5165 1530 5228 ὑποσαίνοντα,
1558 5167 1651 5218 καὶ
1682 5166 1850 5219 πολλά
1876 5168 1984 5219 τῶν
2006 5169 2285 5238 ἀνθρωπί-

702 5273 809 5308 νων
864 5251 1218 5322 μιμούμενον,
1275 5249 1554 5317 ἐνενόησεν
1605 5251 1632 5301 6
1678 5251 1776 5318 τῆς
1811 5251 2006 5315 κακίας
2037 5253 2285 5323 τεχνίτης

703 5340 840 5407 ὅπερ
868 5338 918 5388 οί
950 5335 1134 5395 δόλους
1164 5333 1473 5393 πλέκοντες,
1502 5331 1588 5383 διά
1631 5332 1739 5384 τῶν
1777 5333 1920 5386 ἰδίων
1977 5335 2284 5400 νοθεύοντες

703 5418 948 5473 ποιοῦσιν
969 5435 982 5450 ’
1021 5416 1194 5476 οὐδεὶς
1225 5415 1332 5485 γὰρ
1358 5412 1691 5483 περιγίνεται
1717 5415 1801 5468 διὰ
1831 5416 1937 5470 τῶν
1966 5418 2282 5490 ἀλλοτρίων,

705 5503 798 5557 ἐὰν
833 5503 907 5571 μὴ
962 5499 1052 5552 διά
1084 5497 1194 5549 τῶν
1231 5497 1476 5549 οἰκείων·
1536 5496 1717 5560 καθὼς
1775 5495 1929 5552 εἶπεν
1980 5502 2008 5553 ό
2056 5501 2277 5572 Σωτήρ-

716 5583 945 5650 Ἐχθροί
973 5581 1051 5645 τῷ
1079 5578 1364 5648 ἀνθρώπῳ
1390 5581 1443 5632 οί
1478 5580 1730 5633 οἰκιακοὶ
1755 5583 1961 5637 αὑτοῦ.
1992 5583 2157 5636 Λαλεῖ
2177 5584 2285 5636 τοί-

767 5689 796 5747 9
817 5687 909 5737 Hic
942 5691 1078 5734 uolat
1099 5686 1210 5735 Sav.
1235 5701 1309 5747 γρ.
1335 5685 1415 5732 καὶ
1438 5683 1671 5744 ἀθυμίαις.

764 5743 798 5790 δ
817 5748 1008 5798 Βαιῑσ.
1031 5743 1301 5810 χαρίσηται.

2173 333 2539 394 δενΕιιιΑΝι

2402 469 2494 505 νυν
2549 452 2634 504 δια
2685 467 2776 504 του
2823 450 2996 518 ὄφεως
3027 465 3263 518 εμφασιν
3303 447 3602 519 παρασχὼν
3654 448 3732 520 τῷ
3782 450 3976 520 Ἀδάμ.

2402 531 2707 600 Παρακαλῶ
2766 532 2862 602 τὴν
2914 532 3184 601 ὑμετέραν
3241 531 3499 600 ἀγάπην,
3557 531 3635 600 μή
3685 532 3982 601 παρέργως

2402 616 2686 686 προσέχειν
2711 626 2732 654 ο
2769 618 2878 677 τοῖς
2910 612 3243 683 λεγομένοις.
3302 612 3415 668 Οὑκ
3460 614 3577 665 ἐστι
3610 614 3668 665 τὸ
3698 614 3858 682 τυχὸν
3887 615 3974 684 ζή-

2398 715 2548 766 τημα
2575 714 2586 725 ·
2626 697 2808 750 πολλοὶ
2856 698 2964 766 γάρ
3015 695 3257 764 ζητοῦσι,
3295 695 3411 756 πῶς
3463 694 3724 764 ἐλάλησεν
3760 698 3788 747 6
3819 696 3980 764 ὄφις·

2400 777 2508 851 ἆρα
2539 782 2849 851 ἀνθρωπίνῃ
2879 783 3052 849 φωνῇ,
3083 781 3114 846 ἣ
3152 777 3400 848 συρισμῷ
3419 778 3616 846 ὄφεως,
3646 778 3737 829 καὶ
3766 779 3982 846 ἐνενόη-

2400 864 2707 934 σενή,Εὑα.
2757 866 2813 916 'O
2858 863 3027 931 Ἀδὰμ
3062 862 3166 933 πρὸ
3201 866 3299 930 τῆς
3334 862 3695 930 παραϐάσεως
3736 862 3980 931 ἐπεπλη-

2403 963 2538 1015 ρωτο
2577 946 2763 1012 σοφίας
2795 946 2887 997 καὶ
2913 945 3179 1006 συνέσεως
3223 945 3316 996 καὶ
3362 944 3716 1014 προφητείας.
3763 945 3979 1012 Ἐννόη-

2400 1044 2490 1079 σον
2520 1030 2650 1097 ὅσην
2683 1025 2795 1097 εἷχε
2831 1028 3051 1094 σοφίαν,
3086 1027 3167 1078 ὅτι
3209 1027 3512 1095 ἐπήρκεσεν
3561 1026 3846 1096 ἄνθρωπος
3875 1021 3980 1090 εἷς,

2396 1109 2714 1162 διδάσκαλον
2750 1111 2824 1180 μή
2853 1109 3054 1172 λαϐὼν,
3085 1110 3235 1178 παρά
3265 1108 3490 1178 μηδενὸς
3507 1108 3796 1178 ἀνθρώπου
3830 1109 3980 1161 6156-

2396 1192 2563 1262 XOE'Lg,
2600 1193 2768 1246 θεῖναι
2797 1193 3036 1262 ὀνόματα
3066 1192 3205 1254 ὅλοις
3227 1194 3512 1254 πετεινοῖς,
3545 1191 3770 1253 καὶτοῖς
3797 1191 3977 1258 ζώοις,

2395 1277 2625 1338 καὶτοῖς
2661 1278 2910 1345 ἑρπετοῖς
2951 1275 3191 1344 θηρίοις,
3234 1275 3326 1326 καὶ
3365 1275 3528 1326 πᾶσιν
3574 1273 3776 1335 ἁπλῶς.
3826 1277 3980 1326 Ἀνα-

2398 1355 2758 1428 ζωγράφησον
2791 1360 2847 1409 ἐν
2879 1360 2942 1426 τῇ
2975 1357 3183 1425 διανοίᾳ
3211 1374 3300 1407 σου
3330 1355 3395 1407 τά
3436 1357 3570 1425 εἴδη,
3601 1356 3670 1408 τά
3690 1357 3821 1424 γένη
3845 1374 3857 1386 ·
3892 1357 3979 1409 ἵνα

2391 1441 2448 1492 δὲ
2491 1441 2767 1509 συντόμως
2807 1441 2947 1491 εἴπω
2975 1483 2987 1504 ,
3031 1439 3266 1492 τοσαῦτα
3323 1440 3515 1508 έθηκεν
3568 1441 3827 1510 ὀνόματα,
3876 1442 3979 1492 ὅσοι

2394 1522 2631 1592 σήμερον
2659 1524 2816 1591 ἡμεῖς
2847 1522 2982 1590 μετά
3016 1521 3108 1590 τὴν
3139 1523 3332 1590 πεῖραν
3359 1521 3688 1591 δευτερῶσαι
3715 1522 3777 1574 οὑ
3812 1523 3978 1574 δυνά-

2396 1605 2553 1674 μεθα.
2588 1604 2718 1657 Ὅτε
2754 1600 2845 1656 οὖν
2875 1606 3248 1673 προσήνεγκεν
3281 1607 3308 1656 6
3343 1606 3472 1666 Θεὸς
3506 1605 3572 1657 τά
3605 1604 3716 1667 ζῶα
3765 1603 3842 1673 τῷ
3886 1606 3980 1655 ἀν-

2393 1687 2616 1757 θρώπῳ,
2651 1687 2725 1750 ὡς
2755 1687 2914 1754 σοφὸς
2946 1688 3038 1739 καὶ
3072 1687 3209 1756 ἔχων
3239 1687 3374 1739 Θεοῦ
3418 1689 3629 1756 πνεῦμα
3653 1727 3669 1750 ,
3704 1689 3802 1758 τὴν
3849 1689 3982 1742 ικάο

2394 1786 2518 1821 στου
2548 1769 2784 1838 ἰδιότητα
2813 1768 3028 1822 ἐϐλεπε.
3060 1772 3353 1840 Προσεῖχεν
3382 1766 3473 1822 οὖν
3511 1770 3579 1838 τῷ
3602 1771 3720 1838 ὄφει
3747 1771 3823 1833 ώς
3847 1788 3980 1840 φρο-

2391 1851 2696 1921 νιμωτέρῳ,
2746 1851 2820 1914 ὼς
2861 1851 3110 1920 αἴσθησιν
3156 1852 3352 1922 ἔχοντι,
3387 1852 3461 1915 ώς
3487 1853 3691 1904 νοοῦντι
3723 1854 3830 1905 ἀπὸ
3855 1872 3980 1904 νευ-

2394 1934 2580 2003 μάτων
2604 1935 2672 1986 τὰ
2709 1938 3004 2004 κινήματα.
3043 1934 3227 1998 Οὕτως
3258 1936 3472 2005 ἔχοντος
3503 1935 3594 1988 τοῦ
3638 1936 3826 2006 Ἀδὰμ,
3859 1939 3978 1988 ἐνε-

2390 2017 2579 2087 νόησεν
2630 2020 2658 2069 ὀ
2699 2017 2941 2080 διάϐολος
2994 2020 3086 2071 καὶ
3119 2019 3211 2070 τοῦ
3249 2019 3423 2085 ὄφεως
3451 2020 3510 2070 τὸ
3564 2020 3845 2088 φρόνιμον,
3884 2024 3979 2072 καὶ

2389 2098 2484 2151 τοῦ
2536 2100 2703 2169 Ἀδὰμ
2731 2101 2829 2171 τὴν
2869 2101 3170 2170 πρόληψιν·
3205 2096 3316 2170 εἶχε
3344 2100 3450 2170 γὰρ
3489 2102 3617 2170 περὶ
3664 2100 3757 2153 τοῦ
3799 2103 3978 2168 ὄφεως

2391 2183 2464 2245 ώς
2482 2183 2721 2236 συνετοῦ.
2739 2183 2902 2234 Λαλεῖ
2922 2179 3013 2235 οὖν
3035 2183 3100 2234 δι’
3120 2183 3303 2245 αὑτοῦ,
3330 2184 3415 2236 ἵνα
3434 2185 3706 2253 ὑπονοήσῃ
3727 2185 3755 2234 6
3777 2184 3976 2252 Ἀδάμ.

2390 2265 2468 2317 ὅτι
2499 2266 2760 2336 φρόνιμος
2784 2264 2857 2317 ῶν
2879 2268 2905 2318 6
2930 2266 3051 2333 ὄφις
3071 2265 3400 2336 κατώρθωσε
3426 2267 3517 2318 καὶ
3542 2266 3602 2318 τὸ
3632 2267 3977 2336 μιμήσασθαι

2389 2351 2488 2418 τὴν
2514 2348 2605 2401 τοῦ
2635 2348 2918 2419 ἀνθρώπου
2949 2351 3154 2418 φωνήν.
3185 2349 3553 2420 Προσέρχεται
3578 2350 3756 2401 τοίνυν
3776 2350 3805 2400 6
3826 2350 3973 2417 ὄφις.

2391 2430 2638 2500 Οὑδαμοῦ
2681 2432 2737 2484 δὲ
2780 2433 2812 2502 ἡ
2854 2432 3045 2502 Γραφὴ
3077 2428 3198 2484 εἶπε
3233 2432 3413 2494 τοῦτο,
3445 2433 3523 2484 ὅτι
3565 2433 3594 2484 6
3642 2431 3885 2493 διάϐολος
3917 2436 3974 2484 ἐν

2391 2513 2466 2583 τῷ
2487 2513 2606 2580 ὄφει
2630 2513 2909 2583 ἐλάλησεν,
2933 2514 3068 2566 ἁλλά
3089 2515 3182 2566 καὶ
3208 2515 3444 2583 Μωῦσῆς
3469 2512 3654 2577 ἁπλῶς
3682 2515 3926 2585 παρῆλθε
3947 2516 3972 2553 ά

2388 2597 2487 2666 τὴν
2528 2597 2788 2666 ἱστορίαν.
2832 2597 3096 2668 Πρόσεχε,
3131 2596 3457 2664 παρακαλῶ,
3493 2597 3633 2665 μετὰ
3663 2598 3972 2668 ἀκριϐείας.

2391 2677 2601 2739 Παῦλος
2643 2678 2896 2748 δεύτερος
2946 2678 3020 2729 ὢν
3056 2680 3112 2728 ἐν
3164 2678 3240 2746 τῷ
3293 2678 3602 2748 παραδείσῳ
3627 2719 3641 2743 ,
3675 2679 3784 2731 οὐδ’
3814 2681 3976 2742 αὑτὸς

2391 2759 2543 2811 ἔλυσε
2571 2760 2668 2828 τὴν
2694 2759 2860 2823 λέξιν,
2888 2760 3019 2811 ἀλλά
3041 2759 3187 2826 λέγει
3209 2776 3220 2787 ’
3263 2761 3800 2830 Ἐμνηστευσάμην
3823 2761 3976 2830 ὑμᾶς

2391 2842 2477 2893 ἐνὶ
2504 2842 2698 2908 ἀνδρὶ,
2723 2842 3021 2909 παρθένον
3061 2843 3256 2911 ἁγνὴν
3293 2844 3677 2911 παραστῆσαι
3712 2844 3791 2908 τῷ
3838 2847 3974 2912 Χρι-

2391 2923 2533 2988 στῷ.
2565 2926 2857 2993 Φοϐοῦμαι
2884 2925 2971 2988 δὲ,
2989 2926 3197 2994 μήπως
3221 2926 3299 2992 ὡς
3330 2930 3361 2979 ὀ
3399 2927 3532 2994 ὄφις
3559 2928 3724 2980 Εὔαν
3744 2927 3973 2995 ἐξηπά-

2390 3027 2577 3078 τησεν
2603 3013 2671 3065 ἐν
2701 3013 2774 3079 τῇ
2802 3015 3132 3081 πανουργίᾳ
3166 3014 3351 3067 αὑτοῦ
3377 3030 3388 3043 ·
3419 3015 3514 3066 καὶ
3559 3015 3660 3066 οὑκ
3681 3010 3855 3076 εἶπεν,
3895 3016 3976 3068 ὅτι

2388 3095 2415 3145 6
2443 3094 2706 3158 διάϐολος.
2742 3096 2936 3157 Πιστὸς
2962 3091 3028 3164 ἦν
3057 3095 3166 3147 τῶν
3207 3096 3436 3165 Γραφῶν
3462 3095 3656 3163 φύλαξ,
3691 3096 3976 3165 ὑπηρέτης

2388 3175 2642 3246 Γραφῶν,
2689 3178 2981 3248 παιδευτὴς
3017 3177 3270 3248 Γραφῶν,
3323 3178 3663 3249 ἑρμηνευτὴς
3715 3179 3972 3245 Γοαφῶν.

2390 3259 2504 3310 Οὑκ
2534 3258 2754 3328 ἐθέλησε
2786 3259 2943 3312 λῦσαι
2974 3261 3071 3328 τὴν
3098 3259 3262 3324 λέξιν,
3300 3261 3385 3312 ’ίνα
3423 3261 3497 3330 μὴ
3521 3260 3655 3330 λύσῃ
3685 3261 3796 3313 τῶν
3831 3263 3973 3332 Γρα-

2388 3340 2503 3409 φῶν
2526 3339 2622 3410 τὴν
2658 3339 2808 3403 τάξιν
2834 3381 2846 3402 ,
2879 3340 3016 3393 ἀλλὰ
3054 3344 3120 3412 τῇ
3170 3342 3349 3412 ἐννοίᾳ.
3382 3342 3480 3411 τὴν
3521 3343 3753 3413 ἀπορίαν
3795 3345 3970 3397 ἔλυσε.

2389 3425 2704 3491 Φοϐοῦμαι,
2736 3424 2891 3492 φησὶ,
2922 3423 3134 3492 μήπως
3167 3423 3246 3487 ὡς
3273 3427 3304 3476 ό
3327 3424 3460 3491 ὄφις
3486 3424 3653 3478 Εὔαν
3674 3424 3978 3493 ἐξηπάτη-

2388 3522 2500 3558 σεν
2518 3507 2586 3557 ἐν
2609 3505 2683 3571 τῇ
2704 3508 3036 3574 πανουργίᾳ
3073 3507 3280 3572 αὑτοῦ,
3307 3507 3459 3560 οὕτω
3502 3506 3699 3577 φθαρῇ
3739 3508 3811 3561 τὰ
3834 3509 3976 3578 νοή-

2381 3604 2541 3656 ματα
2571 3588 2755 3655 ὑμῶν.
2795 3586 2950 3639 Οὑτω
2970 3603 2985 3616 ·
3026 3588 3177 3651 πῶς;
3208 3590 3280 3658 μή
3311 3592 3421 3660 γάρ
3455 3589 3700 3658 ἐφοϐεῖτο
3735 3592 3970 3655 Παῦλος,

2394 3669 2467 3739 μὴ
2494 3670 2652 3721 πάλιν
2675 3669 2701 3718 6
2729 3670 2850 3738 ὄφις
2882 3670 3032 3742 ἔλθῃ,
3057 3672 3146 3722 καὶ
3169 3673 3425 3741 ἀπατήσῃ
3450 3675 3628 3736 τινάς;
3672 3673 3809 3725 Ἀλλ’
3831 3670 3970 3739 οἴδα,

2389 3753 2572 3823 φησὶν,
2605 3754 2684 3805 ὅτι
2718 3755 2744 3804 ὁ
2808 3754 2905 3821 μὲν
2947 3753 3068 3821 ὄφις
3095 3753 3154 3805 οὑ
3189 3755 3433 3821 φαίνεται
3479 3757 3683 3818 ἐκεῖνος
3705 3795 3718 3816 ,
3750 3759 3778 3808 6
3809 3757 3864 3809 δὲ
3915 3758 3972 3807 ἐν

2387 3835 2578 3906 ἐκείνῳ
2613 3837 2916 3906 ἐνεργήσας
2952 3836 3221 3904 φαίνεται.
3263 3837 3400 3888 Ἀλλ’
3427 3840 3453 3890 6
3485 3841 3582 3908 μὲν
3617 3839 3826 3902 Παῦλος
3849 3880 3861 3901 ,
3895 3841 3971 3901 ὡς

2387 3919 2574 3980 πιστὸς
2598 3918 2896 3988 ὑπηρέτης,
2929 3919 3022 3971 καὶ
3053 3919 3160 3970 τῶν
3193 3920 3363 3986 ἀγίων
3397 3920 3629 3988 Γραφῶν
3661 3921 3857 3988 φύλαξ,
3909 3922 3967 3972 οὑ

2389 4001 2536 4072 [497]
2569 4003 2875 4070 παρέτρεψε
2909 4001 3005 4072 τήν
3027 4002 3190 4067 λέξιν,
3225 4003 3340 4055 ἀλλ’
3362 4005 3580 4073 ζνέφηνε
3614 4005 3710 4072 τήν
3737 4005 3967 4055 ἔννοιαν·

2386 4085 2545 4146 αὑτὸς
2577 4084 2632 4136 δέ
2661 4087 2688 4137 6
2721 4085 2827 4136 τῶν
2857 4085 3099 4155 ἀρχαίων
3135 4085 3228 4137 καὶ
3257 4086 3364 4137 τῶν
3408 4087 3542 4137 νέων
3571 4086 3664 4136 καὶ
3693 4085 3799 4136 τῶν
3843 4086 3971 4153 μελ-

2385 4166 2583 4219 λόντων
2605 4167 2880 4236 Δεσπότης
2907 4165 3207 4237 ἐσαφήνισε
3245 4165 3343 4234 τὴν
3376 4167 3627 4234 ἀπορίαν,
3665 4168 3748 4218 ἵνα
3785 4171 3854 4237 μή
3887 4185 3969 4230 τις

2385 4250 2477 4300 ἐπὶ
2525 4249 2614 4300 τὸν
2648 4250 2770 4316 ὄφιν
2821 4251 3087 4320 ἀνενέγκῃ
3137 4251 3232 4318 τὴν
3260 4250 3550 4317 ἁμαρτίαν,
3579 4251 3691 4301 ἀλλ’
3741 4252 3832 4302 ἐπὶ
3879 4252 3968 4302 τὸν

2386 4333 2777 4401 ἐνεργήσαντα.
2831 4332 2994 4398 Λέγει
3034 4328 3126 4384 οὖν
3159 4333 3186 4382 6
3228 4332 3462 4398 Χριστὸς
3503 4334 3613 4394 τοῖς
3669 4335 3965 4396 Ἰουδαίοις,

2386 4414 2474 4464 ὅτε
2496 4410 2647 4464 εἷπον
2678 4414 2844 4481 αὑτῷ,
2889 4412 3087 4480 Ἡμεῖς
3116 4413 3184 4465 ἐκ
3205 4413 3310 4466 τοῦ
3339 4413 3484 4467 Θεοῦ
3516 4414 3730 4482 ἐσμεν·
3765 4418 3833 4468 Εἰ
3861 4414 3900 4484 ἦ
3912 4435 3970 4468 τε

2385 4496 2452 4547 ἐκ
2475 4496 2581 4553 τοῦ
2609 4495 2775 4558 Θεοῦ,
2795 4495 2867 4546 τὰ
2889 4495 3032 4564 ἔργα
3052 4495 3149 4549 καὶ
3172 4496 3237 4549 τὸ
3261 4497 3491 4565 θέλημα
3512 4499 3616 4551 τοῦ
3641 4499 3788 4551 Θεοῦ
3805 4501 3970 4552 ἑποι-

2384 4576 2500 4630 εῖτε
2524 4576 2601 4629 ἄν
2619 4593 2633 4606 ·
2658 4576 2773 4629 νῦν
2800 4577 2868 4628 δὲ
2887 4578 2954 4630 ἐκ
2985 4577 3092 4631 τοῦ
3113 4579 3336 4646 πατρὸς
3363 4577 3528 4647 ὑμῶν
3551 4581 3690 4633 ἐστε
3713 4581 3820 4634 τοῦ
3843 4582 3972 4634 δια-

2387 4662 2590 4714 ὄόλου.
2642 4655 2775 4712 Είπε
2809 4661 2897 4713 τὸν
2945 4661 3206 4724 διάϐολον,
3263 4663 3355 4715 καὶ
3384 4662 3584 4724 εὑθέως
3625 4664 3830 4731 εἰσάγει
3870 4668 3971 4734 τὴν

2390 4743 2627 4810 ἰστορίαν
2656 4757 2670 4770 ο
2718 4741 3000 4807 Ἐκεῖνος,
3032 4745 3215 4813 φησὶν,
3250 4744 3739 4810 ἀνθρωποκτόνος
3767 4742 3842 4813 ἦν
3864 4747 3970 4798 ἀπ’

2385 4822 2598 4890 ἀρχῆς.
2633 4825 2744 4876 Καὶ
2778 4826 2805 4877 6
2838 4824 2936 4893 μὲν
2975 4827 3194 4896 οἰκέτης
3228 4826 3303 4886 ώς
3337 4827 3550 4896 οἰκέτης
3584 4829 3968 4896 ἡρμήνευσε-θ·

2385 4907 2413 4955 6
2449 4906 2505 4958 δὲ
2536 4906 2811 4974 Δεσπότης
2843 4906 2917 4969 ὡς
2947 4908 3224 4975 Δεσπότης
3258 4907 3520 4972 ἐδίδαξεν·
3552 4908 3718 4974 ἔδειξε
3751 4911 3841 4959 τὸν
3876 4927 3971 4976 φτ-

2385 4987 2652 5040 νεὺσαντα
2682 4988 2774 5040 τὸν
2816 4990 3003 5056 Ἀδάμ.
3049 4989 3160 5041 Οὑκ
3213 4984 3364 5040 εἶπεν
3397 4990 3578 5053 ἁπλῶς
3608 5033 3620 5052 ,
3658 4993 3854 5052 Φονευς
3877 4987 3967 5059 ἦν,

2387 5069 2500 5121 ἀλλ’
2542 5071 3056 5135 ἀνθρωποκτόνος.
3099 5069 3174 5122 Οὑ
3202 5071 3308 5139 γὰρ
3344 5072 3437 5124 ἕνα
3483 5074 3710 5130 ἀνεῖλεν,
3740 5072 3873 5123 ἀλλὰ
3902 5073 3971 5124 δι’

2387 5152 2594 5204 ἐκείνου
2630 5152 2804 5203 πάντα
2839 5152 3143 5220 ἄνθρωπον.
3181 5155 3290 5206 Καὶ
3329 5155 3400 5207 ἐν
3444 5155 3517 5223 τῇ
3557 5157 3826 5221 ἀληθείᾳ,
3859 5175 3970 5224 φ’,-

2389 5237 2493 5299 σὶν,
2530 5238 2641 5302 οὐχ
2675 5234 2954 5300 ἕστηκεν,
2984 5236 3071 5288 ὅτι
3103 5240 3374 5305 ψεύστης
3395 5240 3546 5292 ἐστί.

2458 5325 2528 5384 γ’.
2546 5317 2719 5369 Βλέπε
2743 5316 2859 5378 πῶς
2882 5319 3209 5388 ἡρμήνευσε,
3231 5321 3324 5373 καὶ
3347 5322 3423 5372 ὃτι
3444 5317 3686 5378 διάϐολός
3712 5319 3851 5377 ἐστι,
3878 5322 3972 5369 xz‘:

2387 5400 2626 5469 ψεύστης
2651 5400 2782 5451 ἐστί.
2821 5401 2928 5452 Καὶ
2955 5402 3069 5464 πῶς
3097 5402 3395 5471 ἐψεύσατο;
3429 5399 3615 5455 Εἶπεν
3654 5404 3688 5454 ό
3725 5401 3859 5469 ὄφις
3893 5420 3916 5454 τ
3939 5403 3971 5467 ᾖ

2453 5511 2473 5538 ε
2502 5509 2650 5558 SaVil.
2669 5510 2722 5581 in
2757 5523 2907 5572 marg.
2939 5528 3010 5575 γρ.
3036 5514 3197 5569 ἁπλῶς
3219 5517 3482 5576 προσέχειν.
3510 5512 3660 5561 Paulo
3688 5518 3795 5573 post
3835 5513 3972 5561 idCJI

2387 5587 2458 5632 γρ·
2487 5587 2718 5631 συριγμφ.

2394 5695 2406 5700 Α
2450 5630 2477 5669 d
2519 5632 2600 5679 Sic
2640 5631 2790 5700 Sam.
2845 5634 2893 5680 in
2943 5637 3194 5700 textu,__in
3234 5636 3455 5700 margine
3497 5641 3667 5700 autem
3701 5635 3773 5684 ἷσ.
3816 5635 3973 5700 ⁸ἐτι-ἦλ-

2390 5695 2846 5766 βεηεχιεοτῄοριμςε
2873 5707 3070 5766 ηςπιρε..
3097 5697 3231 5744 Hanc
3256 5695 3373 5744 vero
3399 5697 3662 5745 lectionem
3695 5708 3788 5747 suo
3813 5696 3976 5748 Hane

2389 5755 2439 5802 iu
2465 5759 2598 5802 lexlu
2617 5754 2780 5815 posuit
2799 5753 3136 5804 Combeﬁsius.
