4110 6318
242 388 360 445 485

252 488 389 544 Cum
426 487 614 543 viderit
650 489 787 543 Deus
818 486 1146 542 fatiscentem
1172 484 1402 539 animam
1423 524 1437 549 ,
1466 483 1624 537 rebus
1646 480 1837 551 jucun-

253 580 339 633 dis
367 589 572 635 recreat
599 580 775 634 illam:
803 579 852 633 id
877 578 1016 649 quod
1046 578 1208 632 etiam
1238 576 1377 645 apud
1407 592 1502 629 nos
1534 575 1645 628 fieri
1676 574 1831 627 solet.

255 672 413 739 Step0
456 674 595 725 enim
636 687 701 726 ex
742 672 855 725 f0ro
892 672 1008 741 quis
1047 679 1356 732 revertens,
1400 669 1575 723 animo
1620 666 1836 721 infinitis

254 764 578 818 mteroribus
608 779 862 832 Oppresso
890 779 1067 817 rerum
1101 762 1384 815 invisarutn
1412 768 1663 828 aspectu,
1696 758 1834 811 into-

254 854 488 909 lerandis
523 856 908 910 calamitatibus
946 864 1000 907 et
1035 855 1243 909 damnis
1284 854 1579 918 cruciatus,
1621 851 1833 905 domum

254 948 557 1015 ingressus,
606 948 819 1000 infantis
862 946 1108 1000 solatium
1156 945 1392 1007 invenit,
1435 943 1835 1010 molestiamque

252 1038 498 1092 laborum
531 1048 681 1091 tener
709 1038 917 1091 animus
944 1036 1167 1090 emollit.
1198 1037 1327 1102 Quia
1355 1037 1494 1090 enim
1523 1042 1832 1088 manentem

252 1145 360 1182 non
390 1129 501 1183 adit
534 1144 666 1183 uxor
689 1128 755 1182 ad
785 1128 1053 1193 solatium,
1085 1127 1201 1197 ejus
1229 1129 1369 1182 enim
1399 1126 1693 1179 consolatio
1722 1132 1833 1177 tum

250 1221 552 1287 importuna
584 1229 758 1285 esset,
793 1221 1017 1274 fanmhts
1056 1234 1183 1273 vero
1211 1219 1471 1272 consolari
1505 1232 1607 1269 non
1638 1214 1827 1277 audet,

250 1311 457 1365 inducit
486 1312 625 1365 Deus
648 1312 939 1379 simplicem
968 1311 1219 1374 indolem,
1250 1310 1509 1377 inculpata
1538 1307 1832 1377 ignorantia

249 1403 551 1471 prmditam,
573 1418 666 1471 per
688 1404 955 1470 ipsamque
978 1400 1243 1455 laboribus
1265 1414 1573 1468 oppressura
1596 1397 1829 1450 animum

251 1492 384 1544 lenit
410 1504 462 1544 et
489 1492 709 1545 solatur.
746 1491 991 1545 Famulus
1022 1493 1065 1545 si
1096 1491 1345 1552 arrideat,
1379 1490 1490 1544 beri
1521 1490 1723 1556 injuriis
1755 1490 1836 1541 in-

246 1586 453 1637 sultare
480 1584 686 1638 videtur
710 1599 724 1648 ;
756 1600 888 1637 uxor
916 1584 957 1635 si
989 1583 1176 1647 rideat,
1208 1582 1414 1635 videtur
1441 1582 1584 1634 nullo
1610 1580 1831 1631 calami-

252 1675 381 1729 tatis
410 1689 570 1729 sensu
598 1674 733 1728 attici
765 1692 777 1727 :
812 1674 982 1727 infans
1015 1674 1082 1727 ob
1112 1673 1482 1736 innocentiam,
1515 1686 1619 1724 non
1650 1686 1832 1738 Sttspc-

246 1770 354 1825 ctis
384 1768 755 1823 blandimentis
783 1767 981 1821 emollit
1007 1768 1237 1820 animum
1265 1783 1275 1818 :
1307 1780 1368 1819 ac
1397 1780 1537 1833 smpe
1568 1763 1705 1832 quod
1734 1777 1831 1817 nec

248 1858 410 1912 amici
441 1857 697 1921 consiliis,
729 1872 826 1911 nec
856 1856 1123 1925 sapientes
1155 1855 1365 1908 monitis
1395 1854 1606 1908 eflicere
1641 1861 1831 1921 potue-

248 1958 395 2009 runt,
424 1947 475 2000 id
503 1948 591 2001 ille
613 1945 831 2000 ridendo
854 1945 1039 2015 potuit,
1064 1959 1254 2012 nempe
1280 1958 1493 1997 omnem
1519 1942 1830 1995 calamitatis

245 2053 465 2104 sensum
494 2039 702 2091 sedare.
734 2036 954 2105 Jamque
984 2036 1192 2089 animus
1232 2035 1283 2087 in
1328 2035 1436 2103 ipsa
1467 2034 1516 2087 vi
1549 2033 1791 2088 maeroris
1812 2073 1825 2095 ,

246 2128 391 2181 videt
418 2130 688 2188 infantem,
717 2128 865 2181 initio
888 2126 1102 2193 respuit.
1129 2125 1448 2193 depellitque
1475 2124 1826 2192 importunam

242 2219 688 2283 consolationem,
716 2235 775 2272 ex
801 2216 1110 2270 assiduitate
1138 2225 1310 2270 tamen
1331 2214 1489 2277 cedit,
1514 2224 1566 2268 et
1588 2213 1828 2281 repetitis

242 2309 553 2376 aspectibus
575 2310 781 2362 animus
802 2308 1109 2371 attrahitur;
1135 2306 1348 2360 demum
1372 2314 1589 2373 accepto
1608 2304 1823 2370 infante,

242 2402 555 2454 maestitiam
586 2400 832 2469 deponit,
865 2400 1040 2468 aitque
1074 2417 1085 2450 :
1120 2397 1270 2451 Hunc
1304 2396 1433 2450 mihi
1471 2397 1641 2450 solum
1687 2397 1826 2450 Deus

240 2492 488 2560 largitur,
520 2492 763 2559 nullaque
793 2489 919 2542 mihi
953 2489 1088 2541 ratio
1118 2488 1467 2556 reliquorum.

318 2582 571 2634 Animalia
614 2580 680 2632 ad
724 2579 1044 2633 recreandum
1081 2578 1330 2631 hominem
1368 2586 1505 2647 apta.
1537 2607 1609 2616 —
1639 2574 1823 2629 Viden‘

239 2673 515 2743 quomodo
558 2686 621 2725 cx
664 2670 946 2725 levissimis
993 2670 1131 2723 Deus
1181 2669 1358 2722 animo
1404 2667 1822 2722 consolationem

240 2764 428 2818 indat?
450 2763 579 2828 Quia
606 2763 763 2832 igitur
787 2762 933 2816 solus
961 2769 1077 2815 erat
1102 2760 1270 2813 Adam
1308 2760 1360 2813 in
1402 2758 1646 2829 paradiso
1669 2800 1684 2823 ,
1717 2772 1820 2811 non

236 2857 472 2910 amicum
497 2856 715 2919 habens,
737 2868 840 2907 non
864 2853 1116 2916 vicinum,
1139 2866 1244 2905 non
1266 2859 1567 2920 cognatum,
1586 2849 1650 2902 ad
1673 2848 1821 2902 illum

237 2946 591 3002 recreandum
623 2945 824 2999 induxit
856 2944 930 2997 illi
974 2944 1112 2996 Deus
1146 2944 1429 3004 animalia;
1460 2951 1677 3008 puta,ut
1699 2951 1823 2994 sunt

238 3040 512 3108 hodieque
553 3039 796 3091 animalia
834 3036 897 3089 ad
932 3036 1240 3089 imitandum
1278 3044 1431 3103 apta,
1461 3049 1685 3101 quorum
1718 3033 1817 3085 alia

235 3140 423 3201 gestus
445 3172 457 3191 ,
490 3130 591 3182 alia
622 3142 802 3181 vocem
846 3126 1154 3189 imitantur;
1190 3125 1331 3178 verbi
1361 3139 1549 3185 causa,
1584 3124 1819 3175 imitatur

236 3224 395 3276 simia
423 3231 601 3291 gestus
627 3220 896 3274 hominum
923 3235 937 3282 ;
966 3226 1021 3272 et
1045 3217 1094 3271 id
1120 3231 1286 3287 genus
1309 3217 1408 3269 alia
1440 3233 1452 3268 :
1482 3230 1661 3270 vocem
1691 3214 1820 3283 psit-

236 3326 390 3369 tacus
433 3315 657 3381 aliaeque
696 3326 837 3365 aves.
883 3310 1077 3363 Habuit
1106 3323 1232 3378 ergo
1267 3307 1511 3362 solatium
1545 3322 1611 3359 ex
1650 3304 1818 3359 brutis

233 3407 593 3461 animantibus
614 3448 628 3471 ,
658 3406 775 3459 aliis
802 3402 1226 3467 cantillantibns,
1261 3400 1377 3454 aliis
1404 3398 1815 3453 blandientibus.

233 3498 371 3553 Cum
403 3499 564 3551 multa
597 3497 753 3566 igitur
778 3494 1025 3548 animalia
1054 3501 1266 3559 essent,
1301 3508 1419 3561 quae
1455 3492 1625 3560 ipsum
1656 3491 1817 3544 solari

233 3602 479 3662 possent,
500 3606 719 3660 serpens
736 3589 1107 3643 callidissimus
1128 3599 1239 3641 erat
1260 3588 1395 3642 inter
1416 3602 1601 3641 omnes
1622 3586 1819 3641 bestias

235 3696 428 3747 terrae,
469 3692 525 3735 ιιι
562 3682 632 3733 ait
673 3681 938 3748 Scriptura
968 3696 983 3734 :
1014 3678 1231 3745 Serpens
1268 3688 1433 3731 autem
1458 3687 1563 3731 erat
1588 3677 1819 3730 callidior

234 3773 429 3825 cunctis
455 3771 651 3833 bestiis,
678 3786 800 3837 quas
830 3774 1013 3838 fecerat
1048 3768 1287 3820 Dominus
1317 3768 1453 3820 Deus
1487 3766 1633 3839 (Gen.
1660 3768 1710 3821 5.
1742 3767 1814 3834 l).

309 3864 364 3917 2.
391 3862 609 3931 Serpens
631 3860 771 3913 initio
792 3861 982 3912 amicus
1005 3859 1216 3911 hominis
1236 3875 1253 3920 ;
1286 3860 1533 3927 quomodo
1550 3859 1637 3911 ille
1658 3858 1818 3910 Evam

235 3958 526 4026 alloquutus
554 3961 635 4007 stt.
659 3983 729 3992 —-
755 3953 878 4006 Erat
910 3952 1067 4021 igitur
1092 3962 1144 4004 et
1173 3950 1408 4003 imitandi
1437 3960 1488 4005 et
1515 3950 1815 4003 blandiendi

236 4057 355 4101 arte
384 4045 592 4100 cmteris
616 4044 877 4113 superior.
905 4042 980 4096 Ne
1003 4041 1247 4096 attendas
1278 4041 1526 4111 prmsenti
1558 4041 1814 4109 aspectui,

236 4138 381 4209 quod
414 4152 603 4206 nempe
652 4138 821 4207 ipsum
868 4136 1127 4205 fugiamus
1156 4146 1210 4189 et
1253 4135 1566 4189 horreamus
1598 4152 1614 4189 :
1641 4135 1707 4188 ab
1737 4134 1820 4186 in-

238 4234 336 4288 itio
374 4233 451 4286 sic
492 4246 596 4285 non
633 4240 765 4285 erat.
802 4230 1016 4284 Amicus
1062 4238 1174 4281 erat
1214 4242 1435 4296 serpens
1459 4236 1511 4280 et
1549 4226 1818 4281 blanditiis

238 4323 587 4393 propinquus.
618 4321 745 4389 Quis
768 4336 895 4389 ergo
920 4319 1065 4374 illum
1094 4319 1363 4372 inimicum
1398 4316 1553 4371 fecit?
1578 4318 1667 4371 Dei
1696 4332 1819 4369 sen-

237 4416 405 4469 tentia
438 4432 451 4468 :
482 4412 784 4467 Maledictus
806 4413 943 4465 enim
970 4422 1020 4463 tu
1049 4427 1153 4477 pra:
1174 4409 1401 4462 omnibus
1424 4409 1607 4461 bestiis.
1639 4406 1818 4460 Inimi—

235 4509 413 4563 citiam
434 4523 621 4573 ponam
645 4506 772 4558 inter
800 4513 845 4556 te
868 4513 912 4556 et
936 4504 1189 4556 mulierem
1218 4499 1364 4563 (Gen.
1392 4502 1443 4555 5.
1470 4500 1553 4553 14.
1582 4500 1689 4567 15).
1719 4498 1819 4551 11ιὶ-

238 4597 441 4651 micitia
472 4595 557 4647 illa
587 4592 871 4647 amicitiam
896 4592 1071 4644 solvit.
1090 4590 1388 4644 Amicitiam
1418 4590 1557 4655 dico,
1578 4604 1681 4642 non
1703 4604 1818 4657 qua:

237 4689 449 4743 ratione
471 4686 709 4748 ducatur,
734 4684 825 4738 sed
854 4700 970 4753 qua:
1001 4684 1169 4737 bruta:
1186 4683 1467 4736 animantis
1483 4682 1816 4749 cognitione;

239 4790 295 4833 ut
346 4777 610 4845 hodieque
648 4775 881 4828 ostendit
915 4776 1062 4828 canis
1101 4775 1347 4826 amicitia:
1395 4773 1663 4839 speciem,
1715 4789 1817 4824 non

237 4871 469 4931 ratione,
500 4867 591 4921 sed
642 4866 863 4919 naturali
909 4875 1051 4919 motu
1089 4867 1206 4919 :sic
1234 4877 1287 4917 et
1316 4878 1536 4929 serpens
1585 4862 1821 4914 blandic-

238 4962 402 5014 batur
430 4958 645 5011 homini.
678 4956 747 5011 Ut
772 4971 900 5023 ergo
925 4956 1011 5026 qui
1036 4954 1253 5007 multam
1285 4953 1691 5006 familiaritatem
1726 4950 1817 5003 Ita-

238 5056 420 5112 beret,
448 5050 589 5103 visus
613 5058 697 5102 est
717 5048 928 5101 diabolo
954 5062 1073 5101 esse
1108 5047 1356 5100 idoneum
1388 5045 1816 5097 instrumentum.

240 5141 447 5194 \‘idcns
493 5137 651 5207 igitur
691 5139 951 5189 Adamum
997 5146 1246 5204 serpente
1293 5132 1562 5195 delectari,
1605 5147 1821 5199 serpen-

242 5246 353 5287 tem
401 5230 471 5283 illi
514 5228 807 5283 abblandiri
833 5268 847 5289 ,
890 5228 1159 5295 multaque
1206 5243 1269 5281 ex
1306 5227 1548 5280 humanis
1590 5225 1818 5289 imitari,

241 5323 563 5391 excogitavit
608 5320 730 5375 mali
771 5318 988 5383 artifex,
1033 5328 1091 5371 ut
1148 5318 1221 5371 illi
1267 5322 1355 5387 qui
1394 5318 1544 5370 dolos
1586 5326 1820 5378 nectunt,

242 5415 444 5485 quique
475 5429 568 5481 per
596 5413 808 5482 pr0pria
848 5411 1105 5479 cujusque
1147 5410 1404 5477 adrepunt
1436 5428 1448 5461 :
1479 5424 1635 5463 nemo
1681 5410 1821 5462 enim

244 5519 345 5574 per
374 5511 648 5565 extranea,
680 5500 773 5555 sed
818 5516 914 5569 per
946 5499 1153 5569 propria
1184 5513 1271 5553 res
1318 5498 1449 5553 tales
1496 5499 1735 5557 coniicit;
1770 5516 1823 5551 ιιι

241 5594 323 5647 ait
342 5592 590 5647 Servator
609 5608 623 5644 :
643 5590 843 5643 Inimici
865 5590 1078 5643 hominis
1099 5589 1355 5643 domestici
1380 5591 1485 5658 ejus
1503 5590 1711 5661 (Matth.
1736 5591 1823 5646 l0.

241 5682 351 5755 36).
368 5681 623 5752 Loquitur
635 5696 761 5751 ergo
777 5696 871 5750 per
884 5690 1179 5751 serpentem
1193 5681 1370 5737 fucum
1389 5681 1585 5740 faciens
1597 5686 1819 5741 Adamo.

239 5776 394 5845 Rogo
417 5782 646 5830 vestram
674 5774 946 5829 caritatem
970 5815 985 5843 ,
1024 5790 1090 5829 ne
1118 5772 1474 5843 perfunctorie
1513 5781 1815 5835 attendatis.

1286 370 1371 425 DE
1408 368 1621 425 MUNDI
1658 361 2050 421 CREATIONE
2090 364 2344 421 ORATIO
2383 366 2467 420 Vl.

3411 389 3527 445 486

1942 478 2056 533 Non
2079 480 2208 534 levis
2234 490 2312 536 est
2343 482 2587 552 quaestio,
2610 483 2876 552 quomodo
2898 498 3119 553 serpens
3148 485 3396 555 loquutus
3422 488 3521 552 sit,

1942 584 2010 622 an
2056 570 2282 625 humana
2328 588 2478 637 voce,
2523 588 2587 626 an
2622 575 2882 642 serpentis
2931 576 3108 641 sibilo,
3160 577 3519 647 intellexitque

1945 661 2072 715 Eva.
2114 663 2280 716 Adam
2312 674 2435 719 ante
2464 666 2936 736 transgressionem
2953 668 3141 738 plenus
3166 680 3281 724 erat
3310 673 3516 740 sapien-

1944 750 2034 815 tia,
2065 751 2430 821 intelligentia,
2459 769 2521 808 ac
2551 755 2845 825 prophetia.
2888 756 3070 826 Cogita
3097 769 3289 828 quanta
3324 761 3518 829 pra-di-

1943 851 2026 895 tus
2065 853 2207 897 esset
2256 847 2534 914 sapientia,
2568 849 2655 916 qui
2709 858 2883 915 posset
2933 866 3068 904 unus
3111 852 3255 905 nullo
3303 853 3520 907 homine

1942 933 2179 1000 doctore,
2214 937 2425 989 nomina
2458 938 2730 1006 imponere
2760 940 3075 1007 volatilibus,
3110 944 3407 1011 reptilibus,
3440 943 3517 997 fe-

1942 1026 2034 1090 ris,
2069 1042 2171 1079 uno
2208 1029 2371 1081 verbo
2415 1031 2679 1084 omnibus.
2711 1029 2765 1083 ln
2794 1042 2972 1087 mente
3018 1042 3101 1087 tua
3136 1035 3362 1105 depinge
3396 1052 3520 1105 δρία

1939 1119 2067 1182 cies,
2099 1135 2325 1189 genera;
2367 1130 2525 1189 utque
2568 1124 2881 1190 Compendio
2906 1124 3101 1190 dicam,
3134 1135 3208 1179 tot
3243 1127 3513 1196 imposuit,

1938 1222 2067 1280 quot
2095 1211 2253 1264 hodie
2285 1228 2381 1265 nos
2405 1222 2522 1281 post
2553 1216 2932 1282 experientiam
2974 1234 3079 1271 non
3131 1235 3408 1287 possumus
3432 1238 3513 1275 re-

1938 1302 2134 1357 00lere.
2167 1304 2389 1370 Quando
2429 1307 2583 1375 igitur
2614 1308 2749 1361 Deus
2775 1310 2966 1363 obtulit
3007 1312 3257 1366 animalia
3287 1313 3509 1380 homini,

1938 1395 2027 1449 ille
2054 1405 2115 1449 ut
2158 1398 2369 1465 sapiens
2392 1414 2452 1451 ac
2495 1399 2583 1452 Dei
2629 1401 2871 1468 spiritum
2921 1401 3142 1469 habens,
3184 1405 3511 1473 singulorum

1938 1488 2318 1553 proprietatem
2348 1489 2575 1542 videbat.
2624 1491 3010 1545 Animadvertit
3038 1509 3163 1547 vero
3211 1505 3510 1564 serpentem

1936 1576 2267 1631 solertiorem
2311 1594 2453 1642 esse,
2500 1595 2658 1633 sensu
2707 1582 2925 1649 pollere,
2978 1600 3041 1636 ex
3087 1586 3300 1639 nutibus
3338 1597 3513 1641 motus

1936 1666 2095 1719 animi
2127 1669 2414 1736 percipere.
2456 1669 2588 1723 Cum
2620 1673 2695 1724 sic
2738 1671 2904 1725 Adam
2933 1689 2988 1727 se
3017 1674 3253 1740 haberet,
3289 1692 3511 1746 perpen-

1935 1758 2011 1811 dit
2036 1758 2276 1815 diabolus
2303 1770 2357 1815 et
2392 1765 2653 1830 serpentis
2694 1767 2959 1830 astutiam,
2991 1776 3043 1820 et
3069 1767 3256 1821 Adatni
3301 1771 3511 1837 opinio-

1936 1866 2055 1904 nem
2086 1870 2099 1906 :
2129 1854 2344 1921 putabat
2391 1858 2532 1908 enim
2580 1867 2883 1926 serpentem
2929 1860 3180 1914 solertem
3224 1878 3359 1917 esse.
3410 1863 3512 1918 Per

1935 1942 2081 1996 illum
2110 1960 2237 2013 ergo
2268 1945 2517 2013 loquitur,
2547 1957 2602 2000 ut
2632 1950 2989 2017 suspicaretur
3015 1951 3180 2003 Adam
3209 1962 3507 2021 serpentem

1933 2050 2050 2089 cum
2074 2051 2228 2106 sagax
2247 2050 2406 2103 esset,
2425 2040 2525 2093 hoc
2548 2043 2858 2107 prmslitissc
2881 2053 2999 2096 utet
3017 2044 3295 2098 humanam
3324 2062 3506 2101 vocem

1934 2128 2249 2183 imitaretur.
2282 2132 2493 2185 Accedit
2524 2148 2647 2201 ergo
2675 2148 2916 2202 serpens.
2960 2136 3225 2204 Nusquam
3253 2152 3377 2190 vero
3408 2138 3507 2193 hoc

1933 2219 2201 2289 Scriptura
2243 2222 2394 2285 dixit,
2424 2223 2690 2278 diabolum
2737 2242 2926 2294 nempe
2954 2229 3005 2280 in
3034 2239 3279 2297 serpente
3324 2230 3510 2299 loquu-

1932 2322 2038 2364 tnm
2065 2328 2204 2375 esse,
2229 2314 2321 2367 sed
2342 2326 2396 2369 et
2417 2314 2624 2385 Moyses
2656 2318 2961 2385 simpliciter
2988 2335 3096 2371 rem
3125 2331 3324 2389 gestam
3345 2336 3504 2374 enar-

1930 2404 2082 2457 ravit.
2131 2406 2448 2473 Diligenter,
2496 2424 2710 2475 qumso,
2755 2408 3132 2462 animadverte.
3178 2410 3369 2465 Paulus
3414 2414 3504 2481 qui

1929 2498 2191 2550 secundus
2220 2498 2269 2549 in
2301 2500 2541 2566 paradiso
2566 2499 2680 2563 fuit,
2710 2515 2805 2554 nec
2841 2502 2939 2569 ipsi
2962 2501 3156 2554 dictum
3199 2503 3501 2570 explicavit,

1928 2586 2017 2640 sed
2049 2588 2122 2639 ait
2156 2605 2167 2638 :
2202 2586 2457 2655 Despondi
2490 2606 2569 2642 vos
2602 2591 2686 2642 uni
2711 2591 2814 2642 viro
2854 2591 3091 2659 virginem
3117 2602 3325 2655 castam,
3357 2595 3499 2647 exiti-

1928 2677 2039 2730 bere
2063 2677 2279 2729 Christo.
2304 2676 2471 2730 Timeo
2492 2688 2677 2743 autem,
2699 2696 2759 2731 ne
2786 2681 2909 2731 sicut
2940 2696 3139 2749 serpens
3168 2680 3323 2734 Evam
3352 2683 3501 2736 sedu-

1924 2768 1999 2820 xit
2028 2768 2078 2820 in
2101 2769 2281 2820 astutia
2303 2785 2395 2819 sua
2424 2768 2497 2837 (9..
2518 2770 2634 2823 Cor.
2656 2770 2739 2822 11.
2757 2770 2810 2822 2.
2831 2770 2884 2837 5)
2911 2789 2921 2823 :
2949 2787 3043 2823 nec
3066 2771 3216 2831 dixit,
3246 2773 3294 2824 id
3312 2772 3496 2827 diabo-

1928 2858 2034 2911 lum
2056 2858 2261 2913 fecisse.
2283 2860 2476 2913 Fidelis
2499 2860 2885 2929 Scripturarutn
2910 2872 3084 2915 eustos
3108 2873 3240 2928 erat,
3263 2864 3499 2934 Scriptu-

1924 2964 2102 3003 rarum
2147 2950 2407 3017 minister,
2439 2950 2827 3019 Scripturarum
2875 2951 3079 3016 doetor,
3107 2953 3496 3021 Scripturarum

1925 3041 2204 3108 interpres.
2226 3041 2401 3094 Noluit
2429 3041 2621 3092 dictum
2648 3043 2873 3105 solvere,
2910 3057 2974 3094 ne
2995 3041 3382 3110 Scripturarum
3413 3060 3498 3096 or-

1922 3129 2099 3182 dinem
2147 3131 2407 3193 solveret;
2451 3130 2543 3183 sed
2593 3133 2851 3182 sententia
2900 3132 3054 3183 solvit
3102 3135 3491 3200 quaestionem:

1925 3217 2115 3282 Timeo,
2142 3222 2328 3289 inquit,
2359 3236 2419 3272 ne
2446 3222 2569 3273 sicut
2596 3237 2796 3286 serpens
2829 3220 2982 3273 Evam
3009 3222 3202 3275 seduxit
3230 3224 3279 3275 in
3313 3226 3496 3277 astutia

1920 3328 2032 3375 sua,
2052 3314 2122 3365 sic
2140 3322 2524 3379 corrumpantur
2542 3329 2709 3365 sensus
2726 3314 2890 3365 vestri.
2914 3312 2999 3366 Sic
3020 3316 3352 3381 ;quomodol
3370 3332 3494 3370 num

1923 3402 2186 3456 metuebat
2207 3402 2420 3466 Paulus,
2446 3418 2511 3456 ne
2537 3416 2743 3455 rursum
2767 3418 2985 3471 serpens
3007 3406 3229 3467 veniret,
3254 3421 3313 3459 ac
3335 3422 3495 3476 quos-

1922 3496 2041 3548 dam
2064 3494 2651 3560 seduceret?At,Novi,
2672 3496 2867 3563 inquit,
2890 3497 3031 3549 illum
3060 3508 3359 3566 serpentem
3389 3514 3493 3554 non

1920 3602 2195 3657 apparere,
2217 3587 2307 3641 sed
2329 3595 2545 3656 apparet
2570 3586 2612 3639 is
2633 3590 2719 3656 qui
2741 3586 2789 3640 in
2818 3587 2908 3640 illo
2925 3597 3170 3656 operatus
3190 3598 3290 3642 est.
3321 3589 3493 3644 Crete-

1924 3695 2035 3731 rtnn
2059 3679 2269 3741 Paulus,
2288 3690 2341 3731 ut
2359 3678 2526 3732 fidelis
2549 3678 2807 3741 minister,
2832 3690 2883 3732 et
2905 3693 3172 3732 sacrarum
3192 3679 3491 3749 Scriptura-

1922 3787 2037 3823 rutn
2060 3782 2257 3834 custos,
2278 3770 2473 3823 dictum
2498 3784 2601 3822 non
2630 3770 2861 3831 invertit,
2886 3769 2978 3823 sed
3016 3772 3330 3824 sententiam
3352 3772 3491 3825 indi—

1920 3861 2089 3914 cavit:
2117 3862 2227 3928 ipse
2250 3877 2373 3913 Vero
2399 3870 2652 3920 veterum,
2678 3874 2953 3918 novorum.
2980 3858 3377 3930 futurorumque
3400 3863 3495 3914 Do-

1923 3951 2117 4014 minus,
2139 3951 2483 4018 quaastionem
2504 3947 2700 4015 liquido
2717 3948 2889 4010 solvit,
2920 3963 2985 4001 ne
3006 3948 3122 4016 quis
3146 3963 3413 4017 peccatum
3440 3952 3489 4003 in

1920 4049 2219 4109 serpentem
2244 4037 2456 4101 referat,
2478 4037 2569 4090 sed
2588 4037 2635 4089 in
2656 4052 2775 4089 eum
2798 4038 2885 4105 qui
2911 4038 2960 4089 in
2986 4037 3097 4104 ipSo
3120 4048 3367 4105 operatus
3388 4050 3486 4093 est.

1922 4133 2009 4184 Ait
2050 4132 2224 4199 itaque
2262 4130 2505 4183 Christus
2547 4127 2742 4181 Judaeis
2771 4143 2888 4180 cum
2930 4127 3165 4181 dicerent
3192 4129 3260 4193 ei,
3296 4127 3405 4181 Nos
3432 4146 3494 4182 ea:

1922 4221 2028 4274 Deo
2056 4238 2225 4273 sumus
2258 4236 2275 4272 :
2301 4219 2357 4272 Si
2381 4235 2440 4271 ea:
2483 4218 2587 4270 Deo
2615 4219 2801 4281 essetis,
2834 4217 2927 4269 Dei
2954 4218 3118 4287 utique
3152 4236 3301 4286 opera
3328 4236 3385 4271 ac
3408 4237 3493 4272 tto-

1922 4314 2159 4365 luutatem
2180 4313 2284 4380 ejus
2310 4311 2559 4380 faceretis.
2577 4308 2725 4361 Nunc
2752 4325 2863 4361 vero
2882 4326 2942 4362 ea;
2967 4321 3106 4378 patre
3123 4320 3279 4361 vestro
3297 4310 3494 4363 diabolo

1921 4404 2224 4456 estis.Dixit
2273 4402 2561 4464 diabolum,
2594 4410 2647 4454 et
2698 4401 2875 4453 statim
2927 4400 3199 4453 historiam
3250 4400 3491 4455 inducit:

1921 4492 1947 4545 1
1958 4495 2047 4555 lle,
2075 4494 2261 4562 inquit,
2288 4493 2536 4545 homicida
2563 4502 2666 4543 erat
2694 4492 2753 4543 ab
2796 4492 2958 4543 initio.
2994 4492 3187 4544 Servus
3215 4501 3272 4543 ut
3310 4508 3497 4545 servos

1923 4587 2293 4653 interpretatus
2317 4593 2425 4648 est;
2461 4584 2711 4637 Dominus
2728 4594 2900 4636 autem
2925 4594 2979 4637 ut
3005 4584 3254 4657 Dominus
3280 4585 3453 4637 docuit
3476 4600 3489 4634 :

1922 4680 2154 4733 ostendit
2191 4695 2309 4731 eum
2338 4679 2422 4746 qui
2468 4678 2724 4730 Adatnum
2754 4675 3039 4729 occiderat.
3068 4673 3182 4727 Non
3218 4671 3355 4725 dixit
3382 4682 3498 4726 tau-

1925 4785 2033 4826 tum
2079 4771 2490 4835 interfectorem,
2518 4772 2609 4824 sed
2657 4767 2990 4820 liotnicidam.
3025 4765 3136 4820 Non
3163 4767 3301 4817 enim
3333 4782 3497 4821 unum

1923 4872 2125 4915 tantum
2174 4862 2401 4921 occidit,
2434 4859 2523 4911 sed
2550 4873 2640 4924 per
2681 4857 2820 4908 illttm
2854 4868 3037 4906 omnes
3068 4853 3325 4907 homines.
3356 4854 3420 4906 Et
3446 4858 3497 4907 in

1923 4956 2143 5012 veritate,
2190 4951 2374 5018 inquit,
2402 4965 2497 4999 non
2522 4948 2649 4998 stetit
2674 4962 2690 4997 :
2717 4947 2833 5016 quia
2864 4945 3080 4996 mendax
3107 4955 3178 4997 est
3208 4946 3224 5014 (
3255 4944 3409 4999 Joan.
3442 4947 3494 4999 8.

1923 5046 2009 5097 tt.
2044 5044 2129 5095 42.
2160 5042 2270 5109 ιι).

1995 5134 2047 5187 5.
2091 5133 2309 5200 Serpens
2338 5130 2597 5181 mulierem
2623 5128 2883 5197 alloquens
2908 5128 3140 5179 mentitus
3163 5135 3250 5179 est.
3274 5155 3344 5164 —-
3366 5125 3497 5179 Vide

1926 5225 2192 5294 quomodo
2238 5226 2607 5288 interpretatus
2646 5231 2726 5272 est
2769 5230 2821 5273 et
2866 5218 3006 5287 quod
3053 5218 3121 5270 sit
3162 5217 3423 5280 diabolus,
3450 5226 3502 5268 et

1927 5317 2065 5387 quod
2089 5317 2157 5369 sit
2197 5314 2437 5366 mendax.
2481 5312 2760 5379 Quomodo
2791 5311 3039 5364 mentitus
3068 5310 3185 5363 est?
3237 5309 3501 5362 Dixitser-

1928 5425 2047 5479 pens
2086 5406 2280 5457 mulieri
2314 5403 2457 5457 :Cur
2500 5403 2732 5471 praecepit
2775 5403 2908 5453 vobis
2953 5400 3110 5464 Deus,
3164 5409 3216 5451 ut
3241 5416 3337 5450 non
3368 5415 3500 5448 com~

1929 5498 2126 5551 ederitis
2157 5498 2217 5548 de
2245 5496 2379 5546 omni
2417 5497 2552 5563 ligno
2576 5493 2723 5565 (Gen.
2749 5495 2800 5547 5.
2845 5493 2922 5561 l)?
2946 5491 3134 5545 Vidisti
3158 5491 3500 5543 mendacem?

1930 5592 2144 5644 Dixerat
2188 5589 2326 5643 Deus
2356 5606 2368 5639 :
2406 5588 2477 5641 De
2521 5588 2662 5639 onmi
2706 5586 2845 5653 ligno
2872 5583 3151 5645 comedite,
3181 5581 3245 5633 de
3274 5596 3375 5632 uno
3403 5596 3502 5630 an.

1929 5694 2035 5741 tem
2062 5697 2127 5735 ne
2154 5680 2477 5744 comedatis;
2532 5678 2762 5731 mendax
2806 5677 2893 5730 ille
2918 5679 2991 5728 ait
3019 5693 3030 5726 :
3060 5675 3164 5726 Cur
3194 5672 3322 5724 dixit
3352 5671 3502 5725 vobis

1932 5781 2091 5845 Deus,
2121 5787 2177 5832 ut
2209 5776 2274 5832 de
2302 5774 2443 5828 omni
2476 5772 2616 5839 ligno
2640 5786 2704 5825 ne
2731 5765 3059 5827 comedatis?
3102 5764 3213 5818 Non
3256 5763 3505 5817 mentitur
