4110 6318
588 385 703 442 487

586 491 782 548 Christi
831 503 965 544 vox:
1009 485 1108 541 Ille
1137 483 1356 539 mendax
1381 489 1471 536 est.
1507 479 1754 534 Mentitus
1781 484 1863 531 est
1892 486 2091 538 autem,
2125 483 2180 526 et

585 583 799 654 quidem
828 582 1078 653 graviter.
1109 577 1241 633 Cum
1270 576 1388 646 quis
1419 575 1559 629 enim
1587 571 1772 625 dolose
1802 567 2000 638 aliquid
2027 568 2176 620 moli-

591 686 696 740 tur,
743 684 833 728 aut
877 671 1248 728 necessitatem
1295 667 1530 732 simulat,
1576 674 1665 719 aut
1703 660 2079 733 ignorantiam,
2121 667 2178 710 ut

586 783 694 822 non
743 773 1044 837 suspectam
1093 761 1305 816 inducat
1353 759 1699 828 pravitatem;
1750 769 1811 806 ac
1850 752 1894 804 si
1941 751 2172 811 diceret,

583 860 699 914 Non
732 860 878 924 novi,
919 855 1078 911 nulla:
1121 865 1244 910 sunt
1272 851 1505 905 insidim:
1551 845 1774 916 simplici
1820 843 1999 894 animo
2030 840 2169 905 veni,

585 953 716 1008 nihil
755 952 884 1004 scio.
937 945 1126 1002 Nonne
1170 944 1455 998 multorum
1502 939 1681 992 talium
1731 934 1929 990 fecistis
1971 933 2176 1000 pericu-

581 1044 734 1100 lum?
758 1060 824 1098 an
858 1043 1159 1110 ignoramus
1179 1036 1303 1090 dolo
1326 1034 1584 1088 utentium
1617 1029 1815 1098 opera?
1851 1040 2028 1079 nonne
2052 1023 2171 1076 talia

581 1143 866 1198 consuunt,
901 1142 954 1186 et
987 1129 1334 1201 ignorantiam
1369 1122 1697 1196 przetexunt?
1722 1120 1810 1176 Sic
1829 1127 1884 1173 et
1907 1117 2167 1171 diabolus.

583 1231 711 1292 Cur,
740 1227 931 1297 inquit,
956 1224 1088 1278 dixit
1106 1222 1258 1276 vobis
1282 1220 1420 1273 Deus
1437 1218 1460 1270 ?
1479 1216 1611 1270 Male
1628 1223 1682 1268 et
1711 1226 1959 1281 perverse
1974 1208 2167 1271 audivi,

583 1330 636 1375 ut
667 1335 772 1374 non
803 1313 1156 1372 comederetis
1185 1311 1251 1365 dc
1281 1309 1424 1362 omni
1476 1307 1636 1377 ligno.
1686 1302 2012 1356 Existitnans
2050 1313 2170 1352 mn-

583 1411 682 1466 iier
715 1410 762 1464 id
792 1405 1144 1479 ignorantiam
1175 1415 1316 1465 esse,
1341 1411 1642 1455 sermonem
1670 1393 1906 1462 corrigit.
1931 1391 2044 1445 Non
2076 1391 2167 1454 ita,

583 1501 792 1570 inquit,
843 1498 1092 1566 Ιοιμωιιιε.
1137 1502 1397 1548 εειτιιοη
1429 1489 1561 1543 dixit
1605 1487 1762 1548 Deus,
1795 1493 1850 1537 ut
1876 1497 1981 1536 non
2027 1495 2172 1534 com-

581 1595 864 1650 ederemus
886 1589 952 1644 de
979 1587 1122 1643 onmi
1143 1587 1313 1655 ligno;
1335 1582 1426 1638 sed
1449 1580 1514 1635 de
1539 1577 1683 1633 omni
1711 1573 2172 1646 permisit,abuno

580 1686 887 1746 interdixit;
939 1680 1071 1736 dixit
1114 1679 1256 1732 enim
1299 1675 1453 1729 nobis
1489 1692 1502 1727 :
1532 1671 1609 1726 Ne
1639 1667 1951 1726 comedatis.
1977 1674 2034 1718 ut
2063 1678 2168 1718 non

583 1775 904 1836 moriamini.
939 1775 1095 1827 Visus
1121 1780 1201 1826 est
1227 1769 1405 1823 dicere
1434 1763 1574 1835 quod
1608 1760 1880 1817 nesciebat
1907 1775 1920 1810 :
1943 1758 2053 1826 jam
2081 1769 2171 1807 su-

579 1872 746 1944 spicio
777 1885 880 1925 non
926 1874 1061 1932 erat,
1090 1862 1231 1933 quod
1281 1857 1654 1917 insidiaretur;
1704 1851 1883 1920 aitque
1912 1848 1985 1903 illi
2019 1865 2032 1900 :
2065 1844 2170 1900 Ne-

579 1937 830 2031 quaquam
855 1967 1016 2011 morte
1055 1951 1339 2008 moriemini
1369 1946 1518 2020 (Gen.
1549 1946 1602 1998 5.
1625 1941 1701 2014 4).
1737 1942 1817 1997 Εη
1845 1937 1986 1994 aliud
2019 1951 2170 1992 men-

581 2054 816 2110 dacium.
860 2051 969 2106 Deo
998 2059 1227 2116 namque
1256 2043 1486 2104 dicente,
1516 2036 1580 2090 In
1605 2048 1914 2108 quacumque
1935 2031 2018 2083 die
2034 2045 2172 2081 cont-

581 2146 806 2210 ederitis,
829 2152 988 2196 morte
1007 2135 1314 2201 moriemini,
1340 2134 1412 2187 ait
1432 2129 1672 2186 diabolus
1689 2145 1700 2178 :
1720 2124 2172 2194 Nequaquamnto-

578 2238 779 2294 riemini
795 2252 813 2302 ;
840 2237 1030 2290 iterum
1062 2231 1318 2288 mentitus
1342 2237 1440 2282 εει.
1479 2221 1682 2279 Sciebat
1713 2219 1844 2272 enim
1872 2216 2025 2276 υειιδ,
2053 2212 2170 2282 quia

578 2351 678 2403 qua
705 2331 784 2384 die
807 2326 1144 2390 comederitis,
1174 2322 1312 2378 eritis
1335 2320 1462 2373 sicut
1484 2316 1573 2369 dii.
1601 2314 1679 2367 En
1711 2311 1923 2366 tertium
1950 2304 2169 2361 tneuda-

581 2402 746 2481 cium.
774 2421 909 2476 \’ide
933 2419 1175 2474 dolosam
1212 2410 1410 2469 diaboli
1439 2407 1748 2477 nequitiam.
1780 2402 1896 2456 Jam
1945 2413 2170 2470 prtcme-

580 2516 780 2570 ditatur
806 2524 1043 2567 errorem
1073 2504 1271 2561 mundo
1300 2499 1669 2556 disseminare.
1696 2495 1760 2548 Et
1785 2492 1905 2562 quia
1931 2491 2166 2551 molitur,

583 2616 641 2661 nt
667 2605 804 2669 dixi,
853 2603 1031 2672 plures
1078 2599 1209 2652 deos
1251 2596 1302 2649 in
1346 2593 1477 2648 orbe
1525 2589 1780 2648 excitare,
1831 2589 2170 2637 antevertens

580 2697 807 2770 quadam
850 2691 1169 2750 narrationis
1213 2687 1413 2758 specie,
1437 2683 1667 2754 plurium
1709 2678 1934 2733 deorum
1959 2673 2170 2741 Opinio-

581 2805 704 2846 nem
734 2791 786 2843 in
815 2788 1030 2842 auribus
1062 2781 1300 2838 mulieris
1332 2775 1576 2832 inseruit.
1607 2773 1697 2827 Sic
1720 2781 1866 2824 certe
1894 2765 2018 2819 mali
2044 2763 2170 2816 arti-

583 2885 667 2939 fex
697 2881 921 2953 plurium
944 2878 1163 2934 deorum
1187 2872 1558 2943 cogitationem
1592 2865 1738 2935 prius
1760 2859 1967 2914 invexit
1991 2875 2003 2910 :
2029 2855 2170 2909 Deus

581 2991 713 3033 vero
739 2971 1071 3044 prteseientia
1100 2983 1193 3023 sua
1222 2966 1271 3019 id
1299 2961 1522 3026 curavit,
1571 2967 1628 3012 ut
1656 2957 1860 3011 futurus
1888 2966 2038 3007 error
2063 2964 2169 3002 non

583 3068 820 3124 humano
845 3079 940 3119 ore
978 3060 1327 3134 proferretur,
1361 3070 1428 3110 ne
1453 3052 1626 3124 prima
1656 3047 1880 3118 loquela:
1925 3043 2172 3096 humana:

583 3176 686 3216 vox
726 3159 856 3215 deos
898 3160 1368 3214 commemoraret,
1399 3146 1492 3202 sed
1532 3160 1633 3197 vox
1667 3146 1834 3212 prima
1884 3134 2170 3206 serpentis,

585 3263 643 3309 ut
669 3268 731 3308 os
750 3265 908 3306 omne
933 3249 998 3303 dc
1028 3245 1182 3301 idolis
1208 3243 1431 3313 loquens
1451 3238 1523 3294 illi
1552 3236 1726 3291 simile
1749 3241 1907 3286 esset.
1930 3227 2051 3284 Scio
2077 3239 2172 3279 vos

585 3343 709 3399 lmic
731 3344 846 3399 voci
880 3353 1119 3410 parcere,
1151 3344 1205 3391 et
1228 3341 1466 3389 sanctam
1516 3330 1909 3398 Scripturarum
1937 3327 2171 3374 mentem

584 3436 842 3507 arripere.
884 3409 1064 3488 Nemo
1095 3430 1252 3498 igitur
1293 3426 1442 3480 vocis
1483 3434 1730 3494 pompam
1759 3414 2027 3476 attendat;
2076 3409 2170 3464 sed

583 3528 970 3585 sententiarum
997 3524 1267 3578 virtutem.

654 3620 793 3675 Deus
817 3635 918 3673 non
945 3616 1196 3688 prohibuit
1225 3611 1481 3666 scientiam
1504 3606 1622 3660 boni
1642 3622 1659 3670 ;
1680 3604 1840 3656 Adam
1862 3609 1978 3652 ante
2006 3613 2172 3668 pecca-

584 3724 691 3768 tum
718 3711 978 3766 scientiam
1007 3708 1122 3761 boni
1152 3705 1384 3760 habebat.
1410 3732 1484 3742 -
1505 3699 1705 3755 Sciebat
1740 3699 1873 3750 enim
1903 3693 2060 3757 Deus,
2093 3692 2172 3744 in—

583 3806 698 3876 qttit
715 3844 732 3871 ,
757 3801 893 3876 quod
915 3813 1226 3872 quacumque
1256 3797 1336 3848 die
1361 3792 1678 3849 comederitis
1695 3831 1710 3856 ,
1732 3790 1873 3844 eritis
1910 3787 2037 3839 sicut
2060 3783 2131 3836 dii
2155 3825 2168 3849 ,

586 3899 796 3953 scientes
841 3894 1023 3948 bonum
1062 3904 1112 3944 et
1140 3889 1354 3943 malum.
1397 3887 1561 3940 Aiunt
1595 3884 1762 3946 multi,
1803 3880 2174 3952 prazcipueque

585 3992 643 4055 ii,
674 3988 763 4060 qui
794 3987 903 4041 Deo
923 3983 1195 4040 inimicum
1225 3977 1574 4050 Porphyrium
1607 3983 1922 4043 sequuntur,
1955 3965 2047 4040 q'ni
2074 3968 2172 4022 ad-

588 4097 775 4139 versus
803 4076 1137 4135 Christianos
1187 4073 1435 4142 scripsit,
1469 4069 1771 4137 multosque
1803 4080 1832 4119 a
1867 4064 2042 4118 divina
2070 4061 2173 4116 fide

587 4173 806 4231 abduxit
836 4189 851 4239 ;
882 4173 1050 4235 aiunt,
1081 4170 1298 4238 inquam
1328 4183 1340 4219 :
1371 4167 1476 4221 Cur
1508 4163 1647 4217 Deus
1669 4160 1944 4215 scientiam
1971 4157 2094 4211 boni
2121 4165 2177 4210 et

587 4269 712 4324 mali
739 4265 1008 4338 prohibuit
1035 4263 1057 4318 ?
1088 4261 1239 4327 Esto,
1271 4259 1470 4314 malum
1495 4254 1821 4326 prohibuerit
1850 4269 1865 4316 ;
1897 4266 1993 4306 cur
2011 4249 2172 4303 etiam

588 4364 786 4418 bonum
804 4360 829 4414 τ
849 4359 978 4413 Cum
1007 4356 1080 4409 ait
1102 4355 1244 4409 enim
1278 4370 1291 4406 :
1324 4351 1402 4407 De
1431 4351 1567 4420 ligno
1593 4346 1812 4401 scientia!
1833 4343 1952 4398 boni
1982 4353 2026 4396 et
2054 4339 2176 4393 ntuli

588 4468 651 4506 ne
693 4449 966 4504 comedetis
989 4487 1005 4513 ,
1031 4445 1312 4516 prohibet,
1339 4443 1524 4507 aiunt,
1557 4454 1623 4492 ne
1655 4437 1786 4491 sciat
1816 4434 2010 4488 malum
2039 4450 2050 4484 :
2081 4446 2176 4484 cur

588 4543 749 4599 etiam
778 4541 977 4595 bonum
1007 4537 1032 4592 ?
1075 4536 1302 4605 Semper
1335 4533 1535 4589 malitia
1574 4538 1759 4585 contra
1803 4528 2034 4595 seipsam
2059 4539 2173 4577 ma-

588 4635 853 4696 chinatur,
883 4631 1042 4700 inque
1063 4628 1293 4696 seipsam
1326 4623 1635 4680 occasiones
1667 4619 1887 4690 prmbet.
1915 4617 2030 4670 Non
2056 4630 2178 4685 pro-

590 4727 762 4783 hibuit
809 4725 953 4780 Deus
1006 4719 1286 4777 scientiam
1335 4716 1498 4771 boni:
1557 4713 1701 4766 illam
1754 4710 1948 4780 quippe
1992 4707 2178 4762 habuit

589 4819 783 4881 Adam,
816 4816 975 4872 etiam
1007 4821 1289 4880 antequam
1325 4805 1648 4862 comederet.
1695 4800 1803 4855 Nisi
1846 4798 1989 4853 enim
2034 4798 2175 4850 illam

587 4921 711 4966 ante
730 4909 1018 4970 habuisset,
1038 4903 1304 4975 quomodo
1326 4898 1660 4969 cognovisset
1677 4908 1895 4948 uxorem
1920 4891 2182 4961 ?quomo-

591 5003 660 5057 do
678 5001 744 5056 dc
765 5001 881 5070 ejus
899 5010 1085 5053 natura
1103 4996 1346 5058 dixisset,
1371 4992 1443 5046 0s
1459 5007 1520 5045 ea:
1539 4991 1732 5043 ossibus
1749 4987 1890 5050 meis,
1912 4995 1956 5036 et
1985 4999 2099 5035 caro
2122 4981 2182 5034 de

592 5109 743 5144 carne
767 5092 918 5144 mea?
947 5088 1216 5160 quomodo
1245 5087 1416 5149 futura
1437 5083 1750 5138 vaticinatus
1771 5086 1930 5138 esset,
1956 5075 2076 5129 Ilwc
2101 5091 2182 5128 vo-

592 5187 786 5239 cabitur
815 5185 1015 5247 mulier,
1045 5185 1164 5249 quia
1188 5183 1250 5236 de
1295 5183 1402 5235 viro
1446 5185 1648 5246 sumpta
1693 5185 1779 5227 est.
1833 5171 2048 5240 Propter
2090 5169 2182 5219 hoc

592 5277 835 5342 relinquet
881 5275 1030 5326 homo
1081 5281 1276 5341 patrem
1319 5280 1364 5323 et
1425 5278 1634 5321 matrem
1662 5266 1681 5330 (
1711 5262 1842 5317 Gen.
1867 5261 1920 5314 Ξ.
1951 5258 2182 5327 23.94),

595 5366 741 5422 ete.‘l
775 5373 920 5418 tanta
963 5361 1200 5425 sciebat,
1244 5369 1297 5414 et
1333 5361 1529 5414 bonum
1577 5371 1681 5410 non
1726 5349 2182 5408 noverat?Deum

598 5468 851 5524 noverat,
882 5472 1001 5527 qua!
1029 5463 1151 5509 sunt
1184 5454 1273 5508 Dei
1305 5451 1585 5514 servabat,
1615 5446 1893 5502 scientiam
1929 5443 2177 5504 habebat,

597 5562 673 5608 tot
701 5553 912 5606 nomina
941 5546 1190 5618 imposait
1223 5561 1237 5609 ;
1283 5541 1552 5613 quomodo
1591 5539 1868 5594 scientiam
1919 5535 2039 5587 boni
2077 5548 2180 5585 non

597 5642 878 5697 habuerit?
911 5639 1045 5708 Quid
1083 5652 1209 5706 ergo
1240 5632 1367 5689 illud
1415 5630 1530 5686 est?
1581 5629 1694 5683 Non
1748 5625 1995 5696 prohibet
2047 5623 2185 5677 Deus

597 5733 875 5790 scientiam
927 5731 1074 5797 boni,
1105 5728 1197 5784 sed
1235 5727 1343 5781 vult
1373 5739 1494 5781 cum
1524 5720 1647 5776 boni
1679 5719 1897 5774 scientia
1936 5732 2037 5771 non
2065 5729 2185 5770 esse

599 5824 874 5881 scientiam
914 5823 1061 5878 mali.
1111 5817 1398 5891 lmpictatis
1437 5813 1707 5885 sophisma
1738 5810 1886 5865 solvo
1927 5823 1989 5863 ex
2032 5804 2179 5864 Scri-

2002 357 2364 415 SEVERIANI

3752 378 3884 434 488

2293 475 2489 543 pturis.
2519 475 2606 529 Ait
2621 475 2845 532 Paulus:
2873 474 2993 530 Non
3012 475 3212 544 potestis
3227 476 3428 529 calicem
3452 475 3654 530 Domini
3684 479 3882 542 bibere,

2287 574 2334 616 et
2377 565 2583 618 calicem
2623 567 2987 620 damoniorunt
3028 566 3106 627 (l.
3131 565 3248 620 Cor.
3275 566 3491 637 10.21).
3519 567 3635 620 Non
3681 571 3885 622 ambos

2286 657 2578 724 prohibuit,
2606 657 2699 711 sed
2743 673 2862 713 eum
2890 659 2979 727 qui
3005 666 3220 712 sanctus
3250 667 3391 712 esset
3417 659 3783 720 sanctiﬁcavit,
3823 669 3883 711 ct

2285 751 2548 817 impurum
2576 760 2734 820 atque
2761 750 3035 819 profanum
3062 751 3277 821 ahjecit.
3317 749 3388 802 lta
3437 765 3648 820 quoque
3678 750 3882 805 Serva-

2283 852 2392 895 tor:
2418 841 2534 895 Non
2553 844 2758 911 potestis
2780 843 2887 897 Deo
2903 846 3084 897 servire
3101 854 3144 897 et
3163 860 3410 898 mamonae
3428 844 3642 913 (Matth.
3669 844 3726 899 6.
3748 845 3875 914 24);

2281 949 2472 1001 nempe
2493 934 2682 988 eodem
2703 944 2944 1004 tempore
2973 935 3081 988 Deo
3099 934 3400 989 etdzemoni
3440 936 3640 990 servire
3669 936 3879 1003 impos-

2281 1023 2434 1077 sibile
2461 1035 2560 1077 est.
2591 1023 2679 1078 Sic
2723 1024 2860 1078 Deus
2891 1025 3011 1078 mali
3041 1026 3394 1094 cognitionem
3424 1025 3623 1078 assumi
3661 1027 3873 1089 vetuit,

2279 1133 2346 1170 ne
2387 1132 2506 1169 cum
2556 1116 2676 1170 boni
2715 1118 2938 1172 scientia
2979 1118 3103 1171 mali
3149 1119 3380 1187 cognitio
3406 1117 3816 1171 admisceretnr.

2349 1208 2401 1260 4.
2436 1205 2538 1260 Cur
2569 1206 2759 1277 lignum
2799 1209 3017 1260 scientia:
3040 1209 3157 1261 boni
3191 1219 3237 1261 et
3272 1209 3393 1261 mali
3427 1211 3497 1261 sic
3542 1208 3731 1260 dictum
3770 1217 3869 1260 est.

2278 1327 2345 1337 -—
2369 1298 2464 1352 Hic
2489 1298 2596 1366 jam
2625 1299 2858 1351 animum
2883 1298 3249 1353 adhibeamus.
3283 1301 3392 1353 Cur
3417 1299 3629 1352 tandem
3662 1299 3870 1367 lignum

2281 1390 2516 1442 scientia:
2563 1389 2687 1443 boui
2734 1401 2787 1444 et
2834 1391 2955 1442 mali
2997 1392 3320 1459 appellatmn
3369 1390 3502 1444 est?
3545 1389 3659 1443 Non
3705 1391 3869 1444 talem

2278 1490 2519 1534 naturam
2555 1480 2759 1546 habuit,
2787 1482 2878 1535 sed
2908 1482 3012 1536 tale
3041 1492 3411 1552 argumentum
3442 1483 3592 1548 tulit,
3621 1482 3870 1550 Scriptu-

2276 1589 2456 1627 rarutn
2492 1575 2866 1642 proprietatem
2893 1575 3032 1628 dico.
3064 1575 3301 1644 Exempli
3329 1590 3483 1629 causa
3518 1593 3530 1626 :
3565 1575 3686 1629 fons
3714 1575 3868 1642 quis-

2279 1667 2419 1732 piam
2471 1665 2520 1717 in
2565 1668 2779 1720 deserto
2820 1676 3038 1720 vocatus
3083 1675 3164 1720 est
3199 1681 3332 1735 aqua
3381 1666 3867 1719 contradictionis:

2279 1754 2497 1809 Probavi
2529 1769 2574 1810 te
2600 1757 2740 1827 apud
2769 1775 2950 1828 aquam
2975 1759 3386 1812 contradictionis
3415 1764 3433 1829 (
3463 1757 3607 1811 Psal.
3641 1757 3729 1812 80.
3759 1757 3792 1812 8
3821 1758 3866 1826 ).

2279 1849 2491 1919 Ergone
2519 1850 2822 1918 hujnsmodi
2855 1861 3042 1905 natura
3068 1867 3218 1920 aqua:
3244 1860 3358 1905 erat
3383 1893 3398 1915 ,
3431 1861 3487 1905 ut
3514 1851 3766 1921 populum
3797 1849 3869 1903 ad

2275 1940 2752 1994 contradictionem
2781 1942 3040 1996 excitaret
3067 1941 3090 1994 ?
3118 1957 3213 1996 cur
3240 1957 3369 2012 ergo
3397 1941 3608 2011 Moyses
3639 1942 3725 1994 illa
3767 1955 3870 2010 po-

2276 2043 2436 2096 tatus,
2486 2033 2596 2088 Deo
2643 2048 2748 2088 non
2793 2033 3166 2088 contradixit?
3209 2035 3366 2089 Certe
3402 2044 3586 2090 vocata
3616 2047 3700 2089 est
3729 2047 3869 2102 aqua

2275 2127 2734 2190 contradictimiis,
2785 2143 2890 2180 non
2946 2127 3085 2194 quod
3136 2127 3292 2180 talem
3341 2126 3563 2181 haberet
3592 2135 3866 2187 naturam,

2274 2216 2366 2270 sed
2397 2218 2680 2271 occasione
2709 2217 2780 2271 rei
2814 2232 2931 2286 qua:
2963 2217 3012 2269 in
3048 2217 3134 2270 illa
3167 2217 3377 2271 accidit.
3410 2217 3542 2284 Quia
3572 2218 3714 2270 enim
3759 2214 3870 2267 illic

2274 2309 2594 2362 contradixit
2621 2310 2864 2378 pepulus,
2888 2309 3005 2364 ideo
3031 2320 3213 2363 vocata
3230 2319 3310 2364 est
3333 2325 3468 2379 aqua
3483 2307 3870 2363 centradictio-

2275 2403 2374 2456 nis.
2421 2402 2624 2457 Rursus
2658 2403 2790 2456 vidit
2831 2402 2996 2457 Jacob
3029 2403 3192 2457 Dettm
3221 2444 3235 2468 ,
3270 2411 3325 2456 ut
3363 2403 3522 2456 homo
3551 2410 3760 2470 poterat
3788 2398 3871 2451 vi-

2273 2496 2424 2560 dere,
2450 2506 2502 2550 et
2527 2497 2736 2550 vocavit
2763 2511 2957 2550 nomen
2990 2496 3089 2549 loci
3123 2496 3325 2563 Species
3348 2494 3442 2548 Dei
3458 2493 3610 2567 (Cen.
3637 2494 3724 2549 5‘2.
3747 2490 3868 2566 50).

2275 2588 2446 2642 Locus
2467 2589 2698 2657 speciem
2739 2596 2831 2642 aut
2874 2586 3098 2640 formam
3145 2587 3237 2641 Dei
3289 2602 3392 2641 non
3442 2587 3720 2654 habebat;
3773 2591 3869 2644 sed

2273 2682 2394 2748 quia
2427 2680 2560 2733 visio
2595 2679 2663 2732 ibi
2703 2679 2923 2748 contigit
2966 2679 3104 2747 ipsi,
3143 2693 3210 2731 ex
3251 2694 3309 2731 re
3352 2678 3524 2733 locum
3554 2681 3867 2750 appellavit.

2273 2770 2427 2824 Alius
2458 2770 2606 2823 locus
2633 2778 2851 2823 vocatus
2871 2777 2952 2822 est
2980 2767 3098 2821 Pax
3117 2766 3237 2821 Dei.
3268 2768 3486 2836 Quando
3507 2770 3747 2828 cheoni
3771 2792 3872 2846 ap-

2277 2863 2452 2930 paruit
2474 2862 2694 2931 angelus
2727 2861 2841 2925 Dei,
2872 2875 2934 2913 ac
2956 2869 3099 2913 metu
3125 2861 3396 2928 perculsus
3417 2862 3503 2916 ille
3525 2863 3696 2918 dixit:
3723 2869 3872 2924 «Heu

2276 2967 2382 3017 me,
2413 2952 2608 3005 moriar
2638 2969 2649 3003 :
2676 2952 2782 3005 vidi
2810 2951 2952 3006 enim
2978 2951 3223 3020 angelum
3256 2950 3368 3006 Dei.
3400 2953 3486 3006 Ait
3516 2953 3592 3007 illi
3623 2958 3866 3026 angelus:

2278 3042 2385 3098 Pax
2419 3043 2532 3108 tibi,
2567 3058 2634 3096 ne
2663 3044 2872 3096 timeas.
2908 3042 2974 3096 Et
2999 3042 3300 3109 aedificavit,
3332 3061 3350 3093 ι
3380 3043 3570 3113 inquit,
3599 3064 3619 3097 ‹
3650 3047 3872 3104 Gedeon

2276 3136 2465 3201 altare,
2497 3145 2551 3191 et
2579 3137 2787 3191 vocavit
2816 3137 2989 3205 ipsum
3015 3136 3122 3190 Pax
3156 3136 3248 3190 Dei
3283 3156 3301 3188 ι
3330 3136 3540 3207 (Judic.
3570 3139 3624 3194 6.
3655 3140 3870 3213 2212s).

2277 3227 2732 3296 Quemadmodum
2766 3241 2892 3297 ergo
2930 3242 3042 3293 ara,
3087 3227 3198 3280 sive
3223 3227 3392 3281 altare
3422 3243 3606 3297 pacem
3637 3246 3742 3285 non
3772 3233 3869 3286 ha-

2275 3322 2410 3389 buit,
2464 3321 2557 3376 sed
2609 3321 2753 3375 initae
2803 3329 2856 3375 et
2898 3320 3037 3374 data:
3079 3319 3220 3388 pacis
3269 3321 3569 3390 symbolum
3605 3333 3768 3388 erat;
3807 3339 3872 3379 ac

2277 3413 2724 3484 quemadmodum
2780 3426 2917 3481 aqua
2963 3411 3437 3465 contradictionem
3485 3428 3591 3464 non
3651 3413 3868 3477 habuit,

2276 3506 2368 3561 sed
2397 3521 2461 3559 ex
2485 3520 2570 3566 eo,
2600 3503 2741 3574 quod
2771 3505 2840 3558 ibi
2873 3513 3144 3566 evenerat,
3169 3504 3246 3557 sic
3265 3503 3526 3572 appellata
3555 3513 3638 3558 est
3665 3523 3679 3559 :
3715 3506 3786 3559 ita
3813 3516 3871 3561 et

2277 3597 2476 3666 lignum
2509 3611 2611 3649 non
2639 3595 2918 3649 scientiam
2952 3593 3132 3647 habuit
3154 3634 3168 3656 ,
3198 3593 3289 3648 sed
3318 3595 3440 3664 quia
3471 3596 3714 3666 quisquis
3741 3613 3871 3668 pec-

2277 3698 2382 3755 cat,
2412 3690 2464 3742 in
2496 3689 2739 3741 notitiam
2768 3687 2967 3756 peccati
3011 3686 3173 3740 venit.
3203 3685 3258 3741 ld
3289 3685 3429 3756 quod
3462 3689 3652 3742 iterum
3685 3705 3866 3744 exemo

2280 3782 2366 3850 plo
2391 3779 2652 3834 confirmo
2686 3795 2698 3831 :
2743 3779 3007 3834 interdum
3054 3794 3150 3849 per
3189 3779 3304 3833 loca
3342 3780 3634 3834 latrociniis
3678 3781 3871 3836 infesta

2282 3874 2611 3935 transimus;
2667 3870 2717 3924 in
2765 3885 3020 3940 moreque
3062 3879 3143 3925 est
3187 3869 3371 3925 dicere
3405 3889 3416 3923 :
3451 3870 3575 3925 Hazc
3609 3871 3726 3926 loca
3767 3883 3873 3927 tre-

2281 3963 2471 4018 menda
2503 3972 2646 4016 sunt.
2674 3963 2753 4016 An
2782 3961 2931 4014 locus
2961 3963 3073 4030 ipse
3104 3959 3442 4015 formidinem
3473 3960 3872 4016 habetinonnc

2283 4057 2456 4125 potius
2485 4054 2598 4108 haec
2634 4053 2883 4107 dicuntur
2919 4053 3182 4106 latronum
3220 4051 3288 4106 ibi
3318 4052 3643 4106 versantium
3673 4053 3872 4105 causa?

2279 4148 2366 4202 Sic
2403 4145 2565 4200 arbor
2597 4145 2684 4199 illa
2715 4159 2817 4197 non
2847 4143 3178 4197 mortiferam
3208 4141 3485 4196 scientiam
3517 4141 3704 4197 habuit
3730 4183 3744 4205 ,
3775 4142 3872 4195 sed

2281 4241 2350 4293 ob
2378 4239 2612 4293 habitam
2641 4238 2747 4291 illic
2768 4236 2909 4291 circa
2927 4234 3186 4288 Adamum
3217 4231 3548 4301 tragoediam,
3567 4231 3669 4285 hoc
3681 4246 3872 4285 conse-

2281 4341 2443 4402 quuta
2473 4345 2668 4384 nomen
2699 4337 2800 4382 est.
2823 4327 2960 4381 Rem
2986 4332 3164 4379 autem
3196 4325 3348 4377 solvo
3374 4340 3386 4375 :
3418 4338 3591 4392 neque
3616 4323 3763 4377 enim
3791 4322 3872 4376 di-

2283 4427 2404 4478 vina
2437 4424 2711 4491 Scriptura
2737 4422 2787 4474 in
2811 4419 2973 4474 dubio
3003 4426 3268 4472 versatur.
3298 4414 3470 4471 Hodie
3496 4414 3756 4469 habemus
3791 4415 3872 4469 al-

2284 4528 2416 4582 tare,
2445 4516 2597 4584 cujus
2625 4514 2910 4583 participes
2940 4518 3060 4566 sunt
3100 4509 3304 4564 fideles.
3342 4508 3478 4563 Num
3517 4523 3646 4578 ergo
3672 4509 3870 4564 donum

2284 4613 2455 4679 ipsum
2501 4607 2798 4662 naturalem
2845 4605 2946 4659 fert
2982 4605 3209 4658 salutem
3236 4644 3251 4667 ,
3278 4618 3344 4656 an
3374 4611 3591 4672 propter
3623 4603 3867 4670 majesta-

2287 4717 2412 4771 tem,
2443 4722 2560 4775 qure
2589 4705 2889 4765 invocatur,
2936 4702 3128 4770 pignus
3175 4699 3339 4752 habes
3380 4713 3448 4751 ex
3494 4697 3865 4766 praesentibus,

2286 4817 2352 4854 ne
2377 4798 2587 4853 dubites
2603 4796 2668 4850 de
2691 4796 2754 4850 iis
2775 4810 2892 4864 qua:
2922 4790 3350 4861 prmcesserunt?
3377 4788 3487 4842 Illic
3517 4803 3642 4842 esca
3675 4789 3705 4842 lc
3728 4789 3876 4848 talis,

2289 4891 2374 4944 hic
2403 4889 2552 4943 cibus
2577 4888 2871 4940 viviticans.
2901 4884 2956 4938 Si
2983 4883 3083 4936 hoc
3111 4891 3297 4934 natura
3322 4889 3523 4941 servat,
3553 4893 3661 4931 non
3684 4878 3877 4945 gratia,

2289 4981 2414 5035 illud
2443 4981 2603 5034 etiam
2635 4987 2818 5030 natura
2847 4973 3062 5037 occidit,
3095 4987 3200 5025 non
3229 4967 3879 5038 transgressiouc.05ten-

2292 5071 2413 5124 dam
2447 5070 2538 5123 tibi
2570 5079 2726 5122 extra
2762 5064 3062 5134 paradisum
3091 5062 3266 5114 cibum
3300 5059 3460 5111 alium
3498 5057 3829 5110 mortiferum
3856 5094 3869 5115 ,

2291 5161 2640 5216 idololatriam
2671 5170 2883 5222 nempe.
2915 5153 3023 5206 Cur
3047 5157 3358 5204 recusarunt
3391 5155 3655 5218 martyres
3685 5159 3877 5200 carnes

2290 5249 2570 5307 comedere
2597 5249 2619 5300 ?
2647 5263 2742 5299 cur
2770 5246 2932 5300 cdere
2961 5242 3268 5298 metuebant
3295 5240 3317 5292 ?
3344 5255 3410 5292 an
3445 5238 3641 5290 mortui
3670 5247 3875 5294 essent.

2292 5346 2333 5399 si
2390 5339 2794 5398 comedissent?
2845 5335 3189 5405 Nequaquam
3239 5349 3251 5383 :
3300 5330 3393 5384 sed
3444 5322 3565 5397 quia
3613 5325 3876 5380 idolorum

2292 5436 2489 5491 mentio
2518 5442 2633 5486 erat
2655 5473 2667 5495 ,
2700 5446 2802 5482 non
2835 5442 3012 5482 escam
3059 5423 3349 5494 fugiebant,
3392 5418 3483 5474 Sed
3511 5417 3876 5471 exsecrando-

2293 5543 2407 5582 rum
2425 5525 2831 5579 invocationem.
2846 5519 2934 5575 Sic
2952 5528 3075 5572 nota
3094 5523 3207 5570 erat
3235 5512 3392 5566 arbor
3413 5508 3650 5562 scientias
3679 5505 3802 5559 boni
3824 5513 3879 5560 et

2294 5617 2440 5682 mali,
2468 5633 2573 5669 non
2600 5615 2877 5670 scientiam
2901 5609 3166 5681 praebens,
3196 5602 3290 5658 sed
3314 5615 3430 5656 eam
3474 5614 3542 5652 ex
3571 5607 3877 5667 transgres-

2293 5712 2444 5765 sione
2490 5708 2709 5762 docens.
2749 5705 2974 5774 Semper
3015 5699 3156 5755 enim
3183 5689 3505 5762 experientia
3535 5688 3879 5758 insipientem

2296 5804 2450 5859 docet
2480 5800 2673 5856 malam
2702 5813 2814 5853 rem
2840 5808 2960 5852 esse
2988 5785 3487 5859 transgressionem.
3519 5781 3754 5836 Rursum
3774 5776 3879 5834 alia
