4158 6320
289 400 392 454 487

296 497 523 572 γυναικί
538 512 550 525 ·
581 494 664 560 Τί,
695 494 783 547 ὅτι
807 492 975 572 εἶπεν
997 489 1140 560 ὑμῖν
1221 486 1365 553 Θεὸς
1385 486 1472 572 μὴ
1499 483 1729 572 φαγεῖν.
1743 481 1863 536 ἀπὸ

296 561 510 645 ,παντὸς
537 579 766 642 ξύλου;
806 571 960 637 Εἶδες
984 573 1076 625 τὸν
1101 570 1344 640 ψεύστην
1368 586 1384 635 ;
1429 569 1487 622 '0
1520 567 1652 629 Θεὸς
1678 561 1860 618 εἶπενο

309 664 429 718 Ἀπὸ
450 661 649 723 παντὸς
680 659 834 724 ξύλου
864 655 1126 727 φάγεσθε,
1151 654 1258 708 ἀπὸ
1287 654 1330 706 δ’
1359 652 1475 716 ἐνὸς
1513 651 1586 721 μὴ
1615 649 1825 720 φάγητε
1849 664 1863 680 ο

295 749 322 801 ὸ
349 746 583 815 ψεύστης
622 743 803 810 λέγει⁸ο
845 740 943 793 Διά
979 739 1032 791 τί
1063 733 1215 792 εἶπεν
1256 738 1283 789 6
1315 735 1467 797 Θεὸς,
1526 733 1634 815 ἀπὸ
1668 730 1869 815 παντὸς

302 812 450 894 ξύλου
485 812 558 897 μή
590 827 784 894 φαγεῖν
810 824 988 893 ὑμᾶς;
1019 819 1109 891 Μὴ
1133 818 1389 888 ψεύδεται
1426 817 1460 886 ή
1494 814 1586 868 τοῦ
1632 812 1868 886 Χριστοῦ

299 911 440 980 φωνή
463 925 477 939 ⁸
507 907 766 971 Ἐκεῖνος
795 906 1073 974 ψεύστης
1115 903 1308 954 ἐστίν.
1345 897 1748 980 Ἐψεύ’σατοδέ,
1777 897 1871 980 καὶ

297 979 448 1046 τοῦτο
479 990 694 1053 δεινῶςε
747 991 915 1042 Ὅταν
945 986 1054 1058 γάρ
1084 1002 1168 1048 τις
1220 983 1349 1054 θέλῃ
1398 979 1870 1052 κακοηθεύσασθαι

299 1079 544 1148 πρᾶγμα,
577 1076 657 1136 είς
689 1071 876 1142 χρείαν
899 1079 919 1100 ⁸
947 1070 1328 1139 προσποιεῖται
1361 1065 1604 1148 ἄγνοιαν,
1652 1063 1738 1116 ἵνα
1762 1062 1871 1148 ’ἀν-

299 1139 530 1211 ὕποπτον
552 1139 822 1226 εἰσαγάγῃ
841 1153 942 1222 τὴν
969 1150 1289 1220 σκαιωρίαν,
1318 1148 1437 1200 ἀντὶ
1458 1145 1574 1226 τοῦ.
1608 1145 1719 1198 Ούκ
1736 1139 1871 1206 οῖδα,

299 1242 475 1311 φησιν,
533 1239 633 1291 οὐκ
682 1225 800 1289 ἐστι
841 1234 1189 1303 κατασκευή·
1252 1229 1457 1293 ἁπλοῦς
1511 1225 1874 1311 ἦλθον,ῗούδέν

298 1310 426 1377 οἶδα.
449 1322 565 1374 Οὐκ
593 1317 918 1389 ἐπειράθητε
947 1315 1206 1368 τοιούτων
1250 1312 1488 1376 πολλῶν;
1524 1311 1624 1364 οὐκ
1657 1310 1875 1379 οἴδαμεν

298 1405 400 1458 τῶν
425 1403 610 1458 δολίων
643 1401 709 1455 16
730 1400 866 1470 ἔργα
887 1415 904 1463 ς
933 1397 1157 1450 τοιαῦτα
1182 1395 1242 1449 06
1266 1395 1535 1466 ῥάπτουσι
1554 1393 1873 1462 πράγματα,

297 1489 388 1543 καὶ
417 1483 842 1557 προσποιοῦνται
872 1481 1094 1549 ἄγνοιαν
1115 1497 1129 1544 ;
1152 1478 1308 1532 Οὕτω
1331 1477 1424 1529 καὶ
1453 1478 1480 1529 6
1512 1475 1776 1539 διάϐολος
1819 1475 1879 1528 Τί

298 1571 383 1624 ὅτι
412 1570 562 1633 εἷπε,
592 1569 776 1638 φησὶν,
804 1565 946 1635 ὑμῖν
972 1567 1004 1619 ὀ
1031 1563 1207 1628 Θεός;
1240 1562 1360 1615 ἀντὶ
1385 1559 1499 1623 τοῦ,
1525 1559 1877 1629 Παρήκουσα,

298 1655 355 1706 ού
378 1652 552 1714 καλῶς
587 1652 814 1722 ήκουσα,
844 1648 919 1718 μὴ
945 1649 1142 1716 φαγεῖν
1171 1647 1315 1716 ὑμᾶς
1339 1643 1448 1697 ἀπὸ
1480 1643 1678 1706 παντὸς
1698 1643 1873 1706 ξύλου.

309 1737 370 1789 Ἦ
387 1735 523 1806 γυνὴ
555 1735 822 1804 νομίσασα
848 1732 1065 1800 ἄγνοιαν
1090 1726 1250 1792 εἶναι,
1269 1727 1574 1800 διορθοῦται
1591 1727 1688 1796 τὴν
1713 1725 1875 1790 λέξιν.

300 1819 406 1888 Οὐχ
433 1816 598 1880 οὕτω,
631 1817 816 1886 φησὶν,
852 1811 1005 1867 εἶπεν
1029 1829 1042 1843 ·
1075 1815 1175 1866 οὐκ
1205 1807 1359 1864 εἶπεν
1395 1811 1424 1862 6
1469 1811 1601 1873 Θεὸς
1621 1849 1635 1872 ,
1672 1809 1747 1879 μὴ
1779 1824 1880 1876 φαο

299 1904 410 1970 γεῖν
436 1900 543 1954 ἀπὸ
580 1899 778 1962 παντὸς
809 1897 990 1964 ξύλου,
1045 1896 1159 1950 ἀλλ’
1207 1894 1315 1948 ἀπὸ
1352 1893 1551 1957 παντὸς
1589 1895 1687 1964 μὲν
1724 1891 1879 1958 ξύλου

301 1983 615 2054 ἐπέτρεψεν,
653 1983 762 2035 ἀπὸ
789 1982 844 2034 δὲ
874 1980 992 2042 ἐνὸς
1042 1977 1313 2031 ἐκώλυσεν
1340 1993 1352 2007 ⁸
1409 1973 1530 2030 εἷπε
1568 1977 1675 2048 γὰρ
1711 1977 1841 2048 ήμῖν
1862 1992 1876 2006 ⁶

301 2069 388 2139 Μή
429 2068 664 2137 φάγητε,
702 2065 791 2116 ἵνα
823 2063 896 2134 μὴ
930 2060 1260 2131 ἀποθάνητε.
1298 2059 1484 2124 Ἔδοξε
1532 2059 1824 2130 μανθάνειν
1851 2057 1881 2111 6

301 2151 398 2203 οὐκ
424 2150 541 2220 ᾔδει
564 2165 577 2178 ·
608 2147 794 2200 λοιπὸν
825 2147 921 2215 ούχ
956 2143 1309 2198 ὑπωπτεύετο
1353 2145 1428 2207 ὡς
1457 2143 1880 2211 ἐγκατάσκευος,

301 2233 391 2286 καὶ
425 2232 572 2300 λέγει
597 2232 733 2301 αὐτῇ
758 2247 769 2258 ·
805 2231 886 2282 Οὐ
913 2226 1147 2292 θανάτῳ
1170 2227 1588 2282 ἀποθανεῖσθε.
1624 2225 1732 2278 Ἴδε
1758 2224 1884 2278 ἀλλο

299 2315 511 2384 ψεῦδος.
539 2313 710 2365 Τοῦτο
739 2313 849 2383 γὰρ
885 2310 1016 2364 Θεοῦ
1049 2311 1314 2374 εἰπόντος,
1341 2305 1416 2383 ’ᾙ
1444 2309 1520 2363 ἂν
1548 2307 1736 2378 ἡμέρᾳ
1767 2307 1880 2376 φά-

302 2414 462 2466 τητε,
504 2395 735 2460 θανάτῳ
758 2394 1180 2459 ἀποθανεῖσθε,
1213 2393 1360 2462 λέγει
1394 2395 1422 2446 6
1454 2392 1718 2454 διάϐολος,
1759 2393 1882 2444 Οὐκ

301 2478 698 2534 ἀποθανεῖσθε
719 2495 732 2508 ο
766 2476 924 2529 τοῦτο
964 2477 1214 2548 δεύτερον
1253 2475 1540 2545 ἐψεύσατο.
1571 2474 1738 2546 ’ῌδει
1776 2472 1886 2543 γὰρ

304 2565 335 2614 ό
364 2561 531 2627 Θεὸς,
567 2562 751 2631 φησιν,
788 2559 877 2612 ὅτι
905 2553 944 2630 ᾖ
968 2558 1044 2612 ἂν
1069 2559 1257 2629 ᾑμέρᾳ
1290 2557 1536 2627 φάγητε,
1561 2558 1780 2612 ἔσεσθε
1807 2557 1888 2621 ὡς

302 2645 446 2698 θεοί.
505 2644 608 2696 Ἴδε
651 2643 833 2713 τρίτον
890 2641 1103 2710 ψεῦδος.
1171 2641 1316 2712 Ὅρα
1347 2641 1443 2711 τὴν
1483 2640 1888 2710 ἐγκατάσκευον

304 2727 501 2780 κακίαν
530 2725 624 2779 106
671 2725 941 2778 διαϐόλου.
976 2724 1117 2794 Ἤδη
1154 2723 1467 2796 προμελετᾷ
1523 2726 1887 2797 κατασπεῖραι

303 2810 379 2881 τῷ
408 2810 601 2881 κόσμῳ
633 2809 731 2879 τὴν
760 2807 987 2875 πλάνην.
1020 2809 1128 2860 Καὶ
1173 2807 1361 2878 ἐπειδὴ
1401 2807 1728 2879 ἐμελέτησεν
1752 2846 1765 2868 ,
1815 2807 1890 2869 ὡς

305 2895 585 2966 προεῖπον,
637 2889 925 2943 πολυθεῒαν
962 2888 1280 2960 ἐγεῖραιτῷ
1328 2890 1552 2960 κόσμῳ,
1606 2887 1890 2962 προλαϐὼν

305 2977 379 3041 ὡς
413 2980 472 3030 ἐν
502 2977 798 3045 διηγήματι
827 3013 840 3036 ,
881 2972 1242 3042 κατέσπειρεν
1301 2976 1381 3037 είς
1433 2974 1534 3036 τὰς
1585 2973 1756 3036 ἀκοάς
1794 2973 1893 3042 τῆς

305 3058 564 3128 γυναικὸς
602 3056 838 3127 ἔμφασιν
877 3054 972 3107 106
1012 3050 1152 3107 εἶναι
1183 3054 1414 3117 πολλοὺς
1447 3055 1624 3120 θεούς.
1669 3055 1810 3109 Ἀλλ’
1865 3057 1893 3107 ό

308 3142 406 3209 μὲν
446 3141 548 3210 τῆς
607 3141 804 3200 κακίας
855 3137 1102 3208 τεχνίτης
1155 3135 1296 3189 οὕτω
1331 3138 1770 3209 προκατέσπειρε
1794 3137 1893 3208 τὴν

304 3223 515 3276 ἔννοιαν
544 3221 652 3274 τῶν
704 3220 871 3273 θεῶν·
907 3223 936 3272 6
964 3219 1020 3271 δὲ
1068 3218 1198 3282 Θεὸς
1252 3217 1518 3289 προειδὼς
1550 3219 1890 3290 ᾠκονόμησε,

305 3305 403 3376 τὴν
433 3304 679 3374 πλάστην
706 3304 804 3374 τὴν
834 3301 1132 3372 μέλλουσαν
1157 3303 1230 3372 μὴ
1253 3301 1549 3373 λαληθῆναι
1569 3300 1894 3373 ἀνθρωπίνῳ

308 3390 560 3458 στόματι,
597 3386 748 3458 [498]
776 3386 862 3440 ἴνα
896 3385 968 3455 μὴ
994 3384 1182 3454 πρώτη
1207 3383 1398 3455 λογικὴ
1426 3383 1576 3456 φωνὴ
1610 3385 1734 3456 περὶ
1757 3383 1895 3438 θεῶν

307 3468 1040 3558 φθέγξηταιηάλλάπρῶτον
1061 3466 1233 3558 στόμα
1256 3467 1463 3558 όφεως,
1482 3468 1568 3520 ἵνα
1587 3469 1696 3521 πᾶν
1723 3467 1896 3537 στόμα

305 3552 507 3606 λαλοῦν
531 3553 660 3622 περὶ
699 3549 934 3603 είδώλὼν
973 3549 1052 3618 τῷ
1084 3551 1312 3619 στόματι
1347 3549 1557 3603 ἐκείνου
1586 3550 1896 3622 ἀπεικάζη-

305 3652 414 3689 ται.
451 3630 583 3687 Οῖδα
615 3635 694 3686 ὅτι
743 3634 834 3685 καὶ
881 3634 948 3702 τῇ
990 3635 1139 3702 φωνῇ
1192 3631 1628 3699 συγγινώσκετε,
1673 3633 1767 3684 καὶ
1798 3633 1896 3697 τάς

306 3719 518 3780 ἐννοίας
549 3715 647 3779 τάς
679 3716 840 3783 άγίας
863 3715 971 3768 τῶν
1002 3715 1041 3766 Γ
1045 3714 1236 3785 ραφῶν
1259 3715 1556 3786 άρπάζετε.
1583 3715 1786 3784 Μηδεὶς
1804 3711 1897 3770 οὖν

307 3803 436 3873 περὶ
470 3801 562 3853 τὸν
588 3799 798 3868 κόμπον
822 3799 920 3866 τῆς
955 3798 1138 3867 φωνῆς
1168 3797 1503 3868 ἀσχολείσθω
1528 3839 1542 3863 ,
1593 3797 1729 3851 άλλά
1766 3799 1898 3870 περὶ

307 3885 406 3955 τὴν
440 3881 552 3935 τῶν
574 3879 860 3951 νοημάτων
889 3878 1137 3949 δύναμιν.

385 3985 555 4058 ’ῌδει
583 3987 712 4053 γὰρ,
751 3984 934 4052 φησὶν,
984 3984 1015 4036 ό
1053 3983 1218 4047 Θεὸς,
1271 3981 1360 4034 ὅτι
1395 3975 1433 4052 ᾗ
1458 3981 1535 4035 ἂν
1562 3981 1753 4050 ἡμέρᾳ
1787 3982 1898 4051 φά-

309 4087 481 4140 φητε,
507 4068 725 4122 ἔσεσθε
756 4065 835 4131 ὡς
866 4065 1008 4130 θεοὶ,
1033 4065 1433 4135 γινώσκοντες
1456 4065 1645 4118 καλὸν
1666 4064 1764 4117 καὶ
1787 4079 1894 4119 πο-

308 4153 522 4222 νηρόν.
550 4153 779 4220 Λέγουσι
811 4149 1015 4212 πολλοὶ,
1058 4149 1151 4202 καὶ
1183 4148 1416 4218 μάλιστα
1441 4147 1488 4200 οἱ
1516 4147 1591 4218 τῷ
1620 4147 1899 4217 θεοστυγεῖ

309 4233 612 4307 Πορφυρίῳ
643 4232 1106 4302 ἀκολουθήσαντες
1131 4230 1208 4300 τῷ
1229 4229 1369 4284 κατά
1410 4229 1749 4300 Χριστιανῶν
1775 4246 1900 4296 συγ.

310 4319 587 4390 γράψαντι
617 4318 710 4370 καὶ
757 4316 850 4368 τοῦ
892 4315 1034 4368 θείου
1070 4314 1338 4384 δόγματος
1381 4312 1605 4376 πολλοὺς
1659 4313 1899 4383 ἀποστήο

310 4419 466 4456 σαντι
495 4418 508 4431 ·
550 4401 769 4467 λέγουσι
807 4398 986 4451 τοίνυν
1013 4414 1024 4426 ·
1059 4397 1159 4448 Διά
1208 4396 1260 4448 τί
1302 4399 1329 4449 ό
1383 4395 1514 4459 Θεὸς
1552 4396 1898 4467 ἀπηγόρευσε

307 4485 407 4553 τὴν
429 4483 634 4552 γνῶσιν
662 4480 754 4535 τοῦ
787 4481 950 4535 καλοῦ
983 4482 1074 4532 καὶ
1105 4479 1338 4550 πονηροῦ
1366 4496 1378 4544 ;
1405 4481 1609 4542 Ἔστω,
1641 4480 1702 4532 τὸ
1731 4497 1898 4552 πονη-

312 4566 403 4636 ρὸν
458 4568 840 4634 ἀπηγόρευσε·
877 4563 963 4615 διὰ
992 4563 1043 4614 τί
1078 4564 1171 4614 καὶ
1212 4562 1270 4614 τὸ
1306 4563 1498 4628 καλόν;
1556 4562 1737 4614 Εἰπὼν
1768 4563 1895 4634 γὰρ,

319 4646 458 4700 Ἀπὸ
493 4647 599 4699 τοῦ
637 4645 826 4710 ξύλου
869 4643 976 4697 τοῦ
1005 4643 1224 4697 εἰδέναι
1270 4643 1461 4697 καλὸν
1490 4644 1586 4696 καὶ
1633 4645 1900 4711 πονηρὸν

304 4731 392 4802 μὴ
445 4728 695 4798 φάγητε,
738 4726 956 4790 κωλύει,
1020 4729 1203 4798 φησὶν,
1255 4726 1418 4779 αὑτὸν
1469 4727 1561 4779 τοῦ
1604 4727 1798 4780 εἰδέναι
1840 4729 1900 4781 τὸ

309 4813 520 4868 κακῶν
548 4811 636 4862 616
661 4811 713 4863 τί
744 4812 837 4863 καὶ
861 4811 921 4862 τὸ
953 4809 1186 4876 ἀγαθόν;
1232 4810 1342 4861 Ἀεὶ
1369 4811 1401 4879 ή
1433 4808 1595 4861 κακία
1625 4809 1747 4861 καθ’
1775 4811 1900 4863 ἐαυ-

309 4897 409 4966 τῆς
439 4893 781 4962 τεχνάζεται,
807 4895 900 4945 καὶ
938 4892 1036 4955 τὰς
1071 4892 1240 4954 λαϐὰς
1271 4892 1392 4944 καθ’
1433 4893 1627 4962 ἑαυτῆς
1664 4892 1897 4947 δίδωσιν.

310 4981 386 5034 Οὐ
429 4979 531 5048 τὴν
556 4977 756 5044 γνῶσιν
791 4975 1059 5028 ἐκώλυσεν
1093 4976 1120 5026 ὁ
1145 4975 1275 5038 Θεὸς
1304 4974 1394 5028 τοῦ
1422 4975 1585 5028 καλοῦ
1611 4993 1620 5002 ·
1656 4971 1765 5045 εἶχε
1793 4977 1899 5048 γὰρ

311 5061 487 5132 αὐτὴν
523 5060 551 5111 ὁ
596 5058 789 5126 Ἀδὰμ,
817 5061 908 5109 καὶ
936 5059 1039 5128 πρὸ
1066 5058 1158 5110 τοῦ
1198 5061 1411 5124 φαγεῖν.
1450 5059 1512 5110 Εί
1551 5059 1658 5128 γάρ
1685 5058 1758 5128 μὴ
1789 5057 1900 5128 εἶχε

309 5145 543 5214 γνῶσιν.
585 5141 703 5203 πῶς
723 5139 978 5208 γνωρίζει
1003 5141 1098 5211 τὴν
1135 5145 1399 5208 γυναῖκα;
1429 5141 1545 5204 πῶς
1570 5143 1898 5209 φυσιολογεῖ,

324 5224 580 5280 Ὀστοῦν
599 5224 666 5276 ἐκ
694 5220 810 5274 τῶν
840 5221 1036 5274 ὀστῶν
1046 5240 1186 5290 μου,
1217 5223 1312 5275 καὶ
1338 5223 1494 5291 σὰρξ
1518 5224 1584 5275 ἐκ
1615 5224 1723 5291 τῆς
1759 5240 1902 5291 σαρ-

311 5314 422 5377 κός
439 5327 561 5379 μου
586 5325 604 5372 ;
642 5304 756 5367 πῶς
782 5304 836 5357 δι
865 5305 958 5355 καὶ
981 5307 1313 5374 προφητεύει
1338 5306 1404 5358 τὰ
1440 5306 1717 5374 μέλλοντα,
1739 5308 1900 5373 Αῦτη

313 5391 689 5461 κληθήσεται
718 5387 891 5458 γυνὴ,
927 5387 1012 5438 ὅτι
1036 5388 1102 5439 ἐκ
1134 5389 1240 5442 τοῦ
1273 5389 1492 5457 ἀνδρὸς
1529 5388 1719 5455 αὐτῆς
1761 5390 1902 5455 ἐ.ίή-

311 5480 457 5545 φθη.
507 5473 652 5526 Ἀντί
682 5471 893 5524 τούτου
925 5473 1274 5537 καταλείψει
1307 5470 1615 5539 ἅνθρωπος
1653 5472 1758 5524 τὸν
1791 5489 1902 5525 πα-

377 5626 404 5653 “
432 5622 577 5672 Nola!
619 5622 666 5684 i1}
695 5633 846 5681 marg.
874 5618 1020 5667 Savil.
1057 5617 1318 5684 ngvpdum
1346 5630 1477 5684 esse,
1516 5621 1544 5675 ἢ
1571 5620 1729 5684 χρείαν
1752 5637 1900 5684 προσ-

311 5684 596 5742 ποιεῖται,ἢ
640 5679 848 5742 ἄγνοιαν,
890 5693 1030 5741 quam
1057 5679 1337 5742 lectionem
1379 5682 1427 5726 in
1477 5679 1667 5728 lexiiim
1707 5679 1897 5731 invéxil

311 5740 576 5798 Combells.
609 5740 706 5790 Νοε
729 5744 779 5791 in
803 5740 982 5806 (ἐτεθείε
1005 5740 1121 5786 nihil
1149 5745 1414 5806 mplan1es,
1441 5743 1574 5790 illam
1605 5749 1765 5792 tamen
1791 5744 1895 5793 icc-

316 5817 507 5859 UOIICIII
529 5808 579 5856 in
616 5805 847 5854 versione
872 5802 1042 5853 Latina
1063 5802 1333 5862 sequimur.

1337 369 1424 424 DE
1461 365 1673 422 MUNDI
1713 359 2108 418 CREATlONE
2142 357 2401 414 ORATIO
2433 356 2518 410 Ἥ.

1968 480 2106 547 τέρα
2125 475 2312 531 αὑτοῦ
2336 475 2434 528 καὶ
2463 473 2574 540 τὴν
2595 469 2842 540 μητέρα,
2877 465 2972 519 καὶ
2995 463 3061 547 16
3087 461 3250 547 λοιπά
3273 475 3287 522 ;
3313 456 3556 547 τοσαῦτα

1969 539 2097 622 οἵδε,
2133 561 2226 613 καὶ⁴
2257 560 2356 611 οὑκ
2386 539 2823 626 15611161101166;
2876 547 2978 600 Τὸν
3016 541 3284 626 Θεδνῇδει
3307 578 3324 604 ,
3360 539 3552 626 16.106

1969 621 2105 698 Θεοῦ
2140 644 2348 712 ἐτήρει,
2372 621 2571 707 γνῶσιν
2601 630 2762 704 εἶχεν,
2783 624 3274 712 ὀνόματα-ἐπέθηκε
3294 621 3548 712 τοσαῦτα·

3425 342 3540 401 488

1977 725 2093 787 πῶς
2121 703 2362 792 οὑκ-εἶχε
2385 703 2594 788 ’γνῶσιν
2630 703 2835 779 καλοῦ;
2877 712 2941 764 Τί
2990 705 3081 763 οὖν
3115 710 3296 773 ἐστιν;
3338 707 3412 760 Ού
3444 703 3554 792 τὴν

1971 783 2170 877 γνώσιν
2199 783 2454 858 κωλύει-ό
2487 801 2618 864 Θεὸς
2643 796 2737 851 τοῦ
2764 791 3115 877 καλοῦηάλλά
3144 790 3286 877 θέλει
3314 789 3387 877 μὴ
3415 783 3554 877 εῖναι

1975 870 2115 960 μετά
2142 887 2235 940 τοῦ
2267 883 2471 955 ἀγαθοῦ
2507 885 2606 952 τὴν
2638 881 2835 951 γνῶσιν
2859 874 2977 960 ,τοῦ
3031 872 3378 960 κακοῦἾᾼύω
3406 870 3467 960 δὲ
3495 870 3555 960 τὸ

1976 952 2215 1040 σόφισμα
2250 952 2348 1038 τῆς
2381 965 2634 1027 ἀσεϐείας
2664 962 2769 1017 ἀπὸ
2799 959 2906 1013 τῶν
2941 953 3376 1040 Γραφῶν.Λέγει
3406 952 3557 1040 Παῦ-

1973 1039 2064 1119 λος
2086 1073 2099 1086 ο
2127 1039 2209 1109 Ού
2241 1054 2506 1107 δύνασθε
2535 1047 2821 1116 ποτήριον
2849 1043 3070 1112 Κυρίου
3098 1039 3274 1099 πιεῖν,
3321 1039 3417 1091 καὶ
3453 1049 3556 1089 πο-

1975 1136 2182 1206 τήριον
2207 1136 2547 1205 δαιμονίων.
2583 1133 2654 1184 06
2685 1131 2751 1183 τὰ
2780 1128 2872 1182 δύο
2894 1125 3184 1187 ἐκώλυσεν,
3215 1121 3330 1206 ἀλλῖ
3358 1120 3557 1206 ή-γίασε

1981 1203 2079 1290 μέξ,
2125 1220 2186 1273 τὸ
2215 1203 2391 1286 ἆγιήον,
2423 1214 2693 1288 ἀπέρριψε
2744 1213 2799 1264 δὲ
2840 1210 2901 1264 τὸ
2929 1206 3256 1290 ὲναγέςῖκα)¹
3311 1203 3555 1290 βέϐηλον.

1979 1285 2134 1357 Οὕτω
2155 1303 2247 1355 καὶ
2266 1285 2302 1353 ό
2321 1285 2545 1369 Σωτήρλ
2574 1285 2658 1350 Οὐ
2681 1295 2945 1349 δύνασθε
2973 1289 3096 1356 Θεῷ
3123 1289 3434 1342 δουλεύειν
3459 1285 3558 1340 καὶ

1972 1384 2255 1458 μαμωνᾷ·
2305 1383 2447 1437 κατὰ
2485 1384 2546 1435 τὸ
2576 1380 2707 1435 αὕτὸ
2737 1380 2831 1432 καὶ
2865 1376 2985 1445 Θεῷ
3006 1373 3273 1458 δουλεύειν
3307 1371 3400 1425 καὶ
3440 1369 3565 1458 6011-

1983 1454 2104 1543 μονι
2137 1469 2415 1523 ἀδύνατον.
2447 1467 2632 1528 Οὕτως
2653 1468 2680 1517 ό
2719 1463 2850 1526 Θεὸς
2883 1459 3124 1543 ἐκώλυσε
3156 1454 3562 1543 λαϐεῖν-γνώσιν

1979 1537 2072 1606 τοῦ
2101 1551 2360 1621 πονηροῦ,
2391 1551 2476 1603 ἵνα
2503 1548 2578 1619 μὴ
2605 1546 2830 1618 μιγῆται
2863 1543 3001 1614 μετά
3028 1538 3358 1608 τοῦάγαθοῦ
3399 1538 3492 1590 καὶ
3529 1537 3564 1606 ἡ

1981 1636 2182 1705 γνῶσις
2213 1634 2305 1686 τοῦ
2332 1632 2523 1686 κακοῦ.

2052 1742 2115 1794 δ’.
2130 1741 2330 1794 Λοιπὸν
2348 1738 2578 1794 ἐνταῦθα
2593 1735 2966 1807 προσέχωμεν.
2992 1731 3088 1784 Διά
3110 1731 3160 1784 τί
3181 1731 3236 1783 δέ
3257 1729 3392 1792 ὃλως
3407 1727 3567 1807 ἐκλή-

1982 1824 2048 1894 θη
2067 1823 2222 1890 ξύλον
2236 1822 2475 1890 γνωστὸν
2498 1805 2661 1872 καλοῦ
2681 1821 2773 1871 καὶ
2793 1815 3030 1887 πονηροῦ
3049 1832 3061 1879 ;
3080 1813 3158 1869 06
3180 1811 3432 1881 τοιαύτην
3452 1805 3565 1878 εἶχε

1983 1907 2164 1975 φύσιν,
2199 1905 2335 1959 ἀλλά
2363 1904 2618 1973 τοιαύτην
2677 1903 2909 1972 ἤνεγκεν
2947 1899 3224 1959 ὑπόθεσιν,
3265 1896 3324 1950 τὸ
3372 1895 3566 1964 ίδίωμα

1982 1989 2088 2042 τῶν
2117 1987 2346 2058 Γραφῶν
2368 1987 2527 2055 λέγω.
2552 1981 2675 2039 Οἶόν
2697 2002 2748 2038 τι
2773 1985 2916 2052 λέγω
2938 2000 2949 2012 ·
2975 1981 3176 2052 ἐκλήθη
3202 1983 3257 2033 ἐν
3285 1981 3351 2050 τῇ
3375 1978 3567 2048 ἐρήμῳ

1987 2074 2086 2144 μία
2127 2072 2276 2143 πηγὴ
2315 2072 2506 2134 ὕδατος
2537 2070 2682 2140 ὕδωρ
2711 2068 3016 2137 ἀντιλογίας
3040 2085 3054 2098 ·
3109 2061 3568 2144 Ἑδοκίμασά-σε

1983 2142 2082 2212 ἐπὶ
2104 2142 2322 2222 ὕδατος
2341 2157 2710 2223 ἀντιλογίας.
2737 2149 2883 2224 τΑρα
2908 2152 2967 2204 τὸ
2995 2151 3140 2222 ὕδωρ
3167 2148 3420 2218 τοιαύτην
3453 2142 3566 2220 εἶχε

1985 2243 2164 2309 φύσιν,
2194 2240 2268 2303 ὼς
2297 2242 2376 2301 είς
2402 2237 2710 2306 ἀντιλογίαν
2742 2238 2926 2308 φέρειν
2965 2236 3054 2288 τὸν
3083 2234 3210 2287 λαόν
3234 2251 3248 2296 ς
3286 2231 3374 2285 διὰ
3398 2231 3449 2283 τί
3476 2226 3568 2284 οὕν

1986 2324 2225 2392 Μωῦσῆς
2261 2321 2399 2375 πιὼν
2457 2323 2555 2374 οὑκ
2605 2323 2824 2374 ἀντεῖπε
2869 2319 2947 2389 τῷ
3000 2317 3152 2387 Θεῷ;
3209 2318 3417 2385 ’Ὠσπερ
3475 2310 3569 2368 οὖν

1986 2406 2186 2476 ἐκλήθη
2218 2406 2277 2457 τὸ
2303 2405 2445 2475 ὕδωρ
2473 2404 2781 2471 ἀντιλογίας
2816 2401 2978 2473 ὕδωρ,
3015 2401 3075 2452 ού
3118 2399 3276 2468 φύσιν
3309 2398 3429 2468 ἔχον
3460 2415 3571 2450 τοι-

1987 2490 2178 2561 αύτην,
2213 2489 2458 2543 6116616
2499 2489 2596 2558 τὴν
2631 2487 2718 2540 ἐπ’
2763 2485 2912 2556 αὐτῷ
2950 2485 3252 2556 γενομένην
3294 2483 3567 2536 ὑπόθεσιν.

2001 2575 2221 2647 Ἐπειδὴ
2249 2575 2357 2645 γὰρ
2385 2573 2501 2626 ἐκεῖ
2533 2573 2783 2624 ἀντεῖπεν
2803 2572 2830 2623 6
2862 2569 3009 2632 λαὸς,
3073 2568 3160 2622 διὰ
3185 2566 3342 2620 τοῦτο
3369 2565 3570 2637 ἐκλήθη

1991 2657 2133 2729 ὕδωρ
2162 2655 2489 2724 ἀντιλογίας.
2528 2655 2697 2708 Πάλιν
2736 2648 2874 2707 εἶδεν
2923 2649 3116 2705 Ἰακὼϐ
3163 2650 3252 2704 τὸν
3290 2650 3421 2703 Θεὸν
3447 2689 3460 2709 ,
3495 2650 3572 2714 ὡς

1995 2739 2124 2792 ίδεῖν
2150 2737 2424 2810 ἀνθρώπῳ
2445 2738 2687 2802 δυνατὸν,
2716 2736 2811 2790 καὶ
2840 2734 2996 2789 καλεῖ
3019 2734 3079 2787 τὸ
3100 2733 3270 2802 όνομα
3286 2731 3379 2785 τοῦ
3405 2732 3572 2785 τόπου

1991 2823 2170 2889 Εἶδος
2195 2822 2364 2877 Θεοῦ.
2409 2823 2466 2875 Ὀ
2499 2823 2661 2884 τόπος
2693 2821 2792 2874 οὐκ
2836 2813 2980 2889 εἶχεν
3014 2813 3153 2881 εἶδος
3183 2815 3338 2881 Θεοῦ,
3369 2816 3402 2887 ἢ
3437 2832 3572 2887 μορ-

1994 2907 2100 2978 φὴν
2119 2906 2275 2970 Θεοῦ,
2305 2906 2419 2959 ἀλλ’
2457 2905 2644 2976 ἐπειδὴ
2675 2905 2790 2958 ἐκεῖ
2818 2903 2966 2973 αύτῷ
3005 2905 3041 2974 ή
3070 2901 3303 2955 όπτασία
3336 2901 3571 2968 ἐγένετο,

1994 2989 2221 3043 ἐκάλεσε
2251 2989 2341 3041 τὸν
2367 2989 2528 3042 τόπον
2553 2988 2661 3042 ἀπὸ
2691 2985 2783 3040 τοῦ
2809 2985 3152 3057 πράγματος.
3193 2984 3384 3049 ’Ἄλλος
3411 2985 3578 3049 τόπος

1995 3073 2197 3145 ἐκλήθη
2221 3072 2442 3141 Εἰρήνη
2490 3071 2660 3126 Θεοῦ.
2715 3071 2844 3123 Ὅτε
2876 3069 2954 3140 τῷ
2978 3068 3183 3123 Γεδεὼν
3214 3069 3383 3141 ἐφάνη
3411 3069 3578 3138 ἄγγε-

1995 3159 2103 3223 λος,
2151 3157 2413 3227 ἐφοϐήθη,
2448 3157 2541 3209 καὶ
2583 3155 2729 3222 λέγει
2754 3171 2765 3185 ⁸
2799 3154 2995 3222 Οτμοι,
3022 3153 3201 3221 οἴμοι,
3242 3150 3577 3206 ἀποθανοῦ-

1990 3257 2096 3309 μαι
2115 3257 2128 3270 ·
2158 3238 2308 3311 1499]
2337 3234 2501 3292 εἶδον
2536 3238 2643 3307 γὰρ
2673 3234 2932 3305 ἄγγελον
2964 3234 3134 3288 Θεοῦ.
3167 3235 3335 3303 Λέγει
3357 3230 3516 3299 αὐτῷ
3543 3237 3578 3288 ὀ

1995 3325 2279 3394 ἆγγελοςυ
2317 3321 2541 3389 Εἰρήνη
2571 3336 2692 3382 σοι,
2715 3320 2801 3388 μὴ
2822 3319 3030 3386 φοϐοῦ.
3065 3318 3176 3371 Καὶ
3205 3319 3575 3387 ᾠκοδόμησε,

1997 3407 2151 3475 φησὶ,
2180 3402 2414 3458 Γεδεὼν
2450 3399 2905 3469 θυσιαστήριον,
2956 3401 3053 3454 καὶ
3098 3399 3393 3455 ἐκάλεσεν
3429 3399 3579 3455 αὐτὸ

1997 3487 2222 3556 Εἰρήνη
2264 3485 2435 3539 Θεοῦ.
2472 3485 2682 3554 ’Ὠσπερ
2711 3479 2804 3538 οὖν
2837 3485 2864 3535 6
2895 3483 3106 3553 βωμὸς,
3138 3483 3170 3552 ἢ
3201 3483 3258 3536 τὸ
3291 3483 3581 3554 θυσιαστή-

2001 3587 2135 3641 ριον,
2170 3570 2269 3622 ούκ
2307 3567 2438 3620 αὐτὸ
2494 3568 2716 3638 εἰρήνην
2773 3561 2941 3636 εἶχεν,
2993 3565 3129 3618 ἀλλὰ
3155 3567 3253 3634 τῆς
3281 3565 3581 3637 γενομένης

1999 3653 2090 3706 καὶ
2120 3652 2363 3722 δοθείσης
2411 3651 2632 3720 εἰρήνης
2678 3646 2745 3720 ἦν
2801 3647 3103 3718 σύμϐολον·
3163 3649 3255 3701 καὶ
3285 3649 3473 3720 ὥσπερ
3519 3649 3580 3701 τὸ

1999 3735 2144 3806 ὕδωρ
2181 3734 2280 3787 ούκ
2307 3726 2452 3802 εἶχεν
2485 3732 2814 3799 ἀντιλογίαν,
2851 3732 2986 3784 ἀλλά
3017 3731 3106 3784 διὰ
3155 3732 3254 3801 τήν
3311 3731 3397 3783 ἐπ’
3430 3730 3580 3801 αὐτῷ

1997 3817 2297 3888 γενομένην
2329 3817 2584 3870 ὑπόθεσιν
2608 3814 2777 3878 οὕτως
2801 3814 3002 3886 ἐκλήθη
3021 3830 3033 3843 ο
3058 3813 3199 3867 οὕτω
3221 3817 3314 3868 καὶ
3343 3815 3404 3868 τὸ
3426 3815 3580 3881 ξύλον

1998 3904 2059 3956 οὐ
2086 3902 2286 3970 γνῶσιν
2320 3898 2484 3971 εἶχεν,
2536 3899 2648 3952 ἀλλ’
2681 3898 2866 3970 ἐπειδὴ
2913 3901 3019 3961 πᾶς
3065 3900 3093 3951 6
3129 3898 3458 3970 ἁμαρτάνων
3503 3901 3582 3963 εἰς

1999 3987 2199 4055 γνῶσιν
2220 3985 2437 4056 ἔρχεται
2465 3977 2538 4036 ὧν
2567 3982 2884 4053 ἁμαρτάνει.
2921 3979 3045 4033 Οἷόν
3067 3998 3118 4032 τι
3145 3981 3307 4048 λέγω,
3337 3981 3497 4034 πάλιν
3523 3984 3581 4034 ἐν

2001 4069 2358 4138 ὑποδείγματι
2379 4086 2392 4099 ·
2413 4068 2581 4120 ἐνίοτε
2602 4065 2986 4137 παρερχόμεοα
3003 4066 3271 4130 ὁδεύοντες
3291 4066 3376 4119 διὰ
3399 4067 3580 4120 τόπων

2001 4152 2435 4226 λῃστευομένων,
2452 4149 2544 4203 καὶ
2571 4149 2690 4212 ἔθος
2715 4151 2828 4212 τοῖς
2851 4147 3157 4219 ἀνθρώποις
3183 4149 3380 4217 λέγειν,
3408 4151 3470 4205 Οἱ
3501 4152 3583 4204 τόο

2001 4253 2092 4288 ποι
2124 4235 2188 4306 δὴ
2221 4227 2364 4288 06101
2392 4233 2612 4304 φοϐεροί
2636 4235 2792 4289 εἰσιν.
2829 4229 2974 4304 τΑρα
3003 4236 3029 4286 6
3057 4233 3220 4297 τόπος
3245 4233 3356 4303 ἔχει
3385 4233 3582 4302 φόϐον;

2000 4317 2033 4386 ἦ
2065 4317 2151 4370 διὰ
2173 4318 2294 4380 τοὺς
2312 4316 2512 4388 λῃστάς
2528 4317 2764 4384 λέγουσι,
2787 4316 2909 4377 τοὺς
2932 4316 3290 4386 σχολάζοντας
3309 4319 3364 4368 ἐν
3392 4317 3583 4388 ἐκείνῳ

2001 4399 2076 4469 τῷ
2107 4399 2257 4469 τόπῳ
2283 4415 2296 4464 ;
2360 4399 2514 4451 Οὕτω
2569 4400 2660 4450 καὶ
2683 4399 2742 4450 τὸ
2765 4399 2974 4470 δένδρον
2994 4402 3168 4452 ἐκεῖνο
3195 4399 3254 4452 ού
3286 4398 3446 4468 φύσιν
3469 4395 3582 4470 εἶχε

2003 4481 2358 4536 Θανατοποιοῦ
2382 4481 2636 4550 γνώσεως
2663 4481 3014 4552 ἐργαστικὴν,
3053 4482 3166 4534 ἀλλ’
3196 4482 3302 4535 ἀπὸ
3330 4484 3429 4551 τῆς
3453 4484 3587 4552 περὶ·

2002 4566 2133 4620 αὐτὸ
2166 4565 2460 4635 γενομένης
2477 4564 2553 4632 τῷ
2598 4565 2768 4632 Ἀδὰμ
2797 4564 3101 4635 τραγῳδίας
3126 4565 3279 4617 ἔλαϐε
3302 4565 3361 4617 τὸ
3389 4565 3579 4634 ὄνομα.

2003 4647 2129 4700 Λύω
2164 4647 2218 4699 δὲ
2254 4647 2313 4699 τὸ
2350 4647 2580 4716 πρᾶγμα
2612 4648 2891 4714 συντόμως
2916 4664 2929 4677 ο
2964 4647 3023 4697 ού
3049 4646 3156 4715 γάρ
3192 4648 3387 4716 ἀπορεῖ
3408 4649 3441 4718 ἡ
3463 4647 3582 4700 θεία.

2003 4730 2217 4798 Γραφή.
2256 4729 2502 4799 Σήμερον
2528 4729 2722 4798 ἔχομεν
2747 4729 3148 4799 Θυσιαστήριον,
3174 4723 3233 4782 06
3267 4731 3583 4800 μετέχουσιν

2003 4816 2049 4866 οῖ
2083 4812 2283 4866 πιστοί.
2319 4810 2467 4882 τΑρα
2514 4811 2644 4863 αὐτὸ
2678 4811 2736 4863 τὸ
2775 4811 2946 4882 δῶρον
3001 4812 3234 4882 φυσικὴν
3265 4812 3374 4882 ἔχει
3406 4831 3582 4885 σωτη-

2007 4897 2147 4966 ρίαν,
2184 4895 2215 4963 ή
2243 4895 2329 4947 διὰ
2355 4896 2453 4963 τὴν
2483 4894 2916 4966 ἐπικαλουμένην
2960 4895 3114 4960 δόξαν
3153 4897 3294 4966 ἔχεις
3329 4897 3582 4967 ἐνέχυρον

2004 4980 2111 5032 ἀπὸ
2133 4979 2239 5031 τῶν
2267 4978 2568 5046 παρόντων,
2602 4978 2674 5047 μὴ
2710 4978 3058 5051 ἀμφιϐάλλῃς
3089 4982 3215 5050 περὶ
3250 4980 3356 5032 τῶν
3378 4983 3580 5052 προλα-

2006 5063 2238 5123 ϐόντων;
2283 5061 2432 5113 Ἐκεῖ
2459 5060 2655 5131 βρῶμα
2679 5061 3048 5122 θανατοποιὸν,
3096 5057 3196 5116 ὧδε
3228 5063 3420 5134 βρῶμα
3456 5064 3584 5127 ζωο-

2005 5144 2174 5196 ποιόν.
2207 5143 2268 5194 Εἰ
2293 5143 2449 5194 τοῦτο
2478 5144 2535 5196 τὸ
2564 5143 2756 5214 βρῶμα
2780 5145 2940 5209 σώζει
2968 5146 3145 5214 φύσει,
3174 5149 3265 5199 καὶ
3289 5148 3348 5199 οὐ
3376 5147 3579 5220 χάριεν

2004 5227 2221 5278 κάκεῖνο
2245 5227 2309 5294 τῇ
2343 5226 2499 5294 φύσει
2531 5229 2761 5296 ἀναιρεῖ,
2795 5229 2886 5280 καὶ
2917 5229 2977 5280 ού
3031 5229 3359 5300 παραϐάσει.
3414 5231 3580 5294 Δείξιιι

2006 5327 2086 5361 σοι
2117 5309 2244 5362 6110
2297 5309 2492 5379 βρῶμα
2542 5310 2644 5372 ἔξω
2691 5310 2782 5363 τοῦ
2825 5312 3151 5381 παραδείσου
3204 5312 3574 5379 θανατοποιὸν,

2001 5394 2098 5462 τὴν
2126 5392 2565 5463 εἰδωλολατρείαν
2596 5393 2754 5460 λέγω.
2802 5395 2900 5446 Διά
2948 5396 2998 5447 τί
3048 5395 3155 5464 γὰρ
3200 5398 3578 5465 παρῃτήσαντο

2002 5477 2050 5527 οἱ
2089 5476 2362 5546 μάρτυρες
2392 5481 2580 5544 φαγεῖν
2613 5477 2784 5545 κρέα;
2834 5477 2920 5529 διὰ
2954 5479 3004 5529 τί
3033 5478 3318 5546 ἐφοϐοῦντο
3345 5481 3574 5546 φαγεῖν;

2003 5554 2128 5625 ἄρα,
2163 5560 2210 5609 εἰ
2239 5558 2459 5624 ἔφαγον,
2495 5559 2870 5625 ἁπέθνησκον;
2903 5560 3163 5628 Οὐδαμῶς
3188 5577 3200 5588 ·
3243 5559 3355 5612 ἀλλ’
3391 5561 3578 5632 ἐπειδὴ

2002 5640 2356 5707 ἐπωνόμαστο
2403 5641 2510 5693 τῶν
2541 5641 2771 5694 εἰδώλων
2808 5643 2838 5711 ή
2875 5645 3082 5711 μνήμη,
3135 5641 3352 5708 ἔφυγον,
3386 5642 3447 5693 ού
3477 5643 3577 5714 τὴν

2005 5723 2226 5794 βρῶσιν,
2261 5724 2396 5776 ἀλλὰ
2420 5724 2516 5793 τὴν
2540 5724 2646 5776 τῶν
2675 5724 2883 5794 μιαρῶν
2918 5724 3218 5793 ἐπίκλησιν.
3260 5723 3416 5776 Οὕτω
3439 5741 3578 5793 γνω-

2007 5806 2127 5862 στὸν
2155 5802 2220 5877 ἦν
2250 5808 2419 5862 κακοῦ
2446 5808 2538 5864 καὶ
2565 5807 2764 5877 ἀγαθοῦ
2792 5807 2850 5860 τὸ
2870 5806 3102 5878 δένδρον,
3121 5807 3180 5860 ού
3215 5806 3412 5877 γνῶσιν
3440 5822 3589 5880 παρη
