4158 6320
611 487 756 559 ἔχον,
787 486 900 540 ἀλλ’
937 485 1045 540 ἀπὸ
1084 485 1179 557 τῆς
1226 486 1586 558 παραϐάσεως
1644 487 1892 542 διδάσκον
1938 488 2100 542 αὐτόν
2139 489 2190 541 ι’.

625 575 736 629 ’Διὶ
767 575 873 644 γάρ
909 576 942 644 ἡ
966 577 1131 644 πεῖρα
1155 573 1395 628 διδάσκει
1417 576 1507 628 τὸν
1547 576 1791 646 ἀνόητον,
1823 578 1903 629 ὅτι
1945 577 2121 631 κακὸν
2139 576 2200 629 τὸ

610 663 946 735 παραϐῆναι.
983 663 1151 715 Πάλιν
1189 662 1351 735 ἑτέρα
1396 664 1500 734 ὀδῷ
1520 664 1812 736 λυθήσεται
1844 665 1906 718 τὸ
1933 663 2202 736 ζητούμε-

610 769 720 814 νον,
753 753 850 822 οὐχ
874 751 949 816 ὡς
976 752 1083 804 τῶν
1107 752 1338 823 πρώτων
1376 754 1710 806 ἀτονούντων
1736 794 1750 816 ,
1799 753 1913 805 ἀλλ’
1972 754 2049 816 ὡς
2100 754 2199 822 τῆς

607 841 829 911 χάριτος
853 841 945 894 τοῦ
975 840 1109 894 Θεοῦ
1142 843 1400 907 πλουσίας
1433 842 1620 912 οῦσης.
1654 843 1744 908 Μὴ
1779 859 1888 912 γαρ
1932 860 2015 906 τις
2046 861 2199 912 νομι-

607 932 748 992 ζέτω
776 931 874 1002 τὴν
898 931 1192 999 ἐπαγωγὴν
1221 931 1328 984 τῶν
1364 931 1573 984 πολλῶν
1617 932 1906 1002 νοημάτων
1945 931 2014 984 δι’
2037 931 2198 984 ἀσθέ-

606 1036 758 1073 νειαν
809 1019 1059 1088 γίνεσθαι
1089 1020 1198 1072 τῶν
1241 1020 1623 1090 προλαϐόντων
1650 1038 1662 1051 ο
1696 1022 1728 1090 ἡ
1759 1021 1852 1072 τοῦ
1903 1020 2038 1072 Θεοῦ
2087 1019 2196 1090 γάρ

605 1110 765 1180 χάρις
795 1108 1026 1161 πλουσία
1050 1103 1202 1170 οὖσα,
1233 1109 1296 1159 ἐκ
1324 1107 1432 1158 τῶν
1481 1108 1680 1176 ἐαυτῆς
1717 1109 2012 1179 θησαυρῶν
2053 1127 2197 1182 παρ-

603 1201 718 1268 έχει
749 1201 898 1269 ἡμῖν,
929 1199 1022 1252 ἐάν
1052 1192 1201 1268 ὦμεν
1233 1197 1394 1261 ἄξιοι.
1430 1198 1672 1268 Πρόσεχε
1701 1199 1902 1252 τοίνυν.
1947 1201 2010 1251 Ol
2053 1200 2196 1271 μάρ-

601 1307 764 1360 τυρες
789 1291 1176 1361 παρῃτήσαντο
1213 1287 1415 1358 βρῶσιν
1449 1287 1833 1350 εἰδωλοθύτων,
1869 1288 2037 1352 ὅντως
2063 1288 2196 1356 φεύ-

599 1397 786 1446 γοντες
810 1382 1025 1448 φαγεῖν,
1051 1379 1126 1441 ώς
1156 1380 1205 1430 εἰ
1238 1377 1438 1445 ἔφυγεν
1473 1377 1644 1447 Ἀδὰμ
1666 1379 1726 1429 τὸ
1746 1378 1982 1448 δένδρον,
2013 1377 2192 1449 ἐσώθη

599 1472 683 1524 άν.
720 1470 842 1522 Ὅτι
879 1469 934 1522 δὲ
970 1469 1029 1520 οὐ
1079 1467 1141 1520 τὸ
1187 1466 1388 1519 εἰδέναι
1426 1465 1628 1533 ἀγαθὸν
1674 1466 1767 1520 καὶ
1805 1467 1994 1529 κακὸν,
2034 1467 2193 1519 τοῦτο

601 1558 850 1628 μισητὸν,
878 1559 910 1628 ὴ
934 1557 1162 1628 ἀλήθεια
1184 1555 1412 1625 λάμπει.
1455 1555 1704 1624 Ἐρωτῶν
1727 1554 1835 1623 γάρ
1871 1557 1898 1606 6
1921 1554 2072 1617 Θεὸς,
2097 1554 2192 1606 καὶ⁵

601 1649 677 1718 μὴ
708 1647 984 1718 πράττων,
1017 1641 1157 1698 οἶδεν
1185 1645 1337 1708 αὐτὸ,
1368 1643 1400 1714 ἢ
1434 1643 1528 1709 οῦ;
1559 1644 1653 1706 Τίς
1687 1643 1864 1713 τολμᾷ
1911 1645 2087 1696 εἰπεῖν
2109 1645 2190 1697 ὅτι

596 1738 697 1790 οὐκ
730 1733 870 1790 οἶδεν
892 1756 906 1802 ;
927 1736 1000 1789 Οὐ
1028 1737 1135 1806 γάρ
1163 1737 1311 1787 ἐστιν
1334 1737 1367 1804 ἡ
1401 1735 1623 1802 γνῶσις,
1647 1734 1865 1804 πρᾶξις.
1886 1729 2031 1803 *Αρα
2053 1733 2192 1786 Παῦε

596 1826 687 1886 λος
719 1827 747 1878 6
777 1825 971 1892 λέγων,
999 1824 1254 1892 Φεύγετε
1281 1822 1396 1889 τὴν
1422 1822 1726 1888 πορνείαν,
1767 1822 1865 1873 οὐκ
1889 1820 2004 1891 ᾔδει
2037 1820 2090 1873 τί
2123 1817 2190 1890 ἦν

597 1917 629 1984 η
661 1913 885 1985 πορνεία
908 1931 922 1977 ;
947 1914 974 1964 6
998 1911 1215 1980 φεύγων
1248 1909 1513 1981 μοιχείαν,
1543 1910 1642 1961 οὐκ
1670 1909 1787 1979 ᾔδει
1824 1909 1876 1960 τί
1907 1904 1976 1979 ἦν
2003 1910 2034 1978 ἡ
2072 1927 2190 1978 μοι-

594 2003 750 2074 χεία;
796 2002 934 2056 Ἀλλ’
971 2002 1028 2053 οὐ
1067 2001 1389 2070 κατέκρινεν
1423 1999 1585 2052 αὐτὸν
1617 2000 1648 2068 ἡ
1681 1998 1901 2066 γνῶσις.
1937 1998 2110 2060 Αὐτὸς
2132 1998 2187 2050 δὲ

593 2095 621 2144 6
651 2092 784 2155 Θεὸς
825 2087 964 2144 οἶδεν
1002 2090 1161 2162 ἡμῶν
1203 2089 1332 2153 ὅλας
1367 2087 1467 2152 τάς
1511 2089 1757 2160 πράξεις,
1800 2088 2050 2159 ἀριθμῶν
2095 2090 2188 2141 καὶ

593 2180 794 2249 λέγων·
840 2181 939 2234 Ἐκ
968 2178 1076 2245 τῆς
1104 2179 1351 2247 καρδίας
1383 2176 1729 2247 ἐξέρχονται
1759 2177 2034 2246 λογισμοὶ
2075 2193 2184 2230 πο-

593 2269 788 2336 νηροὶ,
824 2269 1018 2335 φόνοι,
1051 2266 1328 2335 μοιχεῖαι,
1349 2266 1664 2334 ἐπιορκίαι,
1688 2265 2014 2332 ἀσέλγειαι,
2043 2269 2186 2333 φθό-

591 2375 707 2421 νοι,
741 2357 1104 2421 πλεονεξίαι.
1139 2355 1329 2410 Ταῦτά
1357 2357 1487 2409 ἐστι
1511 2359 1584 2408 τὰ
1611 2355 1930 2408 κοινοῦντα
1953 2356 2059 2409 τὸν
2081 2357 2184 2409 ἅν-

593 2449 848 2514 θρωπον.
885 2445 1072 2498 Ταῦτα
1098 2443 1252 2516 [500]
1299 2443 1509 2512 ἀγνοῶν
1543 2443 1710 2511 λέγει,
1750 2442 1961 2512 ῆείδὼς
1991 2447 2018 2496 6
2052 2444 2183 2507 Θεὸς

593 2533 688 2588 καὶ
711 2535 738 2586 6
754 2532 1074 2595 Ἀπόστολος
1096 2548 1109 2595 ;
1129 2531 1238 2600 Οὐχ
1263 2529 1472 2601 ὐϐρίζει
1493 2526 1586 2582 οῦν
1608 2532 1640 2600 ἡ
1661 2530 1860 2597 γνῶσις
1874 2530 1966 2582 τὸν
1987 2530 2177 2599 Ἀδάμ.

595 2621 873 2690 Ἔϐλαψεν
907 2621 1004 2689 οὐχ
1037 2621 1069 2689 ἠ
1100 2619 1320 2687 γνῶσις,
1349 2617 1463 2672 ἀλλ’
1491 2619 1527 2688 ἡ
1572 2617 1902 2690 παράϐασις.
1937 2617 2087 2671 Θέλω
2125 2619 2181 2672 δέ

592 2710 870 2781 ἐρωτῆσαι
900 2709 1082 2771 αὐτὸν,
1117 2711 1268 2760 ποῖον
1297 2707 1469 2776 ἔμαθε
1498 2707 1650 2778 παρὰ
1676 2708 1768 2759 τοῦ
1806 2707 1962 2772 ξύλου
1992 2709 2177 2772 καλὸν,

590 2798 853 2866 ἢκακόνς
882 2797 1034 2850 Μετά
1080 2796 1178 2866 τὴν
1230 2795 1431 2865 βρῶσιν
1463 2795 1604 2862 ἔγνω
1631 2795 1680 2848 τί
1715 2798 1829 2848 ἐστι
1857 2797 2045 2864 φόνος;
2085 2797 2179 2848 Οὐ-

587 2885 700 2949 6:1;
733 2885 945 2938 οὐδέπω
996 2879 1064 2953 ἦν
1102 2885 1129 2935 6
1156 2883 1431 2948 κολάζωνο
1481 2884 1541 2936 οὐ
1573 2885 1786 2954 μοιχεία
1816 2885 2175 2950 ἐγινώσκετο⁶

588 2973 800 3026 οὐδέπω
824 2979 932 3042 γάρ
953 2968 1092 3042 ἦσαν
1117 2972 1313 3042 γάμοι·
1337 2971 1396 3025 οὐ
1421 2975 1688 3042 πορνεῖαι,
1716 2972 1814 3041 οὐχ
1838 2972 2062 3043 ἁρπαγὴ
2086 2969 2174 3042 ἦν’

588 3061 800 3113 οὐδέπω
831 3060 940 3131 γὰρ
964 3056 1030 3129 ἢν
1065 3060 1316 3121 πλούσιος
1341 3060 1435 3112 καὶ
1478 3060 1678 3130 πένηςο
1725 3061 1783 3112 οὐ
1821 3061 2174 3127 συκοφαντίαι

588 3151 683 3203 καὶ
709 3149 1192 3218 ψευδομαρτυρίαι.
1238 3148 1394 3200 Ποῖον
1433 3142 1525 3200 οὖν
1558 3148 1697 3214 ἔγνω
1735 3148 1921 3212 κακὸν,
1956 3149 1986 3218 ἢ
2018 3147 2176 3201 τοῦτο

591 3238 776 3307 μόνον,
803 3240 886 3291 ὅτι
909 3237 1072 3290 καλὸν
1097 3233 1164 3307 ἦν
1201 3237 1260 3288 τὸ
1290 3237 1596 3289 ὑπακοῦσαι
1637 3236 1776 3306 Θεῷ,
1827 3237 1995 3290 κακὸν
2024 3238 2080 3290 δὲ
2114 3238 2175 3290 τὸ

591 3326 941 3396 παρακοῦσαι
972 3325 1105 3378 Θεοῦ
1132 3341 1146 3389 ;
1180 3326 1340 3392 Λέγω
1369 3325 1424 3376 δὲ
1464 3326 1639 3378 κοινὸν
1671 3327 1764 3378 καὶ
1803 3327 2174 3396 περιφερόμε-

587 3433 677 3468 νον
711 3416 883 3485 ῥῆμα,
908 3415 1002 3467 καὶ
1034 3413 1107 3484 μή
1145 3430 1227 3474 τις
1260 3411 1424 3465 αὐτοῦ
1452 3413 1526 3474 ώς
1572 3413 1846 3483 τολμηροῦ
1896 3416 2168 3485 καταγνῷ.

588 3503 877 3572 Εἰώθαμεν
909 3501 1085 3569 λέγειν
1115 3502 1226 3562 τοῖς
1249 3499 1676 3568 ἁμαρτάνουσιν,
1711 3501 2061 3565 ἀπειλοῦντες
2085 3505 2174 3556 αὐ-

583 3593 696 3653 τοῖς
737 3591 1072 3660 ἐπιστροφήν
1097 3605 1109 3617 ⁸
1153 3588 1298 3640 Ποιῶ
1331 3604 1390 3639 σε
1427 3587 1619 3656 μαθεῖν
1643 3591 1995 3660 ἐπιστροφήν.
2025 3588 2172 3661 Ἀρα

585 3677 784 3744 γνῶσιν
815 3676 962 3743 λέγει
997 3677 1096 3742 τὴν
1127 3676 1398 3744 μάθησιν;
1427 3675 1498 3727 Τὸ
1526 3671 1618 3728 οὖν
1644 3678 1885 3744 γνωστὸν
1925 3678 2033 3731 ἀπὸ
2071 3679 2172 3748 τῆς

585 3764 782 3834 πείρας
826 3762 932 3814 τῶν
984 3762 1300 3832 συμφορῶν.
1340 3763 1689 3816 Ἐπαίδευσεν
1734 3766 1896 3818 αὐτὸν
1943 3767 2167 3834 γνῶναι,

585 3851 771 3913 πόσοις
797 3867 865 3902 κα
882 3854 986 3911 «of;
1019 3849 1346 3920 συνεζεύχθη
1376 3853 1646 3921 παραϐάς.

652 3947 713 3995 ε’.
735 3943 973 4012 Πρόσεχε
995 3941 1173 3994 τοίνυν
1202 3943 1339 4011 μετά
1360 3942 1664 4010 ἀκριϐείας.
1686 3944 1747 3997 Εἰ
1775 3943 1881 4013 γάρ
1905 3945 1999 3997 καὶ
2025 3945 2171 4017 εἴρη-

582 4049 671 4084 ται
689 4030 901 4103 πρῴην,
924 4031 1037 4082 ἀλλ’
1057 4032 1089 4101 ἡ
1109 4030 1362 4094 ὑπόθεσις
1378 4031 1524 4084 ἕλκει
1547 4031 1634 4084 τὸν
1655 4032 1827 4100 λόγον.
1849 4033 1904 4085 '0
1922 4033 2169 4098 δεδωκὼς

581 4118 650 4171 τά
674 4120 851 4171 πάντα
877 4117 1009 4180 Θεὸς
1030 4118 1260 4188 ἀόρατος
1294 4113 1362 4189 ἦν
1384 4135 1396 4149 ·
1423 4121 1449 4171 6
1471 4118 1650 4172 λαϐὼν
1689 4119 1841 4191 παρὰ
1891 4120 1986 4173 τοῦ
2034 4121 2166 4174 Θεοῦ

580 4207 650 4259 τὰ
680 4208 855 4260 πάντα
893 4206 1170 4278 ὁρώμενος
1199 4202 1284 4275 ἦν.
1335 4207 1391 4260 ’0
1423 4205 1601 4260 λαϐὼν
1648 4210 1917 4277 ἐφαίνετο,
1948 4212 1975 4263 6
2003 4211 2166 4265 δεδω-

581 4296 694 4360 κὼς
715 4299 814 4348 οὐκ
847 4296 1117 4364 ἐφαίνετο.
1154 4296 1331 4358 Μόνος
1376 4291 1444 4365 ἦν
1478 4300 1505 4347 6
1530 4297 1816 4367 ἄνθρωπος
1838 4318 1849 4329 ·
1902 4301 1970 4353 τὰ
1997 4301 2167 4368 ἄλογα

580 4385 708 4455 ’περὶ¹
753 4384 935 4437 αὐτόν.
1006 4385 1160 4436 Κατά
1198 4384 1438 4454 κεφαλῆς
1486 4386 1674 4438 οὐδένα
1723 4383 1884 4454 εἶχεν.
1930 4387 2166 4457 Ἔθηκεν

579 4471 729 4542 αὐτῷ
761 4474 788 4526 ὁ
813 4472 944 4534 Θεὸς
971 4473 1154 4542 νόμον,
1195 4474 1253 4526 τὸ
1277 4472 1492 4543 δένδρον
1525 4476 1604 4536 εἰς
1638 4474 1944 4545 ὑπόμνησιν
1973 4477 2032 4529 ἐν
2069 4477 2166 4546 μέ·

581 4577 680 4630 σῳ,
707 4560 794 4612 ἵνα
828 4559 900 4628 μὴ
923 4559 1059 4629 λάθῃ
1085 4559 1264 4612 λαϐὼν
1281 4561 1378 4630 τὴν
1401 4560 1738 4613 δεσποτείαν.
1765 4557 1912 4624 Οἷον,
1945 4563 2162 4634 περιῄει

576 4641 793 4713 τρυγῶν
815 4644 939 4704 τούς
969 4645 1215 4713 καρποὺς
1241 4644 1374 4712 μετά
1391 4643 1492 4714 τῆς
1514 4647 1790 4712 γυναικός.
1834 4647 2161 4718 Ἐπλησίαξε

575 4733 653 4801 τῷ
685 4732 886 4804 δένδρῳ
908 4749 920 4763 °
958 4732 1132 4799 ἔλεγε,
1164 4733 1254 4804 Μὴ
1273 4733 1538 4803 ἁψώμεθα
1567 4735 1661 4788 τοῦ
1687 4736 1904 4806 δένδρου
1940 4739 2158 4791 τούτου·

577 4822 706 4890 περὶ
732 4821 838 4893 γάρ
870 4820 1033 4872 αὐτοῦ
1071 4821 1439 4891 παρήγγειλεν
1463 4825 1490 4874 6
1520 4821 1673 4885 Θεός.
1711 4822 1818 4876 Καὶ
1846 4821 1912 4894 ἦν
1943 4826 2003 4878 τὸ
2027 4827 2164 4897 ὁρώ-

579 4924 738 4978 μενον
789 4909 1096 4978 ὑπόμνησις
1129 4907 1223 4959 τοῦ
1254 4909 1485 4978 ἀοράτου
1507 4925 1520 4940 ·
1553 4904 1641 4962 οἷα
1681 4911 1886 4978 γίνεται
1916 4917 2008 4966 καὶ
2043 4915 2156 4968 νῦν.

587 4997 872 5065 Ἐννόησον
903 4999 1060 5050 πόσοι
1092 4998 1229 5053 εἰσὶν
1260 4999 1520 5066 ἄρχοντες
1551 5001 1654 5053 ἀνά
1698 5003 1880 5054 πᾶσαν
1905 5003 2004 5074 τὴν
2035 5005 2152 5074 γῆν,

575 5082 684 5136 Καὶ
717 5083 902 5151 ἐπειδὴ
928 5083 1178 5151 βασιλεὺς
1204 5087 1368 5137 πᾶσιν
1402 5087 1462 5138 οὐ
1486 5087 1739 5156 πάρεστι,
1770 5089 1851 5141 δεῖ
1879 5093 2161 5160 παραστῆ-

574 5187 663 5224 ναι
693 5171 782 5222 τὸν
812 5173 1135 5242 χαρακτῆρα
1168 5173 1262 5226 τοῦ
1299 5173 1561 5242 βασιλέως
1600 5178 1656 5227 ἐν
1685 5175 2075 5248 δικαστηρίοις,
2101 5180 2159 5230 ἐν

577 5260 822 5330 ἀγοραῖς,
861 5261 918 5310 ἐν
953 5259 1252 5326 συλλόγοις,
1305 5264 1361 5314 ἐν
1415 5263 1682 5334 θεάτροις.
1749 5264 1839 5317 Ἑν
1868 5267 2030 5319 παντὶ
2067 5264 2159 5320 οὖν

575 5347 747 5416 τόπῳ,
775 5348 830 5398 ἐν
854 5340 897 5412 ᾧ
923 5347 1150 5416 πράττει
1174 5349 1377 5419 ἄρχων,
1409 5351 1487 5402 δεῖ
1515 5355 1792 5421 παρεῖναι,
1819 5354 1903 5407 ἵνα
1931 5353 2160 5423 βεϐαιῶο

573 5434 753 5487 ταιτά
782 5435 1062 5503 γινόμενα.
1111 5435 1168 5486 ὐ
1195 5436 1446 5504 βασιλεὺς
1482 5439 1579 5508 μὲν
1612 5435 1705 5492 οὖν
1742 5444 1996 5510 παρεῖναι
2027 5461 2160 5496 παν-

573 5521 761 5592 ταχοῦ,
792 5522 866 5584 ώς
890 5522 1194 5592 ἅνθρωπος,
1229 5526 1288 5576 οὐ
1311 5524 1532 5579 δύναται
1561 5542 1573 5556 ·
1607 5528 1739 5581 Θεὸν
1763 5529 1817 5581 δὲ
1849 5531 2007 5584 πάλιν
2034 5533 2159 5600 φαί-

573 5611 783 5674 νεσθαι,
816 5611 892 5673 ὡς
938 5611 1089 5675 Θεὸν,
1119 5611 1427 5683 ἀνθρώποις
1457 5654 1470 5676 ,
1520 5615 1801 5670 ἀδύνατον.
1843 5619 2051 5672 Δέδωκε
2100 5622 2158 5674 τὸ

574 5698 787 5769 δένδρον
822 5699 1145 5772 χαρακτῆρα
1176 5701 1276 5768 τῆς
1327 5699 1626 5769 βασιλείας,
1662 5705 1967 5776 ὑπόμνησιν
1993 5708 2156 5778 φέρον

641 5823 668 5868 δ
687 5822 798 5877 ειν.
833 5826 959 5887 conj.
989 5826 1150 5883 αὐτήν,
1174 5825 1300 5890 quod
1327 5825 1518 5888 recepit
1540 5825 1794 5878 Combeﬂs.

2087 372 2452 431 SEVERIANI

2310 490 2389 561 τῷ
2430 490 2624 561 Ἀδάμ,
2663 492 2743 545 ὃτι
2781 492 3001 546 πάντων
3025 491 3183 546 ἔλαϐε
3215 492 3315 564 τὴν
3355 491 3696 548 δεσποτείαν.
3727 492 3902 546 Γνῶθι

2310 581 2402 633 τὸν
2423 581 2694 634 δεδωκότα
2714 581 2814 653 τὴν
2851 581 3118 646 ἐξουσίαν.
3157 583 3269 636 Καὶ
3295 583 3381 634 ἴνα
3418 581 3597 653 μάθῃς
3624 581 3741 645 πῶς
3770 583 3906 635 ὐπεο

2315 669 2625 738 μίμνησκεν
2663 669 2860 730 αὐτοὺς
2885 670 2946 722 τὸ
2973 669 3212 740 δένδρον·
3269 671 3358 722 ὅτε
3408 671 3436 722 6
3466 668 3589 736 ὄφις
3634 669 3901 738 ἠθέλησεν

2307 753 2585 823 ἀπατῆσαι
2613 753 2710 824 τὴν
2740 756 2999 821 γυναῖκα.
3035 750 3190 807 εἶπεν
3213 755 3354 825 αὐτῇ
3374 769 3388 784 ο
3427 754 3530 807 Διὰ
3567 754 3626 806 τί
3672 750 3841 806 εἶπεν
3869 756 3904 809 ό

2309 841 2453 907 Θεὸς
2472 840 2559 910 μὴ
2591 840 2805 909 φαγεῖν
2834 839 2990 910 ὑμᾶς
3010 841 3129 895 ἀπὸ
3153 842 3378 906 παντὸς
3402 841 3630 904 ξύλου;
3669 838 3731 892 'H
3762 840 3901 910 γυνὴ

2304 931 2404 984 οὐκ
2444 930 2840 984 ἐπελανθάνετο
2877 931 2972 984 τοῦ
3007 932 3198 1002 νόμου,
3251 931 3386 984 ἀλλά
3438 931 3532 984 καὶ
3590 929 3900 999 διορθοῦται

2303 1020 2402 1091 τὴν
2445 1022 2669 1089 ἄγνοιαν
2695 1063 2708 1082 ,
2768 1021 2859 1074 καί
2896 1039 3086 1093 φησιν·
3128 1021 3242 1076 Οὐκ
3294 1017 3450 1073 εἶπεν
3483 1023 3510 1074 6
3539 1019 3668 1083 Θεὸς
3700 1017 3897 1081 οὕτως,

2304 1108 2417 1161 ἀλλ’
2448 1109 2556 1162 ἀπὸ
2591 1109 2791 1172 παντὸς
2825 1108 2984 1172 ξύλου
3013 1107 3322 1180 φαγώμεθα
3345 1127 3358 1139 ’
3388 1108 3498 1161 ἀπὸ
3529 1107 3586 1160 δέ
3615 1105 3712 1160 τοῦ
3740 1104 3898 1170 ξύλου

2302 1196 2515 1259 τούτου,
2561 1194 2712 1250 εἶπεν
2743 1199 2772 1250 6
2819 1197 2974 1259 Θεὸς,
3013 1196 3088 1267 μὴ
3146 1196 3358 1266 φάγητε
3402 1197 3496 1248 ἀπ’
3530 1193 3719 1257 αὐτοῦ,
3761 1193 3897 1264 μηδὲ

2303 1283 2512 1354 ἂψασθε
2560 1283 2747 1338 αὐτοῦ.
2783 1283 2955 1337 Βλέπε
3006 1285 3105 1354 τὴν
3153 1283 3461 1354 ἀκρίϐειαν.
3519 1283 3576 1335 ’0
3615 1280 3750 1342 Θεὸς
3795 1282 3897 1333 οὐκ

2300 1367 2421 1426 εἷπε
2442 1388 2453 1400 ·
2497 1371 2582 1442 Μὴ
2623 1372 2855 1441 ἆψησθε.
2887 1371 3021 1424 Οὐδὲ
3062 1370 3170 1442 γάρ
3197 1371 3359 1441 ἔφερε
3407 1369 3648 1421 κίνδυνον
3667 1369 3728 1423 τὸ
3753 1368 3896 1435 64/6-

2303 1460 2453 1512 σθαι·
2481 1459 2596 1512 ἀλλ’
2621 1462 2818 1512 ἐκεῖνοι
2848 1459 3064 1512 σύνεσιν
3087 1459 3297 1528 ἔχοντες
3319 1458 3530 1526 θεῖκὴν,
3559 1456 3670 1508 τῶν
3691 1454 3894 1508 λοιπῶν

2298 1549 2664 1610 ἀπολαύοντες
2690 1587 2706 1611 ,
2738 1547 2945 1620 ὥρισαν
2992 1550 3121 1618 παρ’
3163 1549 3376 1609 ἑαυτοῖς
3404 1561 3419 1575 ·
3483 1543 3634 1617 [501]
3668 1540 3838 1596 Εἶπεν
3863 1545 3894 1598 6

2298 1635 2450 1698 Θεὸς,
2491 1637 2581 1706 Μὴ
2628 1635 2900 1705 γεύσησθε
2958 1635 3052 1688 τοῦ
3116 1634 3370 1705 δένδρου·
3434 1635 3596 1703 ἡμεῖς
3645 1632 3703 1684 δὲ
3758 1630 3894 1702 μηδέ

2297 1721 2567 1793 ἁψώμεθα.
2617 1722 2882 1776 Τοσοῦτον
2930 1722 3090 1792 ἔμελε
3136 1726 3202 1792 τῇ
3251 1721 3473 1790 γυναικὶ
3523 1720 3768 1791 τηρῆσαι
3799 1717 3891 1772 τοῦ

2296 1809 2431 1862 Θεοῦ
2471 1810 2570 1882 τὴν
2629 1810 2871 1880 ἐντολήν.
2936 1806 3045 1863 Ἶιν
3102 1805 3195 1863 οὖν
3248 1810 3309 1862 τὸ
3364 1809 3578 1879 δένδρον
3631 1809 3689 1861 ἐν
3741 1807 3894 1877 μέσῳ

2296 1899 2588 1968 κείμενον,
2644 1901 2722 1962 εἰς
2790 1899 2818 1952 6
2890 1899 3174 1968 ἠπάτησεν
3221 1896 3439 1959 αὐτούς.
3508 1895 3672 1947 Ξένον
3727 1896 3892 1947 ἄκουε

2297 1989 2548 2058 πρᾶγμα.
2614 1991 2912 2060 Ἐχρήσατο
2945 1989 3161 2059 ὀργάνῳ
3191 1987 3326 2056 πρὸς
3359 1988 3458 2058 τὴν
3482 1986 3721 2054 ἀπάτην,
3757 1986 3894 2054 πρά-

2294 2091 2465 2146 γματι
2504 2077 2974 2147 ἐμπεφυτευμένῳ
2998 2074 3078 2146 τῷ
3110 2073 3405 2145 ἀνθρώπῳ.
3474 2074 3533 2127 Ὀ
3590 2074 3702 2143 γάρ
3755 2072 3894 2136 Θεὸς

2293 2165 2546 2217 πλάττων
2591 2165 2684 2217 τὸν
2722 2165 3043 2236 ἄνθρωπον,
3083 2163 3224 2234 μετὰ
3273 2163 3374 2232 τῆς
3423 2161 3589 2232 άλλης
3631 2161 3892 2229 γνώσειικ

2291 2252 2551 2322 ἐνέθηκεν
2580 2252 2728 2323 αὐτῷ
2772 2253 2865 2306 καὶ
2896 2252 3058 2305 πόθον
3093 2251 3256 2304 Θεοῦ.
3303 2249 3458 2303 Ἐπεὶ
3514 2245 3608 2302 οῦν
3641 2243 3784 2302 εἶδεν
3830 2251 3890 2301 ἐν

2291 2339 2475 2403 αὐτοῖς
2499 2339 2589 2392 τὸν
2618 2339 2824 2404 πυρσὸν
2854 2338 2948 2392 τοῦ
2977 2337 3142 2391 πόθου
3165 2381 3178 2403 ,
3208 2337 3355 2405 λέγει
3381 2352 3393 2363 ·
3424 2334 3778 2401 Γενήσεσθε
3807 2335 3891 2402 ὡς

2291 2428 2432 2480 θεοί.
2471 2426 2605 2488 Νῦν,
2639 2428 2714 2491 ὡς
2741 2427 3052 2497 ἄνθρωποι,
3097 2427 3155 2479 οὐ
3183 2424 3410 2480 δύνασθε
3460 2419 3600 2476 εἶναι
3651 2423 3888 2476 πάντοτε

2293 2514 2430 2584 μετὰ
2461 2515 2619 2568 Θεοῦ.
2664 2515 2790 2568 Ἐάν
2825 2514 3055 2584 γένησθε
3088 2515 3163 2577 ώς
3210 2512 3343 2577 θεοὶ,
3380 2513 3612 2565 πάντοτε
3660 2511 3887 2580 μέλλετε

2289 2598 2427 2656 εἶναι
2457 2604 2574 2673 μετ’
2597 2602 2781 2655 αὐτοῦ.
2822 2605 2896 2655 Οὐ
2929 2602 3038 2672 γὰρ
3060 2597 3210 2653 εἶπεν
3249 2601 3460 2662 αὐτοῖς·
3482 2599 3608 2651 Ἐάν
3645 2599 3883 2668 φάγητε,

2287 2690 2502 2756 γίνεσθε
2547 2690 2796 2761 πολέμιοι
2837 2690 2933 2743 τοῦ
2961 2688 3117 2743 Θεοῦ.
3174 2689 3467 2757 Ἐπιθυμία
3517 2683 3611 2740 οὖν
3639 2688 3737 2756 τῆς
3771 2690 3884 2739 ισο-

2288 2772 2439 2836 θεῗας
2485 2775 2670 2845 ἀπατᾷ
2708 2775 2808 2846 τὴν
2854 2775 3088 2842 γυναῖκα
3115 2813 3129 2837 ,
3172 2773 3403 2841 κάκείνη
3446 2771 3536 2824 τὸν
3575 2770 3746 2840 ἄνδρα
3782 2771 3884 2822 οὐκ

2286 2858 2491 2929 ἀπατᾷ,
2529 2859 2665 2913 ἀλλά
2711 2859 2913 2914 πείθει.
2963 2861 3076 2913 Καὶ
3108 2860 3377 2929 μαρτυρεῖ
3426 2856 3639 2918 Παῦλος
3673 2856 3879 2924 λέγων·

2299 2941 2471 3012 Ἀδὰμ
2502 2945 2612 2996 οὐκ
2643 2942 2942 3011 ἠπατήθη.
2981 2943 3092 2996 Καὶ
3127 2943 3216 2996 διά
3254 2943 3307 2995 τί
3341 2940 3681 3012 κατεκρίθη;
3735 2939 3880 3010 Ὅρα

2283 3025 2343 3078 τὸ
2371 3025 2560 3081 δεινόν.
2611 3027 2673 3079 ἸΙ
2722 3027 2860 3096 γυνὴ
2897 3027 3242 3095 ἀπατηθεῖσα
3283 3025 3452 3093 ἔφαγε
3478 3041 3491 3056 ο
3530 3025 3708 3077 πείθει
3742 3024 3881 3095 μετὰ

2283 3109 2341 3162 τὸ
2368 3112 2559 3178 φαγεῖν
2586 3111 2676 3164 καὶ
2706 3111 2796 3164 τὸν
2825 3113 3015 3182 ἄνδρα,
3053 3112 3139 3164 ἵνα
3172 3113 3247 3180 μὴ
3274 3112 3407 3180 μόνη
3439 3109 3719 3182 διατραπῇ
3737 3128 3749 3140 ·
3781 3109 3875 3162 καὶ

2285 3191 2522 3256 ἔπεισεν,
2552 3195 2651 3246 οὐκ
2684 3195 3001 3263 ἠπάτησεν·
3035 3188 3144 3246 οἷον
3181 3193 3386 3262 γίνεται
3423 3195 3518 3245 καὶ
3543 3194 3638 3244 νῦν
3678 3193 3878 3246 πολλά-

2284 3293 2389 3338 κις.
2429 3274 2584 3330 Οἶδεν
2627 3278 2912 3347 ἄνθρωπος
2957 3277 3056 3347 τὴν
3087 3278 3301 3342 πίστιν,
3337 3279 3530 3348 ἀγαπᾷ
3564 3279 3656 3330 τὸν
3691 3280 3874 3347 νόμον,

2284 3358 2435 3429 ζηλοῖ
2462 3360 2558 3430 τὴν
2605 3359 2938 3431 όρθοδοξίαν,
2971 3363 3068 3414 καὶ
3098 3362 3346 3415 πείθεται
3379 3366 3446 3433 τῇ
3491 3362 3746 3430 γυναικὶ,
3801 3361 3876 3432 μὴ

2280 3442 2450 3509 δεῖξαι
2499 3445 2595 3498 τὸν
2649 3445 2830 3514 ζῆλον,
2865 3445 2965 3498 οὐκ
3001 3446 3210 3510 ἀγνοῶν
3253 3447 3349 3516 τὴν
3402 3445 3685 3516 ἀλήθειαν,
3737 3445 3875 3499 ἀλλά

2281 3527 2603 3596 πειθόμενος
2633 3530 2697 3598 τῇ
2735 3527 2969 3599 συμϐίῳ.
3001 3529 3195 3581 Πολλοὶ
3241 3529 3351 3600 γάρ
3381 3529 3660 3598 ἐνόμισαν,
3699 3530 3778 3581 δτι
3813 3531 3874 3582 ἀ·

2280 3610 2454 3678 γνοῶν
2486 3613 2514 3664 6
2554 3611 2727 3681 Ἀδὰμ
2751 3611 2910 3664 ἔλαϐε
2946 3611 3094 3681 παρά
3128 3611 3226 3680 τῆς
3260 3610 3541 3678 γυναικὸς,
3575 3612 3676 3663 οὐκ
3711 3611 3867 3673 είδὼς

2283 3693 2448 3747 πόθεν
2479 3695 2652 3763 ἤγαγε
2687 3695 2778 3746 τὸν
2809 3694 3040 3763 καρπόν.
3089 3693 3231 3745 Ἀλλ’
3260 3696 3360 3747 οὐκ
3391 3694 3504 3764 ἔχει
3537 3695 3833 3762 ἀπολογίαν
3854 3711 3870 3728 ’

2279 3779 2307 3829 6
2330 3778 2437 3847 γάρ
2471 3777 2602 3839 Θεὸς
2627 3777 2862 3846 ἐλέγχει,
2889 3777 3062 3842 λέγων
3095 3777 3265 3847 αὐτῷ’
3303 3779 3430 3832 Ὅτι
3455 3779 3732 3847 ἤκουσας
3761 3779 3873 3846 τῆς

2278 3862 2483 3930 φωνῆς
2514 3860 2625 3928 τῆς
2672 3863 2956 3929 γυναικός
2989 3879 3124 3916 σου.
3161 3866 3269 3917 Καὶ
3296 3865 3395 3916 οὐκ
3427 3860 3601 3927 εἷπεν,
3647 3865 3868 3936 Ἐπειδὴ

2278 3944 2470 4006 ἔλαϐες
2526 3945 2677 4014 παρά
2711 3945 2814 4014 τῆς
2861 3948 3116 4012 γυναικός
3172 3964 3266 4000 σου
3292 3963 3305 3977 °
3363 3949 3457 4000 καὶ
3496 3949 3602 4018 μὴν
3637 3948 3869 4017 ἠδύνατο

2276 4029 2472 4090 εἰπεῖν,
2505 4029 2780 4096 Ἠγνόουν,
2810 4031 2908 4082 οὐκ
2938 4031 3085 4101 ᾔδειν
3113 4031 3275 4084 πόθεν
3302 4032 3499 4102 ἤνεγκε
3528 4033 3618 4084 τὸν
3632 4033 3863 4102 καρπόν.

2277 4111 2349 4164 Τὸ
2380 4111 2633 4181 ἔγκλημα
2666 4112 2758 4164 τοῦ
2791 4113 3004 4185 ἀνδρὸς,
3038 4113 3136 4183 οὐχ
3169 4115 3250 4166 ὅτι
3291 4115 3548 4185 ἡπατὴοη
3574 4155 3588 4178 ,
3627 4115 3741 4169 ἀλλ’
3783 4117 3866 4167 ὅτι

2278 4194 2588 4264 ἐδελεάσθη.
2620 4195 2900 4267 Ἕλθωμεν
2926 4197 3110 4251 λοιπὸν
3136 4199 3230 4250 ἐπὶ
3252 4199 3311 4252 τὸ
3337 4199 3690 4272 δικαστήριον
3714 4221 3724 4231 ·
3754 4201 3868 4255 ἴδω-

2279 4297 2377 4348 μεν
2406 4280 2473 4332 τὰ
2501 4279 2869 4351 ὑπομνήματα
2889 4282 2956 4335 τὰ
2979 4282 3168 4353 πρῶτα
3199 4283 3268 4336 τά
3295 4283 3388 4334 ἐπὶ
3412 4284 3508 4354 τῆς
3534 4285 3696 4352 ἁγίας
3721 4288 3867 4338 ἐκεί-

2274 4381 2370 4434 νης
2399 4363 2494 4416 καὶ
2517 4364 2816 4417 ἀδεκάστου
2852 4363 3007 4431 δίκης
3036 4367 3127 4416 καὶ
3160 4365 3547 4436 φιλανθρώπου
3580 4370 3865 4437 γινόμενα,

2273 4446 2340 4498 τὰ
2373 4448 2653 4516 γραφέντα
2686 4447 3008 4518 γράμμασιν
3042 4449 3332 4511 ἀθανάτοις
3358 4492 3372 4514 ,
3405 4443 3480 4502 ὧν
3507 4451 3606 4521 τὴν
3643 4454 3868 4523 μνήμην

2273 4528 2366 4580 καὶ
2411 4529 2509 4596 τὴν
2556 4528 2676 4596 δψιν
2722 4530 2816 4581 καὶ
2857 4531 2958 4600 τὴν
2993 4531 3329 4603 φαιδρότητα
3362 4533 3482 4586 οὐδὲ
3531 4537 3639 4598 πᾶς
3671 4538 3698 4588 6
3730 4537 3867 4589 αἰὼν

2272 4610 2428 4663 λῦσαι
2470 4611 2714 4665 δύναται.
2754 4613 2997 4684 Πρόσεχε
3038 4615 3240 4669 λοιπόν.
3284 4617 3570 4678 Ἰικουονε,
3606 4620 3793 4687 φησὶν,
3829 4623 3863 4674 ό

2284 4692 2456 4762 Ἀδὰμ
2488 4693 2598 4761 τῆς
2625 4694 2832 4764 φωνῆς
2869 4698 3093 4764 Κυρίου
3140 4699 3610 4766 περιπατοῦιτος
3651 4703 3712 4754 τὸ
3744 4703 3866 4756 δει-

2270 4777 2445 4830 λινὸν
2484 4778 2554 4830 ἐν
2593 4778 2672 4844 τῷ
2717 4779 3080 4847 παραδείσῳ.
3135 4782 3266 4833 ’Λπὸ
3296 4782 3390 4834 τοῦ
3424 4782 3596 4850 ψόφου
3631 4785 3864 4854 ᾔσθετο,

2270 4862 2363 4914 καὶ
2393 4861 2500 4914 ἀπὸ
2514 4862 2612 4931 τῆς
2635 4863 2938 4933 συνηθείας.
2966 4865 3074 4915 Καὶ
3099 4864 3207 4916 ἀπὸ
3232 4863 3326 4916 τοῦ
3359 4865 3567 4918 κτύπου
3594 4864 3708 4938 εἶχε
3731 4868 3865 4934 Θεὸς

2271 4945 2591 5013 φαίνεσθαι;
2636 4946 2917 5014 Ἐφαίνετο
2961 4949 3058 5016 οὐχ
3090 4947 3165 5011 ὡς
3198 4943 3287 5019 ἦν,
3320 4949 3434 5002 ἀλλ’
3474 4950 3549 5014 ὼς
3576 4952 3861 5020 ἠϐούλετο.

2270 5024 2572 5094 Εὐλογητὸς
2606 5027 2635 5077 6
2670 5025 2800 5088 Θεὸς
2819 5025 2926 5078 τῶν
2954 5027 3143 5094 άγίων,
3175 5029 3256 5080 ὅτι
3280 5029 3340 5080 τὸ
3368 5029 3592 5082 δειλινὸν
3621 5033 3742 5084 τότε
3767 5032 3862 5084 τὸν

2282 5108 2450 5176 Ἀδὰμ
2484 5109 2844 5176 ἐπεσκέψατο,
2878 5110 2971 5161 καὶ
3005 5109 3099 5162 νῦν
3131 5111 3224 5164 ἐπὶ
3257 5112 3352 5165 τοῦ
3390 5113 3627 5184 σταυροῦ
3662 5113 3722 5167 τὸ
3747 5114 3860 5166 δει-

2269 5193 2429 5245 λινόν.
2479 5192 2590 5244 Καὶ
2630 5191 2737 5262 γὰρ
2783 5194 2904 5244 κατ’
2939 5193 3150 5258 ἐκείνας
3180 5195 3281 5259 τάς
3317 5195 3466 5267 ὥρας
3497 5199 3794 5268 ὑπέμεινεν
3827 5204 3856 5254 6

2268 5276 2458 5344 Σωτὴρ
2487 5276 2547 5326 τὸ
2579 5273 2768 5337 πάθος,
2800 5275 2923 5329 καθ’
2950 5275 3016 5339 ἃς
3037 5277 3340 5331 διετέλεσεν
3363 5283 3390 5332 6
3434 5281 3602 5350 Ἀδὰμ
3629 5281 3735 5333 ἀπὸ
3761 5283 3859 5335 τοῦ

2269 5361 2462 5426 φαγεῖν
2493 5357 2597 5419 ἓως
2627 5357 2723 5426 τῆς
2755 5358 3120 5428 παραϐάσεως
3154 5372 3178 5400 ι
3219 5363 3439 5433 καὶτῆς
3464 5365 3718 5432 κρίσεως,
3749 5365 3861 5418 ἀπὸ

2267 5442 2432 5510 ἕκτης
2465 5440 2613 5508 ὠρας
2647 5439 2749 5502 ἔως
2792 5443 3041 5511 ἐννάτης.
3081 5444 3254 5516 Ἔκτῃ
3285 5446 3402 5515 ῶρᾳ
3428 5446 3599 5513 ἔφαγε
3624 5463 3640 5478 ·
3675 5446 3858 5501 κανὼν

2266 5526 2374 5595 γὰρ
2411 5524 2653 5591 φύσεως·
2687 5523 2828 5591 μετὰ
2861 5524 2963 5596 τὴν
2993 5526 3157 5597 ἕκτην
3186 5527 3492 5599 ἀπεκρύϐη.
3528 5529 3602 5581 Τὸ
3629 5530 3861 5585 δειλινὸν

2331 5649 2356 5717 ξ
2383 5645 2463 5716 Sic
2487 5647 2788 5717 exemplaria
2813 5663 2824 5696 :
2851 5651 3156 5717 verumhtec
3179 5653 3328 5717 lecIio
3351 5654 3468 5703 ferri
3492 5656 3684 5717 nequa.
3709 5657 3861 5708 Com-

2265 5708 2464 5755 beﬁsius
2497 5719 2556 5754 ex
2571 5711 2866 5782 ‘cupjfact‘qra
2889 5711 3146 5782 subslilyit
3166 5716 3255 5782 ἕως
3274 5722 3358 5782 τῇς
3378 5708 3742 5782 παρακρύψεως.
3770 5721 3860 5770 Sic

2457 5769 2735 5893 ἓῖξρῗιᾶιήι.
2762 5773 2827 5821 ΔΙ.
2850 5785 2940 5822 vox
2962 5769 3257 5841 παράκρυψις
3295 5769 3518 5828 thSole'ns
3537 5769 3735 5830 bus'ninb
