4110 6318
164 393 290 452 489

184 530 268 564 via
312 514 534 583 quastio
566 512 820 574 solvetur,
854 526 958 563 non
986 508 1126 579 quod
1156 508 1324 578 prima
1354 522 1457 561 non
1489 507 1618 561 satis
1643 507 1766 569 sint,

178 604 280 658 sed
314 602 453 673 quod
481 604 570 655 Dei
601 603 768 672 gratia
795 601 945 655 dives
975 602 1061 654 sit.
1092 599 1169 653 Ne
1196 583 1314 667 quis
1341 599 1480 651 enim
1512 608 1661 666 putet
1693 613 1775 650 ra-

181 695 395 749 tionum
415 693 771 747 additamenta
794 693 1109 763 obpriorum
1130 690 1545 744 imbecillitatem
1573 690 1770 743 afferri:

177 799 311 838 nam
347 785 438 838 Dei
467 785 633 854 gratia
654 826 667 848 ,
687 784 835 838 dives
867 799 986 837 cum
1016 784 1117 845 sit,
1147 798 1209 836 ex
1241 781 1504 834 thesauris
1539 780 1645 834 Suis
1673 796 1770 833 no-

176 875 266 930 bis
296 875 437 929 dona
480 874 699 944 profert,
730 876 772 927 si
807 885 979 927 tamen
1015 872 1157 940 digni
1195 873 1377 924 simus.
1410 871 1635 923 Attende
1669 871 1769 936 igi-

176 975 289 1019 tur.
334 966 591 1035 Martyres
622 974 932 1019 recusarunt
956 964 1107 1017 idolis
1134 963 1523 1016 immolatorutn
1556 962 1767 1016 cibum:

172 1072 240 1109 eo
271 1058 436 1111 modo
462 1058 636 1111 cibum
660 1056 959 1124 hujusmodi
992 1056 1271 1125 fugientes,
1297 1068 1401 1122 quo
1429 1055 1470 1107 si
1500 1054 1769 1121 eilâ€˜ugisset

170 1148 354 1203 Adam
405 1148 627 1217 lignum,
683 1149 905 1201 salutem
959 1156 1387 1213 consequuturos
1435 1153 1568 1199 erat.
1617 1145 1765 1213 Quod

168 1248 360 1293 autem
388 1240 525 1293 scire
557 1239 750 1293 bonum
780 1249 833 1291 et
864 1238 1058 1291 malum
1081 1278 1095 1302 ,
1131 1253 1234 1291 non
1278 1238 1401 1291 odio
1428 1236 1644 1306 dignum
1674 1238 1763 1301 sit,

168 1345 308 1384 vere
348 1330 603 1399 liquidum
647 1338 749 1384 est.
805 1330 944 1385 Deus
991 1332 1131 1383 enim
1176 1330 1549 1399 interrogans,
1579 1341 1631 1383 et
1659 1344 1763 1382 non

169 1420 403 1484 faciens,
438 1436 501 1472 an
532 1436 642 1474 rem
676 1419 840 1483 novit,
868 1435 1036 1474 necne
1063 1421 1084 1473 ?
1114 1421 1243 1485 Quis
1266 1422 1405 1474 ausit
1432 1420 1612 1473 dicere
1642 1435 1762 1473 eum

169 1526 282 1566 non
316 1512 522 1565 nosse?
549 1512 662 1565 Non
705 1514 844 1567 enim
884 1511 1145 1581 cognitio,
1178 1513 1289 1581 ipsa
1326 1512 1464 1565 actio
1498 1522 1595 1564 est.
1629 1512 1761 1565 Num

170 1601 397 1666 Paulus,
431 1604 518 1670 qui
549 1602 757 1656 dicebat
781 1646 792 1665 ,
825 1603 1010 1671 Fugite
1044 1603 1425 1672 fornicationem
1459 1603 1531 1671 (i.
1558 1601 1675 1655 Cor.
1706 1604 1758 1657 (5.

173 1685 269 1755 18)
300 1726 313 1747 ,
341 1686 618 1753 ignorabat
646 1686 770 1753 quid
812 1696 953 1739 esset
1000 1685 1317 1739 loruicatio?
1340 1685 1578 1739 cavendo
1609 1685 1761 1739 adul-

170 1776 395 1836 terium,
430 1777 697 1829 nesciebat
719 1776 842 1845 quid
865 1785 1005 1830 esset
1034 1774 1397 1829 adulterium?
1432 1775 1625 1829 Verum
1652 1791 1756 1829 non

168 1867 294 1922 ideo
325 1882 450 1919 reus
473 1908 486 1929 ,
531 1867 671 1937 quod
722 1877 918 1922 nosset.
954 1868 1089 1935 Quin
1124 1868 1236 1937 ipse
1274 1867 1411 1921 Deus
1443 1869 1587 1921 novit
1612 1876 1757 1921 actus

166 1974 363 2011 omnes
393 1968 624 2023 nostros,
656 1960 797 2027 ipsos
825 1972 1144 2013 enumerans
1173 1974 1235 2013 ac
1258 1958 1443 2012 dicens
1475 1976 1485 2010 :
1509 1958 1585 2011 De
1610 1960 1760 2011 corde

165 2059 354 2101 exeunt
398 2051 719 2118 cogitationes
766 2051 931 2113 malm,
977 2052 1157 2112 credes,
1194 2049 1463 2114 adulteria,
1512 2049 1755 2118 porjuria,

166 2140 523 2207 impudicitiae,
547 2140 764 2203 invidia,
790 2142 1000 2209 rapinw.
1035 2139 1159 2194 Haec
1174 2152 1287 2193 sunt
1308 2157 1417 2211 quis
1436 2142 1759 2210 coinquinant

166 2231 422 2282 hominem
451 2231 470 2300 (
501 2230 682 2283 Matth.
721 2233 805 2285 15.
840 2232 919 2285 19.
945 2231 1015 2285 20
1118 2231 1365 2286 Haaccine
1392 2232 1638 2300 ignorans
1668 2240 1759 2285 aut

164 2323 347 2375 sciens
377 2323 504 2376 dicit
534 2323 691 2387 Deus,
720 2325 849 2381 dicit
872 2325 1203 2393 Apostolus?
1234 2325 1345 2378 Non
1378 2340 1505 2394 ergo
1532 2325 1755 2378 scientia

165 2413 377 2466 Adamo
424 2413 670 2468 dedecori
706 2425 803 2469 est.
852 2416 1044 2469 Nocuit
1081 2417 1177 2482 illi,
1220 2432 1321 2469 nou
1363 2417 1617 2485 cognitio,
1660 2415 1753 2470 sed

166 2504 546 2571 transgressio.
589 2504 756 2559 Velim
795 2516 970 2561 autem
1006 2506 1185 2559 abillo
1216 2522 1457 2575 quaerere
1480 2548 1495 2572 ,
1530 2506 1657 2575 quid
1689 2522 1752 2559 ex

162 2594 305 2663 ligno
324 2595 589 2661 didicerit,
615 2596 883 2651 bonumne
904 2614 969 2651 an
993 2597 1209 2651 malum.
1242 2600 1318 2650 An
1339 2606 1457 2667 post
1484 2612 1630 2651 esmn
1661 2612 1755 2650 uo-

161 2687 235 2738 vit
269 2688 401 2755 quid
438 2698 581 2742 esset
622 2690 965 2744 homicidium
990 2691 1012 2742 ?
1036 2690 1202 2744 Nemo
1233 2691 1491 2745 hactenus
1513 2700 1626 2745 erat
1662 2692 1751 2760 qui

162 2780 376 2846 puniret
406 2795 420 2843 ;
445 2780 758 2833 adulterium
784 2782 1143 2849 nesciebatur,
1162 2797 1279 2839 cum
1314 2782 1547 2838 nondum
1572 2792 1752 2837 essent

161 2871 405 2938 nuptias:
443 2884 545 2923 non
583 2869 883 2936 fornicatio,
919 2888 1020 2924 non
1069 2874 1251 2940 rapina
1303 2882 1460 2937 erat;
1514 2874 1746 2926 nondum

158 2964 300 3015 enim
331 2972 486 3026 erant
509 2962 659 3017 dives
686 2965 768 3017 vel
803 2980 1002 3034 pauper
1035 2985 1046 3018 :
1082 2982 1189 3018 non
1226 2968 1609 3035 sycophantize,
1644 2981 1745 3019 non

160 3054 288 3107 falsa
342 3055 669 3108 testimonia.
708 3055 858 3121 Quod
908 3057 1065 3125 igitur
1094 3057 1238 3111 aliud
1279 3058 1471 3111 malum
1520 3059 1744 3123 sciebat,

158 3144 255 3196 nisi
289 3142 394 3198 hoc
417 3143 610 3207 solum,
645 3145 840 3200 bonum
870 3162 1062 3214 nempe
1083 3161 1203 3202 esse
1236 3148 1346 3201 Deo
1367 3149 1609 3217 obsequi,
1634 3165 1744 3202 ma-

159 3232 265 3286 lum
296 3234 397 3301 ipsi
427 3247 530 3287 non
558 3234 818 3289 obedire?
849 3236 981 3290 Rem
1013 3236 1136 3290 dico
1168 3253 1288 3306 qua:
1327 3239 1466 3307 vulgi
1508 3254 1601 3292 ore
1636 3240 1742 3293 cir-

157 3322 471 3388 cumfertur,
519 3337 587 3377 ne
637 3324 756 3393 quis
801 3339 889 3379 me
932 3325 1168 3380 audaciae
1218 3328 1439 3382 incuset.
1499 3328 1743 3382 Solemus

158 3412 332 3467 dicere
390 3415 751 3481 peccantibus,
799 3416 1187 3471 comminantes
1230 3427 1285 3469 ut
1321 3428 1739 3476 convertantur:

161 3500 371 3557 Faciam
413 3512 471 3556 ut
503 3503 678 3558 discas
706 3506 1153 3573 resipiscentiam.
1188 3507 1401 3578 Ergone
1440 3512 1527 3578 qui
1556 3512 1633 3565 sic
1660 3512 1740 3567 lo-

163 3594 361 3659 quitur,
384 3594 519 3647 bane
542 3594 875 3662 disciplinam
900 3596 1026 3650 dicit
1052 3612 1172 3651 esse
1192 3600 1510 3653 scientiam?
1549 3601 1736 3657 Scien-

160 3683 226 3734 tia
273 3684 432 3752 igitur
471 3699 536 3737 ex
575 3684 931 3738 calamitatum
964 3689 1289 3754 experientia
1330 3690 1590 3757 procedit.
1631 3693 1737 3747 Do-

158 3776 260 3828 cuit
286 3792 407 3829 eum
439 3786 492 3828 ut
523 3777 783 3842 disceret,
816 3788 944 3846 quot
970 3780 1122 3833 malis
1151 3796 1209 3834 se
1236 3796 1331 3850 per
1352 3784 1735 3851 transgressio-

158 3880 274 3917 nem
304 3866 667 3933 implicuisset.

227 3957 276 4009 5.
320 3959 569 4010 Animum
612 3958 769 4027 igitur
811 3959 1097 4029 diligenter
1141 3963 1351 4017 adhibe.
1404 3964 1732 4033 Quamquam

156 4048 290 4098 enim
349 4048 491 4114 prius
533 4048 779 4110 diximus,
827 4052 1121 4117 argumenti
1169 4054 1304 4105 ratio
1342 4068 1406 4106 eo
1440 4054 1733 4108 orationem

157 4138 384 4189 deducit.
410 4138 654 4190 Omnium
682 4138 901 4207 largitor
933 4142 1071 4194 Deus
1102 4143 1377 4195 invisibilis
1398 4154 1511 4197 erat
1542 4161 1554 4208 ;
1587 4146 1673 4213 qui
1706 4160 1733 4198 a

159 4225 264 4280 Deo
318 4229 494 4281 omnia
546 4238 845 4297 acceperat,
895 4232 993 4284 sub
1034 4241 1305 4299 aspectum
1349 4234 1595 4287 cadebat.
1635 4236 1731 4301 Qui

156 4329 423 4386 acceperat
450 4360 465 4382 ,
497 4322 662 4374 oculis
693 4323 935 4390 patebat;
969 4322 1055 4390 qui
1087 4322 1305 4376 dederat
1333 4365 1346 4385 ,
1375 4340 1480 4377 non
1513 4340 1737 4393 appare-

157 4406 257 4461 bat.
300 4409 458 4464 Solus
504 4421 617 4465 crat
662 4412 861 4464 homo:
906 4412 1056 4465 bruta
1097 4415 1383 4467 animantia
1412 4418 1551 4468 circa
1586 4416 1729 4468 illum

156 4511 316 4553 erant.
364 4502 639 4556 Neminem
685 4504 1260 4575 habebateppositum.
1294 4506 1546 4575 Imposuit
1589 4510 1727 4562 Deus

158 4589 319 4658 legem
347 4632 360 4653 ,
387 4594 633 4646 arborem
670 4595 718 4645 in
748 4595 919 4647 medio
941 4638 954 4662 ,
986 4613 1103 4665 qua:
1128 4601 1630 4666 commonefaceret,
1663 4615 1730 4653 ne

157 4679 250 4731 sub
288 4681 558 4735 dominatu
593 4698 650 4736 se
681 4685 907 4750 positum
954 4701 1074 4740 esse
1114 4688 1536 4742 oblivisceretur.
1571 4690 1725 4744 Verbi

155 4772 331 4837 gratia,
366 4773 623 4826 circuibat
653 4774 852 4829 fructus
874 4777 1165 4843 decerpens
1189 4794 1307 4831 cum
1338 4796 1523 4835 uxore.
1557 4783 1727 4835 Acce-

155 4860 302 4915 debat
329 4864 394 4916 ad
424 4866 664 4919 arborem
692 4884 703 4918 :
737 4868 965 4933 dicebat,
998 4869 1075 4922 Ne
1106 4872 1241 4923 hanc
1269 4872 1512 4925 arborem
1548 4882 1726 4943 tanga-

154 4966 264 5005 mus
292 4971 304 5012 ;
335 4954 400 5007 de
434 4956 514 5009 illa
554 4972 781 5025 namque
824 4970 1140 5028 prmccptnm
1184 4961 1330 5014 dedit
1363 4963 1524 5015 Dens.
1567 4964 1723 5017 Erat-

154 5058 246 5110 que
273 5046 319 5097 id
346 5046 484 5114 quod
512 5047 810 5114 videbatur,
840 5050 954 5118 ejus
983 5051 1069 5118 qui
1105 5052 1381 5106 invisibilis
1408 5065 1523 5107 erat
1555 5056 1724 5108 moui-

154 5144 379 5187 mentum
411 5150 424 5198 ;
460 5135 509 5187 id
541 5137 679 5204 quod
726 5141 883 5192 etiam
928 5156 1067 5193 nunc
1106 5142 1316 5196 accidit.
1354 5142 1536 5211 Cogita
1566 5160 1720 5212 quam

154 5226 293 5278 multi
341 5241 435 5295 per
463 5228 763 5282 universum
805 5232 988 5285 orbein
1034 5232 1269 5300 prmiccti
1313 5236 1435 5286 siut.
1465 5236 1593 5305 Quia
1626 5254 1719 5289 an-

155 5323 249 5370 tem
281 5317 569 5387 imperator
616 5336 719 5374 non
764 5325 1009 5377 omnibus
1049 5325 1237 5387 adest,
1265 5342 1482 5380 necesse
1513 5338 1589 5380 est
1622 5328 1727 5381 lm~

156 5412 402 5471 peratoris
421 5410 648 5479 efï¬giem
679 5413 728 5465 in
755 5415 1123 5481 tribunalibus,
1150 5417 1199 5468 in
1222 5416 1368 5479 foris,
1396 5419 1443 5469 iu
1472 5419 1719 5485 coetibus,

156 5494 200 5547 in
224 5499 438 5557 theatris
468 5504 726 5557 exhiberi.
760 5504 813 5558 ln
845 5509 987 5560 omni
1018 5524 1143 5577 ergo
1176 5509 1312 5573 loco,
1338 5511 1390 5564 in
1421 5526 1525 5579 quo
1557 5525 1719 5581 nego-

157 5586 219 5638 tia
251 5598 434 5644 tractat
488 5593 768 5661 praafectus
812 5594 1038 5665 efï¬giem
1088 5613 1206 5652 esse
1244 5610 1472 5667 oportet,
1506 5612 1565 5655 ut
1600 5618 1717 5671 qnze

157 5677 278 5733 ï¬unt
320 5686 683 5739 auctaritatem
728 5685 974 5741 habeant.
1021 5689 1315 5755 imperator
1361 5691 1596 5760 quidem.
1629 5704 1714 5746 ut-

158 5777 266 5837 pote
294 5771 449 5827 homo
475 5813 490 5841 ,
524 5775 715 5847 ubique
760 5792 992 5847 praesens
1025 5794 1143 5836 esse
1183 5796 1286 5836 non
1320 5790 1495 5853 potest
1524 5801 1535 5836 :
1573 5783 1712 5839 Deus

1222 395 1309 449 DE
1348 392 1561 449 MUNDl
1597 389 1989 451 CREATIONE
2029 394 2285 455 ORATIO
2322 399 2388 454 Vl

3361 424 3476 481 490

1888 522 2019 560 vero
2045 523 2231 562 rursus
2250 549 2263 571 ,
2288 517 2346 563 nt
2377 509 2513 564 Deus
2542 518 2653 575 est,
2689 508 2836 564 nullo
2880 512 3039 567 modo
3074 522 3245 583 potest
3271 516 3338 570 ab
3368 521 3463 569 Î™Î¹Î·.

1883 598 2116 652 minibus
2141 599 2330 653 videri.
2362 600 2516 654 Dedit
2544 600 2792 656 arborem
2825 602 3031 670 imperii
3060 604 3423 663 characterem
3447 652 3462 673 ,

1880 688 1969 754 qui
2002 688 2263 742 Adamum
2294 691 2796 757 commonefaceret,
2830 696 3098 762 accepisse
3136 710 3193 751 se
3225 699 3462 753 omnium

1878 776 2230 832 dominatum.
2273 780 2513 846 Agnosce
2544 796 2663 835 eum
2694 783 2782 851 qui
2817 783 2907 837 tibi
2951 794 3265 852 potestatem
3293 786 3459 845 dedit.

1880 866 1945 920 Et
1983 877 2038 920 ut
2076 868 2252 923 discas
2307 870 2575 938 quomodo
2600 873 2762 926 arbor
2787 875 2927 940 ipsos
2955 877 3459 945 connnonefaceret,

1876 971 1995 1009 cum
2046 972 2266 1025 serpens
2314 962 2590 1015 mulierem
2638 962 2885 1032 decipere
2932 969 3116 1032 vetuit,
3169 969 3303 1026 dixit
3350 971 3458 1025 illi:

1875 1047 1978 1101 Cur
2003 1051 2129 1103 dixit
2154 1052 2288 1105 vobis
2314 1052 2450 1107 Deus
2477 1071 2537 1107 ne
2552 1056 2873 1112 comederetis
2897 1075 2959 1113 ea:
2988 1063 3124 1113 omni
3148 1062 3284 1132 ligno
3304 1064 3458 1133 (Gen.

1875 1141 1926 1193 5.
1960 1141 1992 1193 2
2016 1142 2033 1210 )
2064 1143 2086 1194 ?
2110 1143 2299 1199 Mulier
2328 1160 2433 1199 non
2465 1147 2626 1201 oblita
2655 1159 2771 1204 erat
2796 1151 2925 1219 legis
2948 1193 2964 1217 ,
2989 1155 3095 1207 imo
3118 1157 3275 1209 etiam
3307 1160 3456 1227 igno-

1873 1232 2096 1284 rantiam
2144 1236 2395 1303 corrigit,
2428 1246 2481 1291 et
2510 1239 2583 1291 ait
2611 1256 2622 1292 :
2656 1238 2774 1293 Non
2800 1240 2867 1294 ita
2901 1243 3035 1298 dixit
3067 1246 3202 1300 Deus
3228 1290 3241 1313 ,
3272 1250 3363 1303 scd
3392 1269 3455 1307 ex

1871 1323 2014 1376 omni
2066 1324 2207 1392 ligno
2251 1329 2578 1384 comedimus
2607 1348 2620 1389 :
2654 1332 2721 1385 de
2766 1333 2866 1388 hoc
2910 1346 3086 1391 autem
3134 1340 3274 1409 ligno
3321 1343 3456 1400 dixit

1873 1415 2032 1480 Deus,
2064 1431 2129 1469 ne
2173 1419 2512 1473 comederitis
2539 1438 2603 1475 ex
2632 1423 2745 1489 illo,
2789 1442 2962 1495 neque
3003 1434 3226 1500 tangatis
3260 1434 3453 1503 ipsum.

1869 1505 2003 1560 Vide
2048 1511 2459 1565 aceuratiouem.
2519 1514 2656 1569 Deus
2700 1533 2806 1571 non
2854 1521 3033 1574 dixit:
3079 1524 3156 1577 Ne
3204 1531 3451 1597 tangatis.

1868 1596 2079 1650 Nullum
2110 1600 2303 1670 quippe
2334 1611 2447 1655 erat
2490 1603 2540 1656 in
2582 1615 2720 1661 tactu
2761 1611 3054 1677 periculum
3086 1632 3098 1667 :
3126 1616 3216 1669 scd
3243 1596 3339 1685 illi,
3364 1624 3451 1691 qui

1867 1685 2040 1740 divina
2075 1690 2281 1758 praediti
2330 1695 2609 1762 prudentia
2652 1709 2825 1765 erant,
2859 1702 3077 1773 reliquis
3109 1685 3451 1777 fruentes,â€˜id

1867 1779 2002 1846 apud
2044 1796 2103 1833 se
2146 1790 2447 1839 statuerunt
2479 1803 2490 1836 :
2515 1786 2657 1840 Dixit
2679 1789 2819 1843 Deus
2861 1808 2929 1847 ne
2958 1794 3024 1847 de
3052 1796 3245 1853 arbore
3274 1814 3453 1867 guste-

1867 1885 1986 1925 mus
2015 1886 2029 1934 ;
2059 1887 2155 1925 nos
2196 1890 2261 1927 ne
2303 1882 2580 1944 tangamus
2614 1880 2849 1948 quidem.
2880 1883 3047 1938 Tanta
3091 1890 3296 1944 mulieri
3324 1907 3449 1948 cura

1864 1970 1979 2013 erat
2022 1965 2268 2016 servandi
2319 1966 2408 2018 Dei
2453 1979 2796 2037 prazceptum.
2840 1972 2969 2029 Erat
3005 1978 3163 2046 igitur
3202 1981 3364 2036 arbor
3398 1986 3448 2037 in

1866 2051 2044 2105 medio
2094 2056 2285 2121 posita,
2341 2074 2441 2126 qua
2494 2075 2716 2129 serpens
2759 2064 2967 2119 seduxit
3007 2084 3120 2122 eos.
3165 2071 3296 2125 Rem
3328 2076 3448 2130 audi

1864 2144 2203 2210 stupendam.
2259 2146 2398 2202 Usus
2448 2150 2801 2205 instrumento
2845 2165 2926 2207 est
2975 2158 3038 2209 ad
3085 2157 3344 2227 fraudem,
3391 2182 3448 2220 ro

1863 2249 2055 2302 nempe
2086 2236 2289 2289 homini
2321 2239 2494 2292 insita.
2529 2242 2664 2294 Deus
2693 2244 2838 2296 enim
2870 2245 3138 2304 hominem
3169 2252 3402 2309 formans
3428 2298 3443 2322 ,

1861 2341 1980 2379 cum
2014 2328 2211 2396 reliqua
2241 2332 2483 2394 scientia,
2509 2334 2668 2389 etiam
2697 2334 3018 2391 desiderium
3046 2342 3137 2396 Dei
3160 2345 3443 2404 indiderat.

1861 2418 1990 2471 Cum
2034 2420 2193 2487 igitur
2234 2421 2284 2473 in
2324 2421 2427 2474 illis
2470 2421 2716 2477 desiderii
2765 2425 3288 2500 ï¬‚ammamxideret,
3326 2440 3442 2492 ait:

1862 2507 2018 2561 Eritis
2048 2511 2173 2562 sicut
2201 2510 2291 2563 dii.
2326 2511 2495 2578 Nunc,
2531 2513 2772 2569 homines
2793 2557 2806 2581 ,
2842 2532 2944 2571 non
2980 2524 3201 2587 potesâ€˜tis
3228 2540 3442 2596 semper

1858 2614 1976 2652 cum
2011 2600 2119 2653 Deo
2145 2616 2282 2655 esse.
2316 2602 2369 2655 Si
2400 2601 2606 2658 fueritis
2633 2606 2767 2660 sicut
2795 2606 2867 2660 dii
2894 2649 2908 2673 ,
2937 2623 3151 2681 semper
3187 2630 3307 2669 cum
3350 2620 3443 2674 illo

1858 2692 2017 2747 futuri
2060 2696 2206 2747 estis.
2250 2695 2432 2765 Neque
2461 2698 2601 2751 enim
2633 2700 2766 2755 dixit
2796 2701 2901 2758 illis
2934 2721 2947 2758 :
2981 2704 3035 2759 Si
3077 2712 3438 2779 comederitis,

1860 2782 1949 2836 Dei
1975 2784 2154 2838 hostes
2169 2786 2337 2839 eritis.
2360 2787 2689 2842 Desiderium
2712 2805 2838 2860 ergo
2862 2811 2889 2844 u
2909 2795 3309 2863 qualitatiscum
3331 2804 3442 2859 Deo

1856 2876 2130 2929 mulierem
2162 2876 2359 2945 decipit
2386 2897 2397 2930 :
2433 2879 2627 2949 illaque
2659 2883 2828 2935 virum
2863 2900 2966 2938 non
2998 2888 3216 2957 decipit,
3242 2894 3335 2948 sed
3364 2896 3442 2949 illi

1854 2966 2064 3019 suadet.
2096 2968 2148 3021 ld
2183 2968 2493 3023 testificatur
2521 2971 2716 3026 Paulus
2745 2974 2929 3029 dicens
2960 2995 2972 3029 :
3004 2978 3169 3034 Adam
3207 2984 3439 3041 seductus

1852 3073 1952 3109 non
1978 3066 2050 3109 est
2076 3058 2092 3126 (
2126 3059 2177 3111 l.
2208 3059 2342 3111 Tim.
2369 3060 2423 3116 9..
2461 3063 2527 3116 Î—
2556 3065 2596 3130 ).
2629 3062 2739 3118 Cur
2783 3075 2960 3120 autem
2999 3068 3281 3126 danmatus
3309 3087 3388 3129 est
3416 3077 3439 3129 Ï„

1856 3147 1982 3201 Vide
2011 3149 2133 3203 mali
2165 3152 2501 3219 gravitatem.
2528 3152 2718 3208 Mulier
2739 3156 2958 3211 seducta
2979 3161 3212 3215 comedit
3244 3180 3259 3228 ;
3286 3176 3436 3233 post-

1850 3256 2006 3309 quam
2038 3243 2360 3306 comederat,
2389 3246 2501 3297 viro
2524 3246 2731 3311 suadet,
2766 3266 2830 3302 ne
2862 3251 2971 3303 sola
3004 3264 3432 3322 perverteretur:

1848 3333 2033 3395 suasit,
2067 3348 2169 3386 non
2199 3334 2440 3403 decepit;
2470 3338 2650 3405 utjam
2683 3353 2824 3409 sarpe
2852 3340 2963 3394 fieri
2992 3345 3147 3398 solet.
3173 3346 3329 3403 Novit
3355 3352 3436 3405 vir

1850 3422 2027 3488 fidem,
2058 3434 2198 3478 amat
2224 3426 2414 3496 legem,
2440 3430 2616 3482 studio
2644 3432 2832 3498 plenus
2857 3444 2934 3486 est
2966 3435 3278 3494 orthodoxae
3304 3443 3437 3496 reli-

1846 3513 2049 3581 gionis,
2083 3530 2392 3586 moremque
2423 3519 2558 3587 gerit
2589 3522 2772 3587 uxori,
2804 3538 2869 3576 ne
2897 3524 3127 3579 studium
3161 3530 3430 3598 ostendat,

1846 3622 1950 3660 nou
2000 3608 2248 3676 ignorans
2298 3611 2597 3677 veritatem,
2635 3613 2727 3667 sed
2774 3614 2984 3685 ceujugi
3035 3618 3429 3689 obtemperans.

1845 3696 1990 3751 Multi
2035 3713 2261 3768 namque
2305 3712 2591 3767 putarunt,
2625 3703 2956 3771 ignorantem
2994 3708 3252 3764 Adamum
3281 3728 3435 3770 acce-

1845 3788 1984 3853 pisse
2009 3788 2076 3840 ab
2106 3804 2270 3843 uxore
2290 3831 2301 3851 ,
2334 3807 2453 3843 cum
2499 3793 2730 3846 nesciret
2775 3796 2914 3848 unde
2940 3797 3167 3853 fructum
3198 3802 3429 3864 tulisset.

1843 3878 1911 3931 At
1935 3878 2072 3932 nulla
2103 3881 2197 3948 ipsi
2222 3884 2493 3937 excusatio
2515 3895 2760 3956 superest
2786 3904 2798 3940 :
2831 3887 2973 3945 Dens
2999 3892 3141 3945 enim
3167 3899 3428 3965 coarguit,

1842 3986 1961 4024 cum
1989 3972 2061 4024 ait
2089 3989 2099 4023 :
2134 3973 2265 4038 Quia
2293 3976 2480 4028 audisti
2508 3992 2673 4029 vocem
2703 3981 2876 4033 uxoris
2903 3990 3003 4035 tute
3028 3982 3194 4055 (Gen.
3220 3987 3271 4041 5.
3302 3989 3367 4042 17
3386 3989 3429 4061 ).

1842 4061 1954 4113 Non
1996 4061 2133 4114 dixit
2159 4103 2171 4121 ,
2203 4064 2333 4129 Quia
2378 4067 2624 4133 accepisti
2671 4068 2737 4121 ab
2785 4084 2951 4123 uxore
2991 4081 3077 4124 tua
3112 4091 3125 4126 :
3170 4091 3291 4129 nam
3332 4093 3427 4145 po-

1841 4154 2031 4207 tuisset
2055 4154 2231 4207 dicere
2257 4196 2269 4216 ,
2306 4155 2618 4223 ignorabam
2645 4199 2659 4222 ,
2695 4160 2998 4214 nesciebam
3033 4164 3171 4219 unde
3192 4166 3425 4223 ail'crret.

1840 4242 1948 4295 Viri
1980 4246 2181 4298 crimen
2212 4256 2313 4311 est,
2358 4263 2461 4300 non
2501 4249 2639 4317 quod
2679 4250 2930 4320 deceptus
2955 4295 2969 4318 ,
3016 4256 3107 4309 sed
3150 4260 3286 4325 quod
3343 4261 3425 4315 in-

1839 4344 2048 4387 escatus
2082 4338 2167 4388 sit.
2196 4336 2311 4391 Jam
2344 4339 2406 4391 ad
2438 4340 2691 4407 judicium
2721 4344 3024 4401 veniamus:
3049 4349 3319 4407 videamus
3342 4354 3422 4408 iu-

1838 4436 2132 4480 strumenta
2180 4430 2367 4495 prima,
2418 4446 2536 4498 quae
2580 4432 2630 4484 in
2676 4443 2859 4488 sancto
2898 4437 3005 4501 illo,
3040 4439 3347 4510 incorrupto
3372 4455 3428 4497 et

1836 4516 2081 4569 clementi
2113 4513 2229 4575 [oro
2260 4518 2415 4572 allata
2442 4529 2599 4587 sunt,
2631 4525 2892 4591 descripta
2924 4526 3092 4581 literis
3114 4529 3426 4586 immortalia

1834 4606 1931 4659 bus
1959 4647 1973 4671 ,
2014 4622 2237 4675 quarum
2267 4612 2580 4664 memoriam
2606 4654 2627 4678 ,,
2650 4625 2991 4683 conspectum
3019 4661 3032 4685 ,
3062 4622 3425 4690 conspicuita-

1836 4707 1938 4750 tem
1975 4702 2171 4753 llllllum
2197 4716 2366 4754 :evum
2395 4703 2576 4758 delere
2607 4708 2819 4772 poterit.
2843 4707 2958 4763 Jam
2990 4712 3415 4773 anidmadverte.

1832 4789 2055 4854 Audiuit,
2097 4791 2288 4860 inquit,
2320 4793 2485 4845 Adam
2520 4811 2689 4848 vocem
2716 4797 2922 4853 Domini
2952 4802 3316 4860 deambulantis
3355 4813 3423 4861 ml

1830 4896 2085 4949 vesperam
2112 4883 2165 4934 in
2192 4885 2428 4950 paradiso
2462 4884 2611 4956 (Gen.
2643 4890 2694 4941 3.
2729 4890 2805 4955 8).
2832 4893 2869 4945 A
2897 4896 3115 4961 strepitu
3146 4901 3331 4959 sensit,
3366 4911 3422 4955 et

1830 4987 1857 5023 a
1882 4972 2283 5027 consuetudine.
2315 4974 2526 5044 Ergone
2557 4993 2585 5030 a
2622 4981 2843 5048 strepitu
2885 4984 3049 5049 potuit
3078 4985 3218 5041 Deus
3248 5003 3416 5059 appa-

1830 5071 1947 5108 rere
1979 5054 1997 5107 ?
2028 5056 2333 5123 Apparebat
2363 5075 2466 5112 non
2513 5070 2570 5114 ut
2602 5074 2738 5128 erat,
2770 5065 2862 5117 sed
2896 5076 2951 5119 ut
2978 5069 3207 5124 volebat.
3242 5054 3417 5129 Bene-

1828 5146 1998 5199 dictus
2025 5157 2327 5201 sanctorum
2358 5150 2495 5204 Deus
2514 5193 2528 5216 ,
2556 5152 2694 5220 quod
2723 5154 2786 5207 ad
2820 5170 3096 5226 veSperam
3128 5170 3256 5218 tunc
3274 5166 3416 5220 Ada-

1829 5252 1972 5289 mum
1996 5237 2286 5292 visitaverit
2314 5281 2326 5303 ,
2361 5252 2411 5293 et
2442 5258 2579 5294 nunc
2612 5243 2661 5295 in
2694 5259 2851 5299 cruce
2875 5248 2937 5301 ad
2969 5265 3268 5321 vesperam.
3303 5255 3412 5311 illis

1824 5327 2018 5395 quippe
2050 5330 2193 5381 boris
2220 5330 2463 5383 Christus
2493 5335 2793 5399 passionem
2826 5339 3111 5405 sustinuit,
3146 5360 3277 5411 quas
3305 5349 3411 5416 egit

1824 5417 1990 5470 Adam
2018 5458 2031 5481 ,
2072 5434 2133 5471 ex
2160 5435 2270 5488 quo
2299 5422 2606 5475 comedcrat
2627 5466 2641 5489 ,
2669 5424 2837 5479 donec
2867 5428 3097 5483 latebras
3123 5446 3404 5500 qurererct,

1823 5523 1883 5561 ac
1906 5508 2164 5577 judicium
2194 5513 2414 5576 subiret,
2447 5530 2475 5567 a
2505 5528 2651 5569 sexta
2681 5533 2848 5585 usque
2878 5520 2943 5571 ad
2977 5537 3168 5574 nonam
3200 5525 3402 5580 horam.

1821 5601 1980 5654 Sexta
2024 5601 2151 5655 hora
2197 5604 2429 5657 comedit
2461 5622 2474 5658 :
2509 5606 2621 5659 haec
2656 5609 2795 5659 enim
2837 5621 3040 5663 naturre
3076 5613 3251 5681 regula
3284 5628 3403 5684 est;

1822 5702 1939 5760 post
1959 5702 2161 5747 sextam
2185 5694 2462 5749 abscondit
2488 5709 2567 5751 se.
2590 5698 2667 5750 Ad
2688 5713 2958 5767 vesperam
2983 5700 3120 5755 Deus
3143 5703 3209 5758 ad
3233 5706 3408 5773 ipsum

1822 5785 1982 5838 venit.
2015 5785 2344 5841 Desideravit
2371 5786 2607 5843 Adamus
2650 5789 2759 5845 ï¬eri
2802 5791 2933 5846 deus
2964 5811 2977 5857 ;
3009 5809 3119 5849 rem
3153 5795 3402 5868 impossiv
