4110 6318
214 358 334 414 491

222 459 392 513 bilem
420 456 769 514 desideravit:
801 458 916 529 ejus
934 458 1179 517 Christus
1208 460 1529 519 desiderium
1554 465 1811 536 implevit.

216 546 549 603 Desideras“
581 548 631 602 id
659 563 778 603 esse
798 589 810 612 ,
841 549 982 619 quod
1010 566 1115 605 non
1147 552 1364 621 potuisti
1396 572 1408 606 :
1437 554 1689 611 desidero
1713 574 1815 629 ego

211 638 336 693 ﬁeri
367 639 545 702 homo,
580 649 633 692 et
664 654 880 709 possum
908 658 919 693 :
952 640 1069 710 ejus
1089 644 1261 698 errori
1287 644 1457 700 vicem
1486 646 1811 703 contrariam

212 728 363 783 Deus
386 729 586 783 retulit.
624 730 948 784 Desiderasti
979 747 1098 801 qua:
1128 748 1286 803 supra
1312 744 1363 789 te
1394 746 1568 799 erant,
1595 752 1811 792 assumo

208 832 317 887 rgo
344 834 461 887 quze
492 816 626 872 infra
657 835 743 873 me
769 828 910 874 sunt.
950 819 1335 891 Equalitatem
1372 840 1492 878 cum
1538 826 1647 881 Deo
1681 840 1811 881 con-

204 908 459 975 cupivisti
491 925 503 961 :
552 909 771 977 aequalis
817 909 1017 964 homini
1061 910 1151 965 lio.
1195 912 1321 967 ldco
1359 913 1433 968 ait
1462 915 1659 970 Paulus
1693 934 1706 970 :
1740 916 1810 970 Et

200 996 385 1049 habitu
422 997 649 1051 inventus
683 1007 740 1051 ut
778 998 926 1053 homo
959 1001 977 1071 (
1003 1000 1237 1073 Philipp.
1265 1002 1319 1056 2.
1348 1004 1379 1057 7
1410 1006 1449 1075 ).
1481 1004 1805 1062 Desiderasti

196 1104 333 1144 esse
361 1085 519 1154 Deus,
550 1105 721 1161 neque
748 1090 869 1146 ideo
899 1093 1201 1164 indignatus
1230 1111 1345 1149 sum
1379 1112 1393 1150 :
1423 1098 1545 1151 volo
1580 1099 1722 1152 enim
1756 1107 1806 1153 te

194 1181 569 1249 aequalitatem
616 1198 735 1236 cum
783 1184 892 1238 Deo
931 1187 1313 1256 concupiscere
1342 1204 1356 1253 ;
1387 1188 1481 1244 sed
1521 1190 1803 1245 ideoindi-

191 1282 395 1340 gnatus
418 1287 565 1335 sum,
595 1274 733 1343 quod
767 1276 961 1343 praeter
986 1276 1195 1332 Domini
1224 1281 1539 1335 sententiam
1569 1298 1686 1337 eam
1718 1283 1802 1337 di-

189 1364 461 1431 gnitatem
494 1379 682 1433 rapere
712 1365 965 1421 volueris.
1000 1366 1225 1424 Voluisti
1252 1370 1385 1425 deus
1415 1371 1551 1438 fieri,
1587 1389 1686 1429 nec
1707 1388 1803 1443 po-

190 1459 353 1513 luisti
388 1476 402 1525 ;
431 1458 591 1513 homo
617 1457 687 1513 ilo
707 1501 726 1526 ,
766 1468 821 1514 et
848 1461 991 1531 quod
1024 1462 1354 1530 impossibile
1380 1474 1515 1531 erat,
1545 1468 1799 1536 possibile

186 1551 390 1606 reddo.
422 1551 575 1619 Quod
618 1561 797 1607 autem
845 1568 911 1607 ex
947 1552 1214 1609 desiderio
1256 1555 1321 1609 ad
1362 1556 1465 1611 hoc
1491 1559 1794 1626 accederet,

185 1643 317 1713 ipse
346 1646 665 1699 testificatur
692 1644 774 1700 his
802 1645 979 1700 verbis
1010 1665 1028 1702 :
1054 1662 1174 1701 cum
1215 1648 1331 1719 ipse
1361 1650 1554 1719 pascha
1587 1651 1794 1720 ederet,

183 1736 314 1805 ipse
343 1736 497 1791 alens
522 1751 644 1791 cum
671 1735 735 1791 iis
774 1738 863 1807 qui
891 1736 1192 1801 alebantur,
1239 1756 1358 1793 eum
1399 1755 1584 1795 mensa
1627 1758 1796 1813 appo-

181 1830 298 1881 sita
323 1828 397 1882 illi
422 1837 565 1900 esset
585 1869 599 1894 ,
633 1827 721 1897 qui
750 1827 845 1881 alit
876 1830 1185 1885 universum
1216 1832 1438 1896 orbem,
1472 1834 1642 1903 inquit
1663 1850 1795 1904 apo-

179 1920 349 1974 stolis
381 1938 393 1974 :
424 1918 684 1974 Desiderio
713 1920 997 1975 desideravi
1025 1923 1121 1977 hoc
1145 1926 1335 1995 pascha
1373 1928 1682 1981 manducare
1711 1944 1796 1982 vo—

182 2012 391 2065 biscum
418 2010 567 2084 (Luc.
607 2009 699 2066 22.
734 2010 847 2082 15).
878 2011 1015 2067 Num
1045 2014 1187 2069 illam
1220 2030 1343 2070 cum
1376 2017 1485 2072 Deo
1514 2019 1792 2088 :eqnalita-

181 2114 302 2159 tem
334 2105 496 2159 invidi
524 2104 619 2159 tibi
643 2104 667 2159 ?
687 2104 767 2160 Tu
798 2121 915 2161 mea
945 2120 1204 2177 usurpare
1233 2108 1447 2165 voluisti
1474 2154 1489 2179 ,
1518 2126 1640 2166 cum
1684 2130 1789 2168 non

179 2212 380 2266 passes
404 2214 418 2263 ;
449 2212 550 2267 ego
578 2206 665 2251 tua
683 2212 920 2264 assumo,
943 2202 1084 2270 quod
1109 2214 1237 2257 sane
1269 2218 1503 2271 possum.
1535 2206 1786 2261 Animum

176 2288 404 2343 adhibe.
441 2288 726 2343 Descendit
753 2289 820 2344 ad
847 2304 1128 2361 reaperam
1154 2335 1167 2359 ,
1198 2303 1252 2348 et
1284 2294 1414 2349 dicit
1447 2314 1459 2349 :
1489 2296 1674 2364 Adam,
1706 2299 1790 2353 ubi

173 2397 236 2437 es
268 2380 420 2454 (Cen.
451 2382 502 2435 5.
538 2379 591 2449 9)
616 2382 642 2435 τ

258 2493 317 2549 6.
351 2493 475 2548 llmc
520 2492 700 2549 affinia
743 2501 868 2549 sunt
896 2511 911 2548 :
937 2497 1095 2551 unius
1138 2497 1281 2553 enim
1314 2499 1411 2555 Dei
1441 2511 1566 2556 sunt
1592 2512 1646 2557 et
1672 2503 1787 2560 haec

172 2596 237 2643 et
261 2586 375 2643 illa.
405 2585 669 2657 Numquid
696 2588 837 2641 enim
869 2588 1008 2643 alius
1031 2589 1097 2643 ad
1129 2591 1427 2660 passionem
1458 2596 1621 2660 venit,
1648 2596 1785 2652 alius

174 2677 467 2734 descendit
506 2676 557 2731 iu
590 2676 939 2746 paradisum?
968 2678 1265 2734 Abscondit
1292 2696 1385 2747 se,
1418 2686 1604 2749 sensit,
1635 2696 1783 2755 post-

172 2784 347 2840 quam
377 2768 706 2823 comederat.
741 2770 917 2839 Aperti
960 2780 1075 2823 sunt
1119 2772 1261 2826 enim
1309 2790 1486 2827 eorum
1528 2779 1695 2842 oculi,
1740 2788 1784 2832 et

173 2868 524 2932 cognoverunt
567 2876 621 2914 se
650 2859 815 2914 nudos
844 2876 952 2915 esse
993 2859 1146 2932 (Gen.
1178 2864 1230 2917 3.
1267 2864 1342 2933 7).
1378 2863 1511 2932 Quia
1540 2866 1783 2923 diabolus

172 2952 433 3017 dixerat,
471 2950 583 3017 Qua
610 2950 691 3004 die
720 2950 1071 3017 comederitis,
1104 2954 1395 3023 aperientur
1437 2957 1571 3010 oculi
1600 2960 1782 3016 vestri:

172 3057 334 3109 ecce,
359 3042 547 3112 inquit,
566 3056 691 3095 vera
708 3040 841 3095 dixit
860 3050 1094 3096 satanas.
1112 3043 1277 3098 Paulo
1293 3047 1542 3101 convenit
1562 3048 1741 3106 dicere
1763 3069 1777 3105 :

171 3131 236 3187 Ν
240 3149 309 3186 on
335 3132 467 3186 enim
483 3133 594 3201 ejus
613 3131 825 3185 consilia
840 3132 1133 3202 ignoramus
1145 3133 1222 3202 (2.
1240 3133 1361 3191 Cor.
1373 3135 1429 3190 2.
1447 3141 1469 3191 l
1484 3138 1559 3209 l).
1575 3138 1781 3196 Norunt

171 3224 354 3281 sancti
385 3224 583 3279 diaboli
615 3222 913 3278 machinas.
952 3221 1087 3279 Vide
1115 3226 1394 3281 malitiam.
1428 3228 1581 3285 Unde
1624 3244 1781 3289 norat

173 3316 448 3379 diabolus,
478 3315 591 3371 fore
618 3323 695 3381 ut,
722 3323 1000 3385 postquam
1028 3317 1409 3385 comedissent,
1442 3322 1779 3391 aperirentur

171 3422 365 3464 eorum
396 3406 582 3462 oculi?
611 3421 737 3459 num
765 3409 891 3460 caeci
920 3408 1107 3462 erant?
1136 3409 1271 3464 Dicit
1295 3411 1592 3483 Scriptura,
1623 3426 1777 3471 ante-

172 3513 341 3569 quam
374 3497 449 3551 illi
491 3498 839 3552 comederent
868 3497 936 3552 de
964 3499 1196 3555 arbore:
1234 3500 1369 3555 Vidit
1410 3505 1592 3559 mulier
1622 3506 1775 3559 arbo-

172 3608 307 3646 rem.
337 3590 453 3646 Non
488 3605 616 3661 ergo
655 3605 795 3645 cteca
840 3599 974 3645 erat.
1014 3590 1186 3659 Vidit,
1233 3595 1421 3665 inquit,
1463 3600 1645 3653 mulier
1686 3618 1776 3653 ar-

171 3685 346 3739 borem
366 3727 380 3750 ,
410 3684 546 3754 quod
574 3690 779 3754 aspectu
808 3683 1022 3753 pulchra
1068 3695 1193 3739 esset
1220 3684 1373 3757 (Gen.
1404 3690 1455 3743 5.
1488 3689 1565 3760 6).
1597 3690 1777 3747 Primo

172 3778 345 3843 vidit,
394 3778 588 3832 deinde
637 3776 888 3832 comedit.
936 3778 1217 3845 Quomodo
1247 3780 1406 3851 igitur
1448 3787 1616 3854 aperti
1651 3797 1777 3840 sunt

172 3883 364 3923 eorum
394 3867 570 3921 oculi?
602 3866 852 3933 Attende,
885 3882 1102 3937 quaeso;
1151 3870 1236 3923 hic
1260 3873 1401 3925 enim
1426 3877 1649 3942 qutestio
1674 3876 1773 3930 sita

170 3967 280 4014 est.
324 3958 577 4014 Diabolus
626 3956 696 4012 de
740 3972 965 4013 numero
994 3974 1178 4013 eorum
1215 3970 1365 4029 erat,
1396 3967 1485 4033 qui
1518 3964 1650 4034 lapsi
1679 3983 1773 4022 seu

174 4052 500 4122 transgressi
550 4051 789 4117 fuerant;
839 4061 1170 4121 noveratque
1215 4054 1342 4124 quid
1392 4071 1581 4125 passus
1631 4068 1777 4113 esset

174 4155 301 4214 post
322 4142 821 4213 transgressionem,
849 4143 1081 4214 quidque
1108 4145 1195 4199 alii
1227 4157 1652 4216 transgressores
1679 4164 1771 4219 pa-

177 4244 442 4289 terentur.
474 4233 789 4289 Communis
829 4244 1005 4289 autem
1040 4235 1290 4291 onmibus
1320 4247 1403 4291 est
1432 4238 1546 4293 hate
1574 4243 1769 4309 passio.

172 4329 308 4384 Nam
342 4327 605 4396 hodieque
632 4340 751 4381 cum
786 4339 1071 4395 peccamus
1092 4369 1106 4393 ,
1138 4328 1277 4381 velut
1304 4331 1428 4383 cznci
1458 4346 1769 4399 peccamus:

177 4428 301 4490 post
334 4430 610 4488 peccatum
658 4425 783 4472 tunc
826 4416 1068 4470 videmus
1100 4418 1225 4487 quid
1273 4417 1577 4473 fecerimus.
1614 4422 1773 4477 Verbi

175 4525 362 4573 causa,
392 4509 435 4563 si
467 4510 584 4579 quis
625 4516 923 4570 accusetur,
955 4507 1063 4561 Cur
1094 4507 1194 4561 hoc
1228 4507 1437 4564 fecisti?
1466 4511 1509 4563 is
1537 4516 1773 4567 necessi-

179 4613 345 4657 tatem
396 4599 869 4671 przetcnditzVere
916 4614 1021 4654 non
1070 4599 1314 4654 videbam
1350 4602 1471 4670 quid
1510 4604 1770 4670 facerem;

177 4710 287 4749 non
316 4693 457 4761 quod
474 4706 647 4745 czecus
671 4700 833 4752 esset,
854 4691 945 4744 sed
968 4691 1107 4760 quod
1132 4692 1271 4746 inter
1291 4693 1615 4761 peccandum
1641 4697 1775 4752 ratio

176 4784 594 4846 obtcnebretur,
628 4782 753 4836 dum
797 4790 938 4835 totus
981 4783 1117 4837 actui
1164 4784 1515 4845 incumberet.
1560 4788 1611 4839 itt
1660 4789 1775 4857 ipso

178 4887 361 4932 autem
394 4891 557 4946 opere
601 4885 922 4929 exerceatur.
970 4873 1160 4928 Postea
1210 4892 1336 4930 vero
1367 4876 1418 4930 in
1450 4880 1774 4933 conscientia

176 4971 325 5024 videt
363 4968 488 5038 quid
533 4968 737 5023 fecerit.
786 4966 1028 5037 Exempli
1077 4982 1236 5021 causa
1270 4986 1281 5021 ε
1315 4969 1606 5039 ingreditur
1654 4972 1775 5041 quis

176 5063 401 5116 domum
431 5069 485 5113 ut
515 5059 750 5123 foretur,
793 5069 850 5113 ut
896 5073 1071 5112 etecus
1114 5061 1307 5123 intrat;
1355 5076 1459 5115 non
1488 5063 1682 5131 cogitat
1708 5063 1775 5119 de

177 5153 272 5207 illo
293 5192 307 5215 ,
342 5152 430 5221 qui
461 5150 670 5203 obviam
700 5148 906 5205 futurus
932 5160 1047 5217 est,
1076 5150 1143 5205 de
1169 5166 1233 5205 eo
1259 5152 1345 5219 qui
1377 5154 1737 5221 apprehendet
1756 5198 1770 5221 ,

177 5258 287 5298 non
329 5242 395 5296 de
440 5241 678 5311 judicum
727 5250 890 5307 metu,
938 5241 1004 5295 de
1047 5243 1389 5312 impendente
1438 5247 1673 5314 periculo
1704 5266 1716 5303 :
1744 5264 1772 5302 a

179 5337 370 5392 morbo
398 5350 626 5404 namque
663 5335 825 5388 animi
868 5348 1165 5391 excaecatus
1192 5345 1293 5391 est.
1327 5337 1460 5392 Cum
1502 5340 1773 5409 ingressus

181 5428 361 5492 fuerit,
390 5441 509 5481 cum
539 5424 831 5494 abripuerit
858 5467 873 5490 ,
905 5440 1024 5479 cum
1069 5427 1273 5481 furatus
1302 5444 1549 5499 egressus
1580 5429 1737 5485 fuerit
1758 5473 1773 5498 ,

184 5520 397 5575 nemine
430 5528 721 5588 prgusente,
754 5527 897 5572 metu
925 5518 1160 5587 repletur
1180 5562 1193 5585 ,
1228 5523 1388 5575 sentit
1410 5523 1534 5592 quid
1565 5522 1773 5592 fecerit,

180 5614 475 5683 anxiusque
502 5612 717 5681 cogitat,
747 5611 789 5665 si
819 5612 1129 5681 perquisitio
1159 5610 1330 5666 futura
1359 5616 1445 5680 sit,
1478 5614 1777 5685 deprchen-

186 5719 339 5759 suros
368 5717 489 5759 esse
517 5703 637 5773 quis
666 5702 870 5756 facinus
914 5703 1251 5772 perpetrarit.
1286 5704 1415 5771 Quae
1438 5706 1575 5761 inter
1610 5722 1777 5777 agen-

183 5800 306 5854 duut
338 5813 447 5855 non
475 5811 657 5853 secum
690 5796 1005 5867 reputabat,
1039 5804 1157 5865 post
1187 5812 1300 5853 rem
1326 5810 1529 5869 gestam
1556 5802 1771 5871 cogitat.

1663 354 2028 413 SEVERIANI

3411 388 3525 444 492

1926 469 2084 525 Verbi
2112 471 2302 539 gratia,
2333 472 2421 541 qui
2450 474 2765 540 mmehatur,
2795 475 2845 530 in
2878 478 3216 550 alienumque
3246 490 3420 536 torum
3450 500 3508 543 se

1923 562 2111 631 injicit,
2147 564 2345 628 intrat,
2376 581 2475 621 nec
2500 568 2696 639 cogitat
2725 586 2845 625 esse
2875 572 3055 641 leges,
3086 574 3389 641 tribunalia,
3424 592 3518 631 ac-

1920 663 2195 709 cusatores
2217 696 2233 719 ,
2264 656 2469 727 gladios
2499 668 2683 714 acutos
2705 678 2717 711 :
2739 671 2794 715 at
2824 679 2882 718 re
2914 675 3123 733 peracta
3145 708 3159 730 ,
3204 668 3389 730 timet,
3422 682 3505 723 su-

1917 753 2127 812 spectos
2157 745 2315 800 habet
2341 762 2575 815 servum,
2611 752 2884 820 ancillam,
2919 756 3173 821 vicinum,
3204 769 3509 827 cognatum,

1916 850 2142 905 quzeque
2168 836 2305 892 inter
2325 840 2589 909 agendum
2616 858 2719 895 non
2743 846 3028 914 cogitabat,
3054 846 3281 903 advertit
3307 860 3508 917 postea.

1916 925 2119 981 Rursus
2154 929 2406 983 admonet
2444 932 2562 1001 quis
2593 934 2756 988 alium
2798 943 2855 988 ut
2885 936 3151 992 abstineat
3183 955 3211 993 a
3242 940 3395 995 malis
3416 982 3430 1005 ,
3466 942 3511 997 si

1913 1032 2117 1074 morem
2148 1036 2254 1076 non
2283 1025 2530 1093 gesserit,
2560 1026 2696 1080 solet
2733 1028 2780 1082 ei
2812 1026 2991 1084 dicere
3014 1047 3025 1083 ε
3047 1028 3253 1100 Saepius
3282 1032 3389 1086 dixi
3421 1033 3507 1100 ei,

1912 1122 2094 1169 etnon
2125 1115 2360 1178 audivit;
2392 1135 2497 1172 non
2525 1120 2665 1189 quod
2699 1136 2801 1175 non
2832 1123 3080 1190 audierit,
3111 1125 3203 1178 sed
3231 1125 3369 1194 quod
3400 1141 3506 1180 non

1911 1204 2314 1276 obtemperarit.
2347 1208 2481 1263 Tum
2514 1211 2798 1282 inlligendo
2826 1214 3007 1283 plagas
3032 1216 3108 1269 ait
3134 1234 3146 1270 :
3172 1215 3349 1271 Doeeo
3373 1225 3427 1271 te
3447 1226 3504 1271 ut

1909 1294 2128 1363 audias;
2159 1314 2265 1352 non
2292 1302 2431 1369 quod
2460 1301 2696 1356 auditum
2728 1304 2800 1357 illi
2824 1306 3040 1371 tribuat,
3068 1308 3160 1363 sed
3183 1308 3323 1377 quod
3350 1309 3500 1378 plaga

1907 1386 2157 1443 emendet
2205 1404 2632 1462 prmoccupatum
2682 1396 2957 1461 animum,
3003 1407 3057 1452 et
3102 1398 3167 1453 ad
3220 1400 3499 1454 meliorem

1905 1476 2109 1549 frugem
2152 1482 2392 1537 reducat.
2435 1484 2525 1540 Sic
2566 1496 2617 1539 et
2651 1486 2949 1556 propheta:
2980 1488 3261 1558 Disciplina
3293 1490 3503 1543 Domini

1904 1574 2065 1643 aperit
2106 1574 2231 1627 mihi
2272 1592 2420 1630 aures
2460 1575 2612 1646 (Isai.
2658 1576 2746 1631 50.
2791 1579 2869 1647 5).
2914 1580 3047 1646 Quia
3088 1596 3216 1651 ergo
3240 1581 3489 1639 diabolus

1904 1666 2176 1720 exciderat
2208 1666 2335 1735 (non
2364 1668 2507 1722 enim
2534 1668 2832 1738 argumenti
2860 1670 3056 1725 oblitus
3087 1672 3246 1743 sum),
3278 1683 3501 1729 noverat

1905 1755 1989 1809 uhi
2016 1767 2133 1811 erat
2157 1796 2171 1819 ,
2211 1765 2491 1826 postquam
2519 1757 2737 1825 excidit,
2779 1768 3011 1829 tuncque
3040 1762 3091 1815 in
3120 1777 3337 1819 sensum
3367 1762 3499 1818 faci-

1903 1847 2047 1901 noris
2073 1848 2154 1902 sui
2186 1850 2349 1903 venit.
2384 1849 2652 1906 Didicerat
2678 1866 2805 1922 ergo
2835 1868 2899 1906 ex
2933 1854 2996 1907 iis
3026 1869 3251 1923 quorum
3286 1855 3496 1923 pericu-

1900 1939 2006 1993 lum
2040 1939 2276 2009 fecerat,
2308 1942 2518 2013 aitque,
2552 1942 2615 1999 Si
2642 1944 2986 2011 comederitis,
3032 1946 3319 2013 aperientur
3363 1948 3501 2000 oculi

1897 2035 2076 2100 uestri;
2106 2048 2332 2105 nempe,
2366 2044 2424 2090 ut
2463 2036 2567 2090 mei
2608 2037 2776 2106 aperti
2810 2048 2933 2092 sunt
2966 2055 2978 2091 :
3006 2052 3071 2093 ex
3100 2054 3205 2107 quo
3231 2040 3497 2109 peccavi,

1898 2127 2019 2179 novi
2066 2127 2192 2198 quid
2236 2142 2424 2197 passus
2455 2128 2589 2191 sim,
2638 2130 2761 2183 novi
2800 2130 2926 2199 quid
2962 2131 3253 2185 amiserim.
3297 2130 3496 2185 Deinde

1896 2219 2239 2285 comederunt,
2266 2230 2312 2274 et
2335 2221 2501 2290 aperti
2524 2231 2640 2276 sunt
2668 2223 2801 2276 oculi
2822 2239 3016 2289 eorum,
3038 2232 3081 2277 et
3104 2224 3333 2277 viderunt
3356 2225 3491 2293 quod

1895 2308 2022 2361 nudi
2050 2320 2233 2363 essent.
2269 2312 2407 2366 Ante
2444 2311 2587 2366 enim
2631 2313 2758 2367 nudi
2804 2323 2957 2368 erant
2986 2323 3039 2367 et
3069 2328 3174 2368 non
3206 2314 3491 2369 erubesce-

1899 2399 2047 2454 bant.
2081 2400 2356 2457 Exuerant
2400 2403 2890 2467 immortalitatem,
2942 2405 3149 2459 sublata
3195 2416 3309 2460 erat
3353 2406 3490 2460 stola

1891 2492 2110 2562 gloria),
2154 2493 2407 2548 nudatum
2445 2508 2641 2565 corpus
2684 2494 2885 2561 fuerat,
2930 2504 2984 2550 et
3026 2496 3193 2549 lutum
3236 2495 3489 2563 deinceps

1889 2594 2025 2639 erat.
2073 2583 2264 2640 Statim
2315 2587 2539 2640 scaturit
2580 2586 2855 2641 inventum
2908 2586 3123 2640 artium.
3176 2586 3279 2639 Ars
3317 2586 3489 2655 prima

1889 2674 2081 2729 Adami
2122 2677 2350 2731 sartoria
2391 2676 2509 2731 fuit.
2558 2680 2696 2732 Ante
2722 2692 2938 2732 omnem
2967 2686 3138 2732 artem
3168 2677 3395 2746 sumpsit
3421 2677 3488 2731 fl-

1889 2766 2096 2820 culnete
2126 2766 2268 2833 folia,
2301 2777 2353 2823 et
2399 2769 2627 2823 consuit.
2661 2769 2792 2836 Quis
2821 2768 3040 2823 docuit?
3067 2770 3185 2840 quis
3215 2778 3485 2824 monstra-

1888 2859 1998 2911 vit?
2021 2857 2196 2915 Semel
2228 2876 2258 2914 a
2290 2860 2398 2915 Deo
2421 2861 2692 2915 solertiam
2713 2870 3013 2930 acceperat,
3039 2861 3212 2931 imago
3231 2872 3345 2915 erat
3365 2861 3481 2927 Dei,

1887 2957 1941 3002 et
1968 2948 2034 3002 de
2062 2950 2284 3004 scientia
2312 2949 2522 3004 dubitas
2546 2950 2568 3003 ?
2591 2952 2721 3004 Cum
2751 2958 2923 3005 tecum
2953 2953 3306 3019 reputaveris,
3342 2951 3483 3007 unde

1886 3040 2117 3107 primum
2163 3039 2324 3095 homo
2353 3050 2587 3096 aratrum
2620 3041 2838 3108 fecerit,
2873 3042 2992 3113 quis
3022 3043 3222 3113 lignum
3254 3054 3440 3112 aptare
3462 3085 3478 3108 ,

1886 3141 1943 3187 et
1969 3134 2020 3186 in
2049 3134 2227 3188 medio
2256 3133 2453 3189 ferrum
2482 3135 2722 3191 inserere
2755 3146 2809 3191 et
2844 3136 3176 3208 adstringere
3204 3137 3477 3202 docuerit.

1879 3222 2065 3293 jugum
2112 3224 2282 3279 bobus
2328 3226 2634 3296 imponere;
2686 3225 2825 3281 unde
2870 3228 3063 3282 mulier
3091 3226 3333 3282 texendae
3362 3227 3481 3283 telae

1882 3324 2052 3369 artem
2080 3316 2375 3383 invenerit,
2406 3318 2651 3372 sumendi
2682 3318 2851 3371 vellus
2874 3360 2887 3383 ,
2920 3318 3162 3383 lavandi,
3193 3318 3437 3388 pectendi
3461 3358 3477 3384 ,

1883 3404 2043 3459 nendi
2066 3446 2080 3470 ,
2111 3406 2357 3476 c0pulata
2388 3407 2641 3461 tenuandi
2665 3449 2681 3475 ,
2715 3423 3006 3477 rursusque
3036 3410 3279 3463 nectendi
3305 3408 3481 3463 :uude

1883 3494 2024 3550 hoc?
2078 3495 2209 3562 Quis
2270 3495 2670 3567 phrygionicam
2727 3496 3047 3569 phrygiones
3100 3498 3313 3554 docuit?
3365 3498 3481 3555 Stat

1887 3589 2174 3642 textorium
2223 3589 2632 3645 instrumentum
2656 3633 2671 3657 ,
2720 3605 2883 3644 unum
2926 3600 3008 3645 est
3042 3592 3183 3663 quod
3215 3593 3475 3647 mittitur:

1882 3695 1987 3734 non
2019 3695 2207 3734 manus
2234 3683 2398 3736 efﬁcit
2418 3724 2431 3748 ,
2480 3683 2574 3736 sed
2606 3683 2742 3738 ratio
2770 3694 3026 3753 operatur
3049 3725 3063 3749 ,
3111 3686 3247 3741 ratio
3277 3684 3479 3741 formas

1881 3771 2136 3825 absolvit.
2185 3772 2392 3826 Artifex
2438 3789 2627 3827 manus
2674 3789 2780 3828 non
2828 3774 3017 3843 injicit,
3067 3774 3306 3846 artisque
3342 3778 3480 3831 ratio

1880 3865 2258 3920 vestimentum
2290 3866 2521 3930 format,
2554 3876 2608 3921 et
2635 3867 2685 3920 in
2719 3868 2930 3935 figuris,
2959 3883 3077 3937 quze
3105 3869 3275 3922 oculis
3306 3870 3479 3937 percio

1884 3959 2116 4026 piuntttr,
2150 3960 2415 4012 excitatur
2439 3960 2657 4014 artificis
2685 3959 2951 4013 voluntas.
2979 3959 3097 4014 Jam
3122 3960 3346 4031 phrygio
3372 3976 3477 4016 non

1882 4062 2064 4104 movet
2095 4066 2287 4104 manus
2310 4092 2325 4116 ,
2366 4059 2420 4105 et
2450 4050 2647 4105 formas
2676 4053 2887 4107 excitat.
2926 4052 2981 4107 Si
3009 4062 3185 4107 autem
3213 4052 3473 4117 audieris,

1886 4142 2049 4195 Deum
2098 4141 2344 4211 operari,
2397 4152 2621 4211 putasne
2670 4143 2843 4213 ipsum
2895 4157 3114 4197 movere
3157 4158 3371 4197 manum
3423 4152 3479 4198 ut

1881 4231 2172 4302 operetur?
2216 4241 2271 4286 et
2314 4233 2357 4286 si
2404 4249 2619 4289 omnem
2672 4244 2841 4288 artem
2892 4246 3157 4302 omneque
3204 4234 3475 4287 inventum

1880 4325 2216 4394 exquisieris,
2245 4325 2572 4395 dixerisque,
2598 4325 2878 4391 Quomodo
2905 4323 3007 4379 hoc
3032 4332 3085 4377 et
3106 4325 3234 4378 illttd
3264 4326 3472 4379 invene-

1882 4414 2037 4468 runt?
2068 4415 2383 4469 recordatus
2408 4418 2593 4483 primm
2614 4416 2760 4469 vocis
2784 4430 2886 4485 qua
2913 4415 3112 4469 dictum
3143 4416 3260 4482 fuit,
3286 4415 3474 4470 Facia-

1882 4521 1994 4558 mus
2026 4506 2277 4559 hominem
2306 4506 2374 4558 ad
2399 4506 2669 4575 imaginem
2696 4518 2941 4572 nostram,
2974 4507 3138 4563 habes
3166 4508 3474 4578 quaestionis

1882 4596 2221 4651 solutionem.
2249 4598 2341 4651 Dei
2368 4598 2539 4667 imago
2558 4607 2665 4657 est,
2690 4607 2857 4651 etnon
2880 4598 3159 4668 intelligit?
3184 4599 3277 4653 Dei
3302 4600 3476 4668 imago

1882 4703 1996 4753 est,
2049 4698 2103 4743 et
2146 4706 2251 4744 non
2299 4691 2533 4743 imitatur
2563 4690 2884 4743 Dominum?
2914 4692 3119 4744 Consnit
3146 4690 3272 4760 folia
3309 4692 3454 4759 ﬁcus.

1953 4782 2003 4833 7.
2023 4779 2210 4834 Contra
2240 4798 2321 4834 eos
2349 4783 2434 4851 qui
2460 4781 2690 4835 dicebant
2720 4781 3016 4850 paradisum
3038 4784 3091 4834 in
3113 4785 3238 4836 caelo
3255 4799 3380 4837 esse.
3405 4812 3475 4822 -

1886 4871 2222 4927 Erubescant
2252 4876 2338 4945 qui
2368 4873 2658 4943 allegorice
2691 4875 3108 4944 interpretantes
3136 4874 3345 4942 dicunt,
3380 4890 3475 4944 pa-

1884 4965 2120 5019 radisum
2160 4966 2208 5019 in
2242 4967 2376 5021 Caelo
2419 4975 2472 5020 et
2513 4967 2845 5035 spiritualem
2898 4981 3038 5021 esse.
3096 4967 3155 5021 In
3182 4968 3313 5021 caelo
3350 4966 3475 5036 quid

1887 5058 2011 5112 facit
2068 5060 2232 5113 licus?
2277 5060 2471 5114 Venno
2523 5060 2591 5113 sit
2640 5062 2689 5113 in
2722 5062 2853 5115 cazlo
2899 5060 3179 5133 paradisus
3214 5078 3225 5113 :
3258 5061 3476 5114 flumina

1886 5152 2026 5206 unde
2056 5153 2287 5209 exeunt?
2320 5169 2498 5208 nonne
2528 5169 2591 5208 ex
2625 5155 2807 5207 terra?
2834 5153 2887 5208 Si
2936 5153 3219 5222 paradisus
3265 5168 3476 5206 sursum

1883 5256 1983 5311 est,
2022 5244 2163 5300 haud
2204 5247 2366 5302 dubie
2408 5248 2625 5301 flumina
2686 5248 2751 5301 de
2792 5249 3037 5317 supernis
3089 5247 3277 5301 ﬂuunt.
3338 5244 3474 5300 Num

1885 5337 2013 5391 dicit
2034 5337 2311 5407 Scriptura
2348 5356 2359 5392 :
2396 5340 2615 5394 Flovius
2646 5340 2923 5393 descendit
2950 5356 3012 5393 ex
3042 5339 3248 5392 Edent?
3277 5338 3477 5393 Atvide

1886 5429 2179 5499 δοιιὴὶειηίι.
2229 5430 2459 5485 lrridcnt
2492 5447 2587 5486 nos
2642 5432 2715 5485 illi
2774 5432 3153 5501 allegoriarum
3207 5440 3474 5485 auctores.

1888 5523 2066 5577 Induit
2093 5541 2196 5588 eos,
2220 5516 2411 5593 inquit,
2434 5524 2571 5578 Deus
2595 5526 2791 5578 tunicas
2826 5526 3061 5594 pelliccas
3090 5522 3246 5591 (Cen.
3284 5524 3334 5576 ’5.
3360 5522 3477 5587 2|).

1886 5616 2021 5671 Num
2052 5616 2217 5669 ὺονςε
2243 5626 2295 5669 et
2327 5631 2455 5669 oves
2491 5616 2789 5679 mactavit,
2822 5616 3138 5684 aperuitque
3161 5614 3369 5666 coriarii
3400 5616 3472 5667 of-

1887 5709 2121 5772 ficinam,
2158 5723 2219 5763 ac
2246 5709 2459 5763 coriat-ii
2494 5720 2664 5764 artem
2693 5708 2840 5779 egit?
2871 5706 3280 5775 Respondemus
3327 5722 3424 5759 nos
3450 5748 3463 5770 ,

1892 5808 2056 5858 totum
2086 5800 2281 5856 animal
2327 5800 2575 5871 produxit
2603 5801 2748 5857 nullo
2775 5813 3067 5869 congressu
3091 5839 3104 5863 ,
3136 5798 3277 5852 nulla
3308 5812 3476 5871 repn-
