4158 6320
688 394 803 451 493

695 493 960 568 μετέϐαλε
1005 493 1098 548 τὸν
1130 491 1317 545 Νεῖλον
1349 494 1428 555 είς
1452 489 1625 562 αἷμα,
1674 494 1803 545 ποῖα
1842 490 2001 543 ἐθυσε
2032 487 2165 552 ζῶα,
2211 490 2269 542 ὐ

690 577 935 648 ποταμὸς
976 576 1197 646 γέγονεν
1223 572 1388 647 αἷμα,
1432 577 1526 630 καὶ
1554 575 1705 629 οὐδὲν
1747 574 1911 644 ἐτύθη
1946 573 2115 636 ζῶον·
2143 572 2268 643 δέρη

694 678 840 734 ματα
858 659 950 713 δύο
977 659 1184 727 γέγονε,
1220 662 1311 712 καὶ
1331 660 1484 727 ζητεῖ
1514 658 1621 711 ἀπὸ
1646 658 1813 710 ποίων
1847 656 2000 720 ζώων
2027 654 2264 723 ἐγένετο.

703 741 862 795 Ἀλλά
901 743 1062 795 κάκεῖ
1087 741 1242 803 ἐκτὸς
1283 741 1423 805 ζώου
1453 740 1647 810 δέρμα.
1680 740 1920 809 Πρόσεχε
1949 739 2015 807 τῇ
2043 736 2267 789 ἀκολου-

690 823 812 895 θίᾳ,
844 826 894 877 εί
933 824 1027 877 καὶ
1056 825 1088 894 ή
1116 823 1268 893 φωνὴ
1298 824 1470 894 ἔκαμε
1492 863 1505 885 ,
1546 824 1640 876 καὶ
1669 824 1846 893 ἡμεῖς.
1892 820 2030 872 Ἀλλ’
2064 820 2150 873 ἵνα
2189 818 2266 889 μὴ

688 904 1112 975 άκρωτηριασθῇ
1144 906 1172 956 6
1201 905 1354 973 λόγος
1379 949 1389 964 ,
1433 904 1584 972 ὀλίγα
1632 904 1812 973 ἡρέμα
1841 899 2078 971 εἰρηκὼς
2108 917 2269 952 κατα-

688 989 883 1040 παύσω
906 986 996 1040 τὸν
1022 987 1199 1055 λόγον.
1230 990 1495 1056 Ἔρῤιιψε
1516 988 1720 1055 φύλλα
1736 984 1954 1050 συκῆς.
1988 982 2113 1036 Εἴθε
2133 982 2264 1035 ταύ-

685 1086 786 1139 την
828 1068 926 1139 τὴν
974 1071 1168 1139 τέχνην
1216 1069 1417 1140 ἔμαθον
1463 1068 1759 1139 αἱρετικοίί
1811 1066 1980 1136 Ἀδὰμ
2014 1065 2266 1137 παραϐὰς

688 1151 913 1220 ῥάπτειν
941 1151 1142 1221 ἔμαθεν
1164 1168 1175 1179 ³
1203 1153 1467 1223 αίρετικο“ι
1499 1149 1863 1222 ἐκτραπέντες
1891 1149 2094 1217 σχίζειν
2130 1146 2268 1216 ἐμα-

689 1235 801 1288 θον.
854 1234 1023 1305 Ἀδὰμ
1052 1235 1307 1301 παραϐάς
1332 1235 1591 1307 ἐρραψεν,
1618 1234 1703 1286 ἵνα
1732 1230 1982 1301 σκεπάσῃ
2003 1232 2063 1283 τὸ
2090 1230 2263 1299 ἀσχη-

688 1333 817 1387 μον·
855 1319 1124 1388 αίρετικοὶ⁵
1150 1319 1541 1380 πιστεύσαντες
1567 1317 1586 1390 [
1611 1318 1650 1385 f.
1681 1312 2119 1386 ἀπιστήσαντες]
2157 1312 2267 1382 σχί-

685 1399 887 1464 ζουσιν,
922 1401 1007 1453 ἵνα
1039 1400 1369 1471 γυμνώσωσι
1397 1402 1467 1453 τά
1500 1402 1652 1468 ἅγια.
1692 1398 1960 1461 Πολλάκις
1990 1396 2266 1466 ἀκούομεν

682 1483 754 1533 τὰ
783 1482 877 1535 ἐπὶ
908 1483 1000 1536 τοῦ
1031 1484 1287 1555 σταυροῦ.
1312 1484 1403 1535 καὶ
1434 1483 1786 1552 θαυμάζομεν
1820 1481 1900 1533 ὄτι
1938 1479 2264 1551 στρατιῶται

682 1563 874 1618 ἔλαϐον
907 1566 1001 1619 τοῦ
1036 1567 1271 1638 Χριστοῦ
1306 1568 1374 1620 τὰ
1404 1567 1628 1635 ἱμάτια,
1662 1566 1756 1618 καὶ¹
1789 1565 2145 1637 ἐμερίσαντο,
2171 1563 2265 1615 καὶ

683 1647 885 1711 εὐθέως
919 1648 1074 1719 ἡμῶν
1102 1650 1365 1719 ὴδιάνοια
1396 1649 1543 1715 λέγει
1568 1667 1580 1679 ⁸
1619 1649 1797 1718 Πολλὴ
1826 1647 1971 1720 ἡτοῦ
1994 1647 2129 1700 Θεοῦ
2159 1664 2255 1716 μα-

683 1729 979 1801 κροθυμία,
1009 1731 1084 1802 μὴ
1109 1732 1388 1785 κατελθεῖν
1416 1731 1698 1801 κεραυνὸν,
1731 1731 1805 1801 μὴ
1830 1730 2109 1783 κατελθεῖν
2132 1732 2265 1799 ρομ-

683 1812 869 1881 φαίαν.
909 1813 1047 1865 Ἀλλ’
1070 1814 1318 1886 ὑϐρίζετο
1343 1817 1369 1867 6
1395 1814 1613 1881 Ἄγιος,
1643 1814 1736 1867 καὶ
1764 1817 1819 1866 at
1844 1814 2056 1884 βέϐηλοι
2084 1815 2263 1884 χεῖρες

680 1894 780 1947 οὐκ
811 1894 1116 1965 ἐκόπησαν;
1153 1898 1462 1964 Θαυμάζεις
1500 1897 1581 1948 ὅτι
1614 1896 1923 1965 ἐτόλμησαν
1969 1899 2168 1949 ἐκεῖνοι
2213 1897 2261 1947 οί

682 1980 1009 2050 στρατιῶται
1040 1980 1363 2051 μερίσασθαι
1396 1981 1462 2033 τὰ
1491 1980 1715 2050 ίμάτια;
1747 1980 2039 2050 Θαύμασον
2066 1982 2149 2033 ὅτι
2170 1972 2260 2031 οὗ-

678 2077 760 2114 τοι
794 2062 1083 2134 διέρρηξαν
1121 2063 1181 2114 τὸ
1226 2065 1437 2133 ίμάτιον
1474 2064 1573 2133 τῆς
1620 2062 1965 2131 Ἐκκλησίας.
2002 2064 2064 2113 Ol
2098 2078 2262 2132 στρα-

678 2148 870 2202 τιῶται
909 2145 1049 2202 εἶδον
1086 2149 1176 2202 τὸν
1207 2149 1412 2219 χιτῶνα
1451 2149 1546 2202 τοῦ
1597 2149 1833 2221 Χριστοῦ
1886 2150 2152 2219 άρραφον,
2199 2150 2263 2200 ἐκ

677 2231 789 2285 τῶν
812 2232 923 2286 ἀνω
950 2231 1183 2299 ὐφαντδν
1203 2232 1268 2285 δι’
1294 2233 1435 2296 ὅλου,
1466 2234 1560 2285 καὶ
1583 2232 1871 2301 ἐφείσαντο
1891 2232 1983 2284 τοῦ
2008 2232 2223 2301 ἱματίου
2246 2249 2259 2264 ·

676 2314 942 2385 αίρετικοὶ
966 2314 1023 2367 δέ
1051 2313 1149 2384 τὴν
1172 2314 1375 2385 ἐσθῆτα
1400 2315 1492 2368 τοῦ
1523 2314 1783 2385 Χριστοῦ,
1812 2315 1912 2383 τὴν
1942 2314 2135 2384 στολὴν
2164 2315 2261 2384 τῆς

688 2395 1017 2467 Ἐκκλησίας
1059 2396 1303 2465 ἐσχισαν,
1347 2397 1674 2467 ἐμερίσαντο
1700 2438 1715 2462 ,
1748 2396 2068 2466 κατέτεμον.
2123 2396 2259 2449 Ἀλλ’

675 2482 771 2535 ἐπὶ
801 2481 863 2534 τὸ
903 2479 1267 2552 προκείμενον
1313 2480 1723 2551 ἐπανέλθωμεν.
1762 2482 2029 2548 Ἕῤῥαψε
2058 2481 2263 2548 φύλλα

676 2562 898 2631 συκῆς.
941 2565 1248 2617 Ἤκουσαν
1286 2563 1391 2617 τοῦ
1434 2563 1582 2625 Θεοῦ
1630 2563 2140 2630 περιπατοῦντος,
2186 2563 2260 2625 ὼς

676 2644 759 2698 ενι
789 2643 1051 2699 ἀκοῦσαι·
1083 2647 1342 2716 ἤκουσαν.
1367 2646 1466 2698 καὶ
1487 2646 1850 2712 ἐκρύὸησαν.
1884 2644 2195 2713 Εὐγνώμων
2227 2646 2259 2713 ἡ

677 2733 879 2803 φύσις·
928 2733 1031 2786 κᾶν
1072 2734 1335 2805 μυριάκις
1371 2728 1522 2803 ὦμεν
1566 2733 1882 2804 ἁμαρτωλοὶ
1905 2771 1921 2796 ,
1955 2732 2263 2802 συνείδησις

676 2824 710 2893 η
717 2820 833 2891 μῶν
845 2821 1105 2893 ἐλευθέρα
1118 2823 1283 2874 ἐστίν.
1304 2822 1501 2874 Ἐνίοτε
1516 2821 1575 2874 τὸ
1590 2821 1879 2890 πρόσωπον
1896 2820 2259 2889 ἀναισχυντεῖ·

675 2912 769 2963 καὶ
806 2910 839 2979 ἡ
870 2909 1172 2980 συνείδησις
1198 2908 1427 2978 ἐλέγχει.
1470 2907 1669 2961 Ἐνίοτε
1701 2910 1732 2978 ἡ
1774 2907 2010 2976 γλῶττα·
2047 2907 2113 2959 Τί
2151 2906 2260 2978 γὰρ

674 2999 959 3069 ἥμαρτον;
1005 2999 1097 3050 καὶ
1153 2998 1457 3067 συνείδησις
1505 2997 1721 3066 ἐλέγχει
1777 2995 1999 3050 ἔσωθεν.
2035 2995 2263 3048 Ἀπλού-

678 3102 861 3138 στατοι
886 3080 1027 3155 ἦσαν
1056 3085 1151 3138 καὶ
1188 3084 1439 3154 ἀκέραιοι
1470 3086 1519 3136 οί
1548 3084 1675 3153 περ).
1707 3083 1798 3135 τὸν
1832 3082 2021 3152 Ἀδὰμ,
2054 3083 2262 3151 ώμολό-

675 3190 805 3241 γουν
836 3173 972 3243 μετὰ
1001 3172 1408 3243 ἐλευθερίας.’0
1435 3172 1568 3235 Θεός
1598 3187 1752 3241 φησι·
1793 3170 1919 3224 Ποῦ
1952 3167 2039 3233 εἷ;
2069 3171 2261 3224 Πολλοὶ

676 3260 914 3324 εὐσεϐὦς
950 3260 1292 3331 ἐθεώρησαν·
1331 3260 1413 3313 δεῖ
1455 3261 1513 3313 δὲ
1559 3258 1844 3330 προσέχειν
1872 3261 1938 3330 τῇ
1978 3259 2257 3330 ἀκριϐείᾳ.

675 3350 787 3402 Καὶ
814 3348 921 3419 γάρ
945 3348 1038 3402 καὶ
1064 3347 1132 3402 τά
1151 3348 1375 3402 ἐκείνων
1403 3348 1650 3418 δέχομαι,
1682 3346 1872 3416 ἐπειδὴ
1900 3346 2122 3415 εὐσεϐῆ·
2165 3347 2260 3399 καὶ

674 3434 848 3488 ταῦτα
876 3435 1040 3503 λέγω,
1084 3434 1270 3506 ἐπειδὴ
1296 3434 1493 3506 ἀληθῆ.
1532 3434 1726 3503 Ἀδὰμ,
1767 3433 1885 3488 ποῦ
1918 3429 2004 3499 εἷ;
2051 3433 2257 3499 Πόθενς

674 3522 779 3576 ποῦ
828 3522 1130 3592 κατῆλθες;
1164 3523 1273 3575 άπὸ
1303 3523 1462 3585 ποίας
1492 3520 1649 3591 δόξης
1689 3521 1981 3585 ἐξέπεσες;
2017 3519 2257 3590 Ἀληθῶς

673 3611 898 3681 δέχομαι
941 3610 1038 3680 τὴν
1095 3611 1302 3662 ἐννοιαν
1334 3610 1410 3672 ὡς
1467 3608 1689 3679 εὐσεϐῆ.
1720 3610 1872 3679 Ἔχει
1917 3609 2027 3680 γὰρ
2072 3610 2165 3661 καὶ
2198 3608 2258 3660 τὸ

672 3696 1051 3769 εὐπρόσωπον,
1086 3698 1183 3751 καὶ
1210 3697 1273 3750 τὸ
1304 3696 1607 3766 συμπαθές.
1648 3694 1808 3748 Ἀλλά
1837 3694 1984 3765 ζητῶ
2012 3694 2109 3766 τὴν
2138 3696 2255 3747 ἀκο-

672 3784 913 3838 λουθίαν.
966 3784 1158 3854 Ἀδὰμ,
1206 3786 1323 3840 ποῦ
1357 3782 1439 3849 εἷ;
1480 3786 1662 3857 ἐρωτᾷ
1694 3787 1723 3837 ό
1763 3782 1915 3847 Θεός.
1958 3783 2134 3856 ’ῌδει,
2182 3784 2257 3845 ώς

674 3873 940 3942 πλάστης,
970 3872 1062 3924 τοῦ
1098 3872 1418 3943 πλάσματος
1446 3874 1544 3943 τὴν
1576 3873 1758 3941 φύσιν,
1794 3874 1873 3926 ὅτι
1899 3873 2001 3935 πᾶς
2027 3873 2055 3923 6
2082 3873 2257 3942 ἀμαρ-

670 3962 865 4029 τήσας,
912 3961 1387 4031 ἀπαρρησίαστος,
1451 3960 1545 4012 καὶ
1590 3960 1673 4012 ὅτι
1726 3962 1839 4021 τοῖς
1883 3959 2255 4029 ἁμαρτάνουσι

673 4048 938 4119 ῥάπτεται
959 4048 1029 4100 τά
1058 4048 1321 4118 στόματα.
1350 4047 1675 4118 Προσέοχεν,
1702 4047 1782 4098 ὅτι
1810 4046 1897 4098 διὰ
1918 4046 1977 4098 τὸ
2010 4045 2082 4116 μὴ
2112 4045 2255 4115 ἔχειν

673 4134 984 4206 παρρησίαν
1012 4134 1199 4202 ἔφυγε.
1232 4133 1427 4198 Δοῦλος
1456 4134 1573 4187 τότε
1609 4132 1843 4204 μάλιστα
1875 4135 2103 4204 ἀγωνιᾷ,
2129 4135 2257 4187 ὅταν

672 4222 929 4293 αἴσθηται
956 4223 1037 4275 ὃτι
1064 4222 1265 4292 ἔμαθεν
1291 4224 1319 4274 6
1347 4222 1615 4291 δεσπότης
1640 4220 1808 4274 αὐτοῦ
1840 4221 1898 4274 τὸ
1938 4221 2249 4292 γενόμενον·

672 4310 778 4373 ’ἐως
808 4311 867 4363 δέ
903 4311 1087 4377 ἀγνοεῖ
1111 4310 1139 4361 6
1172 4308 1323 4380 [5051
1366 4308 1656 4379 δεσπότης,
1686 4308 1878 4360 ἐαυτὸν
1909 4308 2255 4378 παραμυθεῖ-

670 4415 763 4451 ται
788 4398 863 4461 ώς
892 4396 1188 4467 δυνάμενος
1232 4396 1439 4449 λαθεῖν.
1480 4396 1537 4449 '0
1582 4394 1753 4463 Ἀδὰμ
1781 4394 1979 4463 ἔφυγεν
2008 4395 2083 4457 ὡς
2112 4412 2254 4463 γνω-

674 4486 847 4549 σθείς·
880 4488 909 4539 6
932 4486 1064 4549 Θεὸς
1106 4488 1485 4558 προσεποιεῖτο
1515 4486 1760 4553 ἄγνοιαν,
1821 4485 1905 4537 ἵνα
1945 4486 2034 4538 τὸν
2092 4484 2256 4554 φόϐον

671 4571 837 4628 αὐτοῦ
895 4572 1212 4645 καταλύσῃ·
1262 4573 1336 4635 ὡς
1393 4572 1620 4641 λέγομεν
1668 4573 1828 4641 ἡμεῖς
1883 4572 2011 4642 περὶ
2062 4570 2251 4640 φίλου·

684 4659 948 4731 Ἐποίησα
973 4659 1209 4729 ἐμαυτὸν
1235 4659 1315 4721 είς
1351 4658 1446 4711 τὸν
1472 4658 1546 4729 μὴ
1576 4658 1773 4722 είδότα,
1813 4659 1898 4711 ἴνα
1929 4659 2001 4728 μὴ
2026 4658 2256 4729 λυπήσω

670 4748 854 4805 αὐτόν.
892 4746 1160 4810 Πολλάκις
1186 4746 1298 4818 γάρ
1324 4745 1539 4814 γίνεται
1564 4747 1693 4817 παρ’
1721 4749 1851 4815 ἡμῖν
1880 4746 2071 4802 ταῦτα.
2102 4748 2165 4800 Εἰ
2199 4747 2255 4800 δέ

672 4834 802 4909 παρ’
834 4837 965 4906 ἡμῖν
994 4834 1219 4888 τοιαῦτα
1251 4833 1482 4901 γίνεται.
1514 4832 1694 4903 πολλῷ
1720 4833 1916 4903 μᾶλλον
1945 4834 2096 4902 παρὰ
2135 4835 2255 4904 Θεῷ

670 4924 748 4995 τῷ
774 4921 1161 4995 φιλανθρώπῳ.
1194 4921 1397 4989 Ἀδὰμ,
1430 4920 1545 4973 ποῦ
1571 4915 1659 4985 εἷ;
1686 4920 1808 4973 ἀντὶ
1838 4920 1953 4983 τοῦ,
1976 4920 2090 4973 Οὐκ
2118 4917 2253 4974 οἶδα.

670 5009 805 5067 Εἶτα
828 5010 923 5064 τοῦ
953 5009 1087 5063 Θεοῦ
1117 5009 1585 5079 προσποιουμένου
1612 5008 1851 5076 ἄγνοιαν,
1878 5010 1911 5079 ἡ
1944 5008 2245 5079 εὐγνώμων

670 5100 766 5154 καὶ
821 5098 1081 5168 ἐλευθέρα
1113 5096 1260 5167 ψυχὴ
1292 5098 1390 5149 οὐκ
1442 5094 1679 5166 ἔκρυψε·
1723 5094 1838 5162 Τῆς
1883 5093 2089 5165 φωνῆς
2137 5110 2255 5150 σου

670 5187 932 5255 ἤκουσα,
958 5184 1056 5238 καί
1085 5182 1405 5253 ἐφοϐήθην,
1430 5184 1518 5237 ὅτι
1547 5183 1774 5251 γυμνός
1797 5185 1931 5251 εἰμι,
1957 5185 2054 5237 καὶ
2080 5184 2254 5252 ἐκρύ-

670 5277 807 5343 ϐην.
841 5273 941 5326 Διά
972 5273 1025 5325 τί
1056 5270 1365 5344 ἐφοϐήθης;
1399 5271 1487 5324 διὰ
1531 5272 1582 5325 τί
1634 5272 1905 5342 ἐκρύϐηςς
1950 5273 2255 5346 Ὲφοϐήθην

670 5363 761 5417 διά
787 5360 885 5433 τὴν
910 5361 1242 5432 παράϐασιν·
1268 5359 1507 5430 ἐκρύϐην
1536 5359 1623 5413 διά
1654 5362 1754 5431 τὴν
1783 5360 2083 5430 γύμνωσιν.
2104 5363 2253 5431 Ἀλη-

672 5449 784 5513 θῶς
832 5450 947 5503 έστι
992 5448 1222 5502 κλαῦσαι
1276 5449 1367 5502 ἐπὶ
1425 5451 1490 5519 τῇ
1542 5451 1691 5518 φωνῇ
1733 5448 1826 5502 τοῦ
1884 5450 2251 5519 παραϐάντος.

677 5536 796 5606 Τῆς
833 5534 1040 5607 φωνῆς
1070 5551 1187 5591 σου
1221 5534 1475 5601 ἤκουσα,
1511 5535 1724 5605 ἐκείνης
1757 5536 1855 5606 τῆς
1890 5539 2251 5609 ποθουμένης,

674 5625 889 5697 ἐκείνης
934 5626 1034 5695 τῆς
1085 5623 1258 5677 πάντα
1315 5640 1402 5693 μοι
1448 5623 1841 5693 χαρισαμένης,
1892 5623 2106 5693 ἐκείνης
2157 5628 2255 5697 τῆς

674 5712 857 5779 ἀγαθά
915 5730 1003 5783 μοι
1068 5711 1440 5783 χαρισαμένης
1499 5710 1593 5764 καὶ
1658 5713 2252 5784 πραγματευσαμένης.

676 5800 946 5861 Ἦυουῖα
985 5800 1096 5872 τῆς
1139 5799 1347 5871 φωνῆς
1388 5816 1524 5855 σου.
1566 5798 1852 5871 Ἐνενόησα
1881 5799 2040 5865 ποίας
2068 5803 2252 5874 φωνῆς

2105 370 2467 430 SEVEBIANI

2381 491 2717 555 κατέπτυσα,
2734 488 2891 552 ποίας
2904 487 3088 559 φωνῆς
3104 487 3504 559 κατεφρόνησα·
3522 486 3619 540 καί
3632 486 3969 555 ἐφοϐήθην,

2377 572 2619 625 τοιούτου
2659 572 2930 625 Δεσπότου
2964 571 3184 642 ἐντολὴν
3225 570 3482 642 παραϐάς
3508 586 3521 597 ·
3549 568 3649 622 καί
3672 570 3967 638 ἐκρύσην,

2378 653 2467 705 ὅτι
2490 655 2717 724 γυμνός
2744 656 2880 724 είμι.
2913 650 3051 708 Εἶτα
3075 656 3104 707 6
3132 654 3263 717 Θεὸς
3284 652 3534 722 ἐπιμένει
3549 655 3616 722 τῇ
3652 654 3967 723 προτροπῇ·

2384 737 2480 803 Τίς
2512 752 2612 791 σοι
2637 734 2806 791 εἶπεν
2837 737 2922 791 ὅτι
2974 737 3200 807 γυμνός
3247 734 3321 800 εἷ,
3359 740 3413 791 εί
3440 736 3526 807 μὴ
3556 737 3675 791 ἀπὸ
3718 737 3825 791 τοῦ
3852 735 3969 801 £15-

2375 821 2513 880 λου,
2545 815 2617 874 οὗ
2650 819 3045 888 ἐνετειλάμην
3090 836 3186 874 σοι
3225 821 3443 875 τούτου
3478 820 3668 887 μόνου
3710 817 3798 885 μὴ
3847 835 3968 886 φα-

2376 900 2521 968 γεῖν,
2555 902 2657 955 ἀπ’
2681 903 2867 956 αὐτοῦ
2902 904 3162 970 ἕφαγες;
3208 903 3329 955 ἀντὶ
3372 900 3488 965 τοῦ,
3523 902 3584 953 El
3640 902 3716 971 μὴ
3744 902 3966 963 πάντως

2377 986 2553 1038 ἐκεῖνο
2602 986 2887 1056 ἐποίησας,
2923 986 2951 1038 ὃ
3002 987 3272 1039 ἐκώλυσα.
3308 986 3451 1056 Ὅρα
3489 984 3605 1047 πῶς
3661 985 3842 1053 ἐρωτᾷ
3887 984 3967 1047 ὼς

2375 1068 2617 1135 ἀγνοῶν·
2652 1069 2716 1123 El
2748 1068 2822 1139 μὴ
2856 1068 2916 1133 ἐξ
2945 1070 3152 1122 ἐκείνου
3193 1067 3288 1121 τοῦ
3330 1067 3568 1135 δένδρου,
3602 1062 3665 1119 οῦ
3694 1065 3962 1118 ἐνετειλά-

2380 1167 2486 1219 μην
2516 1167 2598 1203 σοι
2632 1151 2705 1221 μὴ
2739 1155 2955 1219 φαγεῖν,
2988 1152 3211 1221 ἔφαγες.
3245 1151 3354 1205 Καὶ
3399 1150 3563 1221 βλέπε
3593 1150 3686 1203 τοῦ
3724 1150 3858 1203 Θεοῦ
3901 1150 3965 1201 τὸ

2376 1232 2777 1305 φιλάνθρωπον.
2810 1236 2905 1301 Τίς
2933 1252 3030 1289 σοι
3059 1232 3221 1295 εἶπε;
3254 1235 3353 1287 Διά
3376 1234 3534 1286 τοῦτο
3565 1232 3833 1303 μακρύνει
3860 1232 3963 1302 τὴν

2375 1314 2611 1383 ὁμιλίαν,
2646 1316 2732 1369 Eva
2758 1316 2894 1389 λύσῃ
2918 1317 3009 1370 τὸν
3041 1317 3225 1385 φόϐον,
3261 1332 3354 1370 και
3402 1317 3591 1386 ἐγείρῃ
3622 1314 3961 1386 παρρησίαν.

2386 1397 2617 1451 Ἐνενόει
2672 1398 2781 1471 γάρ
2829 1402 2858 1452 6
2909 1400 3082 1471 Ἀδὰμ
3127 1400 3246 1465 πῶς
3290 1400 3444 1454 οὐδὲν
3500 1399 3759 1469 σκληρὸν,
3808 1397 3964 1449 οὐδὲν

2373 1479 2668 1551 ἀπότομον,
2696 1484 2795 1553 οὐχ
2828 1481 3010 1553 ὕϐρις,
3051 1484 3112 1536 οὐ
3159 1482 3386 1551 πληγαί.
3417 1483 3598 1552 Ἔχεις
3639 1480 3965 1534 διδάσκαλον

2373 1562 2471 1633 τὴν
2500 1564 2811 1636 συνήθειαν.
2847 1567 3045 1630 Δοῦλος
3085 1568 3408 1638 ἁμαρτήσας
3453 1566 3547 1618 ἐὰν
3581 1563 3855 1635 προσέλθῃ
3885 1562 3965 1632 τῷ

2372 1646 2629 1719 δεσπότῃ,
2663 1650 2771 1702 ἀπὸ
2810 1652 2907 1721 τῆς
2945 1651 3167 1720 πρώτης
3192 1650 3376 1721 φωνῆς
3409 1649 3443 1720 ἢ
3483 1649 3705 1721 θάρσος,
3729 1648 3764 1718 ἢ
3796 1647 3964 1716 φδδον

2373 1728 2658 1798 λαμϐάνει.
2713 1732 2837 1785 Ἐὰν
2881 1732 3112 1803 ἄρξηται
3169 1735 3521 1800 ἀγανακτεῖν,
3573 1732 3669 1787 καὶ
3720 1730 3963 1801 κλέπτην

2372 1813 2464 1863 καὶ
2514 1812 2686 1867 δόλιον
2744 1815 3031 1885 ὀνομάζειν
3079 1815 3172 1868 καὶ
3235 1814 3444 1887 μυρίων
3488 1813 3735 1870 θανάτων
3786 1812 3957 1879 ἀξιον.

2373 1895 2709 1964 παραλύεται
2733 1913 2747 1928 ·
2780 1898 2875 1951 ἐὰν
2900 1897 3107 1969 ἀκούσῃ
3143 1897 3306 1950 αὐτοῦ
3340 1897 3709 1964 ὀνειδίζοντος,
3748 1895 3960 1963 Ἀθλιε,

2370 1982 2423 2033 τί
2455 1982 2668 2049 ἐγένετό
2704 2000 2785 2036 σοι
2812 1983 3006 2051 τοῦτο;
3049 1984 3135 2037 διὰ
3181 1985 3234 2037 τί
3277 1984 3563 2057 ἥμαρτες
3610 1983 3815 2048 εὐθέως
3857 1984 3959 2053 ἔφ’

2371 2068 2663 2133 οδιάςεται,
2700 2070 2793 2123 καὶ
2825 2070 3019 2143 θαρρεῖ
3042 2072 3199 2136 τέως·
3228 2072 3290 2125 οὐ
3320 2072 3429 2142 γάρ
3459 2072 3535 2136 ώς
3562 2070 3832 2139 δεσπότης
3862 2086 3958 2124 κο-

2370 2156 2539 2220 λάζει,
2564 2157 2677 2209 ἀλλ’
2697 2158 2772 2221 ὼς
2801 2158 3118 2223 διδάσκαλος
3143 2157 3402 2213 νουθετεῖ.
3433 2157 3589 2212 Οὕτω
3619 2158 3714 2211 καὶ
3741 2159 3770 2211 6
3802 2155 3958 2220 Θεός·

2377 2244 2472 2309 Τίς
2507 2260 2607 2297 σοι
2652 2240 2821 2298 εἶπεν
2850 2246 2939 2299 ὅτι
2986 2246 3213 2315 γυμνὸς
3240 2242 3315 2308 εί,
3349 2248 3403 2300 εί
3438 2244 3524 2314 μὴ
3560 2244 3681 2300 ἀπὸ
3710 2244 3818 2298 τοῦ
3852 2243 3962 2307 £6-

2369 2332 2484 2383 Jov
2515 2327 2587 2386 οὗ
2623 2332 3014 2402 ἐνετειλάμην
3056 2350 3156 2386 σοι
3194 2332 3280 2402 μὴ
3329 2332 3562 2403 φαγεῖν,
3616 2330 3718 2386 ἀπ’
3767 2328 3959 2385 αὐτοῦ

2369 2418 2625 2486 ﬁgurae;
2660 2421 2751 2488 Μὴ
2777 2419 2885 2491 γὰρ
2912 2420 3079 2472 πολλὰ
3112 2420 3398 2487 ἐκώλυσα;
3429 2420 3526 2472 Ἐν
3563 2419 3723 2490 μόνον
3750 2415 3960 2470 ἐκώλυ-

2373 2524 2461 2571 σα,
2502 2508 2595 2559 καὶ
2636 2508 2794 2560 τοῦτο
2850 2508 2911 2560 οὐ
2965 2508 3161 2577 μισῶν,
3198 2508 3333 2562 ἀλλὰ
3382 2508 3648 2578 προνοῶν.
3714 2507 3812 2572 Τίς
3857 2518 3960 2559 σοι

2370 2591 2539 2647 εἶπεν
2568 2595 2658 2647 ὅτι
2689 2597 2915 2663 γυμνὸς
2946 2592 3029 2659 εἷ;
3059 2597 3225 2649 Οὐδὲν
3255 2596 3610 2666 ἀναίσχυντον
3634 2589 3811 2657 εἶπεν,
3842 2594 3961 2645 Οὐκ

2371 2682 2548 2750 ᾔδειν·
2604 2681 2742 2735 ἀλλὰ
2774 2681 2862 2746 τί;
2899 2683 2959 2735 Ἠ
3018 2682 3194 2752 γυνὴ,
3251 2681 3329 2750 ἣν
3367 2681 3594 2746 ἔδωκάς
3624 2698 3749 2750 μοι,
3800 2679 3956 2747 αὕτη

2364 2784 2467 2835 μοι
2502 2768 2706 2832 ἔδωκε,
2759 2768 2859 2821 καὶ
2896 2768 3155 2837 ἔφαγον·
3195 2769 3314 2822 ἀντὶ
3360 2767 3477 2832 τοῦ,
3511 2766 3570 2821 'H
3604 2765 3825 2821 δοθεῖσά
3867 2782 3961 2837 μοι

2372 2855 2508 2924 πρὸς
2568 2854 2838 2926 βοήθειαν.
2884 2858 3131 2909 Ἤκουσα
3194 2857 3301 2927 γάρ
3350 2857 3440 2909 ὅτε
3494 2854 3773 2925 ἐπλάσθην
3823 2852 3960 2923 ἐγὼ,

2369 2942 2551 3012 ἐκείνη
2582 2942 2639 2995 δὲ
2669 2943 2900 3003 οὐδέπω,
2930 2944 3181 3012 λέγοντος
3200 2958 3213 2973 ⁶
3245 2941 3600 3013 Ποιήσωμεν
3626 2938 3788 3007 αὐτῷ
3810 2941 3961 3011 ,ϐοη-

2369 3029 2476 3082 θὸν
2514 3029 2639 3081 κατ’
2687 3031 2893 3081 αὐτόν.
2922 3032 3027 3083 Ἦν
3054 3029 3281 3095 ἔδωκάς
3324 3047 3450 3099 μοι,
3494 3029 3646 3097 αὕτη
3679 3045 3783 3099 μοι
3814 3028 3960 3083 ἑδω-

2370 3131 2498 3168 κεν.
2531 3118 2643 3167 Οὐκ
2684 3112 2859 3177 εἶπεν,
2903 3116 3236 3186 Ἦπάτησεν,
3270 3116 3391 3181 οὐκ,
3434 3115 3754 3188 Ἐψεύσατο·
3792 3116 3959 3183 Αὕτη

2365 3221 2466 3273 μοι
2504 3204 2689 3258 ἔδωκε
2719 3206 2817 3259 καί
2850 3208 3095 3275 ἔφαγον.

2438 3357 2507 3421 η’.
2530 3346 2665 3402 Εῖτά
2683 3368 2848 3421 φησιν
2866 3352 2893 3403 6
2915 3351 3045 3415 Θεός
3059 3369 3073 3383 ·
3093 3352 3201 3405 Καὶ
3220 3352 3383 3424 ἐχρῆν
3402 3368 3461 3405 σε
3490 3351 3712 3422 γυναικὶ
3729 3352 3959 3407 πιστεῦ-

2370 3454 2480 3501 σαι,
2510 3439 2602 3489 καὶ
2650 3439 2723 3507 μὴ
2771 3438 2930 3507 ἐμοί;
2964 3440 3059 3492 καὶ
3105 3438 3523 3509 ἀξιοπιστοτέρα
3558 3439 3592 3509 ἠ
3629 3437 3770 3510 γυνὴ
3813 3439 3960 3511 ὑπὲρ

2368 3524 2504 3593 ἐμέ;
2543 3523 2683 3591 Ἐγὼ
2705 3525 2774 3577 τὰ
2802 3526 2983 3592 ἀγαθὰ
3021 3526 3249 3589 δέδωκα,
3287 3524 3578 3596 πράγμασί
3609 3541 3669 3580 σε
3695 3526 3956 3599 ἐτίμησα·

2368 3615 2550 3683 ἐκείνη
2584 3616 2822 3684 ῥήμασιν
2867 3614 3135 3667 ἐδελέασε.
3169 3616 3277 3668 Καὶ
3310 3614 3476 3684 βλέπε
3502 3632 3517 3647 ·
3565 3615 3754 3689 ὥσπερ
3798 3616 3958 3671 δικα-

2370 3701 2502 3771 στὴς
2556 3702 2650 3753 ἐὰν
2697 3701 2917 3772 δέξηται
2958 3702 3256 3769 ἀπολογίαν
3296 3702 3391 3756 τοῦ
3437 3702 3817 3775 δικαζομένου.
3858 3706 3958 3759 καὶ

2371 3790 2568 3859 μηκέτι
2600 3788 2831 3860 ἐξετάσῃ
2873 3789 3055 3853 αὐτὸν,
3092 3789 3226 3843 ἀλλὰ
3274 3790 3485 3864 μεταϐῇ
3517 3792 3609 3845 ἐπὶ
3649 3791 3740 3847 τὸν
3768 3792 3952 3857 ἄλλον,

2365 3877 2567 3939 εὐθέως
2590 3878 2801 3947 θαρρεῖ,
2834 3879 2926 3931 καὶ
2944 3878 3111 3946 λέγει·
3142 3878 3290 3942 Τέως
3322 3878 3433 3948 ἐγὼ
3454 3880 3783 3952 ἐξητάσθην·
3808 3880 3955 3936 οὕτω

2366 3965 2459 4017 καὶ
2488 3966 2515 4016 6
2544 3964 2674 4025 Θεὸς
2709 3964 3021 4033 μεταϐαίνει
3048 3967 3155 4019 ἀπὸ
3181 3966 3274 4019 τοῦ
3292 3966 3483 4038 Ἀδάμ,
3513 3968 3600 4022 ἵνα
3625 3968 3765 4040 λύσῃ
3784 3968 3953 4025 αὐτοῦ

2366 4053 2457 4103 τὸν
2501 4051 2653 4123 [506]
2703 4052 2885 4120 φόϐον,
2942 4054 3033 4105 καὶ
3084 4054 3231 4122 λέγει
3265 4056 3329 4124 τῇ
3376 4055 3629 4122 γυναικί·
3680 4057 3742 4109 Tl
3773 4056 3952 4111 τοῦτο

2365 4138 2698 4203 ἐποίησας;
2742 4138 2912 4208 Λέγει
2958 4140 3189 4209 ἐκείνη·
3231 4142 3293 4193 '0
3343 4142 3480 4209 ὄφις
3524 4141 3804 4209 ἠπάτησέ
3853 4158 3951 4211 με,

2367 4225 2467 4279 καὶ
2498 4228 2744 4295 ἔφαγον.
2780 4226 3002 4298 Ἐπειδὴ
3034 4227 3169 4290 ὅλως
3197 4227 3375 4297 ἀληθῆ
3410 4223 3581 4290 εἶπεν,
3610 4227 3712 4298 οὐχ
3738 4227 3951 4301 ὑϐρίζει

2364 4315 2464 4383 τῆς
2522 4314 2779 4381 ἀληθείας
2830 4314 2929 4383 τὴν
2984 4315 3304 4381 ἀπολογίαν,
3359 4313 3498 4367 ἀλλὰ
3550 4315 3953 4387 καταλιμπάνει

2366 4401 2537 4469 αὐτὴν
2566 4400 2940 4464 ἀνεξέταστον.
2971 4404 3083 4455 Οὐκ
3107 4399 3248 4455 εἶπε·
3284 4403 3391 4455 Καὶ
3411 4401 3705 4474 ἐπιστεύθη
3723 4406 3949 4473 ἐκεῖνος,

2367 4488 2530 4557 ῆγουν
2561 4491 2587 4540 ὁ
2619 4488 2761 4556 ὄφις,
2798 4490 2935 4559 ὑπὲρ
2966 4489 3097 4557 ἐμὲς
3149 4488 3543 4559 Ἑπηγγείλατο
3576 4490 3835 4558 ίσοθεῖαν,
3857 4494 3951 4547 καὶ

2367 4574 2695 4645 προεξένησε
2742 4575 2988 4628 θάνατον.
3029 4575 3167 4627 Ἀλλ’
3212 4576 3274 4629 οὐ
3320 4576 3496 4648 κρίνει
3541 4577 3767 4643 εὐθέως,
3815 4580 3950 4635 ἀλλὰ

2370 4663 2566 4732 μᾶλλον
2593 4664 2667 4725 ὼς
2692 4662 3079 4733 ἀσθενεστέρου
3104 4664 3329 4728 σκεύους
3356 4665 3633 4735 ἐφείσατο.
3659 4668 3757 4722 καὶ
3785 4672 3952 4743 χωρεῖ

2368 4751 2459 4801 ἐπὶ
2486 4751 2577 4803 τὸν
2609 4752 2751 4818 ὅφιν,
2802 4750 2891 4802 ἵνα
2933 4752 3098 4821 πείσῃ
3136 4753 3387 4806 κάκεῖνον
3422 4753 3702 4824 κάκείνην,
3738 4755 3825 4810 ὅτι
3860 4757 3951 4810 ἐπὶ

2364 4838 2456 4890 τόν
2488 4840 2658 4891 αἴτιον
2699 4840 2886 4908 χωρεῖ,
2918 4840 3011 4892 καί
3044 4856 3217 4908 φησι·
3250 4840 3371 4894 Ὅτι
3412 4839 3589 4895 ⁴τοῦτο
3632 4842 3946 4912 ἐποίησας.

2367 4923 2519 4989 Εἶδες
2554 4926 2866 4997 θαυμαστὸν
2898 4929 3126 4998 κριτήν;
3166 4928 3305 4990 Τοὺς
3334 4929 3715 4998 ἀπατηθέντας
3750 4932 3948 5006 ἐρωτᾷ,

2366 5012 2457 5065 τὸν
2507 5016 2865 5083 ἀπατήσαντα
2927 5014 3027 5066 οὐκ
3079 5016 3279 5085 ἐρωτᾷ.
3348 5014 3424 5067 Οὐ
3475 5014 3623 5082 λέγει
3661 5018 3836 5091 αὐτῷ,
3885 5019 3948 5078 Τί

2366 5101 2666 5170 ἐποίησας;
2718 5100 2855 5161 ἀλλ’,
2919 5100 3155 5167 Ἐπειδὴ
3201 5100 3376 5155 τοῦτο
3423 5101 3744 5173 ἐποίησας.
3798 5106 3948 5161 Κατὰ

2365 5189 2570 5256 ταύτην
2598 5190 2695 5257 τὴν
2730 5187 2912 5240 εἰκόνα
2952 5189 3116 5241 Δαυῖδ
3140 5188 3310 5257 λέγει.
3347 5191 3469 5244 Οὐκ
3494 5192 3947 5261 ἀναστήσονται

2366 5276 2603 5338 ἀσεϐεῖς
2629 5275 2697 5327 ἐν
2726 5275 2949 5341 κρίσει·
2985 5276 3083 5345 οὐχ
3115 5276 3198 5330 ὅτι
3226 5277 3323 5329 οὐκ
3353 5277 3678 5349 ἐγείρονται,
3714 5282 3833 5336 ἀλλ’
3867 5282 3946 5336 δτι

2365 5365 2464 5415 οὐκ
2498 5363 2861 5429 ἐξετάζονται.
2898 5364 3131 5431 Ἐπειδὴ
3164 5365 3339 5418 τοῦτο
3367 5366 3684 5435 ἐποίησας.
3721 5369 3789 5424 Ἠ
3816 5370 3947 5440 πρὶς

2364 5454 2454 5505 τὸν
2480 5453 2602 5520 ὄφιν
2633 5452 2833 5521 ἀπειλὴ
2878 5450 3137 5520 ἐκούφισε
3178 5451 3278 5516 τὰς
3322 5453 3535 5525 πληγὰς
3578 5457 3687 5508 τῶν
3736 5457 3945 5527 ἀπατη-

2366 5540 2585 5593 θέντων.
2618 5539 2679 5591 Εἰ
2708 5537 2804 5610 μὴ,
2841 5541 3027 5609 φησὶν,
3060 5539 3254 5611 ἐκείνῳ
3275 5542 3303 5594 6
3331 5540 3463 5605 Θεὸς
3490 5543 3807 5613 ἐπέγραψεν
3826 5545 3941 5609 ὅλα,

2363 5630 2463 5683 οὐκ
2492 5630 2557 5682 ἂν
2589 5627 2962 5693 ἀνεξετάστως
3009 5629 3171 5683 αὐτὸν
3203 5630 3438 5701 ἐκρινεν.
3491 5631 3727 5699 Ἐπειδὴ
3773 5635 3944 5692 τοῦτο

2361 5719 2676 5785 ἐποίησας,
2706 5717 3138 5787 ἐπικατάρατος
3173 5720 3256 5774 σὺ
3283 5719 3403 5775 ἀπὸ
3430 5717 3674 5773 πάντων
3701 5720 3821 5774 τῶν
3848 5726 3947 5792 θη-

2357 5809 2505 5878 ρίων
2534 5805 2646 5876 τῆς
2692 5805 2823 5878 γῆς.
2866 5805 2999 5863 Ἐπί
3033 5806 3113 5875 τῷ
3140 5808 3349 5878 στήθει
3379 5807 3480 5862 καί
3508 5806 3583 5879 τῇ
3618 5810 3814 5880 κοιλίᾳ
3842 5824 3946 5870 .10-
