4104 6322
117 400 250 456 493

143 506 221 561 la.
256 506 409 573 Quod
440 521 545 561 non
576 516 694 562 erat
739 507 867 563 fecit
898 549 912 574 ,
964 522 1140 563 annon
1171 519 1377 579 partem
1407 510 1525 580 ejus
1565 508 1741 565 facere

141 596 395 665 poterit?
426 598 663 652 instant:
692 608 746 652 at
776 613 1061 668 numquam
1108 599 1247 655 Deus
1278 610 1484 668 partem
1539 600 1744 653 anima-

142 686 214 741 lis
254 690 413 754 facit,
456 688 586 744 nihil
616 690 986 759 imperfectum
1010 690 1133 745 facit
1159 692 1318 746 Dens.
1342 691 1505 745 Audit
1525 692 1739 761 pellem,

142 788 201 831 et
228 780 428 847 quaerit
455 779 614 833 unde.
658 780 832 834 Audio
855 792 904 835 et
932 796 1034 849 ego
1065 781 1377 850 sanguinem
1406 783 1457 834 in
1487 782 1738 851 A'ngpto,

138 880 198 923 et
227 887 416 939 quaero
441 912 455 935 ,
508 872 646 925 unde
673 876 894 925 mutavit
926 872 1099 926 Nilum
1141 874 1191 927 in
1224 874 1536 939 sanguinem
1565 914 1578 936 ,
1623 888 1740 936 qtae

140 962 409 1015 animalia
443 963 717 1016 mactavit.
752 962 966 1017 Fluvios
1017 964 1067 1017 in
1111 963 1424 1032 sanguinem
1456 969 1694 1016 mutatur
1721 1003 1735 1025 ,

137 1061 198 1105 et
234 1053 442 1106 nullum
474 1061 761 1107 mactatum
789 1064 869 1107 est
894 1054 1132 1120 animal;
1165 1053 1333 1123 pelles
1363 1052 1481 1106 dum
1503 1053 1734 1116 fuerunt,

138 1151 199 1196 et
253 1143 445 1212 quzerit
478 1158 540 1196 ex
572 1143 761 1213 quibus
788 1144 1109 1198 animalibus
1144 1144 1395 1198 detracta:
1423 1144 1590 1211 pelles
1622 1142 1736 1197 fue-

137 1237 279 1291 rint.
319 1235 512 1291 Verum
538 1236 644 1289 illic
664 1236 781 1289 sine
807 1235 1020 1289 animali
1044 1236 1217 1306 pellis.
1252 1235 1483 1289 Attende
1514 1235 1734 1300 seriem,

138 1344 481 1397 quamquam
513 1344 614 1382 vox
644 1328 870 1394 laborat,
896 1337 949 1383 et
980 1345 1074 1383 nos
1102 1329 1222 1397 ipsi.
1271 1329 1340 1381 At
1362 1343 1428 1381 ne
1467 1326 1647 1381 mutila
1670 1327 1739 1380 sit

136 1422 347 1485 oratio,
379 1421 563 1489 paucis
594 1421 766 1475 lenius
792 1421 1032 1489 prolatis,
1075 1421 1235 1474 linem
1259 1419 1470 1475 dicendi
1514 1419 1730 1473 faciam.

136 1510 361 1565 Censuit
384 1511 509 1581 folia
553 1512 702 1578 licus.
734 1510 946 1566 Utinam
980 1512 1216 1565 barretiei
1265 1512 1401 1566 hanc
1450 1520 1619 1565 artem
1648 1510 1732 1564 di-

133 1601 423 1655 dicissent!
450 1602 617 1655 Adam
649 1604 1029 1671 prrevaricatus
1050 1618 1317 1659 censuere
1348 1603 1537 1659 didicit
1573 1620 1586 1655 :
1622 1603 1731 1658 lue-

134 1692 296 1747 retici
326 1694 567 1761 perversi
600 1693 843 1748 scindere
874 1694 1192 1748 didicerunt.
1227 1694 1395 1749 Adam
1436 1704 1734 1764 transgres-

132 1796 227 1836 sus
290 1784 543 1848 consuit,
589 1793 645 1837 ut
698 1784 932 1839 verenda
991 1793 1225 1853 tegeret;
1279 1784 1518 1839 haeretici
1568 1782 1728 1838 fidem

131 1883 400 1943 negantes
430 1874 701 1940 scindunt,
726 1884 785 1928 ut
824 1884 1009 1929 sancta
1050 1876 1269 1931 nudent.
1298 1873 1451 1944 Saepe
1482 1876 1728 1930 audimus

132 1980 255 2031 quae
280 1964 333 2018 in
350 1980 509 2019 cruce
530 1967 882 2035 contigerunt,
916 1967 1274 2036 miramurque
1286 1966 1578 2035 sumpsisse
1600 1968 1732 2021 mili-

131 2066 216 2111 tes
247 2057 575 2111 vestimenta
604 2055 822 2121 Christi,
859 2066 915 2111 et
938 2057 1204 2122 divisisse,
1234 2059 1520 2127 Statimque
1550 2069 1728 2113 mente

131 2146 371 2201 dicimus
403 2164 415 2199 :
449 2146 633 2215 Magna
664 2147 755 2201 Dei
806 2149 1081 2216 patientia,
1112 2148 1252 2217 quod
1302 2165 1408 2202 non
1442 2150 1723 2204 immiserit

131 2237 342 2293 fulmen
366 2280 380 2304 ,
410 2238 550 2306 quod
584 2254 686 2291 non
718 2240 993 2292 strinxerit
1018 2240 1277 2308 gladium.
1310 2240 1413 2294 Sed
1440 2248 1724 2294 contume-

131 2330 216 2384 liis
248 2330 586 2385 afficiebatur
615 2330 842 2386 Sanctus
868 2374 879 2395 ,
910 2341 961 2386 et
993 2332 1228 2401 profante
1266 2348 1456 2399 manus
1483 2349 1585 2386 non
1627 2333 1725 2386 ab-

130 2421 559 2475 scindebantur?
585 2422 789 2477 Miraris
834 2424 974 2491 quod
1004 2425 1198 2478 milites
1250 2426 1361 2477 ausi
1416 2426 1521 2479 sint
1552 2426 1718 2479 vesti-

131 2524 317 2567 menta
346 2514 623 2568 dividere?
654 2515 844 2569 Mirare
874 2517 1011 2586 quod
1045 2517 1096 2571 hi
1126 2519 1500 2571 vestimentum
1535 2520 1722 2573 Eccle-

131 2605 227 2658 sia:
281 2603 616 2658 disciderint.
666 2604 823 2660 Certe
890 2607 1087 2661 milites
1136 2608 1245 2662 visa
1301 2608 1497 2662 Christi
1545 2610 1721 2663 tunica

132 2697 464 2761 iucousutili,
494 2713 521 2749 a
570 2712 779 2752 summo
804 2709 1048 2753 contexta
1102 2714 1195 2769 per
1227 2709 1393 2754 totum
1422 2698 1599 2771 (Joan.
1635 2700 1723 2754 l9.

130 2788 246 2857 25),
301 2788 435 2841 vesti
482 2799 875 2858 pepercerunt;
933 2790 1164 2843 lucretici
1219 2806 1347 2844 vero
1401 2792 1596 2845 Christi
1628 2806 1722 2846 ve-

133 2890 297 2945 stem,
335 2879 589 2933 Ecclesite
620 2879 985 2933 indumentum
1038 2879 1342 2941 sciderunt,
1388 2880 1718 2945 diviserunt,

131 2971 489 3026 dissecarunt.
519 2970 623 3025 Sed
654 2972 717 3025 ad
748 2972 1075 3040 propositum
1107 2981 1461 3026 revertamur.
1514 2971 1721 3025 Censuit

134 3065 257 3131 folia
286 3065 438 3132 ﬁcus.
470 3063 748 3117 Audierunt
786 3061 950 3116 Deum
994 3062 1329 3116 ambulantem
1356 3104 1371 3127 ,
1426 3078 1615 3131 nempe
1665 3072 1723 3116 ut

132 3152 320 3205 audire
341 3152 483 3218 licet,
511 3161 557 3204 et
574 3167 626 3205 se
645 3151 1007 3205 absconderant
1031 3150 1178 3221 (Gen.
1196 3153 1249 3206 5.
1274 3151 1410 3219 7.8).
1447 3152 1613 3206 Proba
1642 3161 1723 3204 est

133 3253 320 3296 natura
356 3260 368 3294 :
398 3243 497 3297 etsi
544 3244 811 3297 sexcentis
842 3242 1071 3311 peccatis
1125 3243 1291 3297 simus
1322 3243 1559 3306 obnoxii,
1592 3257 1721 3296 con-

132 3334 353 3387 scientia
410 3343 587 3387 nostra
617 3334 778 3388 libera
823 3344 923 3389 est.
958 3335 1229 3389 Interdum
1261 3335 1406 3389 frons
1438 3334 1718 3404 impudens

133 3437 232 3491 est,
265 3435 322 3479 et
348 3426 673 3480 conscientia
702 3426 893 3495 arguit.
924 3426 1191 3479 Interdum
1244 3426 1418 3494 lingua
1448 3426 1553 3478 ait:
1581 3426 1715 3491 Quid

133 3518 273 3571 enim
306 3519 564 3585 peccavi?
588 3526 641 3570 et
667 3516 993 3571 conscientia
1022 3517 1163 3570 intus
1186 3516 1545 3585 reprehendit.
1572 3515 1715 3569 Sim-

136 3609 456 3677 plicissimus
477 3618 531 3663 et
560 3609 802 3661 sincerus
825 3619 941 3661 erat
965 3606 1130 3661 Adam
1166 3627 1177 3661 :
1204 3608 1370 3661 libere
1418 3607 1717 3661 confiteba-

135 3709 234 3752 tur.
267 3698 409 3752 Deus
431 3699 537 3750 ait:
566 3697 663 3752 Ubi
688 3698 781 3751 es?
806 3698 950 3753 Multi
980 3700 1062 3766 pie
1100 3699 1274 3751 locum
1306 3698 1678 3752 intelleXernnt
1702 3715 1715 3751 :

132 3797 339 3857 Oportet
368 3798 541 3841 tamen
580 3798 825 3842 accurate
852 3789 1135 3858 inspicere.
1169 3790 1385 3843 Illorum
1428 3804 1582 3845 sensa
1612 3789 1710 3843 ad-

132 3881 281 3934 mitto
308 3889 494 3948 utpote
522 3880 605 3949 pia
632 3898 644 3943 ;
677 3890 730 3933 et
763 3880 877 3934 htcc
907 3880 1026 3934 dico
1052 3881 1191 3949 quod
1220 3895 1343 3935 vera
1367 3881 1492 3935 sint.
1525 3881 1711 3944 Adam,

130 3975 215 4026 ubi
240 3975 337 4027 es?
366 3972 560 4027 Unde?
586 3986 691 4041 quo
738 3973 1102 4025 descendisti?
1139 3990 1202 4027 ex
1230 3988 1332 4043 qua
1364 3972 1529 4042 gloria
1573 3974 1718 4027 exci-

134 4065 291 4118 disti?
332 4064 567 4117 Admitte
610 4064 745 4117 hanc
790 4065 1176 4131 expositionem
1228 4074 1285 4117 ut
1329 4066 1489 4133 piam.
1550 4065 1716 4119 Habet

133 4161 270 4211 enim
302 4165 357 4210 et
383 4157 493 4211 veri
524 4158 775 4224 speciem,
809 4166 861 4210 et
890 4157 1191 4210 miserantis
1225 4157 1489 4211 effectum.
1524 4158 1593 4210 At
1632 4172 1718 4209 se-

135 4252 263 4304 riem
296 4263 498 4319 qumro.
532 4248 717 4313 Asiam,
751 4249 836 4301 ubi
880 4248 974 4300 es?
1013 4248 1307 4317 lnterrogat
1350 4249 1506 4303 Dens.
1540 4248 1719 4301 Nove-

130 4352 231 4405 rat,
256 4352 317 4398 ut
342 4340 538 4409 opifex,
573 4342 763 4409 opilicii
813 4353 1053 4394 naturam
1088 4342 1226 4410 quod
1257 4342 1494 4413 quisquis
1524 4357 1715 4411 pecca-

140 4434 293 4497 verit,
332 4432 580 4486 liduciam
605 4432 841 4497 amittat,
866 4433 1110 4501 quodque
1138 4442 1462 4487 consuantur
1488 4448 1716 4501 peccan-

138 4523 260 4574 tium
288 4537 405 4576 ora.
438 4522 907 4576 Animadvertebat
937 4522 1055 4576 ideo
1083 4522 1303 4592 fugisse,
1334 4523 1473 4591 quod
1519 4525 1710 4577 fiducia

136 4622 354 4666 careret.
390 4612 588 4666 Servus
631 4622 736 4665 tum
766 4614 999 4665 maxime
1031 4615 1217 4665 anxius
1246 4622 1347 4677 est,
1372 4630 1492 4667 eum
1524 4628 1713 4667 sense-

136 4704 193 4752 rit
226 4700 411 4754 herum
442 4711 672 4771 peracta:
716 4704 792 4756 rei
825 4717 1043 4771 gnarmn
1074 4717 1193 4755 esse
1242 4718 1252 4752 :
1288 4702 1539 4770 quamdiu
1571 4704 1712 4770 igno-

135 4801 211 4845 rat
253 4792 436 4856 herus,
468 4794 698 4861 scipsum
750 4794 1071 4857 conseia-tur,
1106 4801 1161 4845 ut
1202 4793 1287 4861 qui
1323 4794 1484 4847 latere
1511 4795 1711 4863 possit.

137 4884 297 4938 Adam
342 4884 579 4952 fugiebat
627 4894 683 4937 ut
724 4884 1128 4953 deprehensus:
1163 4884 1303 4937 Deus
1363 4885 1714 4952 ignorantiam

139 4976 417 5029 simulabat
442 5016 457 5038 ,
486 4983 542 5026 ut
570 4986 765 5027 metum
798 4976 913 5041 ejus
961 4974 1231 5039 solveret;
1262 4984 1317 5027 ιιι
1367 4988 1463 5027 nos
1487 4974 1715 5029 dicimus

139 5068 199 5122 de
222 5070 391 5121 amico
418 5084 430 5118 :
466 5066 710 5133 Ignorare
741 5082 825 5119 me
870 5066 1111 5119 simulavi
1139 5108 1152 5130 ,
1202 5080 1268 5119 ne
1318 5066 1389 5119 illi
1419 5066 1715 5119 molestiam

140 5173 388 5214 crearent.
425 5157 545 5211 llarc
567 5157 707 5211 enim
739 5174 880 5226 smpe
906 5158 1043 5227 apud
1076 5172 1171 5211 nos
1200 5158 1539 5226 contingunt.
1566 5157 1717 5222 Quod

141 5251 178 5303 si
208 5252 340 5321 apud
376 5267 472 5304 nos
497 5250 607 5301 haec
643 5248 926 5313 accidunt,
962 5250 1126 5302 multo
1177 5250 1340 5318 magis
1386 5249 1521 5315 apud
1550 5250 1714 5301 Deum

141 5340 629 5394 clementissimum.
686 5339 849 5391 Adam
876 5380 889 5401 ,
922 5341 1005 5392 ubi
1028 5341 1119 5393 es?
1150 5356 1211 5395 ac
1252 5342 1294 5392 si
1352 5339 1576 5401 diceret,
1617 5339 1719 5393 Ne-

142 5433 261 5484 scio.
294 5432 431 5485 'him
464 5431 569 5484 Deo
601 5444 655 5483 se
678 5430 881 5483 nescire
910 5431 1213 5495 simulante,
1246 5433 1441 5499 probus
1473 5432 1715 5499 liberque

143 5524 338 5576 animus
364 5538 466 5575 non
495 5522 686 5582 celavit
718 5539 730 5573 :
784 5520 961 5573 Vocem
986 5531 1121 5573 tuam
1149 5523 1320 5574 audivi
1351 5531 1394 5575 et
1439 5523 1620 5587 timui,
1651 5538 1707 5575 eo

144 5617 264 5678 quod
288 5614 454 5669 nudus
483 5631 659 5675 essem,
692 5624 738 5668 et
779 5630 855 5666 me
888 5615 1128 5667 abscondi
1158 5616 1175 5684 (
1203 5614 1329 5669 Gen.
1361 5616 1412 5668 5.
1446 5615 1554 5685 10).
1611 5616 1717 5669 Cur

148 5705 401 5761 timuisti?
427 5721 523 5760 cur
562 5715 612 5760 te
639 5703 1001 5760 abscondisti?
1028 5704 1200 5757 Timui
1233 5706 1303 5759 ob
1341 5706 1719 5777 transgressio-

150 5811 259 5851 nem
290 5813 304 5852 :
334 5814 419 5854 me
445 5796 697 5853 abscondi
741 5797 810 5851 ob
842 5795 1153 5851 nuditatem.
1186 5794 1326 5853 Vere
1348 5807 1715 5870 transgresso-

1199 398 1286 454 DE
1324 398 1533 455 MUNDI
1571 396 1967 454 CREATIONE
2007 397 2263 454 ORATIO
2300 399 2385 454 Vl.

3326 409 3440 465 494

1856 510 1929 563 ris
1959 525 2061 564 vox
2082 509 2348 582 lacrymas
2393 521 2589 568 movet.
2645 515 2829 571 Vocem
2876 523 3016 573 tuam
3058 518 3252 585 audivi,
3288 521 3431 576 illam

1851 598 2281 667 desiderabilem,
2310 603 2451 657 illam
2481 619 2599 675 qute
2642 606 2769 661 mihi
2808 609 2983 662 omnia
3010 608 3195 678 largita
3226 620 3328 675 est,
3361 610 3429 665 il-

1850 690 1951 744 lam
1980 707 2096 760 qnm
2127 692 2257 746 mihi
2303 693 2438 748 bona
2468 697 2693 751 contulit
2741 707 2795 752 et
2824 709 3041 767 operata
3087 709 3190 755 est.
3243 701 3431 755 Audivi

1847 798 2015 834 uocent
2046 792 2204 835 tuam.
2248 784 2484 855 Cogitavi
2516 789 2725 855 qualem
2775 804 2957 843 vocem
3008 791 3227 860 respui,
3275 808 3431 862 quam

1844 888 2030 927 vocem
2084 873 2301 942 despexi
2336 892 2348 927 ;
2383 886 2435 930 et
2482 877 2655 943 timui,
2702 880 2824 933 talis
2879 880 3089 933 Domini
3122 882 3428 935 mandatum

1847 976 2234 1035 transgressus,
2269 978 2324 1023 et
2369 984 2455 1023 me
2481 970 2757 1036 abscondi,
2795 987 2859 1024 eo
2889 972 3028 1041 quod
3087 973 3257 1027 nttdus
3301 975 3423 1027 sim.

1844 1057 2055 1112 Exinde
2081 1058 2218 1113 Deus
2259 1076 2481 1115 monere
2513 1063 2715 1131 pergit:
2745 1064 2871 1130 Quis
2898 1065 3134 1118 indicauit
3176 1067 3263 1119 tibi
3290 1067 3426 1130 quod

1844 1148 2011 1201 nudus
2041 1164 2189 1211 esses.
2224 1151 2321 1203 nisi
2350 1153 2483 1220 quod
2510 1169 2571 1205 ea:
2598 1153 2735 1222 ligno
2777 1155 2838 1208 de
2874 1171 2971 1219 quo
3019 1162 3128 1209 sete
3177 1173 3426 1225 pra-cepe-

1842 1254 1956 1290 ram
1986 1239 2075 1291 tibi
2119 1255 2179 1291 ne
2205 1242 2490 1294 comederes
2515 1283 2529 1305 ,
2583 1243 2845 1297 comedisti
2874 1243 3022 1315 (Gen.
3062 1246 3112 1301 5.
3158 1246 3292 1317 ll)?
3324 1246 3422 1302 hoc

1842 1338 1941 1390 est,
1972 1328 2077 1381 Nisi
2109 1329 2261 1397 plane
2294 1332 2393 1383 hoc
2417 1333 2653 1397 fecisses,
2686 1335 2824 1402 quod
2856 1335 3262 1402 prohibueram?
3292 1337 3422 1392 Vide

1840 1419 2110 1488 quomodo
2136 1421 2432 1474 sciscitatur
2461 1436 2523 1475 ac
2554 1422 2596 1475 si
2629 1424 2858 1477 nesciret
2883 1443 2896 1479 :
2919 1424 3026 1478 Nisi
3067 1426 3206 1495 quod
3238 1441 3300 1479 ex
3335 1426 3419 1477 illa

1837 1510 2048 1574 arbore,
2077 1509 2145 1563 de
2173 1525 2273 1578 qua
2306 1525 2659 1580 prmceperam
2693 1511 2782 1565 tibi
2813 1529 2879 1567 ne
2915 1514 3244 1579 comederes,
3274 1530 3420 1568 com-

1835 1598 2020 1654 edisti?
2047 1600 2112 1653 At
2152 1600 2270 1653 vide
2298 1601 2389 1655 Dei
2422 1601 2816 1671 benignitatem.
2859 1603 2982 1667 Quis
3004 1604 3241 1657 indicavit
3285 1605 3371 1657 tibi
3392 1605 3415 1657 ἕ

1844 1690 1969 1746 Ideo
1994 1692 2317 1762 colloquium
2348 1694 2609 1767 producit,
2635 1702 2692 1747 ut.
2717 1705 2914 1747 metum
2944 1695 3115 1748 solvat
3139 1737 3154 1760 ,
3199 1705 3252 1749 et
3281 1694 3419 1749 ﬁdo--

1836 1784 1971 1836 ciam
2000 1786 2212 1837 excitet.
2246 1783 2524 1854 Cogitabat
2549 1785 2688 1839 enim
2719 1786 2887 1840 Adam
2921 1787 3049 1840 nihil
3094 1787 3163 1840 ibi
3202 1786 3416 1850 durum,

1837 1876 1970 1929 nihil
2010 1891 2257 1945 asperum
2305 1892 2456 1941 esse,
2505 1893 2609 1930 non
2638 1878 3053 1944 contumeliam,
3083 1894 3186 1931 non
3218 1880 3419 1947 plagas.

1835 1964 2010 2019 Habes
2062 1966 2364 2035 magistram
2392 1968 2851 2021 consuetudinem.
2878 1968 3072 2023 Servus
3099 1969 3185 2037 qui
3232 1983 3417 2037 pecca-

1834 2057 1928 2119 vit,
1957 2058 2000 2109 si
2033 2055 2222 2110 herum
2241 2057 2413 2121 adeat,
2448 2073 2475 2110 a
2504 2058 2671 2126 prima
2704 2073 2836 2112 voce
2885 2068 2974 2111 aut
3027 2058 3272 2111 fiduciam
3326 2068 3415 2111 aut

1837 2159 2037 2204 metum
2070 2150 2313 2204 assumit.
2351 2148 2403 2204 Si
2437 2151 2523 2205 ille
2550 2150 2811 2220 indignari
2845 2151 3069 2218 cmperit
3091 2192 3104 2216 ,
3136 2149 3416 2216 furemque

1832 2241 2003 2303 illttm,
2040 2239 2453 2302 fraudulentum,
2486 2241 2734 2310 milleque
2761 2240 3023 2295 mortibus
3062 2240 3279 2309 dignum
3317 2254 3413 2307 ap-

1830 2331 2058 2399 pellarit,
2091 2332 2268 2384 animo
2298 2331 2509 2397 deficit;
2544 2333 2623 2385 sin
2672 2332 2817 2385 illum
2871 2332 3281 2401 exprobrantcm
3312 2346 3410 2382 au-

1828 2424 1958 2487 diat,
1989 2423 2167 2484 Miser.
2201 2438 2299 2478 cur
2327 2424 2427 2477 hoc
2458 2425 2664 2478 fecisti?
2700 2440 2793 2478 cur
2822 2423 3093 2493 peccasti?
3123 2423 3300 2476 statim
3329 2436 3414 2474 rc--

1829 2523 2047 2581 sumpto
2077 2515 2260 2567 animo
2288 2514 2509 2568 conlidit
2539 2532 2550 2567 :
2578 2530 2749 2582 neque
2792 2514 2932 2568 enim
2959 2525 3013 2566 ut
3047 2513 3208 2567 herus
3240 2512 3410 2581 ιιιιιιὶι.

1828 2604 1921 2660 sed
1949 2616 2004 2658 ut
2032 2606 2285 2674 magister
2313 2615 2512 2658 monet.
2539 2604 2627 2659 Sic
2658 2606 2797 2659 Deus
2821 2624 2833 2657 :
2861 2605 2986 2671 Quis
3004 2603 3132 2656 dixit
3162 2603 3247 2655 tibi
3280 2606 3410 2671 quod

1832 2694 2000 2747 nudus
2027 2710 2179 2759 esses,
2220 2696 2316 2748 nisi
2345 2695 2478 2763 quod
2506 2695 2567 2748 de
2615 2695 2785 2764 ligno,
2821 2695 2883 2749 de
2926 2710 3025 2763 quo
3073 2710 3407 2764 praceperam

1829 2786 1919 2839 tibi
1946 2803 2007 2839 ne
2053 2789 2357 2851 comederes,
2406 2787 2715 2839 comedisti?
2754 2786 2889 2840 Num
2925 2786 3088 2839 multa
3118 2785 3405 2855 prohibui?

1833 2876 2004 2931 Unum
2036 2878 2321 2946 prohibui,
2368 2878 2523 2945 idque
2572 2893 2675 2930 non
2717 2878 2790 2931 tui
2817 2879 2960 2942 odio,
3002 2878 3095 2933 sed
3140 2878 3281 2946 quod
3316 2878 3407 2931 tibi

1829 2971 2212 3037 prospicerem.
2259 2969 2383 3035 Quis
2414 2971 2501 3022 tibi
2528 2970 2804 3030 indicavit,
2848 2970 2983 3039 quod
3031 2970 3195 3023 nudus
3234 2969 3410 3022 esses!

1825 3058 1968 3113 Nihil
2001 3060 2334 3127 impudenter
2366 3061 2639 3129 respondit
2670 3078 2683 3114 :
2714 3076 2821 3113 non
2853 3061 3019 3125 dixit,
3070 3060 3404 3120 Nesciebam.

1824 3151 1960 3217 Quid
2002 3151 2169 3220 ergo?
2216 3150 2438 3215 Mulier,
2482 3168 2629 3223 quant
2691 3152 2874 3205 dedisti
2917 3152 3072 3216 mihi,
3117 3152 3223 3204 haec
3268 3151 3407 3204 dedit

1824 3244 1967 3309 ini/ii,
1998 3253 2041 3295 et
2063 3245 2254 3295 remedi
2278 3243 2427 3312 (Gen.
2461 3244 2512 3297 5.
2540 3243 2655 3309 12):
2682 3259 2743 3296 ac
2772 3246 2813 3295 si
2842 3244 3062 3308 «liceret,
3110 3245 3237 3306 Quae
3284 3241 3405 3294 data

1827 3336 1953 3389 mihi
1986 3344 2133 3398 erat,
2166 3346 2219 3387 ιιι
2247 3336 2541 3403 adjuvarct.
2598 3336 2787 3388 Audivi
2825 3334 2965 3387 enim
2997 3349 3115 3388 cum
3148 3332 3407 3386 formatus

1824 3443 1999 3481 essem
2025 3468 2037 3489 .
2088 3438 2139 3481 et
2169 3428 2251 3480 illa
2296 3428 2525 3481 nondum
2576 3437 2757 3490 esset,
2785 3426 3049 3480 dicentem
3083 3443 3097 3478 :
3132 3423 3409 3478 Faciamus

1825 3520 1901 3571 illi
1948 3520 2230 3589 adjutorem
2258 3520 2471 3572 similent
2500 3520 2545 3573 ei
2573 3518 2725 3589 (Gen.
2756 3518 2809 3571 2.
2844 3518 2954 3586 l5).
2990 3516 3115 3570 Ηαιε
3136 3533 3286 3586 quam
3314 3516 3405 3568 de-

1824 3610 1943 3663 disti
1972 3611 2115 3675 mihi,
2150 3612 2284 3663 dedit
2325 3612 2469 3663 milii.
2496 3611 2607 3665 Non
2637 3610 2790 3675 dixit,
2828 3610 3063 3679 Decepit,
3100 3625 3225 3673 non,
3258 3607 3405 3663 Men-

1824 3702 1917 3755 lita
1948 3712 2022 3756 est
2055 3721 2068 3755 :
2112 3701 2236 3755 Hier
2257 3703 2380 3754 mihi
2401 3702 2556 3763 dedit,
2580 3712 2624 3754 et
2650 3702 2862 3755 comedi.

1895 3796 1946 3848 8.
1995 3794 2129 3848 Tum
2165 3794 2653 3862 Deus:0portebat
2688 3802 2739 3847 te
2794 3792 2943 3847 uxori
2997 3790 3219 3846 credere
3244 3830 3259 3854 ,
3297 3803 3401 3843 non

1824 3886 1992 3938 mihi?
2025 3900 2149 3937 num
2175 3884 2275 3938 [ide
2305 3884 2514 3953 dignior
2538 3900 2622 3937 me
2650 3884 2885 3936 mulier?
2914 3882 3023 3951 Ego
3046 3881 3183 3934 bona
3218 3879 3403 3943 tribui,

1822 3991 1922 4045 ego
1956 3985 2003 4029 te
2025 3975 2183 4029 rebus
2213 3975 2341 4042 ipsis
2366 3973 2619 4027 bonoravi
2652 3991 2664 4027 :
2700 3974 2786 4027 illa
2832 3974 3007 4027 verbis
3035 3971 3309 4025 inescavit.
3341 3971 3406 4023 lit

1823 4068 1944 4121 vide
1970 4085 1982 4119 :
2016 4076 2071 4118 ut
2117 4067 2279 4133 jndex
2310 4075 2526 4135 accepta
2558 4066 2903 4118 excusatione
2930 4064 3028 4127 rei,
3058 4064 3100 4115 si
3130 4078 3236 4115 non
3268 4061 3405 4114 ultra

1823 4156 2208 4210 examinaverit
2235 4156 2403 4213 illum.
2452 4154 2545 4209 sed
2576 4155 2846 4208 transierit
2872 4154 2935 4207 ad
2987 4154 3149 4206 alium
3177 4194 3193 4219 ,
3222 4152 3400 4206 statim

1823 4262 1947 4301 reus
1976 4262 2096 4300 cum
2130 4245 2317 4299 ﬁducia
2347 4245 2494 4311 dicit,
2528 4244 2744 4299 lnterim
2790 4260 2889 4314 ego
2942 4260 3165 4299 examen
3217 4242 3352 4296 subii
3384 4259 3400 4295 :

1822 4340 1897 4392 sic
1930 4349 1981 4392 et
2006 4338 2144 4392 Dens
2174 4338 2240 4390 ab
2272 4337 2472 4391 Adamo
2495 4338 2703 4402 transit,
2738 4346 2797 4390 ut
2825 4339 2940 4404 ejus
2962 4346 3159 4390 metum
3191 4334 3395 4396 solvat,

1822 4441 1874 4484 et
1909 4430 2116 4483 mulieri
2145 4428 2292 4491 dicit,
2327 4428 2429 4482 Cur
2446 4429 2541 4481 hoc
2571 4428 2778 4496 fecisti?
2806 4428 2934 4490 Qua:
2951 4426 3251 4495 respondit:
3280 4424 3405 4477 Ser-

1822 4538 1943 4591 pens
1972 4520 2169 4574 seduxit
2219 4536 2325 4583 me,
2368 4530 2411 4572 et
2438 4519 2629 4571 comedi
2664 4518 2815 4586 (Gen.
2847 4518 2899 4571 '5.
2932 4516 3044 4586 l5).
3094 4515 3225 4581 Quia
3278 4528 3403 4567 vera

1820 4613 1972 4672 dixit,
1998 4624 2176 4662 veram
2227 4609 2365 4663 Deus
2396 4608 2764 4662 defensionem
2819 4620 2926 4661 non
2968 4607 3230 4674 vituperat
3259 4646 3273 4671 ,
3306 4605 3402 4657 sed

1824 4704 1939 4756 sine
1971 4701 2206 4755 ulteriori
2237 4702 2482 4755 examine
2506 4700 2759 4770 relinquit
2777 4714 2916 4754 eam.
2954 4699 3066 4753 Non
3098 4698 3231 4751 dixit
3261 4713 3276 4751 τ
3306 4696 3403 4751 Er-

1821 4808 1956 4862 gone
1984 4793 2069 4846 ille
2096 4834 2111 4858 ,
2144 4793 2347 4846 scilicet
2375 4806 2598 4860 serpens
2626 4830 2639 4857 ,
2680 4806 2767 4844 me
2807 4790 2911 4844 fide
2960 4789 3167 4859 dignior
3193 4787 3404 4841 habitus

1822 4885 1943 4940 est?
1972 4884 2223 4938 Promisit
2250 4883 2607 4951 aequalitatem
2640 4896 2759 4935 cum
2794 4881 2924 4946 Deo,
2949 4889 3002 4935 et
3030 4886 3252 4933 mortem
3281 4892 3404 4945 pro-

1823 4977 2046 5033 curavit.
2080 4976 2278 5029 Verum
2308 4992 2412 5029 non
2439 4976 2618 5029 statim
2666 4974 2890 5043 iudicat,
2924 4972 3017 5026 sed
3055 4972 3101 5025 ei
3152 4980 3210 5022 ut
3250 4968 3399 5022 infir—

1824 5069 1977 5123 miori
2009 5070 2118 5121 vasi
2152 5069 2319 5137 magis
2347 5068 2623 5135 pepercit;
2656 5072 3067 5132 serpentcmque
3097 5060 3297 5123 adivit,
3346 5066 3405 5113 ut

1822 5170 1877 5213 et
1903 5159 2017 5211 viro
2046 5168 2098 5211 et
2124 5159 2335 5212 mulieri
2365 5156 2731 5226 persuaderet,
2763 5167 2820 5206 se
2836 5163 3108 5206 auctorem
3135 5149 3402 5203 aditurum

1824 5262 1981 5312 esse;
2017 5248 2215 5317 aitque,
2246 5247 2374 5312 Quia
2400 5247 2492 5298 hoc
2518 5245 2696 5314 fecisti.
2728 5243 2910 5297 Videu‘
2928 5243 3117 5296 mirum
3148 5241 3405 5310 jmlicem?

1826 5339 2091 5407 Deceptos
2122 5339 2429 5405 interrogat,
2454 5336 2795 5406 deceptorem
2820 5350 2994 5389 secus.
3018 5334 3131 5388 Non
3159 5335 3205 5387 ei
3229 5333 3358 5387 dicit
3388 5372 3403 5395 ,

1824 5430 1959 5497 Quid
2004 5430 2220 5485 fecisti?
2252 5430 2365 5494 sed,
2422 5428 2556 5492 Quia
2615 5429 2708 5482 hoc
2758 5430 2940 5499 fecisti.
2993 5428 3190 5482 Eodem
3248 5426 3407 5480 modo

1824 5522 1987 5576 David
2017 5522 2143 5575 dicit
2169 5564 2182 5585 ,
2220 5520 2339 5573 Non
2365 5531 2625 5588 resurgant
2674 5522 2821 5591 impii
2845 5522 2897 5573 in
2910 5521 3109 5590 judicio
3143 5519 3314 5590 (Psul.
3346 5521 3397 5572 l.

1826 5614 1915 5682 5);
1946 5628 2050 5667 non
2081 5613 2201 5683 quia
2231 5628 2334 5665 non
2370 5621 2653 5682 resurgent
2677 5653 2689 5675 ,
2738 5612 2830 5666 sed
2860 5612 3107 5681 quianon
3136 5611 3406 5665 exmnina-

1825 5705 2042 5758 buntur.
2084 5704 2214 5768 Quia
2241 5705 2332 5755 hoc
2361 5704 2547 5772 fecisti.
2583 5702 2785 5757 lnilicta
2819 5704 3050 5771 serpenti
3108 5716 3281 5769 pinna,
3308 5715 3403 5753 eo-

1827 5814 1945 5854 rum
1975 5814 2107 5871 quos
2134 5798 2416 5854 seduxerat
2445 5814 2629 5870 poenas
2657 5798 2885 5853 leviores
2910 5795 3109 5852 etlecit.
3148 5795 3280 5864 Nisi,
3328 5795 3407 5856 in.
