4104 6322
737 372 851 428 495

731 477 864 545 quit,
905 476 1040 526 Deus
1065 471 1239 525 omnia
1271 471 1342 524 illi
1369 468 1758 537 adscripsisset,
1782 480 1884 519 non
1907 465 2024 518 sine
2060 467 2307 520 examine

736 566 1054 621 sontentiam
1089 565 1313 617 tulisset.
1341 561 1472 628 Quia
1499 562 1593 612 lwc
1621 560 1796 630 fecisti,
1824 557 2120 610 maledictus
2143 573 2191 610 es
2223 573 2310 608 suc

736 673 823 725 per
842 671 1012 708 omnes
1040 655 1221 708 bestias
1249 663 1419 707 terrm.
1448 653 1617 720 Super
1640 659 1810 718 pectus
1841 660 1980 700 tuum
2019 659 2062 700 et
2093 657 2311 701 ventrem

730 747 976 815 gradieris
1027 739 1175 807 (Gen.
1206 742 1255 794 3.
1295 740 1400 809 14).
1429 742 1570 806 Quia
1598 740 1694 791 ltoc
1731 739 1903 807 fecisti
1942 739 2102 804 :quia
2147 736 2309 789 corde

729 836 915 906 cepisti
945 877 957 898 ,
996 848 1058 888 ac
1101 832 1270 886 ventri
1299 842 1356 886 ut
1383 831 1560 885 cibum
1590 837 1827 899 gustaret
1853 828 2089 893 suasisti,
2141 826 2308 895 Super

728 937 900 994 pectus
944 938 991 978 et
1042 935 1257 977 ventrem
1284 922 1554 992 gradieris.
1604 919 1719 974 Non
1747 919 1886 987 quod
1937 928 2059 972 ante
2087 919 2306 987 pedibus

726 1019 796 1069 sit
826 1031 971 1078 usus,
997 1015 1236 1069 decernit
1262 1014 1400 1067 Deus
1441 1024 1494 1065 ut
1525 1027 1686 1080 super
1713 1021 1956 1065 ventrem
2001 1010 2303 1080 gradiatur,

725 1109 816 1160 sed
838 1109 957 1176 quia
987 1117 1196 1160 erectus
1221 1107 1494 1158 mulierem
1523 1106 1828 1174 alloquutus
1852 1114 1985 1158 erat.
2017 1103 2129 1156 Non
2161 1104 2303 1156 enim

727 1208 932 1266 poterat
958 1199 1060 1251 alio
1083 1198 1238 1250 modo
1262 1212 1380 1250 cum
1400 1196 1510 1249 Eva
1537 1195 1857 1263 colloquium
1888 1195 2137 1248 miscere.
2159 1193 2308 1247 Allo-

723 1290 916 1358 queudi
953 1289 1206 1349 formam,
1230 1303 1330 1357 qua
1363 1287 1522 1339 Evam
1553 1286 1858 1348 seduxerat,
1901 1283 2180 1353 gradiendi
2212 1297 2304 1335 su—

728 1396 823 1449 per
851 1390 1033 1448 pectus
1075 1394 1230 1448 poma
1258 1378 1478 1446 castigat
1499 1416 1512 1438 ,
1545 1385 1598 1429 et
1625 1391 1653 1429 a
1685 1376 1972 1430 constituto
2019 1372 2300 1428 incedendi

724 1471 883 1523 modo
907 1470 1068 1538 cjicit.
1097 1470 1208 1522 Etsi
1237 1469 1375 1522 enim
1409 1468 1526 1521 siue
1557 1468 1780 1534 pedibus
1817 1481 1844 1517 a
1899 1465 2158 1534 principio
2192 1464 2301 1517 for-

724 1572 896 1615 matus
926 1571 1078 1626 erat,
1119 1570 1174 1613 at
1203 1560 1425 1630 agilibus
1477 1559 1792 1627 quibusdam
1838 1557 2301 1611 convolutionibns

720 1665 952 1718 erectus,
972 1664 1194 1709 extenso
1219 1663 1434 1721 pectore
1460 1651 1607 1721 quasi
1641 1650 1930 1719 equitabat.
1965 1648 2111 1704 Unde
2138 1649 2297 1701 etiam

724 1760 864 1798 nunc
890 1759 1111 1812 serpens
1136 1744 1299 1796 iratus
1328 1757 1472 1810 saepe
1498 1742 1730 1808 seipsmn
1753 1741 1929 1808 erigit,
1964 1749 2018 1792 et
2049 1739 2098 1791 in
2128 1738 2301 1792 circu-

720 1836 823 1888 lum
844 1835 1157 1888 convolutos
1174 1835 1367 1886 currit:
1390 1847 1702 1901 progressus
1714 1839 1886 1884 autem
1902 1839 2150 1899 quantum
2169 1829 2299 1883 satis

719 1935 824 1988 est,
856 1935 911 1979 ut
932 1927 1132 1993 antiqui
1155 1939 1367 1994 gressus
1397 1922 1609 1977 rcfricet
1632 1923 1965 1985 memoriam,
1996 1935 2206 1974 rursum
2232 1934 2298 1972 ex

715 2017 992 2071 sententia:
1016 2017 1128 2084 lege
1155 2015 1527 2084 prosternitur.
1561 2013 1624 2066 Et
1651 2023 1833 2066 terram
1862 2012 2085 2066 concedes
2105 2012 2298 2063 cunctis

715 2109 888 2162 diebus
917 2109 1032 2162 vita:
1064 2119 1180 2160 ture.
1203 2107 1504 2160 Inimicitias
1533 2123 1714 2175 ponam
1744 2107 1872 2158 inter
1900 2115 1946 2157 te
1971 2113 2016 2157 et
2039 2104 2297 2156 mulierem

717 2198 869 2268 (Gen.
894 2201 946 2253 5.
971 2198 1078 2270 15).
1105 2199 1240 2266 Quid
1269 2199 1367 2252 sibi
1394 2199 1527 2262 vult,
1553 2197 1762 2250 Terram
1787 2197 2052 2251 camertes?
2080 2195 2132 2249 ld
2155 2194 2295 2264 quod

716 2291 976 2344 Adamum
1001 2291 1112 2344 fore
1135 2291 1428 2359 procurasti
1457 2331 1471 2356 ,
1502 2291 1603 2344 hoc
1641 2290 1816 2360 ipsum
1856 2287 2098 2343 comede.
2133 2287 2298 2342 Audi-

715 2392 869 2434 turtts
897 2384 1037 2436 enim
1065 2383 1153 2436 illc
1181 2392 1264 2437 est
1294 2399 1306 2434 :
1345 2381 1501 2435 Terra
1522 2399 1594 2445 es,
1635 2383 1752 2434 etin
1785 2392 1968 2434 terram
2010 2382 2288 2434 reverteris.

716 2473 1015 2527 Inimicitias
1049 2489 1230 2542 ponam
1252 2474 1380 2526 inter
1409 2482 1456 2525 te
1490 2482 1535 2526 et
1562 2473 1819 2525 mulierem
1871 2469 2020 2542 (Gen.
2074 2471 2128 2526 5.
2180 2471 2287 2536 19).

714 2568 845 2635 Quia
876 2567 1118 2620 simulata
1164 2567 1398 2620 amicitia
1427 2565 1707 2628 seduxisti,
1738 2572 2004 2632 tamquam
2047 2563 2295 2618 inimicus

713 2658 942 2725 ejiceris.
972 2657 1161 2711 Sermo
1190 2658 1288 2710 istc
1321 2658 1371 2709 in
1398 2657 1564 2725 legem
1597 2656 1820 2709 transiit.
1846 2655 2074 2709 Attende
2101 2655 2289 2722 igitur:

728 2747 937 2802 Terram
975 2750 1204 2801 comedes
1237 2747 1425 2799 cunctis
1474 2745 1648 2799 diebus
1693 2747 1807 2798 vita:
1831 2756 1949 2799 tute.
1982 2745 2113 2799 Vide
2150 2761 2290 2798 :non

711 2838 841 2893 dicit
871 2839 1125 2906 serpenti,
1157 2838 1318 2891 Terra
1349 2837 1442 2890 tibi
1502 2837 1652 2890 cibus
1687 2839 1824 2890 erit:
1852 2851 1954 2890 non
1997 2837 2137 2890 enim
2174 2850 2290 2890 ser-

714 2943 902 3002 pentes
943 2942 1134 2984 terram
1168 2945 1383 2997 semper
1401 2928 1709 2995 comedunt,
1739 2929 1831 2983 sed
1861 2930 2112 2982 carnibus
2130 2929 2287 2982 etiam

713 3024 929 3075 aluntur
967 3031 1021 3075 et
1051 3019 1330 3085 fruetibus,
1359 3020 1561 3073 semina
1591 3018 1869 3084 mandunt,
1900 3027 1954 3073 et
1983 3019 2173 3073 herbas
2204 3034 2293 3072 ca-

717 3125 882 3182 ptant.
915 3114 1029 3169 Hoc
1074 3123 1250 3168 autem
1299 3113 1428 3166 dicit
1463 3131 1474 3165 :
1504 3113 1768 3166 Absumcs
1821 3121 2014 3167 terram
2036 3152 2049 3177 ,
2108 3112 2169 3165 itr
2204 3112 2290 3164 illa

711 3216 947 3274 reptans.

784 3299 843 3354 Si
888 3296 1119 3352 diabolus
1160 3297 1387 3366 decepit,
1442 3312 1531 3348 cur
1584 3296 1802 3364 serpenti
1853 3295 2186 3349 maledicitur.
2223 3323 2293 3334 —

715 3390 905 3445 Verum
938 3391 1087 3442 aimit
1116 3389 1327 3457 quidam
1361 3405 1375 3442 ι
1413 3387 1466 3442 Si
1495 3387 1736 3442 diabolus
1764 3387 2000 3457 decepit,
2048 3404 2143 3441 cur
2181 3404 2294 3442 scr-

710 3497 841 3551 pens
879 3482 1304 3536 maledictionem
1347 3480 1578 3548 excipit?
1629 3480 1945 3532 luvisibilern
1993 3479 2289 3533 daemonem

711 3573 956 3628 invisibili
985 3573 1131 3641 plaga
1171 3571 1366 3633 afficit;
1415 3571 1620 3624 visibile
1655 3571 2066 3624 instrumentum
2097 3571 2289 3624 visibili

710 3667 968 3736 supplicio
1000 3665 1226 3733 subjicit.
1273 3664 1488 3731 Quare?
1518 3663 1664 3717 Sicut
1697 3663 1835 3716 Deus
1867 3662 2144 3716 invisibilis
2169 3677 2289 3714 cum

711 3760 812 3824 sit,
841 3757 1045 3809 visibile
1085 3763 1482 3807 mouumentmn
1511 3753 1656 3807 dedit
1682 3754 1927 3806 arborem
1960 3768 1973 3805 :
2003 3752 2078 3806 sic
2106 3752 2290 3805 diabo-

710 3851 813 3915 lus,
845 3847 1120 3903 invisibilis
1141 3863 1260 3900 cum
1289 3848 1393 3910 sit,
1427 3846 1668 3898 homines
1711 3860 1802 3913 per
1830 3853 2127 3912 serpentem
2159 3845 2288 3896 allo-

709 3942 905 4012 quitur.
955 3938 1179 4006 Snbjicit
1220 3953 1346 4006 ergo
1390 3938 1528 3991 Deus
1566 3945 1867 4005 serpentem
1907 3936 2286 4000 maledictioui,

712 4046 766 4087 ut
795 4033 837 4087 si
870 4033 950 4086 cui
988 4032 1229 4086 diabolus
1273 4031 1393 4084 mali
1425 4029 1694 4099 quidpiam
1733 4030 1913 4084 fecerit
1937 4070 1952 4094 ,
1986 4038 2287 4098 serpentem

708 4141 864 4193 quem
893 4124 1032 4177 videt
1059 4133 1352 4189 rcpeutem,
1379 4119 1689 4175 recordetur
1703 4120 1830 4174 olim
1848 4130 2080 4175 erectum
2105 4119 2286 4185 fuisse,

707 4216 1025 4284 Cogitetque,
1056 4215 1097 4266 si
1128 4214 1371 4281 nequitia:
1396 4213 1637 4266 minister
1661 4213 1737 4266 sic
1763 4212 2030 4282 plectitur,
2056 4210 2173 4280 ejus
2197 4227 2290 4264 au-

709 4317 824 4360 ctor
851 4313 1045 4374 quanta
1066 4305 1328 4372 patiatur?
1360 4303 1741 4356 Animadverte
1769 4303 1949 4370 igitur.
1969 4303 2101 4356 lluic
2121 4301 2289 4354 reiaf—

710 4399 831 4451 linia
867 4399 922 4452 in
944 4397 1231 4466 Evattgelio
1269 4394 1642 4464 deprehendis.
1669 4393 2122 4460 Quemadmodum
2145 4393 2286 4447 enim

711 4490 761 4542 in
790 4487 982 4541 visibili
1015 4497 1262 4554 serpente
1293 4487 1592 4554 loquentem
1625 4501 1727 4538 una
1764 4499 1884 4538 cum
1925 4499 1989 4538 eo
2019 4485 2109 4553 qui
2141 4485 2286 4537 vidc-

712 4580 865 4631 batur
894 4575 1287 4639 condeumavit,
1334 4575 1411 4630 sic
1425 4575 1546 4629 etin
1565 4575 1851 4644 Evangelio
1866 4590 1986 4627 cum
2014 4573 2289 4628 d:emones

709 4669 974 4722 Christum
1009 4675 1289 4734 rogarent,
1333 4680 1400 4719 ne
1431 4665 1764 4720 mitterentur
1792 4665 1841 4718 in
1871 4663 2157 4734 abyssum,
2204 4664 2288 4718 di-

712 4769 1028 4826 cerentque,
1067 4755 1307 4810 Permitte
1334 4757 1474 4810 nobis
1518 4757 1569 4809 in
1613 4771 1791 4824 porcos
1829 4754 2024 4824 ingredi
2055 4752 2201 4819 (Luc.
2232 4752 2286 4806 8.

711 4850 800 4904 51.
828 4850 958 4920 52);
991 4849 1230 4918 permisit
1272 4847 1510 4916 ingredi,
1569 4854 1626 4899 ut
1675 4845 1964 4897 invisibiles
2011 4844 2126 4896 illos
2166 4857 2284 4894 cum

711 4941 1004 4994 Visibilibus
1042 4939 1354 5007 corporibus
1390 4938 1774 5005 submergcret.
1800 4935 2010 4988 Terram
2039 4933 2282 4985 comedas.

711 5033 1010 5086 Inimicitias
1055 5048 1236 5100 ponam
1279 5030 1408 5082 inter
1434 5039 1478 5082 te
1504 5039 1546 5081 et
1578 5030 1853 5080 mulierem.
1898 5025 2193 5079 Amicitiam
2237 5024 2286 5075 itt

712 5125 890 5177 odium
924 5125 1175 5185 mutavit,
1215 5134 1266 5174 et
1299 5135 1474 5174 sermo
1513 5122 1563 5174 in
1601 5121 1770 5189 legem
1798 5133 1984 5172 versus
2010 5128 2111 5172 est.
2147 5118 2290 5170 Alias

713 5217 906 5285 quippe
953 5214 1148 5267 bestias
1193 5212 1408 5265 student
1463 5214 1703 5263 homines
1757 5210 1962 5263 cicures
2016 5207 2284 5261 reddere:

714 5313 1014 5375 serpentem
1058 5318 1184 5356 vero
1229 5302 1271 5353 si
1317 5301 1433 5369 quis
1477 5301 1702 5364 viderit,
1754 5299 1934 5353 statim
1972 5299 2287 5351 concitatur.

717 5401 890 5452 Manet
934 5397 1127 5464 quippe
1174 5395 1443 5446 decretum
1478 5410 1488 5444 :
1520 5389 1820 5444 Inimicitias
1856 5405 2038 5460 ponam
2072 5390 2198 5440 inter
2225 5399 2288 5440 te.

717 5490 934 5543 Etiamsi
966 5487 1104 5540 domi
1137 5484 1352 5547 viderit,
1389 5497 1579 5534 necare
1600 5483 1763 5548 cupit.
1811 5481 1862 5534 Si
1893 5480 1942 5532 in
1971 5481 2050 5531 via
2080 5479 2289 5544 viderit,

715 5584 892 5635 furore
923 5580 986 5632 ad
1010 5578 1354 5631 occidendum
1385 5574 1568 5628 fertur.
1603 5573 1978 5627 Stimulateum
2005 5581 2150 5626 vetus
2173 5585 2294 5624 seu-

718 5673 900 5723 u-mia.
948 5672 1001 5724 Si
1030 5677 1306 5724 sescentas
1345 5669 1520 5736 plagas
1544 5665 1777 5734 serpenti
1809 5664 2061 5725 intulerit,
2095 5661 2294 5716 videat-

714 5779 817 5831 que
844 5772 1000 5832 caput
1027 5779 1128 5814 non
1163 5760 1509 5823 vulneratum,
1538 5755 1712 5811 statim
1741 5762 1918 5808 monet
1945 5772 1954 5805 :
1985 5752 2154 5821 Caput
2178 5768 2291 5808 scr-

2173 349 2539 407 SEVEltIANl

3915 389 4011 442 496

2421 470 2594 537 pentis
2646 485 2751 524 non
2804 473 3135 540 percussisti,
3185 486 3342 545 caput
3390 477 3518 542 feri;
3566 481 3830 548 quoniam
3883 483 4004 537 Dens

2419 561 2548 616 dicit
2579 579 2591 615 :
2623 561 2743 631 Ipse
2763 563 3038 618 observabit
3064 576 3214 634 caput
3237 576 3400 633 tuum,
3433 579 3476 622 et
3503 579 3555 622 tu
3586 571 3882 625 observabis
3912 576 4004 642 ejus

2419 651 2729 705 calcaueum.
2773 654 2908 721 Quid
2940 655 3040 709 hoc
3060 658 3159 711 sibi
3188 658 3335 711 vult?
3377 659 3489 712 Non
3519 660 3679 724 dicit,
3710 662 3935 717 Faciam
3962 681 4004 716 υ.

2421 738 2580 792 liouio
2621 755 2649 792 a
2689 745 2897 797 caneris
2955 745 3054 799 tuis
3104 746 3357 800 membris
3412 749 3662 804 feriendis
3712 751 3999 816 abstineat,

2417 830 2697 901 solumque
2725 843 2884 902 caput
2924 837 3114 890 cadat.
3166 837 3343 893 Utitur
3381 842 3522 894 enim
3563 841 3724 897 homo
3753 844 3936 914 plagis
3959 847 4001 898 in

2417 921 2592 974 omnia
2620 925 2879 992 serpentis
2913 926 3150 979 membra
3173 969 3187 992 ,
3227 938 3282 982 ut
3309 929 3625 1000 ubicumque
3653 937 4001 1000 percusserit,

2417 1018 2583 1063 totum
2631 1014 2935 1068 ulciscatur.
2982 1014 3036 1070 ld
3079 1032 3237 1086 porro
3264 1021 3402 1088 quod
3434 1035 3466 1073 a
3494 1021 3719 1075 Domino
3761 1028 4001 1092 serpenti

2414 1103 2611 1156 dictum
2636 1115 2750 1172 est,
2779 1106 2858 1159 Tu
2893 1109 3172 1162 observabis
3206 1111 3496 1165 calcaneum
3524 1114 3631 1178 ejus
3655 1153 3670 1177 ,
3700 1129 3813 1167 non
3845 1117 4002 1185 signi-

2413 1191 2566 1260 ficat,
2609 1195 2706 1264 ipsi
2737 1212 3048 1252 concessum
3075 1215 3194 1254 esse
3225 1212 3283 1254 ut
3325 1203 3627 1257 calcaueuttt
3677 1204 3996 1259 adoriatur:

2413 1284 2614 1340 invadit
2640 1288 2783 1341 enim
2831 1289 3148 1358 quandoque
3189 1307 3411 1360 serpens
3461 1293 3830 1359 dormientes,
3881 1313 4000 1351 ven-

2413 1383 2546 1431 trem
2579 1391 2682 1431 non
2711 1394 2832 1432 raro
2857 1389 3111 1448 occupat,
3162 1383 3397 1436 immittit
3429 1399 3689 1438 venenum
3710 1427 3724 1449 ,
3751 1389 3998 1441 manibus

2411 1479 2470 1519 ac
2500 1467 2713 1535 reliquis
2741 1469 2992 1522 membris
3023 1486 3231 1525 morsus
3258 1472 3425 1543 infigit
3450 1516 3466 1539 ,
3495 1486 3654 1543 atque
3683 1477 3734 1530 in
3768 1477 3998 1546 quodvis

2409 1560 2706 1613 membrum
2741 1560 2938 1616 incidat
2960 1604 2974 1627 ,
3025 1562 3151 1616 illud
3180 1563 3375 1618 damno
3413 1563 3610 1629 allicit;
3659 1583 3851 1621 verum
3883 1583 3998 1622 seu-

2410 1651 2590 1704 tentia:
2635 1666 2788 1704 meus
2831 1652 2948 1705 talis
2978 1662 3060 1706 est
3091 1669 3102 1701 :
3132 1653 3246 1706 Non
3298 1654 3469 1720 ultra,
3522 1656 3723 1725 inquit,
3772 1672 3997 1725 serpens

2409 1741 2575 1795 libere
2607 1741 2807 1795 homini
2860 1741 3224 1809 insidiabitur;
3273 1744 3365 1798 sed
3397 1745 3538 1799 intus
3580 1760 3808 1800 manens
3854 1756 3996 1800 tanto

2409 1833 2680 1886 hominum
2728 1845 2933 1887 terrore
2967 1832 3253 1898 afficieris,
3295 1843 3352 1888 ut
3379 1836 3430 1888 in
3469 1835 3712 1890 cavernis
3755 1835 3992 1901 latitans,

2406 1924 2491 1976 vix
2520 1939 2584 1978 ex
2608 1923 2956 1978 foraminibus
2981 1923 3355 1978 formidolosus
3380 1926 3693 1994 respiciens,
3716 1925 3993 1980 hominum

2407 2014 2658 2068 transitus
2682 2024 2882 2068 tantum
2910 2015 3166 2069 observes
3193 2056 3207 2081 ,
3237 2025 3292 2068 ut
3318 2015 3452 2068 citra
3489 2016 3781 2084 perieulum
3814 2031 3990 2069 exeas.

2404 2105 2576 2160 llomo
2595 2116 2794 2173 autem,
2830 2107 3018 2176 inquit,
3052 2107 3218 2162 libere
3249 2107 3560 2173 ambulabit,
3586 2117 3747 2176 caput
3775 2109 3992 2162 tuumin

2404 2197 2751 2254 foraminibus
2802 2201 3112 2262 observans,
3157 2209 3424 2270 tamquam
3471 2201 3669 2254 inimici
3709 2201 3989 2266 latitantis,

2402 2305 2506 2344 non
2535 2292 2686 2345 amici
2718 2293 2896 2361 specie
2923 2292 3208 2362 loquentis.

2473 2383 2526 2436 9.
2550 2381 2654 2436 Sed
2679 2383 2799 2452 quia
2835 2394 3042 2452 tempus
3065 2392 3246 2452 urget,
3277 2383 3573 2437 orationem
3605 2383 3986 2451 compleamus.

2403 2474 2750 2546 interrogavit
2771 2492 2888 2529 eam
2918 2492 3034 2544 qua:
3062 2475 3282 2544 deet-pta
3312 2475 3480 2529 fuerat
3523 2491 3537 2527 :
3583 2476 3775 2528 transit
3800 2475 3868 2529 ad
3897 2475 3986 2529 de-

2401 2575 2694 2634 ceptorem.
2743 2565 3014 2620 Sententia
3043 2580 3072 2618 a
3102 2565 3279 2619 radice
3304 2579 3426 2618 orsa
3456 2572 3536 2618 est
3560 2605 3574 2630 ,
3619 2580 3814 2633 nempe
3841 2581 3871 2616 a
3901 2581 3984 2618 se-

2401 2659 2638 2713 ductore.
2673 2659 2872 2713 Deimle
2898 2659 2961 2711 ad
2989 2659 3266 2727 deceptam
3290 2657 3435 2711 venit
3465 2665 3518 2712 et
3543 2658 3716 2710 minas
3740 2659 3982 2711 intentat.

2401 2748 2574 2803 Prima
2606 2764 2708 2802 vox
2735 2749 2798 2801 ad
2844 2756 3150 2817 serpentem
3177 2748 3317 2802 dicta
3363 2747 3496 2810 fuit,
3551 2747 3878 2800 Maledictus.
3925 2745 3986 2799 Et

2401 2840 2526 2893 dixit
2566 2839 2700 2892 Deus
2737 2839 2934 2892 mulieri
2966 2856 2982 2892 :
3019 2838 3370 2907 Multiplicans
3403 2839 3750 2907 multiplicabo
3789 2840 3983 2892 dolores

2402 2940 2513 2983 tuos
2555 2941 2599 2982 et
2636 2930 2848 2999 gemitus
2889 2939 2998 2982 tuos
3026 2927 3176 3000 (Gen.
3209 2930 3261 2984 5.
3295 2929 3406 2998 16).
3452 2928 3566 2982 Non
3595 2928 3889 2992 maledicit,
3921 2941 3983 2981 ue

2402 3022 2590 3090 pariat,
2622 3023 2743 3091 quia
2768 3021 2876 3090 jam
2901 3022 3044 3090 prius
3074 3020 3417 3076 benedixerat
3449 3037 3461 3073 :
3496 3037 3615 3072 nam
3643 3035 3766 3073 cum
3787 3020 3979 3073 l’orma-

2399 3115 2478 3169 vit
2506 3130 2596 3168 eos
2625 3157 2638 3178 ,
2664 3116 2736 3168 ait
2767 3133 2778 3168 :
2810 3113 2876 3167 Et
2917 3114 3166 3168 benedixit
3205 3129 3288 3166 eos
3318 3112 3451 3166 Deus
3478 3113 3667 3172 dicens.
3697 3112 3915 3166 Crescite
3938 3120 3980 3163 et

2400 3208 2839 3276 multiplicamini,
2892 3217 2937 3260 et
2978 3209 3162 3275 replete
3209 3217 3390 3260 terram
3437 3206 3584 3275 (Ceu.
3622 3206 3672 3258 1.
3698 3203 3816 3271 28).
3854 3203 3980 3256 Dicit

2399 3313 2526 3352 vero
2560 3298 2752 3352 Paulus
2773 3339 2786 3361 ,
2816 3297 2941 3352 Sine
2970 3297 3262 3367 pauitantia
3291 3305 3401 3348 sunt
3427 3294 3560 3346 dona
3581 3293 3675 3345 Dei
3697 3293 3873 3361 (Rom.
3899 3293 3978 3344 ll.

2397 3389 2509 3458 29).
2542 3388 2654 3442 Non
2684 3404 2813 3457 ergo
2845 3389 3108 3442 maledicit
3129 3401 3261 3455 quos
3284 3385 3624 3440 bettedixerat
3653 3401 3664 3435 :
3695 3385 3790 3438 sed
3813 3382 3979 3452 quid?

2398 3482 2728 3552 Stupeudum
2784 3480 3074 3534 remedium
3123 3479 3326 3533 vulneri
3373 3477 3619 3534 adhibet,
3673 3474 3890 3528 dolores
3931 3482 3980 3527 et

2395 3574 2669 3642 gemitum.
2721 3571 2899 3626 Genus
2928 3570 3204 3624 sententiae
3241 3578 3360 3633 est,
3403 3581 3520 3636 qua:
3551 3566 3841 3634 percutiat,
3890 3566 3979 3619 sed

2397 3665 2570 3718 delicti
2621 3663 2936 3716 solutionem
2983 3661 3273 3729 promittat.
3335 3655 3719 3725 Multiplicuns,
3775 3656 3978 3725 inquit,

2397 3754 2738 3821 multiplicabo
2765 3754 2961 3807 dolores
2985 3762 3115 3817 tuos,
3135 3759 3179 3803 et
3204 3749 3442 3820 gemitum
3460 3757 3617 3799 tuum.
3647 3746 3976 3801 Ρωιιέιιιιιιίςθ

2396 3847 2652 3902 remedia.
2707 3847 2953 3900 Animum
3007 3844 3218 3897 adhibe.
3273 3839 3729 3908 Quemadmodum
3789 3839 3974 3893 medici

2396 3941 2582 3996 eodem
2610 3940 2846 3994 remedio
2873 3937 3115 3991 mordent
3143 3946 3197 3989 et
3226 3927 3460 3997 leniuot';
3513 3933 3749 4000 itemque
3781 3930 3973 3985 ferrum

2396 4033 2582 4088 eadem
2621 4032 2855 4085 sectione
2899 4031 3188 4095 eodemque
3225 4026 3408 4080 dolore
3449 4024 3667 4076 salutem
3710 4031 3971 4091 praestat:

2394 4125 2472 4178 sic
2504 4124 2639 4178 Deus
2671 4121 2906 4191 peccanti
2934 4119 3137 4174 mulieri
3169 4117 3274 4172 duo
3305 4116 3395 4170 dat
3419 4114 3745 4185 pteniteutia:
3772 4114 3972 4175 viatica,

2395 4217 2631 4270 dolorem
2661 4225 2715 4269 et
2742 4214 3013 4283 gemitum.
3068 4211 3202 4277 Quid
3248 4209 3397 4278 juvat
3437 4208 3590 4262 dolor
3633 4217 3687 4260 et
3729 4207 3973 4260 tristitia?

2395 4307 2530 4360 Audi
2563 4307 2780 4360 Paulum
2807 4304 3071 4358 dicentem
3102 4318 3116 4355 :
3144 4301 3268 4365 Qua:
3284 4299 3561 4352 secundum
3591 4295 3752 4348 Deum
3785 4308 3858 4349 est
3885 4298 3968 4346 ui-

2392 4398 2525 4449 stitia
2554 4396 2891 4464 pmnitentimu
2920 4394 2971 4444 in
2994 4393 3206 4445 salutem
3231 4388 3462 4442 stabilem
3485 4397 3722 4454 operatur
3751 4388 3824 4455 (2.
3859 4386 3966 4438 Cur.

2393 4490 2446 4542 7.
2473 4491 2579 4547 tu).
2610 4488 2675 4541 Et
2701 4486 2825 4556 quid
2849 4493 3097 4555 operatur
3122 4483 3351 4552 gemitus
3371 4481 3394 4532 ’ἒ
3414 4477 3550 4532 Audi
3578 4476 3770 4530 lsaiam
3810 4495 3822 4528 :
3851 4474 3969 4528 Cum

2392 4578 2943 4648 aversusiugemueris,
2979 4585 3104 4629 tunc
3139 4571 3319 4626 salvus
3361 4575 3470 4627 eris
3519 4565 3679 4640 (Isai.
3736 4571 3826 4625 50·
3867 4571 3964 4633 lli).

2397 4661 2744 4730 .ilultiplicaus
2765 4659 3100 4727 multiplicabo
3118 4655 3344 4708 tristitias
3371 4664 3481 4704 tuas
3495 4660 3538 4700 et
3565 4650 3808 4717 gemitum
3835 4663 3967 4702 tuum

2393 4753 2625 4807 Tristitia
2653 4750 2968 4804 exteriorem
2997 4745 3198 4797 vultum
3229 4741 3491 4795 deformat
3518 4751 3581 4789 ac
3612 4734 3823 4788 tristem
3857 4732 3968 4785 red-

2393 4847 2490 4900 dit.
2537 4844 2698 4897 Corde
2732 4843 2936 4894 uetante
2971 4840 3115 4907 floret
3154 4835 3360 4893 cultus;
3399 4845 3512 4882 cum
3533 4843 3648 4880 vero
3686 4827 3739 4879 in
3763 4825 3969 4878 tristitiis

2392 4948 2650 4999 versatur,
2690 4942 2888 4987 uicestus
2913 4938 2982 4983 est
3008 4927 3189 4998 (Prov.
3222 4925 3305 4978 15.
3336 4922 3449 4990 51).
3496 4919 3626 4987 Quia
3674 4917 3859 4970 oculus
3889 4931 3967 4967 ar-

2393 5030 2576 5084 borem
2611 5025 2829 5085 viderat,
2860 5020 3322 5089 wqualttalcmque
3347 5028 3467 5067 cum
3497 5013 3603 5065 Deo
3633 5019 3814 5063 mente
3835 5010 3968 5073 cogi-

2395 5127 2614 5178 taverat,
2643 5117 2731 5169 dat
2753 5115 2890 5168 Deus
2919 5110 3065 5164 cordi
3086 5109 3361 5177 gemitum,
3392 5102 3660 5170 vultuiqne
3684 5100 3966 5158 tristitimn,

2398 5222 2450 5266 ιιι
2476 5226 2565 5279 per
2585 5224 2646 5260 ea
2675 5222 2791 5275 qua:
2815 5209 3122 5272 peccaverat
3149 5199 3415 5266 puniatur,
3446 5205 3604 5261 utque
3631 5192 3964 5258 supplicium.

2396 5304 2503 5356 imo
2535 5299 2674 5350 salus
2705 5298 2814 5364 ipsa
2841 5335 2854 5358 ,
2899 5291 3105 5345 mulieri
3136 5287 3390 5352 suadeat,
3426 5285 3588 5337 Deum
3623 5298 3727 5335 non
3775 5281 3967 5332 irritant

2398 5392 2582 5445 fecisse
2614 5389 2840 5456 priorem
2887 5380 3332 5435 benedictionem.
3387 5374 3515 5428 Nam
3558 5386 3679 5425 cum
3728 5369 3965 5428 dixisset,

2400 5483 2603 5551 Replete
2633 5489 2836 5539 terram,
2863 5478 2957 5539 ait,
2978 5472 3041 5525 lu
3060 5471 3232 5525 dolore
3251 5471 3416 5538 paries
3439 5467 3586 5532 ﬁlios.
3617 5463 3839 5516 Partum
3870 5478 3966 5513 non

2402 5574 2561 5627 tollo:
2593 5567 2755 5623 semel
2783 5566 2922 5619 enim
2955 5562 3197 5618 benedixi
3223 5578 3236 5625 ;
3267 5558 3359 5614 sed
3399 5557 3572 5626 paries
3603 5556 3655 5608 in
3685 5555 3967 5616 laboribus,

2399 5665 2450 5717 iu
2480 5656 2985 5730 perturbationibus.
3028 5651 3348 5708 Gravissima
3381 5648 3490 5700 haec
3519 5645 3754 5698 tristitia.
3810 5643 3862 5696 Id
3893 5653 3964 5695 te-

2400 5762 2565 5807 statur
2591 5749 2843 5805 Scrvator
2872 5763 2885 5802 :
2919 5743 3105 5799 Mulier
3128 5783 3143 5812 ,
3175 5757 3287 5796 cum
3332 5738 3499 5810 parit,
3541 5736 3796 5789 tristitiam
3835 5733 3969 5784 habet
