4158 6320
168 375 265 432 495

162 492 352 562 ρεύσῃ.
388 481 630 548 Ἐπειδὴ
683 478 860 533 τοῦτο
900 477 1223 542 ἐποίησας·
1277 469 1727 562 ἐπειδὴ-καρδίαν

169 554 453 644 ἦπὰτησας,
493 565 587 618 καὶ
620 564 721 632 τὴν
767 561 972 615 κοιλίαν
1005 559 1228 621 ἔπεισας
1265 556 1550 627 βρώματος
1586 554 1729 622 ἆψα.

171 639 458 717 σθαιξΈπὶ
513 647 593 713 τῷ
655 645 865 711 στήθει
911 643 1008 697 καὶ
1065 641 1141 709 τῆ
1183 643 1381 705 κοιλίᾳ
1434 639 1726 707 πορεύσῃ.

178 737 391 803 Ἐπειδὴ
432 734 608 789 τοῦτο
661 731 990 796 ἐποίησας·
1029 727 1212 796 ἐπειδὴ
1266 725 1491 795 καρδίαν
1518 724 1731 793 ἠπάτη-

169 842 270 886 σας,
324 821 416 874 καὶ
453 817 551 888 τὴν
603 814 811 868 κοιλίαν
856 813 1080 872 ἔπεισας
1131 808 1416 882 βρώματος
1467 806 1728 874 ἅψασθαι,

178 906 286 958 Ἐπὶ
317 902 396 967 τῷ
425 900 633 964 στήθει
667 897 762 950 καὶ
810 893 884 962 τῇ
939 897 1140 957 κοιλίᾳ
1189 893 1480 959 πορεύσῃ.
1514 890 1624 958 Ούχ
1657 888 1732 950 ὡς

167 990 276 1042 ποσὶ
302 983 643 1056 κεχρημένου
673 980 733 1032 τὸ
763 979 1050 1050 πρότερον,
1081 976 1176 1030 νῦν
1208 974 1567 1042 ἀποφαίνεται
1601 974 1733 1056 Θεὸς

165 1075 242 1126 τὸν
277 1054 374 1124 ἐπὶν
407 1054 512 1136 τῆς
565 1064 773 1127 κοιλίας
835 1063 1159 1131 περίπατον,
1208 1059 1323 1111 ἀλλ’
1361 1055 1550 1126 ἐπειδὴ
1575 1054 1732 1124 ὀρθὸς

166 1153 390 1225 έστηκὼς
416 1153 485 1220 τῇ
525 1147 744 1217 γυναικὶ
775 1145 1062 1212 διελέγετο.
1097 1144 1169 1196 Οὑ
1202 1142 1308 1213 γὰρ
1340 1136 1406 1211 ἦν
1434 1138 1733 1225 άλλωςΑαύΔ-

165 1241 243 1292 τὸν
262 1221 354 1306 τὴν
401 1236 541 1304 πρὸς
591 1233 691 1301 τὴν
736 1228 879 1282 Εὑαν
911 1227 1184 1306 ποιεῖσθαι
1216 1225 1471 1291 διάλεξιν.
1505 1221 1645 1275 Αὑτὸ
1674 1221 1735 1306 τὸ

164 1324 249 1392 τῆς
277 1304 560 1381 διαλέξεως
609 1314 812 1384 σχῆμα,
871 1311 989 1382 μεθ’
1043 1304 1104 1363 οὗ
1157 1308 1300 1363 Εὑαν
1333 1308 1605 1392 ἠπάτησεν,
1657 1305 1735 1392 τῷ

165 1390 289 1460 κατὰ
324 1402 388 1475 [ι.
431 1399 549 1472 ἐπὶ]
581 1397 658 1468 τῷ
700 1396 882 1467 στήθει
914 1395 1199 1465 περιπάτῳ
1245 1391 1482 1455 κολάζει,
1513 1391 1606 1443 καὶ
1634 1390 1733 1459 τῆς

164 1485 590 1555 ἁνατεταγμένης
619 1480 870 1534 ἐκϐάλλει
897 1478 1179 1546 βαδίσεως.
1213 1476 1276 1530 Et
1303 1476 1414 1546 γὰρ
1443 1478 1536 1528 καὶ
1561 1476 1734 1536 ά-πους

164 1573 216 1637 ἐξ
239 1571 408 1641 ἀρχῆς
438 1566 818 1628 διεπέπλαστο,
865 1563 1000 1616 ἀλλὰ
1043 1561 1264 1623 κύκλοις
1313 1559 1530 1630 γοργῶν
1571 1574 1734 1610 τινων

163 1655 392 1710 κάτωθεν
455 1648 694 1718 ἑλιγμῶν
757 1645 1176 1717 ἁνορθούμενος,
1242 1642 1563 1710 τεταμένοις
1623 1641 1736 1702 τοῖς

164 1738 401 1808 στήθεσιν
430 1735 650 1787 ἵππευε.
679 1730 770 1782 Διὸ
794 1731 890 1782 καὶ
919 1728 1013 1781 νῦν
1039 1730 1066 1781 6
1100 1727 1221 1795 ὄφις
1245 1725 1504 1787 πολλάκις
1532 1722 1737 1792 θυμού-

164 1838 307 1893 μενος
337 1819 623 1887 ἀνίστησιν
672 1813 884 1875 ἐαυτὸν,
935 1813 1030 1866 καὶ
1082 1810 1354 1872 κυκλικῶς
1391 1809 1737 1893 ἑλισσόμενος

161 1890 328 1977 ¹τρέχει
351 1919 366 1934 ·
412 1899 623 1971 προϐὰς
649 1899 705 1951 δέ
744 1898 866 1950 ὅσον
895 1895 1063 1960 δεῖξαι
1088 1894 1182 1947 τοῦ
1219 1891 1451 1946 παλαιοῦ
1485 1890 1737 1977 βαδίσμα-

158 1974 240 2050 τος
265 1987 361 2057 τὴν
395 1985 636 2055 μνήμην,
668 1980 830 2034 πάλιν
860 1979 941 2048 τῷ
966 1979 1066 2048 τῆς
1105 1977 1430 2044 ἀποφάσεως
1460 1974 1734 2026 καταϐάλ-

158 2071 299 2123 λεται
320 2055 498 2136 νόμῳ.
523 2063 631 2118 Καὶ
671 2062 789 2132 γῆν
821 2060 982 2130 spari;
1013 2060 1219 2124 πάσας
1243 2061 1348 2124 τὰς
1375 2057 1599 2126 ἡμέρας
1629 2055 1737 2121 τῆς

161 2151 297 2220 ζωῆς
326 2165 466 2204 σου.
493 2149 750 2215 Ἐχθραν
769 2146 936 2214 θήσω
971 2144 1089 2197 ἀνὰ
1114 2142 1308 2211 μέσον
1350 2141 1466 2194 σοῦ
1497 2142 1593 2193 καί
1628 2138 1738 2207 τῆς

159 2235 457 2305 γυναικός.
488 2232 552 2285 Τί
598 2233 713 2283 ἐστι
743 2229 824 2292 τὸ,
861 2227 994 2296 Γῆν
1023 2225 1224 2296 φαηῖῖ
1259 2227 1322 2278 ’Ὀ
1369 2224 1738 2305 προεξένησας

157 2300 405 2386 γενέσθαι
432 2314 509 2385 τῷ
545 2312 738 2384 ⁹Δδὰμ,
787 2311 947 2364 τοῦτο
982 2310 1150 2364 ἔσθιε.
1201 2308 1402 2362 Μέλλει
1435 2308 1543 2379 γὰρ
1585 2300 1740 2368 οὗτος

165 2401 406 2454 ἀκούειν·
455 2396 544 2464 Γῆ
594 2392 666 2461 εἴ,
703 2395 799 2449 καί
833 2397 920 2460 είς
965 2392 1084 2462 γῆν
1111 2393 1448 2459 ἀπελεύσῃ.
1485 2393 1742 2459 Ἕχθραν

160 2485 316 2553 θήσω
350 2483 470 2537 ἀνὰ
501 2481 696 2550 μέσον
731 2478 848 2532 σοῦ
875 2478 974 2530 καὶ
1006 2475 1118 2544 τῆς
1143 2476 1447 2543 γυναικός,
1486 2475 1638 2526 Ἐπεὶ
1666 2473 1742 2535 ὡς

159 2568 303 2636 φίλον
327 2567 637 2636 ἠπάτησας,
665 2562 739 2624 ὡς
769 2560 961 2630 ἐχθρὸς
988 2558 1246 2629 ἐκϐάλλῃ.
1266 2559 1502 2619 Ἐκεῖνος
1531 2560 1557 2609 6
1586 2557 1743 2624 λόγος

160 2652 315 2722 νόμος
348 2649 588 2716 ἐγένετο.
636 2645 881 2716 Πρόσεχε
926 2642 1136 2695 τοίνυν·
1173 2642 1306 2708 Γῆν
1337 2640 1499 2711 scen-ﬁ
1539 2640 1744 2706 πάσας

159 2738 260 2800 τὰς
301 2733 531 2803 ἡμέρας
578 2729 688 2797 τῆς
722 2728 870 2796 ζωῆς
923 2742 1064 2782 σου.
1090 2727 1265 2798 Ὅρα·
1319 2726 1380 2778 οὑ
1417 2726 1576 2778 τοῦτο
1616 2723 1746 2794 περὶ

159 2820 246 2874 τοῦ
268 2819 446 2888 ὄφεως
467 2817 635 2885 λέγει,
668 2815 749 2867 ὃτι
783 2813 979 2865 Ἔσται
1008 2827 1090 2863 σοι
1118 2811 1286 2862 σιτίον
1312 2809 1436 2880 ἠγῆ
1460 2827 1472 2839 ·
1499 2808 1617 2861 ούδέ
1637 2809 1745 2875 γὰρ

159 2904 240 2955 ἀεὶ
266 2905 378 2966 τοῖς
424 2902 582 2970 ὖφεσι
628 2899 690 2951 τὸ
730 2896 1046 2966 ἐσθιόμενον
1084 2896 1179 2965 γῆ,
1225 2893 1360 2947 ἀλλὰ
1405 2894 1499 2945 καὶ
1551 2893 1744 2964 κρέασι

160 2985 464 3056 τρέφονται,
502 2984 598 3036 καὶ
625 2983 858 3052 καρποῖς
889 2978 1246 3047 εὐωχοῦνται,
1279 2977 1374 3031 καλ⁵
1415 2977 1747 3046 σπερμάτων

160 3067 508 3135 ἐφάπτονται,
558 3065 653 3116 καὶ
702 3063 932 3132 βοτάνας
989 3061 1250 3130 θηρῶσιν.
1305 3059 1465 3112 Ἀλλὰ
1515 3059 1603 3112 διὰ
1653 3059 1745 3111 τοῦ

161 3151 348 3215 εἰπεῖν,
384 3149 521 3217 Γῆν
551 3144 734 3217 φαγῇ,
752 3144 910 3198 τοῦτο
936 3144 1083 3212 λέγει
1107 3159 1122 3174 ·
1142 3142 1558 3214 Δαπανήσει[ς],
1590 3143 1742 3212 φησι,

159 3234 252 3306 τὴν
285 3236 412 3306 γῆν,
441 3234 528 3287 ἐπ’
557 3232 726 3302 αὑτὴν
756 3228 1158 3300 ἐντριϐόμενος.

254 3385 401 3439 Δλλὰ
443 3383 665 3452 λέγουσί
705 3398 848 3445 τινες
870 3397 883 3412 ·
922 3380 984 3434 El
1010 3381 1038 3432 6
1081 3378 1326 3452 διάϐολος
1359 3376 1627 3446 ὴπάτησε.
1661 3377 1748 3430 διὰ

160 3469 209 3522 τί
234 3472 262 3524 6
286 3471 411 3540 ὄφις
435 3447 537 3538 τὴν
567 3465 813 3536 κατάραν
841 3462 1058 3528 ἐδέξατο
1081 3479 1096 3527 ;
1131 3447 1236 3515 Τὸν
1261 3461 1492 3531 ἀόρατον
1519 3461 1751 3531 δαίμονα

162 3553 377 3625 ἀοράτῳ
419 3551 672 3623 μαστίζει
705 3549 910 3619 πληγῇ·
941 3547 1002 3600 τὸ
1029 3545 1306 3617 ὁρώμενον
1339 3546 1569 3615 δργανον
1609 3546 1750 3615 ὁρω-

164 3639 294 3710 μένῃ
349 3635 647 3690 ὑποϐάλλει
693 3633 954 3704 τιμωρίᾳ.
989 3631 1088 3684 Διά
1134 3631 1218 3696 τί;
1257 3630 1470 3700 Ὠσπερ
1521 3629 1753 3700 ἀόρατος

161 3721 231 3772 ὣν
258 3723 286 3773 6
323 3720 484 3782 Θεὸς,
521 3717 720 3771 ἔδωκεν
749 3715 1027 3786 ὁρώμενον
1070 3714 1373 3785 ὑπόμνημα
1401 3713 1463 3766 τὸ
1501 3713 1748 3784 δένδρον·

160 3802 329 3866 οὕτως
370 3803 604 3872 ἀόρατος
656 3800 731 3854 ῶν
760 3802 788 3852 6
833 3799 1095 3861 διάϐολος,
1149 3796 1460 3868 ἀνθρώποις
1495 3796 1640 3864 λέγει
1668 3797 1756 3849 διὰ

162 3888 251 3940 τοῦ
272 3888 474 3954 δφεως.
492 3883 817 3938 ’Υποϐάλλει
848 3883 1028 3935 τοίνυν
1047 3884 1076 3934 6
1098 3881 1228 3943 Θεὸς
1254 3880 1342 3932 τὸν
1370 3880 1492 3948 ὅφιν
1518 3882 1751 3950 κατάρᾳ,

165 3972 249 4024 ἴνι.
273 3971 382 4025 κᾶν
411 3969 506 4022 τὸν
546 3968 791 4021 διάϐολόν
822 3979 848 4007 ι
872 3966 955 4028 τίς
989 3982 1042 4017 τι
1087 3964 1277 4026 ἔπαθε,
1315 3963 1403 4017 τὸν
1439 3962 1590 4034 [5οη
1633 3964 1755 4033 ὅφιν

162 4055 245 4107 ἀεὶ
302 4053 522 4126 βλέπων
571 4052 866 4122 συρόμενον
913 4049 1006 4102 τόν
1040 4064 1169 4099 ποτε
1219 4047 1633 4116 διανεστηκότα,
1679 4050 1756 4109 εἰς

163 4139 476 4210 ὑπόμνησιν
505 4135 667 4207 λάϐῃ,
707 4135 788 4188 ὃτι
815 4135 863 4186 εί
896 4135 923 4186 6
951 4131 1225 4202 ὑπουργὸς
1250 4131 1348 4201 τῆς
1384 4132 1582 4194 κακίας
1614 4130 1758 4183 οὑτω

163 4223 479 4287 κολάζεται,
506 4223 534 4275 6
563 4218 860 4289 αὐτουργὸς
887 4215 1086 4278 πόσον;
1126 4214 1368 4285 Πρόσεχε
1401 4216 1599 4268 τοίνυν.
1632 4215 1760 4267 Τού-

163 4322 256 4359 του
287 4304 500 4375 άόελφὰ
531 4301 804 4374 εὑρίσκεις
852 4301 910 4352 ἐν
938 4298 1016 4369 τῷ
1047 4297 1378 4368 Εύαγγελίῳ.
1401 4298 1616 4368 Ὥσπερ
1651 4299 1759 4370 γὰρ

164 4392 220 4441 ἐν
249 4389 329 4460 τῷ
369 4387 638 4460 ὁρωμένῳ
684 4386 804 4454 ὄφει
857 4383 946 4437 τὸν
984 4382 1247 4436 λαλοῦντα
1284 4381 1574 4453 κατέκρινε
1623 4382 1760 4450 μετὰ

164 4472 258 4524 τοῦ
287 4471 601 4542 ὁρωμένου,
621 4467 764 4522 οὑτω
791 4467 886 4521 καὶ
912 4469 970 4520 ἐν
990 4465 1069 4536 τῷ
1091 4465 1426 4536 Εὑαγγελίῳ,
1454 4468 1542 4518 ὅτε
1573 4470 1620 4519 οἱ
1649 4467 1762 4518 δαί-

169 4571 327 4622 μονες
381 4553 572 4622 ἠξίουν
618 4554 711 4605 τὸν
761 4551 993 4622 Χριστὸν
1048 4550 1122 4622 μὴ
1179 4549 1495 4621 πεμφθῆναι
1539 4553 1618 4614 είς
1663 4551 1763 4620 τὴν

167 4639 427 4696 ἄϐυσσον,
484 4635 703 4703 ἔλεγον·
734 4636 1089 4702 Ἐπίτρεψον
1135 4635 1282 4702 ήμῖν
1329 4635 1628 4688 εἰσελθεῖν
1677 4638 1764 4701 εὶς

168 4721 310 4788 τοὺς
345 4720 626 4789 χοίρους·
672 4718 972 4786 ἐπέτρεψεν
1009 4717 1292 4783 εἰσελθεῖν,
1329 4718 1415 4770 ἵνα
1441 4719 1566 4780 τοὺς
1593 4719 1764 4789 ἀορά-

167 4822 290 4866 τους
322 4806 426 4857 σὺν
462 4803 575 4863 τοῖς
609 4800 908 4870 ὁρωμένοις
943 4800 1157 4869 σώμασι
1206 4802 1597 4874 καταποντίσῃ.
1635 4802 1766 4870 Γῆν

170 4886 356 4954 parii.
386 4887 659 4953 Ἔχθραν
690 4882 854 4948 θήσω
883 4883 1000 4935 ἀνὰ
1021 4881 1216 4948 μέσον
1241 4882 1358 4935 σοῦ
1393 4884 1487 4935 καί
1524 4883 1634 4950 τῆς
1659 4903 1764 4952 γυ-

169 4973 401 5037 ναικός.
438 4969 550 5040 Τὴν
577 4967 760 5037 φιλίαν
787 4968 865 5029 εἰς
901 4965 1099 5036 ἔχθραν
1133 4966 1452 5036 μετέστησε,
1481 4969 1573 5018 καὶ
1603 4969 1767 5037 νόμος

171 5056 392 5121 ἐγένετο
429 5056 460 5106 6
490 5053 665 5118 λόγος.
715 5051 824 5104 Καὶ
855 5048 924 5100 τὰ
954 5050 1049 5118 μὲν
1079 5048 1215 5101 ἄλλα
1246 5049 1411 5119 θηρία
1448 5050 1768 5103 σπεύδουσιν

169 5139 212 5188 οἱ
246 5137 538 5207 ἄνθρωποι
567 5133 883 5204 ἡμερῶσαι’
922 5132 1044 5199 ὅφιν
1076 5131 1131 5184 δὲ
1171 5131 1265 5184 ἐάν
1295 5149 1377 5194 τις
1417 5131 1522 5202 ἴδῃς
1568 5133 1768 5200 σφαδά-

171 5220 271 5282 ζει.
310 5217 492 5271 Μένει
528 5216 634 5283 γὰρ
668 5218 694 5267 6
725 5217 846 5286 ὅρος
871 5232 882 5245 ·
914 5216 1178 5284 ’Ἑχθραν
1221 5215 1386 5279 θήσω
1431 5215 1546 5268 άνὰ
1576 5215 1771 5284 μέσον

169 5301 306 5355 σοῦ.
361 5299 492 5354 Κᾶν
522 5299 581 5349 ἐν
607 5299 754 5366 οἰκίᾳ.
802 5297 906 5367 ἴδῃ,
937 5297 1195 5365 φονεῦσαι
1225 5298 1367 5351 θέλει
1393 5316 1404 5327 ·
1453 5298 1552 5351 κᾶν
1584 5301 1641 5351 ἐν
1669 5298 1771 5368 ὁδῷ

171 5385 276 5458 ῐόῃ,
309 5385 576 5456 μαίνεται
605 5379 881 5450 φονεῦσαι.
918 5381 1125 5433 Νύσσει
1149 5382 1258 5452 γὰρ
1293 5382 1455 5434 αὑτὸν
1479 5384 1505 5434 ὀ
1548 5383 1771 5452 ἀρχαῖος

169 5472 348 5539 λόγος.
390 5470 617 5540 Μυρίας
658 5467 752 5520 ἐὰν
784 5466 858 5537 δῷ
904 5468 1117 5538 πληγὰς
1145 5470 1223 5539 τῷ
1263 5469 1406 5538 δφει,
1441 5471 1532 5523 ἐὰν
1562 5472 1646 5543 ἴδῃ
1678 5471 1773 5542 τὴν

170 5558 418 5630 κεφαλὴν
452 5559 528 5627 μὴ
565 5554 886 5626 τρωθεῖσαν,
916 5555 1116 5618 εύθέως
1146 5560 1525 5629 παρεγγυᾶται
1559 5559 1637 5629 τῷ
1679 5561 1744 5627 ἐφ

172 5641 394 5696 εστῶτι·
439 5640 556 5711 Τὴν
595 5637 831 5708 κεφαλὴν
869 5638 968 5690 οὐκ
998 5637 1234 5712 ἔπληξας
1273 5641 1369 5696 τοῦ
1399 5642 1592 5713 ὄφεως,
1637 5643 1777 5697 κατὰ

234 5812 263 5842 ⁸
292 5813 433 5862 Fort.
465 5811 546 5859 διὰ
567 5810 648 5859 τὸν
668 5811 710 5860 δ.

1248 353 1333 408 DE
1367 352 1584 407 MUNDI
1616 349 2013 404 CREATIONE
2051 351 2310 408 ORATIO
2344 352 2430 407 VI.

1832 473 1935 541 τῆς
1967 470 2210 540 κεφαλῆς
2253 469 2484 540 κροῦσον
2505 487 2520 503 ·
2560 470 2748 543 ἐπειδὴ
2788 471 2818 524 6
2856 470 2990 534 Θεὸς
3019 465 3196 535 εἶπεν,
3225 475 3418 538 Αὐτός

1832 567 1949 606 σου
1991 552 2239 621 τηρήσει
2283 553 2581 622 κεφαλὴν,
2627 554 2726 606 καὶ
2771 554 2852 608 σὺ
2913 553 3198 622 τηρήσεις
3230 557 3419 611 αὑτοῦ

1832 634 2112 702 πτέρναν.
2160 637 2201 687 Τ
2210 636 2223 686 ί
2268 636 2325 689 δέ
2362 636 2520 689 τοῦτό
2553 639 2729 701 ἐστιν;
2760 638 2835 690 Ού
2863 636 3032 703 λέγει,
3073 637 3155 689 ὅτι
3199 639 3419 707 Ποιήσω

1831 718 1923 770 τὸν
1974 717 2258 788 ἄνθρωπον
2312 720 2453 772 κατὰ
2499 719 2608 772 τῶν
2651 719 2827 773 ἄλλων
2871 719 2967 772 τοῦ
3020 719 3270 789 σώματός
3324 738 3419 773 σου

1837 802 2012 871 μελῶν
2050 802 2124 873 μὴ
2182 804 2558 874 καταχρῆσθαι
2605 803 2810 874 πληγῇ,
2860 804 3027 874 μόνην
3071 805 3125 857 δὲ
3172 804 3420 867 κολάζειν

1833 885 1929 955 τὴν
1977 885 2243 955 κεφαλήν.
2295 885 2572 957 Κέχρηται
2606 888 2713 957 γὰρ
2760 890 2787 940 6
2832 888 3118 956 ἄνθρωπος
3163 889 3257 941 καλ¹
3302 891 3420 949 ταῖς

1834 969 1977 1021 κατὰ
2006 969 2224 1021 πάντων
2256 969 2366 1021 τῶν
2399 970 2576 1040 μελῶν
2617 971 2709 1023 ἐπὶ
2751 971 2840 1023 τὸν
2887 972 3005 1039 ὅφιν
3039 971 3295 1039 πληγαῖς,
3345 971 3420 1032 ὡς

1835 1051 1954 1104 ὅθεν
1990 1050 2056 1104 ἂν
2093 1052 2290 1124 πλήξῃ,
2318 1053 2378 1104 τὸ
2419 1055 2527 1106 πᾶν
2566 1053 2995 1124 τιμωρούμενος.
3035 1054 3144 1106 Καὶ⁵
3183 1053 3244 1105 τὸ
3284 1053 3419 1123 πρὸς

1833 1135 1924 1187 τὸν
1958 1136 2080 1204 ὄφιν
2103 1135 2160 1188 δέ
2191 1139 2342 1207 παρὰ
2363 1137 2456 1190 τοῦ
2486 1140 2755 1190 Δεσπότου
2790 1138 2970 1208 ῥηθὲν,
3005 1139 3086 1190 ὅτι
3116 1136 3199 1192 Σὺ
3235 1136 3422 1190 αὑτοῦ

1835 1221 2122 1288 τηρήσεις
2155 1223 2438 1289 πτέρναν,
2477 1224 2537 1276 οὑ
2567 1223 2726 1276 τοῦτο
2770 1224 3028 1293 κηρύττει
3063 1225 3122 1276 τὸ
3155 1224 3296 1276 κατὰ
3322 1222 3423 1291 τῆς

1839 1308 2076 1379 πτέρνης
2101 1309 2344 1362 δεδόσθαι
2385 1313 2497 1374 τοῖς
2535 1312 2722 1381 ὄφεσιν
2752 1310 2963 1379 ἔφοδον·
2995 1311 3287 1380 ἐπέρχεται
3314 1310 3424 1380 γάρ

1837 1391 1949 1444 ἐσθ’
2000 1395 2090 1446 ὅτε
2138 1393 2232 1445 καὶ
2271 1393 2644 1458 καθεύδουσιν,
2707 1395 3134 1464 ἐπιλαμϐάνεται
3186 1392 3424 1463 γαστρὸς

1838 1476 2119 1540 πολλάκις,
2150 1475 2353 1547 ἐνίησιν
2387 1477 2483 1542 ἰὸν,
2537 1479 2630 1531 καὶ
2677 1480 2834 1548 χερσὶ
2882 1481 3146 1547 προσάγει
3177 1477 3272 1531 καὶ
3311 1482 3425 1539 τοῖς

1836 1559 2044 1623 λοιποῖς
2077 1559 2261 1629 μέλεσι
2295 1561 2552 1631 δήγματα
2570 1578 2582 1592 ·
2636 1563 2728 1613 καὶ
2772 1563 2907 1626 ὅλως
2934 1563 3086 1617 οὑδέν
3112 1561 3291 1614 αὑτῶν
3317 1560 3425 1612 τῶν

1839 1643 2196 1715 ἀνθρωπίνων
2247 1644 2424 1715 μελῶν
2472 1645 2711 1714 ἐμπεσὸν
2759 1646 3058 1716 ἀχείρωτον
3092 1647 3274 1716 μένει·
3311 1644 3426 1696 ἀλλ’

1838 1732 1870 1799 ἡ
1903 1729 2003 1799 τῆς
2033 1730 2361 1797 ἀποφάσεως
2413 1729 2617 1782 διάνοια
2669 1729 2890 1800 τοιαύτη
2915 1746 2926 1758 ·
2971 1730 3084 1782 Ούκ
3133 1729 3233 1791 ἔτι,
3270 1728 3424 1797 φησὶ,

1839 1813 1978 1882 πρὸς
2034 1811 2326 1883 ἐπιϐουλὴν
2375 1812 2666 1882 ἀνθρώπου
2716 1814 2743 1864 6
2797 1812 2917 1882 ὖφις
2964 1811 3425 1884 παρρησιάσεται,

1839 1896 1955 1950 ἀλλ’
1987 1898 2116 1948 εἵσω
2153 1896 2351 1965 μένων,
2387 1897 2641 1949 τοσοῦτον
2671 1895 2813 1960 ἕξεις
2856 1896 2962 1948 τῶν
3001 1896 3304 1966 ἀνθρώπων
3336 1893 3429 1945 τὸν

1841 1979 2027 2049 φόϐον,
2081 1979 2220 2031 ὥστε
2268 1979 2495 2047 φωλεοῖς
2543 1979 3012 2052 ἐγκατακρύπτειν
3064 1979 3278 2044 σαυτὸν,
3335 1976 3431 2031 κα)⁵

1843 2063 1994 2133 μόλις
2024 2062 2083 2126 ἐξ
2113 2062 2262 2114 ὀπῶν
2298 2063 2435 2131 μετά
2475 2063 2642 2131 φόϐου
2675 2063 3029 2133 προκύπτειν,
3057 2061 3155 2125 τὰς
3187 2061 3294 2114 τῶν
3335 2062 3430 2113 ἀν-

1841 2146 2074 2218 θρώπων
2125 2146 2395 2218 παρόδους
2447 2146 2607 2216 μόνον
2647 2145 2918 2217 τηροῦντα
2962 2146 3098 2217 πρὸς
3151 2143 3432 2198 ἀκίνδυνον

1843 2230 2087 2301 πρόοδον.
2123 2229 2180 2282 Ὀ
2208 2231 2263 2281 δε
2295 2229 2602 2299 ἄνθρωπος,
2638 2232 2824 2300 φησὶν,
2854 2231 2911 2282 ἐν
2941 2230 3094 2300 ἀδείᾳ
3124 2228 3433 2298 περιπατή-

1845 2332 1946 2376 σει,
1975 2315 2074 2383 τῆς
2104 2311 2303 2365 σαυτοῦ
2336 2313 2579 2382 κεφαλῆς
2616 2314 2672 2364 ἐν
2705 2314 2931 2383 φωλεοῖς
2961 2313 3324 2383 τηρουμένης,
3357 2311 3432 2372 ὼς

1843 2396 2038 2467 ἐχθροῦ
2092 2396 2497 2466 κρυπτομένου,
2537 2397 2596 2450 οὑ
2647 2397 3028 2467 φθεγγομένης
3071 2396 3206 2465 πρὸς
3245 2394 3430 2458 αὑτὸν,

1844 2480 1918 2542 ὡς
1957 2481 2090 2550 πρὸς
2126 2480 2302 2549 φίλον.

1916 2565 1981 2616 θ’.
2015 2564 2152 2615 ’Δὶ-λ’
2175 2563 2362 2632 ἐπειδὴ
2392 2564 2419 2614 6
2451 2563 2640 2634 καιρὸς
2665 2563 2898 2632 ἐπείγει,
2928 2563 3304 2634 πληρώσωμεν
3340 2575 3436 2616 και

1845 2649 2003 2717 ἡμεῖς
2032 2647 2121 2699 τὸν
2157 2646 2332 2714 λόγον.
2375 2649 2656 2718 Ἠρὼτησε
2685 2649 2784 2718 τὴν
2825 2648 3217 2718 ἀπατηθεῖσαν,
3269 2664 3434 2718 μετα-

1848 2730 2019 2783 ϐαίνει
2054 2730 2146 2782 ἐπὶ
2173 2731 2263 2783 τὸν
2304 2731 2680 2801 ἀπατήσαντα.
2713 2734 2775 2784 Ἥ
2811 2731 3083 2800 ἀπόφασις
3111 2731 3297 2784 λοιπὸν
3327 2731 3436 2784 ἀπὸ

1847 2815 1944 2884 τῆς
1975 2813 2131 2882 ῥίζης
2165 2815 2367 2885 ἤρξατο
2394 2817 2487 2869 τοῦ
2524 2817 2930 2884 ἀπατήσαντος.
2980 2811 3113 2867 Εἶτα
3147 2810 3310 2886 ἦλθεν
3342 2817 3438 2868 ἐπὶ

1846 2896 1944 2967 τὴν
1976 2897 2371 2966 ἀπατηθεῖσαν,
2406 2900 2498 2952 καὶ
2524 2900 2753 2952 ἀπειλεῖ.
2797 2901 2861 2951 Ἡ
2887 2897 3077 2969 πρώτη
3112 2900 3262 2969 φωνὴ
3301 2899 3439 2968 πρὸς

1847 2981 1937 3033 τὸν
1963 2980 2106 3049 ὅφιν,
2147 2982 2635 3050 Ἐπικατάρατος.
2662 2983 2773 3037 Καί
2805 2978 2976 3035 εἶπεν
3001 2986 3034 3036 ό
3065 2982 3209 3047 Θεὸς
3239 2981 3313 3050 τῇ
3337 3001 3441 3050 γυ-

1848 3065 2038 3117 ναικί·
2077 3067 2412 3130 Πληθύνων
2449 3065 2741 3132 πληθυνῶ
2787 3065 2892 3131 τὰς
2930 3067 3130 3131 λύπας
3177 3082 3294 3120 σου
3338 3064 3439 3119 καὶ

1848 3147 1992 3211 τοὺς
2042 3151 2418 3216 στεναγμούς
2489 3164 2626 3201 σου.
2693 3149 2766 3201 Ού
2837 3150 3163 3218 καταρᾶται,
3222 3148 3309 3201 ἵνα
3363 3150 3438 3220 μὴ

1851 3228 2034 3300 τίκτῃ,
2072 3229 2261 3298 ἐπειδὴ
2295 3229 2618 3300 προφθάσις
2658 3230 2950 3300 εὐλόγησεν
2973 3247 2984 3260 ·
3015 3232 3104 3283 ὅτε
3132 3231 3239 3302 γὰρ
3271 3231 3440 3286 ἐπλα⁴

1853 3330 1942 3364 σεν
1987 3313 2205 3376 αὑτοὺς,
2234 3313 2381 3382 λέγει
2404 3332 2418 3344 ·
2465 3314 2572 3367 Καὶ
2608 3315 2952 3382 εὐλόγησεν
2979 3314 3202 3381 αὐτοὺς
3231 3319 3264 3370 ό
3297 3316 3443 3384 Θεὸς

1849 3398 2048 3466 λέγων
2068 3415 2081 3428 ·
2103 3397 2452 3461 Αὺξάνεσθε
2486 3397 2582 3450 καὶ
2614 3399 3018 3466 πληθύνεσθε,
3063 3401 3160 3452 καὶ
3202 3399 3442 3467 πληρώ-

1852 3495 2000 3533 σατε
2028 3479 2145 3546 τὴν
2181 3479 2320 3550 γῆν.
2352 3481 2512 3550 Λέγει
2551 3481 2606 3534 δέ
2643 3481 2872 3545 Παῦλος,
2909 3483 3349 3551 Ἀμεταμέλητα
3371 3485 3444 3538 τὰ

1855 3564 2196 3633 χαρίσματα
2235 3565 2342 3619 τοῦ
2385 3565 2654 3618 Θεοῦ.οὑ
2703 3567 3010 3634 καταρᾶται
3044 3562 3138 3619 οὑν
3176 3567 3270 3630 οὓς
3303 3568 3447 3621 εὑλόο

1855 3665 2024 3716 γησεν
2046 3666 2059 3680 ·
2098 3648 2234 3703 ἀλλὰ
2262 3649 2349 3714 τί;
2383 3649 2544 3702 Ξένον
2571 3649 2860 3719 φάρμακον
2893 3649 3044 3723 [508]
3076 3653 3338 3722 προσάγει
3369 3651 3447 3723 τῷ

1855 3734 2153 3804 τραύματι,
2186 3732 2364 3796 λύπας
2394 3735 2486 3786 καὶ
2527 3734 2851 3804 στεναγμόν.
2899 3736 3093 3806 Σχῆμά
3132 3738 3280 3791 ἐστιν
3308 3739 3446 3789 ἀπο-

1857 3817 2076 3887 φάσεως
2109 3815 2470 3887 πληττούσης,
2503 3815 2658 3869 λύσιν
2683 3817 2739 3869 δέ
2769 3817 2862 3870 τοῦ
2894 3821 3235 3889 πταίσματος
3278 3823 3450 3890 ἐπαγτ

1858 3901 2201 3970 γελλόμενον.
2232 3900 2587 3966 Πληθύνων,
2618 3901 2772 3970 φησὶ,
2799 3903 3090 3968 πληθυνῶ
3117 3905 3224 3968 τὰς
3247 3907 3450 3972 λύπας

1858 3999 1975 4036 σου
2016 3982 2112 4034 καὶ
2151 3981 2260 4034 τὸν
2287 3983 2630 4050 στεναγμόν
2662 3998 2800 4036 σου.
2831 3985 3102 4053 Φάρμακα
3137 3988 3447 4056 μετανοίας.

1858 4067 2099 4136 Πρόσεχε
2127 4081 2140 4093 ·
2182 4063 2370 4135 ὥσπερ
2413 4067 2464 4117 οί
2515 4066 2687 4135 ίατροὶ
2747 4067 2804 4118 ἐν
2849 4065 2926 4136 τῷ
2977 4068 3125 4139 αύτῴ
3171 4069 3452 4141 φαρμάκῳ

1860 4149 1955 4200 καὶ
1989 4147 2249 4215 στύφουσι
2291 4149 2384 4199 καὶ
2431 4146 2815 4217 θεραπεύουσι,
2847 4150 2879 4218 ἡ
2925 4149 3065 4220 αὑτὴ
3097 4153 3238 4222 τομὴ
3268 4155 3362 4206 καὶ
3391 4154 3454 4206 τὸ

1862 4230 1996 4283 αὑτὸ
2038 4230 2280 4301 σιδήριον
2311 4231 2404 4283 καὶ
2433 4233 2465 4300 ἡ
2501 4230 2639 4302 αὑτὴ
2668 4231 2827 4302 ὀδύνη
2863 4233 3001 4302 μετά
3027 4234 3126 4302 τῆς
3150 4235 3323 4305 τομῆς
3356 4254 3455 4289 σω-

1861 4313 2055 4384 τηρίαν
2095 4315 2286 4384 γεννᾷ·
2320 4313 2492 4378 οὑτως
2517 4317 2544 4368 6
2575 4315 2704 4378 Θεὸς
2729 4315 2909 4368 δίδωσι
2951 4317 3042 4370 δύο
3071 4318 3255 4386 ἐφόδια
3291 4337 3453 4388 μετα-

1864 4397 2012 4460 νοίας
2042 4399 2107 4469 τῇ
2137 4398 2524 4469 ἁμαρτησάσῃ,
2545 4398 2724 4469 λύπην
2747 4401 2839 4452 καὶ
2866 4402 3192 4470 στεναγμόν.
3222 4403 3286 4455 Τί
3319 4404 3457 4473 ὡφε-

1866 4481 1948 4534 λεί
1979 4481 2155 4551 λύπη;
2195 4484 2397 4534 ’Ἄκουε
2444 4481 2656 4535 Παύλου
2705 4484 2984 4552 λέγοντος·
3030 4486 3099 4540 Ἠ
3149 4486 3257 4557 γὰρ
3305 4490 3455 4542 κατὰ

1875 4565 2023 4618 Θεὸν
2055 4567 2220 4632 λύπη
2255 4565 2582 4634 μετάνοιαν
2625 4570 2713 4631 εΙς
2753 4568 3055 4635 σωτηρίαν
3085 4568 3454 4637 ἀμεταμέλη-

1872 4666 1978 4702 τον
2027 4647 2452 4718 κατεργάζεται.
2509 4651 2617 4702 Καὶ
2667 4651 2718 4702 τί
2772 4651 3062 4720 ἐργάζεται
3114 4652 3453 4720 στεναγμός;

1874 4733 2070 4785 ’Ἄκουε
2116 4733 2368 4784 Ἡσαΐου·
2439 4733 2614 4784 Ὅταν
2664 4732 3073 4801 ἀποστραφεὶς
3130 4735 3453 4804 στενάξῃς,

1869 4817 2002 4869 τότε
2042 4816 2318 4884 σωθήσῃ.
2369 4815 2702 4882 Πληθύνων
2745 4813 3037 4880 πληθυνῶ
3090 4815 3195 4883 τὰς
3256 4821 3457 4885 λύπης

1870 4914 1987 4954 σου
2016 4899 2114 4952 καὶ
2147 4901 2255 4952 τὸν
2287 4898 2628 4967 στεναγμόν
2675 4913 2811 4951 σου.
2862 4899 2925 4950 Ἡ
2954 4897 3097 4971 λύπη
3130 4900 3372 4972 ἀμορφοῖ
3399 4904 3461 4956 τὸ

1877 4981 1981 5046 ἔξω
2013 4982 2304 5052 πρόσωπον
2344 4983 2436 5032 καὶ
2472 4981 2698 5048 στυγνὸν
2732 4983 2894 5035 ποιεῖ.
2934 4982 3192 5050 Καρδίας
3221 4986 3462 5052 εὐφραι-

1872 5062 2132 5130 νομένης
2162 5062 2371 5115 θάλλει
2405 5064 2753 5130 πρόσωπον,
2784 5063 2852 5116 ἐν
2899 5064 2966 5116 δὲ
2996 5065 3222 5132 λύπαις
3267 5068 3462 5133 οὔσης

1873 5143 2300 5212 σκυθρωπάζει.
2341 5146 2559 5214 Ἐπειδὴ
2591 5143 2727 5199 εἶδεν
2763 5149 2790 5200 ό
2819 5148 3096 5218 ὀφθαλμὸς
3127 5149 3186 5202 τὸ
3224 5150 3461 5220 δένδρον,

1875 5229 1969 5280 καὶ
2015 5227 2298 5292 ἐλογίσατο
2345 5232 2412 5301 τῇ
2462 5228 2672 5300 διανοίᾳ
2715 5230 2969 5298 ίσοθεΐαν,
3015 5231 3229 5286 δίδωσιν
3263 5237 3292 5286 6
3331 5233 3462 5293 Θεὸς

1879 5311 2182 5380 στεναγμὸν
2219 5315 2286 5383 τῇ
2322 5314 2539 5385 καρδίᾳ,
2573 5317 2663 5368 καὶ
2706 5315 2882 5386 λύπην
2927 5315 3010 5386 τῷ
3042 5317 3338 5386 προσώπῳ,
3379 5317 3465 5368 ἵνα

1880 5393 1944 5446 δι’
1974 5389 2047 5447 ὦν
2071 5395 2286 5467 ἥμαρτε
2309 5399 2571 5470 κολασθῇ,
2613 5401 2705 5452 καὶ
2741 5400 2826 5452 ἵνα
2864 5399 3029 5470 πείσῃ
3070 5400 3206 5468 αὕτη
3233 5403 3264 5470 η
3290 5417 3464 5468 τιμω-

1884 5478 1995 5549 ρία,
2027 5479 2228 5547 μᾶλλον
2263 5480 2319 5533 δέ
2363 5483 2629 5554 σωτηρία,
2654 5483 2749 5555 τὴν
2784 5486 3039 5553 γυναῖκα,
3067 5484 3148 5535 ὅτι
3181 5483 3281 5533 οὑκ
3308 5483 3468 5550 ἐψεύ-

1883 5577 2011 5613 σατο
2039 5563 2136 5630 τὴν
2165 5564 2399 5634 ἀρχαίαν
2424 5567 2694 5634 εὐλογίαν.
2726 5566 2911 5620 Εἰπὼν
2939 5566 3046 5635 γὰρ
3079 5565 3282 5629 αὐτοῖς,
3311 5567 3471 5632 Πλη’

1875 5645 2113 5714 ρὼσατε
2152 5647 2266 5714 τὴν
2306 5649 2442 5719 γῆν,
2475 5650 2642 5719 λέγει,
2695 5651 2798 5705 Ἐν
2826 5651 3050 5714 λύπαις
3076 5646 3218 5715 τέξῃ
3265 5647 3469 5703 τέκνα.

1881 5728 1957 5780 Τὸ
2005 5730 2102 5799 μὲν
2143 5732 2347 5786 τίκτειν
2391 5735 2492 5786 οὐκ
2521 5734 2759 5805 ἀναιρῶ·
2811 5729 2957 5795 ἅπαξ
3007 5729 3116 5802 γὰρ
3159 5731 3429 5803 εύλόγησα
3456 5749 3469 5764 ·

1888 5812 2023 5866 ἀλλὰ
2054 5814 2334 5887 ὀδυνήσεις
2380 5820 2436 5872 ἐν
2489 5819 2690 5885 πόνοις,
2739 5820 2795 5871 ἐν
2849 5817 3132 5885 ταραχαῖς·
3171 5813 3384 5888 Ἐκεινη
