4104 6322
221 370 341 425 497

219 471 402 536 (Joan.
434 469 521 525 16.
552 468 665 539 2!).
695 468 961 523 'l'ristatttr
990 482 1111 522 cum
1155 468 1293 537 parit
1315 509 1330 532 ,
1374 467 1528 520 anxia
1568 476 1649 520 est
1678 464 1801 518 dum

220 562 395 611 nutrit
419 575 434 621 ;
463 558 549 611 ubi
580 574 708 626 puer
730 558 982 627 grandior
1010 567 1111 622 est,
1144 567 1358 611 veretur
1398 574 1463 610 ne
1488 570 1669 609 socors
1698 555 1763 607 sit
1787 570 1802 614 ;

220 647 268 699 si
302 646 682 716 peregrinetur,
715 648 899 699 metuit
923 663 989 700 ne
1017 648 1273 699 moriatur
1296 687 1309 708 ,
1344 661 1409 697 ne
1432 646 1481 696 in
1508 645 1691 697 morbo
1723 643 1802 695 vel

219 738 275 790 in
308 753 540 790 mrumna
571 747 826 790 versetur.
875 736 967 790 [iis
1007 737 1086 788 vir
1123 751 1226 788 non
1256 745 1334 788 est
1362 734 1657 793 obnoxius;
1704 731 1803 785 etsi

218 827 367 878 enim
396 836 545 895 pater
574 825 641 878 sit
668 826 955 888 sollicitus,
1011 841 1113 877 non
1156 824 1374 892 perinde
1421 834 1595 875 tamen
1644 831 1802 888 atque

217 929 427 980 mater;
472 917 567 970 sed
603 918 831 984 seipsum
870 918 1171 970 consolatur
1212 917 1393 968 dicetis
1435 932 1445 965 :
1495 915 1662 967 llomo
1698 924 1798 977 est,

217 1009 329 1060 scit
356 1008 453 1061 sibi
489 1009 822 1075 prospicere;
866 1022 1032 1075 neque
1062 1007 1249 1058 anxius
1279 1015 1381 1058 est.
1430 1005 1639 1070 Quare?
1672 1005 1801 1070 Quia

218 1116 332 1152 non
363 1100 560 1152 audivit
587 1100 673 1152 ille
708 1117 721 1151 :
752 1098 817 1152 In
843 1099 1096 1151 doloribus
1128 1099 1292 1167 paries
1321 1098 1472 1163 ﬁlios.
1529 1096 1799 1150 lnsolitnm

217 1204 397 1258 paena:
415 1206 577 1258 genus
594 1208 605 1240 :
625 1189 948 1257 experientia
966 1190 1106 1242 testis
1128 1197 1230 1241 est.
1248 1188 1377 1239 Cum
1398 1187 1609 1240 dolores
1626 1200 1802 1254 partus

216 1280 499 1333 mulierem
543 1278 820 1339 invadunt,
864 1292 929 1331 ne
956 1278 1005 1330 in
1040 1278 1165 1345 ipsis
1192 1277 1403 1345 quidem
1436 1277 1700 1329 laboribus
1729 1277 1803 1328 vi-

216 1386 343 1423 rum
374 1368 612 1437 despicit.
656 1368 768 1421 Non
810 1367 967 1430 dicit,
1006 1367 1210 1421 Utinam
1243 1368 1434 1434 nuptia:
1464 1382 1567 1419 non
1599 1374 1796 1430 essent,

218 1463 424 1513 utinam
476 1476 578 1514 non
620 1470 760 1512 esset
811 1460 1095 1512 liberorum
1142 1459 1457 1526 procreatio.
1518 1456 1631 1509 Non
1676 1456 1797 1508 sinit

218 1550 368 1604 Deus
393 1551 532 1603 illam
564 1557 679 1617 post
712 1549 866 1602 talem
889 1548 1265 1617 experientiam
1296 1546 1471 1599 odisse
1500 1546 1671 1598 virum
1703 1563 1713 1596 :
1748 1555 1802 1597 at

216 1642 348 1695 licet
377 1642 519 1693 novit
547 1639 670 1707 quid
703 1655 875 1707 passa,
908 1639 1030 1706 quid
1058 1648 1270 1705 experta
1296 1638 1391 1699 sit,
1421 1638 1590 1689 virmn
1626 1648 1799 1689 tamen

209 1730 409 1797 diligit.
442 1729 580 1792 ideo,
611 1729 675 1781 In
702 1728 956 1781 doloribus
978 1729 1141 1795 paries
1166 1728 1315 1792 ﬁlios,
1337 1737 1380 1779 et
1398 1727 1461 1777 ad
1485 1728 1641 1777 virum
1662 1736 1799 1777 tuum

213 1822 472 1872 conversio
516 1829 636 1884 tua,
683 1829 727 1871 et
772 1820 878 1889 ipse
920 1817 1259 1870 dominabitur
1298 1818 1368 1868 tui
1414 1816 1562 1888 (Gen.
1593 1818 1643 1870 3.
1682 1817 1795 1886 16).

212 1911 353 1975 Quia
379 1911 484 1977 jam
517 1911 650 1963 male
701 1910 965 1976 imperasti
994 1950 1005 1968 ,
1058 1918 1110 1962 et
1143 1908 1425 1961 voluntatis
1472 1917 1570 1959 tua:
1615 1923 1799 1960 servus

211 2001 437 2055 aﬂ'ectus
480 2012 594 2064 est,
640 2001 880 2054 ordinem
922 2001 1070 2053 solvo
1104 2018 1115 2051 :
1162 2000 1273 2068 ipse
1316 1999 1563 2052 dominus
1593 2000 1677 2061 sit,
1709 2000 1797 2068 qui

212 2108 327 2145 non
355 2101 435 2146 est
460 2093 731 2159 deceptus.
768 2091 890 2145 Ideo
918 2091 1109 2143 Paulus
1137 2092 1206 2143 ait
1235 2107 1246 2141 :
1284 2089 1485 2143 Mulieri
1515 2100 1675 2143 autem
1701 2090 1796 2142 do-

202 2200 329 2237 cere
369 2201 466 2236 non
498 2186 725 2251 permitto
747 2223 759 2245 ,
802 2199 957 2250 neque
997 2181 1245 2234 dominari
1289 2183 1339 2232 in
1371 2183 1529 2233 virum
1558 2181 1630 2249 (1.
1662 2180 1792 2233 Tim.

207 2274 271 2329 2.
302 2274 411 2343 12).
464 2274 591 2327 Nam
633 2273 767 2326 male
791 2274 1016 2342 primum
1046 2271 1225 2324 docuit
1250 2273 1297 2323 in
1326 2270 1586 2339 paradiso.
1624 2269 1799 2339 Neque

206 2367 466 2419 dominari
493 2367 544 2418 in
569 2367 763 2418 virum:
787 2365 924 2419 male
948 2365 1089 2419 enim
1120 2364 1383 2417 dominata
1408 2373 1510 2417 est.
1543 2363 1651 2416 lloc
1670 2379 1797 2429 ergo

208 2471 375 2509 sensu
402 2457 551 2523 jubet
578 2457 770 2509 Paulus
799 2456 1069 2508 mulierem
1101 2469 1203 2508 non
1232 2455 1442 2516 docere,
1473 2454 1542 2507 ob
1578 2469 1637 2506 ea
1680 2469 1797 2522 qua:

207 2549 263 2601 in
318 2548 557 2613 paradiso
587 2558 875 2601 evenerant
908 2563 920 2598 :
953 2560 1051 2599 nec
1097 2561 1195 2598 nos
1224 2544 1549 2613 sepbismate
1578 2545 1793 2596 utimur.

204 2638 351 2691 Audi
382 2652 499 2690 eum
531 2655 542 2689 :
579 2636 783 2689 Mulieri
806 2647 969 2688 autem
999 2636 1172 2688 docere
1208 2652 1308 2688 non
1352 2637 1602 2703 permitto,
1643 2652 1797 2704 neque

204 2729 463 2781 dominari
492 2731 541 2780 in
572 2731 747 2781 virum.
777 2728 841 2781 Et
867 2738 923 2781 ut
950 2727 1192 2781 ostendat
1215 2743 1292 2793 se,
1328 2728 1446 2780 ideo
1466 2728 1514 2779 id
1538 2736 1791 2793 statuere,

202 2821 392 2873 subdit
424 2838 435 2872 :
469 2820 631 2872 Adam
668 2822 798 2873 enim
828 2836 927 2873 non
952 2830 1022 2872 est
1054 2821 1285 2873 seductus
1312 2861 1324 2883 ,
1370 2820 1549 2873 mulier
1576 2836 1686 2873 vero
1713 2837 1794 2873 se-

203 2914 364 2965 ducta
387 2923 459 2965 est
489 2914 539 2966 in
561 2914 967 2982 pravaricatione
991 2911 1147 2977 (Ibid.
1180 2928 1225 2965 v.
1262 2909 1372 2982 1-1).

284 3006 371 3057 10.
425 3004 589 3055 Maria
620 3005 757 3073 virgo
796 3019 885 3073 pro
927 3004 1114 3072 virgine
1142 3002 1250 3054 Eva
1293 3003 1569 3054 intercedit.
1627 3004 1794 3056 Maria

201 3095 432 3163 quotidie
458 3094 596 3146 beata
627 3094 826 3146 dicitur.
856 3123 926 3133 —
950 3092 1085 3159 Quid
1114 3094 1310 3162 igitur?
1341 3094 1665 3147 damnationi
1697 3095 1793 3146 0b-

205 3187 404 3240 noxius
431 3197 509 3240 est
538 3187 773 3239 mulieris
800 3199 978 3248 sexus,
1004 3194 1283 3253 manetque
1308 3185 1355 3236 in
1380 3185 1670 3247 doloribus,
1694 3200 1793 3239 nec

205 3277 479 3329 vinculum
513 3276 773 3329 solvitur?
819 3274 971 3328 Venit
1001 3274 1241 3328 Christus
1270 3275 1353 3343 qui
1387 3275 1655 3328 vinculum
1686 3277 1792 3327 sol-

203 3371 286 3422 vit
321 3371 583 3423 :occurrit
611 3385 672 3422 ea
701 3384 815 3435 (111:1:
852 3369 1126 3421 Dominmn
1163 3369 1361 3435 peperit
1392 3408 1405 3431 ,
1439 3368 1585 3420 sexui
1619 3378 1791 3436 patro-

204 3463 432 3523 cinans,
478 3470 655 3513 sancta
706 3459 863 3527 Virgo
908 3473 1003 3527 pro
1042 3459 1277 3527 virgine;
1330 3474 1450 3511 nam
1501 3459 1646 3527 virgo
1677 3467 1791 3511 erat

206 3552 323 3605 Eva
368 3566 483 3603 cum
522 3550 783 3619 peccavit;
832 3549 1093 3601 damnata:
1134 3548 1371 3602 dolorem
1407 3548 1595 3612 solvit,
1636 3560 1791 3619 atque

204 3643 485 3710 gemitum.
513 3642 657 3697 Sicut
684 3640 823 3693 enim
864 3640 906 3692 si
936 3640 1053 3709 quis
1080 3640 1129 3691 in
1164 3640 1356 3707 regiam
1388 3650 1633 3703 vocetur,
1666 3657 1791 3694 suos

206 3730 501 3783 itonOribus
530 3744 721 3798 angere
752 3729 958 3792 studet,
990 3743 1050 3781 ac
1075 3769 1089 3792 ,
1129 3730 1169 3781 si
1205 3730 1253 3779 in
1293 3731 1529 3797 angustia
1575 3731 1786 3797 iuerint,

206 3820 472 3874 liberare:
501 3821 576 3871 sic
597 3827 777 3871 sancta
806 3818 959 3885 Virgo
987 3818 1037 3870 in
1066 3819 1260 3885 regiam
1294 3830 1498 3882 vocata,
1524 3830 1577 3872 ut
1598 3822 1789 3875 divina:

207 3910 537 3980 generationi
571 3910 925 3970 ministraret,
961 3908 1171 3961 insolito
1203 3908 1398 3962 donata
1432 3920 1581 3977 partu
1611 3952 1623 3972 ,
1655 3911 1789 3965 hanc

208 4002 435 4070 primam
465 4002 683 4070 gratiam
718 4003 875 4069 petit,
922 4002 1029 4054 imo
1067 4002 1279 4070 accipit.
1330 4004 1461 4068 Quia
1495 4020 1598 4056 non
1636 4004 1788 4059 dece-

207 4093 303 4146 bat
328 4093 492 4161 cnlpce
508 4093 788 4146 obnoxiam
824 4094 1068 4147 feminam
1094 4095 1361 4147 innoxium
1388 4095 1619 4164 gignere,
1646 4099 1790 4151 venit

208 4185 254 4236 is
288 4184 373 4249 qui
408 4185 574 4250 primo
609 4184 730 4236 Eva:
759 4185 1021 4238 tristitiam
1044 4201 1135 4254 per
1159 4186 1405 4251 gaudium
1435 4188 1607 4240 solvit.
1635 4189 1790 4243 Venit

206 4274 429 4341 angelus
464 4274 656 4341 Virgini
688 4275 865 4327 dicens
896 4293 909 4328 :
942 4276 1227 4346 Ave,gratia
1246 4277 1389 4344 plena
1418 4276 1563 4347 (Luc.
1594 4280 1641 4331 1.
1672 4280 1783 4349 28).

206 4362 347 4415 Tum
378 4378 466 4430 per
497 4363 710 4426 Ave,5eu
754 4363 929 4417 Gaude
957 4365 1103 4429 illud,
1137 4367 1361 4419 tristitize
1391 4368 1652 4421 vinCulum
1681 4371 1789 4423 sol-

208 4454 305 4504 vit.
347 4454 484 4516 Ave;
512 4455 651 4505 Venit
673 4454 713 4505 is
734 4455 818 4522 qui
842 4456 993 4507 solvit
1012 4456 1293 4507 tristitiam.
1318 4458 1596 4525 Ave,gratia
1617 4460 1786 4525 plena,

206 4544 335 4612 quia
366 4542 616 4595 hactenus
658 4544 940 4597 maledicto
979 4545 1225 4599 obnoxia.
1286 4546 1380 4599 llic
1430 4547 1521 4600 Dei
1566 4551 1784 4616 gratiam

206 4632 588 4686 animadverte.
622 4633 909 4702 Ave,gratia
939 4636 1085 4700 plena
1110 4676 1123 4698 ,
1156 4635 1401 4690 Dominus
1427 4648 1604 4691 tecum.
1657 4641 1786 4705 Quia

206 4738 334 4777 eum
378 4723 461 4775 illa
493 4737 709 4790 serpens
750 4725 799 4775 in
842 4724 1047 4776 tristitia
1072 4766 1085 4791 ,
1114 4726 1309 4793 gaude,
1342 4727 1460 4794 quia
1496 4738 1663 4780 tecum
1704 4740 1787 4783 est

209 4816 371 4867 Deus.
407 4816 478 4866 Ac
512 4814 627 4866 vide
655 4814 823 4882 angeli
858 4830 1037 4867 vocem
1063 4855 1076 4878 ,
1108 4817 1369 4883 quomodo
1399 4827 1558 4870 totam
1591 4818 1785 4873 Christi

120 4905 133 4922 ‘
206 4906 655 4973 dispensationem
707 4907 953 4974 explicat.
1005 4907 1293 4977 Ave,gratia
1321 4910 1487 4975 plena.
1537 4911 1666 4976 Quia
1700 4914 1783 4967 illa

204 4997 472 5064 duplicem
501 4998 917 5051 maledictionetn
949 4999 1185 5067 accepit,
1226 5000 1486 5053 tristitiam
1528 5011 1579 5055 et
1615 5006 1783 5070 gemi-

206 5100 322 5142 tum
357 5098 551 5155 parlus,
587 5088 784 5141 inducit
810 5101 1035 5155 partum,
1061 5090 1148 5158 qui
1178 5090 1346 5143 solvat
1375 5092 1603 5158 priorem
1634 5093 1780 5147 illum

205 5185 437 5246 partum.
493 5175 623 5229 Ecce
650 5179 895 5245 concipies
924 5180 976 5230 in
1006 5189 1141 5231 utero
1165 5220 1178 5241 ,
1224 5190 1269 5232 et
1310 5180 1470 5249 paries
1511 5182 1674 5248 ﬁlium
1695 5225 1707 5245 ,
1738 5195 1783 5235 et

202 5267 403 5321 vocabis
430 5282 603 5320 nomen
626 5269 731 5332 eius
756 5267 929 5321 .Iesmn
967 5268 1123 5333 (Ibid.
1154 5286 1198 5322 v.
1233 5271 1345 5339 31).
1373 5272 1493 5340 Ipse
1522 5275 1649 5325 enim
1675 5275 1781 5326 sal-

201 5374 325 5410 vum
355 5358 499 5427 faciet
531 5357 772 5424 populum
812 5375 957 5410 suum
983 5376 1012 5410 a
1041 5362 1253 5427 peccatis
1283 5378 1453 5414 eorum
1485 5363 1694 5431 (Matth.
1731 5366 1777 5418 1.

202 5448 323 5515 21).
368 5448 579 5502 Patrum
613 5456 817 5501 tuorum
862 5461 1070 5516 peccata
1102 5452 1253 5504 solvit
1282 5453 1367 5521 qui
1401 5470 1463 5506 ex
1503 5463 1551 5506 te
1581 5454 1780 5508 fructus

199 5540 389 5592 oritur.
434 5538 550 5592 Jam
584 5548 778 5591 mutata
812 5554 895 5591 res
925 5548 1024 5593 est.
1078 5541 1340 5596 Hactenus
1380 5544 1464 5612 qui
1498 5544 1656 5598 Evam
1688 5560 1780 5597 au-

199 5629 455 5693 diebant,
490 5630 733 5683 miseram
772 5628 1126 5695 przedicabant
1159 5648 1169 5683 :
1206 5631 1291 5683 Vae
1321 5633 1530 5686 misera:
1565 5650 1577 5685 :
1610 5648 1777 5700 quan-

200 5729 311 5774 tam
342 5718 562 5787 gloriam
594 5718 807 5773 amisit!
855 5734 935 5772 va:
967 5719 1174 5774 misera:
1204 5738 1215 5772 :
1249 5731 1441 5790 quanta
1482 5737 1633 5792 passa
1661 5726 1777 5780 est!

1324 353 1409 409 DE
1448 350 1659 407 MUNDI
1701 347 2091 406 CREATIONE
2134 354 2386 411 ORATIO
2426 354 2507 408 Vl.

3365 366 3478 421 498

1912 464 2070 520 Maria
2097 468 2330 523 auotidie
2353 468 2583 520 omnium
2603 481 2732 520 voce
2757 464 2920 531 audit,
2953 465 3108 517 Beata
3140 480 3155 518 :
3183 477 3307 517 sane
3333 464 3488 532 plena

1912 554 2110 622 Spiritu
2140 567 2339 610 sancto.
2376 558 2449 609 Ac
2470 556 2680 609 demum
2712 554 3005 607 vaticinans
3039 553 3195 621 Virgo
3217 551 3337 606 audi
3360 550 3484 620 quid

1909 647 2050 700 dieat
2082 664 2094 699 :
2124 647 2420 701 Benedictus
2455 647 2693 700 Dominus
2726 646 2856 698 Deus
2883 644 3080 711 Israel,
3125 646 3241 712 quia
3271 644 3490 711 respcait

1910 735 2238 788 humilitatem
2263 736 2463 789 ancilla:
2498 752 2605 790 sum
2631 752 2648 789 :
2678 752 2741 788 ea:
2770 738 2863 787 hoc
2907 736 3034 787 enim
3075 735 3271 787 beatam
3302 750 3380 787 me
3407 736 3488 785 dt-

1908 836 2013 876 cent
2039 843 2205 878 omnes
2233 826 2573 894 generationes
2615 825 2761 894 (Luc.
2800 826 2845 878 1.
2872 826 2961 879 68.
2994 836 3037 877 et
3066 826 3175 893 48).
3212 826 3276 879 Ut
3303 835 3488 877 osten-

1908 914 1997 966 dat
2023 930 2078 967 se
2110 930 2385 982 personam
2410 914 2534 967 Eva:
2562 926 2795 982 gestare,
2830 914 2907 967 Me
2933 914 2997 965 ad
3027 912 3125 966 hoc
3155 928 3317 981 usque
3350 922 3489 966 tem-

1911 1021 2035 1072 pus,
2092 1008 2288 1073 inquit,
2342 1008 2675 1060 contumelia:
2725 1006 2983 1067 babitam,
3032 1022 3095 1056 ex
3128 1015 3235 1057 tum
3279 1005 3485 1058 beatam

1909 1096 1938 1147 il
1964 1105 2083 1150 cunt
2107 1112 2292 1150 omnes
2319 1098 2703 1165 generationes.
2730 1098 2950 1165 thuid,
2982 1098 3202 1164 inquies,
3223 1096 3293 1149 illi
3329 1096 3489 1162 prod-

1908 1199 1987 1243 est
2009 1232 2021 1251 ,
2077 1207 2195 1243 eum
2239 1207 2340 1243 non
2377 1190 2597 1243 audiat?
2645 1194 2708 1241 At
2737 1204 2920 1243 revera
2955 1189 3098 1242 audit
3127 1231 3139 1252 ,
3171 1188 3309 1255 quod
3339 1189 3406 1240 sit
3437 1191 3488 1241 in

1907 1280 2182 1347 Splendida
2226 1280 2371 1341 loco,
2420 1281 2469 1332 in
2504 1280 2715 1348 regione
2743 1280 3017 1338 vivorum.
3068 1289 3236 1331 mater
3280 1280 3485 1342 salutis,

1907 1366 2025 1420 fons
2052 1368 2181 1421 lucis
2203 1411 2215 1431 ,
2248 1384 2365 1436 qum
2401 1378 2453 1422 et
2480 1384 2635 1422 sensu
2665 1380 2717 1421 et
2759 1381 2933 1420 mente
2979 1369 3296 1435 percipitur;
3329 1383 3489 1421 sensu

1908 1469 2122 1526 propter
2148 1474 2384 1521 carnem,
2418 1472 2596 1513 mente
2626 1472 2842 1529 propter
2871 1461 3219 1514 divinitatem.
3267 1461 3354 1514 Sic
3386 1462 3486 1514 ita-

1905 1562 2007 1615 que
2033 1566 2245 1616 prorsus
2274 1551 2423 1603 beata
2456 1551 2789 1618 pra-dicatur.
2821 1551 2928 1602 lino
2951 1550 3109 1603 etiam
3139 1552 3261 1605 dum
3290 1552 3488 1605 viveret

1907 1639 1958 1691 in
1990 1654 2148 1691 carne
2171 1682 2183 1698 ,
2217 1640 2365 1693 beata
2396 1640 2813 1710 praedicabatur:
2844 1642 3043 1694 audivit
3082 1642 3220 1694 enim
3259 1642 3487 1695 beatitu-

1904 1730 2080 1783 dinem
2113 1730 2251 1782 illam
2280 1746 2398 1783 cum
2420 1730 2591 1784 adhuc
2617 1731 2666 1782 in
2692 1746 2850 1783 carne
2880 1740 3040 1783 esset.
3090 1729 3181 1783 Illa
3211 1732 3383 1798 primo
3409 1733 3486 1783 vi-

1903 1819 2012 1881 dit,
2041 1836 2103 1873 ac
2130 1820 2320 1873 deinde
2346 1836 2411 1873 ex
2446 1821 2633 1874 arbore
2661 1823 2920 1889 gustavit;
2966 1821 3078 1874 luce
3122 1824 3291 1889 primo
3331 1822 3482 1887 dixit,

1904 1922 1955 1965 et
1980 1920 2101 1965 tunc
2127 1912 2501 1966 beatitudinem
2528 1912 2744 1964 audivit.
2790 1912 2919 1964 Cum
2954 1912 3093 1963 enim
3122 1911 3359 1966 Salvator
3385 1911 3483 1965 do-

1902 2014 2084 2066 ceret,
2122 2004 2378 2057 Emtallcns
2402 2020 2568 2056 vocem
2598 2003 2830 2071 quaedam
2872 2004 3051 2056 mulier
3076 2004 3137 2055 de
3169 2005 3310 2055 turba
3334 2002 3482 2073 (Luc.

1905 2097 1989 2150 11.
2016 2095 2129 2165 27),
2164 2096 2368 2149 cunctis
2397 2095 2751 2158 audientibus,
2778 2094 2903 2146 dicit
2934 2094 3009 2146 illi
3043 2112 3053 2145 :
3085 2093 3269 2146 Beatus
3307 2103 3479 2145 venter

1902 2189 1985 2256 qui
2012 2198 2058 2240 te
2088 2188 2317 2253 portavit,
2345 2198 2387 2239 et
2408 2186 2560 2239 ubera
2585 2202 2697 2255 qute
2715 2188 2911 2239 suxisti.
2929 2187 3188 2239 Cmterum
3214 2187 3263 2239 in
3281 2186 3482 2239 Adamo

1902 2278 2138 2345 implevit
2179 2278 2315 2330 Deus
2342 2278 2657 2331 sententiam
2684 2317 2699 2340 ,
2734 2277 2838 2328 imo
2868 2292 2990 2329 vero
3024 2277 3343 2343 paenitentia:
3367 2292 3481 2329 me-

1901 2369 2107 2429 delam,
2161 2370 2379 2435 aitque:
2415 2367 2545 2431 Quia
2592 2368 2777 2419 audisti
2824 2384 2989 2419 vocem
3040 2368 3209 2419 uxoris
3260 2377 3389 2430 tuae,
3435 2375 3482 2417 et

1902 2460 2156 2511 comedisti
2184 2460 2245 2511 de
2283 2459 2418 2526 ligno
2436 2500 2448 2519 ,
2480 2475 2539 2510 ea:
2564 2475 2661 2526 quo
2689 2474 3020 2527 praeceperant
3058 2459 3145 2510 tibi
3171 2475 3231 2509 ne
3255 2459 3483 2509 comede-

1900 2567 1997 2616 res,
2027 2551 2287 2602 maledicta
2315 2560 2445 2601 terra
2473 2552 2522 2600 in
2560 2550 2788 2614 operibus
2810 2552 2905 2601 tuis
2939 2548 3089 2618 (Gen.
3116 2550 3165 2603 '5.
3205 2551 3315 2619 17).
3348 2552 3479 2603 Rur-

1900 2656 1989 2693 sus
2024 2641 2110 2708 qui
2143 2639 2451 2693 benedictus
2482 2640 2647 2691 fuerat
2674 2680 2686 2701 ,
2722 2638 3144 2692 maledictionem
3179 2657 3281 2693 non
3314 2641 3481 2693 susci-

1902 2733 2012 2799 pit,
2042 2731 2132 2784 sed
2166 2742 2321 2783 terra.
2357 2730 2505 2782 Alius
2544 2731 2817 2797 peccavit,
2851 2729 2950 2782 alia
2993 2732 3228 2783 caeditur.
3261 2731 3326 2786 Ut
3360 2733 3479 2785 Evze

1900 2822 2087 2875 maledi
2117 2823 2201 2873 'tio
2234 2838 2245 2872 :
2277 2823 2381 2872 imo
2420 2823 2591 2888 potius
2632 2820 2966 2883 emendatio;
3018 2836 3119 2873 non
3149 2823 3289 2875 enim
3316 2823 3480 2876 male-

1897 2911 2058 2965 dictio
2109 2920 2261 2970 erat,
2314 2911 2406 2964 sed
2451 2910 2752 2965 emendatio
2800 2927 2811 2961 :
2856 2911 3300 2977 quemadmodum
3354 2914 3476 2968 Eva:

1898 3004 2177 3066 correctio,
2204 3000 2267 3053 In
2297 3002 2552 3054 doloribus
2580 3002 2742 3068 paries
2775 3002 2990 3071 (etenim
3016 3002 3187 3055 omnis
3216 3004 3403 3057 mulier
3426 3005 3476 3058 in

1897 3097 2165 3150 doloribus
2221 3094 2422 3165 parit).
2478 3095 2731 3147 hactenus
2780 3095 2970 3146 mansit
3001 3112 3012 3145 :
3048 3095 3123 3147 sic
3161 3105 3212 3147 et
3240 3095 3427 3149 Adami
3460 3115 3473 3151 :

1899 3185 2169 3239 Maledicta
2192 3186 2387 3237 terrain
2411 3184 2638 3251 operibus
2668 3186 2783 3234 tuis.
2815 3183 3061 3236 Nostrum
3090 3200 3247 3250 opera
3278 3187 3472 3254 iniqua,

1896 3288 1948 3331 et
1977 3289 2110 3331 terra
2144 3276 2403 3345 plectitur.
2438 3273 2541 3327 Nos
2567 3288 2863 3341 peccamus,
2895 3284 2947 3327 et
2979 3284 3114 3326 terra
3146 3275 3472 3328 maledictio-

1898 3385 2016 3421 nem
2043 3366 2252 3434 accipit.
2306 3366 2479 3419 Parcit
2526 3366 2660 3417 Deus
2690 3363 2923 3431 opiﬁcio,
2972 3373 3029 3415 ut
3074 3364 3301 3433 ingenuo
3345 3366 3469 3429 lilio,

1899 3472 2087 3515 terrain
2119 3471 2173 3514 ut
2203 3460 2544 3529 pmdagogutn
2575 3460 2769 3527 plectit.
2816 3458 3089 3511 Maledicta
3119 3470 3250 3511 terra
3278 3462 3328 3513 in
3356 3478 3473 3528 ope-

1896 3552 2029 3604 ribus
2058 3553 2171 3603 tuis.
2201 3550 2276 3603 Ne
2305 3550 2610 3603 consideres
2650 3561 2889 3601 naturam
2918 3590 2931 3612 ,
2981 3549 3070 3601 sed
3111 3550 3201 3603 Dei
3229 3552 3471 3618 gratiam.

1894 3643 2007 3696 Non
2051 3642 2288 3694 absolute
2319 3640 2485 3703 dixit,
2530 3638 2805 3690 Maledicta
2837 3649 2965 3690 terra
2997 3654 3014 3691 :
3046 3654 3163 3691 nam
3194 3640 3469 3694 maledicta

1896 3733 2215 3795 mansisset,
2268 3740 2319 3784 et
2364 3730 2565 3782 fructus
2594 3746 2696 3781 non
2745 3730 2981 3791 tulisset;
3025 3730 3469 3795 quemadmodum

1894 3822 2024 3874 dixit
2052 3820 2168 3873 lieni
2206 3838 2217 3871 :
2253 3818 2372 3870 Non
2404 3822 2535 3870 ultra
2572 3834 2633 3869 ea:
2668 3830 2712 3869 te
2738 3829 2874 3869 exeat
2908 3823 3102 3886 fructus
3129 3861 3141 3882 ,
3190 3831 3233 3871 et
3276 3825 3470 3874 exaruit

1897 3914 2105 3983 (Matth.
2137 3912 2225 3965 21.
2264 3912 2347 3978 19)
2380 3928 2390 3960 ι
2422 3912 2496 3963 sic
2534 3920 2585 3961 et
2635 3910 2682 3961 in
2733 3918 2871 3962 terra
2920 3912 3147 3961 futurum
3192 3923 3343 3976 erat;
3379 3914 3469 3965 sed

1894 4005 1984 4067 ait,
2013 4003 2075 4056 In
2104 4003 2333 4071 operibus
2368 4001 2481 4053 tuis.
2513 4000 2730 4067 Quando
2761 4014 2940 4068 pecco,
2977 4001 3266 4067 percutitur
3296 4013 3466 4062 terra;

1894 4095 2105 4167 quando
2149 4106 2293 4148 recte
2340 4094 2562 4156 incedo,
2608 4093 2749 4144 illam
2784 4093 3063 4145 benedicit.
3117 4094 3325 4148 Atvide
3356 4110 3467 4146 rem

1895 4189 2104 4241 tniram.
2132 4185 2353 4252 Quando
2379 4186 2577 4238 creavit
2603 4185 2738 4236 Deus
2768 4195 2984 4247 terram,
3019 4201 3182 4248 mare,
3209 4188 3465 4250 volatilia,

1895 4279 2122 4348 reptilia,
2156 4277 2373 4335 bestias,
2405 4275 2695 4339 hominem,
2721 4277 2893 4329 omnia
2924 4276 3192 4332 benedixit
3225 4298 3236 4330 :
3269 4282 3469 4333 fructus

1893 4382 2020 4421 vero
2064 4382 2165 4419 non
2216 4365 2517 4427 benedixit,
2550 4365 2691 4433 quod
2734 4380 2922 4432 nempe
2950 4368 3109 4419 sciret
3148 4368 3282 4420 hanc
3315 4377 3467 4421 terra:

1895 4467 2155 4512 servatam
2182 4472 2298 4511 esse
2328 4472 2559 4525 poenam,
2590 4468 2643 4509 ut
2672 4459 3011 4525 peccantibus
3038 4460 3335 4513 hominibus
3360 4471 3465 4513 ste-

1894 4551 2084 4603 rilitate
2132 4548 2484 4618 plecteretur,
2523 4557 2573 4601 et
2616 4548 2779 4615 probe
2807 4550 3101 4614 agentibus,
3147 4549 3464 4605 fertilitatem

1892 4643 2171 4709 acciperet.
2215 4640 2326 4693 Non
2355 4640 2621 4693 benedixit
2650 4640 2902 4693 fructibus
2928 4658 2940 4691 :
2969 4642 3164 4694 donum
3195 4644 3333 4696 enim
3357 4656 3468 4697 erat

1892 4732 2005 4785 sine
2028 4728 2352 4798 paeoitentia.
2375 4730 2563 4797 Spinas
2578 4739 2621 4780 et
2643 4728 2846 4781 tribulos
2870 4731 3104 4798 producet
3131 4733 3234 4784 tibi.
3259 4732 3463 4801 Magna,

1892 4824 2087 4891 inquit,
2134 4821 2459 4889 despexisti;
2498 4820 2787 4873 minoribus
2832 4822 3098 4888 plectaris.
3154 4822 3282 4877 Vide
3308 4842 3462 4891 quam

1892 4914 2177 4967 moderata:
2208 4914 2313 4965 sint
2342 4913 2731 4979 castigationes.
2783 4912 2943 4980 Spina
2975 4913 3217 4967 orcidere
3247 4918 3423 4983 nequit
3451 4934 3462 4974 ;

1890 5016 2167 5059 cruentare
2192 5013 2383 5072 potest.
2412 5003 2471 5053 Et
2494 5002 2733 5055 comedet
2756 5014 2946 5056 terram
2978 5004 3027 5055 in
3056 5004 3341 5056 doloribus.
3377 5006 3462 5057 Illa

1890 5097 2024 5163 parit
2052 5095 2101 5147 in
2125 5094 2433 5156 doloribus;
2466 5104 2519 5145 tu
2541 5094 2759 5147 comede
2783 5095 2831 5146 in
2854 5094 3141 5146 doloribus.
3163 5095 3290 5147 Nam
3315 5107 3465 5149 vetus

1890 5184 1977 5237 illa
2018 5184 2273 5236 sententia
2318 5185 2570 5235 hactenus
2600 5191 2793 5235 manet.
2842 5182 2908 5234 Et
2935 5184 3049 5235 vide
3076 5185 3201 5235 mihi
3226 5186 3459 5246 divitem,

1890 5289 2193 5342 pauperem,
2227 5274 2533 5339 principem,
2562 5288 2830 5339 magnum,
2868 5290 2989 5324 num
3024 5274 3127 5327 vita
3155 5275 3267 5342 ejus
3302 5278 3464 5341 possit

1890 5367 2001 5418 sine
2028 5364 2208 5417 dolore
2235 5372 2285 5415 et
2319 5379 2439 5415 cura
2474 5363 2714 5415 inveniri.
2748 5363 2963 5429 Quare?
2999 5364 3255 5430 Quoniam
3288 5364 3351 5413 lu
3379 5381 3463 5414 su-

1890 5457 2008 5508 dore
2038 5455 2199 5507 vultus
2220 5455 2290 5505 tui
2321 5454 2526 5505 vesceris
2554 5472 2681 5521 pane
2708 5466 2791 5506 tuo
2824 5454 2971 5522 (Gen.
2999 5457 3049 5507 '5.
3088 5456 3192 5520 19).
3242 5454 3462 5507 Noluisti

1892 5547 2203 5615 tranquille;
2238 5547 2285 5598 in
2314 5546 2503 5599 sudore
2525 5547 2766 5601 comede.
2819 5547 2927 5600 Non
2955 5549 3101 5614 punit
3128 5547 3269 5598 illum
3302 5544 3460 5605 fame.

1888 5636 1980 5690 sed
2026 5637 2249 5689 miseria:
2288 5645 2443 5704 atque
2488 5636 2654 5688 labori
2699 5636 2925 5702 subjicit.
2984 5635 3096 5687 Jam
3137 5643 3220 5693 tu,
3273 5633 3461 5697 ﬁdelis,

1887 5724 2014 5779 illud
2049 5726 2239 5796 cogita.
2286 5726 2341 5781 Si
2373 5724 2537 5779 Adam
2580 5726 2693 5779 sine
2734 5726 2927 5779 sudore
2958 5740 3142 5792 panem
3177 5737 3278 5776 non
3310 5738 3462 5778 Cotu-
