4104 6322
608 309 724 367 499

604 419 749 480 edit,
781 429 879 472 nos
913 412 1185 485 quomodo
1231 413 1347 468 sine
1389 411 1661 466 laboribus
1696 409 2089 479 sudoribusque
2117 426 2206 464 re-

598 524 763 580 gnum
788 509 1038 562 caelorum
1060 503 1488 573 consequamur?
1514 502 1702 565 Donec,
1732 502 1921 571 inquit,
1942 501 2209 555 revertaris

594 603 657 653 in
683 610 885 661 terram,
916 598 979 652 de
1002 614 1102 668 qua
1115 606 1346 667 sumptus
1372 612 1443 648 es.
1471 593 1514 649 Ο
1534 593 1853 648 sententiam
1876 593 1888 646 l
1920 608 1952 645 0
1973 595 2207 646 clemen-

608 692 733 745 tiam
767 700 910 743 metu
944 687 1194 757 plenam!
1240 703 1273 741 ο
1322 686 1639 740 sententiam
1684 684 2053 739 consolatione
2095 684 2206 751 ple-

608 785 769 838 nam!
832 782 1074 837 Noadum
1122 780 1441 849 expulerat,
1498 790 1551 832 et
1604 778 1908 832 revocavit!
1968 777 2203 831 nondum

607 878 857 946 ejecerat,
890 884 945 929 et
980 874 1299 942 resumpsit!
1336 872 1508 924 Donec
1541 872 1805 924 revertaris
1837 870 1887 923 in
1916 880 2120 933 terram,
2145 869 2208 922 tle

605 986 706 1039 qua
746 980 975 1036 sumptus
1025 985 1094 1022 es.
1154 967 1266 1019 Non
1298 967 1467 1031 dixit,
1520 966 1697 1019 Donec
1727 964 1987 1027 dclcuris,
2034 964 2206 1017 donec

605 1058 954 1120 dissolvaris;
994 1057 1086 1111 sed
1109 1098 1122 1119 ,
1175 1056 1350 1109 Donec
1382 1056 1646 1109 revertaris
1673 1056 1723 1108 in
1754 1064 1938 1107 terram
1963 1095 1976 1119 ,
2018 1054 2081 1106 de
2108 1070 2207 1122 qua

606 1162 841 1219 sumptus
883 1166 933 1203 es
962 1166 979 1202 :
1008 1160 1065 1203 ut
1113 1148 1205 1202 tibi
1252 1162 1401 1214 spem
1451 1146 1861 1201 resurrectionis
1892 1145 2200 1198 substituas.

608 1244 705 1298 lllo
738 1253 788 1298 te
819 1243 973 1297 mitto
994 1284 1007 1305 .
1056 1242 1198 1295 unde
1243 1251 1293 1294 te
1322 1241 1534 1309 accepi;
1576 1248 1630 1292 ut
1663 1249 1713 1292 te
1741 1248 1865 1291 lllllC
1892 1238 2109 1306 accepi,
2153 1244 2207 1291 tc

610 1350 797 1390 rursus
823 1350 1040 1406 possum
1068 1335 1310 1403 accipere
1330 1374 1345 1400 ,
1392 1332 1524 1397 Quia
1556 1341 1687 1385 terra
1712 1346 1763 1382 es
1786 1371 1799 1393 ,
1849 1339 1893 1383 et
1938 1329 1988 1382 in
2016 1339 2205 1383 terram

2076 297 2447 354 SEVERIANI

3825 326 3947 381 500

2315 413 2430 467 ibis.
2458 412 2595 479 Non,
2616 414 3047 483 Deleberis,sed,
3068 414 3199 471 Ibis.
3229 417 3382 483 Illud.
3420 419 3547 485 Ibis,
3576 422 3802 492 quidam
3841 425 3931 479 in-

2320 506 2591 573 terpretati
2621 515 2777 569 sunt,
2810 505 3113 563 Ret'crteris.
3144 510 3411 578 Quantum
3442 514 3599 582 igitur
3626 532 3722 587 per
3748 516 3932 572 facul-

2318 604 2479 650 tatem
2527 595 2703 658 licuit,
2758 612 2851 663 per
2877 600 3100 666 gratiam
3134 602 3300 655 sancti
3332 603 3559 672 Spiritus
3586 647 3599 668 ,
3627 607 3925 663 vobiscum

2317 686 2619 757 paradisum
2664 689 3054 756 percurrimus,
3103 690 3247 760 regia
3289 695 3610 750 monimenta
3660 698 3925 767 legimus,

2317 778 2547 831 vidimus
2577 792 2696 832 reos
2728 779 2971 835 libertate
2996 780 3253 849 donatos,
3284 782 3487 839 Judicis
3531 788 3925 846 clementiam:

2316 885 2418 939 qua
2451 870 2650 923 utinam
2679 886 2706 924 a
2744 870 2960 925 Christo
3001 872 3227 928 salutem
3272 890 3691 947 consequamur,
3724 890 3785 932 ut
3812 896 3929 934 cm-

2318 964 2543 1017 lestibus
2570 963 2674 1016 illis
2699 975 2753 1017 et
2774 965 3114 1032 sempiternis
3144 965 3381 1022 fruamur
3403 970 3575 1034 bouis,
3609 971 3658 1023 in
3689 969 3925 1027 Christo

2314 1053 2442 1109 Jesu
2486 1054 2710 1108 Domino
2766 1064 2949 1108 nostro
2996 1072 3009 1108 :
3053 1059 3301 1125 quoniam
3349 1058 3448 1128 ipsi
3492 1062 3658 1130 gloria
3714 1070 3769 1115 ct
3819 1062 3927 1115 im-

2316 1148 2554 1215 perium,
2600 1161 2742 1202 nunc
2776 1157 2829 1201 ct
2871 1162 3115 1217 semper,
3161 1159 3215 1204 et
3256 1150 3306 1205 in
3347 1153 3539 1207 sarcula
3569 1154 3921 1209 smculormn.

2314 1242 2509 1293 Arnen.

3797 1506 3889 1519 --ν

645 1521 797 1533 -σ-
815 1521 1607 1548 σ--πξο-ᾙ--ι-
1631 1522 1790 1530 ---—-——
1812 1521 2220 1530 —-—r——--—-—a——-—

2331 1520 2434 1526 ———
2456 1517 2750 1529 ραι-φ-.
2770 1510 3773 1523 --ο--Ψυ--φ--οο-,ν--ο
3797 1510 3881 1519 -ή

2331 1521 3881 1542 ._._._.‘—__————___—._._...._q—__——-__a.—_.

2069 1803 2127 1862 M
2140 1799 2452 1861 ONITUM

702 2057 937 2114 Jacobus
987 2054 1317 2110 Sirmondus
1368 2055 1431 2110 ad
1469 2055 1782 2109 Ennodium
1823 2054 1887 2107 Τ.
1949 2054 1969 2106 1
2008 2062 2299 2125 postrema:
2342 2047 2633 2109 Editionis,
2664 2063 2718 2117 p.
2755 2045 2911 2110 1842,
2967 2044 3035 2098 de
3084 2042 3185 2095 hac
3230 2037 3449 2094 homilia
3492 2035 3568 2091 sic
3622 2034 3913 2104 loquitur:

638 2223 656 2256 ι
689 2204 1020 2261 Severianus
1048 2204 1377 2259 Gabalorum
1428 2205 1717 2273 episcopus
1767 2218 1796 2255 a
1842 2208 2091 2271 serpente
2122 2200 2233 2267 illo,
2267 2198 2392 2270 quia
2426 2194 2729 2267 symbolum
2770 2200 2885 2247 erat
2923 2188 3101 2245 crucis
3128 2184 3351 2248 Christi,
3386 2181 3639 2244 salutem,
3677 2180 3773 2231 καὶ
3810 2174 3920 2229 ἀπὸ

629 2349 727 2403 τοῦ
760 2349 1168 2419 ὲπικαταράτου
1215 2347 1467 2417 εὐλογίαν
1499 2346 1719 2401 ﬁnxisse
1751 2347 1827 2400 ait
1861 2346 1916 2399 in
1949 2344 2099 2401 Orat.
2126 2340 2169 2396 ll
2193 2358 2220 2397 e

2331 2356 2437 2395 cem
2462 2356 2599 2410 quas
2628 2333 3000 2408 Chrysostomi
3025 2330 3247 2386 nomine
3273 2328 3327 2381 in
3350 2326 3525 2380 lucem
3559 2319 3711 2375 dedit
3748 2313 3916 2370 Card.

632 2492 883 2547 Sirletus.
933 2494 1042 2548 Sed
1098 2493 1397 2549 Severiano
1426 2493 1567 2548 banc
1601 2499 1875 2555 asserunt,
1927 2505 2094 2561 quam
2138 2487 2270 2554 dixi,
2301 2487 2670 2541 Damascenus
2703 2490 2758 2537 et
2805 2477 3114 2533 Hadrianus
3136 2484 3298 2543 papa,
3350 2479 3478 2522 cum
3507 2458 3726 2535 Synodo
3766 2453 3924 2507 Pari-

620 2638 823 2713 ‘siensi.
863 2659 879 2690 ›
912 2640 1052 2694 Nihil
1090 2643 1271 2713 itaque
1302 2642 1455 2698 dubii
1492 2637 1822 2708 relinquitur
1872 2642 2013 2695 hanc
2052 2638 2331 2692 homiliam
2370 2651 2492 2691 esse
2550 2629 2854 2691 Severiani,
2904 2624 3143 2681 hominis
3193 2628 3341 2674 certe
3376 2630 3485 2669 non
3514 2610 3767 2679 elinguis,
3822 2602 3923 2658 scd

766 2908 1005 2953 ORATIO
1048 2908 1131 2951 DE
1180 2908 1526 2964 εΕιΡΕΝτπ,
1573 2909 1751 2962 QUEM
1796 2910 2039 2954 MOYSES
2085 2909 2149 2951 IN
2195 2908 2400 2951 CRUCE
2446 2905 2795 2950 SUSPENDIT
2838 2903 2897 2944 IN
2945 2901 3258 2958 DESERTO,
3306 2900 3515 2954 DFQUE
3558 2902 3780 2945 DIVINA

2026 3009 2369 3052 TMNITATE
2420 2989 2533 3070 (a).

2080 3154 2484 3189 NW

700 3276 752 3329 1.
796 3273 918 3328 Heri
945 3286 1246 3329 sermonem
1273 3272 1598 3329 instituimus
1623 3282 1807 3329 contra
1835 3272 2133 3341 lucretieos,
2162 3285 2217 3330 et

628 3380 728 3436 pro
768 3365 932 3435 gloria
978 3362 1241 3434 Unigeniti
1284 3366 1709 3420 concertavimus
1735 3408 1749 3432 ,
1779 3382 1884 3421 non
1930 3375 1986 3420 ut
2027 3383 2218 3422 arcana

630 3459 870 3529 quzedam
904 3459 956 3513 in
1006 3458 1179 3513 lucem
1223 3458 1623 3528 proferremus,
1656 3460 1751 3515 sed
1795 3470 1850 3515 ut
1891 3463 2111 3532 gratiam
2155 3478 2222 3515 ex

630 3552 811 3605 animo
838 3550 1229 3620 proﬁteremur.
1258 3550 1371 3605 Non
1398 3552 1538 3605 enim
1561 3567 1624 3605 ex
1647 3552 1825 3607 verbis
1848 3555 2045 3607 nostris
2064 3552 2221 3608 Chri-

633 3644 699 3697 sti
727 3642 891 3713 gloria
922 3653 1145 3713 augetur
1170 3684 1184 3707 ,
1216 3644 1309 3697 sed
1344 3644 1611 3713 praeclaris
1639 3646 1707 3700 ab
1735 3661 1800 3699 eo
1829 3646 1999 3699 ornati
2032 3661 2223 3699 mune-

632 3736 779 3791 ribus
805 3778 820 3801 ,
860 3745 1011 3805 grato
1042 3736 1221 3789 animo
1250 3735 1565 3791 beneﬁcium
1600 3737 1972 3805 prsedieamus.
2019 3739 2223 3792 Absur-

626 3828 909 3881 dissinmm
939 3827 1083 3882 enim
1110 3836 1272 3890 esset,
1301 3842 1400 3882 nos
1426 3827 1696 3883 beneﬁciis
1726 3838 1945 3884 ornatos
1966 3872 1981 3896 ,
2014 3831 2225 3885 silentio

633 3933 915 3972 munerum
937 3919 1106 3971 vicem
1131 3919 1467 3987 persolvere:
1490 3921 1717 3974 maxime
1741 3935 1870 3975 vero
1889 3936 2009 3975 cum
2036 3922 2220 3988 David,

634 4019 692 4063 ut
719 4010 881 4064 modo
906 4009 1127 4062 audistis
1150 4050 1165 4072 ,
1198 4009 1266 4062 ita
1297 4009 1516 4077 jubeat:
1551 4008 1726 4063 Omnis
1756 4020 1888 4064 terra
1924 4013 2099 4065 adoret
2144 4022 2189 4065 te
2210 4051 2223 4077 ,

630 4110 679 4154 et
708 4100 893 4170 psallat
923 4100 1010 4153 tibi
1029 4099 1199 4169 (Psal.
1228 4099 1317 4155 65.
1340 4100 1417 4169 4).
1445 4100 1608 4155 Deum
1634 4101 1928 4165 laudamus,
1959 4118 2062 4156 non
2086 4102 2227 4171 quod

636 4193 733 4262 ipsi
758 4192 1012 4246 hoaorem
1037 4191 1344 4258 aiferamus,
1368 4192 1460 4246 scd
1488 4193 1638 4247 nobis
1662 4194 1789 4262 ipsis
1814 4194 2071 4250 honorem
2094 4211 2225 4249 con-

634 4285 901 4339 ciliemus.
932 4281 1164 4338 Gloriam
1200 4283 1307 4338 Deo
1338 4283 1634 4350 referimus,
1669 4301 1774 4339 non
1803 4302 1960 4355 quam
1994 4288 2090 4355 ipsi
2124 4289 2228 4343 lar-

633 4379 883 4445 glamur,
928 4374 1023 4427 sed
1065 4388 1222 4442 quam
1265 4373 1419 4427 nobis
1461 4374 1815 4429 immortalem
1848 4376 2223 4434 conferamus:

636 4480 759 4519 nam
791 4464 917 4530 Eos,
949 4466 1035 4535 qui
1064 4482 1143 4517 me
1168 4465 1474 4534 gloriﬁcent,
1508 4466 1802 4534 gloriﬁcabo
1820 4484 1839 4531 ;
1869 4478 1914 4520 et
1948 4470 2033 4537 qui
2063 4480 2228 4522 conte-

637 4568 816 4611 mnunt
846 4573 923 4609 me
947 4599 959 4619 ,
988 4566 1368 4610 contemnantur
1393 4558 1409 4624 (
1438 4557 1487 4610 1.
1519 4555 1647 4626 Reg.
1693 4557 1747 4610 2.
1788 4557 1856 4613 50
1879 4558 1919 4626 ).
1954 4559 2057 4612 Pro
2092 4560 2227 4614 virili

638 4660 819 4702 nostra
869 4648 1189 4713 docuimus,
1242 4663 1349 4701 non
1398 4647 1560 4703 licere
1607 4650 1862 4704 terminos
1907 4652 2090 4720 gloria:
2134 4652 2229 4707 Dei

639 4740 943 4806 transilire,
972 4755 1076 4794 non
1109 4739 1412 4793 hominibus
1438 4781 1452 4805 ,
1485 4740 1573 4809 qui
1607 4741 1656 4793 in
1687 4749 1825 4794 terra
1854 4741 2091 4811 degunt,
2124 4758 2226 4797 non

638 4833 843 4900 angelis
867 4832 955 4901 qui
989 4833 1038 4884 in
1067 4833 1231 4897 etclis,
1264 4848 1369 4886 non
1396 4832 1747 4903 archangelis,
1782 4850 1887 4889 non
1921 4837 2229 4904 principati-

640 4922 757 4987 bus,
793 4937 897 4975 non
929 4922 1269 4986 Cherubinis.
1300 4939 1404 4977 non
1432 4924 1760 4993 Seraphinis.
1796 4928 2227 4991 Atmeministis,

638 5021 697 5066 ut
718 5014 851 5067 bene
875 5013 1024 5075 novi,
1047 5022 1308 5083 quotquot
1328 5016 1455 5069 estis
1477 5012 1713 5069 discendi
1737 5018 1913 5087 cupidi
1936 5020 2227 5084 auditores,

638 5122 738 5173 qua
772 5105 977 5159 ratione
1020 5106 1101 5159 bis
1140 5105 1204 5159 de
1246 5105 1401 5160 rebus
1444 5107 1678 5160 inStituta
1717 5111 1886 5162 oratio
1924 5110 1988 5164 ad
2030 5113 2229 5165 exitum

637 5197 865 5251 deducta
895 5200 981 5251 sit.
1018 5199 1121 5252 Sed
1153 5200 1273 5267 quia
1303 5197 1488 5263 hodie,
1523 5202 1709 5255 t'ratres
1731 5242 1745 5266 ,
1774 5204 1885 5272 ipse
1912 5203 2020 5256 liex
2050 5206 2231 5273 gloria:

639 5304 854 5345 crucem
887 5305 1035 5343 suam
1070 5294 1441 5359 przrnuntiavit
1466 5335 1478 5356 ,
1510 5295 1892 5365 etApostolus,
1920 5298 2115 5366 regiam
2146 5314 2231 5353 se-

642 5396 813 5450 quens
842 5381 1141 5435 Servatoris
1174 5396 1358 5435 vocem
1384 5424 1398 5447 ,
1429 5384 1495 5437 de
1521 5400 1678 5439 cruce
1707 5384 2111 5457 philosophatus
2150 5401 2232 5445 cst

641 5473 802 5541 (nam
844 5474 1101 5529 Dominus
1139 5476 1413 5545 discipulis
1449 5477 1699 5534 dicebat:
1742 5481 1873 5536 Ecce
1916 5485 2231 5541 ascendimus

640 5564 1035 5637 Jerosolymam,
1060 5578 1105 5621 et
1129 5566 1298 5623 Filius
1321 5569 1538 5622 hominis
1559 5572 1783 5627 tradetur
1802 5575 1852 5629 in
1876 5592 2053 5630 manus
2074 5577 2234 5630 inimi-

705 5739 781 5804 (ιι)
814 5740 991 5791 Collata
1013 5756 1120 5792 cum
1144 5743 1320 5795 Codice
1347 5751 1461 5806 Reg.
1491 5743 1628 5793 1658.

2326 3291 2501 3329 corum
2524 3271 2737 3346 [Matth
2761 3270 2849 3325 9.0.
2877 3267 2965 3342 18]
2988 3288 3001 3336 ;
3031 3269 3224 3324 Paulus
3247 3285 3375 3324 vero
3399 3269 3609 3325 Galatas
3632 3270 3925 3340 objurgans

2328 3367 2540 3433 scripsit
2570 3382 2581 3417 :
2616 3363 2741 3429 Quis
2769 3378 2855 3415 vos
2883 3361 3145 3432 fascinavit
3164 3402 3179 3428 ,
3217 3362 3397 3431 quibus
3428 3373 3545 3415 ante
3570 3364 3745 3415 oculos
3771 3361 3924 3417 Chri-

2332 3466 2435 3510 stus
2466 3455 2789 3524 pra’scriptus
2817 3461 2887 3506 est
2912 3453 2965 3505 in
2993 3452 3129 3505 vobis
3159 3450 3474 3520 cruciﬁxus?
3502 3447 3649 3520 [ϐαι.
3680 3452 3733 3504 5.
3764 3451 3817 3523 l]
3864 3454 3883 3525 )
3908 3496 3922 3520 ,

2333 3547 2582 3617 quoaiam
2626 3546 2783 3614 igitur
2822 3553 2875 3598 et
2914 3544 3054 3613 regia
3094 3543 3301 3597 Domini
3331 3558 3431 3598 vox
3456 3585 3472 3610 ,
3500 3553 3554 3599 et
3583 3543 3757 3599 ﬁdelis
3786 3547 3926 3600 servi

2333 3638 2574 3692 doctrina
2604 3677 2617 3698 ,
2665 3635 2825 3705 regiis
2867 3634 3120 3689 insistunt
3155 3635 3388 3705 vestigiis
3415 3676 3429 3701 ,
3469 3650 3648 3705 operae
3691 3639 3925 3706 pretium

2333 3729 2603 3793 existimo,
2634 3741 2732 3781 nos
2758 3727 2917 3780 etiam
2946 3743 3042 3796 pro
3063 3726 3198 3780 virili
3227 3726 3293 3781 de
3317 3727 3576 3783 dominica
3605 3742 3768 3784 cruce
3795 3746 3926 3784 con-

2334 3830 2586 3876 sentanea
2620 3820 2759 3889 loqui
2784 3862 2796 3881 ,
2827 3835 2932 3872 non
2962 3828 3015 3872 ut
3045 3818 3352 3887 dignitatem
3386 3818 3528 3873 illam
3556 3820 3884 3890 attingamus
3909 3863 3923 3885 ,

2334 3912 2428 3967 sed
2473 3920 2531 3965 ut
2572 3925 2669 3980 pro
2698 3909 2831 3963 virili
2864 3922 3042 3963 noStra
3073 3910 3309 3963 debitum
3352 3910 3742 3978 persolvamus.
3789 3912 3926 3979 Quid

2334 4005 2493 4073 igitur
2518 4006 2592 4058 ait
2617 4003 2871 4057 Servator
2893 4003 2915 4056 ?
2945 4003 3073 4056 Ecce
3100 4003 3413 4056 ascendimus
3437 4001 3815 4073 Jerosolymam
3838 4045 3853 4066 ,
3882 4015 3928 4058 et

2339 4096 2505 4149 Filius
2552 4096 2768 4149 hominis
2813 4096 3053 4148 tradetur.
3112 4095 3360 4149 Pracdicit
3407 4095 3708 4163 passionem
3757 4096 3929 4151 victor

2337 4187 2558 4253 mortis;
2586 4196 2798 4241 crucem
2828 4187 3164 4257 praenuntiat,
3188 4188 3275 4256 qui
3303 4201 3461 4241 cruce
3485 4198 3711 4239 mortem
3736 4186 3929 4240 dissul-

2335 4279 2410 4333 vit
2440 4296 2453 4331 :
2481 4290 2748 4333 certamen
2773 4278 3108 4347 praenuntiat,
3134 4285 3191 4331 ut
3217 4276 3492 4329 victoriam
3521 4276 3799 4343 prtcdicet.
3834 4278 3926 4331 llic

2337 4385 2523 4424 rursus
2554 4370 2617 4422 ad
2652 4369 3047 4439 intelligendam
3077 4369 3282 4421 Domini
3311 4381 3494 4421 vocem
3530 4369 3770 4421 animum
3804 4384 3928 4422 con-

2335 4470 2504 4515 verte.
2536 4460 2671 4514 Vide
2699 4472 2891 4529 quanta
2917 4475 3034 4513 cum
3062 4460 3377 4513 auctoritate
3406 4457 3578 4511 dicat:
3602 4458 3735 4512 Ecce
3757 4476 3931 4513 ascen-

2338 4554 2503 4604 dimus
2529 4550 2918 4621 Jerosolymam,
2950 4560 2993 4603 et
3020 4549 3185 4603 Filius
3218 4550 3433 4603 hominis
3460 4550 3708 4615 tradetur,
3736 4560 3790 4602 ut
3817 4568 3928 4603 cru-

2338 4642 2591 4710 ciﬁgatur.
2638 4640 2736 4707 Qui
2771 4641 2883 4693 haec
2916 4638 3158 4708 prmdicit
3182 4680 3196 4705 ,
3239 4639 3293 4692 in
3334 4639 3448 4708 ipso
3487 4641 3785 4694 certamine
3823 4641 3926 4709 jam

2336 4734 2654 4787 constitutus
2693 4732 3002 4802 dignitatem
3046 4732 3376 4787 auctoritatis
3415 4740 3621 4795 mutat,
3666 4742 3929 4801 negatque

2337 4826 2647 4896 dignitatem
2679 4826 2965 4879 divinitatis
3004 4839 3113 4879 sua:
3142 4826 3325 4879 dicens
3357 4843 3368 4877 :
3402 4824 3558 4879 Pater
3578 4867 3591 4888 ,
3621 4827 3666 4878 si
3696 4826 3930 4893 possibile

2337 4926 2405 4969 est
2430 4958 2443 4979 ,
2472 4926 2691 4970 transeat
2731 4934 2761 4968 α
2789 4934 2865 4969 me
2890 4918 3025 4970 calix
3049 4919 3146 4970 iste
3179 4916 3406 4987 (Matth.
3448 4915 3536 4969 26.
3570 4916 3637 4971 59
3662 4918 3701 4986 ).
3740 4920 3927 4971 Annon

2341 5010 2738 5079 repugnantiam
2789 5008 3211 5062 animadvertis?
3258 5008 3679 5063 lncarnationem
3730 5012 3924 5079 Cogita.

2338 5100 2441 5155 Sed
2488 5102 2549 5154 ad
2596 5102 2924 5170 propesilum
2969 5098 3273 5153 redeamus.
3326 5100 3607 5168 Discipulis
3647 5101 3721 5152 ait
3753 5119 3766 5152 τ
3801 5100 3928 5153 Ecce

2338 5194 2653 5246 ascendimus
2692 5192 3096 5261 Jerosolymam,
3133 5201 3177 5244 et
3217 5190 3380 5246 Filius
3421 5193 3636 5247 hominis
3679 5195 3928 5246 tradetur.

2339 5284 2472 5337 Vide
2500 5299 2653 5352 quam
2680 5293 2834 5337 caute
2866 5284 3125 5351 loquatur.
3157 5281 3287 5335 Cum
3322 5284 3619 5351 passionem
3652 5284 3926 5352 praedicit.

2337 5375 2621 5428 humanam
2654 5374 2891 5428 ostendit
2920 5383 3159 5427 naturam
3178 5415 3191 5437 ,
3220 5372 3386 5428 Filius
3416 5376 3631 5427 hominis
3675 5376 3922 5427 tradetur.

2340 5467 2549 5521 Etenim
2594 5478 2788 5532 corpus
2814 5464 3021 5519 visibile
3048 5464 3577 5533 patitur;divinitatis
3598 5479 3728 5518 vero
3749 5464 3922 5534 digni-

2340 5567 2438 5620 tas,
2461 5572 2577 5626 qua:
2603 5556 2947 5627 intelligendo
2969 5557 3269 5627 percipitur,
3297 5558 3457 5611 vitam
3480 5556 3654 5611 affert.
3678 5557 3743 5611 Et
3766 5558 3923 5629 ﬁgura

2340 5650 2553 5718 quidem
2584 5650 2823 5717 corporis
2846 5690 2859 5715 ,
2895 5648 3112 5714 fratres,
3147 5659 3317 5704 morte
3347 5648 3604 5713 solvitur;
3634 5648 3803 5714 virtus
3829 5665 3921 5703 au-

2337 5753 2442 5797 tem
2477 5742 2822 5797 inbabitantis
2852 5742 2902 5798 id
2932 5742 3073 5814 quod
3109 5743 3341 5797 solutum
3383 5749 3499 5797 erat
3536 5742 3755 5798 excitat.
3810 5744 3923 5813 ipse
