4158 6320
217 373 333 429 499

224 466 354 520 ἄνευ
383 465 608 537 ἱδρῶτος
640 463 802 537 ἄρτον
828 465 927 519 οὐκ
965 466 1154 531 ἐσθίει,
1189 467 1347 538 ήμεῖς
1384 469 1511 522 ἀνευ
1536 470 1799 538 καμάτων

223 550 321 601 καὶ
344 548 579 619 ἱδρώτων
603 548 720 609 πῶς
742 548 1014 617 βασιλείαν
1041 549 1282 619 οὐρανῶν
1304 550 1560 620 λάϐοιμεν
1580 569 1594 616 ;
1623 553 1797 617 ⁸Εως,

223 633 381 701 φησι,
411 631 518 685 τοῦ
542 629 909 697 ἀποστρέψαι
937 646 1010 684 σε
1038 634 1123 696 εις
1148 630 1285 699 γῆν,
1316 632 1384 697 ἐξ
1404 630 1478 703 ἧς
1505 634 1795 702 ἐλήφθης.

222 714 289 764 Ὢ
323 714 682 781 αποφάσεωςί
715 711 760 764 ὣ
791 712 954 781 φόϐου
987 714 1246 783 γέμοντος
1278 716 1719 784 φιλανθρωπίαςί
1754 715 1799 768 ὣ

218 796 493 863 ἀπόφασις
518 795 757 865 γέμουσα
780 796 1155 863 άνακλήσεωςί
1185 797 1408 850 Οὐδέπω
1433 796 1679 864 ἐξώρισε,
1704 800 1798 852 καὶ

216 878 621 930 ἀνεκαλέσατο·
674 877 883 930 οὐδέπω
956 877 1213 942 ἐξέϐαλε,
1269 881 1362 933 καὶ
1416 882 1804 950 προσελάϐετο.

221 959 373 1024 Ἕως
397 960 503 1013 τοῦ
525 959 897 1026 ἀποστρέψαι
927 975 1000 1013 σε
1038 963 1125 1025 είς
1154 960 1269 1026 τὴν
1305 960 1443 1030 γῆν,
1470 962 1538 1026 ἐξ
1566 959 1639 1031 ἧς
1667 963 1808 1029 ἐλή-

214 1044 397 1109 φθης.
443 1042 556 1094 Οὐκ
587 1038 759 1103 εἶπεν,
790 1043 932 1104 Ἕως
954 1042 1019 1094 ἂν
1048 1043 1369 1113 ἀφανισθῇς,
1393 1045 1497 1107 ἓως
1524 1046 1590 1099 ἂν
1616 1047 1802 1117 λυθῇς,

214 1123 359 1185 ἀλλ’,
384 1124 539 1188 Ἕως
563 1124 667 1177 τοῦ
699 1124 1078 1192 ἀποστρέψαι
1103 1142 1176 1178 σε
1208 1129 1294 1191 είς
1323 1126 1436 1192 τὴν
1464 1126 1601 1195 γῆν,
1635 1128 1703 1192 ἐξ
1729 1125 1802 1197 ἧς

214 1205 512 1272 ἐλήφθης·
551 1206 633 1258 ἵνα
667 1206 869 1275 ὐποθῇς
918 1208 1129 1277 σεαυτῷ
1172 1206 1270 1277 τὴν
1307 1208 1496 1262 ἐλπίδα
1529 1210 1626 1279 τῆς
1671 1211 1801 1263 ἀνα-

1448 358 1535 414 DE
1569 358 1928 415 SERPENTE
1960 359 2267 416 HOMILIA.

3381 373 3496 430 500

1906 469 2004 523 καὶ
2036 472 2123 535 εἷς
2146 469 2265 537 γῆν
2300 470 2630 542 ἀπελεύσῃ.
2674 475 2784 527 Οὐν
2816 476 3180 549 ἀφανισθήσῃ,
3223 479 3336 532 ἀλλ’
3368 482 3472 536 ἀπ-

1904 552 2151 620 ελεύσῃ.
2183 552 2255 604 T6
2297 553 2658 635 Ἀπελεύσῃ,
2698 558 3102 628 Ἐπανελεύσῃ
3128 561 3271 624 τινὲς
3301 563 3485 635 ἡρμή-

1904 648 2118 688 νευσαν.
2152 635 2315 687 Ὀσον
2343 632 2436 689 οὖν
2463 633 2596 708 ἧκεν
2627 640 2703 702 είς
2728 639 2955 711 δύναμιν
2976 642 3267 713 ἡμετέραν,
3299 632 3363 714 τῇ
3382 632 3484 716 ἀχο-

1906 718 2071 787 ρηγίᾳ
2107 716 2200 771 τοῦ
2228 720 2381 787 ἁγίου
2420 722 2752 792 Πνεύματος,
2780 724 3067 795 διήλθομεν
3097 727 3188 778 τὸν
3218 728 3479 797 παράδει-

1908 817 1998 853 σον
2036 801 2152 871 μεθ⁹
2193 802 2364 872 ὑμῶν,
2396 805 2706 877 ἀνέγνωμεν
2732 808 2798 861 τά
2829 810 3197 879 ὑπομνήματα
3224 812 3292 864 τά
3324 814 3481 880 βασι-

1913 882 2065 964 λικά,
2118 884 2332 955 εῐδομεν
2370 886 2478 940 τῶν
2512 888 2827 942 ὑπευθύνων
2869 891 2966 962 τὴν
3006 892 3350 964 ἐλευθερίαν,
3387 896 3481 949 τοῦ

1911 962 2165 1049 δικαστοῦ,
2189 967 2288 1037 τὴν
2314 967 2742 1040 φιλανθρωπίαν,
2770 973 2838 1024 δι’
2865 969 2933 1044 ἧς
2960 962 3239 1045 δεξώμεθα
3262 978 3356 1031 καὶ
3385 978 3482 1049 τὴν

1909 1048 2060 1117 παρά
2078 1047 2169 1101 τοῦ
2191 1050 2426 1117 Χριστοῦ
2454 1052 2603 1124 [5H]
2635 1056 2927 1125 σωτηρίαν,
2960 1057 3045 1109 ἵνα
3074 1060 3165 1111 καὶ
3192 1059 3301 1111 τῶν
3323 1047 3483 1114 ἔπου-

1910 1132 2104 1201 ρανίων
2121 1132 2344 1186 ἐκείνων
2364 1137 2457 1187 καὶ
2477 1138 2711 1189 αἰωνίων
2734 1139 3129 1210 ἀπολαύσωμεν
3148 1141 3389 1210 ἀγαθῶν,
3422 1146 3480 1199 ιν

1902 1213 2122 1296 Χριστῷ
2162 1215 2336 1285 Ἰησοῦ
2375 1217 2452 1286 τῷ
2485 1220 2672 1290 Κυρίῳ
2695 1221 2872 1291 ἡμῶν·
2896 1224 2977 1275 ὅτι
3005 1225 3153 1295 αὐτῷ
3180 1227 3212 1296 ή
3236 1225 3359 1290 δόξα
3387 1229 3481 1282 καὶ

217 1289 484 1374 στάσεως.
508 1289 722 1374 μέμπω
752 1305 809 1341 σε
833 1290 1123 1374 εκεῖῇὂθεν
1164 1307 1220 1374 σε
1244 1290 1452 1374 ἔλαϐον·
1498 1292 1571 1355 ὡς
1609 1293 1795 1374 ἔλαϐόν
1899 1295 1960 1346 τὸ
1993 1296 2222 1365 κράτος,
2270 1298 2366 1350 νῦν
2413 1302 2506 1353 καὶ
2553 1289 2669 1368 ἀεὶ,
2714 1289 2806 1357 καὶ
2840 1306 2920 1369 είς
2958 1308 3083 1371 τοὺς
3124 1289 3331 1374 αίέύνας
3372 1310 3479 1364 τῶν

218 1387 277 1422 σε
316 1371 462 1434 τότε,
502 1370 735 1442 δύναμαι
778 1371 869 1423 καὶ
902 1370 1060 1424 πάλιν
1106 1389 1164 1424 σε
1201 1371 1403 1426 λαϐεῖν.
1439 1375 1566 1428 Ὀτι
1598 1375 1672 1444 γῆ
1718 1372 1791 1441 εἷ,
1900 1377 2129 1432 αἰώνων.
2178 1380 2371 1451 Ἀμήν.

254 1570 316 1580 ,,-
531 1569 539 1594 ε
570 1568 677 1595 ⁵,,
745 1567 832 1595 ,π

1238 1856 1345 1917 AD
1405 1856 1820 1921 HOMILIAM
1884 1860 1989 1921 DE
2046 1860 2477 1923 SERPENTE.

219 2097 381 2166 cujus
423 2098 757 2168 eloquentia,
809 2107 868 2152 ut
894 2099 1133 2169 loquitur
1168 2100 1426 2166 Savilius,
1459 2101 1634 2158 ferrea
1680 2104 1787 2159 dici
1824 2105 2018 2176 possit.
2052 2106 2373 2163 lnventione
2404 2119 2552 2165 certe
2580 2127 2691 2166 non
2729 2124 2879 2168 caret
2911 2114 2998 2169 ille
3030 2131 3043 2167 :
3090 2115 3184 2171 sed
3241 2131 3486 2188 μετεωρο

217 2239 436 2301 accidit,
501 2250 559 2295 ut
614 2243 786 2299 [utilia
829 2242 1071 2297 imeniat
1120 2251 1176 2297 et
1229 2254 1530 2314 expromat.
1574 2247 1751 2303 Dictio
1805 2260 1987 2305 autem
2038 2252 2261 2323 elegans
2311 2270 2421 2309 non
2461 2264 2577 2320 est;
2630 2268 2690 2312 ut
2719 2273 2830 2313 uno
2857 2258 3025 2314 verbo
3071 2260 3268 2324 dicam,
3317 2258 3487 2330 stylus

213 2383 445 2453 hujusce
489 2387 818 2457 longissima:
866 2388 1102 2444 homiliae
1146 2405 1241 2444 sex
1290 2390 1633 2448 homiliarum
1694 2395 2120 2464 praecedentium
2180 2396 2319 2465 stylo
2365 2396 2438 2452 ita
2493 2397 2667 2453 amnis
2712 2408 2814 2465 est,
2871 2411 2930 2455 ut
2960 2415 3071 2455 non
3097 2400 3170 2457 sit
3191 2416 3354 2457 ovum
3381 2415 3486 2457 ovo

212 2520 469 2577 similius.

282 2664 801 2733 interpretationem
835 2665 1080 2721 Latinam
1117 2683 1312 2723 novam
1345 2671 1748 2728 adornavimus.

283 3170 478 3241 Λόγος
520 3169 656 3237 περὶ
682 3170 784 3226 τοῦ
816 3170 967 3225 κατὰ
1005 3169 1297 3236 Μωῢσέως
1335 3170 1545 3239 ὄφεως,
1582 3170 1653 3224 ὃν
1684 3169 2071 3236 ἐσταύρωσεν
2096 3167 2167 3221 ἐν
2195 3166 2270 3236 τῇ
2296 3166 2511 3237 ἐρήμῳ·
2534 3165 2633 3221 καὶ
2663 3166 2797 3239 περί
2825 3166 2935 3237 τῆς
2959 3168 3123 3236 θείας
3157 3166 3421 3237 Τριάδος.

286 3460 355 3506 α’.
383 3452 524 3516 Χθὲς
552 3452 683 3522 ἡμῖν
701 3451 729 3502 6
756 3450 913 3517 λόγος
938 3449 1072 3521 πρός
1095 3467 1153 3502 τε
1175 3448 1271 3519 τὴν
1301 3449 1580 3520 αἱρετικὴν
1600 3449 1797 3519 πάλην,

218 3536 308 3589 καὶ
338 3535 480 3606 πρὸς
503 3535 629 3596 τοὺς
650 3534 788 3603 ὑπὲρ
812 3533 911 3602 τῆς
934 3532 1090 3601 δόξης
1108 3529 1202 3583 τοῦ
1232 3530 1562 3597 Μονογενοῦς
1582 3531 1801 3599 ἀγῶνας

219 3616 408 3670 ἑαυτὸν
436 3614 780 3678 ἐπιδέδωκεν,
810 3614 908 3684 οὐχ
944 3614 1032 3667 ἴνα
1058 3613 1127 3666 τά
1151 3612 1510 3682 κεκρυμμένα
1535 3613 1799 3685 γνωρίσῃ,

217 3700 329 3752 ἀλλ’
360 3700 453 3751 ἵνα
484 3698 581 3766 τὴν
607 3698 765 3766 χάριν
799 3695 1155 3763 εὐγνωμόνως
1206 3694 1537 3767 ὁμολογήσῃ.
1581 3695 1656 3748 Οὐ
1690 3697 1801 3763 γὰρ

214 3782 274 3847 ἐξ
312 3775 389 3833 ὧν
433 3779 785 3848 φθεγγόμεθα
810 3778 1043 3847 Χριστὸς
1072 3777 1455 3847 μεγαλύνεται,
1485 3776 1598 3829 ἀλλ’
1633 3777 1694 3841 ὲξ
1727 3772 1801 3830 ὧν

218 3861 689 3932 ἱμεγαλύνθημεν,
732 3858 1087 3928 εὐγνωμόνως
1120 3856 1217 3927 τὴν
1251 3856 1568 3926 εὐεργεσίαν
1598 3858 1804 3928 κηρύτο

215 3960 399 4014 τομεν.
438 3943 551 3996 Καὶ
591 3943 699 4011 γὰρ
730 3941 795 3994 ἂν
829 3940 913 4010 εἴη
941 3940 1049 3992 τῶν
1074 3942 1462 4002 ἀτοπωτάτων,
1494 3938 1675 4011 ἔργοις
1713 3941 1801 3991 εὐ-

218 4028 545 4088 παθοῦντας,
585 4024 799 4095 ἀφωνία
833 4024 927 4092 τὴν
966 4022 1282 4092 εὐεργεσίαν
1309 4022 1669 4092 ἀμείψασθαι·
1705 4022 1801 4075 καὶ

222 4113 456 4181 μάλιστα
488 4109 581 4161 τοῦ
620 4109 899 4179 προφήτου
938 4105 1099 4159 Δαυῒδ
1137 4104 1639 4175 παρακελευομένου
1661 4146 1674 4165 ,
1708 4107 1801 4158 καὶ

216 4195 489 4262 λέγοντος,
516 4191 592 4253 ὡς
616 4190 817 4254 ἀρτίως
842 4188 1132 4257 ἀκηκόατε·
1163 4187 1337 4240 Πᾶσα
1362 4189 1400 4255 ἠ
1428 4186 1506 4257 γῆ
1534 4201 1791 4254 προσκυ.

216 4273 582 4342 maritde
615 4288 734 4334 σοι,
776 4270 873 4324 καὶ
906 4267 1274 4337 ψαλάτωσάν
1305 4285 1422 4322 σοι.
1493 4270 1799 4339 ’Υμνοῦμεν

215 4358 301 4411 τὸν
343 4358 499 4413 Θεὸν.
538 4356 597 4407 σύ
634 4354 797 4423 τιμὴν
830 4350 978 4421 αὐτῷ
1025 4350 1427 4419 περιτιθέντες,
1474 4352 1610 4403 ἀλλά
1633 4352 1798 4422 τιμὴν

216 4440 423 4501 ἑαυτοῖς
472 4436 938 4507 περιποιούμενοι.
992 4433 1297 4501 Δοξάζομεν
1350 4434 1439 4485 τὸν
1494 4434 1647 4496 Θεὸν,
1698 4435 1798 4487 οὐκ

216 4521 406 4589 ἐκείνῳ
430 4519 588 4585 δόξαν
624 4517 987 4587 χαριζόμενοι,
1013 4516 1126 4567 ἀλλ’
1154 4515 1383 4577 ἑαυτοὺς
1411 4516 1507 4585 τὴν
1532 4514 1796 4568 ἀθάνατον

215 4602 369 4667 δόξαν
407 4603 714 4662 ὲνδύοντες·
762 4599 905 4663 Τοὺς
934 4598 1040 4667 γὰρ
1073 4596 1428 4661 δοξάζοντάς
1470 4614 1576 4664 με,
1623 4599 1791 4667 φησὶ,

216 4684 473 4748 δοξάσω·
505 4684 597 4735 καὶ
624 4684 673 4733 οἱ
703 4679 1105 4745 ἐξουθενοῦντές
1149 4696 1215 4747 με
1254 4678 1791 4746 ὲξουδενωθήσονται.

228 4767 493 4831 Ἐδίδαξεν
514 4768 541 4818 6
568 4765 722 4832 λόγος
744 4764 811 4814 δι’
847 4757 920 4815 ὧν
945 4760 1245 4829 ἠγωνίσατο
1279 4761 1419 4812 κατά
1442 4760 1689 4829 δύναμιν,
1713 4763 1795 4815 ὃτι

215 4850 337 4911 τοὺς
371 4850 534 4917 ὅρους
577 4849 672 4917 τῆς
710 4843 866 4915 δόξης
899 4845 991 4897 τοῦ
1036 4843 1168 4895 Θεοῦ
1203 4842 1551 4912 ὑπερϐαίνειν
1586 4844 1685 4895 οὐκ
1714 4844 1797 4910 ἔξ-

218 4948 380 4993 εστιν,
412 4932 514 4982 οὐκ
540 4930 847 4999 ἀνθρώποις
876 4931 985 4989 τοῖς
1023 4928 1114 4977 ἐπὶ
1145 4926 1266 4993 γῆς,
1289 4926 1387 4977 οὐκ
1413 4924 1661 4991 ἀγγέλοις
1685 4928 1798 4988 τοῖς

219 5016 274 5067 ἐν
298 5014 568 5081 οὐρανοῖς,
609 5011 707 5062 οὐκ
746 5009 1133 5078 ἀρχαγγέλοις,
1170 5010 1270 5059 οὐκ
1317 5009 1536 5077 ἀρχαῖς,
1583 5007 1642 5058 οὐ
1686 5010 1796 5070 τοῖς

218 5095 519 5166 Χερουϐὶμ,
541 5094 602 5146 οὐ
624 5096 733 5155 τοῖς
755 5094 1024 5162 Σεραφίμ.
1048 5093 1158 5145 Καὶ
1180 5090 1475 5162 μέμνησθε,
1498 5086 1555 5142 εὖ
1572 5086 1667 5142 οἶδ’
1688 5090 1790 5151 ὃτι,

218 5181 264 5230 οἱ
291 5176 608 5247 φιλομαθεῖς
636 5174 741 5227 τῶν
778 5176 1076 5244 ἀκροατῶν,
1110 5177 1257 5237 ὅπως
1288 5176 1417 5243 ἡμῖν
1448 5175 1476 5226 6
1518 5173 1644 5242 περὶ
1673 5172 1794 5223 τού-

217 5279 320 5313 των
344 5258 607 5330 διηνύσθη
648 5257 822 5324 λόγος.
873 5258 1008 5308 Ἀλλ’
1043 5256 1228 5325 ἐπειδὴ
1260 5258 1518 5327 σήμερον,
1555 5253 1789 5320 ἀδελφοὶ,

220 5342 376 5404 αὐτός
405 5357 465 5393 τε
512 5342 541 5393 6
574 5339 825 5409 βασιλεὺς
865 5339 962 5407 τῆς
1004 5336 1159 5405 δόξης
1198 5337 1288 5389 τὸν
1330 5336 1521 5389 ἑαυτοῦ
1564 5334 1792 5406 σταυρὸν

221 5422 662 5494 προανεφὼνησε,
702 5419 852 5492 [5η]
896 5421 987 5473 καὶ
1024 5422 1051 5472 6
1086 5419 1403 5481 Ἀπόστολος
1439 5421 1504 5488 τῇ
1540 5417 1789 5486 βασιλικῇ

221 5515 367 5583 φωνῇ
393 5505 490 5561 τοῦ
526 5505 777 5575 Σωτῆρος
810 5502 1178 5570 ἀκολουθήσας
1198 5542 1210 5563 ,
1236 5501 1325 5554 τὸν
1352 5501 1479 5571 περὶ
1506 5500 1597 5553 τοῦ
1632 5517 1791 5551 σταυ-

224 5594 313 5661 ροῦ
336 5596 496 5661 λόγον
527 5585 911 5655 ἐφιλοσόφησεν
928 5600 939 5611 ·
964 5586 1011 5651 (6
1035 5585 1130 5651 μὲν
1148 5583 1255 5653 γὰρ
1282 5583 1478 5653 Κύριος
1504 5582 1655 5649 ἔλεγε
1681 5583 1793 5642 τοῖς

227 5677 509 5745 μαθηταῖς·
559 5667 702 5720 Ἰδοὺ
724 5666 1119 5735 ἀναϐαίνομεν
1143 5670 1229 5730 είς
1266 5665 1669 5732 Ἰεροσόλυμα,
1693 5664 1790 5715 καί

224 5761 255 5811 ό
312 5758 442 5822 Υἱὸς
506 5749 611 5806 τοῦ
649 5748 960 5818 ἀνθρώπου
1012 5749 1395 5814 παραδίδοται
1449 5751 1535 5814 είς
1595 5746 1793 5817 χεζοας

550 5862 813 5920 ΡΑτιιοι.
857 5856 973 5916 Gn.
1021 5853 1171 5913 LVI.

1844 3324 1917 3339 ν’..

1846 3348 1864 3357 υ

1903 3448 2148 3517 ἐχθρῶν·
2170 3452 2197 3503 6
2217 3449 2273 3502 δὲ
2298 3448 2506 3512 Παῦλος
2532 3449 2799 3511 Γαλάταις
2825 3449 3091 3519 ἐπιτιμῶν
3121 3450 3329 3518 ἔγραφε
3345 3463 3358 3478 ·
3389 3448 3484 3513 Τίς

1902 3531 2057 3601 ὑμᾶς
2075 3532 2430 3593 ἐϐάσκανεν,
2455 3528 2545 3595 οἷς
2563 3533 2689 3584 κατ’
2716 3530 3058 3600 ὀφθαλμοὺς
3100 3530 3340 3597 Ἰησοῦς
3362 3532 3485 3598 Χρι-

1903 3616 2048 3680 στὸς
2080 3614 2388 3683 ποεγράφη
2424 3614 2493 3666 ἐν
2525 3613 2666 3682 ὑμῖν
2698 3612 3212 3680 ἐσταυρωμένος;)
3241 3613 3361 3664 ἐπεὶ
3389 3606 3483 3665 οῦν

1904 3700 1997 3751 καὶ
2030 3699 2062 3767 ή
2093 3696 2347 3767 βασιλικὴ
2388 3695 2481 3749 τοῦ
2513 3696 2717 3766 Κυρίου
2742 3695 2914 3765 φωνὴ,
2971 3694 3067 3748 καὶ
3098 3696 3132 3766 ή
3166 3694 3260 3747 τοῦ
3289 3695 3481 3748 πιστοῦ

1904 3779 2229 3849 θεράποντος
2249 3777 2560 3831 διδασκαλία
2577 3780 2688 3839 τοῖς
2714 3776 3008 3845 βασιλικοῖς
3034 3776 3234 3846 ἴχνεσιν
3258 3776 3482 3846 ἠκολού-

1904 3862 2095 3931 θησεν·
2127 3862 2423 3927 ἀναγκαῖον
2459 3855 2609 3929 οἶμαι
2662 3860 2760 3928 τὴν
2820 3859 3083 3927 σωτήριον
3138 3870 3164 3897 ι
3204 3858 3295 3909 καὶ
3336 3859 3480 3927 ἡμᾶς

1903 3942 2043 3995 κατὰ
2067 3942 2295 4011 δύναμιν
2331 3940 2461 4010 περὶ
2495 3940 2587 3993 τοῦ
2612 3938 2889 4009 Κυριακοῦ
2926 3937 3159 4007 σταυροῦ
3192 3939 3260 3989 τά
3297 3939 3483 3992 εἰκότα

1903 4023 2265 4093 φθέγξασθαι,
2302 4024 2399 4092 οὐχ
2430 4024 2515 4075 ἵνα
2550 4022 2649 4091 τῆς
2687 4022 2842 4085 ἀξίας
2882 4020 3227 4090 ὲφικώμεθα,
3256 4019 3369 4072 ἀλλ’
3397 4022 3481 4073 ἵνα

1898 4109 1998 4178 τὴν
2029 4107 2169 4159 κατὰ
2193 4106 2419 4174 δύναμιν
2451 4104 2668 4173 ὀφειλὴν
2693 4104 3056 4171 ἀποτίσωμεν.
3086 4103 3149 4154 Τί
3175 4098 3269 4154 οὖν
3311 4119 3480 4172 φησιν

1899 4193 1927 4242 6
1952 4191 2143 4259 Σωτήρ
2164 4206 2178 4252 ;
2202 4187 2349 4240 Ἰδοὺ
2390 4187 2787 4253 ἀναϐαίνομεν
2811 4188 2897 4249 είς
2933 4185 3343 4253 Ἰεροσόλυμα,
3380 4186 3478 4239 καὶ

1900 4275 1933 4324 ὀ
1975 4272 2103 4336 Υἱὸς
2145 4270 2251 4323 τοῦ
2302 4268 2615 4335 ἀνθρώπου
2661 4267 3067 4335 παραδίδοται.
3116 4266 3479 4337 Προαγορεύει

1898 4355 1958 4406 τὸ
1996 4353 2164 4414 πάθος
2194 4355 2221 4405 ό
2259 4352 2484 4421 νικητὴς
2524 4351 2616 4404 τοῦ
2659 4351 2908 4405 θανάτου·
2964 4352 3348 4420 προαναφωνεῖ
3390 4348 3479 4401 τὸν

1901 4435 2128 4505 σταυρὸν
2152 4438 2179 4488 ὁ
2202 4433 2417 4503 σταυρῷ
2440 4434 2527 4485 τὸν
2554 4432 2779 4485 θάνατον
2803 4432 3033 4483 διαλύων
3053 4448 3065 4459 ·
3095 4434 3478 4500 προαναφωνεῖ

1900 4519 1995 4589 τὴν
2036 4518 2230 4587 πάλην,
2269 4518 2355 4569 ἵνα
2402 4516 2609 4585 κηρύξῃ
2651 4516 2748 4585 τὴν
2782 4514 2954 4582 νίκην.
3014 4512 3275 4565 Ἐνταῦθα
3316 4513 3476 4566 πάλιν

1901 4600 2093 4652 σαυτὸν
2128 4599 2276 4661 ἔνθες
2317 4600 2393 4659 είς
2429 4598 2751 4666 κατανόησιν
2784 4595 2881 4663 τῆς
2907 4594 3237 4663 Δεσποτικῆς
3269 4598 3471 4663 φωνῆς.

1901 4684 2041 4753 Ὅρα
2069 4682 2183 4751 μεθ’
2210 4682 2338 4750 ὅσης
2366 4680 2649 4742 αὐθεντίας
2675 4678 2858 4747 φησίν·
2899 4676 3052 4731 Ἰδοὺ
3080 4678 3478 4746 ἀναϐαίνομεν

1898 4770 1983 4833 είς
2028 4767 2425 4832 Ἰεροσόλυμα,
2456 4762 2554 4816 καὶ
2582 4766 2613 4816 ό
2650 4760 2779 4827 Υιὸς
2806 4758 2911 4813 τοῦ
2939 4758 3248 4825 ἀνθρώπου
3289 4774 3476 4828 παρα-

1899 4850 2121 4903 δίδοται
2155 4850 2242 4913 εις
2267 4848 2331 4899 τὸ
2364 4844 2800 4913 σταυρωθῆναι.
2856 4843 2915 4895 '0
2943 4843 3116 4895 ταῦτα
3150 4859 3475 4913 προαναφω-

1899 4933 2027 4996 νῶν,
2074 4934 2129 4984 ὲν
2171 4928 2319 4998 αὐτῷ
2364 4929 2648 4998 γενόμενος
2693 4926 2769 4996 τῷ
2809 4924 2979 4992 ἀγῶνι
3016 4925 3337 4995 μεταϐάλλει
3376 4926 3477 4997 τὴν

1901 5015 2055 5081 ἀξίαν
2077 5014 2171 5081 τῆς
2195 5011 2497 5073 αὐθεντίας,
2529 5011 2619 5062 καὶ
2649 5009 2888 5079 ἀρνεῖται
2918 5007 2977 5058 τὸ
3002 5006 3215 5075 ἀξίωμα
3240 5007 3339 5076 τῆς
3359 5007 3476 5060 θεό-

1898 5113 2059 5167 τητος
2086 5092 2269 5155 αὐτοῦ,
2295 5093 2497 5159 λέγων·
2520 5091 2729 5157 Πάτερ,
2756 5092 2807 5141 εὶ
2835 5089 3113 5155 δυνατὸν,
3140 5089 3476 5155 παρελθέτω

1899 5181 1999 5232 ἀπ’
2028 5178 2171 5247 ἐμοῦ
2212 5177 2275 5229 τὸ
2321 5175 2624 5242 ποτήριον.
2681 5173 2792 5241 Οὐχ
2838 5173 2971 5241 ὁρᾷς
3012 5170 3111 5241 τὴν
3147 5171 3471 5239 διαφωνίαν;

1912 5262 2111 5315 Ἐννόει
2136 5260 2568 5329 τὴνοίκονομίαν.
2590 5255 2726 5308 Ἀλλ’
2750 5256 2828 5317 είς
2849 5256 2907 5306 τὸ
2932 5254 3285 5325 προκείμενον
3305 5256 3471 5308 ἐπαν-

1900 5345 2161 5413 έλθωμεν.
2208 5343 2368 5408 Λέγει
2409 5343 2521 5401 τοῖς
2568 5338 2853 5409 μαθηταῖς·
2893 5336 3046 5391 Ἰδοὺ
3078 5336 3473 5401 ἀναϐαίνομεν

1900 5431 1983 5492 εὶς
2024 5425 2421 5493 Ἰεροσόλυμα,
2453 5421 2547 5474 καὶ
2584 5424 2616 5474 ό
2642 5421 2770 5485 Υἱός
2795 5419 2899 5473 τοῦ
2932 5418 3246 5486 ἀνθρώπου
3285 5432 3470 5482 παραο

1896 5508 2142 5560 δίδοται.
2186 5506 2327 5574 Ὅρα
2361 5503 2473 5565 πῶς
2499 5502 2873 5571 ήσφαλισμένῃ
2906 5500 3165 5571 κέχρηται
3188 5502 3253 5567 τῇ
3295 5500 3467 5567 φωνῇ.

1902 5593 2072 5643 Ὅπου
2110 5589 2277 5648 ττάοος
2301 5586 2591 5655 κηρύττει,
2626 5587 2725 5654 τὴν
2761 5586 3103 5653 ἀνθρωπίνην
3142 5579 3467 5633 ἐνδείκνυται

1957 5686 1973 5707 ⁸
2002 5686 2155 5733 Locus
2174 5680 2718 5744 imperfectuseliamin
2735 5694 2846 5728 mss.
2862 5678 3009 5729 Forte
3034 5677 3308 5727 addendum
3322 5672 3469 5723 ἀκού-

1905 5763 2067 5801 ταντας
2092 5742 2264 5806 φωνήν,
2294 5746 2369 5791 vel
2392 5743 2511 5804 quid
2542 5742 2722 5789 simile.

3027 5826 3101 5884 31
