4158 6320
704 359 808 415 501

699 454 883 523 φύσιν.
938 455 995 508 '0
1025 455 1160 520 σΥἰὸς
1188 459 1283 512 τοῦ
1327 459 1614 530 ἀνθρώπου
1661 459 2030 531 παραδίδοται.
2079 461 2286 535 Πάσχει

699 538 810 607 γὰρ
845 537 907 590 τὸ
936 539 1259 609 φαινόμενον
1294 541 1452 611 σῶμα
1473 583 1487 607 ,
1537 540 1792 605 ζωοποιεῖ
1827 543 1884 596 δὲ
1911 544 1972 596 :6
2004 545 2290 615 νοούμενον

699 621 798 688 τῆς
837 619 1090 691 θεότητος
1121 622 1356 693 ἀξίωμα.
1386 626 1496 678 Καὶ
1535 625 1721 678 λύεται
1762 627 1880 696 μὲν,
1922 626 2159 696 ἀδελφοὶ,
2194 628 2289 681 θα-

699 706 844 774 νάτῳ
866 703 925 756 τὸ
957 705 1142 774 σχῆμα
1169 706 1262 758 τοῦ
1291 707 1543 776 σώματος
1566 725 1578 740 ·
1608 711 1814 779 ἐγείρει
1851 711 1908 764 δὲ
1939 712 2000 764 τὸ
2031 730 2288 782 Αυομενον

697 789 729 853 ἠ
762 787 855 839 τοῦ
883 788 1218 852 ἐνοικοῦντος
1240 789 1488 860 δύναμις.
1514 793 1686 854 Αὐτὸς
1715 789 1780 863 ἦν
1811 795 1838 846 6
1865 793 2122 863 λυόμενος
2149 797 2287 848 κατά

695 881 756 921 :0
789 869 966 939 σῶμα,
994 872 1153 935 αὐτὸς
1177 873 1408 944 ἐγείρων
1431 875 1489 928 τὸ
1516 876 1773 945 λυόμενον
1794 877 1933 930 κατά
1954 878 2015 930 τὸ
2037 878 2281 946 Πνεῦμα.

697 954 936 1009 Λύσατε
957 954 1086 1023 γάρ,
1116 957 1268 1024 φησὶ,
1295 955 1402 1008 τὸν
1435 958 1584 1010 ναὸν
1607 957 1841 1022 τοῦτον,
1873 960 1970 1012 καί
1993 961 2062 1013 ἑν
2089 961 2287 1028 τρισίν

695 1035 943 1104 ἡμέραις
981 1035 1162 1104 ἐγερῶ
1191 1039 1397 1092 αὐτόν.
1441 1039 1585 1092 Ἰδοὺ
1615 1041 2017 1110 ἀναϐαίνομεν
2058 1045 2145 1108 εἰς
2194 1043 2287 1096 ἰεο

687 1120 880 1186 ροσόλ
891 1137 1023 1187 υμα.
1051 1121 1270 1191 Χριστῷ
1295 1121 1720 1187 ἀκολουθοῦντας
1746 1124 1845 1175 οὐκ
1879 1123 2024 1176 ἔστιν
2048 1125 2284 1193 οὐδαμοῦ

694 1200 992 1263 κατελθεῖν,
1032 1202 1145 1254 ἀλλ’
1194 1204 1403 1257 ἀνιέναι
1454 1205 1540 1258 διὰ
1583 1207 1803 1267 παντός.
1859 1206 2068 1269 Ἀλλως
2096 1225 2154 1260 τε
2193 1208 2286 1260 καὶ

695 1283 970 1353 αἰσθητῶς
998 1287 1029 1354 ή
1065 1284 1184 1347 ὁδὸς
1216 1285 1322 1338 ἀπὸ
1359 1286 1569 1357 Ἰεριχὼ
1602 1289 1681 1351 εἰς
1723 1290 2074 1360 Ἱεροσόλυμα
2101 1290 2285 1343 ἄνοδον

692 1367 827 1439 εἶχε,
856 1370 948 1423 καὶ
968 1388 1019 1423 νς
1034 1372 1176 1434 οτῶς
1200 1372 1260 1425 τὸ
1281 1373 1452 1437 πάθος
1473 1375 1565 1427 ἐπὶ
1585 1375 1682 1446 τὴν
1709 1376 1894 1429 ἄνοδον
1921 1377 2022 1448 τῆς
2047 1378 2280 1431 ἀναστά-

694 1469 831 1516 σεως
874 1453 1086 1524 ἔφερεν.
1155 1455 1325 1528 ’Δδάμ
1368 1458 1476 1528 γάρ
1513 1458 1605 1510 τὸν
1639 1461 1718 1523 εἰς
1764 1460 1893 1530 ᾅδου
1934 1461 2169 1516 πεσόντα
2204 1463 2284 1525 είς

691 1537 920 1607 οὐρανὸν
961 1537 1305 1602 ἀνεκαλεῖτο,
1341 1542 1434 1593 καὶ
1461 1540 1559 1611 τὴν
1599 1544 1776 1612 χαμαὶ
1807 1544 2066 1614 κειμένην
2099 1545 2283 1598 εἰκόνα

691 1622 772 1682 είς
800 1620 933 1689 ὕψος
965 1621 1257 1690 ἀνήγαγεν.
1293 1624 1721 1693 Ἀναϐαίνομεν
1758 1628 1845 1692 εις
1877 1628 2278 1696 Ἰεροσόλυμα.

693 1704 864 1756 Ὅπου
890 1703 1043 1768 Θεὸς,
1073 1707 1192 1758 ἐκεῖ
1219 1708 1420 1777 ἀρετῆς
1451 1709 1714 1772 ἀνάϐασις
1738 1726 1752 1740 ·
1783 1710 1917 1762 ὅπου
1955 1711 2142 1775 κακία,
2168 1714 2284 1765 ἐκεῖ

689 1787 1040 1857 παρανομίας
1069 1789 1392 1852 κατάϐασις.
1417 1789 1516 1842 Διά
1547 1790 1707 1843 τοῦτο
1734 1808 1800 1843 πε
1812 1793 1864 1861 pl
1895 1793 1994 1862 μὲν
2023 1793 2130 1845 τῶν
2160 1797 2280 1848 κατ’

686 1869 887 1939 ἀρετὴν
912 1870 1343 1942 πολιτευομένων
1375 1873 1541 1943 φησὶν
1566 1875 1595 1926 6
1625 1873 1805 1926 Δαυῖδ·
1833 1875 2117 1942 Μακάριοι
2139 1876 2282 1929 πάν-

685 1968 786 2016 τες
810 1955 863 2007 οἱ
896 1955 1316 2021 κατοικοῦντες
1340 1957 1409 2009 ἐν
1435 1956 1512 2022 τῷ
1541 1957 1684 2024 οἴκῳ
1716 1971 1852 2010 σου·
1875 1960 1962 2024 εἰς
1988 1959 2129 2026 τοὺς
2155 1958 2282 2012 αίῶ-

685 2051 798 2100 νας
827 2035 947 2088 τῶν
966 2037 1196 2091 αιώνων
1220 2039 1541 2093 αἰνέσουσί
1555 2054 1652 2106 σε.
1679 2039 1982 2108 Μακάριος
2007 2040 2183 2109 ἀνὴρ,
2206 2038 2278 2098 οὗ

685 2117 856 2170 ἐστιν
901 2119 1225 2189 ἀντίληψις
1274 2120 1433 2186 αὐτῷ
1470 2122 1629 2189 παρὰ
1666 2123 1816 2175 σοῦ·
1853 2125 1913 2175 αἱ
1956 2123 2278 2191 ἀναϐάσεις

687 2212 803 2253 σου
830 2199 899 2254 ἐν
923 2201 998 2269 τῇ
1027 2203 1238 2270 καρδίᾳ
1277 2206 1479 2260 αὐτοῦ.
1521 2208 1588 2258 Al
1611 2203 1937 2271 ἀναϐάσεις
1965 2220 2102 2270 σου,
2121 2224 2277 2259 τουτ-

683 2282 854 2346 έστιν,
897 2286 946 2337 οί
1001 2287 1247 2350 εὐσεϐεῖς
1294 2288 1387 2341 καὶ
1431 2289 1729 2359 ἀνηγμένοι
1780 2289 2064 2358 λογισμοὶ,
2111 2292 2157 2342 οί
2199 2292 2278 2353 εἰς

685 2364 819 2433 ὕψος
843 2367 1136 2436 ἀνάγοντες
1166 2370 1292 2432 τοὺς
1321 2370 1502 2432 καλῶς
1530 2370 1656 2441 περί⁵
1681 2369 1817 2422 Θεοῦ
1840 2371 2272 2441 διανοουμένους.

687 2450 875 2504 Ἔστιν
900 2446 993 2504 οῦν
1025 2452 1140 2516 ὁδὸς
1166 2452 1313 2523 [515]
1340 2453 1693 2524 σωφροσύνης
1718 2454 1798 2516 εἰς
1830 2453 1960 2522 ὕψος
1977 2455 2272 2520 ἀνάγουσα,

683 2531 801 2594 ὁδὸς
833 2533 1182 2604 δικαιοσύνης
1223 2537 1302 2597 εἰς
1342 2535 1475 2604 ὖψος
1521 2536 1764 2606 φέρουσα
1787 2551 1801 2566 ·
1850 2537 1944 2588 καὶ
1982 2539 2164 2604 πᾶσα,
2201 2540 2276 2602 ὼς

683 2618 876 2677 εἰπεῖν.
916 2619 1033 2681 ὁδὸς
1057 2619 1341 2680 εὐσεϐείας
1373 2620 1452 2680 εἰς
1485 2619 1544 2671 τὸ
1580 2619 1710 2687 ὐψος
1742 2621 1917 2672 ἐκεῖνο
1944 2623 2278 2690 χειραγωγεῖ

681 2696 774 2751 τὸν
818 2699 1094 2767 φιλόθεον,
1130 2702 1258 2770 περὶ
1294 2693 1353 2752 οὗ
1390 2701 1573 2769 ἔλεγον
1606 2702 1654 2752 οί
1695 2701 1806 2752 ἀπὸ
1843 2702 2030 2754 ἐθνῶν·
2066 2703 2273 2765 Δεῦτε,

681 2782 1061 2850 πορευθῶμεν
1097 2785 1184 2849 εἰς
1219 2783 1282 2835 τὸ
1323 2783 1459 2849 ὄρος
1493 2783 1600 2836 τοῦ
1631 2784 1881 2851 Κυρίου,
1916 2785 2013 2838 καί
2051 2786 2138 2850 εἰς
2171 2785 2277 2838 τὸν

680 2859 851 2916 οἷκον
877 2865 983 2918 τοῦ
1018 2866 1166 2919 Θεοῦ
1206 2863 1421 2919 Ἰακώϐ.
1462 2865 1636 2918 Ὅπου
1663 2867 1763 2936 μὲν
1789 2866 2073 2930 εὐσεϐείας
2095 2867 2273 2934 λόγος,

679 2947 798 3000 ἐκεῖ
823 2946 918 3000 καὶ
948 2947 1135 3010 ἄνοδος
1168 2960 1215 2987 ⁸·
1253 2949 1388 3001 ὅπου
1411 2947 1467 2999 δὲ
1505 2949 1675 3001 κακία
1695 2987 1710 3012 ,
1752 2949 2055 3012 κατάϐασις
2086 2950 2274 3020 ὁμολο-

679 3029 941 3100 γουμένη.
971 3031 1080 3084 Καὶ
1127 3033 1394 3102 μαρτυρεῖ
1431 3032 1596 3084 Δαυῒδ
1637 3034 1665 3085 6
1726 3035 2014 3103 προφήτης
2061 3033 2268 3102 λέγων·

690 3113 904 3166 Ῥῦσαί
928 3131 1006 3182 με
1052 3114 1170 3168 ἀπὸ
1204 3114 1322 3166 τῶν
1365 3115 1846 3167 καταϐαινόντων
1885 3117 1972 3180 είς
2001 3113 2267 3169 λάκκον·

680 3194 774 3247 καὶ
804 3194 985 3257 πάλιν,
1029 3195 1081 3247 Ὀ
1102 3194 1276 3263 ὑψῶν
1290 3213 1366 3264 με
1383 3197 1450 3249 ἐκ
1475 3196 1592 3248 τῶν
1617 3195 1827 3249 πυλῶν
1855 3197 1958 3250 τοῦ
1991 3197 2268 3269 θανάτου.

681 3275 844 3329 Ὥστε
877 3277 997 3330 οὐδὲ
1023 3278 1102 3341 :6,
1143 3279 1578 3347 Ἀναϐαίγομεν,
1617 3279 1890 3348 περιττόν.
1936 3279 2090 3333 Ἰδοὺ
2131 3280 2272 3334 ἀνα-

678 3360 981 3428 ϐαίνομεν.
1013 3361 1206 3414 Καίτοι
1231 3363 1389 3430 μόνος
1420 3362 1581 3423 αὐτὸς
1609 3363 1700 3413 ἐπὶ
1731 3361 1790 3413 τὸ
1824 3361 1994 3425 πάθος
2028 3361 2267 3432 ἔρχεται.

677 3443 777 3496 Διά
793 3444 845 3496 τί
870 3439 962 3496 οὖν
984 3443 1198 3506 κοινῶς,
1241 3445 1698 3511 Ἀναϐαίνομεν;
1730 3444 1852 3496 Ὅτι
1885 3443 1946 3496 τὸ
1973 3443 2073 3513 μὲν
2099 3444 2270 3508 πάθος

679 3525 831 3595 ἐμὸν,
881 3525 1036 3596 κοινὴ
1067 3526 1124 3578 δὲ
1167 3526 1383 3578 πάντων
1421 3525 1724 3593 ἀνθρώπων
1768 3527 1801 3594 ή
1852 3527 2120 3597 σωτηρία.
2171 3527 2268 3580 Διά

676 3607 834 3660 τοῦτο
885 3608 914 3659 6
953 3606 1096 3670 θεῖος
1139 3606 1458 3669 Ἀπόστολος
1502 3607 1598 3675 τὴν
1633 3607 1884 3671 γενναίαν
1929 3608 2141 3677 ἐκείνην
2177 3609 2269 3661 καὶ

674 3689 954 3758 θαύματος
977 3689 1181 3759 μεστὴν
1201 3688 1398 3759 ερρηξε
1432 3687 1613 3757 φωνὴν
1633 3686 1706 3748 ὡς
1747 3688 1948 3758 ἀρτίως
1972 3690 2264 3757 ἀκηκόατε·

681 3770 765 3835 Ἠῖ)
785 3770 1013 3839 Χριστῷ
1034 3772 1545 3836 συνεσταύρωμαι.
1574 3767 1665 3820 Ζῶ
1687 3768 1774 3834 δὲ,
1805 3771 2004 3824 οὐκέτι
2031 3772 2165 3840 ἐγὼ.
2196 3773 2267 3842 ζῆ

674 3852 743 3906 δὲ
768 3854 838 3906 ἐν
869 3853 999 3922 ἐμοὶ
1034 3854 1307 3922 Χριστός.
1349 3852 1558 3913 Ἄλλως
1585 3869 1643 3904 τε
1663 3891 1676 3914 ,
1717 3851 1996 3923 βουληθεὶς
2032 3857 2268 3921 ἐνδείξα-

677 3937 802 3989 σθαι
833 3937 927 3989 καὶ
961 3936 1054 3989 τὸν
1083 3935 1297 4007 καρπὸν
1325 3933 1418 3987 τοῦ
1467 3933 1726 4004 σταυροῦ,
1762 3937 2038 4005 ἐπήγαγεν
2067 3939 2266 4002 εὐθέως

674 4017 763 4072 διὰ
792 4017 898 4071 τῶν
931 4017 1151 4087 ἐφεξῆς·
1182 4017 1435 4085 Χριστὸς
1464 4013 1623 4083 ἡμᾶς
1654 4016 2027 4086 ἐξηγόρασεν
2056 4019 2125 4073 ἐκ
2156 4019 2266 4088 τῆς

673 4099 935 4168 κατάρας
955 4101 1060 4154 τοῦ
1079 4100 1287 4168 νόμου,
1312 4099 1634 4167 γενόμενος
1656 4100 1808 4168 ὑπὲρ
1827 4100 1996 4169 ἡμῶν
2016 4101 2260 4171 κατάρα·

671 4183 985 4254 γέγραπται
1024 4183 1162 4252 γάρ·
1194 4181 1652 4250 Ἐπικατάρατος
1688 4183 1809 4248 πᾶς
1835 4187 1868 4238 ὁ
1893 4185 2262 4255 κρεμάμενος

670 4266 772 4319 ἐπὶ
799 4265 1012 4331 ξύλου.

741 4347 807 4418 β’.
851 4347 1115 4402 Ἐνταῦθά
1156 4365 1246 4418 μοι
1277 4347 1510 4419 πρόσεχε
1549 4347 1792 4419 ἀκριϐῶς
1818 4347 1910 4401 τὸν
1930 4350 2074 4416 νοῦν,
2097 4352 2168 4420 μή
2202 4367 2261 4402 σε

668 4429 906 4503 διαφύγῃ
937 4433 1035 4502 τῆς
1065 4431 1325 4502 ἀληθείας
1368 4431 1429 4484 :6
1460 4431 1704 4502 θήραμα.
1752 4431 2111 4496 Ἀντιλέξουσι
2153 4433 2261 4502 γάρ

669 4514 872 4577 εὐθέως
913 4513 1174 4580 Ἰουδαῖοι,
1204 4515 1333 4585 περὶ
1357 4507 1432 4567 ῶν
1453 4531 1616 4584 φησιν
1645 4515 1672 4566 6
1700 4512 1935 4576 Παῦλος,
1971 4517 2035 4568 Ol
2058 4514 2261 4582 ἐχθροὶ

667 4600 776 4655 τοῦ
802 4599 1070 4669 σταυροῦ
1101 4600 1208 4654 τοῦ
1232 4600 1510 4669 Χριστοῦ,
1543 4595 1631 4654 ὧν
1660 4601 1725 4653 τὸ
1754 4600 1927 4666 τέλος
1955 4600 2220 4655 ἀπώλεια
2239 4641 2256 4666 ,

670 4688 762 4740 καὶ
792 4687 1008 4758 ἐροῦσιν
1027 4687 1139 4740 ἔσθ’
1161 4689 1250 4741 ὅτε
1281 4689 1418 4759 πρὸς
1440 4689 1566 4751 τοὺς
1595 4687 1907 4758 ἀκεραίους·
1935 4689 1998 4741 El
2029 4690 2257 4743 ἐπικατ-

668 4771 871 4840 άρατος
918 4772 946 4823 6
987 4771 1366 4842 κρεμάμενος,
1422 4771 1538 4833 πῶς
1567 4770 1676 4823 ἀπὸ
1717 4769 1808 4822 τοῦ
1850 4771 2256 4842 ἐπικαταράτου

667 4851 916 4919 εὐλογίαν
945 4869 1026 4906 σοι
1061 4852 1376 4923 δοθήσεσθαι
1413 4851 1750 4922 προσδοκᾷςς
1789 4852 1906 4915 πῶς
1935 4853 1990 4906 δὲ
2016 4854 2123 4906 ἀπὸ
2161 4853 2254 4906 τοῦ

666 4933 880 5003 θανάτῳ
913 4935 1278 4997 ὐποπεσόντος
1301 4935 1444 5003 ζωὴν
1466 4934 1754 5003 ἀναμένεις
1776 4951 1789 4997 ;
1813 4935 1883 4987 T6
1907 4937 2254 5007 φαινόμενον,

664 5017 740 5078 ὡς
762 5018 855 5070 καὶ
869 5017 1028 5079 αὐτός
1051 5034 1212 5088 φησιν
1234 5018 1262 5057 ιδ
1283 5020 1310 5070 6
1331 5017 1644 5080 διδάσκαλος
1665 5017 1819 5087 ήμῶν
1844 5018 2052 5083 Παῦλος
2072 5060 2084 5083 ,
2109 5020 2255 5089 ὠμο-

663 5098 880 5168 λόγησε,
902 5100 1112 5170 κατάρα
1137 5101 1271 5152 ἐστί·
1288 5100 1621 5168 Γέγραπται
1641 5099 1769 5168 γάρ·
1795 5101 2256 5169 Ἐπικατάρατος

664 5184 699 5234 ό
738 5182 1106 5250 κρεμάμενος
1149 5183 1245 5235 ἐπὶ
1276 5183 1487 5245 ξύλου.
1519 5185 1580 5236 Εἰ
1610 5186 1791 5236 τοίνυν
1825 5185 2130 5254 γέγραπται
2162 5187 2254 5238 καὶ

668 5264 1092 5335 μεμαρτύρηται
1114 5306 1128 5324 ,
1181 5266 1296 5328 πῶς
1325 5267 1434 5321 ἀπὸ
1466 5266 1564 5318 τοῦ
1599 5267 2000 5336 ἐπικαταράτου
2038 5269 2254 5337 εὐλογία

663 5349 868 5402 δίδοται
894 5352 1006 5412 τοῖς
1030 5349 1118 5401 τὸν
1156 5348 1387 5417 σταυρὸν
1428 5350 1787 5418 περιέπουσι;
1832 5350 2016 5404 Ταῦτα
2049 5354 2136 5403 ἀεὶ
2160 5353 2250 5405 καὶ

661 5432 933 5504 προτείνει
959 5432 1050 5485 καὶ
1065 5433 1212 5500 λέγει
1241 5432 1508 5495 Ἰουδαῖος,
1525 5436 1552 5485 6
1568 5434 1758 5504 ἐχθρὸς
1782 5433 1876 5486 τοῦ
1905 5434 2136 5503 σταυροῦ
2159 5436 2251 5491 τοῦ

661 5515 920 5586 Χριστοῦ.
951 5514 1158 5568 Οὐκοῦν
1184 5513 1278 5567 ἐὰν
1299 5514 1428 5584 είπῃ
1453 5515 1586 5584 πρὸς
1612 5517 1690 5579 σὲ,
1717 5518 1840 5579 Πῶς
1861 5520 1889 5570 6
1912 5518 2252 5587 ἐπικατάρα-

661 5613 755 5661 τος
792 5597 1040 5667 εὐλογίαν
1073 5597 1322 5664 δίδωσιν;
1356 5598 1475 5650 εἰπὲ
1504 5596 1671 5667 αὐτῷ,
1707 5598 1829 5662 Πῶς
1877 5602 1934 5652 ἐν
1963 5602 2030 5670 τῇ
2061 5602 2251 5672 ἐρήμῳ

727 5723 754 5786 _‘
774 5721 898 5786 Reg.
920 5723 1040 5771 ὅπου
1063 5724 1146 5786 μὲν
1164 5723 1382 5782 ἀληθείας
1402 5723 1556 5784 λόγος,
1584 5725 1682 5786 ἐκεῖ
1705 5725 1786 5772 καὶ
1804 5725 2042 5783 εὐσεϐείας
2064 5726 2246 5782 ἄνοδος.

729 5783 759 5825 δ
780 5783 879 5836 Aul
903 5783 1073 5849 φησιν,
1088 5791 1174 5838 aut
1197 5783 1480 5849 ὡμολόγησε
1503 5785 1788 5837 delendum.

2154 351 2279 408 SEV
2290 351 2520 409 ERIANI

3886 357 4020 414 502

2399 467 2449 519 οί
2465 466 2617 534 ὄφεις
2652 465 2873 519 ἔδακνόν
2909 482 3001 519 σου
3034 466 3158 528 τοὺς
3186 464 3504 534 προγόνους,
3531 463 3712 516 εἰκόνα
3733 458 3788 516 ὸε
3807 463 4020 531 ὄφεως

2395 548 2602 619 χαλκῆν
2657 549 2892 618 ποιήσας
2931 549 3170 616 Μωῦσῆς
3235 546 3636 616 ἀνεσταύρωσε,
3689 547 3783 599 καὶ
3844 541 4017 605 εἷπε,

2397 629 2527 695 Πᾶς
2549 634 2580 685 ὀ
2606 631 2850 698 δηχθείς
2883 631 3002 686 ὑπὸ
3032 631 3137 683 τοῦ
3159 630 3343 697 ὄφεως
3367 628 3705 697 προσεχέτω
3735 627 3812 693 τῷ
3837 629 4014 696 ὄφει,

2395 713 2495 766 καί
2523 713 2898 780 σωθήσεται;
2949 713 3060 766 Καὶ
3092 713 3165 776 τί,
3201 713 3353 780 φησὶ,
3396 712 3555 763 τοῦτο
3589 711 3719 780 πρὸς
3751 711 3808 763 :6
3853 728 4013 778 προ-

2396 795 2679 864 κείμενον;
2738 795 2898 848 Ἀλλά
2945 796 3040 847 καὶ
3092 795 3296 864 σφόδρα
3344 793 3690 845 οἰκειότατον.
3754 793 3825 845 Ἦ
3901 793 4015 844 οὐκ

2394 878 2634 947 ἤκουσας
2663 877 2756 930 τοῦ
2783 877 2918 930 Θεοῦ
2943 878 3210 943 λέγοντος,
3254 874 3712 940 Ἐπικατάρατος
3749 875 3836 927 σὺ
3873 873 4011 928 ἀπὸ

2394 959 2636 1013 πάντων
2659 959 2777 1013 τῶν
2801 961 3020 1027 θηρίων
3047 957 3154 1024 τῆς
3189 957 3332 1028 γῆς;
3361 957 3486 1019 Πῶς
3511 954 3604 1010 οῦν
3643 959 3674 1026 ή
3700 957 3877 1008 εἰκὼν
3907 957 4009 1008 τοῦ

2394 1045 2800 1114 ἐπικαταράτου
2824 1043 2966 1114 ζωὴν
2989 1045 3187 1114 ήνεγκε
3219 1046 3330 1106 τοῖς
3357 1041 3642 1113 ὑμετέροις
3664 1042 4005 1112 προγόνοις;

2407 1125 2799 1196 ’Λναλαμϐάνω
2834 1127 2894 1179 τὸ
2920 1127 3092 1198 ῥῆμα,
3117 1127 3204 1178 ἵνα
3244 1128 3426 1194 στήσω
3453 1125 3512 1177 τὸ
3537 1125 3732 1194 νόημα.
3760 1125 3822 1177 EE
3845 1125 4008 1179 ἄπο-

2395 1207 2487 1277 ρόν
2529 1225 2609 1263 σοι
2642 1210 2918 1279 νομίζεται
2963 1208 3055 1261 τοῦ
3087 1209 3488 1278 ἐπικαταράτου
3525 1218 3548 1246 ο
3583 1208 3831 1276 εὐλογίαν
3889 1226 4010 1278 πη-

2391 1290 2558 1357 γάσαι
2593 1292 3096 1361 (Ἐπικατάρατος
3131 1295 3241 1362 γάρ
3279 1291 3398 1356 πᾶς
3426 1293 3459 1344 ὁ
3487 1291 3856 1359 κρεμαμένος
3895 1293 4009 1345 ἐπὶ

2394 1373 2633 1441 ξύλου),
2685 1376 2805 1439 πῶς
2838 1377 2871 1446 ἡ
2909 1373 3072 1428 εἰκὼν
3102 1375 3194 1428 τοῦ
3227 1374 3400 1442 ὄφεως
3428 1372 3523 1426 τοῦ
3552 1374 4003 1444 ἐπικαταράτοιυ,

2389 1453 2449 1517 ὃς
2481 1455 2734 1525 ήκουσεν,
2768 1458 3224 1526 Ἐπικατάρατος
3237 1457 3316 1511 σὺ
3335 1455 3452 1511 ἀπὸ
3480 1455 3717 1510 πάντων
3732 1455 3857 1509 τῶν
3885 1463 4007 1524 θη·

2382 1537 2554 1604 ρίων,
2583 1540 2784 1609 ήνεγκε
2809 1540 2887 1610 τῷ
2909 1540 3023 1611 λαῷ
3053 1544 3112 1594 ὲν
3136 1541 3392 1610 συμφορᾷ
3415 1540 3651 1609 κειμένῳ
3675 1539 3773 1608 τὴν
3796 1556 4006 1609 σωτη-

2391 1619 2544 1690 ρίαν;
2573 1617 2718 1691 Ἀρα
2752 1624 2853 1676 οὐκ
2885 1619 2952 1693 ἦν
2998 1622 3441 1692 ἀξιοπιστότερον
3492 1624 3682 1684 εἰπεῖν,
3730 1621 3866 1676 Ἐάν
3906 1639 4004 1685 τις

2390 1705 2545 1775 ὐμῶν
2572 1707 2768 1778 δηχθῇ,
2812 1709 3088 1781 ἀναϐλέψῃ
3116 1710 3196 1770 εἰς
3223 1708 3315 1761 τὸν
3359 1708 3587 1779 οὐρανὸν
3610 1709 3715 1763 ἀνω
3745 1709 3839 1761 ἐπὶ
3898 1709 4004 1760 τὸν

2389 1787 2540 1852 Θεὸν,
2566 1791 2658 1843 καὶ
2687 1790 3026 1862 σωθήσεται;
3058 1792 3144 1844 ἶνα
3165 1792 3220 1845 δὲ
3249 1792 3341 1844 καὶ
3369 1792 3428 1844 τὸ
3458 1793 3737 1863 προσέχειν
3760 1790 4003 1861 οὐρανῷ

2387 1873 2770 1946 παραλιεῌπῃ,
2798 1873 2944 1948 [514]
2967 1876 3065 1928 οὐκ
3082 1875 3310 1945 ήδύνατο
3329 1877 3522 1938 είπεῖν,
3543 1876 3663 1928 Ἐάν
3684 1875 4000 1945 τιςδηχθῇ,

2387 1953 2669 2028 ἀποϐλέψῃ
2695 1959 2775 2020 εἰς
2799 1957 2898 2028 τὴν
2923 1957 3143 2027 λυχνίαν
3165 1958 3258 2011 τοῦ
3284 1958 3481 2028 φωτὸς,
3519 1960 3608 2011 καὶ
3640 1957 3999 2028 σωθήσεταις

2386 2036 2722 2110 ἢάποϐλέψῃ
2780 2041 2859 2102 εἰς
2909 2040 3008 2110 τὴν
3034 2041 3314 2111 τράπεζαν
3360 2040 3460 2109 τῆς
3512 2041 3814 2109 προθέσεως
3871 2041 3999 2093 τῶν

2388 2119 2557 2185 ἁγίων
2605 2120 2808 2189 ἀρτων,
2831 2123 2927 2174 καὶ
2959 2121 3292 2192 σωθήσεται;
3318 2121 3350 2191 ἦ
3385 2124 3464 2185 εἰς
3485 2123 3544 2174 τὸ
3569 2122 3997 2191 θυσιαστήριον,

2386 2201 2418 2270 ἢ
2451 2204 2530 2264 εἰς
2555 2202 2616 2254 :6
2648 2204 3071 2274 καταπέτασμα,
3120 2204 3151 2274 ἢ
3185 2205 3261 2267 εἰς
3295 2204 3393 2274 τὴν
3419 2204 3665 2266 κιϐωτὸν,
3697 2205 3727 2273 ἢ
3761 2205 3843 2265 εἰς
3883 2204 3998 2274 τὴν

2386 2284 2570 2337 είκόνα
2601 2284 2709 2337 τῶν
2743 2285 3042 2356 Χερουϐὶμ,
3071 2284 3103 2354 ἦ
3136 2287 3214 2348 εἰς
3248 2285 3305 2337 τὸ
3343 2285 3684 2353 ἱλαστήριον;
3727 2285 4000 2339 Ἀλλ“οὐ-

2385 2363 2471 2417 δὲν
2494 2366 2698 2418 τούτων
2722 2369 3018 2437 εἰσήγαγεν
3047 2369 3076 2422 6
3107 2366 3400 2438 νομοθέτης
3435 2371 3463 2420 6
3496 2370 3685 2436 μέγας·
3708 2368 3844 2420 ἀλλά
3889 2371 3980 2438 μό

2384 2463 2483 2516 νην
2528 2448 2697 2519 ἔπηξε
2725 2449 2820 2502 τοῦ
2875 2449 3108 2522 σταυροῦ
3138 2451 3237 2518 τὴν
3277 2450 3480 2512 εἰκόνα,
3516 2453 3609 2504 καὶ
3642 2450 3846 2520 ταύτην
3896 2452 3997 2504 διὰ

2391 2529 2476 2582 τοῦ
2507 2531 2908 2604 ἐπικαταράτου
2929 2533 3123 2601 ὄφεως.
3149 2533 3247 2585 Διά
3278 2533 3330 2585 τί
3359 2529 3472 2599 οῦν,
3493 2527 3538 2586 ὦ
3573 2534 3810 2597 Ἰουδαῖε,
3843 2534 3995 2587 ταῦ-

2381 2628 2450 2664 τα
2478 2617 2620 2666 ποιεῖ
2639 2616 2876 2685 Μωῦσῆς
2895 2633 2909 2682 ;
2931 2615 3019 2667 διά
3047 2615 3099 2666 τί
3130 2615 3354 2684 χωνεύει
3382 2616 3502 2683 ὄφιν
3525 2618 3551 2668 6
3572 2617 3740 2684 λέγων
3760 2617 3852 2668 διά
3884 2617 3995 2669 τοῦ

2383 2694 2570 2763 νόμου,
2607 2697 2686 2749 Οὐ
2748 2697 3025 2762 ποιήσεις
3079 2698 3371 2766 γλυπτὸν,
3431 2699 3573 2751 οὐδὲ
3622 2703 3994 2767 χωνευτίνς

2396 2776 2557 2830 Ἀλλά
2581 2777 2633 2829 τί
2654 2778 2826 2831 ταῦτα
2848 2780 2984 2849 πρὸς
3013 2779 3100 2830 τὸν
3127 2779 3419 2850 ἀγνώμονα
3451 2780 3751 2851 φθέγγομαι
3771 2799 3783 2845 ;
3801 2783 3994 2834 Αὐτὸν

2382 2857 2571 2929 ἐρωτῶ
2600 2859 2691 2913 τὸν
2713 2861 3027 2930 νομοθέτην·
3060 2862 3194 2914 Εἰπέ
3218 2880 3330 2929 μοι,
3351 2856 3395 2914 ῶ
3420 2863 3703 2915 πιστότατε
3721 2863 3813 2915 τοῦ
3834 2864 3991 2916 Θεοῦ

2381 2942 2656 3014 θεράπων,
2689 2945 2716 2998 ὃ
2743 2946 3124 3017 ἀπαγορεύεις,
3175 2950 3381 3012 ποιεῖς;
3421 2948 3447 2999 ὃ
3487 2949 3831 3019 ἀνατρέπεις,
3867 2967 3991 3000 πα-

2381 3026 2772 3096 ρασκευάζεις;
2806 3031 2833 3081 ὁ
2855 3029 3047 3096 λέγων,
3077 3030 3157 3082 Οὐ
3191 3030 3464 3096 ποιήσεις
3511 3031 3799 3099 τλυπτόν,
3827 3032 3992 3084 οὐδὲ

2382 3112 2702 3176 χωνευτὸν,
2759 3113 2824 3163 σὺ
2882 3112 3138 3180 χωνεύεις
3185 3113 3275 3164 καὶ
3329 3112 3550 3182 γλύφεις
3612 3115 3769 3180 ὄφιν;
3832 3115 3990 3166 Ἀλλ’

2380 3191 2560 3244 ἐκεῖνα
2591 3193 2690 3262 μὲν
2722 3193 3107 3264 ἐνομοθετησα,
3145 3195 3325 3264 φησὶν,
3357 3195 3444 3247 ἵνα
3468 3196 3563 3258 τάς
3600 3195 3728 3259 ῦλας
3753 3198 3993 3265 ἐκκόψω

2379 3272 2478 3341 τῆς
2523 3275 2798 3338 ἀσεϐείας,
2845 3277 2938 3329 καὶ
2968 3276 3058 3329 τὸν
3089 3277 3214 3329 λαὸν
3252 3277 3438 3329 τοῦτον
3474 3279 3744 3345 ἀπαγάγω
3788 3279 3991 3349 πάσης

2378 3355 2839 3428 είδωλολατρείας·
2868 3359 2985 3411 νυνὶ
3015 3359 3071 3410 δὲ
3108 3359 3330 3426 χωνεύω
3356 3359 3448 3410 τὸν
3468 3361 3614 3426 ὄφιν,
3645 3361 3729 3412 ἴνα
3761 3376 3988 3432 προτέ-

2377 3436 2546 3491 πώσω
2591 3438 2687 3509 τὴν
2729 3440 2913 3492 εἰκόνα
2940 3443 3036 3509 τῆς
3065 3440 3160 3491 τοῦ
3205 3439 3440 3510 σταυροῦ
3473 3442 3804 3512 οἰκονομίας·
3836 3460 3990 3514 πρ--

2375 3521 2719 3590 ομαλίζωτὸν
2751 3523 2948 3593 δρόμον
2975 3525 3087 3584 τοῖς
3122 3524 3458 3586 ἀποστόλοις·
3498 3526 3872 3594 προγυμνάζω
3917 3530 3989 3579 το

2379 3603 2520 3672 μέγα
2539 3605 2633 3656 καὶ
2663 3605 2812 3670 ξένον
2853 3607 3028 3658 ἐκεῖνο
3053 3605 3111 3657 τὸ
3135 3605 3229 3657 τοῦ
3270 3605 3505 3676 σταυροῦ
3537 3606 3822 3677 σύμϐολον.
3846 3610 3988 3662 Ὀτι

2373 3683 2430 3736 δὲ
2456 3685 2517 3737 οὐ
2538 3684 2894 3756 βεϐιασμένος
2936 3688 2964 3738 6
2990 3687 3168 3754 λόγος,
3205 3688 3369 3740 ἄκουε
3400 3687 3492 3740 τοῦ
3522 3689 3730 3758 Κυρίου
3769 3691 3867 3759 τὴν
3900 3695 3988 3744 εί·

2373 3767 2508 3821 κόνα
2550 3768 2645 3839 τὴν
2675 3770 2910 3839 ἀρχαίαν
2942 3772 3158 3840 ἐκείνην
3193 3770 3557 3839 βεϐαιοῦντος,
3588 3773 3682 3826 καὶ
3733 3774 3811 3836 είς
3839 3775 3984 3827 ἐαυ-

2373 3850 2463 3902 τὸν
2517 3851 3010 3921 ἀναλαμϐάνοντος.
3072 3852 3370 3922 Νικοδήμῳ
3419 3855 3525 3924 γάρ
3545 3871 3653 3907 τινι
3701 3856 3985 3909 Ἰουδαίων

2371 3932 2594 4006 ἄρχοντι
2642 3936 3044 4006 διαλεγόμενος,
3072 3936 3146 3999 ὼς
3201 3936 3510 4006 διδασκάλῳ
3556 3938 3648 3990 τοῦ
3702 3938 3828 3990 λιοῦ
3875 3942 3984 3991 καὶ

2374 4016 2612 4068 συνιέναι
2651 4016 2933 4087 δυναμένῳ
2950 4019 3048 4088 τῆς
3065 4020 3378 4088 οἰκονομίας
3411 4020 3509 4090 τὴν
3536 4019 3788 4089 θεωρίαν,
3808 4022 3977 4088 φησί·

2369 4097 2480 4151 Καὶ
2505 4098 2697 4165 καθὼς
2727 4100 2989 4168 Μωϋσῆς
3026 4101 3236 4168 ὕψωσε
3263 4101 3368 4152 τὸν
3400 4101 3538 4166 ὅφιν
3561 4102 3630 4152 ἐν
3655 4100 3727 4168 τῇ
3749 4101 3978 4170 ἐρήμῳ,

2370 4181 2523 4234 οὕτω
2560 4181 2650 4234 δεῖ
2683 4182 2996 4250 ὑψωθῆναι
3031 4185 3134 4234 τὸν
3179 4181 3316 4234 Υίὸιν·
3348 4183 3456 4235 τοῦ
3484 4183 3821 4249 ἀνθρώπου.
3866 4187 3980 4239 ἵνα

2368 4260 2489 4328 πᾶς
2521 4265 2554 4316 ό
2583 4265 2884 4317 πιστεύων
2905 4268 2992 4329 είς
3017 4264 3298 4331 αὺτὸνμὴ
3333 4265 3650 4330 ἀπόληται,
3690 4268 3827 4320 ἀλλ’
3846 4267 3978 4337 ἔχῃ

2369 4343 2521 4411 ζωὴν
2539 4344 2797 4399 αἰώνιον.
2822 4346 2956 4398 Εἰπὲ
2977 4343 3090 4408 οῦν,
3113 4340 3157 4397 ὦ
3179 4345 3468 4416 ἀναίσθητε
3500 4348 3738 4410 Ἰουδαῖε,
3763 4349 3820 4400 οὐ
3841 4351 3980 4419 χαλ-

2370 4427 2463 4489 κὸς
2485 4428 2658 4480 ἐκεῖνο
2683 4423 2784 4498 ἧνς
2809 4428 2998 4498 Νεκρὰ
3017 4428 3115 4498 ῦλη
3141 4429 3360 4499 νικῆσαι
3383 4429 3610 4483 θάνατον
3632 4432 3896 4500 ἰσχύουσα
3919 4431 3973 4498 δ,

2367 4508 2535 4561 τύπον
2555 4508 2751 4579 ἔχουσα
2773 4509 3028 4580 σταυροῦ·
3055 4512 3144 4562 καὶ
3165 4511 3301 4582 αὐτὴ
3319 4514 3350 4582 ἡ
3368 4512 3594 4584 ἀλήθεια
3609 4513 3703 4566 τοῦ
3729 4518 3976 4586 σταυφῦ

2366 4591 2427 4643 οὐ
2461 4591 2805 4658 πιστεύεταις
2845 4594 2940 4646 καὶ
2973 4592 3144 4645 ταῦτα
3181 4595 3316 4662 μετά
3361 4596 3460 4665 τὴν
3492 4597 3829 4666 ἐπιστροφὴν
3864 4599 3976 4668 τῆς

2366 4673 2853 4745 οἰκουμένης,μετά
2870 4675 2965 4745 τὴν
2981 4674 3270 4744 λάμψασαν
3287 4678 3343 4728 ἐν
3371 4678 3533 4729 παντὶ
3556 4678 3633 4746 τῷ
3653 4679 3842 4750 κόσμῳ
3864 4682 3976 4750 τῆς

2365 4755 2647 4818 εὐσεϐείας
2662 4757 3014 4820 κατάστασιν,
3035 4759 3171 4827 μετά
3184 4758 3280 4828 τὴν
3295 4759 3476 4811 πίστιν
3490 4759 3597 4811 τῶν
3615 4760 3805 4825 ἐθνῶν,
3824 4766 3975 4831 μετά

2363 4833 2460 4904 τήν
2478 4835 2692 4905 έγερσιν
2713 4836 2818 4889 τῶν
2836 4836 3191 4906 Ἐκκλησιῶν,
3211 4836 3347 4904 μετά
3361 4835 3609 4890 τοσοῦτον
3625 4841 3970 4909 ἀγωνισμὸν,

2367 4913 2503 4978 μετὰ
2519 4914 2784 4985 τοσαύτην
2813 4916 2952 4985 ἀσκη
2963 4932 3065 4977 σιν,
3105 4915 3241 4983 μετά
3263 4916 3527 4986 τοσαύτην
3549 4917 3845 4986 ἀπελικῆς
3875 4936 3975 4972 πο-

2364 4991 2562 5056 λιτείας
2582 4995 2844 5057 ὲπίδοσινς
2885 4995 3044 5046 Ἀλλά
3065 4994 3171 5064 γὰρ
3193 4994 3564 5048 ἀποδέδεικται
3584 4997 3788 5065 σαφῶς,
3811 4999 3973 5062 ὅπως

2363 5073 2786 5125 ἀποκέκλεισται
2819 5075 2933 5135 τοῖς
2963 5074 3176 5142 ἐχθροῖς
3205 5071 3298 5125 τοῦ
3321 5074 3556 5144 σταυροῦ
3582 5074 3642 5127 τὸ
3674 5075 3970 5140 ὀνειδίζειν

2363 5151 2494 5219 ήμῖν
2525 5151 2584 5203 τὸ
2608 5151 2900 5221 σχῆματώ
2926 5153 3355 5217 ἐπικαταράτου.
3388 5153 3498 5206 Καὶ
3528 5154 3665 5224 πρὸς
3689 5155 3787 5222 μὲν
3819 5156 3971 5207 ἐκείο

2362 5246 2486 5292 νους
2505 5228 2696 5282 ταῦτα·
2761 5232 2922 5300 ήμεῖς
2952 5230 3008 5282 δὲ
3039 5233 3086 5283 οἱ
3117 5231 3297 5285 πιστοὶ
3346 5235 3476 5302 παρ’
3511 5234 3722 5294 ἑαυτοῖς
3763 5233 3968 5297 ἐξετά-

2365 5324 2566 5377 σωμεν,
2586 5309 2678 5360 καὶ
2699 5308 3079 5379 βασανίσωμεν
3100 5309 3208 5361 τῶν
3235 5311 3494 5380 ῥημάτων
3517 5311 3614 5382 τὴν
3638 5311 3964 5382 ἀκρίϐειαν,

2362 5386 2426 5438 Τί
2459 5386 2656 5454 δήποτε
2683 5386 2710 5436 6
2730 5385 2931 5454 Κύριος
2960 5387 3056 5456 τὴν
3081 5388 3263 5440 εἰκόνα
3282 5387 3381 5456 τῆς
3397 5388 3709 5457 οἰκονομίας
3733 5390 3966 5461 ἐκείνης

2361 5466 2421 5517 οὐ
2450 5464 2514 5516 δι’
2563 5463 2748 5532 ἑτέρου
2798 5463 2960 5526 τινὸς,
2995 5463 3129 5517 ἀλλά
3177 5465 3246 5518 δι’
3298 5465 3474 5533 ὄφεως
3507 5466 3773 5532 Eminus;
3808 5468 3964 5537 Πρὸς

2365 5546 2464 5616 μὲν
2494 5546 2602 5616 γάρ
2625 5547 2749 5608 τοὺς
2805 5546 3025 5614 ἀγῶνας
3053 5548 3160 5600 τῶν
3200 5547 3456 5600 ἐναντίων
3497 5547 3679 5601 ἱκανὸν
3714 5549 3775 5601 τὸ
3818 5550 3960 5604 ὐπόο

2427 5661 2448 5689 ε
2498 5659 2784 5723 Legendum
2826 5667 2964 5723 putat
3012 5662 3194 5710 Fronto
3233 5674 3344 5710 cum
3378 5659 3568 5723 ,Savllio
3590 5662 3686 5711 ἀπὸ
3715 5662 3804 5714 τοῦ
3845 5666 3959 5717 ἐει-

2360 5721 2589 5786 xa:_._Sed
2617 5722 2780 5786 ἰεοιίο,
2808 5721 2862 5773 αι
2885 5731 2983 5785 εει,
3005 5724 3120 5772 ferri
3144 5736 3289 5786 posse
3314 5722 3522 5771 videtur.

2426 5781 2453 5820 ιι
2474 5781 2585 5834 Sav.
2610 5783 2801 5846 ἰσχνσε.
