4104 6322
1384 378 1471 433 ῐ)Ε
1509 376 1867 433 SERPENTE
1908 377 2207 434 llUMlLlA.
3341 387 3453 445 502

1864 496 2117 565 respiciat,
2150 504 2197 549 et
2229 494 2396 549 salvus
2425 497 2518 548 erit
2552 494 2572 566 (
2597 493 2758 548 Num.
2786 493 2877 549 21.
2907 492 3014 564 8)?
3038 493 3142 549 Sed
3172 494 3282 560 ait,
3313 493 3438 563 quid

1864 588 1965 641 hoc
2003 589 2067 642 ad
2098 588 2251 645 rem?
2293 587 2431 643 Sane
2459 587 2680 641 multum
2711 586 2777 640 ad
2807 601 2918 640 rem
2950 585 3196 657 pertinet.
3246 576 3436 639 Annon

1861 678 2050 732 audisti
2093 678 2256 733 Deum
2296 677 2557 731 dicentem
2583 718 2598 740 ,
2644 676 2945 729 Maledictus
2985 688 3037 729 tu
3077 692 3181 744 pra:
3210 676 3436 729 omnibus

151 389 290 443 501

150 506 297 551 erat
317 498 401 567 qui
425 513 645 567 corpore
667 498 990 561 sumebatur,
1009 506 1062 550 et
1083 496 1167 566 qui
1191 494 1478 550 secundum
1501 495 1755 564 Spiritum

151 589 322 656 quod
348 590 574 643 solutum
601 599 708 643 eral
732 588 1015 643 excitabat.
1039 587 1166 641 Nam
1188 588 1279 649 ait,
1306 586 1496 641 Solvite
1520 588 1757 656 templum

153 681 298 745 hoc,
323 692 367 734 et
389 683 438 733 in
460 680 615 734 tribus
638 680 806 733 diebus
822 680 1045 733 excitabo
1061 679 1189 732 illud
1210 678 1382 748 (Joan.
1405 678 1459 731 2.
1486 678 1597 749 19).
1625 676 1757 731 Ecce

150 772 491 831 ascendimus
530 771 912 841 Jerosolymam.
962 771 1232 823 Christum
1273 770 1602 838 sequentiqu
1649 785 1753 823 non

150 870 251 914 est
309 878 553 931 umquam
602 863 966 925 descendere,
1006 862 1097 916 sed
1142 861 1429 915 ascendere
1475 870 1751 931 perpetuo.

153 952 424 1022 Alioquin
470 972 592 1007 vero
637 955 715 1007 via
761 954 1067 1009 Jerichnnte
1109 953 1496 1023 Jerosolymam
1541 953 1753 1008 acclivis

148 1052 291 1095 erat
318 1084 330 1105 ,
363 1044 519 1096 modo
559 1044 790 1098 sensibili
822 1043 1087 1113 loquendo
1112 1085 1125 1107 ,
1156 1051 1210 1096 et
1240 1043 1563 1113 intelligendi
1596 1044 1753 1098 modo

152 1133 355 1198 passio
384 1134 448 1187 ad
480 1150 752 1188 ascensum
780 1134 1181 1188 resurrectionis
1210 1133 1452 1187 ducebat.
1490 1132 1749 1186 Adamum

148 1224 318 1276 enim
352 1225 401 1277 in
446 1225 704 1279 infernum
737 1224 1006 1292 delapsum
1050 1225 1100 1277 in
1131 1224 1317 1277 caelum
1350 1223 1667 1287 revocabat,
1699 1231 1751 1276 et

152 1316 321 1368 humi
344 1317 606 1384 jaeeutem
635 1316 913 1385 imaginem
946 1317 995 1369 in
1017 1316 1241 1369 sublime
1262 1313 1531 1369 efferabat.
1567 1316 1752 1367 Ascen-

148 1406 268 1456 dim
279 1423 339 1459 us
360 1406 745 1476 Jerosolymam.
772 1407 873 1463 Ubi
899 1408 1055 1470 Deus,
1078 1407 1146 1461 ibi
1169 1417 1221 1461 et
1242 1407 1448 1461 virtutis
1468 1421 1743 1471 ascensus;

150 1495 251 1548 ubi
290 1496 487 1549 malitia
514 1538 529 1561 ,
559 1497 627 1550 ibi
659 1497 949 1566 iniquitatis
976 1497 1282 1551 descensus.
1333 1496 1456 1551 ldeo
1483 1497 1645 1550 David
1681 1497 1747 1551 de

149 1585 223 1638 iis
254 1587 348 1655 qui
378 1586 666 1640 secundum
688 1588 933 1641 virtutem
957 1592 1139 1641 vivunt
1164 1588 1237 1640 ait
1267 1606 1280 1640 :
1312 1605 1328 1637 ι
1363 1587 1509 1640 Beati
1538 1601 1743 1651 omnes,

148 1676 248 1743 qui
286 1676 527 1731 habitant
554 1677 604 1730 in
630 1677 787 1731 domo
818 1688 900 1730 tua
937 1695 949 1730 :
985 1679 1035 1730 in
1067 1677 1259 1731 saecula
1284 1677 1596 1730 saeculorum
1630 1676 1746 1729 lau-

146 1766 371 1820 dabunt
416 1778 483 1820 te.
538 1768 727 1822 Beatus
773 1769 855 1823 vir
899 1768 1048 1836 cujus
1088 1776 1171 1822 est
1212 1768 1465 1821 auxilium
1507 1767 1602 1822 abs
1648 1776 1741 1823 te:

146 1858 509 1912 ascensiones
558 1867 659 1911 tua:
706 1859 757 1912 in
807 1858 969 1913 corde
1013 1858 1127 1927 ejus
1166 1877 1184 1910 ι
1223 1856 1393 1929 (Psal.
1436 1858 1524 1913 85.
1571 1858 1623 1913 5.
1660 1858 1738 1927 6).

146 1948 497 2004 Ascensiones
540 1960 657 2015 tuae,
683 1951 781 2005 hoc
824 1951 1046 2019 e5t,pi:e
1090 1950 1195 2004 illae
1234 1959 1289 2004 et
1322 1950 1375 2004 in
1418 1950 1579 2004 altum
1620 1964 1744 2004 eve-

147 2051 259 2095 cta:
297 2043 724 2097 ratiocinationes
749 2083 762 2104 ,
794 2058 913 2111 quae
945 2043 997 2095 in
1036 2041 1261 2096 sublime
1287 2049 1450 2112 agunt
1478 2056 1571 2095 eos
1593 2082 1607 2103 ,
1653 2041 1742 2111 qui

149 2144 312 2188 recte
340 2134 408 2189 de
447 2134 559 2189 Deo
585 2134 835 2204 cogitant.
885 2134 980 2188 Est
1020 2148 1145 2203 ergo
1184 2134 1547 2202 temperantia:
1577 2132 1656 2186 via
1690 2133 1741 2186 in

144 2225 389 2279 sublime
416 2227 641 2295 erigens,
676 2227 755 2280 via
778 2226 995 2294 justitiae
1019 2226 1069 2278 in
1091 2226 1253 2279 altum
1279 2225 1477 2279 ducens
1503 2243 1513 2276 :
1539 2225 1741 2278 omnis-

147 2330 283 2381 que,
319 2326 375 2369 ut
404 2317 468 2369 ita
496 2317 697 2379 dicam,
732 2317 941 2385 pietatis
970 2316 1052 2369 via
1083 2315 1171 2369 Dei
1199 2325 1464 2370 amantem
1493 2316 1544 2369 in
1574 2316 1738 2369 altum

146 2405 395 2469 adducit,
425 2406 490 2459 de
517 2422 620 2475 quo
647 2407 891 2460 dicebant
918 2406 1138 2475 gentiles
1172 2425 1184 2460 :
1222 2405 1415 2473 Venite,
1446 2408 1737 2475 proﬁcisca-

148 2514 269 2549 mur
317 2500 384 2551 ad
430 2510 645 2552 montem
695 2500 935 2564 Domini,
987 2510 1032 2552 et
1079 2500 1146 2551 ad
1192 2500 1395 2552 domum
1442 2499 1537 2553 Dei
1577 2498 1737 2553 Iacob

150 2587 345 2657 (.ilicli.
371 2589 424 2643 4.
453 2588 529 2659 2).
563 2589 653 2643 Ubi
685 2590 891 2657 pietatis
914 2589 1172 2653 doctrina,
1202 2588 1271 2643 ibi
1299 2604 1552 2644 ascensus
1578 2600 1659 2643 est
1682 2590 1733 2641 ιε

149 2681 241 2735 ubi
277 2696 405 2734 vero
434 2681 629 2734 malitia
655 2721 669 2746 ,
702 2682 769 2735 ibi
802 2682 958 2753 plane
982 2681 1290 2739 descensus.
1338 2680 1391 2738 ld
1423 2681 1735 2739 testiﬁcatur

148 2769 334 2826 David
368 2770 622 2842 propheta
647 2771 866 2828 dicens:
894 2773 1074 2827 Libera
1099 2789 1177 2827 me
1200 2790 1231 2826 a
1257 2773 1661 2827 descendentibus
1682 2774 1735 2827 in

149 2865 325 2916 lacum
352 2864 521 2932 (Psal.
539 2863 627 2919 29.
654 2864 733 2933 4);
758 2875 810 2919 et
832 2880 1031 2931 rursus,
1058 2864 1157 2929 Qui
1177 2864 1367 2918 exultas
1390 2881 1466 2917 me
1492 2866 1553 2918 de
1578 2866 1735 2934 portis

149 2956 331 3006 mortis
356 2954 520 3023 (Psnt.
551 2956 602 3009 9.
626 2954 737 3022 15).
764 2956 939 3022 Itaque
962 2955 1109 3020 illud,
1132 2955 1476 3019 Ascendimus,
1498 2969 1600 3009 non
1621 2955 1732 3008 fru-

150 3052 261 3095 stra
282 3044 480 3096 dictum
505 3054 603 3097 est.
620 3044 751 3098 Ecce
765 3045 1097 3098 ascendimus.
1121 3046 1275 3114 Atqui
1298 3045 1442 3099 solus
1458 3045 1523 3099 ad
1544 3046 1736 3114 passio-

150 3149 277 3189 nem
308 3136 468 3188 venit.
493 3136 597 3189 Cur
614 3152 738 3205 ergo
762 3137 811 3189 in
830 3136 1094 3189 communi
1114 3138 1205 3200 ait,
1225 3137 1580 3190 Ascendimus?
1601 3138 1731 3205 Quia

153 3228 333 3295 passio
352 3226 561 3295 quidem
580 3243 715 3286 mea.
738 3228 880 3281 salus
896 3243 1021 3281 vero
1044 3230 1278 3282 omnium
1300 3228 1569 3283 hominum
1591 3245 1731 3285 com-

151 3319 330 3371 munis
362 3327 461 3371 est.
492 3318 612 3372 ldeo
641 3318 847 3372 divinus
870 3320 1138 3387 apostolus
1166 3320 1217 3372 in
1247 3334 1555 3389 generosam
1584 3322 1726 3375 illam

150 3417 203 3461 et
230 3409 473 3462 miraculi
506 3410 712 3477 plenam
743 3410 914 3478 erupit
948 3424 1130 3463 vocem
1155 3450 1170 3474 ,
1199 3420 1255 3462 ut
1282 3410 1439 3463 modo
1471 3410 1689 3465 audistis
1713 3427 1728 3467 :

151 3500 279 3551 Cum
303 3500 499 3553 Christo
526 3502 795 3567 cruciﬁxus
821 3517 947 3553 sum.
982 3500 1103 3553 Vivo
1123 3510 1316 3563 autem,
1348 3503 1453 3566 iam
1481 3519 1581 3555 non
1608 3519 1726 3572 ego,

147 3590 265 3641 vivit
288 3606 402 3643 vero
423 3592 474 3643 in
496 3607 572 3644 me
593 3590 816 3644 Christus
841 3590 978 3660 (Cal.
1002 3592 1055 3643 Ξ.
1084 3591 1165 3645 19.
1190 3590 1300 3663 20).
1322 3593 1589 3662 Alioquin,
1609 3608 1727 3646 cum

152 3678 313 3731 vellet
345 3679 568 3733 fructum
595 3681 766 3733 crucis
796 3680 1095 3743 ostendere,
1125 3681 1348 3749 subjecit
1374 3682 1549 3735 statim
1577 3683 1627 3735 in
1652 3698 1730 3737 se-

148 3767 433 3835 quentibus
455 3785 467 3821 :
487 3767 713 3820 Christus
734 3785 824 3820 nos
854 3770 1056 3821 redemit
1078 3786 1107 3820 a
1126 3770 1385 3822 maledicto
1407 3769 1546 3839 legis,
1566 3775 1729 3840 [actus

151 3874 241 3923 pro
272 3858 413 3913 nobis
441 3860 755 3912 maledictum
785 3857 923 3929 (Cal.
954 3861 1005 3915 5.
1040 3861 1129 3929 15)
1164 3877 1176 3913 :
1206 3862 1445 3929 scriptum
1467 3872 1536 3913 est
1562 3864 1689 3914 enim
1710 3904 1725 3928 ,

154 3950 455 4005 Maledictus
483 3954 644 4005 omnis
674 3954 756 4022 qui
790 3952 1045 4021 pendet'in
1068 3952 1203 4021 ligno
1234 3952 1410 4019 (Deut.
1439 3954 1522 4006 2i.
1558 3954 1670 4021 25).

220 4042 275 4094 2.
322 4042 419 4096 llic
444 4042 571 4095 mihi
602 4042 879 4111 diligenter
904 4040 1264 4095 animadverte
1290 4082 1302 4103 ,
1334 4058 1399 4094 ne
1425 4042 1519 4095 abs
1552 4050 1602 4095 te
1632 4058 1724 4095 ve-

152 4132 323 4188 ritatis
366 4134 634 4203 perceptio
664 4132 922 4187 elabatur.
969 4132 1341 4187 Contradicent
1375 4134 1515 4185 enim
1547 4134 1723 4186 statim

151 4222 319 4278 Judaei
344 4265 359 4290 ,
393 4225 458 4278 de
484 4224 674 4293 quibus
699 4225 771 4276 ait
801 4224 991 4277 Paulus
1016 4264 1030 4287 ,
1083 4221 1281 4275 Inimici
1312 4224 1474 4277 crucis
1499 4221 1683 4277 Christi
1708 4264 1721 4289 ,

150 4332 363 4383 quorum
393 4317 509 4385 linis
536 4316 763 4368 interitus
790 4313 1065 4384 (Philipp.
1096 4315 1147 4368 5.
1184 4314 1265 4367 18.
1302 4314 1366 4369 19
1388 4314 1432 4385 ),
1463 4323 1516 4369 et
1545 4316 1722 4368 statim

153 4408 477 4476 simplicibus
501 4406 747 4476 objicient
774 4423 786 4459 :
812 4407 865 4461 Si
894 4406 1205 4461 maledictus
1231 4408 1318 4477 qui
1347 4407 1560 4477 pendet,
1589 4424 1723 4477 quo-

153 4501 309 4554 modo
337 4515 366 4553 a
401 4500 679 4554 maledicto
724 4500 814 4552 tibi
861 4498 1280 4553 benedictionem
1329 4499 1587 4569 impertiri
1631 4516 1725 4555 ex-

153 4590 399 4657 spectas?
418 4589 680 4659 quomodo
702 4589 766 4643 ab
783 4605 867 4653 eo,
889 4588 979 4657 qui
1006 4591 1057 4643 in
1085 4601 1305 4645 mortem
1328 4591 1536 4654 cecidit,
1561 4592 1722 4645 vitam

152 4684 377 4747 speras?
428 4682 480 4735 ld
510 4682 649 4752 quod
676 4689 912 4750 apparet,
947 4690 1005 4734 ut
1031 4682 1142 4750 ipse
1168 4683 1353 4736 doctor
1378 4694 1559 4737 noster
1589 4684 1724 4737 Pau-

154 4771 233 4827 lus
274 4773 555 4827 eonlitetur
574 4814 588 4835 ,
636 4774 971 4826 maledictum
1008 4780 1090 4827 est
1119 4790 1131 4825 :
1161 4772 1419 4841 Scriptum
1449 4783 1520 4827 est
1549 4778 1718 4841 enim,

156 4862 450 4917 Maledictus
476 4865 635 4916 omnis
662 4864 743 4932 qui
770 4862 946 4931 pendet
971 4862 1021 4913 in
1044 4863 1178 4931 ligno
1201 4861 1341 4927 (Gal.
1365 4864 1418 4919 5.
1443 4865 1528 4919 15.
1568 4865 1716 4918 Deut.

152 4954 366 5025 21.23).
392 4955 445 5008 Si
469 4956 642 5024 itaque
663 4955 914 5023 scriptum
934 4963 1015 5008 est
1034 4965 1087 5008 et
1108 4955 1410 5010 testimonio
1430 4956 1714 5023 ﬁrmatum,

152 5045 413 5112 quomodo
439 5044 739 5101 benedictio
766 5060 795 5097 a
822 5043 1103 5099 maledicto
1128 5044 1281 5099 datur
1308 5047 1480 5101 crucis
1505 5048 1719 5102 cultori-

157 5132 287 5187 bus?
333 5136 456 5188 llrec
493 5149 705 5201 semper
733 5135 860 5188 dicit
886 5145 940 5189 et
969 5135 1149 5203 objicit
1188 5135 1438 5202 Judaaus,
1476 5137 1716 5191 inimicus

154 5227 316 5279 crucis
342 5224 553 5279 Christi.
581 5224 634 5278 Si
660 5225 833 5291 itaque
852 5224 1067 5279 Judreus
1091 5226 1180 5279 tibi
1204 5226 1413 5294 dixerit,
1442 5228 1717 5294 Quomodo

155 5317 458 5372 maledictns
487 5317 579 5369 dat
607 5316 1021 5372 benedictionem
1045 5319 1066 5368 ?
1106 5317 1189 5372 dic
1217 5318 1287 5371 illi
1312 5359 1326 5383 ,
1358 5319 1635 5386 Quomodo
1664 5320 1715 5373 in

155 5407 358 5463 deserto
379 5416 649 5477 serpentes
671 5407 979 5460 mordebant
1008 5410 1370 5477 progenitores
1392 5421 1541 5474 tuos;
1570 5411 1716 5481 Moy-

156 5512 233 5552 ses
252 5510 424 5555 autem
449 5499 675 5567 imagine
696 5498 955 5565 serpentis
980 5498 1134 5563 laeta,
1162 5508 1215 5552 et
1241 5500 1289 5552 in
1316 5514 1475 5555 cruce
1498 5516 1716 5570 suspen-

159 5599 228 5651 sa,
246 5589 392 5655 dicit,
417 5588 725 5656 Quicumque
742 5602 774 5639 a
792 5596 1016 5655 serpente
1037 5604 1231 5642 morsus
1251 5590 1421 5659 fuerit,
1442 5602 1717 5658 serpentem

153 5721 394 5838 arma”
426 5722 512 5772 Ubi
537 5719 743 5771 veritatis
766 5716 1009 5780 doctrina,
1036 5716 1103 5769 ibi
1133 5719 1274 5769 etiam
1298 5721 1488 5783 pisanis
1509 5729 1576 5773 est
1599 5735 1711 5786 pro-

1862 770 2026 822 bestiis
2053 779 2197 822 terra:
2225 768 2390 839 (Cen.
2422 769 2474 823 5.
2506 767 2653 837 i4)?
2682 767 2957 835 Quomodo
2986 766 3142 837 igitur
3172 766 3433 821 maledicti

1860 860 2031 929 imago
2054 861 2212 915 vitam
2234 861 2407 915 attulit
2429 858 2850 930 progenitoribus
2873 857 3093 911 vestris?
3118 858 3320 911 Dictum
3345 872 3433 911 re-

1856 960 2001 1019 peto,
2022 959 2076 1003 ut
2092 951 2404 1005 sententiam
2431 950 2631 1003 ﬁrmius
2647 957 2895 1003 statuam.
2916 948 2968 1003 Si
2988 947 3198 1017 quidem
3216 946 3431 1001 difﬁcile

1860 1042 1949 1095 tibi
1994 1042 2233 1097 videatur
2277 1058 2341 1097 ex
2394 1042 2672 1096 maledicto
2715 1041 3134 1096 benedictionem
3182 1055 3431 1095 emanare

1858 1131 1879 1201 (
1900 1132 2200 1187 Malcdictus
2221 1133 2361 1188 enim
2386 1135 2546 1186 omnis
2565 1133 2649 1203 qui
2666 1133 2843 1202 pendrt
2863 1134 2915 1185 in
2936 1133 3072 1200 ligno
3091 1132 3107 1199 )
3124 1172 3138 1195 ,
3162 1131 3431 1200 quomodo

1859 1223 2029 1293 imago
2059 1226 2320 1292 serpentis
2352 1224 2649 1286 maledicti,
2675 1224 2761 1289 qui
2791 1223 2987 1277 audivit
3006 1265 3021 1287 ,
3053 1222 3352 1275 Maledictus
3376 1230 3429 1273 tu

1855 1329 1961 1381 pra:
1980 1316 2205 1367 omnibus
2226 1314 2409 1379 bestiis,
2430 1315 2625 1383 populo
2644 1315 2694 1366 in
2718 1313 3017 1368 calamitate
3037 1312 3323 1367 constituto
3343 1310 3428 1364 be-

1853 1405 2204 1460 nedictionem
2226 1406 2638 1459 attulit?Annon
2666 1404 2765 1458 fide
2791 1405 2999 1473 dignius
3017 1402 3200 1457 luisset
3227 1402 3424 1464 dicere,

1851 1492 1904 1549 Si
1931 1495 2049 1563 quis
2077 1510 2141 1550 ex
2172 1495 2319 1550 vobis
2345 1510 2552 1548 morsus
2582 1493 2757 1558 fuerit,
2787 1494 3031 1562 respiciat
3067 1492 3118 1546 in
3148 1490 3332 1545 caalum
3360 1489 3424 1543 ad

1852 1584 2040 1648 Deum,
2065 1596 2118 1638 et
2148 1585 2461 1640 sanabitur?
2496 1584 2576 1636 vel
2600 1584 2818 1637 dimisso
2840 1584 2955 1636 ςτειί
2980 1592 3219 1653 aspectu,
3250 1596 3425 1635 annon

1852 1684 2059 1744 poterat
2084 1675 2278 1740 dicere,
2304 1676 2356 1731 Si
2380 1676 2497 1744 quis
2520 1690 2727 1729 morsus
2747 1675 2919 1739 fuerit,
2947 1676 3194 1743 reSpiciat
3215 1674 3266 1727 in
3296 1688 3427 1728 can-

1848 1765 2119 1821 delabrum
2143 1766 2375 1831 luminis,
2395 1776 2445 1820 et
2472 1766 2644 1819 salvus
2663 1766 2792 1819 erit?
2815 1774 2905 1819 aut
2921 1765 3166 1834 respiciat
3192 1764 3243 1817 in
3270 1777 3425 1818 men-

1847 1874 1959 1913 sam
1988 1860 2361 1929 prepositiouis
2406 1868 2707 1913 sanctorum
2738 1872 2929 1926 panum
2954 1898 2968 1923 ,
2996 1866 3050 1911 et
3075 1856 3253 1909 salvus
3283 1854 3423 1909 erit?

1847 1960 1937 2002 aut
1963 1951 2012 2003 in
2041 1950 2222 2017 altare,
2251 1959 2340 2004 aut
2368 1951 2417 2004 in
2447 1950 2640 2016 velum,
2661 1950 2822 2002 autin
2844 1964 3019 2003 arcam
3039 1990 3052 2011 ,
3076 1948 3187 2003 sive
3209 1948 3260 2000 in
3283 1946 3420 2001 ima-

1846 2044 2022 2113 ginem
2052 2042 2492 2104 Cherubinornm,
2520 2042 2601 2094 vel
2634 2043 2684 2093 in
2712 2038 3165 2110 propitiatorium?
3190 2039 3257 2092 At
3288 2037 3413 2091 nihil

1847 2148 2029 2187 eorum
2053 2133 2268 2187 adduxit
2290 2131 2557 2202 legislator
2579 2145 2833 2199 magnus;
2859 2145 3039 2184 verum
3068 2144 3223 2182 unam
3246 2127 3420 2182 crucis

1846 2226 2127 2296 imaginem
2157 2226 2341 2289 erexit,
2367 2233 2419 2279 et
2448 2224 2582 2277 hanc
2613 2239 2706 2292 per
2733 2222 3066 2276 maledictum
3094 2228 3414 2289 serpentem.

1844 2316 1950 2371 Cur
1974 2332 2101 2387 ergo
2126 2358 2138 2383 ,
2170 2316 2351 2370 Judme
2377 2358 2389 2378 ,
2424 2315 2631 2385 Moyses
2659 2312 2772 2367 hznc
2802 2310 2961 2365 facit?
2985 2326 3080 2365 cur
3117 2317 3415 2378 serpentem

1843 2409 2069 2473 conﬁat,
2100 2410 2186 2478 qui
2218 2423 2312 2477 per
2353 2408 2519 2476 legem
2556 2405 2791 2466 dixerat,
2826 2401 2944 2456 Non
2980 2403 3131 2473 [acies
3155 2400 3413 2469 sculptile.

1842 2515 1999 2569 neque
2026 2498 2174 2567 fusile
2198 2498 2217 2567 (
2242 2496 2397 2549 Levit.
2426 2495 2514 2549 26.
2547 2495 2569 2548 1
2602 2494 2663 2564 )?
2694 2493 2796 2548 Sed
2828 2508 2924 2548 cur
2952 2492 3066 2546 hatc
3105 2491 3307 2560 ingrato
3337 2492 3415 2543 l0-

1840 2590 2012 2659 quor?
2042 2588 2213 2657 lpstnn
2245 2587 2600 2656 legislatorem
2636 2586 2901 2654 interrogo
2934 2603 2946 2637 :
2976 2582 3068 2637 Dic
3104 2581 3251 2645 mihi,
3284 2580 3414 2635 lide-

1841 2682 2041 2737 lissime
2086 2680 2180 2737 Dei
2228 2680 2419 2734 famule
2443 2719 2456 2743 ,
2490 2692 2555 2731 an
2588 2675 2637 2729 id
2671 2675 2799 2730 lacis
2836 2674 2974 2745 quod
3011 2673 3301 2746 prohibes?
3346 2687 3411 2725 an

1840 2771 1981 2842 quod
2022 2770 2312 2841 reprobas,
2357 2770 2407 2823 id
2448 2767 2722 2837 operaris?
2760 2766 2847 2836 qui
2890 2766 3060 2830 dicis,
3105 2763 3221 2819 Non
3261 2764 3414 2835 {acies

1839 2863 2068 2934 sculptile
2089 2902 2103 2927 ,
2147 2877 2303 2931 neque
2332 2860 2481 2928 fusile
2504 2899 2518 2923 ,
2564 2857 2737 2911 fandis
2763 2867 2817 2911 et
2849 2855 3045 2925 sculpis
3074 2854 3414 2924 serpentem?

1841 2954 2037 3009 Verum
2086 2953 2225 3007 dicet
2257 2972 2269 3006 :
2311 2952 2428 3005 Illas
2458 2950 2551 3003 tuli
2582 2949 2726 3017 leges
2750 2989 2764 3012 ,
2806 2955 2861 3000 ut
2888 2962 3097 3000 omnem
3131 2945 3413 3015 impietatis

1840 3047 2112 3102 materiam
2154 3044 2551 3108 exscinderent,
2594 3050 2649 3095 et
2693 3043 2830 3093 hunc
2862 3040 3110 3109 populum
3155 3053 3183 3090 a
3226 3038 3413 3105 quovis

1840 3137 2099 3191 idolorum
2144 3135 2287 3189 cultu
2334 3140 2660 3195 averterent;
2714 3146 2851 3182 nunc
2896 3138 3067 3182 autem
3109 3136 3410 3194 serpentem

1837 3226 2028 3291 conﬂo,
2054 3235 2109 3279 ut
2133 3224 2412 3294 imaginem
2433 3220 2841 3290 dispensationis
2861 3218 3031 3273 crucis
3056 3217 3408 3287 pra-ligurem,

1836 3319 1973 3373 viam
1994 3334 2088 3388 per
2106 3332 2262 3387 quam
2280 3314 2505 3385 apostoli
2522 3312 2808 3367 decurrant
2824 3311 3183 3379 complanans,
3203 3311 3409 3378 signum

1838 3410 1978 3464 illius
2006 3408 2179 3463 crucis
2208 3421 2458 3476 magnum
2491 3403 2887 3471 inauditumque
2908 3401 3063 3467 longe
3083 3410 3233 3454 antea
3260 3398 3413 3453 adhi-

1837 3501 1955 3556 beo.
1990 3499 2137 3567 Quod
2164 3509 2338 3551 autem
2369 3496 2483 3549 hare
2509 3494 2789 3561 exlnlicatio
2814 3508 2917 3547 non
2942 3491 3144 3547 detorta
3172 3492 3259 3557 sit,
3286 3490 3408 3544 audi

1839 3592 2113 3646 Dominum
2137 3632 2151 3655 ,
2182 3589 2270 3658 qui
2300 3598 2529 3642 veterem
2562 3587 2702 3642 illam
2734 3586 3012 3654 imaginem
3038 3585 3317 3640 confirmat
3347 3600 3411 3639 ac

1834 3683 1899 3735 de
1927 3682 2102 3750 seipso
2141 3681 2533 3747 interpretatur.
2582 3675 2925 3730 Nicodemum
2965 3675 3104 3728 enim
3135 3675 3408 3743 alloquens

1836 3781 1890 3825 ut
1919 3771 2094 3841 populi
2121 3769 2412 3832 doctorem,
2446 3767 2613 3820 virum
2644 3764 2778 3833 apud
2805 3764 3018 3819 Judzeos
3047 3766 3365 3834 praecipuum
3388 3806 3405 3832 ,

1833 3863 1919 3930 qui
1966 3870 2145 3928 posset
2184 3860 2531 3913 meonomiam
2577 3855 2904 3923 intelligere,
2940 3854 3014 3908 ait
3051 3870 3064 3907 :
3111 3873 3129 3904 ‹
3179 3855 3243 3907 Et
3272 3855 3408 3909 sicut

1833 3953 2081 4009 exaltavit
2114 3952 2322 4021 Moyses
2361 3956 2658 4017 serpentem
2701 3948 2752 4000 in
2792 3946 3005 4001 deserto
3029 3987 3044 4010 ,
3087 3946 3154 3999 ita
3186 3946 3403 3999 exaltari

1832 4052 2039 4113 oportet
2060 4042 2249 4095 Filium
2276 4039 2535 4100 hominis,
2561 4046 2617 4089 ut
2638 4038 2811 4090 omnis
2838 4038 2924 4105 qui
2953 4036 3119 4091 credit
3151 4037 3199 4089 in
3230 4038 3401 4106 ipsum

1831 4151 1933 4187 non
1967 4140 2146 4201 pereat
2170 4172 2182 4194 ,
2214 4130 2304 4184 sed
2348 4128 2538 4183 habeat
2577 4128 2735 4181 vitam
2779 4139 3029 4180 :eternam
3065 4146 3081 4178 ι
3119 4120 3400 4198 (Ιοαη.’5.

1832 4228 1915 4280 lt.
1952 4224 2078 4293 15).
2114 4224 2205 4276 Dic
2233 4223 2408 4291 igitur,
2441 4236 2472 4273 o
2503 4217 2711 4286 stupido
2736 4216 2935 4282 Iudice,
2964 4232 3028 4270 an
3062 4232 3163 4271 non
3187 4232 3259 4271 aes
3285 4228 3402 4272 erat

1829 4316 1999 4372 illud?
2028 4315 2231 4368 Mortua
2263 4312 2510 4366 materies
2545 4318 2769 4364 mortem
2798 4310 3009 4363 vincere
3038 4309 3235 4378 possit,
3265 4308 3400 4379 ligu-

1831 4425 1941 4464 ram
1964 4407 2135 4461 crucis
2158 4405 2376 4467 habens,
2402 4412 2453 4458 et
2475 4402 2583 4471 ipsa
2605 4401 2777 4455 crucis
2795 4401 2986 4454 veritas
3009 4416 3112 4454 non
3136 4401 3401 4457 creditur?

1827 4508 1881 4553 et
1910 4498 2021 4552 ha-c
2050 4507 2168 4567 post
2196 4493 2597 4549 conversionem
2624 4492 2767 4545 orbis
2797 4501 2969 4556 terrae,
2998 4501 3113 4560 post
3140 4493 3398 4547 constitu-

1830 4598 1933 4642 tam
1967 4588 2017 4640 in
2048 4595 2155 4639 toto
2183 4585 2312 4639 orbe
2347 4585 2593 4653 pietatem
2620 4624 2633 4647 ,
2665 4589 2937 4651 postquam
2966 4582 3189 4650 gentiles
3222 4582 3396 4636 credi-

1826 4679 2037 4743 derunt,
2058 4686 2175 4746 pest
2196 4676 2449 4731 excitatas
2470 4673 2753 4736 Ecclesias,
2781 4680 2897 4738 post
2920 4678 3059 4723 tanta
3083 4670 3397 4737 certamina,

1828 4780 1946 4838 post
1987 4778 2183 4822 tantam
2228 4766 2475 4819 virtutum
2526 4762 2955 4816 exercitationem
2980 4802 2992 4825 ,
3043 4769 3159 4829 post.
3198 4770 3396 4815 tantam

1826 4859 2045 4930 angelici
2088 4856 2308 4909 instituti
2352 4852 2751 4906 accessionem?
2791 4850 2927 4904 Sane
2968 4851 3259 4905 luculenter
3300 4851 3395 4905 de-

1826 4957 2171 5003 monsuatum
2215 4953 2329 5007 est,
2371 4956 2580 4995 omnem
2627 4940 2939 4993 adversariis
2980 4941 3151 4994 crucis
3194 4940 3393 4993 aditum

1823 5042 2137 5113 praeclusam
2189 5051 2344 5100 esse,
2390 5034 2453 5087 ad
2503 5031 2923 5101 exprobrandam
2975 5031 3125 5084 nobis
3175 5032 3394 5099 ﬁguram

1823 5131 2105 5187 maledicti.
2140 5130 2205 5183 Et
2231 5129 2487 5181 adversus
2531 5126 2646 5178 illos
2689 5123 2900 5193 quidem
2942 5122 3054 5177 haec
3092 5123 3218 5175 satis
3245 5122 3350 5176 sint
3381 5140 3393 5177 :

1822 5242 1920 5280 nos
1947 5233 2118 5277 autem
2150 5222 2333 5275 ﬁdeles
2360 5216 2633 5271 nobiscum
2663 5213 3047 5284 expendamus,
3078 5222 3130 5266 et
3156 5213 3395 5282 explore-

1822 5332 1938 5371 mus
1959 5316 2236 5370 verborum
2257 5311 2665 5366 accurationem.
2708 5308 2811 5362 Cur
2829 5307 3083 5361 Dominus
3115 5307 3392 5375 imaginem

1824 5411 1962 5464 illius
1996 5406 2306 5462 oeconomia:
2336 5419 2439 5457 non
2472 5417 2566 5472 per
2602 5400 2759 5453 alium
2783 5440 2796 5462 ,
2836 5399 2927 5452 sed
2966 5412 3060 5466 per
3094 5404 3392 5466 serpentem

1823 5496 2231 5569 prmsignilicat?
2276 5494 2353 5548 Ad
2393 5492 2677 5547 certamina
2719 5506 2837 5543 cum
2870 5488 3181 5542 adversariis
3221 5489 3392 5540 susci-

1821 5590 2009 5661 pienda
2046 5587 2317 5657 exemplar
2346 5585 2483 5638 illius
2514 5581 2775 5635 maledicti
2811 5579 3069 5647 serpentis
3104 5577 3233 5631 satis
3259 5586 3339 5633 est
3374 5594 3387 5631 :

1822 5694 2003 5736 verum
2032 5679 2139 5749 jam
2170 5674 2593 5747 persuadendum
2618 5673 2682 5726 iis
2707 5713 2721 5736 ,
2751 5671 2837 5739 qui
2870 5670 2959 5723 ﬁlii
2995 5669 3202 5737 pietatis
3230 5678 3352 5723 sinit
3375 5708 3391 5733 .

1820 5786 1926 5843 quo
1954 5780 2106 5841 pacto
2134 5768 2297 5841 ﬁgura
2325 5767 2465 5822 iuius
2494 5762 2754 5820 maledicti
2784 5761 3045 5834 serpentis
3071 5761 3243 5832 imago
3273 5761 3391 5818 lue-
