4104 6322
744 359 858 416 503

733 459 800 512 rit
835 458 1030 516 Christi
1053 502 1068 526 ,
1113 461 1202 532 qui
1239 461 1507 520 adoretur.
1554 463 1809 532 Quocirca
1838 467 1890 523 ld
1928 483 2024 525 nos
2051 481 2296 528 accurate

736 549 1037 618 explicare,
1069 562 1123 606 et
1147 567 1240 607 vos
1267 554 1499 610 studiose
1525 556 1705 611 audire
1729 572 1822 627 par
1845 569 1947 616 est.

807 640 860 694 5.
900 639 1091 709 Figura
1120 643 1399 711 serpentis,
1425 643 1628 711 fratres,
1655 647 1824 717 imago
1845 658 1957 702 erat
1985 652 2297 707 oeconomiae

734 729 925 783 crucis.
953 729 1102 796 Quod
1124 739 1298 784 autem
1325 733 1389 787 ad
1422 735 1633 790 modum
1664 738 1871 803 attinet,
1902 740 2036 793 sicut
2065 741 2152 794 illa
2181 757 2296 795 scr-

733 817 907 885 pentis
945 817 1110 888 ﬁgura
1146 821 1424 890 imaginem
1453 823 1663 893 quidem
1693 835 1745 880 et
1772 829 1998 896 speciem
2037 833 2295 900 serpentis

732 921 842 974 pra:
869 921 928 962 se
952 906 1172 973 ferebat,
1199 925 1458 966 venenum
1480 924 1651 969 autem
1675 917 2061 988 nequitiamque
2079 935 2296 990 serpen-

730 996 797 1049 tis
827 1011 930 1050 non
953 995 1212 1052 habebat:
1243 1002 1320 1055 sic
1349 1010 1403 1057 et
1429 1001 1698 1070 Servator,
1735 1007 2024 1062 secundum
2059 1009 2291 1064 divinum

728 1088 1045 1157 apostolum,
1076 1089 1128 1143 in
1165 1092 1504 1148 similitudine
1548 1095 1720 1149 carnis
1763 1098 1960 1164 peccati
2009 1114 2290 1169 apparens,

726 1185 874 1231 extra
899 1193 1056 1234 omne
1084 1191 1352 1248 peccatum
1377 1183 1501 1248 fuit;
1525 1185 1658 1239 sicut
1681 1193 1736 1240 et
1762 1186 1946 1242 beatus
1972 1189 2151 1254 Isaias,
2171 1207 2290 1246 cum

729 1266 884 1320 beato
913 1268 1074 1322 Paulo
1096 1268 1172 1341 (a)
1203 1285 1517 1338 consonans,
1546 1275 1652 1328 ait:
1681 1276 1778 1342 Qui
1809 1291 2063 1345 peccatum
2089 1298 2186 1334 non
2211 1284 2290 1351 [e-

727 1359 824 1422 cit;
853 1375 941 1412 nec
965 1359 1193 1414 inventus
1218 1374 1287 1416 est
1317 1365 1464 1418 dolus
1502 1366 1553 1418 in
1597 1383 1681 1420 ore
1717 1369 1826 1438 ejus
1853 1369 2003 1438 (lsai.
2036 1373 2123 1428 53.
2151 1376 2212 1438 9;
2238 1377 2286 1430 I.

730 1445 841 1500 Pet.
863 1449 914 1502 2.
935 1449 1047 1518 2‘2).
1069 1449 1365 1506 Secundum
1395 1452 1579 1509 Isaiam
1607 1455 1885 1528 imaginem
1912 1475 2069 1514 unam
2098 1463 2285 1519 habes:

725 1535 789 1589 ad
818 1538 1036 1592 alteram
1080 1540 1293 1595 accede.
1340 1540 1606 1599 Contuere
1648 1547 1924 1602 veritatem
1969 1565 2060 1617 per
2098 1550 2290 1620 ﬁguras

726 1627 1108 1697 splendentem.
1137 1629 1416 1699 Serpentes
1441 1633 1751 1689 mordebant
1776 1635 1909 1691 ﬁlios
1928 1638 2107 1707 Israel,
2127 1656 2291 1710 quan-

725 1714 794 1768 do
826 1718 1048 1785 populus
1088 1719 1138 1772 in
1171 1721 1454 1788 perniciem
1486 1724 1610 1778 ruit.
1641 1723 1778 1780 Petit
1802 1727 2010 1798 Moyses
2034 1745 2064 1784 a
2098 1730 2204 1785 Deo
2233 1742 2289 1786 ut

725 1805 1039 1860 medicinam
1068 1809 1349 1863 salutarem
1383 1813 1661 1880 prteberet.
1683 1815 1821 1870 Deus
1850 1817 2043 1873 {amulo
2073 1820 2288 1876 medici-

725 1915 845 1954 nam
889 1901 1178 1957 beneﬁcam
1224 1915 1623 1972 commonstrat,
1652 1918 1704 1963 et
1729 1909 1832 1964 ait:
1863 1909 1973 1964 Fac
2014 1923 2286 1983 serpentem

722 2005 944 2055 sericum,
994 1993 1235 2063 illumque
1276 1996 1408 2066 erige
1447 2007 1564 2050 ante
1610 1999 1982 2055 tabernaculum
2023 2005 2286 2059 testimonii

730 2079 913 2148 (Nunt.
942 2083 1029 2136 2i.
1063 2083 1138 2154 8).
1179 2084 1311 2152 Quid
1343 2086 1439 2140 sibi
1469 2088 1578 2142 vult
1608 2087 1706 2143 hoc
1733 2091 1978 2159 signum?
2021 2094 2120 2146 Alii
2162 2105 2284 2148 sunt

724 2170 1024 2225 mordentes
1051 2182 1344 2242 serpentes,
1395 2186 1448 2229 et
1489 2176 1620 2230 alius
1665 2192 1758 2246 pro
1799 2179 1901 2232 i'lis
1940 2182 2280 2250 cruciﬁgitur.

725 2259 857 2324 Quid
889 2260 1143 2328 signiﬁcat
1173 2265 1431 2332 aenigma?
1469 2265 1594 2334 quid
1625 2282 1730 2334 pra:
1768 2282 1826 2322 se
1857 2267 1952 2322 fert
1985 2272 2168 2325 umbra
2199 2273 2281 2325 illa

725 2352 994 2420 mysterii?
1015 2354 1466 2417 Quemadmodum
1499 2357 1604 2410 illic
1626 2358 1674 2410 in
1705 2359 1869 2428 ﬁgura
1893 2360 2011 2414 aliis
2039 2362 2286 2416 morden-

725 2440 866 2492 tibus
901 2442 1252 2509 serpentibus,
1297 2444 1431 2500 alius
1479 2446 1566 2514 qui
1610 2462 1714 2500 non
1755 2450 2112 2505 momorderat
2140 2452 2282 2506 cruci

725 2527 914 2582 afﬁxus
942 2540 1051 2584 est:
1076 2533 1152 2586 sic
1167 2533 1283 2586 aliis
1310 2535 1646 2602 peccantibus
1672 2537 1972 2593 homlnibus
1999 2555 2092 2608 pro
2115 2542 2285 2594 omni-

724 2617 822 2673 bus
850 2633 1098 2687 passurus
1123 2629 1206 2676 est
1231 2621 1482 2677 innocens
1507 2623 1677 2678 Jesus.
1703 2625 1806 2679 Pro
1826 2630 2176 2697 serpentibus,
2194 2633 2281 2698 qui

725 2709 1057 2776 mordebant,
1090 2726 1308 2780 serpens
1339 2712 1582 2768 innoxius
1607 2714 1961 2785 cruciﬁgitur;
1995 2733 2088 2786 pro
2111 2720 2281 2787 nobis,

725 2797 814 2866 qui
844 2801 1001 2853 morti
1028 2800 1353 2870 subjicimur,
1378 2803 1442 2868 is,
1461 2805 1548 2872 qui
1577 2806 1731 2858 morti
1752 2820 1855 2859 non
1883 2807 2147 2876 subjectus
2165 2808 2282 2876 fuit,

723 2886 1065 2958 cruciﬁgitur.
1096 2890 1246 2955 Quod
1277 2892 1529 2960 praeclare
1555 2907 1676 2947 cum
1715 2895 1831 2949 aliis
1853 2894 2013 2951 Isaias
2045 2898 2284 2966 praedixit

725 2979 776 3033 in
806 2978 946 3034 hunc
972 2981 1184 3036 modum
1207 3001 1219 3035 :
1245 2982 1351 3036 Pro
1378 2987 1591 3052 peccatis
1620 2988 1794 3054 populi
1817 2990 1946 3041 venit
1969 2990 2020 3041 in
2044 3000 2284 3054 mortem;

723 3080 798 3134 et,
825 3070 1070 3126 Dominus
1095 3074 1299 3126 tradidit
1325 3077 1540 3143 «ipsum
1571 3094 1661 3145 pro
1688 3081 1899 3148 peccatis
1930 3084 2110 3135 nostris
2132 3083 2281 3147 (lsai.

724 3160 812 3215 55.
846 3161 930 3214 12.
976 3162 1054 3231 6).
1100 3163 1424 3219 Testimonio
1451 3166 1808 3222 conﬁrmanda
1849 3169 2037 3223 iterum
2066 3181 2146 3225 est
2172 3188 2286 3242 my-

724 3252 870 3306 stcrii
896 3253 1046 3306 ratio.
1076 3251 1530 3320 Quemadmodum
1559 3257 1667 3311 illic
1693 3259 1781 3312 alii
1808 3271 2083 3329 serpentes
2116 3275 2283 3331 erant,

725 3344 813 3411 qui
832 3343 1162 3411 mordebant,
1185 3346 1317 3401 alius
1339 3347 1425 3416 qui
1448 3347 1787 3418 suﬂigebatur
1806 3368 1819 3404 :
1841 3351 1908 3404 ita
1926 3362 1978 3406 et
2000 3352 2081 3407 hic
2102 3370 2283 3411 omnes

725 3445 1094 3504 peccaverant,
1125 3448 1177 3492 et
1198 3453 1332 3492 unus
1355 3454 1448 3508 pro
1469 3441 1710 3495 omnibus
1739 3442 2082 3513 cruciﬁgitur.
2117 3446 2287 3500 llahes

729 3527 1047 3592 secundam;
1074 3529 1166 3583 sed
1192 3540 1245 3584 et
1266 3530 1472 3585 tertiam
1491 3531 1770 3600 imaginem
1800 3536 2094 3590 considera.
2118 3536 2181 3590 In
2204 3554 2288 3592 ore

726 3617 938 3670 duorum
976 3620 1052 3672 vel
1080 3619 1230 3673 triunt
1259 3622 1476 3686 testium,
1507 3624 1652 3676 stabit
1690 3639 1834 3677 omne
1876 3626 2076 3678 verbum
2113 3625 2284 3696 (Deut.

727 3705 953 3777 19.15).
997 3709 1170 3774 Quare
1206 3711 1527 3782 cruciﬁgitur
1578 3726 1794 3780 serpens
1834 3717 2046 3770 32118118?
2084 3716 2152 3772 Ut
2193 3720 2288 3772 ab-

730 3797 972 3854 oleantur
1016 3815 1226 3856 morsus
1249 3803 1589 3872 serpentium.
1620 3804 1774 3858 Aliud
1804 3820 1926 3875 ergo
1955 3815 2040 3860 est
2064 3808 2201 3877 quod
2235 3809 2286 3862 in

729 3901 943 3943 crucem
970 3891 1185 3956 tollitur,
1215 3901 1267 3945 et
1303 3892 1406 3945 alia
1436 3908 1553 3961 qua:
1581 3893 1875 3948 abolentur.
1905 3897 2092 3950 Annon
2123 3897 2288 3966 signi-

730 3979 1025 4034 ﬁcationem
1058 3982 1292 4036 veritatis
1313 3983 1718 4039 animadvertis?
1733 3999 1906 4038 annon
1933 3988 2080 4055 quasi
2100 3988 2198 4042 sub
2215 3990 2292 4042 in-

731 4070 947 4126 volucro
971 4073 1255 4140 Scriptura:
1284 4074 1388 4126 vim
1406 4076 1716 4129 (nconomite
1740 4077 2025 4146 perspicis?
2045 4079 2291 4133 Sublatus

733 4161 786 4216 in
811 4175 1020 4217 crucem
1050 4171 1148 4228 est,
1180 4162 1366 4232 inquit,
1389 4179 1568 4218 aeneus
1596 4181 1834 4233 serpens,
1875 4177 1928 4219 ut
1955 4168 2293 4223 abuterentur

734 4267 946 4307 morsus
964 4252 1282 4319 draconum;
1308 4253 1590 4309 cruciﬁxus
1615 4265 1696 4310 est
1723 4255 1985 4320 Christus,
2010 4268 2063 4310 ut
2090 4257 2289 4311 daemo-

735 4358 858 4396 num
887 4343 1222 4414 operationes
1245 4354 1532 4400 cessarent.
1563 4345 1712 4400 Alius
1741 4355 1822 4400 est
1847 4361 2065 4415 serpens
2092 4348 2177 4402 ille
2205 4349 2292 4417 qni

733 4433 975 4501 erigitur,
1013 4432 1100 4487 alii
1143 4434 1230 4502 qui
1272 4435 1691 4504 comprimuntur
1728 4434 2015 4500 dracones;
2046 4437 2178 4490 alius
2205 4436 2291 4506 qui

735 4525 877 4577 cruci
903 4522 1094 4576 afﬁxus
1120 4533 1200 4578 est
1221 4522 1480 4587 Christus,
1512 4532 1564 4579 et
1583 4524 1668 4577 alii
1691 4523 1777 4594 qui
1804 4524 2081 4578 abolentur
2101 4525 2297 4579 daemo-

735 4625 851 4666 nes.
885 4612 951 4666 Et
979 4610 1420 4681 quemadmodum
1447 4612 1553 4666 illic
1581 4613 1752 4682 imago
1782 4615 2061 4682 serpentis,
2088 4615 2174 4684 qui
2200 4629 2295 4685 ap-

737 4701 975 4768 parebat,
1004 4715 1210 4755 morsus
1232 4711 1557 4770 serpenttum
1586 4701 1834 4770 abolevit,
1868 4703 1936 4756 ita
1959 4713 2011 4757 et
2038 4705 2123 4759 hic
2151 4721 2295 4760 mors

735 4787 931 4842 Christi
960 4797 1182 4843 mortem
1213 4789 1437 4853 sustulit,
1471 4790 1811 4845 etdzemonas
1842 4792 2156 4862 proﬂigavit.
2188 4794 2298 4848 Mc-

738 4880 842 4932 rito
863 4879 1036 4948 itaque
1063 4879 1313 4935 Servator
1335 4881 1614 4952 imaginem
1643 4881 1742 4935 sibi
1764 4881 2018 4952 adoptans
2045 4884 2207 4939 dixit:
2234 4885 2300 4938 Et

739 4973 863 5022 sicut
887 4969 1087 5039 Mor/ses
1114 4971 1348 5024 cxaltavit
1374 4981 1648 5041 serpentem
1675 4973 1726 5025 in
1756 4973 1967 5038 deserto,
1996 4974 2065 5025 ita
2090 4975 2301 5028 exaltari

742 5070 928 5129 oportet
955 5058 1142 5112 Filium
1169 5061 1401 5126 hominis,
1429 5071 1484 5114 ut
1511 5062 1689 5128 omnis,
1731 5063 1816 5130 qui
1858 5064 2013 5116 credit
2037 5065 2088 5117 in
2113 5065 2296 5132 ipsum,

739 5166 839 5204 non
867 5158 1052 5218 pereat,
1082 5149 1169 5201 sed
1196 5150 1370 5202 habeat
1391 5153 1538 5203 vitam
1558 5162 1792 5204 wternam
1815 5151 1989 5220 (Joan.
2008 5154 2060 5207 5.
2085 5153 2166 5206 14.
2190 5155 2300 5225 15).

741 5240 934 5306 Ilabes,
966 5241 1036 5294 mi
1061 5239 1242 5304 frater,
1275 5239 1482 5294 beatum
1513 5242 1743 5312 Moysem
1773 5242 1871 5295 alia
1899 5242 2061 5312 ﬁgura
2091 5259 2301 5298 crucem

742 5315 1188 5397 subindicantcm;
1235 5347 1340 5400 quo
1385 5340 1560 5386 autem
1605 5343 1778 5401 pacto,
1830 5333 1970 5387 audi.
2005 5335 2109 5388 Eos
2137 5335 2300 5400 enim,

742 5425 832 5492 qui
870 5422 937 5478 de
969 5437 1123 5477 cruce
1153 5421 1454 5491 loquuntur,
1487 5422 1680 5476 multas
1711 5422 1947 5493 mysterii
1974 5425 2302 5491 contempla-

745 5519 914 5571 tiones
945 5517 994 5568 in
1024 5515 1252 5570 medium
1279 5513 1468 5568 aﬁ'erre
1488 5523 1713 5583 oportet.
1740 5515 1987 5569 lsraelitis
2013 5517 2065 5570 in
2095 5515 2304 5570 deserto

803 5650 876 5711 (a)
906 5656 1052 5711 Juxta,
1077 5646 1507 5711 savilalegendum
1541 5655 1649 5706 est,
1685 5652 1840 5708 Petro,
1861 5656 1912 5698 et
1950 5650 2144 5711 reipsa,
2183 5635 2304 5710 δρυσὶ

742 5707 934 5762 Petrum
955 5710 1102 5760 verba
1126 5707 1576 5772 laudata'leguutur.

2162 358 2245 416 SE
2255 358 2522 416 VERIANI

3874 384 3980 439 504

2407 471 2602 526 bellum
2629 471 2853 530 intulere
2875 473 3183 546 alienigena:
3206 477 3442 549 quidam,
3482 480 3792 539 Amalecita
3823 485 3967 539 dicti.

2399 559 2603 632 Moyses
2628 570 2802 618 autem
2827 562 3008 620 Jesum
3034 565 3195 634 Nave,
3225 570 3404 638 populi
3433 570 3643 638 ducem,
3672 584 3731 627 et
3763 589 3971 629 succes-

2399 664 2576 704 sorem
2606 666 2779 716 suum,
2821 663 3080 710 armatum
3111 658 3368 724 proﬁcisci
3389 659 3558 728 jubet,
3601 661 3720 730 ipso
3767 663 3970 716 interea

2399 738 2450 791 in
2481 748 2659 795 monte
2686 742 2927 796 manibus
2971 746 3218 812 expansis
3263 757 3525 802 manente.
3564 749 3698 804 Nam
3727 751 3804 804 ait
3833 750 3971 805 Scri-

2400 837 2548 896 ptura
2573 846 2586 882 :
2615 848 2634 881 σ
2663 830 2872 900 Moyses
2888 833 3122 888 ascendit
3146 835 3197 887 in
3215 843 3469 904 montem,
3498 849 3549 892 et
3573 841 3838 909 expandit
3861 857 3968 894 ma-

2397 931 2496 972 nus
2517 931 2657 972 suas.
2692 920 2756 974 Et
2785 923 2972 975 factum
2995 933 3094 988 est,
3127 939 3246 978 cum
3274 928 3578 982 extenderet
3608 944 3828 995 manus,
3857 935 3968 984 vin-

2395 1007 2546 1062 cebat
2574 1009 2762 1074 Israel;
2791 1020 2987 1065 etcum
3011 1014 3298 1069 dimitteret
3337 1032 3365 1069 a
3407 1033 3660 1088 corporea
3704 1024 3969 1086 gravitate

2394 1100 2583 1165 victus,
2628 1101 2872 1156 vincebat
2900 1104 3114 1158 Amalec
3147 1125 3164 1157 ι
3195 1105 3388 1173 (Exod.
3435 1110 3518 1162 I7.
3554 1111 3666 1179 11).
3696 1111 3844 1177 Quid
3873 1115 3968 1166 sibi

2395 1189 2506 1241 vult
2534 1189 2646 1242 haec
2668 1189 3096 1258 ﬁguraHudaeus
3117 1197 3290 1247 statim
3322 1206 3582 1263 metuens,
3610 1213 3675 1252 ne
3711 1214 3812 1266 per
3843 1199 3969 1253 ima-

2393 1279 2564 1348 ginem
2603 1283 2765 1349 gloria
2805 1284 2976 1337 crucis
3010 1284 3204 1338 Christi
3246 1285 3504 1355 eﬁ‘ulgeat,
3539 1288 3634 1353 ait,
3680 1289 3826 1343 Nihil
3859 1290 3969 1344 haec

2392 1369 2555 1439 ﬁgura
2589 1372 2813 1440 pertinet
2837 1372 2900 1425 ad
2931 1387 3012 1439 ea,
3053 1389 3170 1443 quae
3215 1384 3268 1428 tu
3313 1376 3581 1432 fabularis.
3633 1379 3967 1434 Precationis

2391 1458 2556 1527 ﬁgura
2585 1469 2699 1512 erat
2725 1461 2809 1512 illa
2839 1461 3024 1524 forma,
3051 1477 3155 1516 non
3189 1463 3446 1534 imaginis,
3492 1475 3653 1534 prout
3681 1475 3736 1520 tu
3771 1470 3964 1537 opina-

2391 1550 2486 1604 ris.
2519 1549 2667 1616 Quod
2703 1550 2746 1603 si
2776 1551 2843 1604 ita
2875 1561 2974 1615 est,
3002 1553 3044 1604 si
3083 1568 3205 1607 vere
3231 1555 3445 1608 victoria
3485 1552 3572 1610 illa
3603 1557 3814 1611 fructus
3844 1575 3964 1628 pre-

2391 1641 2614 1694 cationis
2659 1639 2773 1706 fuit,
2802 1656 2896 1695 cur
2921 1642 3190 1710 Scriptura
3219 1660 3322 1698 non
3359 1647 3645 1714 precationi
3682 1649 3962 1702 victoriam

2389 1730 2669 1798 adscripsit
2698 1732 2824 1798 (non
2870 1734 3010 1786 enim
3054 1733 3129 1787 ait
3168 1735 3622 1804 ScripturazCum
3654 1749 3965 1805 precantur

2389 1818 2626 1889 Moyses:
2651 1819 2776 1874 illud
2798 1821 2937 1874 enim
2970 1836 3093 1877 vere
3109 1823 3387 1893 signiﬁcat,
3405 1827 3676 1880 victoriam
3701 1842 3812 1880 non
3838 1828 3961 1881 fuis-

2388 1923 2446 1964 se
2476 1910 2792 1978 precationis
2817 1908 3087 1981 fructum),
3120 1912 3212 1966 sed
3241 1912 3492 1967 adscribit
3513 1916 3726 1984 imagini
3757 1916 3961 1985 ﬁgure-

2388 2016 2489 2070 que
2519 2003 2802 2056 manuum?
2840 2002 2971 2056 Cum
2999 2004 3138 2057 enim
3169 2019 3354 2058 manus
3395 2005 3696 2061 demitteret
3728 2009 3955 2080 Moyses,

2387 2095 2732 2163 superabatur
2780 2093 2971 2157 Israel;
3013 2109 3132 2149 cum
3183 2096 3522 2164 expenderet,
3573 2098 3960 2166 proﬁigalmtur

2387 2186 2619 2241 Amalec.
2647 2186 2777 2240 Nam
2809 2187 2851 2239 si
2881 2185 2932 2240 id
2962 2188 3244 2254 precationi
3271 2187 3675 2243 adscribendum
3701 2201 3845 2246 erat.
3876 2191 3955 2243 di-

2387 2291 2510 2332 cere
2535 2278 2888 2347 0portuisset:
2918 2277 2984 2330 Et
3009 2291 3127 2330 cum
3169 2278 3478 2346 precabatur
3513 2279 3743 2350 Moyses,
3777 2282 3955 2334 vinci-.-

2386 2367 2495 2422 bat.
2523 2367 2647 2431 Sed,
2694 2375 2752 2420 ut
2788 2366 2916 2431 dixi,
2952 2367 3250 2434 precatione
3275 2367 3486 2432 omissa,
3517 2382 3619 2420 non
3651 2368 3873 2436 quidem
3905 2379 3957 2420 nt

2387 2456 2578 2520 inutili,
2602 2455 2692 2509 sed
2724 2465 2779 2509 ut
2819 2471 2936 2523 qua:
2965 2454 3176 2523 imagini
3203 2455 3376 2510 crucis
3401 2457 3591 2511 cedere
3619 2455 3871 2520 deberet,
3903 2459 3959 2508 ﬁo

2387 2561 2529 2614 gnra:
2554 2555 2604 2599 et
2631 2545 2779 2613 signo
2807 2545 3075 2598 victoriam
3106 2544 3373 2598 adscribit.
3397 2545 3613 2612 Quando
3636 2550 3783 2599 enim
3807 2547 3956 2615 Moy-

2387 2649 2472 2688 ses
2497 2633 2827 2699 expandcbat
2855 2648 3059 2695 manus,
3088 2634 3326 2686 vincebat
3353 2633 3530 2688 Israel.
3560 2635 3692 2700 Quid
3716 2637 3820 2688 sibi
3849 2639 3957 2687 rnlt

2387 2739 2615 2793 expansa
2664 2722 2881 2775 manus?
2933 2723 3163 2792 Depinge
3193 2723 3285 2778 tibi
3332 2739 3520 2778 manus
3563 2740 3849 2795 expansis,
3902 2737 3958 2778 ut

2388 2814 2750 2883 splendentem
2783 2813 3066 2866 adorandae
3093 2813 3278 2867 Crucis
3309 2815 3585 2884 imaginem
3615 2816 3818 2868 videas.
3855 2815 3955 2870 Ve-

2389 2920 2503 2958 rum
2531 2903 2841 2974 defatigatus
2866 2913 2964 2968 est,
2997 2904 3161 2972 inquit
3192 2904 3482 2973 Scriptura,
3511 2905 3743 2976 Moyses;
3781 2919 3960 2974 neque

2389 2995 2526 3048 enim
2551 3008 2736 3048 manus
2764 3008 3014 3063 corporea
3037 2995 3295 3062 gravitate
3318 2995 3468 3048 victa:
3497 2995 3633 3046 illam
3663 2996 3958 3063 imaginem

2387 3084 2651 3138 sustinere
2689 3092 2950 3151 poterant.
2980 3083 3113 3148 Quid
3156 3084 3318 3153 ergo?
3363 3084 3459 3150 Ne,
3491 3086 3660 3137 soluta
3693 3085 3953 3152 imagine,

2390 3173 2603 3226 victoria
2626 3188 2834 3242 quoque
2858 3174 3208 3239 amitteretur,
3243 3175 3502 3228 sustinent
3540 3178 3714 3228 Aaron
3759 3187 3816 3228 et
3857 3175 3952 3236 Or,

2389 3263 2720 3331 allevantque
2747 3277 2933 3316 manus
2954 3264 3085 3331 ejus,
3116 3279 3202 3329 ne,
3231 3273 3576 3318 evanescente
3606 3264 3860 3333 imagine,
3883 3267 3963 3316 vi—

2389 3355 2551 3408 ctoria
2583 3369 2791 3423 quoque
2839 3355 3154 3408 elaberetur.
3201 3353 3308 3408 Cur
3354 3356 3567 3406 omnino
3595 3356 3769 3408 Aaron
3803 3366 3861 3407 et
3891 3354 3962 3407 Or

2391 3457 2575 3496 manus
2601 3442 2938 3496 suﬁulciuut.’
2961 3446 3156 3509 Aaron,
3183 3443 3390 3505 fratres,
3409 3444 3715 3497 sacerdotali
3733 3460 3966 3495 tnuiwre

2390 3531 2737 3601 fungebatur;
2767 3531 2841 3585 0r
2865 3547 2994 3586 vero
3019 3533 3172 3601 regia}
3193 3534 3364 3586 tribus
3388 3535 3748 3602 cognationem
3791 3533 3960 3584 babe-

2391 3623 2500 3677 bat.
2533 3622 2712 3691 Itaque
2737 3621 3016 3690 imaginem
3043 3623 3212 3676 crucis
3241 3622 3590 3675 sacerdotium
3635 3633 3686 3675 et
3729 3637 3959 3690 regnum

2393 3711 2848 3767 instarsatellitum
2867 3713 3081 3780 stipant.
3106 3716 3175 3766 Ac
3192 3713 3634 3782 quemadmodum
3654 3727 3770 3764 cum
3793 3722 3963 3765 trans-

2395 3803 2704 3871 ﬁguraretur
2755 3802 3008 3855 Dominus
3047 3803 3098 3854 in
3143 3814 3340 3867 monte,
3375 3804 3468 3855 visi
3507 3813 3628 3856 sunt
3658 3803 3876 3871 Moyses
3912 3816 3964 3857 et

2396 3894 2536 3948 Elias
2565 3907 2594 3945 a
2620 3893 2818 3945 dextris
2852 3903 2904 3945 et
2929 3907 2957 3944 a
2988 3893 3240 3956 sinistris,
3281 3902 3339 3945 ut
3378 3892 3572 3961 regiam
3599 3892 3791 3944 Christi
3826 3894 3962 3944 ima-

2393 3983 2566 4051 ginem
2599 3983 2745 4050 quasi
2788 3983 3039 4036 satellites
3065 3983 3350 4050 stiparent:
3375 3983 3447 4035 sic
3472 3982 3630 4035 etiam
3661 3981 3747 4034 hic
3776 3986 3962 4036 Aaron

2396 4071 2671 4125 sacerdotii
2699 4071 2937 4124 ordinem
2966 4072 3210 4124 obtinens
3249 4071 3390 4125 cruci
3420 4071 3610 4135 adstat,
3639 4080 3691 4124 et
3715 4073 3965 4126 simiLter

2396 4162 2469 4215 0r
2505 4163 2724 4230 primum
2770 4162 2925 4230 regi-.e
2973 4160 3239 4228 dignitatis
3282 4160 3463 4214 liorem
3505 4159 3704 4214 habens
3746 4176 3962 4215 crucem

2397 4256 2573 4322 stipat.
2606 4254 2774 4308 Ilarca
2803 4271 2886 4307 tne
2928 4254 3063 4307 dicta
3108 4263 3251 4316 sunt,
3286 4261 3340 4304 ut
3362 4252 3658 4315 ostendam,
3692 4253 3967 4320 quomodo

2400 4345 2586 4413 priscis
2617 4343 2722 4396 illis
2749 4343 2980 4411 patribus
3006 4343 3214 4410 pietatis
3254 4342 3424 4408 imago
3467 4340 3624 4393 fuerit
3663 4342 3963 4408 proposita,

2399 4448 2603 4487 necnon
2634 4448 2788 4501 quam
2819 4432 3074 4484 honorata
3101 4431 3165 4483 ab
3195 4429 3470 4483 illisluerit
3496 4431 3808 4483 meonomize
3836 4432 3966 4498 ligu-

2400 4537 2476 4574 ra.
2507 4523 2564 4576 Si
2592 4531 2766 4575 autem
2800 4521 2871 4572 illi
2898 4519 2984 4589 qui
3013 4517 3454 4587 praenuntiabant,
3486 4527 3628 4571 tanta
3652 4533 3774 4572 cum
3808 4519 3968 4572 laude

2404 4612 2542 4664 illam
2566 4610 2938 4680 praedicarunt,
2966 4620 3018 4663 et
3047 4625 3164 4662 cum
3188 4615 3334 4661 tanto
3362 4607 3560 4661 honore
3593 4606 3969 4675 pra‘signiﬁca-

2403 4709 2528 4756 runt
2555 4719 2566 4754 :
2594 4715 2697 4768 quo
2725 4714 2817 4753 ore
2846 4713 2942 4752 nos
2973 4698 3178 4751 Domini
3207 4711 3415 4750 crucem
3447 4697 3784 4764 divinamque
3825 4698 3969 4750 illam

2404 4791 2750 4846 mconomiam
2778 4789 3029 4844 convenit
3055 4789 3360 4842 celebrare?
3381 4787 3492 4840 Non
3523 4787 3709 4856 ignoro
3739 4802 3834 4842 vos
3855 4805 3971 4841 ma-

2405 4898 2508 4951 gno
2534 4882 2796 4936 desiderio
2826 4881 2989 4934 teneri
3021 4881 3199 4932 talium
3236 4879 3557 4943 orationum,
3586 4881 3779 4947 quibus
3803 4895 3972 4933 sacra

2407 4974 2683 5043 theologia:
2721 4973 2962 5041 dogmata
3009 4972 3367 5038 explicantur:
3395 4980 3450 5024 at
3489 4986 3606 5040 qua:
3653 4988 3791 5026 nunc
3829 4974 3972 5026 dicta

2408 5074 2530 5118 sunt
2559 5065 2662 5117 illis
2692 5073 2814 5117 sunt
2840 5061 3035 5114 afﬁnia.
3069 5061 3313 5129 Ejusdem
3341 5062 3479 5114 enim
3501 5062 3663 5115 animi
3685 5073 3766 5116 est
3785 5074 3978 5116 etcru-

2407 5170 2521 5208 cem
2556 5152 2860 5221 praedicare,
2889 5160 2941 5204 et
2972 5150 3296 5218 unigenitum
3331 5150 3494 5204 Deum
3539 5149 3770 5204 Verbum
3799 5152 3977 5204 laudi-

2412 5246 2508 5298 bus
2533 5243 2804 5296 extollere.
2832 5239 3185 5304 Quamobrem
3213 5240 3324 5294 sire
3353 5239 3679 5294 divinitatem
3705 5239 3974 5308 Unigeniti

2410 5334 2660 5395 celebres,
2693 5333 2804 5384 sive
2829 5330 2941 5397 ejus
2966 5330 3312 5382 oeconomiam
3345 5331 3595 5395 honores,
3628 5345 3731 5382 una
3755 5330 3976 5384 eadem-

2411 5438 2511 5492 que
2533 5431 2613 5476 est
2633 5420 2839 5490 pietatis
2864 5418 3263 5471 demonstratio.

2481 5515 2533 5567 4.
2573 5514 2830 5566 Caeterum
2854 5509 3062 5578 quando
3088 5524 3320 5574 crucem,
3343 5507 3550 5578 quando
3571 5509 3809 5576 corporis
3830 5525 3981 5562 ceco-

2413 5604 2639 5658 nomiam
2667 5601 2839 5665 audis,
2885 5610 3115 5653 mentem
3147 5601 3289 5669 erige
3316 5600 3379 5651 ad
3410 5599 3791 5652 sublimitatem
3825 5613 3980 5668 pote-

2416 5694 2564 5748 statis
2589 5691 2872 5761 Unigeniti.
2903 5691 2979 5746 Ne
3010 5692 3099 5745 illa
3131 5691 3316 5762 ﬁgura,
3345 5705 3463 5761 qua:
3486 5689 3574 5745 hic
3605 5691 3678 5745 tui
3714 5705 3879 5745 causa
3906 5692 3983 5745 ia-
