4128 6320
147 287 273 347 503

153 396 360 466 δειγμα
401 400 496 453 τοῦ
545 403 944 477 ἐπικαταράτου
990 407 1188 479 ὄφεως·
1215 414 1351 485 πρὸς
1376 417 1434 470 δὲ
1465 419 1526 473 τδ
1558 423 1741 475 πεῖσαι

152 485 291 546 τοὺς
311 484 457 573 υἰοὺς
476 488 577 573 τῆς
597 489 895 573 εὐσεϐείας,
927 495 981 548 τί
1008 496 1209 569 δήποτε
1235 484 1296 554 τδ
1318 503 1502 573 σχῆμα
1523 506 1619 560 τοῦ
1635 508 1747 559 ἑπι-

155 566 488 656 καταράτου
502 569 679 656 ὄφεως
697 572 860 627 εἰκὼν
891 566 1108 644 ιγένετο
1135 580 1228 635 τοῦ
1267 566 1744 656 προσκυνούμενον

155 649 421 740 ξριστοῦ.
443 655 557 740 -Διὸ
587 655 666 708 δεῖ
698 658 789 740 καὶ
813 660 963 728 ἡμᾶς
997 662 1173 717 εἰπεῖν
1202 649 1342 735 μετά
1373 649 1627 740 σπουδῆς.
1651 674 1739 725 κα)

153 731 310 813 ὑμᾷς
332 733 563 789 ἀκοῦσαι
595 739 731 807 μετὰ
765 742 1088 813 προθυμίας.

224 812 301 881 γ’.
324 815 501 905 Blacqu
524 814 612 889 ἦν,
636 820 869 905 ἀδελφοὶ,
903 812 1003 895 τῆς
1023 827 1117 881 τοῦ
1137 830 1372 902 σταυροῦ
1393 835 1699 905 οἰκονομίας
1713 838 1743 890 6

357 897 451 950 τοῦ
472 899 666 985 ὄφεως.
691 903 846 958 Κατὰ
868 905 925 959 δὲ
948 892 1038 961 τὸν
1067 892 1289 980 τρόπον,
1328 911 1513 985 ὥσπερ
1537 892 1740 982 ἐκεῖνος

149 977 189 1068 6
206 978 386 1068 1630c
413 982 506 1068 τοῦ
532 983 711 1051 ὄφεως
739 988 932 1068 εἰκόνα
957 990 1054 1059 μὲν
1083 977 1176 1046 καὶ
1202 977 1504 1068 ὄψινοεῑχεν
1537 977 1732 1067 ὄφεως,

154 1061 237 1113 ἰδν
266 1061 329 1114 δὲ
360 1065 455 1116 καὶ
488 1068 751 1137 πονηρίαν
772 1071 871 1124 οὐκ
893 1066 1035 1142 εἶχεν
1059 1061 1255 1142 ὄφεως·
1287 1061 1444 1132 οῦτιιῖ
1463 1061 1598 1135 καὶό
1622 1061 1735 1135 Σωλι

147 1143 278 1214 τηρ,
302 1143 473 1233 ’[5ἰ5]
504 1150 643 1202 κατὰ
670 1150 760 1204 τὸν
795 1151 934 1205 θεῖον
976 1154 1312 1221 ’Δπόστολον,
1346 1161 1406 1212 ὲν
1433 1162 1733 1233 ὁμοιώματι

151 1229 362 1316 σαρκὸς
387 1231 660 1316 ἀμαρτίας
679 1235 983 1302 ἐπιφανεὶς,
1006 1237 1111 1303 ἔξω
1131 1240 1321 1309 γέγονε
1343 1229 1525 1314 πάσης
1554 1229 1733 1316 ἁμαρ-

146 1313 292 1401 τίαςΑ·
323 1314 509 1401 καθῲς
542 1317 688 1401 καὶ-ό
722 1319 989 1401 μακάριος
1036 1324 1261 1388 Ἠσαίας
1295 1313 1504 1398 συνῳδά
1526 1313 1606 1400 τῷ
1627 1313 1734 1401 μα-

147 1396 331 1467 καρίῳ
360 1398 558 1467 Παύλῳ
588 1399 954 1470 φθεγγόμενός
984 1421 1169 1475 φησιν·
1193 1408 1291 1472 ’ος
1311 1396 1601 1478 ἁμαρτίαν
1622 1396 1733 1469 οὐκ

143 1479 465 1562 ἐποίησεν,
504 1479 647 1533 οὐδὲ
680 1483 890 1551 εὑρέθη
924 1485 1105 1554 δόλος
1146 1488 1216 1541 ἐν
1242 1489 1322 1552 τῷ
1350 1494 1601 1562 στόματι
1623 1496 1731 1548 αὐ-

145 1561 287 1648 τοῦ.-
308 1562 484 1648 ΚατὰΔ
517 1563 608 1616 τὸν
646 1564 872 1648 Ἡσαΐαν
903 1569 1047 1639 ἔχεις
1097 1572 1226 1643 μίαν
1250 1561 1601 1630 ama-tm
1641 1596 1731 1648 μοι

148 1645 239 1696 καὶ
272 1645 365 1713 ἐφ’
393 1645 596 1730 ἑτέραν
645 1647 849 1702 εἰκόνα.
889 1651 1062 1705 Βλέπε
1108 1654 1194 1708 διά
1238 1657 1344 1709 τῶν
1369 1658 1554 1712 τύπων
1588 1645 1730 1730 λάμ-

146 1743 364 1780 πουσαν
412 1729 512 1794 τὴν
550 1728 826 1799 ἀλήθειαν.
859 1734 919 1785 Ol
950 1734 1101 1804 ὄφεις
1144 1737 1362 1792 ἔδακνον
1411 1742 1537 1805 τοὺς
1582 1728 1730 1807 υἱοὺς

156 1810 397 1882 Ἰσραὴλ,
441 1813 528 1864 ὅτε
568 1811 695 1876 λαὸς
715 1813 919 1886 ὀλέθρῳ
963 1818 1276 1888 περιέπεσε.
1317 1822 1613 1892 Φάρμακον
1650 1828 1731 1889 εἰς

146 1894 426 1962 σωτηρίαν
458 1895 695 1967 Μωῡσῆς
724 1898 952 1952 ἱκετεύει
981 1900 1165 1956 δοῦναι
1192 1904 1282 1957 τὸν
1316 1905 1467 1958 Θεόν.
1513 1907 1568 1960 Ὀ
1594 1907 1728 1973 Θεὸς

145 1977 498 2061 ὑποδείκνυσι
558 1979 638 2051 τῷ
693 1980 983 2053 θεράποντι
1040 1985 1331 2057 φάρμακον
1387 1991 1725 2061 εὐεργεσίας,

145 2058 237 2111 καί
261 2077 421 2129 φησι·
446 2063 714 2130 Ποίησον
750 2065 891 2133 ὄφιν
930 2068 1219 2136 χαλκοῦν,
1250 2072 1349 2125 καί
1386 2058 1586 2140 πῆξον
1618 2076 1726 2128 αὑ-

145 2140 248 2226 τόν
274 2142 395 2210 πρὸ
436 2141 543 2210 τῆς
588 2145 827 2216 σκηνῆς
866 2148 975 2204 τοῦ
996 2154 1349 2222 μαρτυρίου.
1382 2154 1446 2207 Τί
1478 2154 1724 2226 βούλεται

144 2224 202 2277 τὸ
230 2226 574 2296 ὑπόδειγμα;
611 2229 790 2284 ’Δλλοι
832 2232 882 2284 οἰ
916 2231 1203 2299 δάκνοντες
1230 2237 1404 2305 ὄφεις,
1428 2224 1523 2292 καὶ
1568 2240 1725 2304 ἄλλος

144 2308 283 2393 ὑπὲρ
317 2309 504 2393 αύτῷν
532 2313 950 2385 σταυρούμενος.
981 2318 1045 2370 Τί
1082 2316 1328 2388 βούλεται
1374 2322 1437 2374 τὸ
1467 2324 1718 2393 αἰνιγμας

143 2391 195 2442 τί
222 2392 697 2477 ὲπαγγέλλεταιή
738 2396 866 2450 σκιά
916 2397 1010 2452 τοῦ
1059 2402 1358 2473 μυστηρίου
1395 2414 1455 2468 ας
1512 2391 1720 2477 Ὥσπερ

144 2474 275 2558 εκεῖ,
311 2475 501 2558 φησὶν,
536 2478 564 2528 6
591 2476 780 2541 τύπος,
808 2479 984 2534 ἄλλων
1019 2481 1324 2536 δακνόντων
1347 2485 1544 2553 ὄφεων,
1586 2490 1614 2540 6
1646 2474 1719 2558 μὴ

140 2554 349 2609 δάκνων
376 2557 516 2627 μηδὲ
548 2558 754 2629 πλήξας
790 2563 1135 2633 προσήλωται
1160 2564 1236 2634 τῷ
1268 2567 1427 2635 ξύλῳ·
1455 2568 1596 2621 οῦτω
1627 2554 1721 2623 καί

142 2638 244 2691 τῶν
292 2638 472 2693 ἄλλων
506 2640 808 2711 ἀνθρώπων
858 2644 1295 2715 ἁμαρτανόντων,
1334 2648 1474 2719 ὑπὲρ
1505 2650 1721 2703 πάντων

144 2720 321 2789 μέλλει
348 2723 580 2791 πάσχειν
610 2726 639 2776 6
680 2724 885 2794 Ἰησοῦς
916 2729 945 2779 ὁ
977 2728 1377 2801 ἀναμάρτητος.
1415 2732 1583 2802 ’Υπὲρ
1611 2733 1720 2788 τῶν

142 2802 443 2889 δακνόντων
467 2805 642 2889 ὄφεων
663 2806 784 2889 ὄφις
817 2809 1196 2882 ἀναμάρτητος
1218 2813 1560 2884 σταυροῦται·
1581 2817 1718 2889 ὑπὲρ

143 2886 295 2954 ἡμῶν
355 2886 468 2939 τῶν
504 2887 877 2958 ὑποκειμένων
909 2889 1123 2963 θανάτῳ
1151 2894 1179 2946 6
1205 2895 1445 2965 ἁμαρτίᾳ
1478 2896 1550 2967 μὴ
1583 2886 1715 2951 ὑπο.

145 2969 389 3039 κείμενος
413 2970 796 3040 προσηλοῦται.
839 2973 1014 3045 Ὅπερ
1045 2976 1182 3043 μετὰ
1209 2976 1317 3028 τῶν
1347 2977 1520 3031 ἄλλων
1540 2980 1717 3045 καλῶς

144 3052 598 3122 προανεφώνησεν
624 3048 725 3106 ὧδὲ
754 3070 870 3117 πως
912 3054 1137 3119 Ἡσαΐας
1166 3056 1359 3127 λέγων·
1406 3061 1581 3131 ’Υπὲρ
1604 3062 1720 3116 τῶν

142 3135 441 3203 ἁμαρτιῶν
474 3134 581 3189 τοῦ
630 3137 784 3192 λαοῦ
830 3132 1018 3206 ἦλθεν
1048 3142 1135 3206 εἰς
1178 3142 1454 3197 θάνατον·
1494 3146 1606 3210 καὶ,
1654 3146 1718 3200 '0

145 3215 354 3286 Κύριος
398 3219 744 3287 παρέδωκεν
793 3222 1011 3277 ἑαυτὸν
1056 3223 1207 3291 ὑπὲρ
1261 3226 1379 3279 τῶν
1421 3227 1718 3297 ἁμαρτιῶν

148 3301 327 3387 ἡμῷν.
396 3305 877 3376 Ἀναμαρτυρῆσαι
925 3308 1031 3377 χρὴ
1088 3309 1249 3363 πάλιν
1284 3311 1379 3365 τοῦ
1417 3315 1714 3387 μυστηρίου

143 3387 229 3439 τὸν
250 3386 433 3455 λόγον.
468 3389 679 3460 Ὠσπερ
706 3389 825 3443 ἐκεῖ
851 3389 999 3444 ἄλλοι
1027 3394 1075 3445 οί
1101 3392 1405 3461 δάκνοντες,
1438 3398 1531 3450 καὶ
1558 3386 1715 3464 ἄλλος

142 3470 169 3521 ὁ
198 3469 567 3551 πηγνύμενος·
604 3470 746 3525 οῦτω
778 3473 870 3526 καὶ
907 3473 1140 3528 ἐνταῦθα
1166 3476 1365 3540 πάντες
1384 3479 1434 3531 οἰ
1463 3480 1714 3551 ἁμαρτή-

146 3568 347 3616 σαντες,
375 3553 476 3607 καὶ
501 3546 582 3615 εἷς
605 3556 634 3609 6
669 3554 807 3626 ὑπὲρ
833 3556 1048 3612 πάντων
1079 3546 1715 3634 σταυρούμενοςίἚχεις

142 3633 391 3705 δευτέραν
421 3635 625 3689 εἰκόνα·
659 3637 934 3708 σκόπησόν
954 3656 1044 3710 μοι
1065 3641 1158 3693 καὶ
1184 3642 1376 3712 ἑτέραν
1393 3644 1574 3697 εἰκόνα
1600 3633 1713 3716 ipl-

143 3730 254 3785 την·
299 3716 431 3771 Ἐπὶ
459 3718 757 3787 στόματος
781 3719 888 3774 δύο
922 3721 1021 3775 καί
1038 3722 1214 3790 τριῶν
1233 3726 1547 3793 μαρτύρων
1578 3744 1713 3781 στα-

146 3799 379 3866 θήσεται
402 3801 526 3855 πιῖν
546 3800 731 3870 ῥῆμα.
748 3803 845 3856 Διά
863 3804 915 3857 τί
944 3805 1267 3876 σταυροῦται
1301 3808 1532 3876 χαλκοῦς
1558 3810 1710 3880 ὄφις;

146 3881 261 3933 ἰνα
291 3882 612 3953 καταργηθῇ
638 3886 705 3937 τά
720 3885 971 3955 δήγματα
993 3886 1102 3939 τῶν
1125 3889 1317 3956 ὄφεων.
1353 3891 1514 3944 Ἀλλο
1533 3889 1625 3946 οὖν
1651 3894 1713 3946 τὸ

150 3964 563 4045 σταυρούμενον,
600 3965 695 4019 καὶ
724 3965 860 4020 ἄλλα
880 3966 949 4021 τά
975 3970 1413 4040 καταργούμενα.
1436 3973 1546 4043 Ούχ
1579 3976 1712 4045 ὁρᾷς

146 4044 240 4118 τὴν
260 4046 496 4117 ὄμφασιν
527 4050 626 4117 τῆς
653 4046 942 4120 ἀληθείας;
978 4050 1039 4104 ού
1061 4051 1277 4122 βλέπεις
1300 4054 1374 4119 ὡς
1398 4056 1456 4108 ἐν
1489 4044 1711 4127 κρυπτῷ

147 4128 422 4199 γράμματι
446 4130 545 4201 τὴν
567 4130 796 4202 δύναμιν
823 4133 923 4201 τῆς
953 4134 1290 4205 οἰκονομίας;
1336 4137 1709 4210 Ἐσταυρὼθη,

147 4211 319 4280 φησὶν,
334 4212 571 4280 ὄφις,τνα
588 4214 907 4286 καταργηθῇ
923 4215 1030 4269 τῶν
1043 4217 1343 4289 δρακόντων
1356 4221 1422 4273 τὰ
1436 4221 1709 4292 δήγματα·

147 4293 450 4367 ἐσταυρώθη
475 4297 725 4365 Χριστὸς,
765 4299 851 4351 ἵνα
886 4300 1273 4370 καταργηθῶσι
1312 4302 1419 4356 τῶν
1445 4305 1710 4374 δαιμόνων

148 4377 201 4428 αἰ
218 4378 507 4448 ἐνέργειαι.
534 4378 726 4443 Ἀλλος
760 4382 789 4434 6
817 4381 939 4449 ὄφις
957 4383 987 4435 6
1007 4382 1369 4455 πηγνύμενος,
1384 4388 1475 4439 καὶ
1496 4386 1644 4441 ἄλλοι
1660 4389 1708 4442 οἱ

147 4462 570 4543 καταργούμενοι
604 4462 916 4532 δράκοντες·
953 4465 1111 4529 ἄλλος
1132 4468 1160 4520 6
1184 4468 1277 4520 ἐπὶ
1312 4469 1548 4539 σταυροῦ
1577 4472 1711 4543 Χρι-

151 4541 279 4627 στὸς,
307 4544 399 4597 καί
422 4544 634 4627 άλλοιοί
663 4548 1091 4619 καταργούμενοι
1106 4549 1372 4621 δαίμονες.
1398 4554 1505 4607 Kal
1522 4541 1711 4627 ὥσπερ

148 4622 255 4676 ἐκεῖ
284 4627 317 4695 ή
349 4626 512 4680 εἰκὼν
550 4627 643 4681 τοῦ
670 4628 845 4698 ὄφεως
886 4630 981 4683 τοῦ
1027 4633 1350 4704 φαινομένου
1395 4639 1708 4709 κατήργησε

148 4706 209 4758 τὰ
243 4707 493 4791 δήγματα
516 4710 624 4764 τῶν
641 4711 838 4781 ὄφεων,
867 4712 1007 4767 οὕτω
1027 4717 1119 4769 καὶ
1146 4716 1378 4771 ἐνταῦθα
1413 4722 1444 4789 ή
1468 4706 1560 4773 τοῦ
1579 4706 1711 4791 Χρι-

154 4788 267 4842 στοῦ
297 4792 557 4863 νέκρωσις
596 4793 691 4847 τοῦ
749 4794 979 4851 θανάτου
1036 4800 1223 4867 γέγονε
1273 4788 1558 4872 νέκρωσις,
1615 4788 1711 4857 καὶ

150 4872 245 4923 τῶν
275 4874 542 4944 δαιμόνων
569 4876 908 4948 καθαίρεσις.
955 4881 1192 4945 Εἰκότως
1213 4878 1303 4936 οὖν
1332 4886 1360 4937 6
1398 4884 1583 4956 Σωτὴρ
1598 4886 1710 4958 τὴν

151 4954 319 5009 εἰκόνα
341 4958 472 5027 πρὸς
495 4960 684 5014 ἑαυτὸν
706 4961 959 5033 ἁρμόζων
983 4964 1154 5034 ἔλεγε·
1175 4968 1284 5020 Καὶ
1314 4966 1507 5034 καθὼς
1538 4954 1707 5023 Inmi-

152 5034 262 5121 σῇς
292 5039 499 5108 ὕψωσε
524 5041 631 5094 τόν
662 5042 801 5112 ὄφιν
828 5044 897 5097 ἐν
911 5044 986 5113 τῇ
1014 5045 1229 5116 ἐρήμῳ,
1256 5050 1407 5103 οὕτω
1432 5051 1527 5105 δεῖ
1546 5053 1710 5121 133%.».-

153 5120 311 5188 θῆναι
337 5124 442 5176 τὸν
472 5125 607 5179 Υίὸν
621 5127 725 5180 τοῦ
745 5128 1076 5196 ἀνθρώπου.
1103 5132 1200 5189 ἵνα
1218 5132 1335 5201 πᾶς
1352 5136 1385 5189 d
1410 5137 1710 5191 πιστεύων

152 5206 229 5269 εἰς
265 5209 445 5261 αὐτὸν
473 5210 559 5276 μὴ
599 5211 914 5279 ἀπόληται,
943 5214 1080 5269 cur
1111 5216 1222 5286 ἔχῃ
1257 5217 1406 5285 ζωὴν
1448 5219 1705 5276 αἰώνιον.

156 5288 344 5375 Ἔχεις,
373 5290 605 5375 ἀδελφέ,
621 5294 889 5364 μακάριον
918 5297 1159 5368 Μωῦσῆν
1181 5299 1274 5352 καὶ
1300 5302 1358 5354 ὲν
1380 5302 1550 5374 ἑτέρῳ
1572 5304 1707 5375 σχή-

157 5386 274 5437 ματι
301 5372 388 5424 τὸν
423 5373 650 5445 σταυρὸν
708 5375 1120 5447 ὑπογράφοντα·
1164 5382 1258 5435 καὶ
1309 5383 1474 5450 ὅπως,
1522 5372 1705 5441 ἄκουε.

155 5454 235 5505 Δεῖ
266 5454 368 5525 γάρ
408 5458 537 5527 περὶ
584 5458 815 5532 σταυροῦ
846 5459 1102 5529 λέγοντας
1132 5463 1329 5529 πολλάς
1358 5468 1706 5539 παραστῆσαι

156 5539 236 5592 τοῦ
283 5543 578 5616 μυστηρίου
630 5545 727 5609 τὰς
782 5545 1029 5619 θεωρίας.
1085 5550 1367 5607 Ἐπέθεντό
1426 5571 1554 5608 ποτε
1595 5558 1706 5619 τοῖς

209 5664 234 5694 ⁸
256 5664 372 5731 nec.
404 5669 491 5720 τοῦ
514 5669 782 5734 μαρτυρίου.

1375 304 1462 361 DE
1502 305 1863 365 SERPENTE
1909 309 2211 377 HOMILIA.

3290 317 3403 373 504

1860 422 2217 505 Ἰσραηλίταις
2248 426 2556 495 ἀλλόφυλοι,
2602 428 2743 482 κατά
2769 428 2871 500 τήν
2903 429 3130 502 ἔρημον·
3168 431 3412 505 Ἀμαλὴκ

1841 504 2103 587 δὲόνομα.
2129 512 2244 572 τοῖς
2273 509 2609 580 ἀλλοφύλοις.
2654 512 2991 567 Ἀποστέλλει
3026 514 3263 583 Μωῦσῆς
3305 504 3412 587 ’ἰη-

1840 585 1970 639 σοῦν
1998 587 2091 641 τδν
2121 589 2217 643 τοῦ
2250 591 2429 663 Ναυῆ,
2476 597 2923 665 στρατηγήσοντα
2956 597 3070 657 τοῖς
3096 585 3407 665 ὁμοφύλοις.

1839 669 2160 752 καὶλόπλίζει
2189 673 2287 742 μὲν
2310 674 2403 728 τὸν
2432 674 2673 745 διάδοχον
2716 675 2931 740 ἑαυτοῦ,
2966 676 3117 747 μένει
3167 676 3221 729 δὲ
3256 677 3408 752 [516]

1837 750 2000 815 αὐτὸς
2022 753 2083 806 ὲν
2105 754 2183 823 τῷ
2201 755 2316 826 ὄρει
2338 754 2436 820 τάς
2466 761 2654 827 χεῖρας
2687 760 2959 812 ἐκτείνων.
2997 757 3252 827 Μωῦσῆς
3275 750 3406 832 γὰρ,

1837 834 2018 901 φησὶν,
2057 835 2240 902 ἀνέϐη
2277 839 2365 902 εἰς
2400 837 2466 889 τὸ
2494 838 2650 905 ὄρος,
2681 840 2777 892 καί
2798 840 3045 907 ἣπλωσε
3073 841 3178 906 τὰς
3206 842 3407 910 χεῖρας

1835 916 2039 969 αὐτοῦ·
2068 918 2165 970 καί
2192 918 2425 986 ἐγένετο
2449 920 2627 985 ἡνίκα
2650 920 2727 974 ἂν
2747 922 3003 986 ἐξέτεινε
3023 922 3285 992 Μωῦσῆς
3302 924 3407 989 τὰς

1835 996 2059 1064 χεᾷλας,
2104 999 2275 1052 ἐνίκα
2322 1004 2355 1054 ὀ
2396 1001 2652 1069 Ἰσραήλ·
2688 1003 2785 1055 καί
2818 1005 2998 1071 ἡνίκα
3026 1006 3104 1059 ἂν
3131 1009 3403 1074 κατετίθη

1834 1076 1939 1141 τὰς
1961 1080 2162 1147 χεῖρας
2194 1081 2314 1135 ὑπὸ
2333 1078 2438 1137 τοῦ
2456 1084 2794 1151 σωματικοῦ
2807 1085 3037 1154 ,ϐάρους
3060 1088 3401 1156 νικώμενος.

1831 1161 2002 1216 ἐνίκα
2027 1165 2059 1215 ὁ
2094 1164 2379 1234 Ἀμαλήκ.
2436 1166 2498 1218 Τί
2530 1167 2775 1237 βούλεται
2826 1168 2886 1222 τὸ
2914 1170 3125 1239 σχῆμας
3176 1170 3234 1223 '0
3278 1173 3405 1223 'lou-

1830 1242 1977 1305 δαῖος
2009 1246 2209 1309 εὐθέως
2244 1247 2593 1318 φοϐούμενος,
2622 1250 2695 1319 μὴ
2724 1249 2912 1321 λάμψῃ
2955 1251 3042 1304 διὰ
3072 1253 3171 1323 τῆς
3197 1251 3405 1317 εἰκόνος

1830 1324 2035 1392 ἡδόξαΔ
2061 1328 2154 1380 τοῦ
2194 1330 2428 1401 σταυροῦ
2479 1331 2573 1384 τοῦ
2624 1333 2885 1402 Χριστοῦ,
2918 1334 3107 1396 Οὐδὲν,
3137 1334 3322 1402 φησὶν,
3373 1337 3403 1388 6

1828 1404 1996 1486 τύπος
2027 1407 2138 1479 ἔχει
2171 1411 2278 1464 τῶν
2312 1413 2462 1483 παρὰ
2509 1416 2591 1467 σοὶ
2646 1414 3047 1485 μυθευομένων.
3086 1416 3401 1486 Προσευχῆς

1827 1482 1894 1557 ἦν
1931 1491 2107 1544 έκεῖνο
2130 1493 2193 1545 τὸ
2219 1482 2405 1565 σχῆμα
2444 1497 2634 1559 τύπος,
2649 1482 2761 1550 ὀύκ
2795 1498 3019 1559 εἰκόνος.
3054 1496 3130 1560 ὡς
3162 1497 3225 1550 σὺ
3265 1500 3399 1550 ὑπο-

1826 1574 1986 1636 νοεῖς.
2016 1575 2126 1628 Kal
2151 1576 2202 1629 τί
2235 1576 2453 1648 δήποτε,
2505 1578 2663 1649 εἰπερ
2708 1579 2921 1649 άληθῶς
2964 1582 3045 1634 ὅτι
3086 1581 3293 1651 καρπὸς
3330 1577 3399 1651 ἦν

1825 1652 1927 1723 τῆς
1967 1658 2270 1728 προσευχῆς
2297 1661 2329 1728 ή
2360 1659 2503 1730 νίκη,
2553 1660 2614 1713 ού
2648 1662 2714 1731 τῇ
2767 1666 3037 1732 προσευχῇ
3084 1663 3184 1735 τὴν
3242 1664 3398 1732 νίκην

1832 1735 2144 1807 ὑπέγραψεν
2169 1742 2197 1793 6
2220 1741 2374 1809 λόγος
2402 1743 2482 1810 (ού
2505 1742 2613 1814 γὰρ
2634 1737 2785 1796 εἶπεν
2815 1744 3075 1815 ήΓραφή·
3090 1744 3281 1798 Ἰνινίκα
3305 1743 3399 1813 ηὕ-

1828 1836 1953 1889 χετο
1981 1822 2238 1903 Μωῦσῆς·
2267 1824 2425 1879 τοῦτο
2452 1825 2558 1899 γὰρ
2585 1822 2653 1897 ἦν
2681 1826 3033 1898 γνωρίζοντος
3062 1828 3294 1903 άληθῶς,
3314 1828 3396 1882 ὅτι

1828 1903 2034 1971 καρπὸς
2062 1906 2161 1959 οὐκ
2184 1902 2252 1977 ἦν
2282 1907 2382 1978 τῆς
2407 1909 2715 1979 προσευχῆς
2744 1912 2776 1981 ή
2803 1909 2974 1979 νίκη),
3003 1909 3118 1964 ἀλλ’
3150 1910 3181 1981 ἢ
3216 1913 3279 1981 τῇ
3315 1913 3394 1965 εί-

1824 1987 1939 2041 κόνι
1956 1991 2049 2043 καὶ
2076 1990 2153 2061 τῷ
2172 1993 2548 2063 σχήματιτῶν
2566 1992 2797 2064 χειρῶν;
2833 1993 3023 2047 Ἦνίκα
3049 1994 3159 2064 γὰρ
3186 1993 3394 2064 καθῆκε

1821 2072 2060 2142 Μωῦσῆς
2090 2074 2189 2137 τὰς
2236 2077 2444 2145 χεῖρας,
2499 2077 2699 2145 ἡττᾶτο
2755 2076 2784 2127 6
2843 2076 3076 2147 Ἰσραήλ·
3127 2077 3287 2148 ήνίκα
3339 2076 3395 2129 δὲ

1820 2153 2011 2223 ἥπλου,
2041 2157 2237 2225 ήττᾶτο
2271 2158 2299 2210 ό
2332 2158 2598 2227 ’Δμαλήκ.
2640 2158 2703 2210 Εἰ
2726 2158 2835 2230 γάρ
2866 2159 2965 2229 τῆς
2991 2160 3299 2228 προσευχῆς
3326 2153 3394 2226 ἦν

1819 2236 1882 2289 τὸ
1910 2237 2087 2309 ἔργον,
2114 2241 2280 2311 ἐχρῆν
2322 2244 2514 2295 εἰπεῖν·
2547 2242 2656 2297 Καὶ
2693 2244 2859 2313 ήνίκα
2901 2242 3099 2313 ηῦχετο
3132 2241 3393 2312 Μωῦσῆς.

1818 2321 1991 2376 ἐνίκα.
2038 2322 2197 2387 Ἀλλ’,
2231 2323 2307 2388 ὡς
2326 2326 2497 2396 ἔφθην
2527 2326 2715 2387 εἰπὼν.
2734 2327 2832 2397 τὴν
2861 2326 3166 2398 προσευχὴν
3194 2342 3395 2397 παρενο-

1820 2402 2061 2473 θέμενοςτ
2107 2408 2206 2477 οὐχ
2238 2407 2315 2471 ὡς
2344 2409 2637 2479 ἄχρηστον,
2679 2408 2792 2463 ἀλλ’
2824 2410 2899 2472 ὡς
2925 2409 3242 2478 ὀφείλουσαν
3282 2427 3391 2463 πα-

1820 2488 2134 2557 ραχωρῆσαι
2166 2492 2232 2561 τῇ
2268 2492 2433 2545 εἰκόνι
2466 2491 2560 2545 τοῦ
2608 2491 2863 2564 σταυροῦ,
2887 2490 2964 2562 τῷ
3002 2492 3157 2563 τύπῳ
3194 2492 3392 2561 καὶτῷ

1819 2570 2028 2637 σημείῳ
2073 2570 2171 2640 τὴν
2205 2571 2361 2640 νίκην
2404 2574 2729 2643 ὑπογράφει.
2777 2573 2967 2626 Ἦνίκα
3020 2572 3129 2642 γὰρ
3167 2572 3390 2642 ῆπλωσε

1818 2650 2061 2720 Μωῦσῆς
2096 2651 2195 2714 τάς
2228 2655 2437 2723 χεῖρας,
2485 2655 2640 2707 ἐνίκα
2673 2655 2704 2707 6
2746 2654 2982 2726 Ἰσραήλ.
3039 2654 3103 2706 Τί
3143 2653 3388 2724 βούλεται

1814 2732 2124 2805 ἀπλουμένη
2159 2734 2276 2807 χείρ
2294 2753 2308 2800 ς
2326 2735 2816 2808 ’Δναξωγράφησον
2845 2738 2975 2807 παρ’
3006 2737 3181 2807 ἐαυτῷ
3200 2740 3387 2807 χεῖρας

1812 2816 2161 2886 ήπλωμένας,
2194 2817 2279 2871 ἵνα
2314 2817 2428 2891 ἴδῃς
2454 2817 2548 2872 τοῦ
2580 2818 2955 2891 προσκυνητοῦ
2986 2818 3219 2888 σταυροῦ
3246 2820 3387 2890 λάμ-

1813 2914 2021 2951 πουσαν
2048 2899 2147 2969 τὴν
2180 2898 2383 2955 εἰκόνα.
2443 2900 2583 2954 Ἀλλ’
2621 2901 2813 2971 ἔκαμε,
2843 2902 2995 2970 φησὶ,
3030 2900 3289 2969 Μωῦσῆς·
3323 2902 3385 2955 οὑ

1814 2978 1921 3049 γὰρ
1948 2980 2299 3050 ὑπούργησαν
2325 2984 2380 3035 αἰ
2403 2985 2583 3054 χεῖρες
2599 2983 2735 3053 πρὸς
2761 2984 2861 3053 τὴν
2893 2985 3076 3038 εἰκόνα
3104 2984 3182 3053 τῷ
3205 3001 3388 3055 σωμα-

1811 3060 1950 3130 τικῷ
1991 3061 2145 3133 βάρει
2179 3063 2496 3134 νικώμεναι.
2526 3063 2592 3115 Τί
2619 3060 2744 3131 ούνς
2773 3065 2893 3119 Ἵνα
2915 3066 2989 3136 μὴ
3022 3065 3272 3135 λυθείσης
3286 3067 3386 3135 τῆς

1811 3146 2036 3210 εἰκόνος,
2073 3147 2205 3220 λυθῇ
2232 3150 2325 3203 καὶ
2369 3151 2403 3220 ή
2447 3149 2593 3220 νίκη,
2641 3151 2853 3205 ἵσταται
2904 3149 3111 3221 Ἀαρὼν
3136 3150 3230 3204 καὶ
3265 3152 3382 3221 “Op,

1813 3234 1906 3288 καὶ
1943 3234 2227 3305 ἐκούφιζον
2251 3236 2415 3293 αὑτοῦ
2443 3238 2543 3303 τὰς
2567 3242 2774 3309 χεῖρας,
2806 3239 2892 3293 ἵνα
2927 3240 3002 3309 μὴ
3031 3241 3063 3309 ή
3098 3236 3262 3291 εἰκὼν
3290 3238 3384 3291 τοῦ

1814 3322 2047 3393 σταυροῦ
2087 3325 2431 3395 παρελθοῦσα
2479 3327 2573 3380 καὶ
2619 3326 2943 3396 παυσαμένη
2981 3325 3147 3395 σϐέσῃ
3184 3326 3284 3396 τήν
3307 3326 3387 3378 νί-

1811 3429 1933 3481 κην.
1970 3411 2071 3465 Διά
2094 3414 2146 3466 τί
2172 3413 2229 3466 δὲ
2254 3413 2388 3478 ὅλως
2421 3413 2629 3484 Ἀαρὼν
2657 3415 2752 3468 καὶ
2776 3415 2875 3487 ’Ὡρ
2904 3414 3001 3479 τὰς
3037 3417 3223 3485 χεῖρας
3252 3415 3386 3468 ὑπο·

1813 3500 2191 3570 στηρίζουσινς
2250 3502 2481 3570 Ἀαρὼν,
2516 3502 2755 3572 ἀδελφοὶ,
2789 3502 2889 3574 τὴν
2927 3502 3206 3573 ἱερατικὴν
3238 3502 3386 3555 ἐπεῖ-

1810 3607 1905 3661 χεν
1937 3590 2115 3657 ἀξίαν·
2155 3593 2183 3643 6
2225 3591 2282 3644 δὲ
2312 3594 2412 3663 “Dp
2454 3592 2551 3661 τῆς
2599 3591 2879 3662 βασιλικῆς
2929 3589 3100 3660 φυλῆς
3142 3587 3254 3661 εἶχε
3286 3590 3383 3660 τὴν

1813 3677 2149 3745 συγγένειαν.
2181 3681 2476 3749 Δορυφορεί
2501 3678 2675 3733 τοίνυν
2699 3678 2796 3751 τὴν
2820 3679 3004 3731 εἰκόνα
3033 3676 3127 3731 τοῦ
3149 3677 3382 3749 σταυροῦ

1812 3766 2077 3838 ἱερωσύνη
2110 3768 2205 3821 καί
2232 3767 2492 3838 βασιλεία.
2522 3769 2631 3821 Kal
2650 3767 2836 3839 ὥσπερ
2865 3767 3381 3838 μεταμορφωθέντος

1808 3852 1902 3904 τοῦ
1928 3853 2131 3923 Κυρίου
2164 3854 2222 3906 ὲν
2242 3853 2317 3923 τῷ
2349 3853 2488 3925 ὄρει,
2517 3853 2672 3925 ὤφθη
2707 3853 2946 3922 Μωῦσῆς
2972 3854 3065 3906 καὶ
3101 3853 3284 3917 Ἠλίας
3318 3855 3381 3907 ἐκ

1809 3939 1998 4003 δεξιῶν
2031 3943 2126 3993 καὶ
2159 3941 2219 4005 ἐξ
2240 3942 2555 4011 εὐωνύμων,
2584 3944 2670 3995 ἵνα
2687 3942 3098 4013 δορυφορήσωσι
3123 3941 3215 3995 τοῦ
3249 3944 3382 4014 Χρι-

1811 4023 1937 4077 στοῦ
1967 4024 2065 4096 τὴν
2092 4026 2375 4096 βασιλικὴν
2404 4027 2761 4080 εἰκόνα·οὖτω
2792 4028 2883 4079 καὶ
2906 4026 3380 4100 ὲνταῦθαἋαρὼν.

1808 4111 1908 4179 τῆς
1930 4113 2200 4182 ἰερατείας
2226 4113 2379 4179 τάξιν
2413 4113 2642 4182 ἐπέχων,
2682 4113 2968 4185 δορυφορεῖ
3003 4112 3093 4166 τὸν
3130 4114 3377 4186 σταυρὸν,

1810 4199 1905 4252 καὶ
1926 4200 2024 4269 “Op
2051 4199 2250 4268 ὁμοίως
2280 4200 2379 4270 τῆς
2408 4199 2688 4269 βασιλικῆς
2717 4200 2853 4268 ἔχων
2881 4200 2940 4252 τὸ
2961 4199 3175 4270 πρῶτον
3200 4201 3377 4267 ἄνθος,

1808 4285 2100 4357 δορυφορεῖ
2115 4286 2204 4339 τὸν
2236 4286 2485 4357 σταυρόν.
2516 4286 2700 4340 Ταῦτά
2724 4304 2811 4357 μοι
2846 4287 3079 4359 εἴρηται,
3099 4288 3184 4341 ἵνα
3198 4288 3377 4354 δείξω,

1808 4372 1957 4435 ὅπως
1984 4376 2095 4436 τοῖς
2152 4374 2389 4442 πατράσι
2434 4376 2545 4437 τοῖς
2572 4372 2815 4444 ἀρχαίοις
2842 4374 3069 4437 ἐκείνοις
3088 4374 3187 4445 τῆς
3222 4378 3380 4430 εὐσε-

1809 4458 1962 4521 ϐείας
1983 4461 2234 4530 εἰσήγετο
2266 4462 2299 4530 ή
2331 4460 2513 4525 εἰκὼν,
2533 4461 2627 4513 καὶ
2648 4461 2879 4532 ἐτιμήθη
2900 4462 2992 4514 καλ⁵
3029 4463 3058 4515 6
3087 4462 3258 4526 τύπος
3280 4464 3381 4535 τῆς

1808 4548 2136 4616 οἰκονομίας.
2174 4549 2236 4600 Εἰ
2263 4548 2318 4600 δὲ
2350 4548 2397 4599 οἰ
2432 4548 2948 4615 προαναφωνοῦντες
2971 4546 3142 4613 οὕτως
3187 4551 3383 4622 ἐκήρυ-

1811 4632 1905 4697 ξαν
1928 4632 2169 4699 ἐνδόξως.
2199 4633 2341 4686 οὕτω
2361 4634 2752 4704 προετύπωσαν
2792 4635 3046 4705 ἐντίμως⁹
3087 4636 3258 4701 ποίοις
3287 4640 3380 4690 καὶ

1809 4719 1993 4781 πόσοις
2031 4718 2059 4759 δ
2093 4721 2252 4789 ἡμεῖς
2282 4721 2374 4773 καὶ
2412 4720 2659 4789 πηλίκοις
2690 4721 2917 4791 στόμασι
2945 4723 3039 4775 τοῦ
3066 4722 3263 4793 Κυρίου
3288 4725 3378 4777 τὸν

1812 4802 2044 4873 σταυρὸν
2066 4804 2156 4857 καὶ
2183 4804 2282 4874 τὴν
2307 4803 2487 4857 ἔνθεον
2516 4804 2827 4873 οἰκονομίαν
2858 4805 3180 4877 κηρύξωμεν
3205 4824 3219 4873 ;
3250 4804 3378 4861 Οἶδα

1809 4895 1890 4947 ὅτι
1922 4893 2089 4957 πολὺς
2117 4894 2259 4963 ὑμᾶς
2304 4894 2417 4963 ἔχει
2446 4893 2607 4957 πόθος
2654 4894 2761 4947 τῶν
2809 4894 3152 4965 δογματικῶν
3180 4897 3374 4965 λόγων,

1810 4981 2032 5037 καὶτῶν
2063 4982 2161 5051 τῆς
2199 4981 2474 5050 θεολογίας
2498 4984 2888 5051 κηρυγμάτων·
2924 4982 3039 5036 ἀλλ’
3060 4982 3207 5037 ἐστιν
3234 4985 3378 5038 ὲκεί-

1809 5085 1914 5120 νων
1942 5068 2146 5137 ἀδελφά
2172 5070 2266 5121 καὶ
2296 5068 2364 5120 τά
2388 5067 2482 5121 νῦν
2504 5068 2787 5139 εἰρημένα.
2830 5069 2940 5139 Τῆς
2963 5068 3071 5140 γὰρ
3101 5071 3269 5140 αὐτῆς
3294 5073 3380 5125 ὲν-

1809 5157 1958 5217 νοίας
1987 5156 2080 5207 καὶ
2125 5156 2354 5221 σταυρὸν
2384 5152 2615 5226 κηρῦξαι
2642 5196 2655 5217 ,
2693 5155 2787 5208 καὶ
2837 5156 2928 5209 τὸν
2960 5157 3216 5227 μονογενῆ
3245 5158 3380 5212 Θεὸν

1808 5240 1978 5310 Λόγον
2036 5240 2271 5311 ὑψῶσαι.
2334 5242 2631 5311 Τοιγαροῦν
2671 5241 2771 5295 κᾶν
2824 5242 2924 5312 τήν
2963 5240 3110 5316 [517]
3152 5244 3378 5317 θεότητα

1807 5327 1899 5381 τοῦ
1932 5329 2268 5394 Μονογενοῦς
2298 5331 2565 5403 ὑμνήσῃς,
2600 5329 2703 5383 κᾶν
2734 5329 2833 5398 τὴν
2866 5331 3176 5401 οἰκονομίαν
3208 5334 3375 5404 τιμή-

1810 5429 1929 5482 σῃς,
1949 5414 2077 5484 μίαν
2095 5418 2188 5472 καί
2219 5414 2316 5485 τήν
2347 5416 2514 5485 αὐτὴν
2532 5415 2643 5484 ἔχει
2661 5414 2932 5481 ἀπόδειξιν
2954 5413 3052 5485 τῆς
3072 5417 3373 5483 εὐσεϐείας.

1877 5496 1937 5550 6'.
1953 5497 2097 5568 Πλὴν
2116 5498 2242 5551 ὅταν
2258 5498 2495 5569 ἀκούσῃς
2523 5498 2775 5570 σταυρὸν,
2792 5498 2917 5553 ὅταν
2933 5499 3171 5572 ἀκούσῃς
3190 5499 3377 5572 σώμα-

1870 5619 1899 5659 ι)
1925 5620 2051 5689 Fosi
2061 5622 2229 5677 πόσοις
2250 5621 2362 5689 S_av.
2388 5624 2440 5689 il)
2463 5635 2614 5689 marg.
2639 5623 3028 5686 additumuiou,
3048 5628 3103 5675 et
3124 5637 3212 5687 pro
3228 5626 3379 5689 πτερύτ-

1814 5686 1962 5746 εωμιν
1982 5683 2124 5734 aﬂ'erl
2150 5696 2247 5733 var.
2273 5684 2389 5735 lect.
2411 5683 2698 5746 δοξάσὼμεν.
