4104 6322
193 349 309 404 505

194 461 281 504 eta
322 456 426 512 est,
468 460 659 502 sensus
710 456 827 501 tuos
870 446 1154 517 deprimat,
1202 444 1297 501 sed
1342 445 1637 514 benignitas
1684 446 1774 499 illa

195 540 419 605 Christi,
448 539 539 608 qui
570 550 621 592 te
650 539 900 603 servavit,
932 546 1163 593 mentem
1197 545 1339 590 tuam
1369 537 1605 591 extollat.
1628 535 1773 590 Crux

193 630 411 697 quidem
435 637 653 695 propter
679 638 749 691 te,
783 628 1034 696 majestas
1064 642 1190 681 vero
1221 626 1313 680 Dei
1344 636 1560 696 propter
1581 626 1773 695 ipsum.

197 722 444 789 Majestas
472 720 646 773 divina
675 720 814 774 nulla
841 720 1081 774 oratione
1103 718 1433 787 ampliticari,
1459 717 1601 771 nulla
1618 718 1774 772 etiam

194 814 355 881 dejici
395 822 602 882 potest:
632 812 727 867 sed
769 813 855 882 qui
886 813 1115 881 dejicere
1140 811 1376 877 student,
1408 812 1615 879 seipsos
1640 809 1778 879 deji-

194 907 379 969 tiunt;
409 906 495 974 qui
529 920 654 959 vero
682 904 846 959 Deum
880 905 1122 958 laudibus
1147 904 1399 969 evehunt,
1441 918 1499 958 se
1530 904 1650 957 licet
1690 903 1777 956 in-

192 996 384 1065 dignos
426 996 478 1051 in
507 996 668 1051 altum
698 997 975 1052 extollunt.
1016 996 1394 1063 Quamobrem,
1434 1002 1491 1047 ut
1523 995 1665 1062 prius
1691 993 1775 1047 di—

192 1091 469 1153 cebamus,
501 1090 588 1157 qui
619 1090 1062 1155 incarnationem,
1105 1089 1196 1158 qtti
1227 1086 1544 1156 theologiam
1574 1086 1773 1151 laudat,

192 1184 246 1238 in
283 1184 380 1238 hac
409 1185 667 1238 sententia
697 1192 970 1238 versatur:
1003 1183 1253 1253 quoniam
1297 1196 1427 1235 vero
1455 1178 1650 1249 aliquid
1678 1179 1773 1233 de-

190 1286 313 1329 erat
336 1276 418 1340 iis,
444 1292 560 1343 qua:
589 1276 701 1330 heri
732 1276 1094 1341 tractavimus,
1124 1274 1264 1328 circa
1295 1272 1423 1326 illud
1454 1271 1685 1341 quidem,
1709 1270 1776 1325 Ut

188 1376 499 1436 cognoscant
535 1375 583 1419 te
622 1367 783 1419 solum
812 1383 982 1419 verum
1011 1365 1171 1418 Deum
1202 1374 1247 1419 et
1293 1364 1563 1418 Dominum
1600 1362 1775 1417 Jesttm

190 1457 450 1509 Christum
481 1456 657 1529 (Joan.
691 1458 777 1511 17.
808 1458 895 1525 5);
928 1473 987 1510 ac
1013 1458 1153 1511 circa
1185 1455 1308 1509 illud
1331 1456 1565 1524 quidem,
1597 1454 1776 1509 Solum

190 1566 365 1603 rerum
410 1549 591 1613 Deum,
628 1550 846 1618 prolatae
894 1560 1015 1602 sunt
1058 1547 1349 1617 prophetim
1393 1556 1445 1600 et
1476 1546 1773 1601 testimonia

190 1642 336 1711 quod
368 1641 529 1694 Filius
559 1642 703 1694 solus
732 1656 891 1694 verus
919 1641 1055 1695 Deus
1086 1640 1181 1703 sit;
1209 1639 1563 1693 necessarium
1591 1638 1773 1693 existi-

189 1748 285 1787 mo
319 1733 459 1786 illius
498 1733 622 1786 dicti
668 1735 772 1785 vim
820 1733 1116 1800 explorare.
1151 1732 1331 1800 Atqui,
1364 1732 1438 1784 ait
1469 1731 1773 1796 hmreticus,

188 1824 322 1892 quid
350 1835 496 1892 potes
519 1823 584 1877 de
612 1825 865 1877 missione
901 1824 987 1876 illa
1021 1822 1235 1877 dicere?
1266 1822 1469 1876 Diserte
1487 1823 1628 1876 enim
1647 1822 1777 1875 scri-

190 1923 343 1983 ptum
375 1922 475 1978 est,
509 1913 572 1965 Et
601 1930 746 1981 quem
772 1914 948 1966 misisti
970 1912 1144 1966 Jesttnt
1166 1913 1437 1966 Christum.
1469 1912 1549 1965 An
1573 1912 1659 1980 qui
1681 1912 1775 1965 mi-

189 2006 263 2057 sit
306 2019 482 2071 pareto
510 2018 628 2057 cum
663 2005 828 2057 misso
856 2005 1075 2057 sortitur
1118 2004 1409 2057 honorem?
1454 2004 1578 2058 llaec
1620 2006 1663 2059 si
1708 2004 1773 2057 ita

194 2097 363 2162 legas,
399 2106 452 2149 ut
479 2096 645 2150 literm
666 2097 883 2161 servias,
916 2106 971 2149 ut
997 2111 1151 2164 supra
1181 2096 1430 2161 diximus,
1456 2112 1596 2165 smpe
1617 2097 1771 2151 dissi-

190 2188 350 2242 debis
373 2203 399 2239 a
424 2189 597 2253 nobis,
620 2204 791 2257 neque
819 2189 1008 2242 rationi
1037 2190 1381 2259 congruentia
1410 2189 1777 2258 deprehendes

190 2297 278 2343 ea,
304 2294 419 2347 qua:
439 2280 571 2333 bene
586 2278 798 2347 quidem
819 2280 1035 2348 scripta,
1060 2279 1150 2333 sed
1183 2281 1320 2333 male
1340 2280 1602 2335 intellecta
1620 2291 1774 2345 sunt;

191 2373 235 2422 si
269 2385 400 2422 vero
451 2370 769 2422 sententiam
799 2370 1088 2424 secundum
1117 2371 1191 2423 rei
1220 2372 1493 2424 veritatem
1526 2373 1775 2440 accipias,

192 2476 459 2528 nusquam
494 2460 583 2512 tibi
618 2460 670 2513 in
699 2462 1022 2513 contrarium
1070 2471 1305 2516 vertetur
1352 2464 1542 2516 mentis
1592 2464 1777 2516 oculus

190 2554 257 2607 ad
283 2562 583 2606 accuratam
610 2552 1005 2622 intelligentiam
1038 2568 1066 2606 a
1089 2552 1282 2622 Spiritu
1308 2564 1490 2607 sancto
1524 2555 1775 2609 directus.

191 2644 373 2698 Verba
402 2644 542 2698 enim
588 2644 721 2709 haec,
769 2643 955 2697 Missus
985 2653 1075 2710 est,
1106 2653 1177 2710 et,
1210 2643 1370 2708 Misit,
1406 2646 1632 2698 humana
1659 2646 1778 2714 qui-

192 2736 319 2788 dem
347 2741 483 2794 sunt,
507 2733 779 2786 atdivinos
800 2734 1052 2801 quosdam
1083 2749 1269 2788 sensus
1289 2733 1580 2789 declarant.
1599 2735 1779 2807 Neque

192 2829 341 2881 enim
366 2837 415 2880 et
446 2828 533 2895 qui
566 2827 725 2889 misit,
757 2842 822 2880 cx
850 2826 979 2881 locis
1010 2829 1060 2880 in
1089 2828 1203 2881 loca
1232 2828 1392 2891 misit,
1426 2842 1596 2897 neque
1618 2828 1661 2882 is
1690 2830 1776 2896 qui

195 2923 392 2975 missus
414 2929 513 2986 est,
538 2935 599 2973 ex
623 2920 752 2973 locis
774 2921 822 2973 in
855 2920 965 2973 loca
990 2922 1149 2974 venit.
1176 2922 1353 2991 Atqui,
1379 2922 1450 2975 ait
1476 2921 1776 2987 lmreticus,

196 3014 355 3067 Pater
386 3012 573 3065 Filium
614 3012 757 3065 misit
802 3012 854 3065 in
898 3013 1174 3076 mundum,
1207 3013 1355 3082 quasi
1384 3013 1469 3083 qui
1500 3014 1547 3066 in
1581 3014 1780 3069 mundo

197 3119 435 3172 prmsens
476 3120 579 3157 non
625 3114 790 3169 esset,
823 3104 886 3158 ad
926 3120 1083 3174 quem
1128 3106 1452 3159 mittebatur.
1501 3106 1780 3172 Quomodo

195 3195 466 3264 Scriptura
496 3193 561 3246 de
585 3193 700 3261 ipso
730 3194 953 3247 Domino
978 3196 1069 3260 ait,
1105 3193 1170 3248 In
1192 3196 1380 3248 mundo
1404 3205 1531 3261 erat,
1558 3206 1602 3249 et
1632 3213 1779 3248 mun-

197 3288 291 3339 dus
316 3302 406 3355 per
432 3286 597 3354 ipsum
624 3286 789 3355 factus
810 3296 879 3337 est
904 3284 1080 3355 (Joan.
1113 3287 1161 3339 1.
1200 3286 1322 3353 10)?
1349 3285 1624 3353 Quomodo
1652 3301 1780 3355 ergo

198 3379 343 3431 venit
383 3377 468 3445 qui
498 3375 697 3437 aderat,
730 3378 969 3444 apparuit
1012 3378 1099 3446 qui
1140 3377 1545 3445 latebat?Quod
1586 3378 1631 3432 si
1659 3394 1783 3433 vere

199 3467 348 3530 illud,
380 3466 537 3531 Misit,
566 3466 633 3519 ita
665 3468 911 3537 intelligis
940 3478 993 3521 ιιι
1018 3468 1188 3534 audis,
1209 3482 1425 3524 necesse
1447 3472 1661 3524 omnino
1679 3480 1779 3539 est,

197 3574 319 3613 eum
351 3558 440 3626 qui
488 3558 680 3612 missus
725 3559 839 3623 fuit,
873 3560 923 3612 in
956 3560 1019 3611 iis
1046 3561 1290 3613 constitui
1321 3559 1469 3625 locis,
1508 3560 1565 3615 in
1593 3561 1782 3632 quibus

200 3651 436 3704 nondum
470 3664 704 3718 praesens
745 3660 877 3715 erat,
921 3659 973 3704 et
1003 3653 1297 3705 mittentem
1341 3666 1405 3705 eo
1432 3653 1662 3716 mittere,
1695 3653 1782 3706 ubi

200 3758 303 3794 non
323 3741 528 3794 aderat.
548 3740 825 3806 Quomodo
843 3742 998 3810 igitur
1013 3742 1333 3810 evangelista
1350 3742 1575 3805 dicebat,
1600 3742 1784 3797 Omnia

201 3848 289 3902 per
319 3833 483 3900 ipsum
519 3830 657 3898 facta
686 3842 820 3896 sunt,
850 3841 895 3882 et
936 3832 1041 3883 sine
1065 3832 1175 3898 ipso
1217 3834 1405 3900 factum
1432 3841 1502 3886 est
1532 3833 1695 3885 nihil?
1716 3833 1783 3886 In

200 3924 392 3976 mundo
410 3932 532 3984 erat,
558 3933 601 3974 et
621 3922 835 3974 mundus
858 3938 944 3989 per
968 3924 1128 3990 ipsum
1151 3922 1311 3989 [actus
1334 3932 1406 3975 est
1434 3922 1609 3993 (Joan.
1632 3924 1679 3977 1.
1702 3924 1780 3993 ὃ).

200 4017 255 4069 Si
288 4018 463 4084 itaque
507 4014 558 4067 in
589 4014 785 4067 nmndo
812 4023 942 4077 erat,
982 4014 1245 4083 quomodo
1278 4014 1500 4067 mittitur
1530 4015 1581 4068 in
1626 4030 1781 4068 mun-

200 4107 363 4160 dum?
390 4104 503 4158 Non
530 4103 720 4157 audisti
746 4119 864 4157 eum
895 4103 1179 4168 dicentem,
1208 4103 1397 4157 Caelum
1424 4113 1467 4157 et
1489 4114 1672 4158 terram
1693 4123 1783 4174 ego

200 4196 411 4264 impleo,
439 4194 558 4246 dicit
593 4192 835 4246 Dominus
867 4191 996 4261 (Jer.
1046 4192 1135 4245 25.
1178 4192 1308 4262 24)?
1358 4192 1494 4259 Quid
1531 4209 1656 4263 ergo
1684 4193 1783 4248 sibi

204 4287 311 4340 vult
342 4283 488 4347 illud,
526 4284 710 4336 Missus
741 4284 848 4336 est?
889 4282 941 4336 Id
982 4293 1083 4346 est,
1115 4286 1257 4337 visus
1297 4297 1403 4346 est;
1453 4300 1544 4354 per
1570 4301 1783 4340 carnem

203 4377 398 4431 illuxit.
426 4376 605 4429 Missio
635 4375 774 4427 enim
822 4376 1017 4428 nullam
1058 4374 1124 4429 de
1172 4376 1287 4429 loco
1318 4377 1365 4428 in
1399 4376 1570 4431 locum
1604 4380 1783 4446 prol'e—

202 4466 433 4519 etionem
464 4463 686 4527 indicat;
718 4464 810 4516 sed
842 4479 903 4517 ex
953 4464 1200 4518 invisibili
1253 4464 1527 4521 divinitate
1562 4466 1612 4520 in
1655 4482 1783 4521 con-

204 4558 441 4626 spicuam
476 4554 833 4623 praesentiam.
864 4554 1046 4622 Neque
1072 4557 1211 4609 enim
1242 4572 1361 4609 eum
1394 4558 1443 4610 in
1474 4566 1669 4612 terram
1700 4572 1784 4613 se-

202 4647 434 4701 cundum
459 4644 740 4697 humanam
769 4653 1009 4696 naturam
1042 4655 1091 4696 et
1126 4661 1217 4711 per
1242 4650 1589 4701 oeconomiam
1620 4648 1778 4713 venit,

203 4739 367 4792 caelos
398 4751 493 4790 sua
516 4735 789 4804 majestate
818 4749 1012 4787 vacuos
1040 4736 1267 4803 reliquit,
1301 4752 1472 4805 neque
1496 4753 1635 4793 nunc
1665 4750 1785 4809 post

205 4829 379 4881 carnis
411 4826 847 4895 assumptionem,
873 4834 1064 4880 terram
1090 4826 1303 4894 reliquit
1330 4842 1422 4879 sua
1445 4827 1785 4883 administra-

205 4921 347 4972 tione
376 4931 615 4969 vacuam.
652 4917 845 4971 lterum
874 4932 987 4971 rem
1020 4917 1123 4970 alio
1150 4916 1306 4970 modo
1341 4918 1690 4973 excutiamus.
1728 4922 1782 4975 Si

206 5005 496 5062 secundum
523 5006 750 5070 literam,
780 5005 991 5070 fratres,
1018 5007 1171 5061 Pater
1189 5007 1328 5060 misit
1349 5006 1535 5060 Filium
1561 5010 1612 5061 in
1632 5025 1783 5063 mun-

206 5100 352 5164 dum,
385 5096 557 5166 palam
606 5106 688 5150 est
729 5098 1024 5151 mittentem
1069 5112 1098 5150 a
1149 5099 1311 5152 misso
1340 5098 1625 5152 secundum
1658 5114 1781 5168 pro-

205 5192 374 5260 priam
423 5187 703 5240 station‘m
750 5196 1049 5256 separatum
1092 5203 1229 5243 esse.
1273 5188 1404 5243 Nam
1448 5189 1488 5242 si
1518 5205 1635 5244 eum
1669 5191 1782 5259 ipso

207 5293 305 5347 est,
345 5294 797 5349 supervacaneum
829 5289 910 5332 est
951 5280 1096 5347 illud,
1145 5279 1418 5335 Misit:sin
1451 5296 1575 5335 vero
1619 5281 1778 5347 misit,

210 5388 425 5429 necesse
451 5382 532 5426 est
557 5383 857 5441 separatum
885 5386 1024 5436 esse,
1053 5374 1095 5425 si
1135 5373 1345 5442 quidem
1377 5373 1521 5426 verbi
1561 5374 1663 5426 vim
1694 5388 1781 5427 re-

208 5468 417 5535 spicias.
467 5466 535 5517 At
573 5478 899 5533 nequaquam
925 5463 1189 5518 serviliter
1230 5473 1437 5533 oportet
1469 5463 1644 5519 verbis
1674 5464 1783 5517 hze-

212 5573 346 5622 rere,
376 5556 469 5610 sed
496 5570 614 5608 eum
642 5555 742 5609 lide
772 5554 1080 5623 procedere.
1116 5555 1181 5609 Et
1209 5556 1327 5624 quis
1356 5554 1508 5609 nobis
1536 5557 1783 5610 testiliea-

212 5648 370 5709 bitur,
402 5660 547 5709 eum,
576 5645 663 5714 qui
688 5644 738 5698 in
764 5655 901 5700 terra
922 5645 1187 5713 apparuit,
1214 5645 1374 5699 etiam
1398 5648 1449 5699 in
1480 5646 1624 5701 caelis
1653 5645 1781 5701 fuis-

213 5740 301 5797 se?
328 5738 450 5809 quis
476 5753 654 5795 sermo
686 5737 1069 5805 testiﬁcabitur,
1099 5754 1217 5794 eum
1250 5754 1279 5793 a
1308 5739 1462 5795 l’atre
1501 5738 1718 5794 missum
1750 5754 1779 5793 a

1398 332 1484 388 DE
1522 332 1880 390 SERPENTE
1919 332 2200 392 HOMILIA

1887 447 2042 503 Patre
2081 458 2382 519 separatum
2412 464 2517 507 non
2560 452 2760 509 fuisse?
2787 453 2843 509 Si
2873 456 3069 511 missus
3098 466 3180 512 est
3220 457 3273 513 in
3301 474 3427 513 mun

1882 538 2031 605 dum,
2062 550 2119 595 ut
2146 542 2401 611 scriptum
2426 553 2527 611 est,
2560 545 2605 599 si
2632 544 2722 615 qui
2753 546 2899 602 misit
2921 562 2951 601 a
2973 548 3139 604 tnisso
3160 562 3460 619 separatur,

1882 632 2150 698 quomodo
2175 632 2403 699 dicebat,
2443 632 2553 703 Ego
2591 636 2644 688 in
2672 634 2850 703 Patre,
2896 646 2942 691 et
2980 637 3138 692 Pater
3178 640 3231 693 in
3259 640 3374 694 me?
3399 655 3462 695 ac

1885 735 2068 775 rursus
2111 724 2378 790 quomodo
2407 724 2633 791 dicebat,
2669 724 2735 779 Et
2763 728 2848 795 qui
2875 729 3010 782 misit
3039 746 3117 784 me
3142 729 3317 797 Pater,
3353 748 3461 786 me—

1883 828 1996 865 cum
2019 823 2089 865 est
2120 812 2295 883 (Joan.
2332 816 2416 870 14.
2451 817 2537 871 11.
2568 827 2612 869 et
2639 817 2691 871 8.
2725 818 2849 888 l6)?
2882 819 3039 874 Vides
3076 831 3315 877 naturam
3348 839 3453 879 non

1884 905 2115 971 separari
2141 923 2152 956 :
2184 908 2480 961 oeconomia
2511 918 2686 962 autem
2713 909 2827 964 sive
2859 910 3153 967 incarnatio
3192 914 3463 970 missionis

1884 997 2114 1064 speciem
2159 999 2411 1053 ostendit.
2456 1000 2593 1066 Quid
2632 1017 2759 1071 ergo
2793 1003 2892 1057 sibi
2921 1004 3031 1059 vult
3057 1005 3204 1073 illud,
3233 1007 3462 1062 Ascendo

1883 1089 1951 1140 ad
1997 1087 2202 1143 Patrem
2243 1108 2408 1143 meum
2438 1091 2616 1161 (Joan.
2648 1094 2737 1148 20.
2781 1092 2910 1165 l7)?
2936 1095 2989 1150 Si
3017 1111 3135 1150 cum
3169 1098 3282 1166 ipso
3308 1098 3463 1153 Pater

1883 1186 1984 1243 est,
2011 1193 2105 1232 cur
2121 1180 2391 1235 ascendit?
2419 1184 2673 1237 Ascensio
2691 1184 2777 1238 illa
2797 1183 3078 1241 humanam
3100 1186 3297 1243 Christi
3318 1205 3462 1243 meo.

1885 1270 2114 1323 nomiam
2156 1271 2555 1341 interpretatur,
2601 1277 2842 1345 corporis
2886 1280 3323 1349 assumptionem,
3356 1297 3460 1337 non

1884 1362 2269 1428 scparationem
2309 1378 2337 1415 a
2377 1363 2668 1419 divinitate.
2704 1366 2865 1422 Visne
2907 1368 3133 1434 discere,
3177 1386 3296 1424 eum
3328 1378 3465 1425 sicut

1883 1468 2003 1505 eum
2032 1454 2085 1507 in
2115 1463 2310 1509 terram
2339 1457 2500 1519 venit,
2523 1457 2684 1511 caelos
2712 1473 2813 1511 non
2844 1459 3077 1529 reliquit,
3110 1477 3284 1531 neque
3305 1479 3334 1515 a
3360 1463 3459 1516 Pa-

1884 1551 1963 1595 tre
1988 1554 2261 1611 separatus
2290 1552 2393 1610 est,
2424 1546 2502 1601 sic
2531 1548 2712 1611 etiam,
2742 1562 2862 1601 cum
2895 1550 2945 1602 in
2972 1551 3131 1605 cmlos
3160 1564 3463 1622 assumptus

1882 1643 1983 1695 est,
2016 1643 2210 1688 terram
2247 1651 2351 1689 non
2385 1636 2703 1706 reliquisse?
2727 1637 2826 1705 Qui
2866 1638 3001 1693 dixit
3028 1640 3302 1710 discipulis
3328 1644 3459 1708 suis,

1888 1724 1949 1777 Ισῖι
1977 1742 2086 1778 ecce
2111 1742 2199 1795 ego
2227 1728 2475 1781 robiscum
2504 1745 2634 1793 sum,
2668 1729 2781 1794 sed,
2810 1732 3042 1794 ascendo,
3075 1733 3214 1788 unde
3242 1733 3465 1787 descen-

1882 1816 1956 1880 di,
1989 1818 2055 1869 ud
2087 1816 2289 1871 Patrem
2316 1836 2520 1872 meum:
2549 1820 2685 1873 idem
2732 1820 2845 1890 ipse
2870 1820 2944 1875 ait
2972 1822 3099 1887 illis,
3148 1822 3214 1876 Et
3241 1840 3350 1878 ecce
3374 1841 3464 1894 ego

1883 1906 2130 1959 vobiscum
2154 1925 2262 1961 sum
2291 1909 2517 1963 omnibus
2543 1910 2716 1964 diebus
2737 1927 2893 1980 usque
2908 1912 2975 1965 ad
2990 1915 3464 1968 consummationem

1883 2001 2057 2053 s't-ruli
2088 2000 2297 2070 (Matth.
2331 2002 2421 2057 9.8.
2450 2004 2564 2075 20).
2609 2004 2740 2059 Illud
2771 2005 2946 2074 igitur,
2984 2005 3051 2060 Ut
3090 2018 3391 2077 cognoscant
3419 2017 3464 2060 te

1882 2092 2044 2144 solum
2070 2108 2236 2145 verum
2265 2093 2447 2159 Deum,
2491 2105 2537 2147 et
2574 2112 2718 2164 quem
2747 2096 2929 2149 misisti
2968 2095 3143 2150 Jesum
3187 2097 3459 2163 Christum,

1884 2198 2098 2239 sensum
2128 2185 2286 2238 habet
2312 2185 2598 2255 duplicem,
2628 2187 2999 2263 duplicemque
3028 2188 3292 2257 gladium:
3318 2189 3460 2243 aliud

1884 2285 2066 2327 contra
2112 2276 2461 2329 idololatriam
2492 2286 2776 2344 armatum,
2807 2278 2955 2331 aliud
2977 2288 3159 2333 contra
3185 2278 3458 2334 Judaieam

1885 2365 2308 2419 incredulitatem
2333 2377 2714 2436 comparatum.
2734 2367 2914 2421 Solum
2933 2370 3072 2423 enim
3100 2385 3280 2424 verum
3298 2371 3459 2423 Deum

1883 2453 2031 2518 dicit,
2063 2466 2116 2507 ut
2142 2465 2343 2508 mortua
2374 2456 2510 2509 idola
2545 2459 2811 2521 traducat;
2840 2459 3059 2511 missum
3080 2468 3255 2513 autem
3278 2458 3461 2515 Jesum

1882 2546 2185 2612 Christum,
2219 2556 2276 2601 ut
2322 2548 2385 2601 iis
2428 2550 2517 2617 qui
2549 2550 2963 2605 incarnationem
3005 2563 3219 2621 negant,
3260 2567 3321 2606 os
3360 2557 3457 2607 ob-

1884 2648 2073 2691 struat.
2111 2639 2276 2692 Verba
2314 2639 2472 2710 igitur
2497 2641 2786 2694 secundum
2815 2656 3031 2696 sensum
3074 2645 3276 2712 accipe,
3308 2659 3370 2699 ac
3397 2662 3462 2700 ne

1887 2738 2102 2798 propter
2130 2730 2337 2784 literam
2369 2731 2635 2800 majestati
2666 2731 3043 2788 contumeliam
3072 2735 3284 2790 inl‘eras.

1956 2822 2006 2874 5.
2039 2820 2104 2874 Ut
2131 2830 2305 2874 autem
2337 2829 2581 2875 accurate
2606 2822 2797 2884 discas,
2830 2824 3135 2878 missionem
3168 2839 3197 2878 a
3224 2826 3333 2880 Deo
3358 2841 3461 2880 nun

1888 2912 2232 2965 mutationum
2260 2926 2288 2964 a
2322 2913 2438 2965 loco
2470 2913 2520 2965 in
2544 2912 2715 2967 locum
2742 2914 3060 2983 signiﬁcare,
3092 2915 3185 2970 sed
3216 2916 3460 2972 incarna-

1889 3001 2082 3055 tionem
2115 3000 2384 3057 dcelarare
2414 3020 2426 3056 :
2460 3002 2525 3056 de
2551 3002 2753 3058 Joanne
2789 3003 3021 3073 Baptista
3048 3046 3060 3068 ,
3094 3006 3180 3075 qui
3222 3007 3287 3062 de
3322 3015 3462 3064 terra

1888 3103 2003 3147 erat
2044 3102 2097 3147 et
2138 3093 2190 3146 in
2236 3104 2373 3146 terra
2418 3102 2754 3162 apparuerat,
2799 3094 2873 3148 ait
2922 3094 3263 3167 Evangelium
3296 3115 3307 3151 :
3341 3097 3464 3152 Fuit

1889 3183 2035 3235 homo
2066 3183 2244 3236 missus
2268 3200 2299 3235 a
2323 3182 2427 3237 Deo
2450 3184 2626 3253 (Joan.
2652 3185 2702 3239 1.
2724 3186 2802 3254 ti).
2833 3184 2967 3239 Num
2992 3185 3222 3241 Joannes
3248 3188 3312 3242 de
3333 3189 3463 3243 catlo

1890 3276 2083 3328 missus
2111 3275 2225 3328 est?
2267 3291 2391 3328 num
2428 3275 2494 3329 de
2532 3276 2774 3344 supernis
2811 3277 2993 3330 venit?
3032 3277 3307 3343 Quomodo
3340 3294 3467 3349 ergo

1892 3362 2067 3417 venit?
2095 3365 2252 3432 Atqui
2276 3364 2433 3418 homo
2456 3368 2671 3431 missus,
2697 3379 2800 3419 non
2828 3380 2857 3418 a
2887 3365 3002 3420 loco
3028 3365 3078 3419 in
3106 3367 3278 3420 locum
3303 3376 3466 3421 trans-

1891 3455 2026 3511 latus
2047 3466 2148 3521 est,
2181 3456 2272 3511 sed
2302 3458 2374 3511 illi
2398 3456 2596 3527 aliquid
2619 3457 3091 3513 administrandum
3120 3460 3464 3515 commissum

1891 3549 2019 3615 fuit;
2048 3559 2102 3604 et
2133 3550 2271 3604 Deus
2297 3549 2523 3605 Verbum
2551 3592 2565 3617 ,
2596 3551 2685 3620 qui
2714 3550 2890 3605 omnia
2919 3550 3122 3620 implet,
3153 3552 3199 3606 si
3236 3551 3377 3607 dicat
3408 3566 3467 3607 se

1891 3642 2109 3696 missum
2140 3657 2280 3706 esse,
2314 3650 2554 3696 naturam
2586 3658 2734 3696 suam
2759 3643 3077 3697 contumelia
3109 3643 3302 3697 afﬁciet
3325 3684 3339 3707 ,
3368 3659 3464 3698 ne-

1890 3751 1994 3803 que
2027 3736 2096 3789 ita
2128 3734 2545 3790 incarnationem
2570 3750 2721 3790 suam
2746 3736 2858 3790 sive
2880 3736 3231 3789 teconomiam
3263 3736 3465 3789 indica-

1892 3825 2004 3879 bit?
2037 3825 2164 3880 Vide
2190 3827 2359 3891 illum,
2385 3826 2566 3894 frater,
2591 3836 2643 3881 et
2664 3829 2838 3881 carnis
2862 3829 3212 3882 oeconomiam
3244 3828 3470 3896 implen-

1894 3926 2019 3981 tem,
2046 3925 2099 3970 et
2125 3916 2314 3970 divinae
2340 3919 2615 3986 potestatis
2637 3918 2945 3987 dignitatem
2975 3933 3078 3972 non
3108 3919 3378 3973 tollentem
3401 3920 3468 3974 de

1892 4007 2087 4061 medio.
2122 4007 2189 4060 Et
2216 4008 2545 4062 sacerdotale
2572 4023 2762 4062 munus
2785 4010 2861 4061 sic
2887 4008 3205 4074 declaratur,
3240 4011 3467 4063 Ascendo

1891 4099 1957 4151 ad
1985 4098 2190 4152 Patrem
2217 4117 2401 4165 meum,
2434 4109 2479 4153 et
2505 4101 2692 4169 rogabo
2721 4115 2853 4164 eum,
2885 4108 2930 4153 et
2953 4098 3279 4153 Paracletum
3311 4102 3469 4154 mittet

1892 4191 2025 4244 vobis
2056 4191 2303 4260 Spiritum
2336 4192 2555 4244 veritatis
2579 4190 2596 4260 (
2618 4189 2769 4243 Joan.
2799 4190 2889 4244 20.
2921 4191 3007 4245 17.
3034 4201 3077 4243 et
3110 4191 3193 4245 14.
3226 4190 3311 4244 16.
3342 4192 3465 4260 17).

1891 4282 1942 4337 Si
1972 4282 2212 4336 ascendis
2232 4298 2449 4335 sursum
2474 4324 2489 4348 ,
2519 4290 2572 4336 et
2603 4296 2778 4352 rogas,
2808 4291 2862 4336 et
2887 4296 3079 4352 rogans
3104 4282 3376 4350 impetras,
3408 4298 3470 4336 ac

1892 4383 2012 4443 post
2057 4374 2383 4443 rogationem
2424 4374 2589 4427 mittis
2626 4372 2878 4443 Spiritum
2906 4374 3066 4444 (nam
3097 4387 3246 4443 rogo,
3275 4374 3351 4428 ais
3372 4416 3385 4439 ,
3418 4385 3470 4429 et

1893 4467 2090 4535 mitto),
2123 4481 2216 4519 cur
2236 4474 2358 4519 ante
2385 4466 2752 4521 ascensionem
2780 4465 2952 4521 Patris
2972 4467 3340 4519 auctoritatem
3370 4466 3469 4519 tol-

1893 4558 1995 4613 lis?
2024 4560 2077 4614 Si
2106 4574 2209 4613 non
2237 4574 2359 4613 cum
2388 4559 2701 4613 auctoritate
2726 4558 3015 4613 secundum
3039 4558 3267 4611 divinam
3299 4556 3468 4626 digni-

1894 4662 2051 4706 tatem
2078 4654 2208 4721 agis,
2234 4652 2323 4706 sed
2355 4661 2630 4721 exspectas
2652 4652 2822 4705 donec
2842 4650 3145 4704 ascenderis
3165 4649 3230 4703 ad
3257 4649 3463 4703 Patrem

1893 4745 1945 4798 in
1974 4744 2182 4806 eielum,
2211 4754 2265 4796 ut
2292 4756 2483 4812 preces
2509 4740 3028 4810 supplicationesque
3056 4739 3246 4794 offeras
3266 4780 3281 4805 ,
3311 4748 3364 4794 et
3394 4740 3470 4793 sic

1892 4842 2160 4910 acceptam
2182 4832 2407 4900 Spiritus
2425 4830 2645 4900 gratiam
2675 4831 2729 4883 in
2756 4838 2922 4884 totum
2944 4831 3127 4885 orbem
3152 4831 3350 4896 mittas,
3374 4844 3468 4883 cur

1891 4933 2172 4992 antequam
2208 4922 2525 4976 ascenderes
2548 4963 2561 4987 ,
2594 4930 2877 4991 antequam
2916 4937 3134 4993 rogares
3154 4963 3168 4987 ,
3199 4922 3466 4992 prepriam

1890 5014 2165 5068 osmndisti
2197 5014 2602 5068 auctoritatem?
2642 5028 2735 5067 cur
2772 5022 2896 5068 ante
2929 5015 3317 5079 ascensionem,
3345 5028 3464 5068 cum

1891 5105 2277 5158 resurrexisses
2303 5119 2369 5157 ex
2398 5105 2639 5168 mortuis,
2672 5102 2955 5158 insufﬂasti
2983 5104 3035 5158 in
3065 5104 3226 5159 facies
3253 5113 3467 5172 aposto-

1891 5194 2082 5260 lorum,
2116 5204 2168 5249 et
2209 5196 2422 5260 dixisti,
2456 5196 2679 5265 Accipite
2720 5195 2974 5265 Spiritum
3017 5207 3241 5250 sanctum
3285 5194 3461 5265 (Joan.

1892 5284 1976 5338 10.
2007 5284 2134 5353 22)?
2162 5286 2309 5352 Quod
2340 5288 2472 5355 petis
2500 5302 2528 5339 a
2557 5287 2732 5350 Patre,
2763 5287 2816 5341 id
2846 5286 2962 5353 das,
2990 5297 3271 5357 antequam
3304 5287 3370 5341 ab
3396 5302 3463 5342 eo

1890 5387 2059 5447 petas.
2091 5379 2231 5449 Ergo
2260 5379 2496 5441 simulas,
2524 5379 2646 5433 dum
2678 5378 2814 5449 petis
2839 5396 2851 5431 :
2884 5378 2998 5432 Non
3025 5378 3234 5442 simulo,
3263 5377 3461 5447 inquit;

1891 5469 2031 5521 nulla
2061 5470 2201 5522 enim
2224 5469 2361 5537 apud
2387 5466 2661 5523 veritatem
2687 5468 2985 5533 simulatio;
3015 5467 3106 5521 sed
3131 5466 3271 5520 aliud
3293 5466 3465 5537 digni-

1892 5559 1981 5611 tati
2012 5561 2277 5623 convenit,
2312 5559 2452 5613 aliud
2484 5561 2813 5613 incarnatum
2837 5558 3009 5613 decet.
3057 5555 3166 5611 Cur
3206 5571 3333 5626 ergo
3375 5557 3459 5612 in-

1890 5647 2108 5703 sul'liasti
2137 5651 2187 5703 in
2213 5650 2378 5706 facies
2404 5649 2805 5720 apostolorum?
2851 5648 2933 5703 Me
2960 5648 3256 5717 oportebat,
3290 5649 3463 5719 inquit

1891 5739 2158 5806 Scrvalor,
2190 5750 2463 5812 postquam
2492 5757 2558 5798 ex
2586 5740 2807 5797 mortuis
2832 5752 3247 5806 resurrexeram,
3276 5742 3462 5811 primi-
