4104 6322
717 333 829 387 507

715 437 813 488 tias
839 435 958 489 vita:
997 434 1193 490 mundo
1219 435 1418 507 largiri.
1464 435 1596 502 Quia
1635 436 1778 492 enim
1816 435 1980 490 Adam
2022 434 2275 490 formatus

709 535 985 597 acceperat
1027 527 1345 596 spiraculum
1381 528 1502 581 vitae
1546 527 1843 599 (lnspiravit
1885 528 2015 581 enim
2050 525 2186 579 Deus
2223 527 2274 578 in

709 618 888 687 faciem
917 619 1098 673 Adami
1116 659 1130 683 ,
1159 631 1206 673 et
1234 623 1394 690 factus
1423 629 1493 674 est
1521 622 1574 674 in
1600 623 1821 673 animam
1859 622 2096 674 viventem
2124 616 2272 690 [Gem

708 709 761 760 2.
790 708 844 781 τι
864 705 906 780 ),
937 708 988 761 id
1016 708 1158 777 quod
1188 709 1276 762 ille
1302 718 1574 778 accentum
1605 708 1854 778 perdidit,
1883 709 1983 762 hoc
2009 723 2108 776 ego
2139 722 2274 775 pra:-

709 813 831 854 sens
857 815 1068 856 revoco.
1105 800 1332 868 Lapsum
1361 802 1526 870 erigo,
1555 809 1858 867 corruptum
1886 814 2104 861 renovo,
2132 812 2275 850 mor-

712 901 860 946 tuum
892 890 1119 944 viviﬁco.
1166 891 1339 946 Testis
1365 900 1445 944 est
1475 890 1851 943 incarnationis
1889 887 2146 958 propheta
2191 886 2276 940 ille

709 980 797 1048 qui
824 995 993 1035 meam
1026 979 1435 1033 insufﬁationem
1457 978 1777 1046 praidieavit.
1803 978 1869 1031 Et
1888 979 2004 1047 quis
2023 975 2274 1044 propheta

710 1069 1054 1122 exclamando
1077 1069 1211 1125 hanc
1231 1080 1463 1123 sanctam
1494 1068 1899 1122 insuiﬁationem
1929 1067 2277 1135 prmnuntiat?

713 1157 870 1223 Audi,
904 1159 1089 1226 inquit,
1120 1158 1431 1226 prOphetam
1459 1174 1523 1214 ex
1555 1158 1658 1211 illis
1678 1157 1957 1212 duodecim
1978 1156 2061 1208 cui
2085 1170 2274 1207 nomen

710 1243 1218 1305 Nahum,dieentem
1237 1263 1250 1298 :
1269 1245 1506 1310 Cclebra,
1525 1245 1688 1314 .Inda,
1711 1250 1838 1317 festa
1862 1255 1970 1310 tua,
1994 1245 2146 1298 redde
2171 1244 2275 1298 Deo

713 1345 824 1386 vota
850 1345 959 1391 tua.
998 1333 1118 1387 Non
1159 1336 1378 1402 amplius
1415 1338 1651 1409 adjicient
1691 1339 1855 1389 venire
1889 1337 1958 1389 ad
1989 1346 2276 1390 vetustatem

712 1423 966 1494 (Nahum.
995 1426 1045 1480 ι.
1079 1426 1188 1496 15).
1215 1425 1390 1479 Prima
1422 1427 1508 1479 illa
1537 1426 1891 1480 Consummata
1914 1436 2051 1492 sunt,
2076 1428 2272 1496 inquit;

714 1513 833 1567 Non
853 1517 1065 1583 atnplius
1093 1515 1329 1585 adjicient
1358 1515 1522 1569 venire
1541 1518 1606 1568 ad
1627 1525 1931 1571 vetustatem.
1963 1518 2159 1572 Novam
2189 1519 2276 1573 ille

711 1605 934 1674 gratiam
976 1607 1281 1670 annuntiat,
1307 1606 1426 1676 quia
1457 1615 1634 1660 vetera
1660 1607 1930 1660 desierunt
1957 1625 1970 1658 :
2003 1624 2136 1661 nova
2175 1608 2276 1662 ﬁo-

713 1706 852 1750 rent.
881 1695 1085 1749 Celcbra
1113 1699 1240 1767 [esta
1262 1707 1364 1752 tua.
1393 1695 1499 1752 Cur
1527 1697 1673 1758 dicit.
1699 1697 1941 1751 Celebra.’
1963 1698 2094 1766 Quia
2122 1699 2172 1752 in
2197 1700 2274 1752 le-

713 1795 796 1841 sto
827 1787 1042 1843 Pascha:
1071 1791 1386 1844 resurrectio
1417 1788 1588 1844 futura
1621 1800 1750 1844 erat.
1799 1788 2029 1853 Celebra,
2072 1791 2272 1860 inquit,

712 1878 870 1943 Juda,
902 1881 1028 1948 festa
1055 1888 1159 1944 tua,
1188 1881 1340 1934 redde
1376 1881 1484 1935 Deo
1510 1891 1622 1934 vota
1651 1892 1757 1935 tua.
1791 1882 1912 1935 Non
1940 1883 2157 1952 amplius
2181 1885 2275 1934 ad-

704 1969 882 2038 jicient
908 1970 1070 2021 venire
1092 1970 1159 2021 ad
1183 1979 1505 2031 vetustatem;
1544 1981 1882 2024 consummata
1905 1982 2056 2037 sunt,
2081 1973 2276 2026 sublata

713 2067 850 2123 sunt,
883 2058 933 2113 id
963 2069 1068 2123 est,
1095 2060 1261 2127 prima
1301 2060 1459 2114 ﬁnem
1502 2060 1714 2114 habent.
1759 2059 1865 2115 Cur
1906 2063 2069 2130 prima
2116 2063 2273 2116 linem

717 2146 948 2200 habent?
976 2147 1209 2201 Ascendit
1235 2149 1375 2211 enim
1402 2150 1464 2202 de
1491 2159 1622 2203 terra
1637 2152 1727 2219 qui
1745 2149 2005 2220 insuﬁlavit
2026 2153 2075 2204 in
2099 2153 2276 2221 faciem

713 2246 871 2301 tuam,
905 2247 954 2292 et
975 2255 1036 2292 ea:
1062 2241 1198 2291 omni
1227 2240 1488 2310 aﬂlictione
1518 2241 1738 2296 iiberarit
1763 2244 1780 2310 (
1803 2240 1946 2297 Nalt.
1970 2242 2025 2296 2.
2049 2244 2072 2295 i
2098 2242 2140 2312 ).
2170 2243 2274 2298 Sed

713 2325 779 2379 ad
823 2341 933 2380 rem
977 2327 1165 2382 iterum
1207 2329 1506 2395 redeamus,
1548 2329 1784 2396 Celebra,
1811 2328 1983 2396 Juda,
2013 2333 2141 2400 festa
2165 2343 2272 2397 tua,

714 2417 866 2470 redde
893 2416 1000 2470 Deo
1033 2428 1145 2470 tota
1183 2428 1290 2474 tua.
1333 2418 1456 2472 Non
1495 2421 1713 2488 amplius
1753 2422 1990 2489 adjicient
2023 2423 2187 2474 venire
2209 2423 2276 2473 ad

713 2517 1017 2561 vetustatem.
1048 2508 1299 2574 Quaenam
1328 2507 1496 2562 festa?
1525 2509 1614 2563 illa
1646 2509 1788 2564 enim
1813 2519 1987 2565 vetera
2020 2525 2273 2564 novorum

715 2598 991 2668 imaginem
1021 2598 1274 2653 ferebant.
1292 2599 1462 2653 Prima
1489 2599 1602 2654 dies
1616 2601 1958 2670 Azymorum,
1980 2617 2097 2668 qua:
2122 2615 2274 2654 accu-

716 2701 828 2745 rate
848 2690 1238 2758 explorantihus
1257 2693 1428 2760 imago
1447 2692 1708 2760 passionis
1729 2704 1830 2747 εει.
1856 2691 1983 2745 Post
2002 2691 2138 2745 hanc
2161 2692 2274 2746 dies

717 2780 1073 2841 l’eutecostes,
1103 2795 1218 2847 qua:
1241 2780 1412 2848 imago
1433 2789 1487 2834 et
1506 2782 1618 2849 ipsa
1641 2781 1735 2833 luit
1756 2781 2014 2835 adventus
2039 2781 2203 2835 sancti
2223 2793 2276 2835 et

714 2867 964 2922 adorandi
1017 2868 1262 2935 Spiritus.
1311 2868 1525 2922 Festum
1577 2869 2090 2934 Tabernaeulorum,
2135 2869 2274 2937 quod

717 2960 887 3028 imago
909 2959 1362 3013 tabernaculorum
1390 2960 1680 3014 caelestium
1707 2968 1838 3013 erat.
1873 2959 2003 3014 llinc
2026 2960 2280 3013 Dominus

714 3047 1081 3104 demonstrare
1104 3050 1288 3103 volens
1309 3091 1323 3115 ,
1350 3049 1772 3119 quandoquidem
1815 3050 1902 3103 illa
1941 3049 2276 3104 tabernacula

717 3145 1052 3207 tcinporanea
1079 3148 1198 3191 sunt
1222 3178 1236 3200 ,
1276 3154 1394 3194 esse
1421 3139 1508 3194 illa
1538 3139 1751 3208 ﬁguram
1779 3139 2065 3193 futurorum
2099 3140 2274 3194 taber-

716 3229 1042 3292 naculorum,
1070 3228 1275 3282 dicebat
1295 3228 1541 3282 divitibus
1561 3229 1716 3296 hujus
1740 3228 1920 3282 mundi
1952 3245 1968 3281 τ
1993 3227 2163 3281 Facite
2187 3245 2275 3280 vo-

713 3317 787 3370 bis
811 3317 996 3370 amicos
1019 3333 1081 3369 ea:
1107 3333 1388 3369 mammona
1415 3317 1708 3384 iniquitatis,
1739 3326 1792 3368 ut
1818 3333 1930 3369 cum
1960 3317 2236 3384 defeceritis
2258 3358 2273 3382 ,

712 3409 955 3477 recipiant
976 3425 1060 3460 vos
1080 3410 1130 3461 in
1155 3418 1341 3461 (eterna
1369 3408 1689 3461 tabernacula
1717 3406 1862 3476 (Luc.
1894 3408 1978 3461 16.
2007 3407 2086 3476 9).
2115 3407 2274 3461 Tem-

714 3508 942 3564 poranea
991 3494 1148 3563 igitur
1194 3493 1531 3548 tabernacula
1571 3503 1889 3547 aeternorum
1917 3494 2078 3562 ﬁgura
2107 3493 2276 3546 taber-

713 3584 1019 3638 naculorum
1069 3593 1238 3637 erant.
1285 3584 1540 3649 Quoniam
1585 3599 1712 3652 ergo
1750 3582 1947 3637 Christi
1981 3583 2273 3638 oeconomia

714 3688 808 3727 seu
856 3673 1143 3726 incarnatio
1187 3684 1392 3729 veteres
1437 3674 1629 3741 ﬁguras
1675 3673 1941 3742 implebat,
1981 3687 2275 3742 novamque

715 3762 856 3815 illam
895 3764 1114 3831 gratiam
1154 3761 1432 3817 ﬂorentem
1479 3763 1764 3827 reddebat,
1813 3764 1974 3831 probe
2019 3764 2272 3833 propheta

713 3852 1027 3921 prtenuntiat
1055 3852 1234 3906 dicens
1259 3871 1271 3905 :
1292 3852 1516 3917 Celebra,
1539 3853 1570 3905 ,Ι
1578 3854 1696 3918 uda,
1719 3854 1846 3923 festa
1865 3864 1970 3918 tua,
1998 3855 2148 3907 redde
2168 3853 2273 3907 Deo

711 3950 823 3993 rota
849 3950 970 4002 tua;
1009 3940 1058 3994 id
1097 3942 1355 4009 signiﬁcat
1386 3941 1532 4004 illud,
1558 3941 1678 3994 Non
1712 3943 1930 4010 amplius
1959 3944 2193 4012 adjicient
2221 3953 2274 3995 ut

711 4031 904 4085 veniant
943 4029 1010 4082 ad
1043 4039 1347 4085 vetustatem.
1376 4030 1642 4086 Renovata
1671 4040 1792 4084 sunt
1811 4033 1949 4086 enim
1977 4041 2151 4086 vetera
2180 4048 2273 4102 per

709 4123 950 4193 gratiam,
975 4120 1325 4174 Consummata
1350 4131 1482 4185 sunt,
1504 4121 1698 4174 sublata
1717 4131 1850 4176 sunt.
1873 4123 2108 4175 Ascendit
2128 4124 2269 4178 enim

708 4226 771 4263 ea:
794 4220 923 4262 terra
947 4210 1030 4278 qui
1050 4210 1260 4278 insufflat
1301 4211 1354 4262 in
1379 4210 1557 4278 faciem
1603 4221 1757 4273 tuam,
1782 4221 1827 4264 et
1853 4213 1937 4281 qui
1967 4223 2012 4264 te
2036 4229 2097 4265 ea:
2134 4231 2269 4268 ωηι-

711 4304 840 4355 mais
865 4301 1028 4369 eripit.
1054 4301 1121 4354 At
1137 4301 1340 4354 Nahum
1367 4301 1618 4368 prepheta
1645 4302 1925 4355 Dominum
1952 4305 2172 4371 gratiam
2194 4304 2273 4356 in~

708 4393 996 4460 spirantem
1021 4391 1114 4444 tibi
1141 4391 1280 4444 nude
1306 4391 1572 4455 exhibuit;
1605 4391 1765 4447 Isaias
1786 4401 1962 4446 autem
1991 4393 2093 4447 alio
2114 4393 2272 4448 modo

712 4499 830 4537 eum
857 4483 944 4551 qui
972 4498 1036 4535 ex
1059 4482 1282 4536 mortuis
1300 4483 1527 4536 surrexit
1550 4493 1604 4537 et
1630 4484 1880 4552 Spiritum
1902 4493 2142 4538 sanctum
2162 4487 2271 4541 suis

707 4572 974 4641 elargitur,
1002 4572 1320 4641 praenuntiat
1352 4571 1432 4624 his
1461 4572 1637 4626 verbis
1664 4590 1677 4624 :
1713 4572 2023 4626 Recordatus
2057 4584 2128 4627 est
2161 4576 2270 4628 die-

707 4678 819 4714 rum
843 4670 1142 4714 teternorum
1187 4662 1272 4730 qui
1324 4661 1495 4714 eduxit
1528 4663 1588 4716 de
1626 4672 1758 4716 terra
1795 4673 2042 4732 pastorem
2077 4665 2264 4719 ovium.

706 4751 774 4804 Et
797 4751 912 4804 loco
935 4750 1093 4817 illius,
1123 4749 1398 4821 Insuﬂlauit
1417 4752 1470 4804 in
1493 4753 1672 4820 faciem
1709 4770 1900 4818 eorum,
1928 4755 2101 4807 statim
2134 4755 2264 4808 sub-

701 4840 914 4906 junxit:
942 4839 1039 4904 Qui
1067 4841 1232 4907 posuit
1256 4840 1309 4892 in
1335 4842 1402 4893 eis
1431 4840 1678 4908 Spiritum
1701 4853 1929 4895 sanctum
1957 4843 1976 4915 (
2008 4844 2132 4897 lsai.
2178 4845 2265 4900 65.

705 4929 767 4982 ﬂ
795 4926 835 4998 ).
870 4927 1056 4980 Divina
1098 4927 1344 4997 dignitas,
1375 4928 1549 4982 divina
1576 4933 1910 4998 nuncupatio,
1942 4934 2080 5002 regia
2109 4935 2267 5002 maje-

703 5029 848 5082 stas,
895 5018 1203 5073 intemerata
1248 5019 1447 5090 gloria,
1491 5020 2034 5089 incomprehensibilis
2081 5026 2264 5092 virtus,

704 5109 792 5177 qui
820 5123 938 5162 cum
971 5107 1124 5162 Patre
1145 5110 1568 5183 congloriﬁcatur
1587 5153 1601 5176 ,
1632 5125 1749 5164 cum
1777 5111 1909 5164 Filio
1934 5123 2148 5182 regnat,
2178 5116 2263 5183 qui

704 5208 954 5265 operatur
990 5199 1187 5264 omnia,
1230 5209 1282 5253 et
1321 5199 1495 5253 divina
1541 5215 1757 5254 munera
1799 5202 2017 5270 singulis
2056 5203 2262 5269 dividit,

703 5296 860 5355 prout
887 5287 1019 5340 vult.
1041 5287 1167 5342 liazc
1190 5288 1326 5343 bene
1347 5289 1472 5342 novi
1497 5290 1746 5345 Ecclesiae
1771 5290 2090 5347 domesticos
2109 5293 2265 5347 robo-

703 5393 844 5442 rare,
876 5378 1225 5448 mordereque
1250 5395 1312 5434 ac
1336 5380 1667 5449 disrumpere
1686 5382 1924 5436 inimicos
1946 5383 2080 5450 ejus,
2098 5386 2265 5438 maxi-

701 5483 892 5538 meque
937 5470 1034 5538 pia:
1075 5471 1345 5540 religionis
1382 5471 1576 5534 hostes,
1610 5474 1698 5542 qui
1726 5488 1846 5527 cum
1872 5474 2025 5527 Patre
2050 5483 2102 5528 et
2129 5475 2262 5530 Filio

701 5559 1098 5627 congloriﬁcare
1133 5561 1386 5631 Spiritum
1433 5571 1672 5616 sanctum
1721 5573 1984 5620 recusant.
2024 5563 2070 5619 Ο
2100 5567 2262 5620 mise-

705 5649 870 5704 riam!
901 5649 975 5704 Ne
1003 5664 1064 5705 ea
1091 5650 1301 5719 quidem
1327 5665 1444 5715 qua:
1470 5650 1642 5706 sortiti
1669 5662 1789 5707 sunt
1818 5652 1935 5722 ipsi,
1961 5653 2138 5707 volunt
2170 5655 2261 5710 tri-

2143 318 2502 378 SEVERIANI

3860 335 3968 389 508

2385 433 2545 487 buere
2571 433 2787 500 Spiritui
2819 444 3020 490 sancto.
3051 436 3332 505 Apostolus
3361 446 3532 492 autem
3559 438 3625 495 de
3651 455 3712 495 se
3733 481 3749 504 ,
3781 440 3962 509 deque

2383 523 2464 576 sui
2489 523 2746 579 similibus
2776 525 3002 589 dicebat,
3034 525 3096 580 Si
3113 531 3463 596 compatimur,
3485 532 3632 581 etiam
3658 532 3956 601 congios-iﬁ-

2383 615 2606 666 cabimur
2650 614 2836 683 (Rom.
2874 617 3080 685 8.17).
3130 617 3322 670 Paulus
3357 617 3786 685 congloriﬁcatur
3831 635 3954 674 cum

2385 702 2496 756 Deo
2514 744 2529 768 ,
2558 713 2610 756 et
2636 704 2858 772 Spiritus
2883 721 2988 758 non
3016 707 3472 775 eongioriﬁcatur?
3498 709 3733 763 Mortalis
3763 723 3952 765 natura

2384 791 2435 843 in
2462 799 2660 844 tantam
2686 794 3056 847 sublimitatem
3083 797 3342 860 evehitur,
3376 807 3431 850 ut
3451 813 3569 850 eum
3595 800 3815 852 Christo
3834 804 3954 868 glo-

2384 879 2634 938 riﬁcetur,
2665 891 2717 934 et
2742 882 3041 936 adorandus
3068 883 3312 951 Spiritus,
3338 902 3433 939 nec
3455 888 3638 939 iisdem
3671 888 3951 942 nobiscum

2383 970 2687 1026 muneribus
2725 972 2965 1027 fruetur?
3009 976 3081 1028 De
3120 977 3304 1031 iisdem
3348 977 3650 1032 hominibus
3689 981 3766 1032 ait
3813 982 3948 1036 idem

2383 1059 2670 1126 apostolus,
2697 1059 2756 1114 Si
2784 1065 3116 1132 conipatimur
3134 1105 3147 1128 ,
3181 1076 3226 1117 et
3248 1070 3658 1136 conregnabimus
3690 1069 3780 1140 (‘2.
3813 1070 3944 1126 Tim.

2381 1146 2434 1198 2.
2459 1145 2582 1216 12);
2614 1156 2666 1201 et
2685 1147 2909 1217 Spiritus
2928 1165 3139 1208 sanctus
3163 1171 3264 1208 non
3293 1157 3528 1224 regnabit
3552 1173 3672 1212 cum
3699 1161 3949 1214 Christo?

2382 1237 2426 1290 0
2449 1238 2704 1306 ingratum
2727 1243 2989 1297 animum!
3016 1262 3046 1297 ο
3069 1247 3321 1299 insaniam
3344 1248 3757 1303 intolerandam!
3784 1266 3951 1305 osen-

2385 1330 2596 1381 tentiam
2626 1331 2856 1398 impiam,
2871 1345 2923 1387 et
2941 1336 3199 1404 ingentem
3223 1337 3618 1405 blasphemiam,
3637 1342 3949 1409 plagamque

2384 1417 2756 1473 incnrabilem!
2809 1421 2914 1477 Nos
2967 1436 3332 1494 exspectamus
3380 1441 3799 1498 conregnaturos
3857 1449 3951 1486 nos

2382 1521 2528 1572 esse;
2549 1519 2601 1561 et
2621 1507 2869 1577 Spiritum
2891 1523 3123 1568 sanetum
3139 1517 3188 1569 in
3210 1518 3594 1573 serviordinem
3611 1521 3949 1590 redigemusi

2453 1598 2504 1652 6.
2551 1599 2674 1654 ch
2719 1617 2875 1669 porro
2911 1606 3154 1665 dicimus.
3184 1607 3393 1676 fratres,
3421 1627 3522 1664 non
3550 1613 3692 1681 quod
3721 1614 3951 1682 Spiritus

2382 1697 2595 1742 sanctus
2625 1689 2693 1744 ita
2724 1691 2911 1748 debeat
2935 1710 3052 1749 cum
3083 1697 3290 1753 Christo
3316 1701 3722 1769 congloriﬁcari,
3759 1717 3818 1757 ut
3857 1722 3952 1760 nos

2382 1778 2874 1848 congloriﬁcamur,
2912 1786 3004 1839 sed
3037 1799 3090 1840 ut
3123 1788 3442 1856 impietatem
3483 1807 3667 1846 eorum
3700 1795 3950 1850 confute-

2384 1880 2520 1928 tuus,
2549 1868 2636 1934 qui
2669 1885 2765 1923 nec
2795 1879 2995 1926 tantum
3026 1876 3234 1942 quidem
3262 1879 3357 1946 ipsi
3388 1881 3616 1935 tribuere
3640 1883 3946 1951 dignantur.

2383 1955 2642 2028 Propitius
2687 1961 2760 2014 sis
2807 1964 2988 2030 nobis,
3035 1966 3272 2033 Domine,
3301 1971 3437 2024 circa
3461 1987 3520 2026 ea
3548 1990 3663 2040 qua:
3691 1976 3946 2032 diximus.

2382 2046 2528 2101 Licet
2561 2053 2699 2104 enim
2732 2051 3011 2120 impiorum
3050 2057 3186 2112 dicta
3223 2060 3532 2127 simpliciter
3570 2073 3622 2116 et
3659 2067 3945 2120 verborum

2383 2145 2535 2191 tenus
2563 2148 2761 2193 tantum
2793 2156 3110 2211 repetamus,
3139 2157 3367 2204 attamen
3397 2167 3571 2215 nemo,
3601 2154 3815 2216 fratres,
3847 2173 3946 2223 pu-

2382 2233 2455 2278 tet
2497 2225 2619 2281 hinc
2662 2233 3030 2286 contumeliam
3061 2234 3273 2306 Spiritui
3315 2251 3496 2292 sancto
3540 2241 3749 2306 inferri,
3803 2247 3947 2313 quod

2380 2330 2561 2370 eorum
2585 2323 2916 2377 contumelia:
2956 2337 3280 2394 repetantur.
3313 2331 3432 2383 illas
3456 2334 3597 2385 enim
3627 2336 3677 2385 in
3708 2337 3948 2390 medium

2383 2405 2699 2472 proferimus
2723 2451 2737 2473 ,
2772 2427 2874 2464 non
2900 2424 2956 2466 ut
2981 2416 3231 2482 impietati
3254 2422 3620 2485 assentiamur,
3651 2425 3739 2475 sed
3773 2434 3838 2477 ut
3863 2442 3950 2479 er-

2383 2506 2556 2546 rorem
2601 2497 2956 2567 traducamus,
2998 2513 3051 2557 et
3092 2505 3296 2572 pictatis
3335 2509 3577 2564 alumnos
3602 2528 3628 2564 a
3659 2528 3821 2579 prava
3861 2518 3948 2570 illa

2381 2582 2618 2637 doctrina
2658 2597 2973 2642 avertamus.
3018 2592 3218 2646 Etenim
3258 2598 3510 2663 apostoli.
3544 2601 3629 2668 qui
3655 2602 3946 2658 Dominum

2381 2673 2645 2734 amabant,
2691 2684 2745 2728 et
2790 2677 2904 2743 ejus
2948 2681 3272 2748 majestatem
3319 2686 3592 2750 viderant,
3635 2688 3947 2745 lndzeornm

2381 2763 2723 2815 contumelias
2765 2765 2816 2817 in
2863 2768 3026 2821 sacris
3055 2768 3347 2838 Evangeliis
3387 2775 3580 2828 referre
3607 2792 3706 2829 non
3732 2780 3952 2834 dubita-

2381 2860 2521 2903 runt.
2553 2852 2729 2919 Itaque
2758 2856 2950 2924 scripta
2974 2859 3040 2911 ibi
3067 2871 3186 2914 sunt
3211 2878 3550 2932 quaecumque
3580 2870 3690 2921 ausi
3718 2884 3846 2924 sunt
3873 2875 3948 2927 illi

2381 2938 2446 2992 de
2477 2939 2687 2995 Christo
2714 2943 2910 3008 dicere,
2935 2949 3071 3015 quod
3106 2962 3349 3017 peccator
3376 2965 3546 3018 esset,
3575 2957 3709 3022 quod
3740 2974 3805 3012 ex
3842 2962 3950 3013 Deo

2381 3046 2483 3084 non
2509 3045 2671 3098 esset,
2699 3036 2939 3105 quodque
2965 3054 3140 3092 coram
3169 3057 3232 3095 eo
3254 3047 3364 3095 ausi
3397 3049 3499 3097 sint
3526 3046 3720 3113 dicere,
3753 3048 3950 3104 Sama-

2380 3124 2571 3174 ritanus
2597 3139 2648 3177 es
2671 3134 2743 3188 tu,
2768 3136 2813 3178 et
2835 3127 3130 3181 daemonium
3156 3132 3301 3186 habes
3329 3133 3502 3202 (Joan.
3527 3137 3576 3188 8.
3605 3137 3717 3205 48).
3744 3139 3947 3194 Verum

2381 3212 2646 3282 Scriptura
2698 3232 2801 3269 non
2852 3221 3135 3288 scriptores
3173 3236 3401 3290 accusat,
3449 3227 3540 3280 sed
3580 3229 3944 3298 blasphemas.

2380 3302 2513 3354 Audi
2562 3302 2786 3371 Spiritus
2832 3307 2936 3359 vim
2987 3318 3037 3362 et
3078 3309 3382 3375 efﬁcaciam,
3424 3315 3544 3368 audi
3579 3320 3945 3384 apostolorum

2381 3393 2580 3456 laudes,
2627 3410 2809 3450 eiu-um
2858 3413 3080 3466 sequere
3127 3402 3441 3471 doctrinam,
3487 3418 3689 3464 sectare
3732 3424 3944 3479 patrum

2381 3485 2635 3556 vestigia;
2666 3503 2733 3543 ne
2761 3503 2825 3542 ex
2856 3491 3193 3558 profanorum
3226 3499 3454 3566 vestigiis
3493 3501 3543 3552 in
3587 3518 3823 3558 errorem
3853 3508 3948 3562 de-

2379 3573 2625 3631 ducaris:
2658 3579 2966 3636 Trinitatem
2990 3584 3170 3651 adora,
3204 3587 3507 3644 Trinitatem
3537 3593 3793 3661 gioriﬁca,
3827 3599 3949 3652 Tri-

2381 3665 2593 3720 nitatem
2627 3670 2871 3740 prmdica.
2903 3671 2975 3724 lta
2995 3675 3225 3729 sentiunt
3249 3680 3534 3747 propheta},
3561 3684 3628 3735 ita
3654 3686 3947 3751 prmdicant

2379 3759 2620 3825 apostoli,
2653 3761 2719 3813 ita
2748 3763 2965 3817 credunt
2992 3775 3269 3837 martyres.
3301 3771 3432 3823 Audi
3465 3772 3683 3828 Paulum
3713 3776 3948 3833 Trinita~

2381 3860 2484 3904 tem
2531 3853 2902 3920 prmdicautem
2933 3874 2943 3907 :
2977 3857 3257 3914 Divisiones
3303 3865 3576 3930 gratiarum
3613 3878 3762 3933 sunt,
3810 3871 3948 3926 idem

2379 3950 2544 3992 autem
2582 3941 2838 4009 Spiritus;
2884 3946 3146 4000 divisiones
3185 3951 3603 4006 ministrationum
3642 3966 3776 4018 sunt,
3807 3961 3946 4012 idem

2378 4041 2542 4083 autem
2570 4030 2847 4092 Dominus;
2873 4034 3133 4090 divisiones
3158 4041 3499 4104 Operationum
3521 4054 3653 4105 sunt,
3675 4046 3804 4097 idem
3829 4063 3944 4102 vero

2378 4118 2534 4181 Deus,
2569 4120 2652 4188 qui
2695 4131 2928 4190 aperatur
2970 4126 3135 4176 omnia
3181 4127 3232 4178 in
3273 4130 3497 4182 omnibus
3530 4131 3600 4199 (1.
3628 4132 3743 4185 Cor.
3772 4136 3855 4188 19..
3889 4139 3946 4190 ι-

2378 4208 2452 4275 6).
2499 4208 2607 4262 Cur
2647 4225 2748 4262 non
2799 4213 2978 4278 incipit
3006 4228 3033 4264 a
3064 4213 3256 4268 Patre?
3295 4232 3388 4269 cur
3428 4233 3532 4271 non
3582 4222 3751 4285 primo
3795 4225 3943 4278 illum

2381 4299 2644 4366 praedicat,
2676 4299 2865 4354 deinde
2894 4301 3102 4367 Filium,
3135 4306 3344 4359 demum
3377 4306 3628 4375 Spiritum
3662 4319 3944 4368 sanetum?

2380 4389 2666 4444 Invertisne
2708 4392 2980 4460 ordinem,
3015 4394 3206 4450 Paule?
3246 4407 3486 4452 mutasne
3529 4403 3763 4455 seriem?
3812 4404 3946 4458 Dum

2377 4481 2623 4534 Servatur
2662 4482 2731 4534 ita
2779 4483 3068 4547 tradiderit,
3101 4483 3164 4538 In
3192 4488 3391 4540 nomine
3416 4489 3606 4552 Patris,
3633 4501 3676 4543 et
3707 4490 3870 4556 Filii,
3899 4507 3943 4547 et

2379 4570 2598 4638 Spiritus
2624 4573 2782 4623 sancti
2812 4570 3020 4642 (Matth.
3050 4573 3137 4629 9.8.
3165 4574 3288 4645 19),
3322 4585 3444 4631 tune
3471 4579 3630 4632 solvis
3664 4582 3942 4650 theologia:

2378 4652 2585 4721 legem?
2630 4653 2819 4706 Verum
2860 4654 2997 4709 absit
3030 4672 3096 4710 ne
3131 4658 3252 4726 quid
3282 4659 3382 4712 tale
3411 4676 3652 4729 umquam
3684 4663 3750 4716 de
3780 4665 3942 4717 Paulo

2375 4744 2685 4813 cogitemus.
2734 4743 2956 4798 Sanetus
2998 4747 3136 4801 enim
3181 4747 3268 4803 ille
3308 4759 3360 4803 et
3393 4751 3714 4808 admit-abitis
3741 4772 3938 4824 pra-eo,

2378 4833 2477 4886 hoc
2503 4833 2666 4901 probe
2693 4845 2943 4899 noverat,
2976 4851 3033 4889 se
3063 4837 3264 4891 etiamsi
3292 4839 3515 4905 Spiritus
3548 4844 3716 4909 primo
3748 4847 3939 4898 memi-

2376 4923 2533 4976 nisset
2559 4962 2574 4986 ,
2605 4922 2944 4977 nihilominus
2973 4925 3283 4995 theologiam
3313 4928 3526 4982 illtesam
3559 4945 3772 4986 servare
3796 4974 3810 4996 ,
3843 4950 3939 4987 ue-

2373 5029 2475 5082 que
2502 5013 2836 5067 inconfusam
2881 5023 3116 5068 naturam
3155 5018 3470 5070 contumelia
3511 5019 3722 5074 afﬁcere
3767 5037 3940 5091 neque

2374 5104 2608 5157 dividere
2661 5102 3030 5157 indivisibilem
3078 5106 3406 5173 dignitatem.
3466 5106 3716 5175 Spiritum
3769 5113 3940 5178 primo

2373 5203 2670 5258 memorat,
2721 5205 2780 5247 ut
2831 5195 3101 5259 ostendat,
3147 5196 3437 5265 Spiritum,
3488 5199 3589 5252 etsi
3640 5211 3939 5268 postremus

2371 5285 2666 5355 scribatur,
2722 5299 2826 5336 non
2875 5283 2995 5336 hinc
3045 5285 3284 5337 ultimum
3317 5294 3370 5338 et
3412 5299 3729 5354 postremum
3775 5291 3934 5344 eftici.

2370 5377 2501 5442 Quia
2544 5377 2682 5428 enim
2726 5375 2797 5428 illi
2843 5390 2998 5442 prave
3049 5376 3458 5442 interpretantur
3499 5392 3601 5432 non
3646 5393 3936 5431 connume-

2371 5475 2565 5529 rantes,
2597 5465 2687 5518 sed
2745 5464 3024 5534 posteriori
3069 5464 3251 5517 ordine
3297 5479 3633 5519 numerantes
3675 5477 3792 5535 post
3840 5469 3935 5521 Pa-

2370 5568 2500 5611 trem
2550 5556 2735 5609 Filium
2765 5597 2778 5615 ,
2831 5564 2948 5623 post
2993 5555 3177 5608 Filium
3216 5554 3464 5624 Spiritum
3500 5567 3738 5615 sanctum
3789 5561 3934 5627 (pri-

2370 5666 2484 5704 mus
2510 5648 2671 5715 enim,
2703 5655 2868 5715 aiunt,
2898 5646 3072 5714 Pater,
3101 5647 3358 5702 secundus
3389 5647 3575 5714 Filius,
3609 5649 3796 5704 tertius
3820 5649 3939 5726 Sp;-
