4128 6320
206 338 315 392 507

199 447 300 515 γὰρ
331 443 502 512 ’Δδάμ
524 441 776 505 πλασθεὶς
797 443 984 496 ἔλαϐεν
1005 443 1303 513 ἐμφύσημα
1318 445 1458 513 ζωῆς
1484 445 1758 514 (Ἐνεφύ-

196 547 351 599 σησε
374 532 483 600 γὰρ
518 533 552 584 ὁ
588 529 726 596 Θεὸς
759 532 846 596 είς
873 531 935 584 τὸ
958 532 1280 598 πρόσωπον
1298 532 1405 586 τοῦ
1440 532 1629 600 Ἀδὰμ,
1659 533 1756 586 καί

194 616 426 684 ἐγένετο
439 616 527 678 είς
541 613 751 681 ψυχὴν
770 613 1004 681 ζῶσαν),
1021 615 1050 666 δ
1070 614 1248 668 λαϐὼν
1265 616 1466 677 ἐκεῖνος
1488 615 1755 679 ἀπώλεσε,

194 696 348 750 τοῦτο
389 695 580 764 παρὼν
639 694 1027 765 ἀνακαλοῦμαι.
1093 697 1320 764 Ἑγείρω
1367 696 1456 748 τὸν
1505 697 1758 758 πεσόντα,

194 778 520 841 ἀνακαινίζω
551 778 640 830 τὸν
669 777 965 848 φθαρέντα,
1004 777 1249 840 ζωοποιῶ
1281 779 1372 830 τδν
1395 779 1754 848 νεκρωθέντα.

194 862 474 929 Μαρτυρεῖ
503 877 604 928 μου
638 863 703 930 τῇ
739 859 1016 930 οἰκονομίᾳ
1045 861 1137 912 καὶ
1178 863 1206 913 6
1248 862 1526 929 προφήτης
1559 860 1759 928 βοήσας

196 958 295 1011 μου
339 941 437 1010 τὴν
476 941 800 1011 ἐμφύσησιν.
852 942 959 994 Kal
1003 942 1090 1003 τίς
1125 944 1152 994 ὁ
1199 942 1442 994 ἀναϐοῶν
1477 942 1758 1010 προφήτης

192 1025 572 1090 προαναφωνεῖ
597 1022 690 1093 τὴν
728 1022 886 1090 ἀγίαν
922 1023 1123 1092 ταύτην
1157 1023 1500 1092 ἐμφύσησιν;
1539 1025 1757 1082 Ἄκουε,

193 1104 342 1173 φησὶ,
391 1104 486 1155 τοῦ
536 1106 811 1174 προφήτου
856 1105 1103 1171 λέγοντος
1148 1109 1205 1157 ἐν
1245 1108 1354 1166 τοῖς
1405 1104 1756 1156 δυοκαίδεκα·

191 1185 381 1254 Ναοὺμ
396 1185 454 1237 δὲ
474 1185 645 1254 τούτῳ
664 1185 830 1254 ὄνομα
848 1204 860 1217 ·
889 1185 1170 1254 Ἐόρταζε,
1196 1186 1414 1246 Ἰούδα,
1434 1185 1538 1251 τὰς
1553 1185 1759 1252 ἑορτάς

192 1284 324 1331 σου,
363 1268 591 1333 ἀπόδος
630 1267 707 1332 τῷ
747 1268 868 1332 Θεῷ
893 1271 1000 1335 τὰς
1028 1269 1213 1338 εὐχάς
1238 1285 1374 1323 σου.
1418 1269 1626 1322 Οὐκέτι
1673 1267 1756 1335 μὴ

193 1348 538 1417 προσθῶσιν
578 1350 775 1404 ἐλθεῖν
815 1353 962 1417 πρὸς
1003 1353 1365 1405 παλαίωσινο
1409 1350 1760 1405 συντετέλε-

194 1448 328 1486 σται
361 1433 431 1484 τὰ
478 1433 689 1502 πρῶτα,
733 1434 924 1503 φησίν·
971 1434 1166 1487 οὐκέτι
1201 1437 1271 1488 οὐ
1295 1435 1379 1503 μὴ
1415 1433 1762 1502 προσθῶσιν

194 1514 390 1568 ἐλθεῖν
414 1515 563 1581 πρὸς
594 1517 944 1568 παλαίωσιν.
977 1517 1085 1583 Τὴν
1122 1518 1311 1586 καινὴν
1348 1517 1503 1586 χάριν
1535 1516 1762 1582 εύαγγε·

194 1597 415 1661 λίζεται,
451 1599 531 1650 ὅτι
569 1599 633 1650 τὰ
671 1598 870 1650 παλαιά
908 1597 1199 1659 πέπαυται,
1236 1600 1302 1651 τά
1348 1599 1444 1650 νέα
1487 1596 1758 1650 ἀνθοῦσιν.

203 1677 460 1745 Έόρταζε
487 1680 591 1744 τὰς
623 1679 831 1746 ἑορτάς
870 1694 1005 1733 σου.
1035 1680 1132 1732 Διά
1173 1681 1243 1739 τί,
1288 1681 1631 1747 Ἐόρτασον,
1655 1678 1763 1728 ὀνο-

197 1760 384 1828 μάζεις
429 1761 644 1830 Ἐπειδὴ
683 1765 739 1814 ἐν
783 1765 848 1830 τῇ
898 1763 1055 1831 ἐορτῇ
1103 1762 1196 1814 τοῦ
1240 1762 1428 1828 Πάσχα
1470 1759 1760 1817 ἀνάστασις

193 1842 420 1910 ήμελλεν
468 1842 714 1910 ἀνθῆσαι.
779 1843 1072 1910 Ἐόρταζε,
1123 1843 1318 1912 φησὶν,
1383 1840 1596 1900 Ἰούδα,
1657 1840 1762 1902 τὰς

193 1923 396 1991 ἑορτάς
455 1939 591 1985 σου,
637 1922 861 1988 ἀπόδος
911 1922 990 1987 τῷ
1051 1925 1170 1987 Θεῷ
1227 1924 1334 1988 τὰς
1397 1921 1582 1990 εὐχάς
1621 1937 1757 1973 σου.

196 2006 399 2060 οὐκέτι
451 2007 536 2074 μὴ
594 2004 940 2074 προσθῶσιν
993 2008 1189 2061 ἐλθεῖν
1245 2011 1331 2070 είς
1395 2007 1757 2060 παλαίωσιν·

190 2090 669 2146 συντετέλεσται,
700 2089 939 2155 ἐξῆρται
960 2106 973 2118 '
1003 2091 1263 2149 τουτέστι,
1297 2090 1363 2140 τά
1393 2089 1585 2155 πρῶτα
1611 2086 1762 2148 τέλος

192 2169 319 2238 εχει.
355 2171 468 2222 Kal
499 2170 585 2221 διὰ
627 2172 676 2223 τί
707 2172 855 2232 τέλος
886 2172 997 2240 ἔχει
1039 2173 1104 2224 τά
1138 2173 1363 2241 πρῶτας
1414 2170 1609 2234 Ἀνέϐη
1655 2169 1762 2236 γὰρ

190 2253 256 2304 ἐκ
285 2251 393 2318 τῆς
431 2251 545 2318 γῆς
574 2255 604 2305 ό
628 2252 915 2320 ἐμφυσῶν
935 2257 1022 2319 εἰς
1054 2254 1118 2306 τὸ
1149 2255 1472 2320 πρόσωπόν
1501 2266 1636 2313 σου,
1665 2250 1760 2302 καί

191 2333 609 2402 ἐξαιρούμενός
631 2350 703 2386 σε
738 2335 806 2387 ἐκ
852 2337 1128 2401 θλίψεως.
1175 2335 1332 2387 Ἀλλά
1372 2334 1532 2386 πάλιν
1561 2334 1763 2384 ἐπανα-

191 2414 460 2484 λάϐωμεν.
508 2416 790 2482 Ἐόρταζε,
831 2417 1033 2480 Ἰούδα,
1075 2419 1179 2482 τὰς
1202 2416 1409 2484 ἑορτάς
1442 2431 1578 2476 σου,
1615 2415 1761 2467 (ίπό-

193 2497 290 2562 δος
324 2497 401 2562 τῷ
434 2496 554 2561 Θεῷ
578 2499 682 2562 τὰς
703 2497 884 2565 εὐχάς
909 2517 1043 2552 σου.
1075 2499 1281 2554 Οὐκέτι
1301 2499 1383 2566 μὴ
1417 2495 1764 2563 προσθῶσιν

191 2581 384 2633 ἐλθεῖν
431 2584 518 2644 εἰς
538 2581 894 2633 παλαίωσιν.
922 2583 1076 2643 Τίνες
1112 2584 1165 2634 αἱ
1195 2582 1407 2650 ἐορταίς
1437 2577 1616 2631 Ἶὶσαν
1656 2580 1762 2647 γάρ

192 2663 387 2714 ἐκεῖναι
428 2663 483 2713 αἱ
531 2661 751 2714 παλαιαὶ
799 2662 907 2714 τῶν
955 2663 1088 2715 νέων
1133 2666 1391 2732 φέρουσαι
1431 2662 1528 2732 τὴν
1558 2661 1759 2713 εἰκόνα.

193 2744 382 2813 Πρώτη
417 2743 528 2796 τῶν
564 2745 812 2814 Ἀςύμων
847 2745 1047 2815 ήμέρα,
1083 2745 1244 2797 εἰκὼν
1275 2740 1408 2796 οὖσα
1435 2743 1525 2795 τοῦ
1558 2742 1762 2802 πάθους

191 2828 296 2885 τοῖς
333 2825 576 2891 ἀκριϐῶς
620 2826 948 2889 ἐξετάζουσι.
1001 2829 1153 2879 Μετά
1196 2826 1396 2896 ταύτην
1443 2824 1620 2894 ήμέρα
1664 2823 1762 2892 τῆς

194 2907 586 2976 Πεντηκοστῆς,
615 2909 773 2959 εἰκὼν
795 2905 929 2961 οὖσα
960 2911 1050 2960 καὶ
1077 2909 1215 2978 αὐτὴ
1245 2909 1343 2976 τῆς
1366 2907 1460 2959 τοῦ
1487 2907 1644 2974 ἁγίου
1668 2906 1762 2957 καὶ

194 2992 561 3061 προσκυνητοῦ
617 2993 926 3060 Πνεύματος
969 2994 1375 3060 ἐπιφοιτήσεωε.
1434 2992 1492 3042 'ﬂ
1545 2990 1601 3042 δὲ
1654 2988 1762 3041 τῶν

197 3074 580 3142 Σκηνοπηγίων
612 3074 773 3125 εἰκὼν
803 3075 894 3125 καὶ
922 3074 1057 3142 αὑτὴ
1084 3071 1150 3141 ἦν
1175 3073 1282 3125 τῶν
1305 3073 1518 3141 σκηνῶν
1544 3072 1651 3124 τῶν
1674 3072 1764 3122 οῦ-

195 3157 403 3221 ρανίων.
441 3155 660 3216 Τούτοις
691 3167 716 3195 ι
747 3157 840 3208 καὶ
868 3158 894 3207 ὁ
918 3155 1119 3224 Κύριος
1152 3155 1572 3224 ἐνδεικνύμενος,
1611 3156 1763 3205 ἐπει-

193 3237 359 3306 δήπερ
405 3238 609 3289 ἐκεϊναι
656 3233 795 3306 ἦσαν
837 3237 1178 3307 πρόσκαιροι,
1217 3236 1536 3306 βουλόμενος
1570 3234 1758 3298 δεῖξαι,

193 3321 267 3372 δτι
292 3323 346 3372 αἰ
371 3323 566 3389 σκηναὶ
588 3324 789 3372 ἐκεῖναι
814 3321 983 3381 τύπος
1011 3322 1116 3372 εἰσὶ
1156 3321 1264 3372 τῶν
1290 3319 1592 3389 μελλουσῶν
1630 3335 1760 3387 σκη-

193 3404 313 3466 νῶν,
335 3403 484 3474 [δυο]
508 3404 660 3468 ἔλεγε
683 3404 815 3471 πρὸς
839 3405 962 3462 τοὺς
984 3406 1039 3454 ἐν
1060 3402 1134 3469 τῷ
1159 3403 1346 3470 κόσμῳ
1369 3401 1722 3461 πλουτοῦντας
1743 3416 1757 3431 ο

194 3485 482 3553 Ποιήσατε
508 3484 646 3551 ὑμῖν
670 3486 886 3552 φίλους
928 3483 994 3535 ὲκ
1034 3482 1139 3535 τοῦ
1168 3479 1463 3549 μαμμωνᾶ
1490 3480 1596 3546 τῆς
1630 3481 1759 3534 ἀδι-

194 3566 321 3631 κίας
341 3582 353 3594 ’
387 3567 463 3618 ἵν’
495 3565 638 3618 ὅταν
659 3564 1041 3636 ἐκλ[ε]ι’πητε,
1061 3564 1344 3627 δέξωνται
1369 3561 1523 3630 ὑμᾶς
1539 3565 1620 3626 εἰς
1655 3561 1761 3624 τὰς

194 3649 465 3712 αίωνίους
497 3646 754 3713 σκηνάς.
787 3649 853 3698 Αἱ
878 3643 968 3698 οὖν
1012 3647 1337 3714 πρόσκαιροι
1366 3643 1560 3711 σκηναὶ
1591 3643 1760 3703 τύπος

191 3726 321 3800 ἦσαν
351 3731 460 3783 τῶν
491 3731 721 3783 αἰωνίων
753 3729 986 3797 σκηνῶν.
1032 3730 1183 3780 Ἐπεὶ
1211 3725 1302 3780 οὖν
1335 3731 1368 3796 ἠ
1399 3726 1493 3778 τοῦ
1524 3725 1756 3797 Χριστοῦ

193 3813 466 3880 οίκινομία
497 3812 624 3873 τοὺς
680 3813 776 3880 μὲν
810 3811 1069 3872 παλαιοὺς
1113 3811 1312 3874 τύπους
1355 3810 1612 3878 ἐπλήρου,
1662 3809 1759 3877 τὴν

193 3896 244 3946 δέ
294 3896 419 3947 νέαν
466 3895 625 3963 χάριν
661 3893 908 3962 ἐξήνθει,
949 3893 1126 3954 καλῶς
1157 3895 1185 3945 ὁ
1210 3893 1492 3962 προφήτης
1524 3907 1760 3960 προανα-

194 3981 353 4045 φωνεϊ
387 3978 560 4043 λέγων
583 3993 597 4006 ·
651 3973 932 4039 Ἑόρταζε,
987 3974 1191 4035 Ἰούδα,
1236 3974 1342 4037 τὰς
1380 3972 1588 4040 ἑορτάς
1621 3989 1756 4035 σου,

191 4060 409 4125 ἀπόδος
447 4057 527 4122 τῷ
576 4056 696 4121 Θεῷ
735 4056 837 4121 τὰς
871 4057 1054 4123 εὐχάς
1101 4071 1250 4109 σου·
1300 4055 1552 4124 σημαίνει
1602 4055 1629 4093 δ
1676 4055 1754 4117 τὸ,

196 4142 396 4195 Οὐκέτι
424 4141 534 4209 γὰρ
566 4140 651 4207 μὴ
682 4137 1024 4205 προσθῶσιν
1058 4138 1256 4190 ἐλθεῖν
1284 4139 1368 4202 εἰς
1397 4137 1754 4189 παλαίωσιν.

205 4223 664 4276 Ἀνακεκαίνισται
715 4221 821 4290 γάρ
872 4221 940 4272 τὰ
993 4221 1194 4273 παλαιά
1236 4219 1322 4272 διὰ
1374 4221 1471 4288 τῆς
1516 4220 1754 4288 χάριτος,

194 4307 671 4363 Συντετέλεσται,
703 4305 962 4373 ἐξῆρται.
1007 4305 1202 4371 Ἀνέϐη
1245 4308 1352 4372 γὰρ
1393 4305 1460 4356 ἐκ
1507 4303 1616 4370 τῆς
1649 4300 1758 4370 γῆς

194 4392 224 4442 ό
253 4387 538 4457 ἐμφυσῶν
580 4389 664 4450 εἰς
701 4387 768 4438 τὸ
811 4387 1134 4452 πρόσωπόν
1163 4404 1298 4447 σου,
1345 4386 1443 4437 καί
1490 4385 1758 4452 ἐξαιρού-

189 4474 363 4538 μενός
396 4484 470 4522 σε
494 4470 560 4521 ἐκ
590 4470 865 4536 θλίψεως.
907 4470 1044 4520 Ἀλλ’
1073 4472 1100 4521 ὁ
1132 4470 1227 4537 μὲν
1259 4470 1540 4538 προφήτης
1564 4469 1758 4537 Ναούμ

193 4554 402 4621 γυμνῶς
434 4569 517 4604 σοι
551 4553 857 4620 παρέστησε
886 4551 976 4603 τὸν
1003 4553 1100 4621 τὴν
1135 4552 1295 4617 ἁγίαν
1327 4552 1484 4622 χάριν
1520 4552 1758 4620 ἐμπνεύ-

195 4652 353 4687 σαντα
379 4634 580 4702 Κύριον
601 4651 613 4664 ·
656 4634 884 4695 Ἡσαΐας
920 4633 976 4685 δὲ
1004 4636 1095 4686 καὶ
1130 4635 1288 4696 αὐτὸς
1311 4636 1480 4703 ἐτέρῳ
1506 4636 1690 4705 τρόπῳ
1731 4646 1752 4673 ο

193 4717 278 4768 τὸν
323 4719 387 4768 ἐκ
437 4715 647 4785 νεκρῶν
696 4716 1000 4768 ἀναστάντα
1051 4717 1143 4768 καὶ
1185 4717 1404 4785 Πνεῦμα
1453 4717 1604 4783 ἅγιον
1647 4721 1758 4779 τοῖς

196 4799 377 4852 ἑαυτοῦ
405 4799 757 4868 χαριζόμενον
788 4801 1163 4869 προαναφωνεῖ
1201 4798 1371 4866 λέγων
1393 4815 1404 4828 ·
1455 4799 1755 4867 Ἐμνήσθη

196 4881 420 4950 ἡμερῶν
437 4883 691 4934 αἰωνίων
715 4884 746 4934 ό
767 4881 1131 4946 ἀναϐιϐάσας
1146 4883 1214 4934 ἐκ
1249 4880 1355 4950 γῆς
1381 4885 1486 4936 τὸν
1509 4883 1759 4950 ποιμένα

195 4965 304 5018 τῶν
348 4965 674 5033 προϐάτων.
725 4966 836 5017 Kal
888 4965 1009 5018 ἀντὶ
1039 4965 1155 5029 τοῦ,
1210 4968 1619 5033 Ἐνερύσησεν
1669 4969 1757 5030 εἰς

196 5047 256 5100 τὸ
283 5053 605 5115 ,πρόσωπον
641 5049 848 5112 αὑτοῦ,
882 5048 1082 5111 εὐθέως
1103 5051 1377 5119 ἐπήγαγεν
1400 5066 1411 5078 ·
1453 5052 1514 5102 '0
1541 5052 1662 5115 θεὶς
1689 5051 1759 5101 ἐν

196 5130 387 5196 αὐτοῖς
407 5131 474 5183 τὸ
503 5129 741 5198 Πνεῦμα
759 5130 825 5182 τὸ
858 5131 1047 5199 ἅγιον.
1093 5132 1153 5183 Ἡ
1186 5131 1339 5202 θεῖκὴ
1366 5133 1509 5198 ἀξία,
1543 5135 1575 5203 ή
1604 5131 1756 5202 eam;

197 5213 543 5284 προσηγορία,
572 5213 634 5264 τὸ
664 5214 938 5282 βασιλικὸν
969 5214 1203 5282 ἀξίωμα,
1235 5217 1266 5283 ή
1315 5215 1578 5285 ἄχραντος
1610 5216 1755 5282 δόξα,

198 5295 284 5346 καὶ
316 5295 347 5365 ή
378 5295 759 5363 ἀκατάληπτος
790 5297 1016 5365 δύναμις
1049 5298 1106 5348 τὸ
1135 5296 1212 5365 τῷ
1242 5298 1414 5368 Πατρί
1449 5298 1759 5363 συνδοξαζό-

200 5393 368 5445 μενον,
390 5379 483 5430 καὶ
507 5377 618 5446 Υἰῴ
642 5379 1055 5448 συμϐασιλεύον,
1082 5382 1176 5432 καὶ
1196 5381 1451 5451 ἐνεργοῦν
1472 5382 1537 5434 τά
1561 5384 1756 5449 πάντα,

199 5461 284 5511 καὶ
311 5459 548 5532 διαιροῦν
580 5461 648 5512 τά
682 5461 796 5513 θεῖα
820 5463 1130 5533 χαρίσματα
1174 5463 1407 5534 ἑκάστῳ,
1431 5465 1610 5528 καθὼς
1640 5465 1760 5534 βού-

247 5581 276 5612 ⁸
307 5583 421 5632 Haec
443 5587 601 5633 vitiata
626 5585 870 5638 vidonlur.

254 5644 277 5708 ἕ
303 5655 410 5708 ᾖεν.
426 5649 550 5705 conj.
585 5650 802 5708 σήμαινε.

251 5707 274 5735 ο
299 5705 367 5762 lla
394 5707 515 5771 Reg.
546 5705 751 5768 optimc.
773 5712 903 5762 Edil.
930 5725 1046 5762 vero
1068 5715 1113 5760 ἐν
1137 5714 1281 5776 ἑτέρῳ
1305 5714 1452 5774 τόπῳ.

1357 333 1442 390 DE
1483 333 1844 390 SERPENTE
1884 334 2188 392 HOMIIJA.

3332 339 3447 394 508

1863 444 2030 498 λεται.
2054 445 2236 498 ταῦτα
2267 441 2324 497 εὖ
2353 440 2469 498 οἶδα
2493 445 2572 497 δτι
2606 442 2846 512 στηρίξει
2879 440 3120 510 μὲντοὺς
3148 437 3308 501 ἰδίους
3330 438 3430 505 τῆς

1875 527 2216 593 Ἑκκλησίας,
2238 527 2418 579 δάκνει
2447 527 2503 578 δὲ
2530 526 2654 586 τοὺς
2681 524 2906 594 ἐχθροὺς
2935 523 3029 574 καὶ
3049 520 3426 590 διαρρήγνυσι,

1864 618 2093 684 μάλιστα
2119 617 2246 678 τοὺς
2275 618 2498 687 ἐχθροὺς
2529 617 2627 684 τῆς
2651 615 2950 677 εὐσεϐείας,
2974 615 3101 674 τοὺς
3136 628 3432 680 παραιτου-

1864 700 2057 768 μένους
2103 701 2275 768 Πατρὶ
2326 701 2418 751 καὶ
2460 699 2572 768 Υἰῷ
2620 697 2954 761 συνδοξάζειν
2999 697 3058 748 τὸ
3100 694 3318 762 Πνεῦμα
3369 695 3432 746 τὸ

1861 780 2033 846 ἅγιον.
2067 783 2128 832 Ὢ
2160 781 2259 848 τῆς
2288 781 2623 848 ἀθλιότητοςί
2650 780 2780 832 Ούδέ
2799 773 2872 830 ὧν
2906 777 3110 845 ἔτυχον,
3143 774 3436 840 καταξιοῦν

1861 863 2100 914 ἐθέλουσι
2123 862 2194 925 ,τὸ
2223 863 2441 930 Πνεῦμα
2470 862 2530 912 τὸ
2553 862 2721 927 ἆγιον.
2766 863 2824 912 '0
2855 859 2909 911 δέ
2951 858 3269 919 Ἀπόστολος
3305 857 3431 926 περὶ

1861 943 2053 997 ἑαυτοῦ
2079 945 2171 996 καὶ
2191 944 2297 996 τῶν
2321 946 2438 996 κατ’
2460 943 2621 996 αὑτὸν
2644 944 2844 1009 ἔλεγεν,
2879 945 2948 996 Ei
2969 939 3428 1007 συμπάσχομεν,

1862 1027 1957 1079 καί
1989 1025 2623 1094 συνδοξασθησόμεθα.
2650 1024 2859 1086 Παῦλος
2887 1024 3258 1086 συνδοξάζεται
3290 1021 3430 1090 Θεῷ,

1863 1109 1952 1160 καὶ
1975 1109 2032 1158 τὸ
2056 1107 2277 1176 Πνεῦμα
2315 1109 2377 1160 ού
2411 1105 2816 1171 συνδοξάζεται;
2863 1106 2924 1156 'H
2954 1103 3119 1173 θνητὴ
3161 1103 3317 1170 φύσις
3344 1118 3433 1153 το·-

1863 1191 2048 1242 σοῦτον
2077 1191 2350 1256 ἀνάγεται,
2394 1189 2468 1251 ὡς
2501 1189 2717 1257 Χριστῷ
2758 1186 3190 1251 συνδοξάζεσθαι,
3235 1186 3329 1237 καὶ
3372 1183 3432 1236 τὸ

1862 1273 2229 1342 προσκυνητὸν
2253 1270 2472 1341 Πνεῦμα
2494 1272 2610 1322 ούδέ
2634 1271 2740 1321 τῶν
2767 1270 2944 1322 αὐτῶν
2967 1272 3096 1339 ἡμῖν
3121 1268 3433 1326 κοινωνήσει

1863 1355 2376 1423 πλεονεκτημάτων;
2428 1355 2534 1406 Καὶ
2573 1353 2697 1422 περὶ
2741 1353 2836 1422 μὲν
2868 1353 3170 1423 ἀνθρώπων
3200 1350 3364 1419 φησὶν
3404 1351 3432 1401 ὁ

1863 1437 2022 1498 αὐτὸς
2051 1437 2342 1498 ἀπόστολος
2361 1455 2376 1466 ο
2396 1438 2463 1487 El
2489 1435 2882 1503 ὑπομένομεν,
2905 1435 3002 1486 καί
3027 1430 3432 1500 συμϐασιλεύο

1862 1534 2050 1585 σομεν
2074 1535 2085 1546 ·
2122 1518 2182 1569 τὸ
2212 1518 2268 1569 δὲ
2292 1518 2512 1585 Πνεῦμα
2541 1517 2601 1568 τὺ
2628 1517 2779 1585 ἆγιον
2805 1517 2865 1567 ού
2906 1513 3436 1584 συμϐασιλεύειΧρι-

1865 1602 2005 1669 στῷ;
2034 1602 2096 1652 Ὠ
2124 1601 2218 1669 τῆς
2249 1601 2445 1668 πολλῆς
2481 1599 2898 1668 ἀγνωμοσύνηςί
2925 1597 2970 1649 ὣ
2989 1598 3084 1665 τῆς
3113 1594 3313 1660 πολλῆς
3342 1592 3437 1644 καὶ⁸

1863 1683 2134 1750 ἀφορήτου
2169 1683 2389 1750 μανίαςί
2426 1681 2469 1732 ὣ
2493 1680 2716 1750 γνώμης
2754 1681 2933 1744 ἀθέου,
2969 1683 3059 1730 καὶ
3092 1676 3434 1746 βλασφημίας

1863 1766 2117 1834 ἀμέτρου,
2164 1767 2257 1816 καὶ
2284 1765 2494 1834 πληγῆς
2528 1764 2785 1816 ἀνιάτουε
2831 1763 3016 1830 Ἡμεῖς
3051 1760 3434 1830 προσδοκῶμεν

1866 1845 2311 1916 συμϐασιλεύσαι,
2362 1847 2452 1898 καὶ
2501 1845 2559 1897 τὸ
2605 1844 2828 1914 Πνεῦμα
2866 1845 2927 1896 τὺ
2976 1843 3127 1909 ἆγιον
3160 1843 3216 1893 ἐν
3250 1839 3434 1892 δούλου

1862 1930 2012 1992 τάξει
2051 1929 2458 1998 κατατάττομεν
2478 1945 2490 1992 ;

1935 2019 2006 2076 ς’.
2037 2012 2219 2065 Ταῦτα
2249 2013 2304 2065 δέ
2330 2030 2528 2080 φαμεν,
2553 2010 2787 2078 ἀδελφοὶ,
2816 2009 2911 2078 οὐχ
2938 2010 3012 2070 ὠς
3043 2005 3436 2076 παραπλησίως

1863 2096 1992 2162 ἡμῖν
2013 2095 2314 2162 ὀφείλοντος
2338 2094 2430 2146 τοῦ
2461 2095 2613 2160 ἁγίου
2643 2092 2777 2144 Πνεύ
2788 2109 2954 2160 ματος
2975 2091 3051 2159 τῷ
3080 2090 3295 2160 Χριστῷ
3319 2105 3438 2138 συν-

1862 2177 2194 2241 δοξάζεσθαι,
2237 2176 2370 2228 ἀλλά
2411 2176 2508 2245 τὴν
2535 2175 2784 2226 ἀσέϐειαν
2814 2173 3123 2240 ἐλέγχοντες
3162 2171 3267 2222 τῶν
3302 2169 3435 2238 μηδέ

1862 2259 2110 2311 τοσοῦτον
2143 2259 2432 2327 ἀπονέμειν
2456 2259 2813 2326 ἀνεχομένων.
2853 2256 3036 2316 Ἲλεως
3055 2255 3110 2306 δέ
3139 2256 3287 2323 ήμῖν,
3319 2252 3434 2304 K6-

1867 2358 1966 2410 ριε,
1998 2342 2089 2392 ἐπὶ
2122 2343 2234 2402 τοῖς
2260 2340 2604 2408 λαλουμένοις
2628 2340 2762 2407 εἴης.
2805 2338 2922 2390 Ὅτι
2959 2339 3059 2390 κάν
3088 2337 3247 2406 μέχρι
3272 2335 3434 2403 ψιλῆς

1863 2423 1956 2474 καὶ
1997 2422 2308 2474 ἐπιπολαίου
2353 2422 2545 2485 λέξεως
2588 2422 2942 2490 δευτεροῦμεν
2967 2419 3035 2472 τὰ
3076 2419 3183 2470 τῶν
3224 2417 3434 2470 ἀσεϐῶν

1864 2507 2101 2574 ῥήματα,
2134 2505 2247 2556 ἀλλ’
2274 2505 2421 2573 ὅμως
2459 2505 2666 2574 μηδεὶς,
2701 2502 2940 2571 ἀδελφοὶ,
2981 2501 3256 2568 νομισάτω
3279 2499 3434 2568 ὓϐριν

1862 2585 2000 2639 εἶναι
2027 2586 2120 2638 τοῦ
2151 2588 2305 2654 ἁγίου
2339 2587 2648 2656 Πνεύματος
2688 2586 2750 2637 τὸ
2777 2582 3153 2654 δευτεροῦσθαι
3178 2581 3274 2642 τὰς
3304 2579 3432 2650 παρ’

1862 2671 2084 2722 ἐκείνων
2109 2670 2314 2740 ὕϐρεις.
2342 2672 2578 2738 Ἀγομεν
2599 2669 2706 2739 γὰρ
2727 2668 2894 2730 αὐτὰς
2917 2669 2997 2730 είς
3024 2666 3206 2736 μέσον,
3232 2665 3325 2717 καὶ
3347 2663 3432 2716 λέ-

1862 2769 2050 2821 γομεν,
2077 2753 2136 2804 ού
2171 2752 2625 2820 συνδιατιθέμενοι
2655 2755 2720 2820 τῇ
2753 2749 2993 2818 ἀσεϐείᾳ,
3025 2747 3160 2800 ἀλλά
3180 2746 3275 2816 τήν
3300 2744 3433 2796 πλά·

1861 2852 1958 2904 νην
1979 2835 2128 2905 [521]
2161 2835 2581 2905 στηλιτεύοντες,
2603 2836 2695 2886 καὶ
2722 2833 2844 2895 τοὺς
2876 2831 3200 2900 συντρόφους
3220 2828 3317 2898 τῆς
3345 2828 3434 2879 εύ-

1863 2917 2076 2979 σεϐείας
2105 2917 2214 2968 τῶν
2246 2917 2494 2986 πονηρῶν
2527 2917 2808 2985 δογμάτων
2839 2911 3288 2982 ἀποτειχίζοντες.
3322 2909 3433 2962 Καὶ

1860 2999 1965 3068 γὰρ
1995 3001 2041 3050 οἰ
2078 2998 2360 3050 ἀπόστολοι
2390 2998 2707 3063 ἀγαπῶντες
2735 2997 2824 3049 τὸν
2857 2997 3079 3063 Κύριον,
3107 2995 3199 3046 καὶ
3236 2993 3434 3054 ἰδόντες

1861 3079 2022 3133 αὐτοῦ
2069 3081 2168 3148 τὴν
2211 3080 2385 3143 ἀξίαν,
2421 3081 2519 3131 οὐκ
2563 3079 2814 3148 ὤκνησαν
2851 3077 3071 3140 ἐντάξαι
3107 3079 3217 3138 τοῖς
3257 3076 3435 3143 ἁγίοις

1861 3160 2208 3227 Εὑαγγελίοις
2241 3161 2339 3220 τάς
2361 3159 2510 3227 παρά
2538 3159 2645 3210 τῶν
2684 3161 2947 3210 Ἰουδαίων
2980 3159 3187 3227 ὕϐρεις.
3224 3158 3432 3224 Γέγρα-

1863 3261 1992 3294 πται
2017 3242 2146 3308 γοῦν
2189 3243 2288 3293 ὅσα
2329 3244 2501 3293 εἰπεῖν
2545 3241 2847 3308 ἐτόλμησαν
2880 3241 3006 3308 περὶ
3050 3237 3305 3308 Χριστοῦ,
3340 3238 3433 3289 καὶ

1861 3323 1942 3374 ὅτι
1981 3323 2298 3392 ἁμαρτωλός
2332 3326 2466 3385 ἐστι,
2490 3323 2582 3374 καὶ
2619 3323 2699 3373 ὃτι
2728 3321 2820 3372 τοῦ
2855 3321 2989 3372 Θεοῦ
3018 3322 3116 3372 οὐκ
3148 3319 3281 3371 ἔστι.
3326 3319 3433 3370 Kal

1860 3408 1939 3467 εἰς
1973 3405 2258 3473 πρόσωπον
2291 3404 2454 3456 αὐτοῦ
2481 3404 2655 3470 λέγειν
2689 3405 2786 3455 οὐκ
2826 3403 3112 3471 ὤκνησαν·
3149 3401 3433 3469 Σαμαρεί-

1859 3505 1966 3552 της
2004 3485 2058 3539 εἶ
2081 3487 2183 3547 σὺ,
2210 3487 2307 3538 καὶ
2347 3487 2655 3553 δαιμόνιον
2691 3488 2867 3553 ἔχεις.
2916 3485 3075 3536 Ἀλλά
3113 3485 3171 3536 τὸ
3199 3485 3432 3553 γράμμα

1859 3568 1918 3618 οὐ
1954 3568 2062 3619 τῶν
2089 3567 2411 3636 γραψάντων
2442 3569 2751 3635 κατηγορεῖ,
2785 3565 2921 3618 ἀλλά
2963 3566 3071 3616 τῶν
3112 3564 3427 3633 βλασφημη-

1861 3650 2086 3702 σάντων.
2118 3651 2314 3701 Ἀκουε
2346 3647 2438 3700 τοῦ
2469 3649 2784 3715 Πνεύματος
2817 3649 2914 3715 τὴν
2938 3647 3238 3716 ἐνέργειαν,
3267 3647 3430 3698 ἄκουε

1857 3731 1965 3783 τῶν
1984 3731 2296 3783 ἀποστόλων
2327 3731 2424 3800 τὴν
2457 3730 2790 3798 δοξολογίανσ
2825 3730 3022 3798 στοίχει
3053 3733 3170 3790 ταῖς
3213 3727 3433 3780 ἐκείνων

1857 3813 2241 3875 διδασκαλίαις,
2266 3813 2396 3864 ἓπου
2421 3815 2532 3873 τοῖς
2557 3813 2759 3882 βήμασι
2788 3812 2896 3864 τῶν
2925 3812 3094 3878 ἀγίων
3113 3828 3128 3842 ο
3157 3813 3230 3881 μὴ
3256 3810 3432 3862 πλάνα

1861 3895 2054 3946 σαυτὸν
2088 3899 2198 3957 τοῖς
2227 3897 2394 3964 ἴχνεσι
2423 3895 2530 3948 τῶν
2561 3896 2798 3965 βεϐήλων
2822 3913 2835 3926 ·
2870 3897 2910 3946 Τ
2919 3895 3073 3964 ριάδα
3117 3893 3432 3964 προσκύνει,

1860 3977 2063 4046 Τριάδα
2090 3975 2301 4039 δόξαζε.
2324 3976 2526 4045 Τριάδα
2559 3980 2811 4047 κήρυττε.
2842 3978 2997 4029 Οὕτω
3023 3977 3277 4047 φρονοῦσι
3300 3993 3434 4045 προ-

1861 4059 2048 4127 φῆται,
2080 4058 2219 4110 οὓτω
2245 4058 2600 4129 κηρύττουσιν
2623 4060 2927 4116 ἀπόστολοι.
2957 4059 3096 4110 οὓτω
3120 4057 3429 4108 πιστεύουσι

1862 4142 2154 4210 μάρτυρες.
2189 4143 2384 4194 ’Ἄκουε
2415 4142 2626 4193 Παύλου
2665 4143 2762 4210 τὴν
2792 4142 2993 4210 Τριάδα
3039 4139 3389 4208 κηρύττοντος
3411 4154 3432 4174 λ

1859 4223 2181 4290 Διαιρέσεις
2210 4222 2604 4291 χαρισμάτων,
2630 4225 2693 4276 τὸ
2720 4224 2787 4274 δὲ
2808 4223 2954 4276 αὐτὸ
2984 4221 3252 4289 Πνεῦμαο
3291 4220 3437 4272 διαιι

1849 4306 2054 4373 ρέσεις
2085 4305 2420 4366 διακονιῶν,
2449 4309 2480 4358 ὀ
2521 4305 2588 4357 δὲ
2617 4305 2797 4370 αὐτὸς
2831 4307 3044 4371 Κύριος
3067 4321 3079 4334 ·
3113 4304 3430 4370 διαιρέσεις

1856 4388 2286 4457 ἐνεργημάτων,
2317 4391 2349 4441 ὀ
2375 4388 2442 4440 δὲ
2464 4389 2644 4454 αὐτὸς
2679 4389 2819 4452 Θεὸς
2840 4387 3095 4454 ἐνεργῶν
3135 4384 3202 4437 τὰ
3235 4385 3433 4438 πάντα

1856 4471 1927 4522 ἐν
1958 4469 2127 4524 πᾶσι.
2158 4470 2312 4532 Τίνος
2341 4470 2524 4523 ’ένεκεν
2551 4473 2649 4522 οὐκ
2676 4471 2781 4523 ἀπὸ
2823 4471 3032 4540 Πατρὸς
3062 4470 3288 4538 ἄρχεται
3313 4483 3326 4532 ;
3365 4467 3429 4519 ού

1857 4555 2073 4623 πρῶτον
2107 4555 2309 4605 ἐκεῖνον
2332 4554 2610 4622 κηρύττει,
2643 4556 2733 4606 καὶ
2757 4556 2876 4605 τότε
2904 4553 2991 4605 τὸν
3023 4553 3170 4614 Υἱδν,
3194 4555 3286 4605 καὶ
3309 4553 3431 4620 μετ¹

1856 4638 2018 4690 αὐτὸν
2065 4636 2123 4690 τὸ
2153 4638 2303 4703 ἀγιον
2347 4637 2603 4703 Πνεῦμας
2647 4636 3013 4697 Μεταϐάλλεις
3039 4636 3134 4705 τὴν
3179 4635 3350 4698 τάξιν,
3381 4627 3430 4685 ὦ

1857 4719 2070 4783 Παῦλε;
2116 4717 2569 4787 μεταρρυθμίζεις
2595 4718 2691 4787 τὴν
2724 4719 3039 4770 ἀκολουθίαν
3066 4735 3082 4782 ;
3107 4717 3210 4768 Τοῦ
3242 4715 3428 4784 Σωτῆ-

1859 4821 1950 4874 ρος
1977 4803 2435 4872 παραδεδωκότος,
2479 4803 2578 4855 Ἐν
2609 4803 2851 4868 ὀνόματι
2897 4801 3124 4867 Πατρὸς
3152 4801 3248 4854 καί
3293 4802 3425 4854 Υίοῦ

1858 4887 1954 4939 καί
1987 4887 2158 4954 ἁγίου
2187 4886 2547 4950 Πνεύματος,
2582 4885 2644 4936 σὺ
2675 4883 2818 4944 λύεις
2845 4885 2934 4936 τὸν
2961 4884 3158 4951 θεσμὸν
3192 4883 3290 4950 τῆς
3311 4882 3427 4934 θεο-

1856 4960 2041 5036 λογίας
2064 4988 2077 5034 ;
2124 4969 2283 5021 Ἀλλὰ
2308 4969 2415 5036 γάρ
2449 4968 2522 5037 μὴ
2555 4968 2761 5034 γένοιτο
2786 4970 2930 5037 ἡμᾶς
2953 4984 3079 5019 ποτε
3103 4965 3275 5018 ταῦτα
3297 4966 3428 5033 περὶ

1857 5050 2068 5104 Παύλου
2102 5051 2311 5119 νοῆσαι.
2366 5051 2424 5102 ’0
2452 5050 2558 5119 γὰρ
2591 5051 2740 5117 ἅγιος
2764 5052 2965 5113 ἐκεῖνος
2995 5049 3087 5102 καὶ
3118 5048 3425 5117 θαυμαστὸς

1858 5133 2031 5204 κήρυξ
2082 5130 2219 5184 εἶδεν
2263 5132 2521 5200 ἀκριϐῶς,
2568 5133 2648 5184 ὅτι
2697 5133 2796 5185 κᾶν
2846 5132 3157 5201 Πνεύματος
3212 5129 3422 5199 πρῶτον

1861 5215 2093 5285 μνησθῇ,
2138 5215 2377 5283 ἄτρωτον
2414 5213 2670 5281 φυλάττει
2716 5215 2812 5284 τὴν
2857 5213 3154 5281 θεολογίαν,
3193 5212 3285 5264 καὶ
3327 5211 3424 5282 οὐχ

1859 5297 2065 5367 ὑϐρίζει
2088 5295 2182 5365 τὴν
2208 5296 2511 5364 ἀσύγχυτον
2531 5297 2711 5364 φύσιν,
2741 5297 2837 5348 οὐκ
2870 5294 3155 5367 ἐμμερίζει
3175 5294 3268 5363 τὴν
3289 5294 3424 5362 ἀμέ-

1859 5396 2038 5448 ριστον
2056 5377 2227 5440 ἀξίαν.
2255 5377 2564 5445 Πνεύματος
2597 5379 2870 5448 μέμνηται
2891 5379 3123 5448 πρῶτον,
3147 5378 3233 5429 ἵνα
3254 5377 3425 5446 δείξῃ,

1855 5463 1936 5514 ὅτι
1976 5463 2036 5513 τὸ
2066 5461 2366 5512 τελευταῖον
2405 5460 2709 5530 γράφεσθαι
2753 5462 2813 5513 τὸ
2856 5461 3099 5528 Πνεῦμα,
3134 5460 3195 5511 οὑ
3244 5458 3424 5511 τελευ-

1857 5545 2006 5594 ταῖον
2049 5542 2179 5596 αὐτὸ
2214 5544 2358 5593 ποιεῖ
2393 5543 2485 5594 καὶ
2527 5542 2770 5611 ἔσχατον.
2828 5543 3041 5611 Ἐπειδὴ
3078 5541 3188 5610 γὰρ
3227 5543 3424 5593 ἐκεῖνοι

1859 5623 2333 5694 παρερμηνεύουσι
2366 5625 2570 5686 κακῶς,
2593 5625 2654 5677 ού
2694 5624 3166 5695 συναριθμοῦντες,
3197 5622 3305 5675 ἀλλ’
3329 5621 3426 5672 ὑπ-

1859 5707 2217 5779 αριθμοῦντες
2239 5707 2598 5778 τῷΠατρὶτδν
2622 5710 2766 5777 Υίὸν,
2789 5709 2880 5762 καί
2899 5707 2973 5780 τῷ
2991 5706 3106 5776 Υἰῷ
3129 5705 3188 5758 τί)
3204 5704 3426 5776 Πνεῦμα
