4128 6320
687 399 750 449 τὸ
785 398 936 462 ἀγιον
979 393 1222 464 (Πρῶτος
1257 394 1384 466 γὰρ,
1418 395 1602 465 φησὶν,
1643 396 1670 446 6
1709 396 1918 466 Πατὴρ,
1969 394 2214 468 δεύτερος
2238 402 2267 452 6

691 475 839 541 Υἰὸς,
878 476 1056 546 τρίτον
1094 476 1156 528 τὸ
1191 477 1412 546 Πνεῦμα
1450 477 1510 528 τὸ
1563 477 1739 544 ᾶγιον,
1776 478 1835 529 ού
1871 479 1970 547 τὴν
2009 477 2268 530 εὔτακτον

687 559 790 626 τῆς
815 561 1067 625 γνώσεως
1109 559 1428 612 ἀκολουθίαν
1460 559 1701 622 νοοῦντες
1736 559 1837 626 τῆς
1884 561 2268 630 προσκυνητῆς

692 642 936 710 Τριάδος,
972 643 1106 694 ἀλλά
1135 644 1278 711 ψυχῇ
1310 642 1617 712 διαστρόφῳ
1650 642 1888 711 ὑϐρίζειν
1929 641 2268 712 ἐπιχειροῦν·

691 741 780 786 τες
803 725 898 794 τὴν
917 726 1010 792 τῆς
1041 725 1312 805 θεολργίας
1334 723 1727 794 καθαρότητα),
1753 725 1976 787 εἰκότως
2001 727 2029 777 6
2059 723 2267 788 Παῦλος

691 809 1034 876 ἀντιστρέφει
1066 809 1171 860 τῶν
1219 807 1496 876 ὀνομάτων
1524 808 1621 877 τὴν
1655 807 1825 870 τάξιν,
1866 809 1950 860 ἵνα
1989 808 2138 880 δείξῃ
2169 811 2268 878 τῆς

691 890 946 956 ἀληθείας
986 892 1082 958 τὴν
1133 890 1378 959 δύναμιν,
1414 893 1506 942 καὶ
1549 890 1685 961 λύσῃ
1726 890 1834 942 τῶν
1883 891 2134 960 πονηρῶν
2167 893 2268 962 τὴν

697 973 980 1041 ὑπόληψιν.
1032 972 1169 1024 Ἀλλ’
1201 967 1335 1034 οἶδα,
1378 973 1563 1040 φησὶν,
1602 973 1684 1024 ὅτι
1729 971 1821 1023 τοῦ
1860 972 1958 1041 μὲν
2001 972 2132 1024 Υἱοῦ
2175 974 2270 1024 καὶ

694 1055 788 1106 τοῦ
821 1054 1131 1123 Πνεύματος
1165 1054 1498 1115 ἐπιπολαίως
1525 1053 1948 1123 ἐμνημόνευσεν,
1983 1057 2075 1108 ἐπὶ
2094 1056 2150 1108 δέ
2179 1056 2268 1108 τὸν

695 1138 911 1207 Πατέρα
943 1135 1130 1198 ²ελθὼν,
1167 1138 1244 1198 εἰς
1281 1136 1409 1204 ὕψος
1435 1135 1530 1205 τὴν
1568 1136 1842 1202 θεολογίαν
1876 1138 2102 1206 Ιἢγαγεν.
2145 1138 2269 1190 Ἐπὶ

694 1219 793 1286 μὲν
830 1219 939 1288 γάρ
967 1218 1059 1270 τοῦ
1101 1218 1415 1286 Πνεύματος
1442 1215 1582 1276 εἶπε,
1616 1217 1690 1270 Τὸ
1716 1218 1783 1270 δὲ
1807 1219 1950 1270 αὐτὸ
1991 1219 2231 1286 Πνεῦμα
2251 1234 2264 1248 ·

695 1302 784 1354 ἐπὶ
807 1303 862 1354 δὲ
883 1301 976 1353 τοῦ
1008 1301 1155 1363 Υίοῦ,
1190 1302 1241 1351 '0
1272 1301 1338 1352 δὲ
1359 1301 1540 1366 αὐτὸς
1564 1301 1808 1368 Κύριοςο
1848 1301 1926 1362 εἰς
1950 1301 2006 1352 δὲ
2037 1301 2126 1352 τὸν
2156 1302 2266 1353 Πα-

691 1385 822 1452 τέρα
855 1383 1042 1445 ἐλθὼν,
1069 1382 1220 1434 εἶπεν
1238 1396 1251 1409 ·
1304 1383 1356 1432 '0
1395 1381 1652 1450 ἐνεργῶν
1682 1384 1751 1435 τὰ
1781 1383 1976 1434 πάντα
1997 1382 2066 1434 ἐν
2095 1381 2264 1435 πᾶσι.

693 1470 757 1522 Τί
779 1467 906 1533 οῦν;
939 1468 1088 1538 αύτῷ
1117 1469 1175 1520 τὸ
1213 1469 1384 1537 ῥῆμα,
1409 1468 1469 1520 τὸ
1504 1468 1745 1536 ἐνεργεῖν
1774 1469 1842 1519 τὰ
1870 1468 2045 1520 πάντα
2075 1469 2131 1518 ἐν
2161 1468 2266 1518 πᾶ-

696 1567 801 1612 σιν,
850 1551 1133 1604 αύθεντίαν
1184 1549 1412 1619 μηνύει;
1460 1550 1588 1609 Ναὶ,
1641 1549 1794 1618 φησί.
1839 1550 1946 1600 Καὶ
1997 1547 2267 1618 ὑπεροχὴν

695 1633 1136 1701 ὑπερϐάλλουσαν
1189 1632 1483 1702 κηρύττει;
1529 1633 1656 1694 Ναὶ,
1703 1632 1852 1700 φησί.
1905 1630 2135 1701 Δέχομαι
2175 1647 2266 1682 σου

692 1715 789 1777 τὰς
815 1714 1120 1783 ὁμολογίας,
1159 1717 1251 1767 ε’ἀν
1275 1715 1517 1786 ἐμμένῃς
1546 1716 1663 1775 ταῖς
1695 1713 2007 1782 συνθήκαις.
2041 1712 2268 1781 Ἰδωμεν

692 1798 868 1850 τοίνυν
889 1798 938 1849 τί
977 1797 1302 1866 σαφέστερον
1337 1797 1393 1849 τὸ
1427 1795 1618 1858 σκεῦος
1639 1797 1736 1864 τῆς
1766 1796 2013 1866 ἐκλογῆς,
2044 1797 2071 1847 ὁ
2096 1797 2267 1848 Πνεύ-

696 1897 823 1949 ματι
877 1879 1286 1950 κυϐερνώμενος
1307 1879 1466 1947 ἁγίῳ,
1491 1879 1616 1946 περὶ
1640 1879 1806 1948 αὐτῆς
1842 1878 2148 1930 ὑποτίθεται
2171 1877 2266 1946 τῆς

692 1964 989 2032 ζητήσεως.
1067 1961 1333 2024 Ἐκάστῳ
1395 1961 1620 2014 δίδοται
1677 1964 1714 2028 ή
1769 1961 2104 2029 φανέρωσις
2162 1960 2267 2014 τοῦ

690 2047 1033 2112 Πνεύματος
1064 2045 1211 2112 πρὸς
1238 2044 1388 2116 [5°22]
1437 2045 1501 2096 τὸ
1529 2044 1858 2112 συμφέρον.
1907 2044 1988 2108 Τῷ
2012 2044 2129 2112 μὲν
2159 2044 2267 2112 γὰρ

691 2125 915 2178 δίδοται
936 2127 1113 2195 λόγος
1139 2130 1354 2193 σοφίας
1377 2128 1524 2178 κατὰ
1548 2125 1611 2177 τὸ
1635 2125 1780 2178 αὐτὸ
1803 2126 2069 2192 Πνεῦμα·
2092 2124 2268 2191 ἑτέρῳ

691 2207 759 2259 δὲ
796 2209 972 2276 λόγος
1009 2207 1283 2275 γνώσεως
1309 2209 1377 2259 ἐν
1413 2205 1572 2272 αὐτῷ
1611 2205 1690 2272 τῷ
1717 2209 2044 2274 Πνεύματι·
2090 2206 2267 2274 ἑτέρῳ

690 2293 759 2345 δὲ
813 2297 1146 2363 χαρίσματα
1198 2294 1453 2363 ἰαμάτων
1494 2299 1642 2346 κατὰ
1687 2293 1755 2346 τὸ
1805 2294 1950 2347 αὐτὸ
1991 2291 2259 2360 Πνεῦμα·

689 2377 867 2442 ἑτέρῳ
914 2379 1265 2446 προφητείω
1305 2378 1471 2442 ἄλλῳ
1508 2377 1574 2429 δὲ
1611 2377 1891 2444 ἑρμηνεία
1937 2374 2261 2444 γλωσσῶν·

690 2457 858 2523 ἄλλῳ
880 2461 1078 2524 πίστις
1105 2477 1119 2488 ·
1148 2460 1313 2520 ἄλλῳ
1349 2461 1704 2526 χαρίσματα.
1741 2458 1933 2512 Ταῦτα
1952 2457 2019 2511 δὲ
2048 2459 2262 2512 πάντα·

691 2541 921 2610 πρόσεχε
961 2543 1222 2611 ἀκριϐῶς,
1257 2543 1418 2610 βλέπε
1466 2542 1660 2605 λέξεως
1706 2544 2018 2611 συμφωνίαν
2042 2544 2136 2595 καὶ
2173 2543 2264 2595 δυ-

691 2623 925 2690 νάμεως.
966 2624 1023 2676 Ὀ
1052 2623 1136 2675 διὰ
1178 2625 1282 2676 τῶν
1327 2623 1552 2692 πρώτων
1597 2624 1852 2694 εἰρηκὼς,
1893 2625 1954 2677 Ὀ
1991 2625 2058 2676 δὲ
2087 2625 2267 2690 αὐτὸς

693 2704 834 2768 Θεὸς
867 2707 898 2757 ό
925 2704 1180 2772 ἐνεργῶν
1210 2707 1281 2758 τὰ
1309 2707 1503 2759 πάντα
1535 2707 1604 2758 ἐν
1649 2706 1856 2772 πᾶσιν,
1893 2708 2059 2759 ἐλθὼν
2092 2710 2171 2771 εἰς
2204 2709 2264 2760 τὸ

691 2785 912 2856 Πνεῦμα
967 2789 1171 2857 ταύτην
1213 2791 1575 2859 ἐπιμαρτυρεῖ
1606 2790 1683 2858 τῷ
1725 2792 1998 2860 Πνεύματι
2036 2791 2136 2860 τὴν
2173 2791 2266 2844 δύ-

689 2887 887 2939 ναμιν·
936 2872 1120 2924 Ταῦτα
1153 2872 1218 2922 δὲ
1254 2872 1465 2936 πάντα,
1502 2873 1685 2941 φησὶν,
1724 2874 1955 2942 ἐνεργεῖ
1982 2874 2048 2927 τὸ
2076 2873 2145 2927 ἓν
2168 2876 2264 2928 καί

690 2955 756 3005 τὸ
787 2954 931 3005 αὐτὸ
971 2955 1229 3022 Πνεῦμα,
1286 2954 1551 3018 διαιγοῦν
1604 2955 1720 3021 ἰδίᾳ
1767 2958 2023 3021 ἑκάστῳ,
2074 2958 2268 3021 καθὼς

685 3037 993 3098 βούλεται.
1048 3037 1232 3098 Οὕτως
1261 3038 1321 3087 ού
1366 3037 1610 3106 λύεταιὴ
1652 3039 1884 3107 ἁρμονία
1918 3043 2014 3109 τῆς
2059 3040 2266 3102 δοξολο-

691 3119 833 3183 γίας.
859 3120 984 3170 ὅταν
1001 3137 1049 3170 τι
1071 3120 1177 3170 τῶν
1199 3120 1477 3187 ὀνομάτων
1498 3119 1595 3186 τῆς
1619 3121 1776 3187 ἁγίας
1797 3123 2043 3190 Τριάδος,
2068 3125 2099 3192 ἢ
2126 3123 2268 3192 πρῶ-

691 3219 800 3260 τον,
839 3201 870 3270 ἢ
914 3201 1182 3271 δεύτερον,
1216 3203 1246 3271 ἦ
1292 3203 1471 3272 τρίτον
1509 3201 1740 3271 τίθηται.
1779 3205 1852 3255 Τὸ
1881 3207 1986 3273 γὰρ
2030 3207 2262 3276 πρῶτον,

692 3287 785 3337 καὶ
809 3284 1056 3354 δεύτερον
1092 3286 1182 3336 καὶ
1215 3285 1415 3353 τρίτον,
1449 3286 1508 3337 οὕ
1546 3286 1758 3354 φύσεως
1803 3289 2053 3356 ἐμφαίνει
2082 3289 2266 3358 διαφο-

696 3370 814 3438 ράν.
849 3368 984 3419 ἀλλά
1012 3368 1286 3434 θεολογίας
1325 3369 1441 3421 όδὺν
1484 3369 1806 3438 ἀσύγχυτον.
1842 3371 2008 3423 Πάλιν
2041 3374 2069 3424 6
2106 3373 2267 3436 αὐτὸς

691 3449 1003 3512 ἀπόστολος,
1029 3451 1114 3502 ἵνα
1137 3451 1283 3519 δείξῃ
1325 3452 1596 3520 πανταχοῦ
1627 3453 1932 3521 ἀδιαφόρως
1959 3455 2149 3506 ἑαυτὸν
2180 3473 2265 3506 κε-

691 3533 963 3601 χρημένον
994 3534 1113 3593 ταῖς
1154 3533 1260 3581 τῶν
1302 3531 1577 3600 ὀνομάτων
1607 3533 1843 3595 τάξεσιν,
1897 3535 2170 3595 εύτάκτατ
2209 3536 2264 3587 δὲ

692 3614 784 3664 καὶ
817 3613 1070 3680 ἀσφαλῶς
1114 3613 1405 3682 προσιόντα
1451 3613 1528 3682 τῷ
1565 3614 1692 3683 θείῳ
1744 3614 2074 3684 κηρύγματι,
2117 3616 2264 3683 λέγει

690 3694 928 3746 Θεσσαλο
1028 3694 1136 3746 ξῦσι
1178 3695 1401 3764 γράφων
1423 3709 1434 3721 '
1468 3698 1657 3760 Αὺτιῗς
1691 3696 1753 3746 δὲ
1793 3701 1822 3749 0'
1850 3698 2062 3763 Κύριος
2098 3698 2265 3765 ἡμῶν

701 3776 939 3841 Ἰησοῦς
973 3777 1244 3842 Χριστὸς,
1276 3777 1372 3829 καὶ
1415 3777 1557 3842 Θεὸς
1598 3781 1630 3830 ό
1653 3778 1854 3844 Πατὴρ
1887 3779 2072 3846 ἡμῶν.
2107 3782 2263 3848 Πρῶ-

688 3878 798 3922 τον,
842 3861 1039 3919 Παῦλε,
1088 3860 1176 3912 τὸν
1217 3861 1364 3926 Υἰν,
1408 3861 1501 3913 καὶ
1535 3862 1654 3914 τότε
1687 3862 1774 3913 τὸν
1818 3863 2036 3931 Πατέρα
2065 3865 2263 3932 κηρύτ-

689 3962 800 4007 τεις
823 3961 837 4008 ;
869 3945 939 3996 Τὸ
963 3943 1070 4014 γὰρ
1094 3944 1328 4013 πρῶτον,
1355 3945 1540 4013 φησὶν,
1570 3947 1648 4006 εἰς
1669 3945 1818 4008 τάξιν
1845 3945 2094 4010 ἐξέϐαλες
2115 3964 2128 3976 ο
2156 3948 2264 4014 ἐγὼ

689 4027 904 4097 πρῶτον
925 4027 1018 4079 καὶ
1047 4026 1294 4096 δεύτερον
1325 4029 1418 4078 ἐὰν
1451 4028 1608 4086 εἴπω,
1644 4026 1739 4096 τὴν
1772 4027 1929 4094 φύσιν
1971 4030 2262 4098 ἀμέριστον

689 4110 1054 4178 ὑπολαμϐάνω
1071 4126 1082 4141 '
1118 4109 1314 4179 μᾶλλον
1340 4109 1393 4161 δὲ
1416 4109 1512 4177 ούχ
1543 4109 1928 4177 ὑπολαμϐάνω,
1952 4111 2064 4163 αλλ’
2090 4113 2264 4180 ἀσφα-

688 4191 792 4251 λῶς
819 4191 1090 4260 κηρύττω.
1126 4192 1216 4260 Μὴ
1252 4191 1429 4244 τοίνυν
1460 4192 1646 4260 ὕϐριζε
1678 4194 1745 4244 τὰ
1781 4191 1896 4243 θεῖα
1925 4192 2098 4260 λόγια,
2131 4195 2263 4262 μηδὲ

690 4273 1012 4340 συκοφάντει
1050 4273 1118 4324 τά
1165 4274 1390 4342 οὐράνια
1429 4273 1693 4341 δόγματα.
1742 4274 2029 4341 Εὑρίσκεις
2077 4277 2261 4328 εἰκόνα

687 4355 939 4424 τοιαύτην
983 4357 1074 4406 καὶ
1127 4356 1182 4405 ἐν
1229 4358 1295 4422 τῇ
1341 4354 1569 4420 Παλαιᾷ.
1606 4355 1814 4423 Ὥσπερ
1866 4355 1972 4424 γὰρ
2028 4357 2259 4408 ἐνταῦθα

689 4438 896 4502 Παῦλος
926 4438 1229 4508 ἀρξάμενος
1259 4437 1365 4489 ἀπὸ
1392 4436 1485 4488 τοῦ
1514 4435 1845 4504 Πνεύματος,
1877 4432 2039 4507 ἦλθεν
2064 4441 2143 4500 εἰς
2169 4440 2260 4490 τὸν

690 4522 835 4585 Υἱὺν,
869 4523 962 4574 καὶ
992 4521 1100 4572 ἀπὸ
1124 4520 1216 4572 τοῦ
1250 4519 1378 4572 Υἱοῦ
1412 4520 1569 4573 πάλιν
1596 4522 1672 4582 εἰς
1697 4520 1785 4571 τὸν
1818 4521 2056 4591 Πατέρα,
2092 4524 2182 4575 καὶ
2202 4525 2260 4576 τὸ

687 4605 865 4675 τρίτον
896 4608 961 4673 τῇ
1012 4603 1162 4666 τάξει
1197 4603 1304 4655 τῶν
1338 4603 1612 4672 ὀνομάτων
1666 4603 1884 4673 ἐποίησε
1925 4605 2158 4672 πρῶτον,
2198 4609 2258 4660 ού

686 4689 786 4758 τὴν
814 4687 905 4738 τοῦ
928 4686 1280 4756 κηρύγματος
1301 4685 1452 4748 τάξιν
1481 4685 1821 4754 μεταϐαλὼν,
1846 4686 1978 4738 ἀλλὰ
2000 4688 2096 4756 τὴν
2119 4690 2262 4743 ἀδιά-

688 4786 852 4839 φορον
878 4769 977 4838 τῆς
1021 4768 1295 4835 θεολογίας
1337 4768 1534 4834 γνῶσιν
1572 4770 1878 4835 ἐμφαίνωνο
1917 4768 2058 4820 οὕτω
2088 4772 2179 4822 καί
2204 4773 2260 4823 ὲν

685 4857 751 4921 τῇ
789 4852 998 4920 Παλαιᾷ
1033 4850 1124 4903 τὸν
1163 4850 1322 4901 αὑτὸν
1357 4848 1522 4900 τύπον
1561 4850 1830 4919 εὑρήσεις,
1863 4849 2052 4921 ὥσπερ
2093 4853 2148 4902 ἐν
2182 4855 2258 4904 εἰ-

687 4935 822 4995 κόνι,
859 4934 1269 5001 προλάμποντα.
1294 4932 1388 4993 Τίς
1416 4932 1514 4983 οὐκ
1540 4927 1677 4984 οἶδεν
1705 4933 1880 5002 ἡμῶν,
1912 4932 2148 5000 ἀδελφοὶ.
2179 4935 2257 4987 ὅτι

684 5017 774 5068 τὸν
826 5016 1074 5085 Ἀϐραὰμ
1122 5015 1333 5084 πρῶτον
1375 5030 1553 5066 ταττει
1599 5016 1630 5082 ἡ
1681 5015 1892 5085 Γραφὴ,
1928 5016 2175 5085 δεύτερον
2203 5019 2258 5071 δὲ

685 5099 777 5149 τὸν
817 5097 1018 5158 Ἰσαὰκ,
1051 5097 1143 5148 καὶ
1163 5097 1344 5165 τρίτον
1366 5097 1456 5149 τὸν
1492 5095 1714 5156 Ἱακώϐ;
1921 5099 2028 5168 γάρ
2057 5103 2087 5151 o'
2117 5101 2258 5165 Θεὸς

699 5182 960 5247 Ἀϐραὰμ,
987 5180 1080 5231 καί
1119 5181 1149 5230 ό
1176 5180 1318 5243 Θεὸς
1364 5180 1591 5242 Ἰσαὰκ,
1631 5179 1724 5230 καί
1767 5182 1798 5231 ό
1842 5181 1983 5245 Θεὸς
2034 5181 2251 5235 Ἰακώϐ.

687 5264 792 5317 Καὶ
825 5263 1048 5324 εἰκότως
1085 5265 1116 5324 ἠ
1151 5262 1338 5331 Γραφὴ
1386 5263 1640 5331 κηρύττει
1686 5262 1898 5332 πρῶτον
1939 5265 2028 5316 τὸν
2065 5268 2256 5336 γεννή-

688 5363 872 5404 σαντα.
905 5341 1022 5397 εἶτα
1065 5345 1154 5396 τὸν
1199 5343 1540 5412 γεννηθέντα,
1576 5345 1765 5396 ἔπειτα
1800 5346 1886 5396 τὸν
1925 5347 1984 5410 ἐξ
2024 5349 2252 5400 ἐκείνου.

699 5429 836 5481 Ἀλλ’
861 5431 1034 5481 ἐπειῖ’
1083 5431 1106 5497 ἡ
1147 5428 1304 5495 φύσις
1340 5424 1405 5495 ἧν
1444 5428 1756 5498 ἀμέριστος,
1787 5430 1832 5478 εἰ
1865 5431 1955 5481 καὶ
1996 5433 2105 5491 τοῖς
2131 5433 2255 5500 χρό-

685 5530 795 5575 νοις
839 5512 1143 5580 διετέμνετο
1187 5513 1272 5564 διὰ
1313 5511 1409 5580 τὴν
1455 5512 1788 5574 ἀκολουθίαν,
1816 5515 1915 5565 ούκ
1948 5513 2187 5585 ὤκνησεν
2226 5517 2254 5568 6

685 5595 818 5656 θεὸς
851 5595 1171 5664 μεταϐαλεῖν
1215 5597 1312 5664 τὴν
1354 5593 1524 5657 τάξιν,
1555 5595 1638 5647 ἵνα
1675 5596 1768 5664 τὴν
1802 5597 2086 5665 ὁμολογίαν
2123 5599 2254 5651 ἀνα-

685 5677 853 5748 δείξῃ.
887 5679 1045 5748 Λέγει
1081 5677 1186 5750 γάρ
1219 5681 1275 5732 ὲν
1312 5676 1389 5749 τῷ
1419 5677 1683 5748 Λευῖτικῴ
1711 5678 1872 5748 (λέγω
1901 5679 2006 5750 γάρ
2036 5682 2129 5734 καὶ
2163 5681 2251 5734 τὸν

2133 284 2500 343 SEVERIANI

3846 299 3978 354 510

2369 401 2554 463 τόπον,
2581 399 2667 454 ἵνα
2697 398 2771 470 μὴ
2794 397 3206 468 συκοφαντήσῃς
3227 396 3295 450 τά
3334 395 3624 466 λεγόμενα)
3647 411 3658 424 ·
3701 396 3857 450 Ἐαν
3897 396 3972 447 δὲ

2369 481 2712 550 ἁμάρτωσιν
2729 485 2784 535 οἰ
2812 482 2927 536 υἰοί
2965 480 3223 548 Ἰσραὴλ,
3255 478 3585 546 παραδώσω
3616 478 3849 542 αὐτοὺς
3876 480 3971 541 εἰς

2368 566 2544 630 ἔθνος
2573 566 2916 632 ἀλλότριον,
2947 564 3044 617 καὶ
3085 564 3478 631 πορεύσονται
3529 561 3668 623 ἐκεῖ,
3700 561 3802 614 καὶ
3851 565 3971 614 λα·

2369 649 2692 713 τρεύσουσι
2721 646 2875 712 θεοῖς
2901 645 3138 714 ἑτέροις.
3175 644 3509 715 Προμηνύων
3534 643 3629 714 τὴν
3658 644 3734 706 εἰς
3768 642 3970 694 Βαϐυ-

2370 729 2515 781 λῶνα
2539 729 2912 799 αἰχμαλωσίαν
2938 729 3090 798 φησί·
3123 728 3232 780 Kal
3264 727 3654 793 πορεύσονται
3675 725 3826 786 ἐκεῖ,
3857 727 3966 776 καί

2368 813 2772 878 λατρεύσουσι
2807 811 2961 875 θεοῖς
2995 809 3236 877 ἑτέροις.
3294 811 3429 862 Τότε
3473 807 3966 875 αἰσχυνθήσεται

2371 895 2408 961 ἡ
2442 895 2653 961 καρδία
2676 894 2874 948 αὐτῶν
2897 896 2934 961 ἡ
2971 893 3365 960 ἀπερίτμητος
3389 907 3402 920 ⁸
3427 891 3519 942 καὶ
3549 890 3684 959 μετά
3711 888 3961 958 βραχέα,

2372 977 2482 1028 Kal
2514 976 2943 1044 μνησθήσομαι
2971 974 3082 1040 τῆς
3121 972 3410 1039 διαθήκης
3455 971 3664 1028 Ἰακὼϐ,
3694 972 3793 1024 καὶ
3845 970 3966 1037 τῆς

2369 1059 2660 1124 διαθήκης
2700 1059 2922 1124 Ἰσαὰκ,
2947 1058 3044 1111 καί
3077 1055 3186 1123 τῆς
3213 1053 3501 1122 διαθήκης
3539 1052 3815 1120 Ἁϐραάμ.

2439 1141 2505 1202 ζ’.
2539 1139 2981 1210 Ἐπαναλήψομαι
3003 1138 3062 1190 τὸ
3087 1138 3266 1208 ρῆμω
3301 1138 3329 1187 6
3363 1135 3469 1205 γάρ
3496 1136 3681 1206 κρότος
3705 1135 3963 1202 ἐκάλυψε

2368 1223 2465 1293 τὴν
2497 1223 2766 1276 ὑπόθεσιν.
2808 1221 2976 1281 Ἐκεῖ,
3014 1222 3197 1290 φησὶν,
3225 1219 3690 1286 αἰσχυνθήσεται
3724 1219 3759 1284 ή
3797 1235 3962 1284 καρ-

2368 1305 2467 1358 δία
2494 1304 2691 1358 αὑτῶν
2715 1307 2752 1370 ἡ
2779 1305 3191 1372 ἀπερίτμητος,
3220 1301 3319 1354 καί
3343 1300 3767 1370 ἐπιστρέψουσι
3789 1302 3965 1367 πρός

2362 1406 2459 1455 με,
2497 1387 2592 1440 καὶ
2642 1387 2881 1455 ἰάσομαι
2914 1387 3153 1450 αὐτούς.
3195 1383 3420 1437 Οὐδέπω
3460 1383 3671 1452 ἀπειλὴ,
3713 1384 3806 1434 καὶ
3854 1384 3964 1451 τὴν

2369 1471 2714 1539 καταλλαγὴν
2736 1469 3128 1537 ἐπαγγέλλεται
3154 1485 3166 1498 ο
3197 1464 3346 1538 [ὕὲὸ]
3375 1465 3482 1518 Kal
3503 1466 3698 1530 ἀνάξω
3717 1467 3965 1528 αὐτοὺς

2369 1555 2455 1617 εἰς
2481 1553 2592 1618 τὴν
2621 1551 2736 1620 γῆν
2766 1551 2881 1604 τῶν
2922 1550 3189 1616 πατέρων
3217 1548 3433 1615 αὐτῶν,
3465 1549 3558 1601 καί
3588 1549 3963 1617 μνησθήσο-

2364 1651 2467 1703 μαι
2483 1633 2591 1698 τῆς
2607 1632 2892 1699 διαθήκης
2923 1631 3144 1691 Ἰακὼϐ,
3166 1631 3260 1682 καί
3283 1629 3392 1697 τῆς
3407 1630 3687 1697 διαθήκης
3720 1630 3960 1690 Ἰσαὰκ,

2370 1717 2466 1769 καὶ
2503 1716 2611 1781 τῆς
2643 1717 2932 1782 διαθήκης
2968 1714 3238 1782 Ἀϐραάμ.
3284 1714 3446 1783 ὐρᾷς
3475 1714 3587 1776 πῶς
3620 1713 3963 1782 μεταϐάλλει

2367 1799 2464 1868 τὴν
2487 1799 2657 1862 τάξιν.
2696 1799 2779 1850 ἵνα
2811 1797 2957 1868 δείξῃ
2992 1796 3090 1866 τὴν
3121 1795 3438 1865 όμοτιμίαν;
3471 1796 3544 1847 Οὐ
3583 1795 3688 1863 γάρ
3720 1794 3966 1864 πρῶτον

2369 1879 2588 1949 ἐποίησε
2620 1879 2709 1930 τὸν
2756 1878 2945 1932 Ἰακὼϐ
2976 1881 3087 1941 τοῖς
3120 1877 3348 1945 χρόνοις,
3379 1875 3516 1928 ἀλλά
3550 1878 3614 1945 τῇ
3650 1874 3967 1946 ἀδιαφορία

2369 1964 2763 2032 κατεχρήσατο,
2793 1963 2878 2013 ἵνα
2907 1960 3053 2031 δείξῃ
3086 1973 3183 2030 τὴν
3211 1961 3516 2029 όμοτιμίαν.
3565 1959 3697 2010 Ἀλλ’
3720 1959 3816 2010 ἐπὶ
3852 1961 3962 2027 μὲν

2368 2048 2474 2097 τῶν
2508 2045 2858 2115 πατριάρχῶν
2909 2044 3098 2113 χρόνος
3148 2041 3360 2112 μερίζει
3399 2043 3524 2104 τοὺς
3562 2042 3802 2109 καρποὺς
3841 2042 3963 2092 ἀπὸ

2366 2129 2466 2196 τῆς
2504 2130 2689 2198 ῥίζης·
2723 2127 2890 2197 θνητὴ
2920 2128 3028 2197 γάρ
3058 2129 3089 2197 ὴ
3134 2127 3294 2194 φύσις
3334 2126 3428 2178 καὶ
3463 2125 3567 2176 τῶν
3596 2124 3804 2191 φύντων
3855 2124 3962 2176 καὶ

2367 2212 2473 2262 τῶν
2509 2211 2910 2279 γεγεννηκότων
2928 2227 2942 2240 ·
2967 2210 3062 2278 τῆς
3099 2211 3154 2262 δέ
3176 2209 3334 2276 ἁγίας
3360 2209 3453 2260 καὶ
3475 2206 3736 2259 ἀθανάτου
3767 2222 3962 2274 προσ-

2369 2293 2601 2362 κυνητῆς
2639 2293 2864 2362 Τριὰδος
2895 2292 2992 2362 τὴν
3035 2292 3194 2359 φύσιν
3221 2292 3279 2342 ού
3315 2291 3500 2359 τέμνει
3544 2289 3709 2355 λόγος.
3743 2287 3804 2338 οῦ
3846 2305 3958 2357 με-

2370 2376 2507 2447 ρίζει
2538 2376 2744 2446 χρόνος,
2777 2377 2835 2428 οὺ
2868 2375 3136 2428 διιστῶσιν
3162 2373 3352 2434 αἰῶνες
3375 2389 3388 2403 ο
3422 2372 3570 2424 οὐδὲν
3598 2370 3702 2440 γὰρ
3733 2371 3956 2440 μεταξὺ

2370 2460 2576 2528 Πατρὸς
2605 2461 2694 2511 καὶ
2735 2459 2864 2511 Υἰοῦ
2893 2461 2986 2510 καὶ
3014 2458 3166 2524 ἀγίου
3196 2456 3526 2527 Πνεύματος.
3565 2453 3803 2524 Ποιητὴς
3835 2455 3958 2505 τῶν

2368 2542 2574 2594 αἰώνων
2604 2545 2631 2595 6
2663 2545 2987 2612 Μονογενής.
3026 2544 3221 2593 Ἀκουε
3261 2539 3354 2592 τοῦ
3383 2538 3526 2591 θείου
3561 2537 3653 2590 καὶ
3690 2539 3956 2604 γενναίου

2369 2628 2602 2696 κήρυκος
2629 2620 2729 2678 ῶδέ
2772 2643 2823 2677 τι
2858 2627 2984 2694 περὶ
3014 2625 3108 2677 τοῦ
3149 2624 3360 2694 Πατρός
3403 2621 3708 2693 εἰρηκότος·
3749 2625 3960 2675 Πολυ-

2364 2707 2555 2777 μερῶς
2593 2709 2688 2760 καί
2752 2710 3143 2774 πολυτρόπως
3179 2705 3364 2759 πάλαι
3407 2708 3439 2759 o'
3472 2704 3613 2769 Θεὸς
3659 2703 3960 2767 λαλήσας

2368 2790 2491 2854 τοῖς
2537 2789 2831 2856 πατράσιν
2877 2790 2945 2842 ἐν
2995 2788 3114 2853 τοῖς
3159 2787 3505 2856 προφήταις,
3551 2788 3638 2839 ἐπ’
3666 2785 3959 2851 ἐσχάτων

2368 2872 2484 2927 τῶν
2517 2873 2750 2940 ήμερῶν
2799 2875 3022 2925 τούτων
3065 2871 3368 2937 ἐλάλησεν
3413 2869 3555 2937 ημῖν
3581 2869 3648 2920 ἐν
3693 2867 3827 2930 Υιῷ,
3879 2868 3960 2921 ὃν

2368 2957 2543 3021 ἔθηκε
2565 2957 2943 3021 κληρονόμον
2961 2953 3219 3017 πάντων,
3247 2952 3321 3004 δι’
3344 2947 3414 3006 οὗ
3444 2950 3542 3002 καί
3564 2949 3698 3014 τοὺς
3719 2948 3960 3015 αἰῶνας

2367 3039 2670 3100 ἐποίησεν.
2699 3036 2864 3088 Ούδέν
2892 3035 3069 3087 τοίνυν
3097 3033 3295 3102 μεταξὺ
3322 3032 3529 3104 Πατρὸς
3562 3033 3654 3085 καὶ
3686 3031 3822 3084 Υἰοῦ
3853 3034 3960 3085 καὶ

2366 3120 2519 3185 ἀγίου
2555 3119 2895 3187 Πνεύματος·
2928 3117 3099 3178 οὐδεὶς
3141 3119 3328 3185 χρόνος
3357 3115 3388 3182 ἦ
3419 3115 3687 3183 διάστημα
3720 3113 3957 3182 χρόνου.

2367 3202 2478 3272 Πρὸ
2507 3202 2613 3253 τῶν
2638 3201 2847 3253 αἰώνων
2875 3200 3081 3270 Πατὴρ,
3121 3199 3224 3267 πρὸ
3262 3198 3368 3250 τῶν
3403 3196 3609 3250 αἰώνων
3650 3197 3778 3258 Υἱός
3799 3214 3811 3225 ·
3848 3199 3958 3250 αὖ·

2365 3285 2454 3347 τὸς
2479 3285 2586 3355 γάρ
2633 3284 2852 3353 ἐποίησε
2885 3285 3010 3344 τοὺς
3065 3281 3300 3343 αἰῶνας⁶
3331 3281 3436 3350 πρὸ
3479 3281 3582 3331 τῶν
3619 3277 3832 3330 αἰώνων
3889 3281 3958 3331 τὸ

2368 3369 2518 3434 ἅγιον
2554 3365 2798 3434 Πνεῦμα.
2845 3364 3090 3431 Οὐδαμοῦ
3140 3364 3381 3431 σχίζεται
3411 3365 3441 3430 η
3477 3362 3653 3429 φύσις,
3695 3361 3956 3430 οὐδαμοῦ

2369 3449 2642 3519 μερίζεται
2675 3448 2973 3515 ήδύναμις.
3019 3447 3254 3514 Πρόσεχε
3289 3443 3563 3512 ἀκμηϐῶς·
3595 3442 3876 3512 βασιλεύει
3927 3449 3958 3498 6

2366 3531 2573 3599 Πατὴρ,
2632 3529 2897 3597 βασιλεύει
2933 3531 2961 3579 6
3017 3528 3160 3590 Υἱὸς,
3201 3526 3472 3596 βασιλεύει
3507 3526 3566 3578 τὸ
3608 3524 3834 3593 Πνεῦμα
3890 3528 3958 3579 τὸ

2366 3614 2537 3680 ἇγιον.
2570 3610 2696 3664 Οἶδα
2717 3611 2887 3683 ταύτῃ
2914 3613 3253 3680 χρησάμενος
3279 3614 3344 3681 τῇ
3379 3609 3672 3672 ἀποδείξει·
3705 3608 3855 3660 ἀλλὰ
3884 3611 3958 3663 τὰ

2366 3696 2502 3749 αὐτὰ
2529 3696 2728 3762 λέγειν,
2746 3694 2903 3761 Ἐμοί
2931 3695 3041 3756 μὲν
3061 3696 3169 3746 οὐκ
3195 3692 3471 3759 ὀκνηρὸν,
3496 3691 3633 3759 ὑμῖν
3652 3690 3716 3743 δὲ
3745 3692 3825 3744 do
3837 3708 3959 3758 59a-

2364 3778 2492 3843 λές.
2517 3777 2794 3829 Βασιλεύει
2820 3776 3024 3845 Πατὴρ,
3070 3774 3210 3826 κατὰ
3238 3777 3318 3833 τὸ,
3365 3776 3415 3826 '0
3453 3775 3594 3838 Θεὸς
3624 3771 3795 3840 ήμῶν
3821 3775 3956 3836 ,ϐα-

2366 3861 2575 3924 σιλεὺς
2604 3862 2683 3922 εἰς
2726 3861 2818 3911 ’ὸν
2859 3856 3057 3911 αἰῶνα.
3090 3857 3368 3909 Βασιλεύει
3415 3857 3572 3918 Υἰός’
3600 3853 3783 3908 Δώσει
3831 3858 3957 3927 γάρ

2365 3943 2523 4005 αὺτῴ
2550 3944 2758 4008 Κύριος
2783 3943 2891 3993 τὸν
2915 3944 3128 4006 θρόνον
3151 3940 3329 3992 Δαυῒδ
3354 3939 3456 3992 τοῦ
3482 3940 3698 4006 πατρὸς
3725 3940 3952 4002 αὑτοῦ,

2365 4025 2461 4076 καί
2493 4026 2852 4087 βασιλεύσει
2904 4023 3001 4075 έπί
3057 4022 3162 4074 τὸν
3209 4017 3378 4074 οἶκον
3419 4022 3615 4074 Ἰακὼϐ
3657 4021 3741 4085 εἰς
3798 4022 3956 4085 τοὺς

2363 4107 2598 4173 αἰῶνας.
2654 4105 2933 4158 Βασιλεύει
2961 4107 3020 4157 τὸ
3053 4104 3273 4173 Πνεῦμα
3301 4105 3361 4156 τὸ
3409 4105 3560 4170 ἆγιον
3583 4119 3596 4133 ·
3628 4105 3654 4154 6
3695 4104 3794 4171 μὲν
3829 4106 3955 4176 γάρ

2374 4191 2597 4252 Ἡσαΐας
2644 4184 2798 4240 εἰπε·
2847 4189 2956 4242 Kal
2991 4187 3096 4239 τὸν
3137 4184 3400 4249 βασιλέα
3445 4185 3662 4251 Κύριον
3692 4187 3960 4241 Σαϐαὼθ

2362 4268 2522 4324 εἶδον
2547 4271 2670 4334 τοῖς
2695 4269 3020 4339 ὀφθαλμοῖς
3057 4286 3175 4336 μου
3212 4267 3551 4336 καθήμενον
3588 4267 3684 4320 ὲπί
3715 4269 3952 4334 θρόνου

2361 4355 2602 4422 ὑψηλοῦ
2625 4355 2720 4406 καί
2748 4353 3100 4419 ἐπηρμένου.
3129 4352 3235 4403 1ίαί
3261 4346 3389 4403 εἷπε
3417 4352 3563 4418 πρός
3583 4367 3658 4418 με
3685 4366 3697 4380 ·
3723 4354 3954 4416 Πορειι.

2362 4437 2484 4502 θεὶς
2513 4436 2683 4488 εἰπὸν
2701 4434 2780 4499 τῷ
2799 4433 2923 4498 λαῷ
2952 4436 3155 4500 τούτιεν
3195 4432 3363 4500 Ἀκοῇ
3392 4434 3709 4500 ἀκούσητε,
3739 4435 3840 4486 καί
3873 4438 3952 4488 οὐ

2354 4521 2440 4589 μὴ
2483 4518 2732 4586 συνῆτε,
2770 4519 2865 4570 καί
2909 4518 3247 4581 βλέποντες
3275 4517 3569 4584 βλέψητε,
3602 4516 3699 4568 καί
3747 4520 3822 4570 οὐ
3852 4518 3949 4585 μὴ

2363 4603 2544 4670 ἴδητε,
2581 4604 2672 4656 καὶ
2700 4603 2767 4655 τὰ
2809 4601 2954 4668 ἑξῆς·
2990 4603 3016 4653 6
3045 4601 3102 4653 δὲ
3141 4600 3460 4662 Ἀπόστολος
3498 4601 3576 4662 εἰς
3605 4601 3663 4651 τὸ
3708 4600 3952 4671 Πνεῦμα.

2359 4687 2419 4738 τὸ
2453 4689 2604 4753 ἀγιον
2649 4683 2980 4752 ἐκλαμϐάνει
3026 4682 3124 4753 τὴν
3163 4681 3256 4734 τοῦ
3307 4683 3582 4751 προφήτου
3633 4682 3947 4749 θεολογίαν.

2374 4769 2610 4820 Ἐκείνου
2641 4767 2940 4836 εἰρηκότος,
2968 4766 3148 4818 Εἶδον
3175 4765 3280 4816 τὸν
3298 4762 3559 4827 βασιλέα
3585 4765 3801 4832 Κύριον
3829 4770 3950 4819 Σα-

2362 4852 2536 4914 ϐαὼθ,
2573 4852 2669 4904 καί
2713 4848 2841 4903 εἶπέ
2864 4868 2985 4919 μοι,
3018 4849 3357 4915 Πορεύθητι,
3406 4847 3503 4900 καί
3535 4847 3665 4899 εἰπὲ
3690 4846 3772 4911 τῷ
3806 4849 3948 4912 λαῷ

2359 4937 2565 4998 τούτῳ,
2612 4937 2638 4986 6
2676 4933 2885 4993 Παῦλος
2937 4930 3159 5000 βασιλέα
3205 4930 3408 4999 Κύριον
3459 4929 3681 4982 Σαϐαὼθ
3738 4932 3820 4990 εἰς
3879 4932 3947 4982 τὸ

2361 5018 2582 5087 Πνεῦμα
2605 5019 2664 5068 τὸ
2692 5017 2842 5082 ἅγιον
2871 5013 3244 5083 ἐκλαμϐάνων,
3271 5016 3327 5065 ἐν
3349 5016 3413 5084 τῇ
3448 5013 3632 5083 Ῥώμῃ
3654 5016 3768 5075 τοῖς
3805 5014 3948 5065 "Cu-

2359 5102 2525 5162 ὂαίοις
2571 5099 2946 5167 διαλεγόμενός
3000 5112 3165 5166 φησι’
3206 5095 3414 5160 Καλῶς
3460 5094 3526 5148 τὸ
3573 5094 3814 5162 Πνεῦμα
3870 5096 3946 5149 τὸ

2358 5185 2526 5252 ἅγιον
2561 5180 2689 5234 εἷπε
2711 5181 2857 5247 πρὸς
2883 5179 3023 5246 τοὺς
3052 5179 3311 5246 πατέρας
3341 5177 3510 5246 ἡμῶν
3528 5177 3624 5231 διὰ
3649 5177 3753 5230 τοῦ
3788 5192 3946 5245 προ-

2357 5267 2548 5336 φήτου
2599 5264 2834 5317 Ἡσαΐου
2869 5263 3084 5331 λέγονι
3122 5263 3458 5330 Πορευθείς,
3498 5260 3666 5315 εἰπὸν
3688 5259 3767 5324 τῷ
3801 5263 3946 5327 λαῷ

2357 5351 2569 5413 τούτῳ·
2603 5345 2769 5412 Ἁκοῇ
2814 5346 3134 5411 ἀκούσητε,
3180 5345 3278 5397 καί
3311 5347 3381 5398 οὐ
3411 5345 3494 5413 μὴ
3545 5342 3795 5407 συνῆτε,
3839 5347 3944 5398 καὶ

2355 5433 2422 5484 τὰ
2444 5431 2586 5497 ἐξῆς,
2617 5429 2837 5488 Ἡσαΐας
2858 5430 3030 5496 ἔλεγε,
3062 5429 3170 5482 Τὸν
3185 5428 3451 5492 ,ϐασιλέα
3483 5425 3719 5480 Σαϐαὼθ
3739 5424 3946 5489 εἷδον,

2357 5516 2451 5568 καὶ
2489 5509 2616 5565 εἷπε
2665 5514 2813 5578 πρός
2843 5528 2953 5580 με’
2991 5513 3179 5566 Εἰπὸν
3217 5511 3297 5577 τῷ
3323 5507 3450 5575 λαῷ
3493 5511 3707 5573 τούτῳ’
3762 5513 3867 5565 καὶ
3912 5517 3943 5568 6

2356 5595 2562 5656 Παῦλος
2591 5594 2761 5660 λέγων
2791 5589 2865 5664 τῷ
2897 5596 3033 5666 ἁγίῳ
3060 5595 3334 5664 Πνεύματι
3357 5592 3586 5662 ἀνέθηκε
3607 5592 3704 5661 τὴν
3738 5595 3944 5650 αὐθεν-

2357 5682 2493 5734 τίαν.
2528 5676 2732 5731 Οὐκοῦν
2769 5677 3015 5747 βασιλεὺς
3039 5679 3129 5733 καὶ
3151 5677 3349 5747 Κύριος
3369 5674 3593 5729 Σαϐαὼθ
3620 5676 3678 5729 τὸ
3702 5677 3941 5749 Πνεῦμα
