  <div class='ocr_page' id='page_1' title='image "/cluster/home/n/w/nwhite01/storage/ocr_20150623/56/pst.000005712557/502.png"; bbox 0 0 4104 6322; ppageno 0'>
   <div class='ocr_carea' id='block_1_1' title="bbox 225 332 342 391">
    <p class='ocr_par' dir='ltr' id='par_1_1' title="bbox 225 332 342 391">
     <span class='ocr_line' id='line_1_1' title="bbox 225 332 342 391; baseline -0.017 0"><span class='ocrx_word' id='word_1_1' title='bbox 225 332 342 391; x_wconf 88' lang='grc'><strong>509</strong></span> 
     </span>
    </p>
   </div>
   <div class='ocr_carea' id='block_1_2' title="bbox 239 429 1815 500">
    <p class='ocr_par' dir='ltr' id='par_1_2' title="bbox 239 429 1815 500">
     <span class='ocr_line' id='line_1_2' title="bbox 239 429 1815 500; baseline -0.007 -8"><span class='ocrx_word' id='word_1_2' title='bbox 239 441 375 493; x_wconf 90' lang='lat' dir='ltr'><strong>ritus</strong></span> <span class='ocrx_word' id='word_1_3' title='bbox 403 444 652 500; x_wconf 85' lang='lat' dir='ltr'><strong>sanctus,</strong></span> <span class='ocrx_word' id='word_1_4' title='bbox 685 445 981 491; x_wconf 73' lang='lat' dir='ltr'><strong>accuratam</strong></span> <span class='ocrx_word' id='word_1_5' title='bbox 1035 433 1175 486; x_wconf 86' lang='lat' dir='ltr'><strong>illam</strong></span> <span class='ocrx_word' id='word_1_6' title='bbox 1219 431 1503 486; x_wconf 82' lang='lat' dir='ltr'><strong>adorandae</strong></span> <span class='ocrx_word' id='word_1_7' title='bbox 1544 429 1815 485; x_wconf 74' lang='lat' dir='ltr'><strong>Trinitatis</strong></span> 
     </span>
    </p>
   </div>
   <div class='ocr_carea' id='block_1_3' title="bbox 239 523 1814 598">
    <p class='ocr_par' dir='ltr' id='par_1_3' title="bbox 239 523 1814 598">
     <span class='ocr_line' id='line_1_3' title="bbox 239 523 1814 598; baseline -0.006 -14"><span class='ocrx_word' id='word_1_8' title='bbox 239 532 438 585; x_wconf 81' lang='lat' dir='ltr'><strong>seriem</strong></span> <span class='ocrx_word' id='word_1_9' title='bbox 466 529 785 598; x_wconf 80' lang='lat' dir='ltr'><strong>ignorantes,</strong></span> <span class='ocrx_word' id='word_1_10' title='bbox 810 526 902 579; x_wconf 91' lang='lat' dir='ltr'><strong>sed</strong></span> <span class='ocrx_word' id='word_1_11' title='bbox 930 535 1106 578; x_wconf 90' lang='lat' dir='ltr'><strong>mente</strong></span> <span class='ocrx_word' id='word_1_12' title='bbox 1135 539 1382 594; x_wconf 83' lang='lat' dir='ltr'><strong>perversa</strong></span> <span class='ocrx_word' id='word_1_13' title='bbox 1415 523 1693 591; x_wconf 68' lang='lat' dir='ltr'><strong>theologia:</strong></span> <span class='ocrx_word' id='word_1_14' title='bbox 1722 538 1814 591; x_wconf 90' lang='lat' dir='ltr'><strong>pu-</strong></span> 
     </span>
    </p>
   </div>
   <div class='ocr_carea' id='block_1_4' title="bbox 238 613 1819 686">
    <p class='ocr_par' dir='ltr' id='par_1_4' title="bbox 238 613 1819 686">
     <span class='ocr_line' id='line_1_4' title="bbox 238 613 1819 686; baseline -0.005 -12"><span class='ocrx_word' id='word_1_15' title='bbox 238 621 452 674; x_wconf 77' lang='lat' dir='ltr'><strong>ritatem</strong></span> <span class='ocrx_word' id='word_1_16' title='bbox 497 617 813 672; x_wconf 90' lang='lat' dir='ltr'><strong>contumelia</strong></span> <span class='ocrx_word' id='word_1_17' title='bbox 857 616 1070 670; x_wconf 79' lang='lat' dir='ltr'><strong>afﬁcere</strong></span> <span class='ocrx_word' id='word_1_18' title='bbox 1117 613 1424 686; x_wconf 89' lang='lat' dir='ltr'><strong>conantes),</strong></span> <span class='ocrx_word' id='word_1_19' title='bbox 1467 614 1586 683; x_wconf 86' lang='lat' dir='ltr'><strong>jure</strong></span> <span class='ocrx_word' id='word_1_20' title='bbox 1627 613 1819 666; x_wconf 79' lang='lat' dir='ltr'><strong>Paulus</strong></span> 
     </span>
    </p>
   </div>
   <div class='ocr_carea' id='block_1_5' title="bbox 241 704 1815 772">
    <p class='ocr_par' dir='ltr' id='par_1_5' title="bbox 241 704 1815 772">
     <span class='ocr_line' id='line_1_5' title="bbox 241 704 1815 772; baseline -0.004 -10"><span class='ocrx_word' id='word_1_21' title='bbox 241 711 516 764; x_wconf 83' lang='lat' dir='ltr'><strong>nooiinum</strong></span> <span class='ocrx_word' id='word_1_22' title='bbox 546 709 784 761; x_wconf 87' lang='lat' dir='ltr'><strong>ordinem</strong></span> <span class='ocrx_word' id='word_1_23' title='bbox 817 707 1047 770; x_wconf 82' lang='lat' dir='ltr'><strong>invertit,</strong></span> <span class='ocrx_word' id='word_1_24' title='bbox 1074 715 1129 759; x_wconf 93' lang='lat' dir='ltr'><strong>ut</strong></span> <span class='ocrx_word' id='word_1_25' title='bbox 1159 706 1391 759; x_wconf 78' lang='lat' dir='ltr'><strong>veritatis</strong></span> <span class='ocrx_word' id='word_1_26' title='bbox 1420 707 1522 757; x_wconf 88' lang='lat' dir='ltr'><strong>vim</strong></span> <span class='ocrx_word' id='word_1_27' title='bbox 1553 704 1815 772; x_wconf 84' lang='lat' dir='ltr'><strong>Ostendat,</strong></span> 
     </span>
    </p>
   </div>
   <div class='ocr_carea' id='block_1_6' title="bbox 239 795 1818 867">
    <p class='ocr_par' dir='ltr' id='par_1_6' title="bbox 239 795 1818 867">
     <span class='ocr_line' id='line_1_6' title="bbox 239 795 1818 867; baseline -0.004 -15"><span class='ocrx_word' id='word_1_28' title='bbox 239 811 297 852; x_wconf 93' lang='lat' dir='ltr'><strong>et</strong></span> <span class='ocrx_word' id='word_1_29' title='bbox 327 799 684 867; x_wconf 88' lang='lat' dir='ltr'><strong>improborum</strong></span> <span class='ocrx_word' id='word_1_30' title='bbox 715 798 1018 866; x_wconf 89' lang='lat' dir='ltr'><strong>opinionem</strong></span> <span class='ocrx_word' id='word_1_31' title='bbox 1051 795 1304 849; x_wconf 77' lang='lat' dir='ltr'><strong>confutet.</strong></span> <span class='ocrx_word' id='word_1_32' title='bbox 1335 798 1402 848; x_wconf 88' lang='lat' dir='ltr'><strong>At</strong></span> <span class='ocrx_word' id='word_1_33' title='bbox 1431 796 1544 849; x_wconf 88' lang='lat' dir='ltr'><strong>scio</strong></span> <span class='ocrx_word' id='word_1_34' title='bbox 1564 837 1578 858; x_wconf 93' lang='lat'><strong>,</strong></span> <span class='ocrx_word' id='word_1_35' title='bbox 1607 796 1679 847; x_wconf 90' lang='lat' dir='ltr'><strong>ait</strong></span> <span class='ocrx_word' id='word_1_36' title='bbox 1707 796 1818 847; x_wconf 76' lang='lat' dir='ltr'><strong>ha:-</strong></span> 
     </span>
    </p>
   </div>
   <div class='ocr_carea' id='block_1_7' title="bbox 240 886 1824 956">
    <p class='ocr_par' dir='ltr' id='par_1_7' title="bbox 240 886 1824 956">
     <span class='ocr_line' id='line_1_7' title="bbox 240 886 1824 956; baseline -0.002 -12"><span class='ocrx_word' id='word_1_37' title='bbox 240 893 462 954; x_wconf 76' lang='lat' dir='ltr'><strong>retieus,</strong></span> <span class='ocrx_word' id='word_1_38' title='bbox 491 905 611 943; x_wconf 90' lang='lat' dir='ltr'><strong>eum</strong></span> <span class='ocrx_word' id='word_1_39' title='bbox 655 886 771 942; x_wconf 88' lang='lat' dir='ltr'><strong>Filii</strong></span> <span class='ocrx_word' id='word_1_40' title='bbox 813 888 1024 956; x_wconf 81' lang='lat' dir='ltr'><strong>quidem</strong></span> <span class='ocrx_word' id='word_1_41' title='bbox 1065 898 1118 942; x_wconf 90' lang='lat' dir='ltr'><strong>et</strong></span> <span class='ocrx_word' id='word_1_42' title='bbox 1165 886 1390 955; x_wconf 85' lang='lat' dir='ltr'><strong>Spiritus</strong></span> <span class='ocrx_word' id='word_1_43' title='bbox 1435 888 1600 940; x_wconf 90' lang='lat' dir='ltr'><strong>sancti</strong></span> <span class='ocrx_word' id='word_1_44' title='bbox 1652 887 1824 941; x_wconf 82' lang='lat' dir='ltr'><strong>obiter</strong></span> 
     </span>
    </p>
   </div>
   <div class='ocr_carea' id='block_1_8' title="bbox 241 977 1825 1045">
    <p class='ocr_par' dir='ltr' id='par_1_8' title="bbox 241 977 1825 1045">
     <span class='ocr_line' id='line_1_8' title="bbox 241 977 1825 1045; baseline -0.004 -10"><span class='ocrx_word' id='word_1_45' title='bbox 241 983 568 1036; x_wconf 86' lang='lat' dir='ltr'><strong>mentionem</strong></span> <span class='ocrx_word' id='word_1_46' title='bbox 599 981 804 1045; x_wconf 86' lang='lat' dir='ltr'><strong>fecisse,</strong></span> <span class='ocrx_word' id='word_1_47' title='bbox 823 979 916 1033; x_wconf 89' lang='lat' dir='ltr'><strong>sed</strong></span> <span class='ocrx_word' id='word_1_48' title='bbox 943 993 1059 1031; x_wconf 90' lang='lat' dir='ltr'><strong>cum</strong></span> <span class='ocrx_word' id='word_1_49' title='bbox 1091 977 1154 1030; x_wconf 91' lang='lat' dir='ltr'><strong>ad</strong></span> <span class='ocrx_word' id='word_1_50' title='bbox 1183 978 1394 1031; x_wconf 86' lang='lat' dir='ltr'><strong>Patrem</strong></span> <span class='ocrx_word' id='word_1_51' title='bbox 1427 978 1676 1042; x_wconf 76' lang='lat' dir='ltr'><strong>venisset,</strong></span> <span class='ocrx_word' id='word_1_52' title='bbox 1701 977 1825 1029; x_wconf 87' lang='lat' dir='ltr'><strong>sub-</strong></span> 
     </span>
    </p>
   </div>
   <div class='ocr_carea' id='block_1_9' title="bbox 241 1069 1822 1141">
    <p class='ocr_par' dir='ltr' id='par_1_9' title="bbox 241 1069 1822 1141">
     <span class='ocr_line' id='line_1_9' title="bbox 241 1069 1822 1141; baseline -0.004 -15"><span class='ocrx_word' id='word_1_53' title='bbox 241 1072 508 1126; x_wconf 90' lang='lat' dir='ltr'><strong>limiorem</strong></span> <span class='ocrx_word' id='word_1_54' title='bbox 530 1072 845 1141; x_wconf 78' lang='lat' dir='ltr'><strong>theologiam</strong></span> <span class='ocrx_word' id='word_1_55' title='bbox 860 1070 1182 1124; x_wconf 86' lang='lat' dir='ltr'><strong>adhibuisse.</strong></span> <span class='ocrx_word' id='word_1_56' title='bbox 1206 1070 1279 1124; x_wconf 87' lang='lat' dir='ltr'><strong>De</strong></span> <span class='ocrx_word' id='word_1_57' title='bbox 1299 1069 1495 1137; x_wconf 78' lang='lat' dir='ltr'><strong>Spiritu</strong></span> <span class='ocrx_word' id='word_1_58' title='bbox 1512 1070 1651 1123; x_wconf 93' lang='lat' dir='ltr'><strong>enim</strong></span> <span class='ocrx_word' id='word_1_59' title='bbox 1669 1069 1822 1133; x_wconf 80' lang='lat' dir='ltr'><strong>dixit,</strong></span> 
     </span>
    </p>
   </div>
   <div class='ocr_carea' id='block_1_10' title="bbox 242 1157 1825 1232">
    <p class='ocr_par' dir='ltr' id='par_1_10' title="bbox 242 1157 1825 1232">
     <span class='ocr_line' id='line_1_10' title="bbox 242 1157 1825 1232; baseline -0.003 -16"><span class='ocrx_word' id='word_1_60' title='bbox 242 1163 394 1216; x_wconf 82' lang='lat' dir='ltr'><strong>Idem</strong></span> <span class='ocrx_word' id='word_1_61' title='bbox 413 1179 526 1217; x_wconf 83' lang='lat' dir='ltr'><strong>vero</strong></span> <span class='ocrx_word' id='word_1_62' title='bbox 553 1162 809 1230; x_wconf 76' lang='lat' dir='ltr'><strong>Spiritus;</strong></span> <span class='ocrx_word' id='word_1_63' title='bbox 832 1162 904 1232; x_wconf 71' lang='lat' dir='ltr'><strong>de</strong></span> <span class='ocrx_word' id='word_1_64' title='bbox 936 1162 1088 1224; x_wconf 82' lang='lat' dir='ltr'><strong>Filio,</strong></span> <span class='ocrx_word' id='word_1_65' title='bbox 1116 1160 1260 1214; x_wconf 86' lang='lat' dir='ltr'><strong>Idem</strong></span> <span class='ocrx_word' id='word_1_66' title='bbox 1283 1176 1395 1213; x_wconf 87' lang='lat' dir='ltr'><strong>vero</strong></span> <span class='ocrx_word' id='word_1_67' title='bbox 1427 1159 1672 1212; x_wconf 91' lang='lat' dir='ltr'><strong>Dominus</strong></span> <span class='ocrx_word' id='word_1_68' title='bbox 1697 1157 1825 1212; x_wconf 85' lang='lat' dir='ltr'><strong>:scd</strong></span> 
     </span>
    </p>
   </div>
   <div class='ocr_carea' id='block_1_11' title="bbox 241 1253 1824 1322">
    <p class='ocr_par' dir='ltr' id='par_1_11' title="bbox 241 1253 1824 1322">
     <span class='ocr_line' id='line_1_11' title="bbox 241 1253 1824 1322; baseline -0.003 -13"><span class='ocrx_word' id='word_1_69' title='bbox 241 1270 368 1309; x_wconf 88' lang='lat' dir='ltr'><strong>cum</strong></span> <span class='ocrx_word' id='word_1_70' title='bbox 399 1255 462 1308; x_wconf 90' lang='lat' dir='ltr'><strong>ad</strong></span> <span class='ocrx_word' id='word_1_71' title='bbox 491 1255 697 1308; x_wconf 89' lang='lat' dir='ltr'><strong>Patrem</strong></span> <span class='ocrx_word' id='word_1_72' title='bbox 727 1255 976 1317; x_wconf 77' lang='lat' dir='ltr'><strong>venisset,</strong></span> <span class='ocrx_word' id='word_1_73' title='bbox 1005 1253 1199 1321; x_wconf 87' lang='lat' dir='ltr'><strong>adjecit</strong></span> <span class='ocrx_word' id='word_1_74' title='bbox 1224 1273 1236 1306; x_wconf 91' lang='lat'><strong>:</strong></span> <span class='ocrx_word' id='word_1_75' title='bbox 1268 1253 1365 1318; x_wconf 84' lang='lat' dir='ltr'><strong>Qui</strong></span> <span class='ocrx_word' id='word_1_76' title='bbox 1389 1262 1623 1322; x_wconf 70' lang='lat' dir='ltr'><strong>aper-alar</strong></span> <span class='ocrx_word' id='word_1_77' title='bbox 1652 1253 1824 1304; x_wconf 73' lang='lat' dir='ltr'><strong>omnia</strong></span> 
     </span>
    </p>
   </div>
   <div class='ocr_carea' id='block_1_12' title="bbox 241 1343 1826 1415">
    <p class='ocr_par' dir='ltr' id='par_1_12' title="bbox 241 1343 1826 1415">
     <span class='ocr_line' id='line_1_12' title="bbox 241 1343 1826 1415; baseline -0.001 -16"><span class='ocrx_word' id='word_1_78' title='bbox 241 1349 298 1400; x_wconf 88' lang='lat' dir='ltr'><strong>in</strong></span> <span class='ocrx_word' id='word_1_79' title='bbox 326 1345 570 1400; x_wconf 89' lang='lat' dir='ltr'><strong>omnibus.</strong></span> <span class='ocrx_word' id='word_1_80' title='bbox 599 1345 734 1413; x_wconf 84' lang='lat' dir='ltr'><strong>Quid</strong></span> <span class='ocrx_word' id='word_1_81' title='bbox 757 1347 916 1415; x_wconf 86' lang='lat' dir='ltr'><strong>ergo?</strong></span> <span class='ocrx_word' id='word_1_82' title='bbox 943 1345 1140 1398; x_wconf 90' lang='lat' dir='ltr'><strong>illudne</strong></span> <span class='ocrx_word' id='word_1_83' title='bbox 1159 1346 1395 1406; x_wconf 83' lang='lat' dir='ltr'><strong>verbum,</strong></span> <span class='ocrx_word' id='word_1_84' title='bbox 1416 1345 1624 1412; x_wconf 91' lang='lat' dir='ltr'><strong>operari</strong></span> <span class='ocrx_word' id='word_1_85' title='bbox 1647 1343 1826 1397; x_wconf 86' lang='lat' dir='ltr'><strong>omnia</strong></span> 
     </span>
    </p>
   </div>
   <div class='ocr_carea' id='block_1_13' title="bbox 245 1435 1831 1504">
    <p class='ocr_par' dir='ltr' id='par_1_13' title="bbox 245 1435 1831 1504">
     <span class='ocr_line' id='line_1_13' title="bbox 245 1435 1831 1504; baseline -0.003 -12"><span class='ocrx_word' id='word_1_86' title='bbox 245 1440 300 1492; x_wconf 91' lang='lat' dir='ltr'><strong>in</strong></span> <span class='ocrx_word' id='word_1_87' title='bbox 333 1439 578 1492; x_wconf 83' lang='lat' dir='ltr'><strong>omnibus</strong></span> <span class='ocrx_word' id='word_1_88' title='bbox 602 1478 616 1502; x_wconf 94' lang='lat'><strong>,</strong></span> <span class='ocrx_word' id='word_1_89' title='bbox 645 1438 1009 1491; x_wconf 78' lang='lat' dir='ltr'><strong>auctoritatem</strong></span> <span class='ocrx_word' id='word_1_90' title='bbox 1041 1435 1274 1489; x_wconf 87' lang='lat' dir='ltr'><strong>indicat?</strong></span> <span class='ocrx_word' id='word_1_91' title='bbox 1302 1435 1472 1489; x_wconf 88' lang='lat' dir='ltr'><strong>Etiam</strong></span> <span class='ocrx_word' id='word_1_92' title='bbox 1496 1477 1511 1501; x_wconf 92' lang='lat'><strong>,</strong></span> <span class='ocrx_word' id='word_1_93' title='bbox 1543 1435 1728 1504; x_wconf 81' lang='lat' dir='ltr'><strong>inquit.</strong></span> <span class='ocrx_word' id='word_1_94' title='bbox 1767 1436 1831 1488; x_wconf 79' lang='lat' dir='ltr'><strong>Et</strong></span> 
     </span>
    </p>
   </div>
   <div class='ocr_carea' id='block_1_14' title="bbox 245 1525 1826 1597">
    <p class='ocr_par' dir='ltr' id='par_1_14' title="bbox 245 1525 1826 1597">
     <span class='ocr_line' id='line_1_14' title="bbox 245 1525 1826 1597; baseline -0.003 -15"><span class='ocrx_word' id='word_1_95' title='bbox 245 1529 728 1597; x_wconf 87' lang='lat' dir='ltr'><strong>supereminentem</strong></span> <span class='ocrx_word' id='word_1_96' title='bbox 752 1527 1116 1581; x_wconf 79' lang='lat' dir='ltr'><strong>excellentiam</strong></span> <span class='ocrx_word' id='word_1_97' title='bbox 1142 1526 1424 1595; x_wconf 62' lang='lat' dir='ltr'><strong>praedicat?</strong></span> <span class='ocrx_word' id='word_1_98' title='bbox 1451 1525 1609 1590; x_wconf 89' lang='lat' dir='ltr'><strong>Sane,</strong></span> <span class='ocrx_word' id='word_1_99' title='bbox 1640 1526 1826 1594; x_wconf 78' lang='lat' dir='ltr'><strong>inquit.</strong></span> 
     </span>
    </p>
   </div>
   <div class='ocr_carea' id='block_1_15' title="bbox 250 1616 1828 1688">
    <p class='ocr_par' dir='ltr' id='par_1_15' title="bbox 250 1616 1828 1688">
     <span class='ocr_line' id='line_1_15' title="bbox 250 1616 1828 1688; baseline -0.003 -16"><span class='ocrx_word' id='word_1_100' title='bbox 250 1620 318 1672; x_wconf 78' lang='lat' dir='ltr'><strong>Et</strong></span> <span class='ocrx_word' id='word_1_101' title='bbox 345 1633 442 1688; x_wconf 85' lang='lat' dir='ltr'><strong>ego</strong></span> <span class='ocrx_word' id='word_1_102' title='bbox 469 1634 675 1688; x_wconf 88' lang='lat' dir='ltr'><strong>quoque</strong></span> <span class='ocrx_word' id='word_1_103' title='bbox 707 1627 846 1670; x_wconf 90' lang='lat' dir='ltr'><strong>tuam</strong></span> <span class='ocrx_word' id='word_1_104' title='bbox 877 1616 1265 1670; x_wconf 79' lang='lat' dir='ltr'><strong>confessionem</strong></span> <span class='ocrx_word' id='word_1_105' title='bbox 1295 1617 1514 1683; x_wconf 88' lang='lat' dir='ltr'><strong>recipio,</strong></span> <span class='ocrx_word' id='word_1_106' title='bbox 1546 1617 1588 1668; x_wconf 89' lang='lat' dir='ltr'><strong>si</strong></span> <span class='ocrx_word' id='word_1_107' title='bbox 1619 1617 1668 1668; x_wconf 92' lang='lat' dir='ltr'><strong>in</strong></span> <span class='ocrx_word' id='word_1_108' title='bbox 1695 1631 1828 1668; x_wconf 88' lang='lat' dir='ltr'><strong>con-</strong></span> 
     </span>
    </p>
   </div>
   <div class='ocr_carea' id='block_1_16' title="bbox 247 1706 1829 1778">
    <p class='ocr_par' dir='ltr' id='par_1_16' title="bbox 247 1706 1829 1778">
     <span class='ocr_line' id='line_1_16' title="bbox 247 1706 1829 1778; baseline -0.003 -14"><span class='ocrx_word' id='word_1_109' title='bbox 247 1710 541 1764; x_wconf 88' lang='lat' dir='ltr'><strong>ditionibus</strong></span> <span class='ocrx_word' id='word_1_110' title='bbox 587 1723 919 1778; x_wconf 88' lang='lat' dir='ltr'><strong>permaneas.</strong></span> <span class='ocrx_word' id='word_1_111' title='bbox 953 1708 1236 1762; x_wconf 79' lang='lat' dir='ltr'><strong>Videamus</strong></span> <span class='ocrx_word' id='word_1_112' title='bbox 1265 1723 1390 1777; x_wconf 87' lang='lat' dir='ltr'><strong>ergo</strong></span> <span class='ocrx_word' id='word_1_113' title='bbox 1419 1707 1542 1776; x_wconf 88' lang='lat' dir='ltr'><strong>quid</strong></span> <span class='ocrx_word' id='word_1_114' title='bbox 1576 1722 1666 1761; x_wconf 85' lang='lat' dir='ltr'><strong>vas</strong></span> <span class='ocrx_word' id='word_1_115' title='bbox 1703 1706 1829 1760; x_wconf 89' lang='lat' dir='ltr'><strong>illud</strong></span> 
     </span>
    </p>
   </div>
   <div class='ocr_carea' id='block_1_17' title="bbox 249 1799 1828 1870">
    <p class='ocr_par' dir='ltr' id='par_1_17' title="bbox 249 1799 1828 1870">
     <span class='ocr_line' id='line_1_17' title="bbox 249 1799 1828 1870; baseline 0 -18"><span class='ocrx_word' id='word_1_116' title='bbox 249 1802 547 1862; x_wconf 73' lang='lat' dir='ltr'><strong>electionis,</strong></span> <span class='ocrx_word' id='word_1_117' title='bbox 575 1801 662 1854; x_wconf 90' lang='lat' dir='ltr'><strong>ille</strong></span> <span class='ocrx_word' id='word_1_118' title='bbox 690 1801 900 1870; x_wconf 89' lang='lat' dir='ltr'><strong>inquam</strong></span> <span class='ocrx_word' id='word_1_119' title='bbox 932 1815 959 1852; x_wconf 93' lang='lat' dir='ltr'><strong>a</strong></span> <span class='ocrx_word' id='word_1_120' title='bbox 990 1799 1187 1866; x_wconf 90' lang='lat' dir='ltr'><strong>Spiritu</strong></span> <span class='ocrx_word' id='word_1_121' title='bbox 1217 1809 1402 1853; x_wconf 90' lang='lat' dir='ltr'><strong>saneto</strong></span> <span class='ocrx_word' id='word_1_122' title='bbox 1431 1799 1618 1852; x_wconf 88' lang='lat' dir='ltr'><strong>ductus</strong></span> <span class='ocrx_word' id='word_1_123' title='bbox 1643 1842 1657 1863; x_wconf 96' lang='lat'><strong>,</strong></span> <span class='ocrx_word' id='word_1_124' title='bbox 1691 1799 1828 1853; x_wconf 81' lang='lat' dir='ltr'><strong>circa</strong></span> 
     </span>
    </p>
   </div>
   <div class='ocr_carea' id='block_1_18' title="bbox 252 1889 1830 1961">
    <p class='ocr_par' dir='ltr' id='par_1_18' title="bbox 252 1889 1830 1961">
     <span class='ocr_line' id='line_1_18' title="bbox 252 1889 1830 1961; baseline -0.004 -16"><span class='ocrx_word' id='word_1_125' title='bbox 252 1893 389 1945; x_wconf 85' lang='lat' dir='ltr'><strong>lianc</strong></span> <span class='ocrx_word' id='word_1_126' title='bbox 426 1892 773 1961; x_wconf 66' lang='lat' dir='ltr'><strong>qumstioucm</strong></span> <span class='ocrx_word' id='word_1_127' title='bbox 818 1901 1080 1958; x_wconf 82' lang='lat' dir='ltr'><strong>suggerat.</strong></span> <span class='ocrx_word' id='word_1_128' title='bbox 1132 1889 1410 1958; x_wconf 80' lang='lat' dir='ltr'><strong>Unicuique</strong></span> <span class='ocrx_word' id='word_1_129' title='bbox 1438 1891 1587 1940; x_wconf 88' lang='lat' dir='ltr'><strong>datur</strong></span> <span class='ocrx_word' id='word_1_130' title='bbox 1615 1890 1830 1958; x_wconf 80' lang='lat' dir='ltr'><strong>manife—</strong></span> 
     </span>
    </p>
   </div>
   <div class='ocr_carea' id='block_1_19' title="bbox 250 1981 1832 2049">
    <p class='ocr_par' dir='ltr' id='par_1_19' title="bbox 250 1981 1832 2049">
     <span class='ocr_line' id='line_1_19' title="bbox 250 1981 1832 2049; baseline -0.003 -12"><span class='ocrx_word' id='word_1_131' title='bbox 250 1986 402 2038; x_wconf 86' lang='lat' dir='ltr'><strong>statio</strong></span> <span class='ocrx_word' id='word_1_132' title='bbox 450 1983 674 2049; x_wconf 78' lang='lat' dir='ltr'><strong>Spiritus</strong></span> <span class='ocrx_word' id='word_1_133' title='bbox 712 1982 780 2034; x_wconf 88' lang='lat' dir='ltr'><strong>ad</strong></span> <span class='ocrx_word' id='word_1_134' title='bbox 815 1983 1101 2035; x_wconf 81' lang='lat' dir='ltr'><strong>utilitatem.</strong></span> <span class='ocrx_word' id='word_1_135' title='bbox 1141 1982 1242 2033; x_wconf 85' lang='lat' dir='ltr'><strong>Alii</strong></span> <span class='ocrx_word' id='word_1_136' title='bbox 1270 1981 1468 2048; x_wconf 89' lang='lat' dir='ltr'><strong>quidem</strong></span> <span class='ocrx_word' id='word_1_137' title='bbox 1493 1983 1643 2032; x_wconf 87' lang='lat' dir='ltr'><strong>datur</strong></span> <span class='ocrx_word' id='word_1_138' title='bbox 1671 1997 1832 2033; x_wconf 82' lang='lat' dir='ltr'><strong>sermo</strong></span> 
     </span>
    </p>
   </div>
   <div class='ocr_carea' id='block_1_20' title="bbox 249 2070 1834 2141">
    <p class='ocr_par' dir='ltr' id='par_1_20' title="bbox 249 2070 1834 2141">
     <span class='ocr_line' id='line_1_20' title="bbox 249 2070 1834 2141; baseline -0.005 -13"><span class='ocrx_word' id='word_1_139' title='bbox 249 2074 512 2141; x_wconf 74' lang='lat' dir='ltr'><strong>sapientitz</strong></span> <span class='ocrx_word' id='word_1_140' title='bbox 531 2072 802 2126; x_wconf 87' lang='lat' dir='ltr'><strong>secundum</strong></span> <span class='ocrx_word' id='word_1_141' title='bbox 831 2072 1054 2125; x_wconf 86' lang='lat' dir='ltr'><strong>eumdem</strong></span> <span class='ocrx_word' id='word_1_142' title='bbox 1081 2070 1326 2140; x_wconf 85' lang='lat' dir='ltr'><strong>Spiritum</strong></span> <span class='ocrx_word' id='word_1_143' title='bbox 1347 2088 1362 2133; x_wconf 90' lang='lat'><strong>;</strong></span> <span class='ocrx_word' id='word_1_144' title='bbox 1389 2070 1480 2122; x_wconf 84' lang='lat' dir='ltr'><strong>alii</strong></span> <span class='ocrx_word' id='word_1_145' title='bbox 1500 2087 1658 2122; x_wconf 84' lang='lat' dir='ltr'><strong>sermo</strong></span> <span class='ocrx_word' id='word_1_146' title='bbox 1680 2071 1834 2123; x_wconf 85' lang='lat' dir='ltr'><strong>scien-</strong></span> 
     </span>
    </p>
   </div>
   <div class='ocr_carea' id='block_1_21' title="bbox 252 2165 1834 2236">
    <p class='ocr_par' dir='ltr' id='par_1_21' title="bbox 252 2165 1834 2236">
     <span class='ocr_line' id='line_1_21' title="bbox 252 2165 1834 2236; baseline -0.004 -14"><span class='ocrx_word' id='word_1_147' title='bbox 252 2171 340 2223; x_wconf 68' lang='lat' dir='ltr'><strong>tia:</strong></span> <span class='ocrx_word' id='word_1_148' title='bbox 376 2171 428 2222; x_wconf 88' lang='lat' dir='ltr'><strong>in</strong></span> <span class='ocrx_word' id='word_1_149' title='bbox 467 2169 638 2222; x_wconf 84' lang='lat' dir='ltr'><strong>eodem</strong></span> <span class='ocrx_word' id='word_1_150' title='bbox 679 2169 875 2236; x_wconf 84' lang='lat' dir='ltr'><strong>Spiritu</strong></span> <span class='ocrx_word' id='word_1_151' title='bbox 904 2167 1035 2220; x_wconf 89' lang='lat' dir='ltr'><strong>:alii</strong></span> <span class='ocrx_word' id='word_1_152' title='bbox 1075 2167 1236 2236; x_wconf 88' lang='lat' dir='ltr'><strong>gratia</strong></span> <span class='ocrx_word' id='word_1_153' title='bbox 1277 2167 1549 2219; x_wconf 89' lang='lat' dir='ltr'><strong>sanitatum</strong></span> <span class='ocrx_word' id='word_1_154' title='bbox 1580 2166 1631 2216; x_wconf 91' lang='lat' dir='ltr'><strong>in</strong></span> <span class='ocrx_word' id='word_1_155' title='bbox 1662 2165 1834 2216; x_wconf 86' lang='lat' dir='ltr'><strong>eodem</strong></span> 
     </span>
    </p>
   </div>
   <div class='ocr_carea' id='block_1_22' title="bbox 254 2258 1833 2328">
    <p class='ocr_par' dir='ltr' id='par_1_22' title="bbox 254 2258 1833 2328">
     <span class='ocr_line' id='line_1_22' title="bbox 254 2258 1833 2328; baseline -0.005 -12"><span class='ocrx_word' id='word_1_156' title='bbox 254 2263 492 2328; x_wconf 86' lang='lat' dir='ltr'><strong>Spiritu;</strong></span> <span class='ocrx_word' id='word_1_157' title='bbox 530 2261 622 2313; x_wconf 89' lang='lat' dir='ltr'><strong>alii</strong></span> <span class='ocrx_word' id='word_1_158' title='bbox 663 2261 958 2328; x_wconf 79' lang='lat' dir='ltr'><strong>prophetia;</strong></span> <span class='ocrx_word' id='word_1_159' title='bbox 996 2259 1087 2311; x_wconf 86' lang='lat' dir='ltr'><strong>alii</strong></span> <span class='ocrx_word' id='word_1_160' title='bbox 1131 2258 1472 2327; x_wconf 81' lang='lat' dir='ltr'><strong>interpretatio</strong></span> <span class='ocrx_word' id='word_1_161' title='bbox 1513 2258 1833 2325; x_wconf 78' lang='lat' dir='ltr'><strong>linguarum;</strong></span> 
     </span>
    </p>
   </div>
   <div class='ocr_carea' id='block_1_23' title="bbox 251 2348 1835 2419">
    <p class='ocr_par' dir='ltr' id='par_1_23' title="bbox 251 2348 1835 2419">
     <span class='ocr_line' id='line_1_23' title="bbox 251 2348 1835 2419; baseline -0.004 -13"><span class='ocrx_word' id='word_1_162' title='bbox 251 2355 346 2406; x_wconf 87' lang='lat' dir='ltr'><strong>alii</strong></span> <span class='ocrx_word' id='word_1_163' title='bbox 391 2353 554 2419; x_wconf 79' lang='lat' dir='ltr'><strong>fides;</strong></span> <span class='ocrx_word' id='word_1_164' title='bbox 593 2353 678 2404; x_wconf 84' lang='lat' dir='ltr'><strong>alii</strong></span> <span class='ocrx_word' id='word_1_165' title='bbox 719 2351 850 2404; x_wconf 86' lang='lat' dir='ltr'><strong>dona</strong></span> <span class='ocrx_word' id='word_1_166' title='bbox 883 2351 900 2419; x_wconf 96' lang='lat'><strong>(</strong></span> <span class='ocrx_word' id='word_1_167' title='bbox 931 2352 981 2404; x_wconf 98' lang='lat'><strong>1.</strong></span> <span class='ocrx_word' id='word_1_168' title='bbox 1011 2349 1128 2404; x_wconf 88' lang='lat' dir='ltr'><strong>Cor.</strong></span> <span class='ocrx_word' id='word_1_169' title='bbox 1156 2351 1238 2403; x_wconf 90' lang='lat'><strong>12.</strong></span> <span class='ocrx_word' id='word_1_170' title='bbox 1274 2349 1405 2403; x_wconf 89' lang='lat'><strong>7-10</strong></span> <span class='ocrx_word' id='word_1_171' title='bbox 1432 2350 1471 2416; x_wconf 94' lang='lat'><strong>).</strong></span> <span class='ocrx_word' id='word_1_172' title='bbox 1525 2348 1645 2401; x_wconf 74' lang='lat' dir='ltr'><strong>Ilwc</strong></span> <span class='ocrx_word' id='word_1_173' title='bbox 1685 2365 1835 2416; x_wconf 74' lang='lat' dir='ltr'><strong>porro</strong></span> 
     </span>
    </p>
   </div>
   <div class='ocr_carea' id='block_1_24' title="bbox 253 2441 1836 2511">
    <p class='ocr_par' dir='ltr' id='par_1_24' title="bbox 253 2441 1836 2511">
     <span class='ocr_line' id='line_1_24' title="bbox 253 2441 1836 2511; baseline -0.003 -14"><span class='ocrx_word' id='word_1_174' title='bbox 253 2445 466 2497; x_wconf 87' lang='lat' dir='ltr'><strong>omnia:</strong></span> <span class='ocrx_word' id='word_1_175' title='bbox 493 2443 705 2498; x_wconf 87' lang='lat' dir='ltr'><strong>attende</strong></span> <span class='ocrx_word' id='word_1_176' title='bbox 731 2443 1028 2511; x_wconf 82' lang='lat' dir='ltr'><strong>diligenter,</strong></span> <span class='ocrx_word' id='word_1_177' title='bbox 1059 2442 1177 2495; x_wconf 88' lang='lat' dir='ltr'><strong>vide</strong></span> <span class='ocrx_word' id='word_1_178' title='bbox 1205 2442 1448 2494; x_wconf 82' lang='lat' dir='ltr'><strong>dir-tionis</strong></span> <span class='ocrx_word' id='word_1_179' title='bbox 1481 2451 1532 2494; x_wconf 91' lang='lat' dir='ltr'><strong>ct</strong></span> <span class='ocrx_word' id='word_1_180' title='bbox 1561 2441 1836 2508; x_wconf 84' lang='lat' dir='ltr'><strong>potestatis</strong></span> 
     </span>
    </p>
   </div>
   <div class='ocr_carea' id='block_1_25' title="bbox 253 2529 1834 2600">
    <p class='ocr_par' dir='ltr' id='par_1_25' title="bbox 253 2529 1834 2600">
     <span class='ocr_line' id='line_1_25' title="bbox 253 2529 1834 2600; baseline -0.004 -13"><span class='ocrx_word' id='word_1_181' title='bbox 253 2533 682 2588; x_wconf 89' lang='lat' dir='ltr'><strong>consonantiam.</strong></span> <span class='ocrx_word' id='word_1_182' title='bbox 713 2533 809 2599; x_wconf 88' lang='lat' dir='ltr'><strong>Qui</strong></span> <span class='ocrx_word' id='word_1_183' title='bbox 843 2532 986 2600; x_wconf 90' lang='lat' dir='ltr'><strong>prius</strong></span> <span class='ocrx_word' id='word_1_184' title='bbox 1016 2532 1248 2595; x_wconf 85' lang='lat' dir='ltr'><strong>dixerat,</strong></span> <span class='ocrx_word' id='word_1_185' title='bbox 1285 2530 1430 2583; x_wconf 87' lang='lat' dir='ltr'><strong>Idem</strong></span> <span class='ocrx_word' id='word_1_186' title='bbox 1459 2540 1625 2581; x_wconf 87' lang='lat' dir='ltr'><strong>autern</strong></span> <span class='ocrx_word' id='word_1_187' title='bbox 1662 2529 1797 2582; x_wconf 88' lang='lat' dir='ltr'><strong>Deus</strong></span> <span class='ocrx_word' id='word_1_188' title='bbox 1818 2571 1834 2594; x_wconf 92' lang='lat'><strong>,</strong></span> 
     </span>
    </p>
   </div>
   <div class='ocr_carea' id='block_1_26' title="bbox 252 2621 1832 2695">
    <p class='ocr_par' dir='ltr' id='par_1_26' title="bbox 252 2621 1832 2695">
     <span class='ocr_line' id='line_1_26' title="bbox 252 2621 1832 2695; baseline -0.003 -19"><span class='ocrx_word' id='word_1_189' title='bbox 252 2627 341 2695; x_wconf 84' lang='lat' dir='ltr'><strong>qui</strong></span> <span class='ocrx_word' id='word_1_190' title='bbox 364 2635 599 2693; x_wconf 86' lang='lat' dir='ltr'><strong>operatur</strong></span> <span class='ocrx_word' id='word_1_191' title='bbox 624 2625 791 2676; x_wconf 87' lang='lat' dir='ltr'><strong>omnia</strong></span> <span class='ocrx_word' id='word_1_192' title='bbox 817 2624 867 2676; x_wconf 90' lang='lat' dir='ltr'><strong>in</strong></span> <span class='ocrx_word' id='word_1_193' title='bbox 895 2623 1140 2686; x_wconf 88' lang='lat' dir='ltr'><strong>omnibus,</strong></span> <span class='ocrx_word' id='word_1_194' title='bbox 1168 2622 1252 2675; x_wconf 90' lang='lat' dir='ltr'><strong>ubi</strong></span> <span class='ocrx_word' id='word_1_195' title='bbox 1284 2622 1348 2675; x_wconf 86' lang='lat' dir='ltr'><strong>ad</strong></span> <span class='ocrx_word' id='word_1_196' title='bbox 1382 2621 1636 2690; x_wconf 83' lang='lat' dir='ltr'><strong>Spiritum</strong></span> <span class='ocrx_word' id='word_1_197' title='bbox 1670 2621 1832 2682; x_wconf 85' lang='lat' dir='ltr'><strong>venit,</strong></span> 
     </span>
    </p>
   </div>
   <div class='ocr_carea' id='block_1_27' title="bbox 253 2711 1837 2783">
    <p class='ocr_par' dir='ltr' id='par_1_27' title="bbox 253 2711 1837 2783">
     <span class='ocr_line' id='line_1_27' title="bbox 253 2711 1837 2783; baseline -0.006 -13"><span class='ocrx_word' id='word_1_198' title='bbox 253 2716 498 2770; x_wconf 86' lang='lat' dir='ltr'><strong>eamdem</strong></span> <span class='ocrx_word' id='word_1_199' title='bbox 527 2714 624 2783; x_wconf 88' lang='lat' dir='ltr'><strong>ipsi</strong></span> <span class='ocrx_word' id='word_1_200' title='bbox 651 2715 753 2766; x_wconf 87' lang='lat' dir='ltr'><strong>vim</strong></span> <span class='ocrx_word' id='word_1_201' title='bbox 786 2715 959 2767; x_wconf 86' lang='lat' dir='ltr'><strong>inesse</strong></span> <span class='ocrx_word' id='word_1_202' title='bbox 991 2713 1300 2766; x_wconf 81' lang='lat' dir='ltr'><strong>lcstilicatur</strong></span> <span class='ocrx_word' id='word_1_203' title='bbox 1329 2730 1342 2766; x_wconf 90' lang='lat'><strong>:</strong></span> <span class='ocrx_word' id='word_1_204' title='bbox 1378 2711 1501 2764; x_wconf 68' lang='lat' dir='ltr'><strong>llaec</strong></span> <span class='ocrx_word' id='word_1_205' title='bbox 1529 2721 1696 2763; x_wconf 89' lang='lat' dir='ltr'><strong>autem</strong></span> <span class='ocrx_word' id='word_1_206' title='bbox 1729 2727 1837 2763; x_wconf 90' lang='lat' dir='ltr'><strong>om-</strong></span> 
     </span>
    </p>
   </div>
   <div class='ocr_carea' id='block_1_28' title="bbox 255 2800 1836 2874">
    <p class='ocr_par' dir='ltr' id='par_1_28' title="bbox 255 2800 1836 2874">
     <span class='ocr_line' id='line_1_28' title="bbox 255 2800 1836 2874; baseline -0.006 -14"><span class='ocrx_word' id='word_1_207' title='bbox 255 2809 364 2870; x_wconf 84' lang='lat' dir='ltr'><strong>nia,</strong></span> <span class='ocrx_word' id='word_1_208' title='bbox 398 2805 584 2874; x_wconf 89' lang='lat' dir='ltr'><strong>inquit,</strong></span> <span class='ocrx_word' id='word_1_209' title='bbox 609 2815 844 2872; x_wconf 86' lang='lat' dir='ltr'><strong>aperatur</strong></span> <span class='ocrx_word' id='word_1_210' title='bbox 887 2821 1012 2856; x_wconf 90' lang='lat' dir='ltr'><strong>unus</strong></span> <span class='ocrx_word' id='word_1_211' title='bbox 1053 2813 1097 2857; x_wconf 90' lang='lat' dir='ltr'><strong>et</strong></span> <span class='ocrx_word' id='word_1_212' title='bbox 1142 2805 1272 2856; x_wconf 88' lang='lat' dir='ltr'><strong>idem</strong></span> <span class='ocrx_word' id='word_1_213' title='bbox 1313 2803 1569 2871; x_wconf 78' lang='lat' dir='ltr'><strong>Spiritus,</strong></span> <span class='ocrx_word' id='word_1_214' title='bbox 1611 2800 1836 2852; x_wconf 80' lang='lat' dir='ltr'><strong>dividens</strong></span> 
     </span>
    </p>
   </div>
   <div class='ocr_carea' id='block_1_29' title="bbox 252 2892 1838 2966">
    <p class='ocr_par' dir='ltr' id='par_1_29' title="bbox 252 2892 1838 2966">
     <span class='ocr_line' id='line_1_29' title="bbox 252 2892 1838 2966; baseline -0.004 -17"><span class='ocrx_word' id='word_1_215' title='bbox 252 2897 491 2966; x_wconf 85' lang='lat' dir='ltr'><strong>singulis,</strong></span> <span class='ocrx_word' id='word_1_216' title='bbox 523 2906 667 2961; x_wconf 86' lang='lat' dir='ltr'><strong>prout</strong></span> <span class='ocrx_word' id='word_1_217' title='bbox 694 2896 793 2947; x_wconf 87' lang='lat' dir='ltr'><strong>vult</strong></span> <span class='ocrx_word' id='word_1_218' title='bbox 824 2893 999 2962; x_wconf 86' lang='lat' dir='ltr'><strong>(Ibid.</strong></span> <span class='ocrx_word' id='word_1_219' title='bbox 1029 2912 1073 2946; x_wconf 90' lang='grc' dir='ltr'><strong>υ.</strong></span> <span class='ocrx_word' id='word_1_220' title='bbox 1101 2893 1209 2963; x_wconf 88' lang='lat'><strong>1|).</strong></span> <span class='ocrx_word' id='word_1_221' title='bbox 1241 2893 1329 2947; x_wconf 92' lang='lat' dir='ltr'><strong>Sic</strong></span> <span class='ocrx_word' id='word_1_222' title='bbox 1358 2909 1463 2945; x_wconf 92' lang='lat' dir='ltr'><strong>non</strong></span> <span class='ocrx_word' id='word_1_223' title='bbox 1495 2892 1838 2945; x_wconf 83' lang='lat' dir='ltr'><strong>labefactatur</strong></span> 
     </span>
    </p>
   </div>
   <div class='ocr_carea' id='block_1_30' title="bbox 254 2982 1837 3055">
    <p class='ocr_par' dir='ltr' id='par_1_30' title="bbox 254 2982 1837 3055">
     <span class='ocr_line' id='line_1_30' title="bbox 254 2982 1837 3055; baseline -0.003 -17"><span class='ocrx_word' id='word_1_224' title='bbox 254 2987 654 3055; x_wconf 82' lang='lat' dir='ltr'><strong>glorificationis</strong></span> <span class='ocrx_word' id='word_1_225' title='bbox 681 2985 811 3039; x_wconf 91' lang='lat' dir='ltr'><strong>ordo</strong></span> <span class='ocrx_word' id='word_1_226' title='bbox 838 2987 1128 3052; x_wconf 83' lang='lat' dir='ltr'><strong>seriesque,</strong></span> <span class='ocrx_word' id='word_1_227' title='bbox 1161 2985 1374 3052; x_wconf 87' lang='lat' dir='ltr'><strong>quando</strong></span> <span class='ocrx_word' id='word_1_228' title='bbox 1402 2982 1616 3050; x_wconf 86' lang='lat' dir='ltr'><strong>aliquod</strong></span> <span class='ocrx_word' id='word_1_229' title='bbox 1647 2997 1837 3036; x_wconf 90' lang='lat' dir='ltr'><strong>nomen</strong></span> 
     </span>
    </p>
   </div>
   <div class='ocr_carea' id='block_1_31' title="bbox 253 3073 1841 3142">
    <p class='ocr_par' dir='ltr' id='par_1_31' title="bbox 253 3073 1841 3142">
     <span class='ocr_line' id='line_1_31' title="bbox 253 3073 1841 3142; baseline -0.004 -12"><span class='ocrx_word' id='word_1_230' title='bbox 253 3091 324 3130; x_wconf 81' lang='lat' dir='ltr'><strong>ex</strong></span> <span class='ocrx_word' id='word_1_231' title='bbox 355 3085 536 3129; x_wconf 88' lang='lat' dir='ltr'><strong>sancta</strong></span> <span class='ocrx_word' id='word_1_232' title='bbox 563 3075 840 3134; x_wconf 90' lang='lat' dir='ltr'><strong>Trinitate,</strong></span> <span class='ocrx_word' id='word_1_233' title='bbox 875 3085 965 3127; x_wconf 89' lang='lat' dir='ltr'><strong>aut</strong></span> <span class='ocrx_word' id='word_1_234' title='bbox 1001 3076 1249 3142; x_wconf 87' lang='lat' dir='ltr'><strong>primum,</strong></span> <span class='ocrx_word' id='word_1_235' title='bbox 1283 3085 1371 3128; x_wconf 90' lang='lat' dir='ltr'><strong>aut</strong></span> <span class='ocrx_word' id='word_1_236' title='bbox 1409 3073 1720 3133; x_wconf 88' lang='lat' dir='ltr'><strong>secundum,</strong></span> <span class='ocrx_word' id='word_1_237' title='bbox 1750 3079 1841 3124; x_wconf 91' lang='lat' dir='ltr'><strong>aut</strong></span> 
     </span>
    </p>
   </div>
   <div class='ocr_carea' id='block_1_32' title="bbox 254 3161 1836 3233">
    <p class='ocr_par' dir='ltr' id='par_1_32' title="bbox 254 3161 1836 3233">
     <span class='ocr_line' id='line_1_32' title="bbox 254 3161 1836 3233; baseline -0.004 -14"><span class='ocrx_word' id='word_1_238' title='bbox 254 3167 472 3220; x_wconf 90' lang='lat' dir='ltr'><strong>tertium</strong></span> <span class='ocrx_word' id='word_1_239' title='bbox 515 3165 743 3233; x_wconf 87' lang='lat' dir='ltr'><strong>ponitur.</strong></span> <span class='ocrx_word' id='word_1_240' title='bbox 792 3165 922 3216; x_wconf 88' lang='lat' dir='ltr'><strong>lllod</strong></span> <span class='ocrx_word' id='word_1_241' title='bbox 952 3165 1115 3226; x_wconf 91' lang='lat' dir='ltr'><strong>enim,</strong></span> <span class='ocrx_word' id='word_1_242' title='bbox 1145 3164 1375 3231; x_wconf 85' lang='lat' dir='ltr'><strong>primus,</strong></span> <span class='ocrx_word' id='word_1_243' title='bbox 1411 3161 1696 3223; x_wconf 89' lang='lat' dir='ltr'><strong>secundus,</strong></span> <span class='ocrx_word' id='word_1_244' title='bbox 1729 3171 1836 3213; x_wconf 89' lang='lat' dir='ltr'><strong>ter-</strong></span> 
     </span>
    </p>
   </div>
   <div class='ocr_carea' id='block_1_33' title="bbox 256 3250 1838 3322">
    <p class='ocr_par' dir='ltr' id='par_1_33' title="bbox 256 3250 1838 3322">
     <span class='ocr_line' id='line_1_33' title="bbox 256 3250 1838 3322; baseline -0.008 -10"><span class='ocrx_word' id='word_1_245' title='bbox 256 3260 386 3322; x_wconf 87' lang='lat' dir='ltr'><strong>tius,</strong></span> <span class='ocrx_word' id='word_1_246' title='bbox 420 3272 526 3310; x_wconf 92' lang='lat' dir='ltr'><strong>non</strong></span> <span class='ocrx_word' id='word_1_247' title='bbox 557 3255 751 3309; x_wconf 87' lang='lat' dir='ltr'><strong>indicat</strong></span> <span class='ocrx_word' id='word_1_248' title='bbox 781 3264 982 3307; x_wconf 69' lang='lat' dir='ltr'><strong>natura:</strong></span> <span class='ocrx_word' id='word_1_249' title='bbox 1022 3253 1370 3306; x_wconf 83' lang='lat' dir='ltr'><strong>diﬂ‘ercntiam</strong></span> <span class='ocrx_word' id='word_1_250' title='bbox 1394 3293 1407 3314; x_wconf 97' lang='lat'><strong>,</strong></span> <span class='ocrx_word' id='word_1_251' title='bbox 1436 3251 1530 3304; x_wconf 91' lang='lat' dir='ltr'><strong>sed</strong></span> <span class='ocrx_word' id='word_1_252' title='bbox 1560 3250 1838 3316; x_wconf 78' lang='lat' dir='ltr'><strong>theologia:</strong></span> 
     </span>
    </p>
   </div>
   <div class='ocr_carea' id='block_1_34' title="bbox 253 3340 1839 3406">
    <p class='ocr_par' dir='ltr' id='par_1_34' title="bbox 253 3340 1839 3406">
     <span class='ocr_line' id='line_1_34' title="bbox 253 3340 1839 3406; baseline -0.008 -3"><span class='ocrx_word' id='word_1_253' title='bbox 253 3350 401 3403; x_wconf 84' lang='lat' dir='ltr'><strong>viam</strong></span> <span class='ocrx_word' id='word_1_254' title='bbox 433 3347 558 3401; x_wconf 91' lang='lat' dir='ltr'><strong>nulli</strong></span> <span class='ocrx_word' id='word_1_255' title='bbox 597 3345 892 3401; x_wconf 91' lang='lat' dir='ltr'><strong>confusioni</strong></span> <span class='ocrx_word' id='word_1_256' title='bbox 930 3343 1234 3397; x_wconf 76' lang='lat' dir='ltr'><strong>obnoxiam.</strong></span> <span class='ocrx_word' id='word_1_257' title='bbox 1286 3343 1486 3396; x_wconf 79' lang='lat' dir='ltr'><strong>Rursus</strong></span> <span class='ocrx_word' id='word_1_258' title='bbox 1531 3340 1666 3393; x_wconf 84' lang='lat' dir='ltr'><strong>idem</strong></span> <span class='ocrx_word' id='word_1_259' title='bbox 1711 3354 1839 3406; x_wconf 90' lang='lat' dir='ltr'><strong>apo-</strong></span> 
     </span>
    </p>
   </div>
   <div class='ocr_carea' id='block_1_35' title="bbox 263 3430 1838 3502">
    <p class='ocr_par' dir='ltr' id='par_1_35' title="bbox 263 3430 1838 3502">
     <span class='ocr_line' id='line_1_35' title="bbox 263 3430 1838 3502; baseline -0.007 -9"><span class='ocrx_word' id='word_1_260' title='bbox 263 3443 466 3502; x_wconf 86' lang='lat' dir='ltr'><strong>stolus,</strong></span> <span class='ocrx_word' id='word_1_261' title='bbox 503 3447 557 3491; x_wconf 92' lang='lat' dir='ltr'><strong>ut</strong></span> <span class='ocrx_word' id='word_1_262' title='bbox 585 3437 825 3491; x_wconf 86' lang='lat' dir='ltr'><strong>ostendat</strong></span> <span class='ocrx_word' id='word_1_263' title='bbox 853 3450 912 3488; x_wconf 87' lang='lat' dir='ltr'><strong>se</strong></span> <span class='ocrx_word' id='word_1_264' title='bbox 935 3435 1204 3488; x_wconf 89' lang='lat' dir='ltr'><strong>nominum</strong></span> <span class='ocrx_word' id='word_1_265' title='bbox 1236 3434 1421 3486; x_wconf 90' lang='lat' dir='ltr'><strong>ordine</strong></span> <span class='ocrx_word' id='word_1_266' title='bbox 1451 3432 1642 3500; x_wconf 87' lang='lat' dir='ltr'><strong>ubique</strong></span> <span class='ocrx_word' id='word_1_267' title='bbox 1671 3430 1838 3483; x_wconf 90' lang='lat' dir='ltr'><strong>indis-</strong></span> 
     </span>
    </p>
   </div>
   <div class='ocr_carea' id='block_1_36' title="bbox 256 3522 1842 3593">
    <p class='ocr_par' dir='ltr' id='par_1_36' title="bbox 256 3522 1842 3593">
     <span class='ocr_line' id='line_1_36' title="bbox 256 3522 1842 3593; baseline -0.007 -10"><span class='ocrx_word' id='word_1_268' title='bbox 256 3529 579 3585; x_wconf 90' lang='lat' dir='ltr'><strong>criminatim</strong></span> <span class='ocrx_word' id='word_1_269' title='bbox 608 3529 704 3589; x_wconf 91' lang='lat' dir='ltr'><strong>uti,</strong></span> <span class='ocrx_word' id='word_1_270' title='bbox 735 3537 914 3593; x_wconf 90' lang='lat' dir='ltr'><strong>utpote</strong></span> <span class='ocrx_word' id='word_1_271' title='bbox 944 3527 1029 3593; x_wconf 90' lang='lat' dir='ltr'><strong>qui</strong></span> <span class='ocrx_word' id='word_1_272' title='bbox 1067 3534 1212 3577; x_wconf 87' lang='lat' dir='ltr'><strong>recto</strong></span> <span class='ocrx_word' id='word_1_273' title='bbox 1239 3525 1424 3576; x_wconf 93' lang='lat' dir='ltr'><strong>ordine</strong></span> <span class='ocrx_word' id='word_1_274' title='bbox 1453 3531 1506 3576; x_wconf 91' lang='lat' dir='ltr'><strong>et</strong></span> <span class='ocrx_word' id='word_1_275' title='bbox 1531 3531 1685 3575; x_wconf 90' lang='lat' dir='ltr'><strong>caute</strong></span> <span class='ocrx_word' id='word_1_276' title='bbox 1710 3522 1842 3575; x_wconf 88' lang='lat' dir='ltr'><strong>divi-</strong></span> 
     </span>
    </p>
   </div>
   <div class='ocr_carea' id='block_1_37' title="bbox 260 3615 1844 3689">
    <p class='ocr_par' dir='ltr' id='par_1_37' title="bbox 260 3615 1844 3689">
     <span class='ocr_line' id='line_1_37' title="bbox 260 3615 1844 3689; baseline -0.006 -15"><span class='ocrx_word' id='word_1_277' title='bbox 260 3639 386 3675; x_wconf 90' lang='lat' dir='ltr'><strong>nam</strong></span> <span class='ocrx_word' id='word_1_278' title='bbox 415 3620 840 3689; x_wconf 78' lang='lat' dir='ltr'><strong>przcdicationem</strong></span> <span class='ocrx_word' id='word_1_279' title='bbox 880 3617 1082 3679; x_wconf 89' lang='lat' dir='ltr'><strong>adiret,</strong></span> <span class='ocrx_word' id='word_1_280' title='bbox 1116 3615 1674 3668; x_wconf 79' lang='lat' dir='ltr'><strong>&#39;l‘liessalonicensibus</strong></span> <span class='ocrx_word' id='word_1_281' title='bbox 1712 3615 1844 3665; x_wconf 89' lang='lat' dir='ltr'><strong>scri-</strong></span> 
     </span>
    </p>
   </div>
   <div class='ocr_carea' id='block_1_38' title="bbox 263 3704 1842 3778">
    <p class='ocr_par' dir='ltr' id='par_1_38' title="bbox 263 3704 1842 3778">
     <span class='ocr_line' id='line_1_38' title="bbox 263 3704 1842 3778; baseline -0.007 -12"><span class='ocrx_word' id='word_1_282' title='bbox 263 3713 402 3766; x_wconf 85' lang='lat' dir='ltr'><strong>bens</strong></span> <span class='ocrx_word' id='word_1_283' title='bbox 427 3712 499 3763; x_wconf 89' lang='lat' dir='ltr'><strong>ait</strong></span> <span class='ocrx_word' id='word_1_284' title='bbox 529 3728 540 3763; x_wconf 88' lang='lat'>:</span> <span class='ocrx_word' id='word_1_285' title='bbox 571 3709 689 3778; x_wconf 83' lang='lat' dir='ltr'><strong>Ipse</strong></span> <span class='ocrx_word' id='word_1_286' title='bbox 715 3726 828 3762; x_wconf 83' lang='lat' dir='ltr'><strong>vero</strong></span> <span class='ocrx_word' id='word_1_287' title='bbox 861 3707 1106 3761; x_wconf 85' lang='lat' dir='ltr'><strong>Dominus</strong></span> <span class='ocrx_word' id='word_1_288' title='bbox 1143 3717 1307 3759; x_wconf 87' lang='lat' dir='ltr'><strong>uoster</strong></span> <span class='ocrx_word' id='word_1_289' title='bbox 1340 3705 1487 3758; x_wconf 78' lang='lat' dir='ltr'><strong>Iesus</strong></span> <span class='ocrx_word' id='word_1_290' title='bbox 1514 3704 1768 3768; x_wconf 83' lang='lat' dir='ltr'><strong>Christus,</strong></span> <span class='ocrx_word' id='word_1_291' title='bbox 1798 3713 1842 3756; x_wconf 90' lang='lat' dir='ltr'><strong>et</strong></span> 
     </span>
    </p>
   </div>
   <div class='ocr_carea' id='block_1_39' title="bbox 264 3794 1841 3865">
    <p class='ocr_par' dir='ltr' id='par_1_39' title="bbox 264 3794 1841 3865">
     <span class='ocr_line' id='line_1_39' title="bbox 264 3794 1841 3865; baseline -0.006 -10"><span class='ocrx_word' id='word_1_292' title='bbox 264 3801 409 3855; x_wconf 79' lang='lat' dir='ltr'><strong>Deus</strong></span> <span class='ocrx_word' id='word_1_293' title='bbox 428 3799 581 3851; x_wconf 88' lang='lat' dir='ltr'><strong>Pater</strong></span> <span class='ocrx_word' id='word_1_294' title='bbox 597 3807 761 3851; x_wconf 87' lang='lat' dir='ltr'><strong>noster</strong></span> <span class='ocrx_word' id='word_1_295' title='bbox 783 3797 855 3864; x_wconf 92' lang='lat'><strong>(2.</strong></span> <span class='ocrx_word' id='word_1_296' title='bbox 879 3796 1052 3849; x_wconf 80' lang='lat' dir='ltr'><strong>Thess.</strong></span> <span class='ocrx_word' id='word_1_297' title='bbox 1074 3795 1250 3865; x_wconf 82' lang='lat'><strong>2.15).</strong></span> <span class='ocrx_word' id='word_1_298' title='bbox 1284 3797 1362 3848; x_wconf 87' lang='lat' dir='ltr'><strong>An</strong></span> <span class='ocrx_word' id='word_1_299' title='bbox 1387 3795 1634 3862; x_wconf 90' lang='lat' dir='ltr'><strong>primum,</strong></span> <span class='ocrx_word' id='word_1_300' title='bbox 1661 3794 1841 3857; x_wconf 89' lang='lat' dir='ltr'><strong>Paule,</strong></span> 
     </span>
    </p>
   </div>
   <div class='ocr_carea' id='block_1_40' title="bbox 266 3887 1844 3959">
    <p class='ocr_par' dir='ltr' id='par_1_40' title="bbox 266 3887 1844 3959">
     <span class='ocr_line' id='line_1_40' title="bbox 266 3887 1844 3959; baseline -0.006 -12"><span class='ocrx_word' id='word_1_301' title='bbox 266 3893 484 3955; x_wconf 89' lang='lat' dir='ltr'><strong>Filium,</strong></span> <span class='ocrx_word' id='word_1_302' title='bbox 518 3901 803 3959; x_wconf 90' lang='lat' dir='ltr'><strong>posteaque</strong></span> <span class='ocrx_word' id='word_1_303' title='bbox 834 3889 1040 3941; x_wconf 88' lang='lat' dir='ltr'><strong>Patrem</strong></span> <span class='ocrx_word' id='word_1_304' title='bbox 1072 3888 1356 3956; x_wconf 73' lang='lat' dir='ltr'><strong>prmdicas?</strong></span> <span class='ocrx_word' id='word_1_305' title='bbox 1388 3887 1462 3939; x_wconf 88' lang='lat' dir='ltr'><strong>Tu</strong></span> <span class='ocrx_word' id='word_1_306' title='bbox 1493 3887 1740 3954; x_wconf 90' lang='lat' dir='ltr'><strong>primum,</strong></span> <span class='ocrx_word' id='word_1_307' title='bbox 1763 3888 1844 3938; x_wconf 87' lang='lat' dir='ltr'><strong>in-</strong></span> 
     </span>
    </p>
   </div>
   <div class='ocr_carea' id='block_1_41' title="bbox 265 3979 1842 4054">
    <p class='ocr_par' dir='ltr' id='par_1_41' title="bbox 265 3979 1842 4054">
     <span class='ocr_line' id='line_1_41' title="bbox 265 3979 1842 4054; baseline -0.004 -17"><span class='ocrx_word' id='word_1_308' title='bbox 265 3987 422 4054; x_wconf 86' lang='lat' dir='ltr'><strong>quit,</strong></span> <span class='ocrx_word' id='word_1_309' title='bbox 455 3983 605 4052; x_wconf 83' lang='lat' dir='ltr'><strong>quasi</strong></span> <span class='ocrx_word' id='word_1_310' title='bbox 647 3983 832 4034; x_wconf 87' lang='lat' dir='ltr'><strong>ordine</strong></span> <span class='ocrx_word' id='word_1_311' title='bbox 871 3990 922 4034; x_wconf 85' lang='lat' dir='ltr'><strong>et</strong></span> <span class='ocrx_word' id='word_1_312' title='bbox 957 3980 1208 4048; x_wconf 81' lang='lat' dir='ltr'><strong>dignitate</strong></span> <span class='ocrx_word' id='word_1_313' title='bbox 1249 3979 1517 4047; x_wconf 73' lang='lat' dir='ltr'><strong>expromis</strong></span> <span class='ocrx_word' id='word_1_314' title='bbox 1552 3996 1563 4029; x_wconf 95' lang='lat'>:</span> <span class='ocrx_word' id='word_1_315' title='bbox 1595 3993 1692 4046; x_wconf 88' lang='lat' dir='ltr'><strong>ego</strong></span> <span class='ocrx_word' id='word_1_316' title='bbox 1723 3992 1842 4030; x_wconf 85' lang='lat' dir='ltr'><strong>eum</strong></span> 
     </span>
    </p>
   </div>
   <div class='ocr_carea' id='block_1_42' title="bbox 271 4070 1847 4147">
    <p class='ocr_par' dir='ltr' id='par_1_42' title="bbox 271 4070 1847 4147">
     <span class='ocr_line' id='line_1_42' title="bbox 271 4070 1847 4147; baseline -0.003 -20"><span class='ocrx_word' id='word_1_317' title='bbox 271 4079 499 4147; x_wconf 84' lang='lat' dir='ltr'><strong>primum</strong></span> <span class='ocrx_word' id='word_1_318' title='bbox 520 4085 571 4129; x_wconf 86' lang='lat' dir='ltr'><strong>et</strong></span> <span class='ocrx_word' id='word_1_319' title='bbox 597 4074 885 4128; x_wconf 88' lang='lat' dir='ltr'><strong>secundum</strong></span> <span class='ocrx_word' id='word_1_320' title='bbox 910 4073 1051 4129; x_wconf 89' lang='lat' dir='ltr'><strong>dico.</strong></span> <span class='ocrx_word' id='word_1_321' title='bbox 1076 4083 1313 4124; x_wconf 86' lang='lat' dir='ltr'><strong>naturam</strong></span> <span class='ocrx_word' id='word_1_322' title='bbox 1342 4071 1710 4125; x_wconf 86' lang='lat' dir='ltr'><strong>indivisibilem</strong></span> <span class='ocrx_word' id='word_1_323' title='bbox 1733 4070 1847 4138; x_wconf 90' lang='lat' dir='ltr'><strong>opi-</strong></span> 
     </span>
    </p>
   </div>
   <div class='ocr_carea' id='block_1_43' title="bbox 271 4162 1838 4232">
    <p class='ocr_par' dir='ltr' id='par_1_43' title="bbox 271 4162 1838 4232">
     <span class='ocr_line' id='line_1_43' title="bbox 271 4162 1838 4232; baseline -0.005 -11"><span class='ocrx_word' id='word_1_324' title='bbox 271 4185 400 4232; x_wconf 90' lang='lat' dir='ltr'><strong>nor;</strong></span> <span class='ocrx_word' id='word_1_325' title='bbox 434 4168 538 4220; x_wconf 92' lang='lat' dir='ltr'><strong>imo</strong></span> <span class='ocrx_word' id='word_1_326' title='bbox 566 4182 690 4219; x_wconf 91' lang='lat' dir='ltr'><strong>vero</strong></span> <span class='ocrx_word' id='word_1_327' title='bbox 717 4181 820 4218; x_wconf 92' lang='lat' dir='ltr'><strong>non</strong></span> <span class='ocrx_word' id='word_1_328' title='bbox 851 4166 1059 4232; x_wconf 86' lang='lat' dir='ltr'><strong>opinor,</strong></span> <span class='ocrx_word' id='word_1_329' title='bbox 1104 4164 1194 4217; x_wconf 91' lang='lat' dir='ltr'><strong>sed</strong></span> <span class='ocrx_word' id='word_1_330' title='bbox 1239 4173 1546 4217; x_wconf 84' lang='lat' dir='ltr'><strong>constanter</strong></span> <span class='ocrx_word' id='word_1_331' title='bbox 1588 4162 1838 4230; x_wconf 68' lang='lat' dir='ltr'><strong>priedico.</strong></span> 
     </span>
    </p>
   </div>
   <div class='ocr_carea' id='block_1_44' title="bbox 268 4254 1846 4326">
    <p class='ocr_par' dir='ltr' id='par_1_44' title="bbox 268 4254 1846 4326">
     <span class='ocr_line' id='line_1_44' title="bbox 268 4254 1846 4326; baseline -0.005 -12"><span class='ocrx_word' id='word_1_332' title='bbox 268 4260 349 4314; x_wconf 80' lang='lat' dir='ltr'><strong>Ne</strong></span> <span class='ocrx_word' id='word_1_333' title='bbox 394 4259 548 4326; x_wconf 82' lang='lat' dir='ltr'><strong>igitur</strong></span> <span class='ocrx_word' id='word_1_334' title='bbox 590 4258 780 4310; x_wconf 83' lang='lat' dir='ltr'><strong>divinis</strong></span> <span class='ocrx_word' id='word_1_335' title='bbox 825 4256 1046 4325; x_wconf 86' lang='lat' dir='ltr'><strong>eloquiis</strong></span> <span class='ocrx_word' id='word_1_336' title='bbox 1089 4255 1459 4308; x_wconf 89' lang='lat' dir='ltr'><strong>contumeliam</strong></span> <span class='ocrx_word' id='word_1_337' title='bbox 1506 4254 1719 4314; x_wconf 86' lang='lat' dir='ltr'><strong>inferas,</strong></span> <span class='ocrx_word' id='word_1_338' title='bbox 1751 4267 1846 4306; x_wconf 89' lang='lat' dir='ltr'><strong>nec</strong></span> 
     </span>
    </p>
   </div>
   <div class='ocr_carea' id='block_1_45' title="bbox 267 4342 1849 4417">
    <p class='ocr_par' dir='ltr' id='par_1_45' title="bbox 267 4342 1849 4417">
     <span class='ocr_line' id='line_1_45' title="bbox 267 4342 1849 4417; baseline -0.003 -15"><span class='ocrx_word' id='word_1_339' title='bbox 267 4351 504 4402; x_wconf 77' lang='lat' dir='ltr'><strong>ca-leStia</strong></span> <span class='ocrx_word' id='word_1_340' title='bbox 536 4349 778 4417; x_wconf 82' lang='lat' dir='ltr'><strong>dogmata</strong></span> <span class='ocrx_word' id='word_1_341' title='bbox 809 4347 1165 4402; x_wconf 86' lang='lat' dir='ltr'><strong>calumnieris.</strong></span> <span class='ocrx_word' id='word_1_342' title='bbox 1200 4346 1298 4398; x_wconf 86' lang='lat' dir='ltr'><strong>Par</strong></span> <span class='ocrx_word' id='word_1_343' title='bbox 1328 4345 1630 4413; x_wconf 82' lang='lat' dir='ltr'><strong>exemplum</strong></span> <span class='ocrx_word' id='word_1_344' title='bbox 1664 4345 1714 4396; x_wconf 93' lang='lat' dir='ltr'><strong>in</strong></span> <span class='ocrx_word' id='word_1_345' title='bbox 1744 4342 1849 4397; x_wconf 84' lang='lat' dir='ltr'><strong>Ve-</strong></span> 
     </span>
    </p>
   </div>
   <div class='ocr_carea' id='block_1_46' title="bbox 272 4434 1849 4504">
    <p class='ocr_par' dir='ltr' id='par_1_46' title="bbox 272 4434 1849 4504">
     <span class='ocr_line' id='line_1_46' title="bbox 272 4434 1849 4504; baseline -0.002 -12"><span class='ocrx_word' id='word_1_346' title='bbox 272 4441 373 4493; x_wconf 90' lang='lat' dir='ltr'><strong>teri</strong></span> <span class='ocrx_word' id='word_1_347' title='bbox 423 4439 758 4492; x_wconf 85' lang='lat' dir='ltr'><strong>Testamento</strong></span> <span class='ocrx_word' id='word_1_348' title='bbox 807 4438 1027 4504; x_wconf 86' lang='lat' dir='ltr'><strong>reperis.</strong></span> <span class='ocrx_word' id='word_1_349' title='bbox 1073 4436 1528 4501; x_wconf 87' lang='lat' dir='ltr'><strong>Quemadmodum</strong></span> <span class='ocrx_word' id='word_1_350' title='bbox 1575 4436 1714 4488; x_wconf 70' lang='lat' dir='ltr'><strong>etaim</strong></span> <span class='ocrx_word' id='word_1_351' title='bbox 1763 4434 1849 4489; x_wconf 89' lang='lat' dir='ltr'><strong>hic</strong></span> 
     </span>
    </p>
   </div>
   <div class='ocr_carea' id='block_1_47' title="bbox 276 4526 1849 4596">
    <p class='ocr_par' dir='ltr' id='par_1_47' title="bbox 276 4526 1849 4596">
     <span class='ocr_line' id='line_1_47' title="bbox 276 4526 1849 4596; baseline -0.003 -13"><span class='ocrx_word' id='word_1_352' title='bbox 276 4530 471 4583; x_wconf 88' lang='lat' dir='ltr'><strong>Paulus</strong></span> <span class='ocrx_word' id='word_1_353' title='bbox 510 4544 538 4582; x_wconf 90' lang='lat' dir='ltr'><strong>a</strong></span> <span class='ocrx_word' id='word_1_354' title='bbox 580 4528 777 4596; x_wconf 89' lang='lat' dir='ltr'><strong>Spiritu</strong></span> <span class='ocrx_word' id='word_1_355' title='bbox 818 4542 990 4591; x_wconf 89' lang='lat' dir='ltr'><strong>orsus,</strong></span> <span class='ocrx_word' id='word_1_356' title='bbox 1017 4527 1156 4579; x_wconf 88' lang='lat' dir='ltr'><strong>venit</strong></span> <span class='ocrx_word' id='word_1_357' title='bbox 1187 4526 1250 4578; x_wconf 92' lang='lat' dir='ltr'><strong>ad</strong></span> <span class='ocrx_word' id='word_1_358' title='bbox 1283 4526 1494 4587; x_wconf 81' lang='lat' dir='ltr'><strong>Filium,</strong></span> <span class='ocrx_word' id='word_1_359' title='bbox 1544 4534 1596 4578; x_wconf 91' lang='lat' dir='ltr'><strong>et</strong></span> <span class='ocrx_word' id='word_1_360' title='bbox 1642 4541 1671 4578; x_wconf 91' lang='lat' dir='ltr'><strong>a</strong></span> <span class='ocrx_word' id='word_1_361' title='bbox 1717 4526 1849 4579; x_wconf 91' lang='lat' dir='ltr'><strong>Filio</strong></span> 
     </span>
    </p>
   </div>
   <div class='ocr_carea' id='block_1_48' title="bbox 276 4615 1848 4685">
    <p class='ocr_par' dir='ltr' id='par_1_48' title="bbox 276 4615 1848 4685">
     <span class='ocr_line' id='line_1_48' title="bbox 276 4615 1848 4685; baseline -0.003 -13"><span class='ocrx_word' id='word_1_362' title='bbox 276 4633 460 4672; x_wconf 90' lang='lat' dir='ltr'><strong>rursus</strong></span> <span class='ocrx_word' id='word_1_363' title='bbox 489 4619 553 4670; x_wconf 90' lang='lat' dir='ltr'><strong>ad</strong></span> <span class='ocrx_word' id='word_1_364' title='bbox 584 4619 792 4671; x_wconf 85' lang='lat' dir='ltr'><strong>Patrem</strong></span> <span class='ocrx_word' id='word_1_365' title='bbox 814 4659 828 4682; x_wconf 91' lang='lat'><strong>,</strong></span> <span class='ocrx_word' id='word_1_366' title='bbox 857 4627 908 4671; x_wconf 91' lang='lat' dir='ltr'><strong>et</strong></span> <span class='ocrx_word' id='word_1_367' title='bbox 937 4617 1074 4685; x_wconf 90' lang='lat' dir='ltr'><strong>quod</strong></span> <span class='ocrx_word' id='word_1_368' title='bbox 1118 4621 1386 4668; x_wconf 88' lang='lat' dir='ltr'><strong>nominum</strong></span> <span class='ocrx_word' id='word_1_369' title='bbox 1416 4615 1601 4669; x_wconf 88' lang='lat' dir='ltr'><strong>ordine</strong></span> <span class='ocrx_word' id='word_1_370' title='bbox 1639 4618 1848 4669; x_wconf 89' lang='lat' dir='ltr'><strong>tertium</strong></span> 
     </span>
    </p>
   </div>
   <div class='ocr_carea' id='block_1_49' title="bbox 274 4706 1852 4775">
    <p class='ocr_par' dir='ltr' id='par_1_49' title="bbox 274 4706 1852 4775">
     <span class='ocr_line' id='line_1_49' title="bbox 274 4706 1852 4775; baseline -0.001 -14"><span class='ocrx_word' id='word_1_371' title='bbox 274 4718 411 4768; x_wconf 83' lang='lat' dir='ltr'><strong>erat,</strong></span> <span class='ocrx_word' id='word_1_372' title='bbox 445 4708 668 4775; x_wconf 90' lang='lat' dir='ltr'><strong>primum</strong></span> <span class='ocrx_word' id='word_1_373' title='bbox 699 4708 891 4771; x_wconf 71' lang='lat' dir='ltr'><strong>effecit,</strong></span> <span class='ocrx_word' id='word_1_374' title='bbox 922 4723 1024 4759; x_wconf 91' lang='lat' dir='ltr'><strong>non</strong></span> <span class='ocrx_word' id='word_1_375' title='bbox 1057 4717 1265 4759; x_wconf 90' lang='lat' dir='ltr'><strong>mutans</strong></span> <span class='ocrx_word' id='word_1_376' title='bbox 1291 4706 1678 4773; x_wconf 67' lang='lat' dir='ltr'><strong>praedicationis</strong></span> <span class='ocrx_word' id='word_1_377' title='bbox 1707 4708 1852 4760; x_wconf 87' lang='lat' dir='ltr'><strong>ordi-</strong></span> 
     </span>
    </p>
   </div>
   <div class='ocr_carea' id='block_1_50' title="bbox 276 4796 1849 4864">
    <p class='ocr_par' dir='ltr' id='par_1_50' title="bbox 276 4796 1849 4864">
     <span class='ocr_line' id='line_1_50' title="bbox 276 4796 1849 4864; baseline -0.002 -12"><span class='ocrx_word' id='word_1_378' title='bbox 276 4815 422 4860; x_wconf 90' lang='lat' dir='ltr'><strong>nem,</strong></span> <span class='ocrx_word' id='word_1_379' title='bbox 457 4796 549 4849; x_wconf 87' lang='lat' dir='ltr'><strong>sed</strong></span> <span class='ocrx_word' id='word_1_380' title='bbox 577 4797 958 4851; x_wconf 67' lang='lat' dir='ltr'><strong>indifferentem</strong></span> <span class='ocrx_word' id='word_1_381' title='bbox 993 4797 1266 4864; x_wconf 62' lang='lat' dir='ltr'><strong>tlicologiie</strong></span> <span class='ocrx_word' id='word_1_382' title='bbox 1293 4797 1645 4864; x_wconf 87' lang='lat' dir='ltr'><strong>cognitionem</strong></span> <span class='ocrx_word' id='word_1_383' title='bbox 1673 4806 1849 4851; x_wconf 80' lang='lat' dir='ltr'><strong>osten-</strong></span> 
     </span>
    </p>
   </div>
   <div class='ocr_carea' id='block_1_51' title="bbox 276 4889 1851 4956">
    <p class='ocr_par' dir='ltr' id='par_1_51' title="bbox 276 4889 1851 4956">
     <span class='ocr_line' id='line_1_51' title="bbox 276 4889 1851 4956; baseline -0.002 -12"><span class='ocrx_word' id='word_1_384' title='bbox 276 4894 412 4944; x_wconf 74' lang='lat' dir='ltr'><strong>dt&#39;tts</strong></span> <span class='ocrx_word' id='word_1_385' title='bbox 443 4891 560 4942; x_wconf 74' lang='lat' dir='ltr'><strong>:.sie</strong></span> <span class='ocrx_word' id='word_1_386' title='bbox 595 4889 645 4941; x_wconf 90' lang='lat' dir='ltr'><strong>in</strong></span> <span class='ocrx_word' id='word_1_387' title='bbox 679 4889 848 4942; x_wconf 83' lang='lat' dir='ltr'><strong>Veteri</strong></span> <span class='ocrx_word' id='word_1_388' title='bbox 893 4891 1230 4944; x_wconf 89' lang='lat' dir='ltr'><strong>Testamento</strong></span> <span class='ocrx_word' id='word_1_389' title='bbox 1257 4889 1492 4942; x_wconf 86' lang='lat' dir='ltr'><strong>eamdem</strong></span> <span class='ocrx_word' id='word_1_390' title='bbox 1524 4889 1739 4956; x_wconf 85' lang='lat' dir='ltr'><strong>ﬁguram</strong></span> <span class='ocrx_word' id='word_1_391' title='bbox 1772 4889 1851 4942; x_wconf 80' lang='lat' dir='ltr'><strong>in-</strong></span> 
     </span>
    </p>
   </div>
   <div class='ocr_carea' id='block_1_52' title="bbox 279 4977 1848 5046">
    <p class='ocr_par' dir='ltr' id='par_1_52' title="bbox 279 4977 1848 5046">
     <span class='ocr_line' id='line_1_52' title="bbox 279 4977 1848 5046; baseline -0.001 -14"><span class='ocrx_word' id='word_1_392' title='bbox 279 4981 483 5043; x_wconf 68' lang='lat' dir='ltr'><strong>venies,</strong></span> <span class='ocrx_word' id='word_1_393' title='bbox 507 4979 652 5046; x_wconf 89' lang='lat' dir='ltr'><strong>quasi</strong></span> <span class='ocrx_word' id='word_1_394' title='bbox 683 4977 732 5028; x_wconf 92' lang='lat' dir='ltr'><strong>in</strong></span> <span class='ocrx_word' id='word_1_395' title='bbox 761 4977 1005 5044; x_wconf 90' lang='lat' dir='ltr'><strong>imagine,</strong></span> <span class='ocrx_word' id='word_1_396' title='bbox 1033 4979 1425 5046; x_wconf 66' lang='lat' dir='ltr'><strong>praaluccntem.</strong></span> <span class='ocrx_word' id='word_1_397' title='bbox 1459 4977 1584 5042; x_wconf 84' lang='lat' dir='ltr'><strong>Quis</strong></span> <span class='ocrx_word' id='word_1_398' title='bbox 1610 4987 1848 5030; x_wconf 90' lang='lat' dir='ltr'><strong>nostrum</strong></span> 
     </span>
    </p>
   </div>
   <div class='ocr_carea' id='block_1_53' title="bbox 281 5068 1846 5139">
    <p class='ocr_par' dir='ltr' id='par_1_53' title="bbox 281 5068 1846 5139">
     <span class='ocr_line' id='line_1_53' title="bbox 281 5068 1846 5139; baseline -0.004 -14"><span class='ocrx_word' id='word_1_399' title='bbox 281 5075 508 5139; x_wconf 85' lang='lat' dir='ltr'><strong>ignorat,</strong></span> <span class='ocrx_word' id='word_1_400' title='bbox 542 5069 748 5127; x_wconf 86' lang='lat' dir='ltr'><strong>fratres,</strong></span> <span class='ocrx_word' id='word_1_401' title='bbox 780 5068 1105 5135; x_wconf 86' lang='lat' dir='ltr'><strong>Scripturam</strong></span> <span class='ocrx_word' id='word_1_402' title='bbox 1138 5069 1308 5136; x_wconf 91' lang='lat' dir='ltr'><strong>primo</strong></span> <span class='ocrx_word' id='word_1_403' title='bbox 1336 5070 1601 5120; x_wconf 81' lang='lat' dir='ltr'><strong>Abraham</strong></span> <span class='ocrx_word' id='word_1_404' title='bbox 1631 5080 1846 5134; x_wconf 90' lang='lat' dir='ltr'><strong>ponere,</strong></span> 
     </span>
    </p>
   </div>
   <div class='ocr_carea' id='block_1_54' title="bbox 278 5157 1849 5228">
    <p class='ocr_par' dir='ltr' id='par_1_54' title="bbox 278 5157 1849 5228">
     <span class='ocr_line' id='line_1_54' title="bbox 278 5157 1849 5228; baseline -0.004 -13"><span class='ocrx_word' id='word_1_405' title='bbox 278 5162 518 5215; x_wconf 80' lang='lat' dir='ltr'><strong>secundo</strong></span> <span class='ocrx_word' id='word_1_406' title='bbox 563 5161 703 5214; x_wconf 87' lang='lat' dir='ltr'><strong>Isaae</strong></span> <span class='ocrx_word' id='word_1_407' title='bbox 727 5201 739 5221; x_wconf 91' lang='lat'><strong>,</strong></span> <span class='ocrx_word' id='word_1_408' title='bbox 786 5161 936 5211; x_wconf 79' lang='lat' dir='ltr'><strong>tertio</strong></span> <span class='ocrx_word' id='word_1_409' title='bbox 976 5158 1169 5211; x_wconf 84' lang='lat' dir='ltr'><strong>Jacob?</strong></span> <span class='ocrx_word' id='word_1_410' title='bbox 1202 5159 1353 5220; x_wconf 91' lang='lat' dir='ltr'><strong>Nam,</strong></span> <span class='ocrx_word' id='word_1_411' title='bbox 1386 5158 1496 5228; x_wconf 86' lang='lat' dir='ltr'><strong>Ego</strong></span> <span class='ocrx_word' id='word_1_412' title='bbox 1524 5157 1660 5210; x_wconf 89' lang='lat' dir='ltr'><strong>Deus</strong></span> <span class='ocrx_word' id='word_1_413' title='bbox 1686 5158 1849 5209; x_wconf 81' lang='lat' dir='ltr'><strong>Abra-</strong></span> 
     </span>
    </p>
   </div>
   <div class='ocr_carea' id='block_1_55' title="bbox 281 5247 1852 5316">
    <p class='ocr_par' dir='ltr' id='par_1_55' title="bbox 281 5247 1852 5316">
     <span class='ocr_line' id='line_1_55' title="bbox 281 5247 1852 5316; baseline -0.003 -13"><span class='ocrx_word' id='word_1_414' title='bbox 281 5255 422 5312; x_wconf 86' lang='lat' dir='ltr'><strong>ham,</strong></span> <span class='ocrx_word' id='word_1_415' title='bbox 456 5250 591 5303; x_wconf 84' lang='lat' dir='ltr'><strong>Deus</strong></span> <span class='ocrx_word' id='word_1_416' title='bbox 632 5249 779 5301; x_wconf 87' lang='lat' dir='ltr'><strong>Isaac</strong></span> <span class='ocrx_word' id='word_1_417' title='bbox 801 5292 814 5313; x_wconf 96' lang='lat'><strong>,</strong></span> <span class='ocrx_word' id='word_1_418' title='bbox 855 5249 988 5301; x_wconf 84' lang='lat' dir='ltr'><strong>Deus</strong></span> <span class='ocrx_word' id='word_1_419' title='bbox 1026 5248 1184 5300; x_wconf 88' lang='lat' dir='ltr'><strong>Jacob</strong></span> <span class='ocrx_word' id='word_1_420' title='bbox 1224 5249 1414 5312; x_wconf 84' lang='lat' dir='ltr'><strong>(Exod.</strong></span> <span class='ocrx_word' id='word_1_421' title='bbox 1445 5249 1498 5303; x_wconf 79' lang='lat'><strong>5.</strong></span> <span class='ocrx_word' id='word_1_422' title='bbox 1528 5249 1616 5314; x_wconf 87' lang='grc'><strong>6).</strong></span> <span class='ocrx_word' id='word_1_423' title='bbox 1648 5249 1709 5299; x_wconf 82' lang='lat' dir='ltr'><strong>Et</strong></span> <span class='ocrx_word' id='word_1_424' title='bbox 1733 5247 1852 5316; x_wconf 86' lang='lat' dir='ltr'><strong>jure</strong></span> 
     </span>
    </p>
   </div>
   <div class='ocr_carea' id='block_1_56' title="bbox 281 5340 1852 5408">
    <p class='ocr_par' dir='ltr' id='par_1_56' title="bbox 281 5340 1852 5408">
     <span class='ocr_line' id='line_1_56' title="bbox 281 5340 1852 5408; baseline -0.001 -15"><span class='ocrx_word' id='word_1_425' title='bbox 281 5341 556 5408; x_wconf 77' lang='lat' dir='ltr'><strong>Scriptura</strong></span> <span class='ocrx_word' id='word_1_426' title='bbox 582 5340 748 5400; x_wconf 84' lang='lat' dir='ltr'><strong>primo</strong></span> <span class='ocrx_word' id='word_1_427' title='bbox 781 5348 1068 5407; x_wconf 79' lang='lat' dir='ltr'><strong>parentem,</strong></span> <span class='ocrx_word' id='word_1_428' title='bbox 1094 5341 1326 5391; x_wconf 87' lang='lat' dir='ltr'><strong>secundo</strong></span> <span class='ocrx_word' id='word_1_429' title='bbox 1351 5341 1531 5398; x_wconf 85' lang='lat' dir='ltr'><strong>lilium,</strong></span> <span class='ocrx_word' id='word_1_430' title='bbox 1559 5348 1737 5407; x_wconf 89' lang='lat' dir='ltr'><strong>postea</strong></span> <span class='ocrx_word' id='word_1_431' title='bbox 1759 5353 1852 5391; x_wconf 86' lang='lat' dir='ltr'><strong>nc-</strong></span> 
     </span>
    </p>
   </div>
   <div class='ocr_carea' id='block_1_57' title="bbox 281 5428 1849 5501">
    <p class='ocr_par' dir='ltr' id='par_1_57' title="bbox 281 5428 1849 5501">
     <span class='ocr_line' id='line_1_57' title="bbox 281 5428 1849 5501; baseline -0.001 -19"><span class='ocrx_word' id='word_1_432' title='bbox 281 5440 460 5501; x_wconf 81' lang='lat' dir='ltr'><strong>potem</strong></span> <span class='ocrx_word' id='word_1_433' title='bbox 489 5429 727 5482; x_wconf 87' lang='lat' dir='ltr'><strong>collocat.</strong></span> <span class='ocrx_word' id='word_1_434' title='bbox 762 5430 948 5482; x_wconf 84' lang='lat' dir='ltr'><strong>\erum</strong></span> <span class='ocrx_word' id='word_1_435' title='bbox 979 5429 1094 5495; x_wconf 89' lang='lat' dir='ltr'><strong>quia</strong></span> <span class='ocrx_word' id='word_1_436' title='bbox 1126 5440 1311 5480; x_wconf 85' lang='lat' dir='ltr'><strong>natura</strong></span> <span class='ocrx_word' id='word_1_437' title='bbox 1342 5428 1671 5497; x_wconf 81' lang='lat' dir='ltr'><strong>indivisibilis</strong></span> <span class='ocrx_word' id='word_1_438' title='bbox 1703 5439 1809 5481; x_wconf 88' lang='lat' dir='ltr'><strong>erat</strong></span> <span class='ocrx_word' id='word_1_439' title='bbox 1834 5471 1849 5494; x_wconf 91' lang='lat'><strong>,</strong></span> 
     </span>
    </p>
   </div>
   <div class='ocr_carea' id='block_1_58' title="bbox 279 5518 1853 5588">
    <p class='ocr_par' dir='ltr' id='par_1_58' title="bbox 279 5518 1853 5588">
     <span class='ocr_line' id='line_1_58' title="bbox 279 5518 1853 5588; baseline -0.003 -12"><span class='ocrx_word' id='word_1_440' title='bbox 279 5525 411 5576; x_wconf 74' lang='lat' dir='ltr'><strong>licet</strong></span> <span class='ocrx_word' id='word_1_441' title='bbox 454 5529 687 5588; x_wconf 90' lang='lat' dir='ltr'><strong>tempore</strong></span> <span class='ocrx_word' id='word_1_442' title='bbox 731 5528 784 5572; x_wconf 88' lang='lat' dir='ltr'><strong>et</strong></span> <span class='ocrx_word' id='word_1_443' title='bbox 823 5520 960 5572; x_wconf 84' lang='lat' dir='ltr'><strong>serie</strong></span> <span class='ocrx_word' id='word_1_444' title='bbox 1000 5518 1426 5585; x_wconf 72' lang='lat' dir='ltr'><strong>distingueretur,</strong></span> <span class='ocrx_word' id='word_1_445' title='bbox 1459 5534 1562 5572; x_wconf 93' lang='lat' dir='ltr'><strong>non</strong></span> <span class='ocrx_word' id='word_1_446' title='bbox 1595 5519 1853 5571; x_wconf 88' lang='lat' dir='ltr'><strong>dubitavit</strong></span> 
     </span>
    </p>
   </div>
   <div class='ocr_carea' id='block_1_59' title="bbox 280 5609 1848 5669">
    <p class='ocr_par' dir='ltr' id='par_1_59' title="bbox 280 5609 1848 5669">
     <span class='ocr_line' id='line_1_59' title="bbox 280 5609 1848 5669; baseline -0.004 0"><span class='ocrx_word' id='word_1_447' title='bbox 280 5614 426 5669; x_wconf 68' lang='lat' dir='ltr'><strong>licus</strong></span> <span class='ocrx_word' id='word_1_448' title='bbox 465 5611 702 5665; x_wconf 90' lang='lat' dir='ltr'><strong>ordinem</strong></span> <span class='ocrx_word' id='word_1_449' title='bbox 748 5621 951 5665; x_wconf 90' lang='lat' dir='ltr'><strong>mutare</strong></span> <span class='ocrx_word' id='word_1_450' title='bbox 995 5619 1054 5664; x_wconf 91' lang='lat' dir='ltr'><strong>ut</strong></span> <span class='ocrx_word' id='word_1_451' title='bbox 1099 5609 1484 5664; x_wconf 81' lang='lat' dir='ltr'><strong>confessionem</strong></span> <span class='ocrx_word' id='word_1_452' title='bbox 1525 5611 1848 5666; x_wconf 88' lang='lat' dir='ltr'><strong>ostenderet.</strong></span> 
     </span>
    </p>
   </div>
   <div class='ocr_carea' id='block_1_60' title="bbox 281 5702 1853 5776">
    <p class='ocr_par' dir='ltr' id='par_1_60' title="bbox 281 5702 1853 5776">
     <span class='ocr_line' id='line_1_60' title="bbox 281 5702 1853 5776; baseline 0 -16"><span class='ocrx_word' id='word_1_453' title='bbox 281 5705 377 5760; x_wconf 71' lang='lat' dir='ltr'><strong>Ait</strong></span> <span class='ocrx_word' id='word_1_454' title='bbox 416 5702 555 5755; x_wconf 82' lang='lat' dir='ltr'><strong>cuitu</strong></span> <span class='ocrx_word' id='word_1_455' title='bbox 597 5703 645 5755; x_wconf 91' lang='lat' dir='ltr'><strong>in</strong></span> <span class='ocrx_word' id='word_1_456' title='bbox 691 5702 924 5759; x_wconf 63' lang='lat' dir='ltr'><strong>chitico</strong></span> <span class='ocrx_word' id='word_1_457' title='bbox 959 5706 1164 5776; x_wconf 66' lang='lat' dir='ltr'><strong>(locum</strong></span> <span class='ocrx_word' id='word_1_458' title='bbox 1206 5707 1344 5761; x_wconf 89' lang='lat' dir='ltr'><strong>enim</strong></span> <span class='ocrx_word' id='word_1_459' title='bbox 1389 5702 1583 5770; x_wconf 89' lang='lat' dir='ltr'><strong>indico,</strong></span> <span class='ocrx_word' id='word_1_460' title='bbox 1613 5717 1677 5758; x_wconf 89' lang='lat' dir='ltr'><strong>ne</strong></span> <span class='ocrx_word' id='word_1_461' title='bbox 1716 5703 1853 5760; x_wconf 73' lang='lat' dir='ltr'><strong>dictat</strong></span> 
     </span>
    </p>
   </div>
   <div class='ocr_carea' id='block_1_61' title="bbox 1444 315 2265 376">
    <p class='ocr_par' dir='ltr' id='par_1_61' title="bbox 1444 315 2265 376">
     <span class='ocr_line' id='line_1_61' title="bbox 1444 315 2265 376; baseline -0.004 -2"><span class='ocrx_word' id='word_1_462' title='bbox 1444 318 1532 374; x_wconf 79' lang='lat' dir='ltr'><strong>DE</strong></span> <span class='ocrx_word' id='word_1_463' title='bbox 1570 315 1930 376; x_wconf 63' lang='lat' dir='ltr'><strong>SEliPENTE</strong></span> <span class='ocrx_word' id='word_1_464' title='bbox 1967 315 2265 373; x_wconf 75' lang='lat' dir='ltr'><strong>IIOMILIA.</strong></span> 
     </span>
    </p>
   </div>
   <div class='ocr_carea' id='block_1_62' title="bbox 3390 327 3504 384">
    <p class='ocr_par' dir='ltr' id='par_1_62' title="bbox 3390 327 3504 384">
     <span class='ocr_line' id='line_1_62' title="bbox 3390 327 3504 384; baseline 0.035 -4"><span class='ocrx_word' id='word_1_465' title='bbox 3390 327 3504 384; x_wconf 89' lang='grc'><strong>510</strong></span> 
     </span>
    </p>
   </div>
   <div class='ocr_carea' id='block_1_63' title="bbox 1929 431 3510 504">
    <p class='ocr_par' dir='ltr' id='par_1_63' title="bbox 1929 431 3510 504">
     <span class='ocr_line' id='line_1_63' title="bbox 1929 431 3510 504; baseline 0.006 -21"><span class='ocrx_word' id='word_1_466' title='bbox 1929 431 2296 503; x_wconf 80' lang='lat' dir='ltr'><strong>calumnicris)</strong></span> <span class='ocrx_word' id='word_1_467' title='bbox 2329 451 2340 484; x_wconf 95' lang='lat'>:</span> <span class='ocrx_word' id='word_1_468' title='bbox 2377 432 2436 486; x_wconf 88' lang='lat' dir='ltr'><strong>Si</strong></span> <span class='ocrx_word' id='word_1_469' title='bbox 2461 448 2575 486; x_wconf 86' lang='lat' dir='ltr'><strong>rero</strong></span> <span class='ocrx_word' id='word_1_470' title='bbox 2605 434 2858 503; x_wconf 86' lang='lat' dir='ltr'><strong>peccarint</strong></span> <span class='ocrx_word' id='word_1_471' title='bbox 2883 437 2979 504; x_wconf 81' lang='lat' dir='ltr'><strong>filii</strong></span> <span class='ocrx_word' id='word_1_472' title='bbox 3007 435 3186 501; x_wconf 88' lang='lat' dir='ltr'><strong>Israel,</strong></span> <span class='ocrx_word' id='word_1_473' title='bbox 3208 437 3404 491; x_wconf 86' lang='lat' dir='ltr'><strong>tradam</strong></span> <span class='ocrx_word' id='word_1_474' title='bbox 3426 456 3510 493; x_wconf 87' lang='lat' dir='ltr'><strong>eos</strong></span> 
     </span>
    </p>
   </div>
   <div class='ocr_carea' id='block_1_64' title="bbox 1924 527 3510 599">
    <p class='ocr_par' dir='ltr' id='par_1_64' title="bbox 1924 527 3510 599">
     <span class='ocr_line' id='line_1_64' title="bbox 1924 527 3510 599; baseline 0.006 -22"><span class='ocrx_word' id='word_1_475' title='bbox 1924 527 1976 578; x_wconf 91' lang='lat' dir='ltr'><strong>in</strong></span> <span class='ocrx_word' id='word_1_476' title='bbox 2003 535 2194 596; x_wconf 87' lang='lat' dir='ltr'><strong>gentem</strong></span> <span class='ocrx_word' id='word_1_477' title='bbox 2221 529 2457 594; x_wconf 82' lang='lat' dir='ltr'><strong>alienant,</strong></span> <span class='ocrx_word' id='word_1_478' title='bbox 2483 539 2525 582; x_wconf 88' lang='lat' dir='ltr'><strong>et</strong></span> <span class='ocrx_word' id='word_1_479' title='bbox 2549 530 2669 583; x_wconf 88' lang='lat' dir='ltr'><strong>illuc</strong></span> <span class='ocrx_word' id='word_1_480' title='bbox 2696 533 3090 599; x_wconf 82' lang='lat' dir='ltr'><strong>proﬁciscentur,</strong></span> <span class='ocrx_word' id='word_1_481' title='bbox 3117 543 3162 586; x_wconf 85' lang='lat' dir='ltr'><strong>et</strong></span> <span class='ocrx_word' id='word_1_482' title='bbox 3182 535 3391 587; x_wconf 78' lang='lat' dir='ltr'><strong>servient</strong></span> <span class='ocrx_word' id='word_1_483' title='bbox 3412 535 3510 587; x_wconf 87' lang='lat' dir='ltr'><strong>diis</strong></span> 
     </span>
    </p>
   </div>
   <div class='ocr_carea' id='block_1_65' title="bbox 1925 618 3508 693">
    <p class='ocr_par' dir='ltr' id='par_1_65' title="bbox 1925 618 3508 693">
     <span class='ocr_line' id='line_1_65' title="bbox 1925 618 3508 693; baseline 0.004 -23"><span class='ocrx_word' id='word_1_484' title='bbox 1925 618 2118 670; x_wconf 87' lang='lat' dir='ltr'><strong>alienis.</strong></span> <span class='ocrx_word' id='word_1_485' title='bbox 2141 619 2506 673; x_wconf 79' lang='lat' dir='ltr'><strong>Prmnuntians</strong></span> <span class='ocrx_word' id='word_1_486' title='bbox 2532 622 2888 690; x_wconf 89' lang='lat' dir='ltr'><strong>captivitatem</strong></span> <span class='ocrx_word' id='word_1_487' title='bbox 2922 623 3292 693; x_wconf 82' lang='lat' dir='ltr'><strong>Babylonieam</strong></span> <span class='ocrx_word' id='word_1_488' title='bbox 3318 626 3410 691; x_wconf 91' lang='lat' dir='ltr'><strong>ait,</strong></span> <span class='ocrx_word' id='word_1_489' title='bbox 3443 624 3508 677; x_wconf 83' lang='lat' dir='ltr'><strong>Et</strong></span> 
     </span>
    </p>
   </div>
   <div class='ocr_carea' id='block_1_66' title="bbox 1925 707 3508 775">
    <p class='ocr_par' dir='ltr' id='par_1_66' title="bbox 1925 707 3508 775">
     <span class='ocr_line' id='line_1_66' title="bbox 1925 707 3508 775; baseline 0.006 -17"><span class='ocrx_word' id='word_1_490' title='bbox 1925 707 2048 759; x_wconf 89' lang='lat' dir='ltr'><strong>illuc</strong></span> <span class='ocrx_word' id='word_1_491' title='bbox 2074 709 2473 775; x_wconf 85' lang='lat' dir='ltr'><strong>proﬁciscentur,</strong></span> <span class='ocrx_word' id='word_1_492' title='bbox 2516 720 2560 763; x_wconf 91' lang='lat' dir='ltr'><strong>ct</strong></span> <span class='ocrx_word' id='word_1_493' title='bbox 2594 714 2803 764; x_wconf 85' lang='lat' dir='ltr'><strong>servient</strong></span> <span class='ocrx_word' id='word_1_494' title='bbox 2831 714 2926 765; x_wconf 88' lang='lat' dir='ltr'><strong>diis</strong></span> <span class='ocrx_word' id='word_1_495' title='bbox 2952 715 3146 771; x_wconf 84' lang='lat' dir='ltr'><strong>alienis.</strong></span> <span class='ocrx_word' id='word_1_496' title='bbox 3203 715 3343 768; x_wconf 86' lang='lat' dir='ltr'><strong>Tunc</strong></span> <span class='ocrx_word' id='word_1_497' title='bbox 3387 733 3508 768; x_wconf 85' lang='lat' dir='ltr'><strong>con-</strong></span> 
     </span>
    </p>
   </div>
   <div class='ocr_carea' id='block_1_67' title="bbox 1926 798 3509 872">
    <p class='ocr_par' dir='ltr' id='par_1_67' title="bbox 1926 798 3509 872">
     <span class='ocr_line' id='line_1_67' title="bbox 1926 798 3509 872; baseline 0.007 -25"><span class='ocrx_word' id='word_1_498' title='bbox 1926 798 2164 866; x_wconf 80' lang='lat' dir='ltr'><strong>{nudetur</strong></span> <span class='ocrx_word' id='word_1_499' title='bbox 2200 814 2286 851; x_wconf 88' lang='lat' dir='ltr'><strong>cor</strong></span> <span class='ocrx_word' id='word_1_500' title='bbox 2329 817 2497 853; x_wconf 88' lang='lat' dir='ltr'><strong>eorum</strong></span> <span class='ocrx_word' id='word_1_501' title='bbox 2547 803 2967 859; x_wconf 78' lang='lat' dir='ltr'><strong>incircumcisum.</strong></span> <span class='ocrx_word' id='word_1_502' title='bbox 2991 805 3054 857; x_wconf 86' lang='lat' dir='ltr'><strong>Et</strong></span> <span class='ocrx_word' id='word_1_503' title='bbox 3082 805 3241 872; x_wconf 87' lang='lat' dir='ltr'><strong>paulo</strong></span> <span class='ocrx_word' id='word_1_504' title='bbox 3272 816 3408 872; x_wconf 86' lang='lat' dir='ltr'><strong>post,</strong></span> <span class='ocrx_word' id='word_1_505' title='bbox 3446 807 3509 858; x_wconf 76' lang='lat' dir='ltr'><strong>Et</strong></span> 
     </span>
    </p>
   </div>
   <div class='ocr_carea' id='block_1_68' title="bbox 1926 888 3511 961">
    <p class='ocr_par' dir='ltr' id='par_1_68' title="bbox 1926 888 3511 961">
     <span class='ocr_line' id='line_1_68' title="bbox 1926 888 3511 961; baseline 0.006 -22"><span class='ocrx_word' id='word_1_506' title='bbox 1926 888 2223 940; x_wconf 85' lang='lat' dir='ltr'><strong>recordabar</strong></span> <span class='ocrx_word' id='word_1_507' title='bbox 2253 893 2531 944; x_wconf 88' lang='lat' dir='ltr'><strong>testamenti</strong></span> <span class='ocrx_word' id='word_1_508' title='bbox 2554 891 2734 956; x_wconf 78' lang='lat' dir='ltr'><strong>Jacob,</strong></span> <span class='ocrx_word' id='word_1_509' title='bbox 2773 904 2816 946; x_wconf 87' lang='lat' dir='ltr'><strong>et</strong></span> <span class='ocrx_word' id='word_1_510' title='bbox 2839 895 3114 947; x_wconf 86' lang='lat' dir='ltr'><strong>testamenti</strong></span> <span class='ocrx_word' id='word_1_511' title='bbox 3137 893 3309 961; x_wconf 87' lang='lat' dir='ltr'><strong>Isaac,</strong></span> <span class='ocrx_word' id='word_1_512' title='bbox 3355 908 3401 950; x_wconf 82' lang='lat' dir='ltr'><strong>et</strong></span> <span class='ocrx_word' id='word_1_513' title='bbox 3445 907 3511 948; x_wconf 82' lang='lat' dir='ltr'><strong>te-</strong></span> 
     </span>
    </p>
   </div>
   <div class='ocr_carea' id='block_1_69' title="bbox 1925 980 3017 1054">
    <p class='ocr_par' dir='ltr' id='par_1_69' title="bbox 1925 980 3017 1054">
     <span class='ocr_line' id='line_1_69' title="bbox 1925 980 3017 1054; baseline 0.006 -22"><span class='ocrx_word' id='word_1_514' title='bbox 1925 981 2157 1032; x_wconf 79' lang='lat' dir='ltr'><strong>stamenti</strong></span> <span class='ocrx_word' id='word_1_515' title='bbox 2178 980 2432 1034; x_wconf 83' lang='lat' dir='ltr'><strong>Abraham</strong></span> <span class='ocrx_word' id='word_1_516' title='bbox 2468 982 2647 1052; x_wconf 76' lang='lat' dir='ltr'><strong>(Leuit.</strong></span> <span class='ocrx_word' id='word_1_517' title='bbox 2680 983 2770 1038; x_wconf 85' lang='lat'><strong>26.</strong></span> <span class='ocrx_word' id='word_1_518' title='bbox 2804 984 3017 1054; x_wconf 64' lang='lat'><strong>40—42).</strong></span> 
     </span>
    </p>
   </div>
   <div class='ocr_carea' id='block_1_70' title="bbox 2001 1070 3504 1146">
    <p class='ocr_par' dir='ltr' id='par_1_70' title="bbox 2001 1070 3504 1146">
     <span class='ocr_line' id='line_1_70' title="bbox 2001 1070 3504 1146; baseline 0.006 -24"><span class='ocrx_word' id='word_1_519' title='bbox 2001 1070 2052 1122; x_wconf 89' lang='lat'><strong>&#39;7.</strong></span> <span class='ocrx_word' id='word_1_520' title='bbox 2096 1070 2299 1124; x_wconf 89' lang='lat' dir='ltr'><strong>Dictum</strong></span> <span class='ocrx_word' id='word_1_521' title='bbox 2344 1084 2578 1140; x_wconf 84' lang='lat' dir='ltr'><strong>repetam</strong></span> <span class='ocrx_word' id='word_1_522' title='bbox 2631 1091 2643 1126; x_wconf 93' lang='lat'><strong>:</strong></span> <span class='ocrx_word' id='word_1_523' title='bbox 2691 1075 2903 1142; x_wconf 89' lang='lat' dir='ltr'><strong>plausus</strong></span> <span class='ocrx_word' id='word_1_524' title='bbox 2946 1078 3084 1129; x_wconf 89' lang='lat' dir='ltr'><strong>enim</strong></span> <span class='ocrx_word' id='word_1_525' title='bbox 3140 1087 3504 1146; x_wconf 88' lang='lat' dir='ltr'><strong>argumentum</strong></span> 
     </span>
    </p>
   </div>
   <div class='ocr_carea' id='block_1_71' title="bbox 1929 1160 3510 1232">
    <p class='ocr_par' dir='ltr' id='par_1_71' title="bbox 1929 1160 3510 1232">
     <span class='ocr_line' id='line_1_71' title="bbox 1929 1160 3510 1232; baseline 0.004 -21"><span class='ocrx_word' id='word_1_526' title='bbox 1929 1160 2247 1213; x_wconf 84' lang='lat' dir='ltr'><strong>obscuravit.</strong></span> <span class='ocrx_word' id='word_1_527' title='bbox 2277 1161 2415 1226; x_wconf 84' lang='lat' dir='ltr'><strong>Illic,</strong></span> <span class='ocrx_word' id='word_1_528' title='bbox 2453 1163 2638 1231; x_wconf 90' lang='lat' dir='ltr'><strong>inquit,</strong></span> <span class='ocrx_word' id='word_1_529' title='bbox 2669 1165 2860 1232; x_wconf 86' lang='lat' dir='ltr'><strong>pudore</strong></span> <span class='ocrx_word' id='word_1_530' title='bbox 2887 1164 3203 1231; x_wconf 77' lang='lat' dir='ltr'><strong>su/funtlctur</strong></span> <span class='ocrx_word' id='word_1_531' title='bbox 3230 1183 3314 1218; x_wconf 88' lang='lat' dir='ltr'><strong>cor</strong></span> <span class='ocrx_word' id='word_1_532' title='bbox 3340 1183 3510 1218; x_wconf 88' lang='lat' dir='ltr'><strong>eorum</strong></span> 
     </span>
    </p>
   </div>
   <div class='ocr_carea' id='block_1_72' title="bbox 1929 1251 3511 1320">
    <p class='ocr_par' dir='ltr' id='par_1_72' title="bbox 1929 1251 3511 1320">
     <span class='ocr_line' id='line_1_72' title="bbox 1929 1251 3511 1320; baseline 0.006 -18"><span class='ocrx_word' id='word_1_533' title='bbox 1929 1251 2353 1316; x_wconf 84' lang='lat' dir='ltr'><strong>incircumcisum,</strong></span> <span class='ocrx_word' id='word_1_534' title='bbox 2406 1264 2448 1306; x_wconf 90' lang='lat' dir='ltr'><strong>et</strong></span> <span class='ocrx_word' id='word_1_535' title='bbox 2499 1266 2802 1308; x_wconf 80' lang='lat' dir='ltr'><strong>revertentur</strong></span> <span class='ocrx_word' id='word_1_536' title='bbox 2840 1258 2908 1308; x_wconf 87' lang='lat' dir='ltr'><strong>ad</strong></span> <span class='ocrx_word' id='word_1_537' title='bbox 2938 1274 3032 1320; x_wconf 89' lang='lat' dir='ltr'><strong>me,</strong></span> <span class='ocrx_word' id='word_1_538' title='bbox 3081 1268 3126 1308; x_wconf 89' lang='lat' dir='ltr'><strong>et</strong></span> <span class='ocrx_word' id='word_1_539' title='bbox 3174 1258 3361 1309; x_wconf 67' lang='lat' dir='ltr'><strong>sonabo</strong></span> <span class='ocrx_word' id='word_1_540' title='bbox 3406 1276 3511 1311; x_wconf 88' lang='lat' dir='ltr'><strong>eos.</strong></span> 
     </span>
    </p>
   </div>
   <div class='ocr_carea' id='block_1_73' title="bbox 1931 1339 3509 1416">
    <p class='ocr_par' dir='ltr' id='par_1_73' title="bbox 1931 1339 3509 1416">
     <span class='ocr_line' id='line_1_73' title="bbox 1931 1339 3509 1416; baseline 0.005 -24"><span class='ocrx_word' id='word_1_541' title='bbox 1931 1339 2174 1392; x_wconf 88' lang='lat' dir='ltr'><strong>Nondum</strong></span> <span class='ocrx_word' id='word_1_542' title='bbox 2227 1343 2620 1409; x_wconf 88' lang='lat' dir='ltr'><strong>comminatus,</strong></span> <span class='ocrx_word' id='word_1_543' title='bbox 2676 1347 3156 1400; x_wconf 83' lang='lat' dir='ltr'><strong>reconciliationem</strong></span> <span class='ocrx_word' id='word_1_544' title='bbox 3211 1349 3509 1416; x_wconf 89' lang='lat' dir='ltr'><strong>promittit:</strong></span> 
     </span>
    </p>
   </div>
   <div class='ocr_carea' id='block_1_74' title="bbox 1936 1430 3514 1506">
    <p class='ocr_par' dir='ltr' id='par_1_74' title="bbox 1936 1430 3514 1506">
     <span class='ocr_line' id='line_1_74' title="bbox 1936 1430 3514 1506; baseline 0.008 -26"><span class='ocrx_word' id='word_1_545' title='bbox 1936 1430 2002 1482; x_wconf 79' lang='lat' dir='ltr'><strong>Et</strong></span> <span class='ocrx_word' id='word_1_546' title='bbox 2030 1431 2265 1482; x_wconf 77' lang='lat' dir='ltr'><strong>reducunt</strong></span> <span class='ocrx_word' id='word_1_547' title='bbox 2312 1450 2392 1484; x_wconf 87' lang='lat' dir='ltr'><strong>eos</strong></span> <span class='ocrx_word' id='word_1_548' title='bbox 2423 1435 2473 1485; x_wconf 85' lang='lat' dir='ltr'><strong>in</strong></span> <span class='ocrx_word' id='word_1_549' title='bbox 2501 1444 2681 1486; x_wconf 80' lang='lat' dir='ltr'><strong>terrain</strong></span> <span class='ocrx_word' id='word_1_550' title='bbox 2715 1447 2914 1506; x_wconf 84' lang='lat' dir='ltr'><strong>patrum</strong></span> <span class='ocrx_word' id='word_1_551' title='bbox 2953 1455 3178 1504; x_wconf 84' lang='lat' dir='ltr'><strong>suorum,</strong></span> <span class='ocrx_word' id='word_1_552' title='bbox 3207 1449 3250 1492; x_wconf 87' lang='lat' dir='ltr'><strong>et</strong></span> <span class='ocrx_word' id='word_1_553' title='bbox 3278 1440 3514 1493; x_wconf 87' lang='lat' dir='ltr'><strong>recorda-</strong></span> 
     </span>
    </p>
   </div>
   <div class='ocr_carea' id='block_1_75' title="bbox 1933 1521 3515 1591">
    <p class='ocr_par' dir='ltr' id='par_1_75' title="bbox 1933 1521 3515 1591">
     <span class='ocr_line' id='line_1_75' title="bbox 1933 1521 3515 1591; baseline 0.005 -17"><span class='ocrx_word' id='word_1_554' title='bbox 1933 1522 2021 1574; x_wconf 87' lang='lat' dir='ltr'><strong>bor</strong></span> <span class='ocrx_word' id='word_1_555' title='bbox 2047 1523 2325 1574; x_wconf 74' lang='lat' dir='ltr'><strong>testamenti</strong></span> <span class='ocrx_word' id='word_1_556' title='bbox 2350 1521 2529 1580; x_wconf 77' lang='lat' dir='ltr'><strong>Jacob,</strong></span> <span class='ocrx_word' id='word_1_557' title='bbox 2561 1534 2606 1576; x_wconf 86' lang='lat' dir='ltr'><strong>et</strong></span> <span class='ocrx_word' id='word_1_558' title='bbox 2639 1529 2914 1578; x_wconf 85' lang='lat' dir='ltr'><strong>testamenti</strong></span> <span class='ocrx_word' id='word_1_559' title='bbox 2957 1527 3124 1591; x_wconf 79' lang='lat' dir='ltr'><strong>Isaae,</strong></span> <span class='ocrx_word' id='word_1_560' title='bbox 3159 1540 3202 1580; x_wconf 89' lang='lat' dir='ltr'><strong>et</strong></span> <span class='ocrx_word' id='word_1_561' title='bbox 3234 1531 3515 1583; x_wconf 80' lang='lat' dir='ltr'><strong>testamenti</strong></span> 
     </span>
    </p>
   </div>
   <div class='ocr_carea' id='block_1_76' title="bbox 1934 1611 3512 1689">
    <p class='ocr_par' dir='ltr' id='par_1_76' title="bbox 1934 1611 3512 1689">
     <span class='ocr_line' id='line_1_76' title="bbox 1934 1611 3512 1689; baseline 0.006 -26"><span class='ocrx_word' id='word_1_562' title='bbox 1934 1611 2210 1663; x_wconf 82' lang='lat' dir='ltr'><strong>Abraham.</strong></span> <span class='ocrx_word' id='word_1_563' title='bbox 2245 1612 2400 1666; x_wconf 76' lang='lat' dir='ltr'><strong>Vides</strong></span> <span class='ocrx_word' id='word_1_564' title='bbox 2428 1616 2692 1682; x_wconf 86' lang='lat' dir='ltr'><strong>quomodo</strong></span> <span class='ocrx_word' id='word_1_565' title='bbox 2715 1627 2876 1669; x_wconf 88' lang='lat' dir='ltr'><strong>mutet</strong></span> <span class='ocrx_word' id='word_1_566' title='bbox 2899 1617 3140 1670; x_wconf 90' lang='lat' dir='ltr'><strong>ordinem</strong></span> <span class='ocrx_word' id='word_1_567' title='bbox 3169 1637 3180 1683; x_wconf 91' lang='lat'><strong>;</strong></span> <span class='ocrx_word' id='word_1_568' title='bbox 3217 1631 3268 1671; x_wconf 91' lang='lat' dir='ltr'><strong>ut</strong></span> <span class='ocrx_word' id='word_1_569' title='bbox 3292 1621 3512 1689; x_wconf 74' lang='lat' dir='ltr'><strong>:rquali-</strong></span> 
     </span>
    </p>
   </div>
   <div class='ocr_carea' id='block_1_77' title="bbox 1935 1702 3514 1775">
    <p class='ocr_par' dir='ltr' id='par_1_77' title="bbox 1935 1702 3514 1775">
     <span class='ocr_line' id='line_1_77' title="bbox 1935 1702 3514 1775; baseline 0.004 -21"><span class='ocrx_word' id='word_1_570' title='bbox 1935 1709 2093 1754; x_wconf 87' lang='lat' dir='ltr'><strong>tatem</strong></span> <span class='ocrx_word' id='word_1_571' title='bbox 2126 1702 2338 1756; x_wconf 70' lang='lat' dir='ltr'><strong>honoris</strong></span> <span class='ocrx_word' id='word_1_572' title='bbox 2367 1706 2652 1758; x_wconf 86' lang='lat' dir='ltr'><strong>ostendat?</strong></span> <span class='ocrx_word' id='word_1_573' title='bbox 2689 1705 2866 1775; x_wconf 82' lang='lat' dir='ltr'><strong>Neque</strong></span> <span class='ocrx_word' id='word_1_574' title='bbox 2905 1707 3047 1760; x_wconf 90' lang='lat' dir='ltr'><strong>enim</strong></span> <span class='ocrx_word' id='word_1_575' title='bbox 3083 1708 3335 1762; x_wconf 86' lang='lat' dir='ltr'><strong>Jacobum</strong></span> <span class='ocrx_word' id='word_1_576' title='bbox 3379 1721 3514 1764; x_wconf 83' lang='lat' dir='ltr'><strong>teni-</strong></span> 
     </span>
    </p>
   </div>
   <div class='ocr_carea' id='block_1_78' title="bbox 1937 1793 3512 1869">
    <p class='ocr_par' dir='ltr' id='par_1_78' title="bbox 1937 1793 3512 1869">
     <span class='ocr_line' id='line_1_78' title="bbox 1937 1793 3512 1869; baseline 0.009 -26"><span class='ocrx_word' id='word_1_577' title='bbox 1937 1807 2062 1859; x_wconf 90' lang='lat' dir='ltr'><strong>pore</strong></span> <span class='ocrx_word' id='word_1_578' title='bbox 2090 1793 2315 1860; x_wconf 89' lang='lat' dir='ltr'><strong>primum</strong></span> <span class='ocrx_word' id='word_1_579' title='bbox 2357 1793 2499 1859; x_wconf 90' lang='lat' dir='ltr'><strong>fecit,</strong></span> <span class='ocrx_word' id='word_1_580' title='bbox 2532 1797 2624 1849; x_wconf 88' lang='lat' dir='ltr'><strong>sed</strong></span> <span class='ocrx_word' id='word_1_581' title='bbox 2657 1797 3109 1851; x_wconf 88' lang='lat' dir='ltr'><strong>indiscriminatim</strong></span> <span class='ocrx_word' id='word_1_582' title='bbox 3141 1801 3384 1869; x_wconf 88' lang='lat' dir='ltr'><strong>loquutus</strong></span> <span class='ocrx_word' id='word_1_583' title='bbox 3411 1814 3512 1869; x_wconf 89' lang='lat' dir='ltr'><strong>est,</strong></span> 
     </span>
    </p>
   </div>
   <div class='ocr_carea' id='block_1_79' title="bbox 1936 1885 3515 1962">
    <p class='ocr_par' dir='ltr' id='par_1_79' title="bbox 1936 1885 3515 1962">
     <span class='ocr_line' id='line_1_79' title="bbox 1936 1885 3515 1962; baseline 0.009 -29"><span class='ocrx_word' id='word_1_584' title='bbox 1936 1893 1990 1934; x_wconf 90' lang='lat' dir='ltr'><strong>ut</strong></span> <span class='ocrx_word' id='word_1_585' title='bbox 2022 1886 2296 1951; x_wconf 88' lang='lat' dir='ltr'><strong>paritatem</strong></span> <span class='ocrx_word' id='word_1_586' title='bbox 2331 1885 2548 1938; x_wconf 89' lang='lat' dir='ltr'><strong>honoris</strong></span> <span class='ocrx_word' id='word_1_587' title='bbox 2569 1889 2892 1941; x_wconf 86' lang='lat' dir='ltr'><strong>ostenderet.</strong></span> <span class='ocrx_word' id='word_1_588' title='bbox 2925 1889 3112 1942; x_wconf 72' lang='lat' dir='ltr'><strong>Verum</strong></span> <span class='ocrx_word' id='word_1_589' title='bbox 3138 1894 3271 1958; x_wconf 83' lang='lat' dir='ltr'><strong>apud</strong></span> <span class='ocrx_word' id='word_1_590' title='bbox 3295 1896 3515 1962; x_wconf 85' lang='lat' dir='ltr'><strong>patriar-</strong></span> 
     </span>
    </p>
   </div>
   <div class='ocr_carea' id='block_1_80' title="bbox 1933 1975 3516 2046">
    <p class='ocr_par' dir='ltr' id='par_1_80' title="bbox 1933 1975 3516 2046">
     <span class='ocr_line' id='line_1_80' title="bbox 1933 1975 3516 2046; baseline 0.007 -20"><span class='ocrx_word' id='word_1_591' title='bbox 1933 1975 2060 2027; x_wconf 88' lang='lat' dir='ltr'><strong>chas</strong></span> <span class='ocrx_word' id='word_1_592' title='bbox 2102 1986 2306 2044; x_wconf 89' lang='lat' dir='ltr'><strong>tempus</strong></span> <span class='ocrx_word' id='word_1_593' title='bbox 2353 1976 2626 2044; x_wconf 78' lang='lat' dir='ltr'><strong>distinguit</strong></span> <span class='ocrx_word' id='word_1_594' title='bbox 2672 1977 2896 2031; x_wconf 87' lang='lat' dir='ltr'><strong>fructum</strong></span> <span class='ocrx_word' id='word_1_595' title='bbox 2940 1994 2967 2029; x_wconf 88' lang='lat' dir='ltr'><strong>a</strong></span> <span class='ocrx_word' id='word_1_596' title='bbox 3018 1979 3226 2046; x_wconf 76' lang='lat' dir='ltr'><strong>radice;</strong></span> <span class='ocrx_word' id='word_1_597' title='bbox 3273 1984 3516 2037; x_wconf 86' lang='lat' dir='ltr'><strong>mortalis</strong></span> 
     </span>
    </p>
   </div>
   <div class='ocr_carea' id='block_1_81' title="bbox 1935 2068 3516 2138">
    <p class='ocr_par' dir='ltr' id='par_1_81' title="bbox 1935 2068 3516 2138">
     <span class='ocr_line' id='line_1_81' title="bbox 1935 2068 3516 2138; baseline 0.008 -20"><span class='ocrx_word' id='word_1_598' title='bbox 1935 2068 2127 2136; x_wconf 87' lang='lat' dir='ltr'><strong>quippe</strong></span> <span class='ocrx_word' id='word_1_599' title='bbox 2174 2078 2357 2121; x_wconf 89' lang='lat' dir='ltr'><strong>natura</strong></span> <span class='ocrx_word' id='word_1_600' title='bbox 2397 2081 2476 2123; x_wconf 91' lang='lat' dir='ltr'><strong>est</strong></span> <span class='ocrx_word' id='word_1_601' title='bbox 2515 2081 2567 2124; x_wconf 91' lang='lat' dir='ltr'><strong>et</strong></span> <span class='ocrx_word' id='word_1_602' title='bbox 2613 2081 2884 2138; x_wconf 88' lang='lat' dir='ltr'><strong>parentum</strong></span> <span class='ocrx_word' id='word_1_603' title='bbox 2927 2083 2978 2126; x_wconf 91' lang='lat' dir='ltr'><strong>et</strong></span> <span class='ocrx_word' id='word_1_604' title='bbox 3011 2083 3248 2127; x_wconf 78' lang='lat' dir='ltr'><strong>natorum</strong></span> <span class='ocrx_word' id='word_1_605' title='bbox 3284 2089 3516 2131; x_wconf 74' lang='lat' dir='ltr'><strong>:sancta:</strong></span> 
     </span>
    </p>
   </div>
   <div class='ocr_carea' id='block_1_82' title="bbox 1937 2161 3517 2222">
    <p class='ocr_par' dir='ltr' id='par_1_82' title="bbox 1937 2161 3517 2222">
     <span class='ocr_line' id='line_1_82' title="bbox 1937 2161 3517 2222; baseline 0.008 -12"><span class='ocrx_word' id='word_1_606' title='bbox 1937 2175 2062 2214; x_wconf 85' lang='lat' dir='ltr'><strong>vero</strong></span> <span class='ocrx_word' id='word_1_607' title='bbox 2081 2161 2389 2215; x_wconf 88' lang='lat' dir='ltr'><strong>immortalis</strong></span> <span class='ocrx_word' id='word_1_608' title='bbox 2409 2172 2459 2215; x_wconf 91' lang='lat' dir='ltr'><strong>et</strong></span> <span class='ocrx_word' id='word_1_609' title='bbox 2479 2163 2762 2217; x_wconf 72' lang='lat' dir='ltr'><strong>adoranda:</strong></span> <span class='ocrx_word' id='word_1_610' title='bbox 2781 2165 3051 2218; x_wconf 81' lang='lat' dir='ltr'><strong>Trinitatis</strong></span> <span class='ocrx_word' id='word_1_611' title='bbox 3078 2177 3316 2220; x_wconf 84' lang='lat' dir='ltr'><strong>naturam</strong></span> <span class='ocrx_word' id='word_1_612' title='bbox 3340 2184 3517 2222; x_wconf 90' lang='lat' dir='ltr'><strong>sermo</strong></span> 
     </span>
    </p>
   </div>
   <div class='ocr_carea' id='block_1_83' title="bbox 1938 2253 3514 2326">
    <p class='ocr_par' dir='ltr' id='par_1_83' title="bbox 1938 2253 3514 2326">
     <span class='ocr_line' id='line_1_83' title="bbox 1938 2253 3514 2326; baseline 0.006 -21"><span class='ocrx_word' id='word_1_613' title='bbox 1938 2269 2042 2306; x_wconf 91' lang='lat' dir='ltr'><strong>non</strong></span> <span class='ocrx_word' id='word_1_614' title='bbox 2075 2253 2278 2319; x_wconf 92' lang='lat' dir='ltr'><strong>dividit,</strong></span> <span class='ocrx_word' id='word_1_615' title='bbox 2323 2271 2428 2308; x_wconf 90' lang='lat' dir='ltr'><strong>non</strong></span> <span class='ocrx_word' id='word_1_616' title='bbox 2461 2256 2731 2326; x_wconf 88' lang='lat' dir='ltr'><strong>distinguit</strong></span> <span class='ocrx_word' id='word_1_617' title='bbox 2776 2267 3001 2325; x_wconf 78' lang='lat' dir='ltr'><strong>tempus,</strong></span> <span class='ocrx_word' id='word_1_618' title='bbox 3047 2276 3148 2311; x_wconf 86' lang='lat' dir='ltr'><strong>non</strong></span> <span class='ocrx_word' id='word_1_619' title='bbox 3192 2261 3382 2313; x_wconf 69' lang='lat' dir='ltr'><strong>sarcula</strong></span> <span class='ocrx_word' id='word_1_620' title='bbox 3425 2277 3514 2314; x_wconf 90' lang='lat' dir='ltr'><strong>se-</strong></span> 
     </span>
    </p>
   </div>
   <div class='ocr_carea' id='block_1_84' title="bbox 1939 2346 3514 2420">
    <p class='ocr_par' dir='ltr' id='par_1_84' title="bbox 1939 2346 3514 2420">
     <span class='ocr_line' id='line_1_84' title="bbox 1939 2346 3514 2420; baseline 0.009 -26"><span class='ocrx_word' id='word_1_621' title='bbox 1939 2356 2124 2413; x_wconf 59' lang='lat' dir='ltr'><strong>parant</strong></span> <span class='ocrx_word' id='word_1_622' title='bbox 2152 2363 2164 2398; x_wconf 85' lang='lat'><strong>:</strong></span> <span class='ocrx_word' id='word_1_623' title='bbox 2195 2346 2322 2400; x_wconf 91' lang='lat' dir='ltr'><strong>nihil</strong></span> <span class='ocrx_word' id='word_1_624' title='bbox 2345 2349 2484 2401; x_wconf 91' lang='lat' dir='ltr'><strong>enim</strong></span> <span class='ocrx_word' id='word_1_625' title='bbox 2514 2349 2792 2403; x_wconf 87' lang='lat' dir='ltr'><strong>intercedit</strong></span> <span class='ocrx_word' id='word_1_626' title='bbox 2815 2351 2951 2404; x_wconf 91' lang='lat' dir='ltr'><strong>inter</strong></span> <span class='ocrx_word' id='word_1_627' title='bbox 2978 2351 3207 2412; x_wconf 82' lang='lat' dir='ltr'><strong>Patrem,</strong></span> <span class='ocrx_word' id='word_1_628' title='bbox 3230 2362 3281 2407; x_wconf 89' lang='lat' dir='ltr'><strong>et</strong></span> <span class='ocrx_word' id='word_1_629' title='bbox 3304 2353 3514 2420; x_wconf 87' lang='lat' dir='ltr'><strong>Filium,</strong></span> 
     </span>
    </p>
   </div>
   <div class='ocr_carea' id='block_1_85' title="bbox 1939 2436 3518 2512">
    <p class='ocr_par' dir='ltr' id='par_1_85' title="bbox 1939 2436 3518 2512">
     <span class='ocr_line' id='line_1_85' title="bbox 1939 2436 3518 2512; baseline 0.006 -23"><span class='ocrx_word' id='word_1_630' title='bbox 1939 2447 1991 2489; x_wconf 87' lang='lat' dir='ltr'><strong>et</strong></span> <span class='ocrx_word' id='word_1_631' title='bbox 2012 2436 2262 2504; x_wconf 89' lang='lat' dir='ltr'><strong>Spiritum</strong></span> <span class='ocrx_word' id='word_1_632' title='bbox 2295 2448 2554 2492; x_wconf 89' lang='lat' dir='ltr'><strong>sanctum.</strong></span> <span class='ocrx_word' id='word_1_633' title='bbox 2586 2441 2838 2494; x_wconf 84' lang='lat' dir='ltr'><strong>Conditor</strong></span> <span class='ocrx_word' id='word_1_634' title='bbox 2863 2443 3173 2494; x_wconf 70' lang='lat' dir='ltr'><strong>surculorum</strong></span> <span class='ocrx_word' id='word_1_635' title='bbox 3203 2453 3283 2495; x_wconf 85' lang='lat' dir='ltr'><strong>est</strong></span> <span class='ocrx_word' id='word_1_636' title='bbox 3321 2443 3518 2512; x_wconf 86' lang='lat' dir='ltr'><strong>Unige-</strong></span> 
     </span>
    </p>
   </div>
   <div class='ocr_carea' id='block_1_86' title="bbox 1940 2530 3517 2605">
    <p class='ocr_par' dir='ltr' id='par_1_86' title="bbox 1940 2530 3517 2605">
     <span class='ocr_line' id='line_1_86' title="bbox 1940 2530 3517 2605; baseline 0.008 -24"><span class='ocrx_word' id='word_1_637' title='bbox 1940 2530 2099 2581; x_wconf 91' lang='lat' dir='ltr'><strong>nitus.</strong></span> <span class='ocrx_word' id='word_1_638' title='bbox 2135 2531 2271 2582; x_wconf 84' lang='lat' dir='ltr'><strong>Audi</strong></span> <span class='ocrx_word' id='word_1_639' title='bbox 2316 2530 2548 2584; x_wconf 82' lang='lat' dir='ltr'><strong>divinum</strong></span> <span class='ocrx_word' id='word_1_640' title='bbox 2581 2533 2726 2585; x_wconf 91' lang='lat' dir='ltr'><strong>illum</strong></span> <span class='ocrx_word' id='word_1_641' title='bbox 2766 2549 3184 2603; x_wconf 88' lang='lat' dir='ltr'><strong>generosumque</strong></span> <span class='ocrx_word' id='word_1_642' title='bbox 3217 2552 3517 2605; x_wconf 59' lang='lat' dir='ltr'><strong>praeconem</strong></span> 
     </span>
    </p>
   </div>
   <div class='ocr_carea' id='block_1_87' title="bbox 1940 2619 3516 2697">
    <p class='ocr_par' dir='ltr' id='par_1_87' title="bbox 1940 2619 3516 2697">
     <span class='ocr_line' id='line_1_87' title="bbox 1940 2619 3516 2697; baseline 0.006 -26"><span class='ocrx_word' id='word_1_643' title='bbox 1940 2619 2006 2672; x_wconf 90' lang='lat' dir='ltr'><strong>de</strong></span> <span class='ocrx_word' id='word_1_644' title='bbox 2037 2621 2192 2674; x_wconf 85' lang='lat' dir='ltr'><strong>Patre</strong></span> <span class='ocrx_word' id='word_1_645' title='bbox 2220 2622 2294 2673; x_wconf 83' lang='lat' dir='ltr'><strong>sic</strong></span> <span class='ocrx_word' id='word_1_646' title='bbox 2323 2623 2622 2690; x_wconf 85' lang='lat' dir='ltr'><strong>loquentem</strong></span> <span class='ocrx_word' id='word_1_647' title='bbox 2658 2642 2669 2674; x_wconf 94' lang='lat'><strong>:</strong></span> <span class='ocrx_word' id='word_1_648' title='bbox 2703 2624 3038 2694; x_wconf 67' lang='lat' dir='ltr'><strong>illultipn&#39;iant</strong></span> <span class='ocrx_word' id='word_1_649' title='bbox 3063 2629 3326 2697; x_wconf 83' lang='lat' dir='ltr'><strong>multisque</strong></span> <span class='ocrx_word' id='word_1_650' title='bbox 3356 2631 3516 2682; x_wconf 89' lang='lat' dir='ltr'><strong>modis</strong></span> 
     </span>
    </p>
   </div>
   <div class='ocr_carea' id='block_1_88' title="bbox 1940 2708 3518 2782">
    <p class='ocr_par' dir='ltr' id='par_1_88' title="bbox 1940 2708 3518 2782">
     <span class='ocr_line' id='line_1_88' title="bbox 1940 2708 3518 2782; baseline 0.008 -22"><span class='ocrx_word' id='word_1_651' title='bbox 1940 2709 2059 2760; x_wconf 89' lang='lat' dir='ltr'><strong>olim</strong></span> <span class='ocrx_word' id='word_1_652' title='bbox 2104 2708 2239 2762; x_wconf 87' lang='lat' dir='ltr'><strong>Deus</strong></span> <span class='ocrx_word' id='word_1_653' title='bbox 2270 2711 2501 2778; x_wconf 84' lang='lat' dir='ltr'><strong>loquutus</strong></span> <span class='ocrx_word' id='word_1_654' title='bbox 2542 2712 2765 2782; x_wconf 89' lang='lat' dir='ltr'><strong>patribus</strong></span> <span class='ocrx_word' id='word_1_655' title='bbox 2812 2715 2862 2765; x_wconf 91' lang='lat' dir='ltr'><strong>in</strong></span> <span class='ocrx_word' id='word_1_656' title='bbox 2909 2716 3201 2782; x_wconf 78' lang='lat' dir='ltr'><strong>praphetis,</strong></span> <span class='ocrx_word' id='word_1_657' title='bbox 3254 2720 3518 2772; x_wconf 82' lang='lat' dir='ltr'><strong>novissime</strong></span> 
     </span>
    </p>
   </div>
   <div class='ocr_carea' id='block_1_89' title="bbox 1941 2798 3520 2874">
    <p class='ocr_par' dir='ltr' id='par_1_89' title="bbox 1941 2798 3520 2874">
     <span class='ocr_line' id='line_1_89' title="bbox 1941 2798 3520 2874; baseline 0.008 -24"><span class='ocrx_word' id='word_1_658' title='bbox 1941 2798 2111 2851; x_wconf 87' lang='lat' dir='ltr'><strong>diebus</strong></span> <span class='ocrx_word' id='word_1_659' title='bbox 2135 2801 2242 2852; x_wconf 88' lang='lat' dir='ltr'><strong>istis</strong></span> <span class='ocrx_word' id='word_1_660' title='bbox 2269 2801 2501 2867; x_wconf 85' lang='lat' dir='ltr'><strong>loquutus</strong></span> <span class='ocrx_word' id='word_1_661' title='bbox 2540 2813 2608 2854; x_wconf 85' lang='lat' dir='ltr'><strong>est</strong></span> <span class='ocrx_word' id='word_1_662' title='bbox 2644 2805 2858 2855; x_wconf 89' lang='lat' dir='ltr'><strong>nobisin</strong></span> <span class='ocrx_word' id='word_1_663' title='bbox 2891 2803 3044 2868; x_wconf 69' lang='lat' dir='ltr'><strong>lilio,</strong></span> <span class='ocrx_word' id='word_1_664' title='bbox 3084 2823 3226 2874; x_wconf 88' lang='lat' dir='ltr'><strong>quem</strong></span> <span class='ocrx_word' id='word_1_665' title='bbox 3268 2812 3520 2862; x_wconf 88' lang='lat' dir='ltr'><strong>constituit</strong></span> 
     </span>
    </p>
   </div>
   <div class='ocr_carea' id='block_1_90' title="bbox 1941 2890 3516 2970">
    <p class='ocr_par' dir='ltr' id='par_1_90' title="bbox 1941 2890 3516 2970">
     <span class='ocr_line' id='line_1_90' title="bbox 1941 2890 3516 2970; baseline 0.01 -29"><span class='ocrx_word' id='word_1_666' title='bbox 1941 2890 2172 2943; x_wconf 80' lang='lat' dir='ltr'><strong>heredem</strong></span> <span class='ocrx_word' id='word_1_667' title='bbox 2202 2896 2559 2957; x_wconf 85' lang='lat' dir='ltr'><strong>universorum,</strong></span> <span class='ocrx_word' id='word_1_668' title='bbox 2597 2911 2686 2961; x_wconf 87' lang='lat' dir='ltr'><strong>per</strong></span> <span class='ocrx_word' id='word_1_669' title='bbox 2709 2912 2851 2964; x_wconf 88' lang='lat' dir='ltr'><strong>quem</strong></span> <span class='ocrx_word' id='word_1_670' title='bbox 2890 2896 3005 2963; x_wconf 76' lang='lat' dir='ltr'><strong>fecit</strong></span> <span class='ocrx_word' id='word_1_671' title='bbox 3046 2907 3090 2950; x_wconf 90' lang='lat' dir='ltr'><strong>et</strong></span> <span class='ocrx_word' id='word_1_672' title='bbox 3120 2901 3302 2951; x_wconf 81' lang='lat' dir='ltr'><strong>stecnla</strong></span> <span class='ocrx_word' id='word_1_673' title='bbox 3334 2900 3516 2970; x_wconf 83' lang='lat' dir='ltr'><strong>(Hebr.</strong></span> 
     </span>
    </p>
   </div>
   <div class='ocr_carea' id='block_1_91' title="bbox 1943 2981 3520 3060">
    <p class='ocr_par' dir='ltr' id='par_1_91' title="bbox 1943 2981 3520 3060">
     <span class='ocr_line' id='line_1_91' title="bbox 1943 2981 3520 3060; baseline 0.008 -26"><span class='ocrx_word' id='word_1_674' title='bbox 1943 2982 1994 3034; x_wconf 91' lang='lat'><strong>1.</strong></span> <span class='ocrx_word' id='word_1_675' title='bbox 2029 2982 2078 3034; x_wconf 86' lang='lat'><strong>1.</strong></span> <span class='ocrx_word' id='word_1_676' title='bbox 2109 2981 2187 3051; x_wconf 89' lang='lat'><strong>2).</strong></span> <span class='ocrx_word' id='word_1_677' title='bbox 2215 2981 2354 3035; x_wconf 90' lang='lat' dir='ltr'><strong>Nihil</strong></span> <span class='ocrx_word' id='word_1_678' title='bbox 2385 2999 2510 3051; x_wconf 90' lang='lat' dir='ltr'><strong>ergo</strong></span> <span class='ocrx_word' id='word_1_679' title='bbox 2543 2984 2678 3038; x_wconf 89' lang='lat' dir='ltr'><strong>inter</strong></span> <span class='ocrx_word' id='word_1_680' title='bbox 2711 2987 2918 3040; x_wconf 86' lang='lat' dir='ltr'><strong>Patrem</strong></span> <span class='ocrx_word' id='word_1_681' title='bbox 2954 2997 3006 3040; x_wconf 92' lang='lat' dir='ltr'><strong>ct</strong></span> <span class='ocrx_word' id='word_1_682' title='bbox 3044 2987 3230 3042; x_wconf 88' lang='lat' dir='ltr'><strong>Filium</strong></span> <span class='ocrx_word' id='word_1_683' title='bbox 3272 3001 3323 3044; x_wconf 91' lang='lat' dir='ltr'><strong>et</strong></span> <span class='ocrx_word' id='word_1_684' title='bbox 3351 2991 3520 3060; x_wconf 89' lang='lat' dir='ltr'><strong>Spiri-</strong></span> 
     </span>
    </p>
   </div>
   <div class='ocr_carea' id='block_1_92' title="bbox 1944 3077 3520 3144">
    <p class='ocr_par' dir='ltr' id='par_1_92' title="bbox 1944 3077 3520 3144">
     <span class='ocr_line' id='line_1_92' title="bbox 1944 3077 3520 3144; baseline 0.008 -19"><span class='ocrx_word' id='word_1_685' title='bbox 1944 3079 2052 3125; x_wconf 90' lang='lat' dir='ltr'><strong>tum</strong></span> <span class='ocrx_word' id='word_1_686' title='bbox 2079 3083 2353 3138; x_wconf 88' lang='lat' dir='ltr'><strong>sanctum;</strong></span> <span class='ocrx_word' id='word_1_687' title='bbox 2403 3077 2601 3129; x_wconf 91' lang='lat' dir='ltr'><strong>nullum</strong></span> <span class='ocrx_word' id='word_1_688' title='bbox 2635 3086 2840 3144; x_wconf 89' lang='lat' dir='ltr'><strong>tempus</strong></span> <span class='ocrx_word' id='word_1_689' title='bbox 2884 3086 2972 3131; x_wconf 90' lang='lat' dir='ltr'><strong>aut</strong></span> <span class='ocrx_word' id='word_1_690' title='bbox 3015 3079 3346 3134; x_wconf 85' lang='lat' dir='ltr'><strong>intervallum</strong></span> <span class='ocrx_word' id='word_1_691' title='bbox 3386 3093 3520 3137; x_wconf 90' lang='lat' dir='ltr'><strong>tem-</strong></span> 
     </span>
    </p>
   </div>
   <div class='ocr_carea' id='block_1_93' title="bbox 1944 3166 3521 3240">
    <p class='ocr_par' dir='ltr' id='par_1_93' title="bbox 1944 3166 3521 3240">
     <span class='ocr_line' id='line_1_93' title="bbox 1944 3166 3521 3240; baseline 0.006 -23"><span class='ocrx_word' id='word_1_692' title='bbox 1944 3166 2106 3232; x_wconf 90' lang='lat' dir='ltr'><strong>poris.</strong></span> <span class='ocrx_word' id='word_1_693' title='bbox 2141 3166 2277 3218; x_wconf 80' lang='lat' dir='ltr'><strong>Ante</strong></span> <span class='ocrx_word' id='word_1_694' title='bbox 2321 3167 2512 3218; x_wconf 69' lang='lat' dir='ltr'><strong>sarcula</strong></span> <span class='ocrx_word' id='word_1_695' title='bbox 2556 3167 2735 3232; x_wconf 90' lang='lat' dir='ltr'><strong>Pater,</strong></span> <span class='ocrx_word' id='word_1_696' title='bbox 2767 3177 2889 3220; x_wconf 88' lang='lat' dir='ltr'><strong>ante</strong></span> <span class='ocrx_word' id='word_1_697' title='bbox 2937 3171 3126 3222; x_wconf 69' lang='lat' dir='ltr'><strong>sarcula</strong></span> <span class='ocrx_word' id='word_1_698' title='bbox 3175 3171 3368 3234; x_wconf 83' lang='lat' dir='ltr'><strong>Filius;</strong></span> <span class='ocrx_word' id='word_1_699' title='bbox 3411 3175 3521 3240; x_wconf 89' lang='lat' dir='ltr'><strong>ipse</strong></span> 
     </span>
    </p>
   </div>
   <div class='ocr_carea' id='block_1_94' title="bbox 1943 3255 3518 3328">
    <p class='ocr_par' dir='ltr' id='par_1_94' title="bbox 1943 3255 3518 3328">
     <span class='ocr_line' id='line_1_94' title="bbox 1943 3255 3518 3328; baseline 0.007 -19"><span class='ocrx_word' id='word_1_700' title='bbox 1943 3257 2083 3309; x_wconf 87' lang='lat' dir='ltr'><strong>enim</strong></span> <span class='ocrx_word' id='word_1_701' title='bbox 2134 3257 2324 3309; x_wconf 68' lang='lat' dir='ltr'><strong>sazcula</strong></span> <span class='ocrx_word' id='word_1_702' title='bbox 2374 3255 2534 3322; x_wconf 87' lang='lat' dir='ltr'><strong>fecit;</strong></span> <span class='ocrx_word' id='word_1_703' title='bbox 2589 3267 2710 3311; x_wconf 89' lang='lat' dir='ltr'><strong>ante</strong></span> <span class='ocrx_word' id='word_1_704' title='bbox 2761 3261 2952 3312; x_wconf 68' lang='lat' dir='ltr'><strong>sarcula</strong></span> <span class='ocrx_word' id='word_1_705' title='bbox 3002 3261 3228 3328; x_wconf 83' lang='lat' dir='ltr'><strong>Spiritus</strong></span> <span class='ocrx_word' id='word_1_706' title='bbox 3281 3273 3518 3320; x_wconf 86' lang='lat' dir='ltr'><strong>sanctus.</strong></span> 
     </span>
    </p>
   </div>
   <div class='ocr_carea' id='block_1_95' title="bbox 1943 3347 3520 3422">
    <p class='ocr_par' dir='ltr' id='par_1_95' title="bbox 1943 3347 3520 3422">
     <span class='ocr_line' id='line_1_95' title="bbox 1943 3347 3520 3422; baseline 0.005 -22"><span class='ocrx_word' id='word_1_707' title='bbox 1943 3347 2210 3415; x_wconf 49' lang='lat' dir='ltr'><strong>Nusquam</strong></span> <span class='ocrx_word' id='word_1_708' title='bbox 2263 3348 2519 3401; x_wconf 86' lang='lat' dir='ltr'><strong>scinditur</strong></span> <span class='ocrx_word' id='word_1_709' title='bbox 2561 3360 2767 3410; x_wconf 88' lang='lat' dir='ltr'><strong>natura,</strong></span> <span class='ocrx_word' id='word_1_710' title='bbox 2820 3367 3076 3419; x_wconf 87' lang='lat' dir='ltr'><strong>nusquam</strong></span> <span class='ocrx_word' id='word_1_711' title='bbox 3125 3364 3520 3422; x_wconf 81' lang='lat' dir='ltr'><strong>separatorpo-</strong></span> 
     </span>
    </p>
   </div>
   <div class='ocr_carea' id='block_1_96' title="bbox 1949 3438 3520 3514">
    <p class='ocr_par' dir='ltr' id='par_1_96' title="bbox 1949 3438 3520 3514">
     <span class='ocr_line' id='line_1_96' title="bbox 1949 3438 3520 3514; baseline 0.006 -24"><span class='ocrx_word' id='word_1_712' title='bbox 1949 3449 2127 3491; x_wconf 89' lang='lat' dir='ltr'><strong>testas.</strong></span> <span class='ocrx_word' id='word_1_713' title='bbox 2160 3438 2535 3493; x_wconf 79' lang='lat' dir='ltr'><strong>Animadverte</strong></span> <span class='ocrx_word' id='word_1_714' title='bbox 2562 3438 2863 3507; x_wconf 88' lang='lat' dir='ltr'><strong>diligenter.</strong></span> <span class='ocrx_word' id='word_1_715' title='bbox 2897 3441 3101 3508; x_wconf 80' lang='lat' dir='ltr'><strong>Regnat</strong></span> <span class='ocrx_word' id='word_1_716' title='bbox 3137 3443 3308 3507; x_wconf 88' lang='lat' dir='ltr'><strong>Pater,</strong></span> <span class='ocrx_word' id='word_1_717' title='bbox 3337 3456 3520 3514; x_wconf 87' lang='lat' dir='ltr'><strong>regnat</strong></span> 
     </span>
    </p>
   </div>
   <div class='ocr_carea' id='block_1_97' title="bbox 1947 3528 3521 3600">
    <p class='ocr_par' dir='ltr' id='par_1_97' title="bbox 1947 3528 3521 3600">
     <span class='ocr_line' id='line_1_97' title="bbox 1947 3528 3521 3600; baseline 0.006 -21"><span class='ocrx_word' id='word_1_718' title='bbox 1947 3528 2131 3591; x_wconf 83' lang='lat' dir='ltr'><strong>Filius,</strong></span> <span class='ocrx_word' id='word_1_719' title='bbox 2158 3536 2342 3595; x_wconf 86' lang='lat' dir='ltr'><strong>regnat</strong></span> <span class='ocrx_word' id='word_1_720' title='bbox 2361 3528 2589 3595; x_wconf 92' lang='lat' dir='ltr'><strong>Spiritus</strong></span> <span class='ocrx_word' id='word_1_721' title='bbox 2612 3539 2842 3582; x_wconf 87' lang='lat' dir='ltr'><strong>sanctus.</strong></span> <span class='ocrx_word' id='word_1_722' title='bbox 2869 3532 2990 3584; x_wconf 85' lang='lat' dir='ltr'><strong>Scio</strong></span> <span class='ocrx_word' id='word_1_723' title='bbox 3013 3548 3096 3584; x_wconf 89' lang='lat' dir='ltr'><strong>me</strong></span> <span class='ocrx_word' id='word_1_724' title='bbox 3117 3534 3222 3600; x_wconf 89' lang='lat' dir='ltr'><strong>jam</strong></span> <span class='ocrx_word' id='word_1_725' title='bbox 3254 3535 3347 3587; x_wconf 87' lang='lat' dir='ltr'><strong>hac</strong></span> <span class='ocrx_word' id='word_1_726' title='bbox 3372 3552 3521 3589; x_wconf 91' lang='lat' dir='ltr'><strong>usum</strong></span> 
     </span>
    </p>
   </div>
   <div class='ocr_carea' id='block_1_98' title="bbox 1947 3616 3524 3687">
    <p class='ocr_par' dir='ltr' id='par_1_98' title="bbox 1947 3616 3524 3687">
     <span class='ocr_line' id='line_1_98' title="bbox 1947 3616 3524 3687; baseline 0.006 -19"><span class='ocrx_word' id='word_1_727' title='bbox 1947 3630 2065 3668; x_wconf 90' lang='lat' dir='ltr'><strong>esse</strong></span> <span class='ocrx_word' id='word_1_728' title='bbox 2093 3616 2578 3680; x_wconf 87' lang='lat' dir='ltr'><strong>demonstratione;</strong></span> <span class='ocrx_word' id='word_1_729' title='bbox 2611 3633 2792 3669; x_wconf 89' lang='lat' dir='ltr'><strong>verum</strong></span> <span class='ocrx_word' id='word_1_730' title='bbox 2826 3618 3010 3671; x_wconf 89' lang='lat' dir='ltr'><strong>eadem</strong></span> <span class='ocrx_word' id='word_1_731' title='bbox 3043 3621 3152 3687; x_wconf 90' lang='lat' dir='ltr'><strong>ipsa</strong></span> <span class='ocrx_word' id='word_1_732' title='bbox 3181 3622 3359 3676; x_wconf 90' lang='lat' dir='ltr'><strong>dicere</strong></span> <span class='ocrx_word' id='word_1_733' title='bbox 3394 3625 3524 3678; x_wconf 80' lang='lat' dir='ltr'><strong>Mihi</strong></span> 
     </span>
    </p>
   </div>
   <div class='ocr_carea' id='block_1_99' title="bbox 1946 3705 3520 3781">
    <p class='ocr_par' dir='ltr' id='par_1_99' title="bbox 1946 3705 3520 3781">
     <span class='ocr_line' id='line_1_99' title="bbox 1946 3705 3520 3781; baseline 0.008 -26"><span class='ocrx_word' id='word_1_734' title='bbox 1946 3705 2142 3774; x_wconf 85' lang='lat' dir='ltr'><strong>quidem</strong></span> <span class='ocrx_word' id='word_1_735' title='bbox 2163 3722 2425 3758; x_wconf 88' lang='lat' dir='ltr'><strong>onerosum</strong></span> <span class='ocrx_word' id='word_1_736' title='bbox 2445 3723 2542 3758; x_wconf 91' lang='lat' dir='ltr'><strong>non</strong></span> <span class='ocrx_word' id='word_1_737' title='bbox 2562 3716 2653 3770; x_wconf 84' lang='lat' dir='ltr'><strong>est,</strong></span> <span class='ocrx_word' id='word_1_738' title='bbox 2682 3709 2815 3759; x_wconf 82' lang='lat' dir='ltr'><strong>vobis</strong></span> <span class='ocrx_word' id='word_1_739' title='bbox 2841 3719 3005 3760; x_wconf 88' lang='lat' dir='ltr'><strong>autem</strong></span> <span class='ocrx_word' id='word_1_740' title='bbox 3035 3719 3192 3762; x_wconf 89' lang='lat' dir='ltr'><strong>tutunt</strong></span> <span class='ocrx_word' id='word_1_741' title='bbox 3212 3710 3430 3781; x_wconf 85' lang='lat' dir='ltr'><strong>(Philip.</strong></span> <span class='ocrx_word' id='word_1_742' title='bbox 3467 3716 3520 3769; x_wconf 77' lang='grc'><strong>5.</strong></span> 
     </span>
    </p>
   </div>
   <div class='ocr_carea' id='block_1_100' title="bbox 1949 3796 3525 3864">
    <p class='ocr_par' dir='ltr' id='par_1_100' title="bbox 1949 3796 3525 3864">
     <span class='ocr_line' id='line_1_100' title="bbox 1949 3796 3525 3864; baseline 0.008 -20"><span class='ocrx_word' id='word_1_743' title='bbox 1949 3797 2022 3864; x_wconf 74' lang='grc'><strong>1).</strong></span> <span class='ocrx_word' id='word_1_744' title='bbox 2057 3796 2256 3863; x_wconf 79' lang='lat' dir='ltr'><strong>chnat</strong></span> <span class='ocrx_word' id='word_1_745' title='bbox 2289 3796 2461 3858; x_wconf 85' lang='lat' dir='ltr'><strong>Pater,</strong></span> <span class='ocrx_word' id='word_1_746' title='bbox 2494 3797 2780 3849; x_wconf 89' lang='lat' dir='ltr'><strong>secundum</strong></span> <span class='ocrx_word' id='word_1_747' title='bbox 2808 3798 2953 3861; x_wconf 87' lang='lat' dir='ltr'><strong>illud,</strong></span> <span class='ocrx_word' id='word_1_748' title='bbox 2991 3798 3120 3852; x_wconf 80' lang='lat' dir='ltr'><strong>IJeus</strong></span> <span class='ocrx_word' id='word_1_749' title='bbox 3150 3818 3235 3853; x_wconf 82' lang='lat' dir='ltr'><strong>rex</strong></span> <span class='ocrx_word' id='word_1_750' title='bbox 3279 3814 3443 3855; x_wconf 88' lang='lat' dir='ltr'><strong>noster</strong></span> <span class='ocrx_word' id='word_1_751' title='bbox 3473 3806 3525 3857; x_wconf 86' lang='lat' dir='ltr'><strong>in</strong></span> 
     </span>
    </p>
   </div>
   <div class='ocr_carea' id='block_1_101' title="bbox 1947 3885 3526 3957">
    <p class='ocr_par' dir='ltr' id='par_1_101' title="bbox 1947 3885 3526 3957">
     <span class='ocr_line' id='line_1_101' title="bbox 1947 3885 3526 3957; baseline 0.004 -17"><span class='ocrx_word' id='word_1_752' title='bbox 1947 3888 2183 3940; x_wconf 70' lang='lat' dir='ltr'><strong>saxulum</strong></span> <span class='ocrx_word' id='word_1_753' title='bbox 2219 3885 2387 3956; x_wconf 83' lang='lat' dir='ltr'><strong>(Psal.</strong></span> <span class='ocrx_word' id='word_1_754' title='bbox 2424 3889 2508 3941; x_wconf 74' lang='lat'><strong>73.</strong></span> <span class='ocrx_word' id='word_1_755' title='bbox 2547 3889 2653 3954; x_wconf 90' lang='lat'><strong>12).</strong></span> <span class='ocrx_word' id='word_1_756' title='bbox 2712 3889 2912 3957; x_wconf 66' lang='lat' dir='ltr'><strong>[legunt</strong></span> <span class='ocrx_word' id='word_1_757' title='bbox 2954 3889 3114 3942; x_wconf 82' lang='lat' dir='ltr'><strong>Filius</strong></span> <span class='ocrx_word' id='word_1_758' title='bbox 3146 3910 3155 3941; x_wconf 94' lang='lat'>:</span> <span class='ocrx_word' id='word_1_759' title='bbox 3188 3908 3329 3954; x_wconf 89' lang='lat' dir='ltr'><strong>nam,</strong></span> <span class='ocrx_word' id='word_1_760' title='bbox 3373 3892 3526 3947; x_wconf 87' lang='lat' dir='ltr'><strong>Dabit</strong></span> 
     </span>
    </p>
   </div>
   <div class='ocr_carea' id='block_1_102' title="bbox 1948 3976 3525 4052">
    <p class='ocr_par' dir='ltr' id='par_1_102' title="bbox 1948 3976 3525 4052">
     <span class='ocr_line' id='line_1_102' title="bbox 1948 3976 3525 4052; baseline 0.004 -22"><span class='ocrx_word' id='word_1_761' title='bbox 1948 3979 2025 4030; x_wconf 90' lang='lat' dir='ltr'><strong>illi</strong></span> <span class='ocrx_word' id='word_1_762' title='bbox 2050 3977 2292 4029; x_wconf 84' lang='lat' dir='ltr'><strong>Dominus</strong></span> <span class='ocrx_word' id='word_1_763' title='bbox 2323 3978 2501 4029; x_wconf 89' lang='lat' dir='ltr'><strong>solium</strong></span> <span class='ocrx_word' id='word_1_764' title='bbox 2532 3976 2696 4029; x_wconf 84' lang='lat' dir='ltr'><strong>David</strong></span> <span class='ocrx_word' id='word_1_765' title='bbox 2718 3980 2873 4047; x_wconf 86' lang='lat' dir='ltr'><strong>putris</strong></span> <span class='ocrx_word' id='word_1_766' title='bbox 2893 3981 3019 4048; x_wconf 81' lang='lat' dir='ltr'><strong>ejus,</strong></span> <span class='ocrx_word' id='word_1_767' title='bbox 3049 3990 3092 4032; x_wconf 90' lang='lat' dir='ltr'><strong>et</strong></span> <span class='ocrx_word' id='word_1_768' title='bbox 3119 3985 3344 4050; x_wconf 83' lang='lat' dir='ltr'><strong>regnabit</strong></span> <span class='ocrx_word' id='word_1_769' title='bbox 3374 4001 3525 4052; x_wconf 87' lang='lat' dir='ltr'><strong>super</strong></span> 
     </span>
    </p>
   </div>
   <div class='ocr_carea' id='block_1_103' title="bbox 1952 4066 3528 4141">
    <p class='ocr_par' dir='ltr' id='par_1_103' title="bbox 1952 4066 3528 4141">
     <span class='ocr_line' id='line_1_103' title="bbox 1952 4066 3528 4141; baseline 0.006 -22"><span class='ocrx_word' id='word_1_770' title='bbox 1952 4069 2154 4120; x_wconf 91' lang='lat' dir='ltr'><strong>domum</strong></span> <span class='ocrx_word' id='word_1_771' title='bbox 2181 4066 2408 4119; x_wconf 79' lang='lat' dir='ltr'><strong>Jacobin</strong></span> <span class='ocrx_word' id='word_1_772' title='bbox 2431 4079 2669 4119; x_wconf 71' lang='lat' dir='ltr'><strong>wtcruum</strong></span> <span class='ocrx_word' id='word_1_773' title='bbox 2706 4067 2851 4136; x_wconf 88' lang='lat' dir='ltr'><strong>(Luc.</strong></span> <span class='ocrx_word' id='word_1_774' title='bbox 2889 4071 2932 4121; x_wconf 89' lang='lat' dir='ltr'><strong>l.</strong></span> <span class='ocrx_word' id='word_1_775' title='bbox 2973 4068 3084 4138; x_wconf 79' lang='lat'><strong>52).</strong></span> <span class='ocrx_word' id='word_1_776' title='bbox 3135 4071 3331 4140; x_wconf 72' lang='lat' dir='ltr'><strong>lleguat</strong></span> <span class='ocrx_word' id='word_1_777' title='bbox 3363 4073 3528 4141; x_wconf 85' lang='lat' dir='ltr'><strong>Spiri-</strong></span> 
     </span>
    </p>
   </div>
   <div class='ocr_carea' id='block_1_104' title="bbox 1954 4157 3525 4228">
    <p class='ocr_par' dir='ltr' id='par_1_104' title="bbox 1954 4157 3525 4228">
     <span class='ocr_line' id='line_1_104' title="bbox 1954 4157 3525 4228; baseline 0.004 -18"><span class='ocrx_word' id='word_1_778' title='bbox 1954 4168 2036 4210; x_wconf 88' lang='lat' dir='ltr'><strong>tus</strong></span> <span class='ocrx_word' id='word_1_779' title='bbox 2064 4166 2316 4211; x_wconf 84' lang='lat' dir='ltr'><strong>sanctus:</strong></span> <span class='ocrx_word' id='word_1_780' title='bbox 2346 4158 2504 4210; x_wconf 87' lang='lat' dir='ltr'><strong>Isaias</strong></span> <span class='ocrx_word' id='word_1_781' title='bbox 2548 4158 2689 4210; x_wconf 91' lang='lat' dir='ltr'><strong>enim</strong></span> <span class='ocrx_word' id='word_1_782' title='bbox 2733 4159 2890 4222; x_wconf 76' lang='lat' dir='ltr'><strong>dixit,</strong></span> <span class='ocrx_word' id='word_1_783' title='bbox 2940 4157 3003 4209; x_wconf 88' lang='lat' dir='ltr'><strong>Et</strong></span> <span class='ocrx_word' id='word_1_784' title='bbox 3045 4176 3207 4228; x_wconf 85' lang='lat' dir='ltr'><strong>regem</strong></span> <span class='ocrx_word' id='word_1_785' title='bbox 3255 4162 3525 4218; x_wconf 90' lang='lat' dir='ltr'><strong>Dominum</strong></span> 
     </span>
    </p>
   </div>
   <div class='ocr_carea' id='block_1_105' title="bbox 1954 4248 3534 4313">
    <p class='ocr_par' dir='ltr' id='par_1_105' title="bbox 1954 4248 3534 4313">
     <span class='ocr_line' id='line_1_105' title="bbox 1954 4248 3534 4313; baseline 0.006 -11"><span class='ocrx_word' id='word_1_786' title='bbox 1954 4248 2179 4302; x_wconf 88' lang='lat' dir='ltr'><strong>Sabaoth</strong></span> <span class='ocrx_word' id='word_1_787' title='bbox 2217 4249 2318 4300; x_wconf 70' lang='lat' dir='ltr'><strong>ridi</strong></span> <span class='ocrx_word' id='word_1_788' title='bbox 2360 4248 2516 4300; x_wconf 89' lang='lat' dir='ltr'><strong>oculis</strong></span> <span class='ocrx_word' id='word_1_789' title='bbox 2563 4250 2682 4301; x_wconf 88' lang='lat' dir='ltr'><strong>meis</strong></span> <span class='ocrx_word' id='word_1_790' title='bbox 2723 4251 2965 4301; x_wconf 83' lang='lat' dir='ltr'><strong>sedentem</strong></span> <span class='ocrx_word' id='word_1_791' title='bbox 2998 4253 3046 4302; x_wconf 87' lang='lat' dir='ltr'><strong>in</strong></span> <span class='ocrx_word' id='word_1_792' title='bbox 3083 4253 3208 4304; x_wconf 88' lang='lat' dir='ltr'><strong>solio</strong></span> <span class='ocrx_word' id='word_1_793' title='bbox 3251 4258 3442 4309; x_wconf 67' lang='lat' dir='ltr'><strong>excelso</strong></span> <span class='ocrx_word' id='word_1_794' title='bbox 3479 4271 3534 4313; x_wconf 84' lang='lat' dir='ltr'><strong>et</strong></span> 
     </span>
    </p>
   </div>
   <div class='ocr_carea' id='block_1_106' title="bbox 1953 4336 3529 4411">
    <p class='ocr_par' dir='ltr' id='par_1_106' title="bbox 1953 4336 3529 4411">
     <span class='ocr_line' id='line_1_106' title="bbox 1953 4336 3529 4411; baseline 0.006 -22"><span class='ocrx_word' id='word_1_795' title='bbox 1953 4338 2161 4389; x_wconf 85' lang='lat' dir='ltr'><strong>elevata.</strong></span> <span class='ocrx_word' id='word_1_796' title='bbox 2197 4336 2259 4388; x_wconf 85' lang='lat' dir='ltr'><strong>Et</strong></span> <span class='ocrx_word' id='word_1_797' title='bbox 2289 4338 2414 4389; x_wconf 88' lang='lat' dir='ltr'><strong>dixit</strong></span> <span class='ocrx_word' id='word_1_798' title='bbox 2446 4338 2512 4388; x_wconf 90' lang='lat' dir='ltr'><strong>ad</strong></span> <span class='ocrx_word' id='word_1_799' title='bbox 2537 4355 2614 4389; x_wconf 90' lang='lat' dir='ltr'><strong>me</strong></span> <span class='ocrx_word' id='word_1_800' title='bbox 2646 4354 2663 4389; x_wconf 86' lang='lat'><strong>.&#39;</strong></span> <span class='ocrx_word' id='word_1_801' title='bbox 2708 4337 2840 4389; x_wconf 82' lang='lat' dir='ltr'><strong>Vade</strong></span> <span class='ocrx_word' id='word_1_802' title='bbox 2866 4352 2908 4390; x_wconf 89' lang='lat' dir='ltr'><strong>et</strong></span> <span class='ocrx_word' id='word_1_803' title='bbox 2933 4340 3013 4390; x_wconf 88' lang='lat' dir='ltr'><strong>dic</strong></span> <span class='ocrx_word' id='word_1_804' title='bbox 3049 4341 3233 4408; x_wconf 89' lang='lat' dir='ltr'><strong>populo</strong></span> <span class='ocrx_word' id='word_1_805' title='bbox 3261 4345 3395 4411; x_wconf 85' lang='lat' dir='ltr'><strong>huic,</strong></span> <span class='ocrx_word' id='word_1_806' title='bbox 3423 4349 3529 4400; x_wconf 80' lang='lat' dir='ltr'><strong>Au-</strong></span> 
     </span>
    </p>
   </div>
   <div class='ocr_carea' id='block_1_107' title="bbox 1954 4426 3526 4500">
    <p class='ocr_par' dir='ltr' id='par_1_107' title="bbox 1954 4426 3526 4500">
     <span class='ocr_line' id='line_1_107' title="bbox 1954 4426 3526 4500; baseline 0.008 -22"><span class='ocrx_word' id='word_1_807' title='bbox 1954 4428 2062 4479; x_wconf 89' lang='lat' dir='ltr'><strong>ditu</strong></span> <span class='ocrx_word' id='word_1_808' title='bbox 2090 4427 2321 4490; x_wconf 88' lang='lat' dir='ltr'><strong>audietis,</strong></span> <span class='ocrx_word' id='word_1_809' title='bbox 2352 4438 2396 4476; x_wconf 88' lang='lat' dir='ltr'><strong>et</strong></span> <span class='ocrx_word' id='word_1_810' title='bbox 2425 4442 2522 4477; x_wconf 91' lang='lat' dir='ltr'><strong>non</strong></span> <span class='ocrx_word' id='word_1_811' title='bbox 2551 4426 2857 4494; x_wconf 81' lang='lat' dir='ltr'><strong>intelligetis,</strong></span> <span class='ocrx_word' id='word_1_812' title='bbox 2879 4437 2923 4478; x_wconf 90' lang='lat' dir='ltr'><strong>et</strong></span> <span class='ocrx_word' id='word_1_813' title='bbox 2945 4432 3162 4482; x_wconf 81' lang='lat' dir='ltr'><strong>videntes</strong></span> <span class='ocrx_word' id='word_1_814' title='bbox 3189 4434 3433 4500; x_wconf 71' lang='lat' dir='ltr'><strong>videbitis,</strong></span> <span class='ocrx_word' id='word_1_815' title='bbox 3478 4449 3526 4492; x_wconf 89' lang='lat' dir='ltr'><strong>e:</strong></span> 
     </span>
    </p>
   </div>
   <div class='ocr_carea' id='block_1_108' title="bbox 1954 4515 3529 4589">
    <p class='ocr_par' dir='ltr' id='par_1_108' title="bbox 1954 4515 3529 4589">
     <span class='ocr_line' id='line_1_108' title="bbox 1954 4515 3529 4589; baseline 0.003 -18"><span class='ocrx_word' id='word_1_816' title='bbox 1954 4535 2052 4571; x_wconf 89' lang='lat' dir='ltr'><strong>non</strong></span> <span class='ocrx_word' id='word_1_817' title='bbox 2091 4517 2412 4586; x_wconf 75' lang='lat' dir='ltr'><strong>perspiciatis,</strong></span> <span class='ocrx_word' id='word_1_818' title='bbox 2457 4525 2558 4569; x_wconf 70' lang='lat' dir='ltr'><strong>etc.</strong></span> <span class='ocrx_word' id='word_1_819' title='bbox 2609 4515 2759 4584; x_wconf 88' lang='lat' dir='ltr'><strong>(Isai.</strong></span> <span class='ocrx_word' id='word_1_820' title='bbox 2791 4517 2841 4571; x_wconf 84' lang='lat'><strong>6.</strong></span> <span class='ocrx_word' id='word_1_821' title='bbox 2875 4520 2920 4571; x_wconf 84' lang='lat'><strong>1.</strong></span> <span class='ocrx_word' id='word_1_822' title='bbox 2955 4519 3044 4588; x_wconf 86' lang='lat'><strong>9);</strong></span> <span class='ocrx_word' id='word_1_823' title='bbox 3084 4525 3363 4589; x_wconf 82' lang='lat' dir='ltr'><strong>Apostolus</strong></span> <span class='ocrx_word' id='word_1_824' title='bbox 3403 4543 3529 4581; x_wconf 84' lang='lat' dir='ltr'><strong>vero</strong></span> 
     </span>
    </p>
   </div>
   <div class='ocr_carea' id='block_1_109' title="bbox 1954 4608 3526 4683">
    <p class='ocr_par' dir='ltr' id='par_1_109' title="bbox 1954 4608 3526 4683">
     <span class='ocr_line' id='line_1_109' title="bbox 1954 4608 3526 4683; baseline 0.005 -19"><span class='ocrx_word' id='word_1_825' title='bbox 1954 4611 2020 4664; x_wconf 84' lang='lat' dir='ltr'><strong>dc</strong></span> <span class='ocrx_word' id='word_1_826' title='bbox 2049 4609 2249 4678; x_wconf 87' lang='lat' dir='ltr'><strong>Spiritu</strong></span> <span class='ocrx_word' id='word_1_827' title='bbox 2273 4620 2455 4662; x_wconf 86' lang='lat' dir='ltr'><strong>sancto</strong></span> <span class='ocrx_word' id='word_1_828' title='bbox 2484 4608 2754 4676; x_wconf 68' lang='lat' dir='ltr'><strong>propheta:</strong></span> <span class='ocrx_word' id='word_1_829' title='bbox 2795 4609 3108 4680; x_wconf 87' lang='lat' dir='ltr'><strong>theologiam</strong></span> <span class='ocrx_word' id='word_1_830' title='bbox 3152 4618 3398 4683; x_wconf 68' lang='lat' dir='ltr'><strong>esplieat.</strong></span> <span class='ocrx_word' id='word_1_831' title='bbox 3435 4620 3526 4672; x_wconf 91' lang='lat' dir='ltr'><strong>Illo</strong></span> 
     </span>
    </p>
   </div>
   <div class='ocr_carea' id='block_1_110' title="bbox 1954 4697 3526 4777">
    <p class='ocr_par' dir='ltr' id='par_1_110' title="bbox 1954 4697 3526 4777">
     <span class='ocr_line' id='line_1_110' title="bbox 1954 4697 3526 4777; baseline 0.004 -23"><span class='ocrx_word' id='word_1_832' title='bbox 1954 4700 2182 4765; x_wconf 87' lang='lat' dir='ltr'><strong>dicente,</strong></span> <span class='ocrx_word' id='word_1_833' title='bbox 2219 4697 2332 4750; x_wconf 87' lang='lat' dir='ltr'><strong>Vidi</strong></span> <span class='ocrx_word' id='word_1_834' title='bbox 2348 4714 2518 4770; x_wconf 72' lang='lat' dir='ltr'><strong>regem</strong></span> <span class='ocrx_word' id='word_1_835' title='bbox 2556 4697 2832 4751; x_wconf 89' lang='lat' dir='ltr'><strong>Dominum</strong></span> <span class='ocrx_word' id='word_1_836' title='bbox 2869 4700 3112 4768; x_wconf 85' lang='lat' dir='ltr'><strong>Sabaoth,</strong></span> <span class='ocrx_word' id='word_1_837' title='bbox 3146 4713 3190 4755; x_wconf 89' lang='lat' dir='ltr'><strong>et</strong></span> <span class='ocrx_word' id='word_1_838' title='bbox 3227 4706 3351 4759; x_wconf 86' lang='lat' dir='ltr'><strong>dixit</strong></span> <span class='ocrx_word' id='word_1_839' title='bbox 3379 4710 3526 4777; x_wconf 88' lang='lat' dir='ltr'><strong>mihi,</strong></span> 
     </span>
    </p>
   </div>
   <div class='ocr_carea' id='block_1_111' title="bbox 1964 4787 3524 4860">
    <p class='ocr_par' dir='ltr' id='par_1_111' title="bbox 1964 4787 3524 4860">
     <span class='ocr_line' id='line_1_111' title="bbox 1964 4787 3524 4860; baseline 0.006 -18"><span class='ocrx_word' id='word_1_840' title='bbox 1964 4791 2121 4854; x_wconf 86' lang='lat' dir='ltr'><strong>Vade,</strong></span> <span class='ocrx_word' id='word_1_841' title='bbox 2149 4800 2192 4842; x_wconf 90' lang='lat' dir='ltr'><strong>et</strong></span> <span class='ocrx_word' id='word_1_842' title='bbox 2225 4789 2304 4840; x_wconf 87' lang='lat' dir='ltr'><strong>dic</strong></span> <span class='ocrx_word' id='word_1_843' title='bbox 2326 4787 2512 4856; x_wconf 83' lang='lat' dir='ltr'><strong>papula</strong></span> <span class='ocrx_word' id='word_1_844' title='bbox 2540 4789 2673 4854; x_wconf 88' lang='lat' dir='ltr'><strong>huic,</strong></span> <span class='ocrx_word' id='word_1_845' title='bbox 2699 4789 2893 4842; x_wconf 91' lang='lat' dir='ltr'><strong>Paulus</strong></span> <span class='ocrx_word' id='word_1_846' title='bbox 2925 4806 3017 4859; x_wconf 92' lang='lat' dir='ltr'><strong>per</strong></span> <span class='ocrx_word' id='word_1_847' title='bbox 3041 4808 3216 4860; x_wconf 80' lang='lat' dir='ltr'><strong>regem</strong></span> <span class='ocrx_word' id='word_1_848' title='bbox 3244 4795 3524 4852; x_wconf 91' lang='lat' dir='ltr'><strong>Dominum</strong></span> 
     </span>
    </p>
   </div>
   <div class='ocr_carea' id='block_1_112' title="bbox 1955 4879 3529 4949">
    <p class='ocr_par' dir='ltr' id='par_1_112' title="bbox 1955 4879 3529 4949">
     <span class='ocr_line' id='line_1_112' title="bbox 1955 4879 3529 4949; baseline -0.004 -13"><span class='ocrx_word' id='word_1_849' title='bbox 1955 4881 2183 4936; x_wconf 87' lang='lat' dir='ltr'><strong>Sabaoth</strong></span> <span class='ocrx_word' id='word_1_850' title='bbox 2200 4879 2450 4947; x_wconf 88' lang='lat' dir='ltr'><strong>Spiritum</strong></span> <span class='ocrx_word' id='word_1_851' title='bbox 2479 4889 2719 4932; x_wconf 88' lang='lat' dir='ltr'><strong>sanctum</strong></span> <span class='ocrx_word' id='word_1_852' title='bbox 2747 4881 3029 4949; x_wconf 88' lang='lat' dir='ltr'><strong>accipiens,</strong></span> <span class='ocrx_word' id='word_1_853' title='bbox 3050 4897 3170 4936; x_wconf 89' lang='lat' dir='ltr'><strong>eum</strong></span> <span class='ocrx_word' id='word_1_854' title='bbox 3193 4885 3372 4939; x_wconf 77' lang='lat' dir='ltr'><strong>Ruina:</strong></span> <span class='ocrx_word' id='word_1_855' title='bbox 3393 4903 3529 4940; x_wconf 88' lang='lat' dir='ltr'><strong>con-</strong></span> 
     </span>
    </p>
   </div>
   <div class='ocr_carea' id='block_1_113' title="bbox 1959 4970 3527 5038">
    <p class='ocr_par' dir='ltr' id='par_1_113' title="bbox 1959 4970 3527 5038">
     <span class='ocr_line' id='line_1_113' title="bbox 1959 4970 3527 5038; baseline 0.004 -12"><span class='ocrx_word' id='word_1_856' title='bbox 1959 4984 2035 5026; x_wconf 91' lang='lat' dir='ltr'><strong>tra</strong></span> <span class='ocrx_word' id='word_1_857' title='bbox 2054 4971 2264 5025; x_wconf 68' lang='lat' dir='ltr'><strong>Judteos</strong></span> <span class='ocrx_word' id='word_1_858' title='bbox 2289 4971 2600 5038; x_wconf 83' lang='lat' dir='ltr'><strong>disputaret,</strong></span> <span class='ocrx_word' id='word_1_859' title='bbox 2630 4973 2721 5036; x_wconf 89' lang='lat' dir='ltr'><strong>ait,</strong></span> <span class='ocrx_word' id='word_1_860' title='bbox 2755 4970 2890 5024; x_wconf 90' lang='lat' dir='ltr'><strong>Bene</strong></span> <span class='ocrx_word' id='word_1_861' title='bbox 2921 4972 3145 5034; x_wconf 87' lang='lat' dir='ltr'><strong>Spiritus</strong></span> <span class='ocrx_word' id='word_1_862' title='bbox 3170 4989 3372 5030; x_wconf 84' lang='lat' dir='ltr'><strong>sanctus</strong></span> <span class='ocrx_word' id='word_1_863' title='bbox 3399 4981 3527 5032; x_wconf 85' lang='lat' dir='ltr'><strong>dixit</strong></span> 
     </span>
    </p>
   </div>
   <div class='ocr_carea' id='block_1_114' title="bbox 1957 5061 3530 5133">
    <p class='ocr_par' dir='ltr' id='par_1_114' title="bbox 1957 5061 3530 5133">
     <span class='ocr_line' id='line_1_114' title="bbox 1957 5061 3530 5133; baseline 0.006 -19"><span class='ocrx_word' id='word_1_864' title='bbox 1957 5063 2022 5114; x_wconf 89' lang='lat' dir='ltr'><strong>ad</strong></span> <span class='ocrx_word' id='word_1_865' title='bbox 2049 5071 2212 5130; x_wconf 87' lang='lat' dir='ltr'><strong>patres</strong></span> <span class='ocrx_word' id='word_1_866' title='bbox 2257 5071 2452 5114; x_wconf 86' lang='lat' dir='ltr'><strong>nostros</strong></span> <span class='ocrx_word' id='word_1_867' title='bbox 2483 5079 2572 5128; x_wconf 89' lang='lat' dir='ltr'><strong>per</strong></span> <span class='ocrx_word' id='word_1_868' title='bbox 2608 5061 2797 5114; x_wconf 80' lang='lat' dir='ltr'><strong>Isaiam</strong></span> <span class='ocrx_word' id='word_1_869' title='bbox 2846 5066 3140 5132; x_wconf 87' lang='lat' dir='ltr'><strong>praphetam</strong></span> <span class='ocrx_word' id='word_1_870' title='bbox 3178 5081 3195 5117; x_wconf 90' lang='lat'><em>:</em></span> <span class='ocrx_word' id='word_1_871' title='bbox 3231 5066 3398 5133; x_wconf 82' lang='lat' dir='ltr'><strong>Vade,</strong></span> <span class='ocrx_word' id='word_1_872' title='bbox 3449 5071 3530 5123; x_wconf 89' lang='lat' dir='ltr'><strong>dic</strong></span> 
     </span>
    </p>
   </div>
   <div class='ocr_carea' id='block_1_115' title="bbox 1958 5151 3526 5229">
    <p class='ocr_par' dir='ltr' id='par_1_115' title="bbox 1958 5151 3526 5229">
     <span class='ocr_line' id='line_1_115' title="bbox 1958 5151 3526 5229; baseline 0.005 -25"><span class='ocrx_word' id='word_1_873' title='bbox 1958 5152 2142 5221; x_wconf 85' lang='lat' dir='ltr'><strong>papula</strong></span> <span class='ocrx_word' id='word_1_874' title='bbox 2165 5152 2277 5203; x_wconf 88' lang='lat' dir='ltr'><strong>huic</strong></span> <span class='ocrx_word' id='word_1_875' title='bbox 2299 5192 2313 5216; x_wconf 89' lang='lat'><strong>,</strong></span> <span class='ocrx_word' id='word_1_876' title='bbox 2360 5151 2550 5205; x_wconf 79' lang='lat' dir='ltr'><strong>Audita</strong></span> <span class='ocrx_word' id='word_1_877' title='bbox 2585 5154 2815 5216; x_wconf 88' lang='lat' dir='ltr'><strong>audietis,</strong></span> <span class='ocrx_word' id='word_1_878' title='bbox 2858 5164 2902 5207; x_wconf 89' lang='lat' dir='ltr'><strong>et</strong></span> <span class='ocrx_word' id='word_1_879' title='bbox 2951 5172 3049 5207; x_wconf 90' lang='lat' dir='ltr'><strong>nou</strong></span> <span class='ocrx_word' id='word_1_880' title='bbox 3082 5157 3364 5225; x_wconf 83' lang='lat' dir='ltr'><strong>intelligetis</strong></span> <span class='ocrx_word' id='word_1_881' title='bbox 3393 5158 3526 5229; x_wconf 80' lang='lat' dir='ltr'><strong>(Act.</strong></span> 
     </span>
    </p>
   </div>
   <div class='ocr_carea' id='block_1_116' title="bbox 1957 5243 3527 5315">
    <p class='ocr_par' dir='ltr' id='par_1_116' title="bbox 1957 5243 3527 5315">
     <span class='ocr_line' id='line_1_116' title="bbox 1957 5243 3527 5315; baseline 0.004 -17"><span class='ocrx_word' id='word_1_882' title='bbox 1957 5245 2044 5298; x_wconf 89' lang='lat'><strong>28.</strong></span> <span class='ocrx_word' id='word_1_883' title='bbox 2077 5244 2188 5314; x_wconf 79' lang='lat'><strong>25),</strong></span> <span class='ocrx_word' id='word_1_884' title='bbox 2210 5256 2312 5297; x_wconf 88' lang='lat' dir='ltr'><strong>etc.</strong></span> <span class='ocrx_word' id='word_1_885' title='bbox 2348 5243 2508 5298; x_wconf 90' lang='lat' dir='ltr'><strong>Isaias</strong></span> <span class='ocrx_word' id='word_1_886' title='bbox 2538 5245 2686 5306; x_wconf 79' lang='lat' dir='ltr'><strong>dixit,</strong></span> <span class='ocrx_word' id='word_1_887' title='bbox 2719 5244 2901 5315; x_wconf 81' lang='lat' dir='ltr'><strong>Regem</strong></span> <span class='ocrx_word' id='word_1_888' title='bbox 2936 5247 3160 5300; x_wconf 84' lang='lat' dir='ltr'><strong>Salaoth</strong></span> <span class='ocrx_word' id='word_1_889' title='bbox 3191 5251 3287 5301; x_wconf 84' lang='lat' dir='ltr'><strong>vidi</strong></span> <span class='ocrx_word' id='word_1_890' title='bbox 3325 5261 3368 5304; x_wconf 86' lang='lat' dir='ltr'><strong>et</strong></span> <span class='ocrx_word' id='word_1_891' title='bbox 3400 5251 3527 5305; x_wconf 72' lang='lat' dir='ltr'><strong>dixit</strong></span> 
     </span>
    </p>
   </div>
   <div class='ocr_carea' id='block_1_117' title="bbox 1958 5332 3527 5408">
    <p class='ocr_par' dir='ltr' id='par_1_117' title="bbox 1958 5332 3527 5408">
     <span class='ocr_line' id='line_1_117' title="bbox 1958 5332 3527 5408; baseline 0.006 -21"><span class='ocrx_word' id='word_1_892' title='bbox 1958 5334 2100 5397; x_wconf 87' lang='lat' dir='ltr'><strong>mihi,</strong></span> <span class='ocrx_word' id='word_1_893' title='bbox 2139 5332 2230 5385; x_wconf 90' lang='lat' dir='ltr'><strong>Dic</strong></span> <span class='ocrx_word' id='word_1_894' title='bbox 2261 5337 2446 5403; x_wconf 89' lang='lat' dir='ltr'><strong>populo</strong></span> <span class='ocrx_word' id='word_1_895' title='bbox 2487 5335 2643 5399; x_wconf 89' lang='lat' dir='ltr'><strong>huic;</strong></span> <span class='ocrx_word' id='word_1_896' title='bbox 2679 5336 2970 5405; x_wconf 84' lang='lat' dir='ltr'><strong>Paulusque</strong></span> <span class='ocrx_word' id='word_1_897' title='bbox 3006 5339 3273 5393; x_wconf 86' lang='lat' dir='ltr'><strong>disserens</strong></span> <span class='ocrx_word' id='word_1_898' title='bbox 3310 5341 3527 5408; x_wconf 87' lang='lat' dir='ltr'><strong>Spiritui</strong></span> 
     </span>
    </p>
   </div>
   <div class='ocr_carea' id='block_1_118' title="bbox 1960 5423 3525 5497">
    <p class='ocr_par' dir='ltr' id='par_1_118' title="bbox 1960 5423 3525 5497">
     <span class='ocr_line' id='line_1_118' title="bbox 1960 5423 3525 5497; baseline 0.005 -21"><span class='ocrx_word' id='word_1_899' title='bbox 1960 5433 2142 5476; x_wconf 88' lang='lat' dir='ltr'><strong>sancto</strong></span> <span class='ocrx_word' id='word_1_900' title='bbox 2190 5423 2326 5477; x_wconf 90' lang='lat' dir='ltr'><strong>hanc</strong></span> <span class='ocrx_word' id='word_1_901' title='bbox 2359 5425 2723 5477; x_wconf 88' lang='lat' dir='ltr'><strong>auctoritatem</strong></span> <span class='ocrx_word' id='word_1_902' title='bbox 2770 5427 3067 5495; x_wconf 89' lang='lat' dir='ltr'><strong>adscripsit.</strong></span> <span class='ocrx_word' id='word_1_903' title='bbox 3119 5429 3254 5496; x_wconf 81' lang='lat' dir='ltr'><strong>Ergo</strong></span> <span class='ocrx_word' id='word_1_904' title='bbox 3302 5429 3525 5497; x_wconf 90' lang='lat' dir='ltr'><strong>Spiritus</strong></span> 
     </span>
    </p>
   </div>
   <div class='ocr_carea' id='block_1_119' title="bbox 1960 5515 3525 5584">
    <p class='ocr_par' dir='ltr' id='par_1_119' title="bbox 1960 5515 3525 5584">
     <span class='ocr_line' id='line_1_119' title="bbox 1960 5515 3525 5584; baseline 0.007 -17"><span class='ocrx_word' id='word_1_905' title='bbox 1960 5525 2174 5567; x_wconf 91' lang='lat' dir='ltr'><strong>sanctus</strong></span> <span class='ocrx_word' id='word_1_906' title='bbox 2200 5531 2292 5568; x_wconf 80' lang='lat' dir='ltr'><strong>rex</strong></span> <span class='ocrx_word' id='word_1_907' title='bbox 2320 5524 2474 5568; x_wconf 91' lang='lat' dir='ltr'><strong>estet</strong></span> <span class='ocrx_word' id='word_1_908' title='bbox 2503 5515 2754 5568; x_wconf 89' lang='lat' dir='ltr'><strong>Dominus</strong></span> <span class='ocrx_word' id='word_1_909' title='bbox 2783 5516 3037 5582; x_wconf 86' lang='lat' dir='ltr'><strong>Sabaoth,</strong></span> <span class='ocrx_word' id='word_1_910' title='bbox 3061 5519 3147 5584; x_wconf 91' lang='lat' dir='ltr'><strong>qui</strong></span> <span class='ocrx_word' id='word_1_911' title='bbox 3175 5519 3308 5572; x_wconf 82' lang='lat' dir='ltr'><strong>dixit</strong></span> <span class='ocrx_word' id='word_1_912' title='bbox 3332 5521 3477 5574; x_wconf 69' lang='grc' dir='ltr'><strong>Ιετιὶω</strong></span> <span class='ocrx_word' id='word_1_913' title='bbox 3510 5542 3525 5578; x_wconf 87' lang='lat'><strong>:</strong></span> 
     </span>
    </p>
   </div>
   <div class='ocr_carea' id='block_1_120' title="bbox 1971 5605 3528 5675">
    <p class='ocr_par' dir='ltr' id='par_1_120' title="bbox 1971 5605 3528 5675">
     <span class='ocr_line' id='line_1_120' title="bbox 1971 5605 3528 5675; baseline 0.004 -17"><span class='ocrx_word' id='word_1_914' title='bbox 1971 5605 2127 5670; x_wconf 83' lang='lat' dir='ltr'><strong>Vade,</strong></span> <span class='ocrx_word' id='word_1_915' title='bbox 2155 5616 2198 5659; x_wconf 89' lang='lat' dir='ltr'><strong>et</strong></span> <span class='ocrx_word' id='word_1_916' title='bbox 2223 5607 2304 5658; x_wconf 88' lang='lat' dir='ltr'><strong>dic</strong></span> <span class='ocrx_word' id='word_1_917' title='bbox 2328 5607 2514 5675; x_wconf 89' lang='lat' dir='ltr'><strong>populo</strong></span> <span class='ocrx_word' id='word_1_918' title='bbox 2541 5606 2677 5673; x_wconf 89' lang='lat' dir='ltr'><strong>huic,</strong></span> <span class='ocrx_word' id='word_1_919' title='bbox 2707 5606 2897 5658; x_wconf 84' lang='lat' dir='ltr'><strong>Audita</strong></span> <span class='ocrx_word' id='word_1_920' title='bbox 2922 5607 3153 5673; x_wconf 86' lang='lat' dir='ltr'><strong>audietis,</strong></span> <span class='ocrx_word' id='word_1_921' title='bbox 3189 5619 3232 5661; x_wconf 88' lang='lat' dir='ltr'><strong>et</strong></span> <span class='ocrx_word' id='word_1_922' title='bbox 3255 5627 3352 5663; x_wconf 80' lang='lat' dir='ltr'><strong>non</strong></span> <span class='ocrx_word' id='word_1_923' title='bbox 3375 5612 3528 5665; x_wconf 84' lang='lat' dir='ltr'><strong>intel-</strong></span> 
     </span>
    </p>
   </div>
   <div class='ocr_carea' id='block_1_121' title="bbox 1965 5699 3526 5776">
    <p class='ocr_par' dir='ltr' id='par_1_121' title="bbox 1965 5699 3526 5776">
     <span class='ocr_line' id='line_1_121' title="bbox 1965 5699 3526 5776; baseline 0.003 -24"><span class='ocrx_word' id='word_1_924' title='bbox 1965 5699 2144 5770; x_wconf 80' lang='lat' dir='ltr'><strong>ligetis,</strong></span> <span class='ocrx_word' id='word_1_925' title='bbox 2178 5709 2221 5753; x_wconf 84' lang='lat' dir='ltr'><strong>et</strong></span> <span class='ocrx_word' id='word_1_926' title='bbox 2250 5700 2464 5754; x_wconf 85' lang='lat' dir='ltr'><strong>ridentes</strong></span> <span class='ocrx_word' id='word_1_927' title='bbox 2496 5701 2737 5770; x_wconf 81' lang='lat' dir='ltr'><strong>videbitis,</strong></span> <span class='ocrx_word' id='word_1_928' title='bbox 2765 5712 2923 5757; x_wconf 89' lang='lat' dir='ltr'><strong>etnon</strong></span> <span class='ocrx_word' id='word_1_929' title='bbox 2954 5703 3278 5772; x_wconf 72' lang='lat' dir='ltr'><strong>perspicit-tis,</strong></span> <span class='ocrx_word' id='word_1_930' title='bbox 3311 5711 3412 5760; x_wconf 88' lang='lat' dir='ltr'><strong>etc.</strong></span> <span class='ocrx_word' id='word_1_931' title='bbox 3437 5704 3526 5776; x_wconf 76' lang='lat' dir='ltr'><strong>Et,</strong></span> 
     </span>
    </p>
   </div>
  </div>
