  <div class='ocr_page' id='page_1' title='image "/cluster/home/n/w/nwhite01/storage/ocr_20150623/56/pst.000005712557/503.png"; bbox 0 0 4104 6322; ppageno 0'>
   <div class='ocr_carea' id='block_1_1' title="bbox 651 331 763 388">
    <p class='ocr_par' dir='ltr' id='par_1_1' title="bbox 651 331 763 388">
     <span class='ocr_line' id='line_1_1' title="bbox 651 331 763 388; baseline 0.009 -1"><span class='ocrx_word' id='word_1_1' title='bbox 651 331 763 388; x_wconf 90' lang='grc'><strong>511</strong></span> 
     </span>
    </p>
   </div>
   <div class='ocr_carea' id='block_1_2' title="bbox 659 432 2226 507">
    <p class='ocr_par' dir='ltr' id='par_1_2' title="bbox 659 432 2226 507">
     <span class='ocr_line' id='line_1_2' title="bbox 659 432 2226 507; baseline -0.011 -5"><span class='ocrx_word' id='word_1_2' title='bbox 659 448 841 503; x_wconf 76' lang='lat' dir='ltr'><strong>Audiui</strong></span> <span class='ocrx_word' id='word_1_3' title='bbox 865 463 1029 501; x_wconf 78' lang='lat' dir='ltr'><strong>uocem</strong></span> <span class='ocrx_word' id='word_1_4' title='bbox 1056 444 1259 499; x_wconf 77' lang='lat' dir='ltr'><strong>Domini</strong></span> <span class='ocrx_word' id='word_1_5' title='bbox 1286 443 1515 507; x_wconf 86' lang='lat' dir='ltr'><strong>dicentis,</strong></span> <span class='ocrx_word' id='word_1_6' title='bbox 1550 438 1708 504; x_wconf 85' lang='lat' dir='ltr'><strong>Vade,</strong></span> <span class='ocrx_word' id='word_1_7' title='bbox 1749 439 1827 492; x_wconf 79' lang='lat' dir='ltr'><strong>die</strong></span> <span class='ocrx_word' id='word_1_8' title='bbox 1855 433 2039 506; x_wconf 79' lang='lat' dir='ltr'><strong>populo</strong></span> <span class='ocrx_word' id='word_1_9' title='bbox 2068 432 2184 486; x_wconf 84' lang='lat' dir='ltr'><strong>huic</strong></span> <span class='ocrx_word' id='word_1_10' title='bbox 2206 449 2226 499; x_wconf 80' lang='lat'><em>;</em></span> 
     </span>
    </p>
   </div>
   <div class='ocr_carea' id='block_1_3' title="bbox 662 526 2228 603">
    <p class='ocr_par' dir='ltr' id='par_1_3' title="bbox 662 526 2228 603">
     <span class='ocr_line' id='line_1_3' title="bbox 662 526 2228 603; baseline -0.008 -12"><span class='ocrx_word' id='word_1_11' title='bbox 662 538 913 592; x_wconf 78' lang='lat' dir='ltr'><strong>Dominus</strong></span> <span class='ocrx_word' id='word_1_12' title='bbox 936 539 1112 603; x_wconf 84' lang='lat' dir='ltr'><strong>Pater,</strong></span> <span class='ocrx_word' id='word_1_13' title='bbox 1136 536 1389 589; x_wconf 84' lang='lat' dir='ltr'><strong>Dominus</strong></span> <span class='ocrx_word' id='word_1_14' title='bbox 1420 534 1619 596; x_wconf 84' lang='lat' dir='ltr'><strong>Filius;</strong></span> <span class='ocrx_word' id='word_1_15' title='bbox 1650 546 1768 584; x_wconf 89' lang='lat' dir='ltr'><strong>nam</strong></span> <span class='ocrx_word' id='word_1_16' title='bbox 1803 528 1943 582; x_wconf 74' lang='lat' dir='ltr'><strong>Dixit</strong></span> <span class='ocrx_word' id='word_1_17' title='bbox 1985 526 2228 579; x_wconf 88' lang='lat' dir='ltr'><strong>Dominus</strong></span> 
     </span>
    </p>
   </div>
   <div class='ocr_carea' id='block_1_4' title="bbox 658 617 2229 695">
    <p class='ocr_par' dir='ltr' id='par_1_4' title="bbox 658 617 2229 695">
     <span class='ocr_line' id='line_1_4' title="bbox 658 617 2229 695; baseline -0.007 -13"><span class='ocrx_word' id='word_1_18' title='bbox 658 629 877 682; x_wconf 88' lang='lat' dir='ltr'><strong>Domino</strong></span> <span class='ocrx_word' id='word_1_19' title='bbox 906 646 1031 689; x_wconf 85' lang='lat' dir='ltr'><strong>meo,</strong></span> <span class='ocrx_word' id='word_1_20' title='bbox 1071 628 1202 682; x_wconf 85' lang='lat' dir='ltr'><strong>Sede</strong></span> <span class='ocrx_word' id='word_1_21' title='bbox 1228 644 1258 678; x_wconf 91' lang='lat' dir='ltr'><strong>a</strong></span> <span class='ocrx_word' id='word_1_22' title='bbox 1286 627 1471 679; x_wconf 75' lang='lat' dir='ltr'><strong>dextris</strong></span> <span class='ocrx_word' id='word_1_23' title='bbox 1502 625 1621 676; x_wconf 86' lang='lat' dir='ltr'><strong>meis</strong></span> <span class='ocrx_word' id='word_1_24' title='bbox 1658 622 1824 695; x_wconf 84' lang='lat' dir='ltr'><strong>(Psal.</strong></span> <span class='ocrx_word' id='word_1_25' title='bbox 1866 619 1984 673; x_wconf 83' lang='grc'><strong>109.</strong></span> <span class='ocrx_word' id='word_1_26' title='bbox 2018 618 2094 685; x_wconf 89' lang='grc'><strong>1).</strong></span> <span class='ocrx_word' id='word_1_27' title='bbox 2126 617 2229 671; x_wconf 85' lang='lat' dir='ltr'><strong>D0-</strong></span> 
     </span>
    </p>
   </div>
   <div class='ocr_carea' id='block_1_5' title="bbox 659 713 2226 786">
    <p class='ocr_par' dir='ltr' id='par_1_5' title="bbox 659 713 2226 786">
     <span class='ocr_line' id='line_1_5' title="bbox 659 713 2226 786; baseline -0.007 -13"><span class='ocrx_word' id='word_1_28' title='bbox 659 722 833 774; x_wconf 81' lang='lat' dir='ltr'><strong>minus</strong></span> <span class='ocrx_word' id='word_1_29' title='bbox 872 720 1096 786; x_wconf 91' lang='lat' dir='ltr'><strong>Spiritus</strong></span> <span class='ocrx_word' id='word_1_30' title='bbox 1126 729 1339 773; x_wconf 86' lang='lat' dir='ltr'><strong>sanctus</strong></span> <span class='ocrx_word' id='word_1_31' title='bbox 1378 736 1388 770; x_wconf 95' lang='lat'>:</span> <span class='ocrx_word' id='word_1_32' title='bbox 1428 732 1546 773; x_wconf 85' lang='lat' dir='ltr'><strong>nam</strong></span> <span class='ocrx_word' id='word_1_33' title='bbox 1582 715 1821 768; x_wconf 87' lang='lat' dir='ltr'><strong>Dominus</strong></span> <span class='ocrx_word' id='word_1_34' title='bbox 1862 713 2085 781; x_wconf 85' lang='lat' dir='ltr'><strong>Spiritus</strong></span> <span class='ocrx_word' id='word_1_35' title='bbox 2114 720 2226 763; x_wconf 90' lang='lat' dir='ltr'><strong>est:</strong></span> 
     </span>
    </p>
   </div>
   <div class='ocr_carea' id='block_1_6' title="bbox 656 802 2221 877">
    <p class='ocr_par' dir='ltr' id='par_1_6' title="bbox 656 802 2221 877">
     <span class='ocr_line' id='line_1_6' title="bbox 656 802 2221 877; baseline -0.004 -16"><span class='ocrx_word' id='word_1_36' title='bbox 656 811 737 861; x_wconf 86' lang='lat' dir='ltr'><strong>ubi</strong></span> <span class='ocrx_word' id='word_1_37' title='bbox 764 826 877 863; x_wconf 73' lang='lat' dir='ltr'><strong>vero</strong></span> <span class='ocrx_word' id='word_1_38' title='bbox 906 809 1126 877; x_wconf 73' lang='lat' dir='ltr'><strong>Spiritus</strong></span> <span class='ocrx_word' id='word_1_39' title='bbox 1167 808 1387 872; x_wconf 85' lang='lat' dir='ltr'><strong>Domini,</strong></span> <span class='ocrx_word' id='word_1_40' title='bbox 1421 808 1486 859; x_wconf 89' lang='lat' dir='ltr'><strong>ibi</strong></span> <span class='ocrx_word' id='word_1_41' title='bbox 1524 806 1721 858; x_wconf 83' lang='lat' dir='ltr'><strong>libertas</strong></span> <span class='ocrx_word' id='word_1_42' title='bbox 1761 804 1836 875; x_wconf 76' lang='grc'><strong>(2.</strong></span> <span class='ocrx_word' id='word_1_43' title='bbox 1872 802 1987 856; x_wconf 86' lang='lat' dir='ltr'><strong>Cor.</strong></span> <span class='ocrx_word' id='word_1_44' title='bbox 2016 803 2068 855; x_wconf 78' lang='lat'><strong>3.</strong></span> <span class='ocrx_word' id='word_1_45' title='bbox 2112 802 2221 869; x_wconf 88' lang='grc'><strong>17).</strong></span> 
     </span>
    </p>
   </div>
   <div class='ocr_carea' id='block_1_7' title="bbox 656 892 2222 968">
    <p class='ocr_par' dir='ltr' id='par_1_7' title="bbox 656 892 2222 968">
     <span class='ocr_line' id='line_1_7' title="bbox 656 892 2222 968; baseline -0.004 -16"><span class='ocrx_word' id='word_1_46' title='bbox 656 898 730 952; x_wconf 91' lang='lat' dir='ltr'><strong>Ne</strong></span> <span class='ocrx_word' id='word_1_47' title='bbox 750 898 872 968; x_wconf 87' lang='lat' dir='ltr'><strong>quis</strong></span> <span class='ocrx_word' id='word_1_48' title='bbox 899 914 1024 951; x_wconf 88' lang='lat' dir='ltr'><strong>vero</strong></span> <span class='ocrx_word' id='word_1_49' title='bbox 1050 908 1197 967; x_wconf 92' lang='lat' dir='ltr'><strong>putet</strong></span> <span class='ocrx_word' id='word_1_50' title='bbox 1224 899 1393 965; x_wconf 84' lang='lat' dir='ltr'><strong>majus</strong></span> <span class='ocrx_word' id='word_1_51' title='bbox 1421 913 1536 951; x_wconf 65' lang='lat' dir='ltr'><strong>esse</strong></span> <span class='ocrx_word' id='word_1_52' title='bbox 1558 899 1782 965; x_wconf 87' lang='lat' dir='ltr'><strong>primum</strong></span> <span class='ocrx_word' id='word_1_53' title='bbox 1816 909 2033 957; x_wconf 90' lang='lat' dir='ltr'><strong>nomen,</strong></span> <span class='ocrx_word' id='word_1_54' title='bbox 2064 892 2222 954; x_wconf 92' lang='lat' dir='ltr'><strong>Deus,</strong></span> 
     </span>
    </p>
   </div>
   <div class='ocr_carea' id='block_1_8' title="bbox 654 984 2223 1054">
    <p class='ocr_par' dir='ltr' id='par_1_8' title="bbox 654 984 2223 1054">
     <span class='ocr_line' id='line_1_8' title="bbox 654 984 2223 1054; baseline -0.005 -11"><span class='ocrx_word' id='word_1_55' title='bbox 654 989 944 1043; x_wconf 84' lang='lat' dir='ltr'><strong>secundum</strong></span> <span class='ocrx_word' id='word_1_56' title='bbox 975 1004 1121 1054; x_wconf 87' lang='lat' dir='ltr'><strong>vero,</strong></span> <span class='ocrx_word' id='word_1_57' title='bbox 1156 988 1430 1041; x_wconf 89' lang='lat' dir='ltr'><strong>Dominus.</strong></span> <span class='ocrx_word' id='word_1_58' title='bbox 1466 988 1595 1041; x_wconf 89' lang='lat' dir='ltr'><strong>Nam</strong></span> <span class='ocrx_word' id='word_1_59' title='bbox 1628 988 1677 1039; x_wconf 90' lang='lat' dir='ltr'><strong>in</strong></span> <span class='ocrx_word' id='word_1_60' title='bbox 1724 995 1907 1038; x_wconf 89' lang='lat' dir='ltr'><strong>natura</strong></span> <span class='ocrx_word' id='word_1_61' title='bbox 1944 984 2223 1036; x_wconf 77' lang='lat' dir='ltr'><strong>immortali</strong></span> 
     </span>
    </p>
   </div>
   <div class='ocr_carea' id='block_1_9' title="bbox 655 1076 2221 1147">
    <p class='ocr_par' dir='ltr' id='par_1_9' title="bbox 655 1076 2221 1147">
     <span class='ocr_line' id='line_1_9' title="bbox 655 1076 2221 1147; baseline -0.006 -10"><span class='ocrx_word' id='word_1_62' title='bbox 655 1092 707 1137; x_wconf 91' lang='lat' dir='ltr'><strong>et</strong></span> <span class='ocrx_word' id='word_1_63' title='bbox 738 1081 991 1136; x_wconf 87' lang='lat' dir='ltr'><strong>Dominus</strong></span> <span class='ocrx_word' id='word_1_64' title='bbox 1018 1091 1070 1135; x_wconf 92' lang='lat' dir='ltr'><strong>et</strong></span> <span class='ocrx_word' id='word_1_65' title='bbox 1103 1082 1262 1147; x_wconf 88' lang='lat' dir='ltr'><strong>Deus,</strong></span> <span class='ocrx_word' id='word_1_66' title='bbox 1304 1081 1426 1134; x_wconf 89' lang='lat' dir='ltr'><strong>licet</strong></span> <span class='ocrx_word' id='word_1_67' title='bbox 1454 1080 1649 1133; x_wconf 88' lang='lat' dir='ltr'><strong>dictum</strong></span> <span class='ocrx_word' id='word_1_68' title='bbox 1683 1078 1806 1131; x_wconf 91' lang='lat' dir='ltr'><strong>illud</strong></span> <span class='ocrx_word' id='word_1_69' title='bbox 1848 1093 1951 1130; x_wconf 92' lang='lat' dir='ltr'><strong>non</strong></span> <span class='ocrx_word' id='word_1_70' title='bbox 1981 1076 2221 1130; x_wconf 81' lang='lat' dir='ltr'><strong>eamdem</strong></span> 
     </span>
    </p>
   </div>
   <div class='ocr_carea' id='block_1_10' title="bbox 654 1168 2220 1237">
    <p class='ocr_par' dir='ltr' id='par_1_10' title="bbox 654 1168 2220 1237">
     <span class='ocr_line' id='line_1_10' title="bbox 654 1168 2220 1237; baseline -0.004 -13"><span class='ocrx_word' id='word_1_71' title='bbox 654 1174 757 1225; x_wconf 87' lang='lat' dir='ltr'><strong>vim</strong></span> <span class='ocrx_word' id='word_1_72' title='bbox 804 1173 1030 1237; x_wconf 80' lang='lat' dir='ltr'><strong>habeat,</strong></span> <span class='ocrx_word' id='word_1_73' title='bbox 1086 1171 1325 1226; x_wconf 90' lang='lat' dir='ltr'><strong>eamdem</strong></span> <span class='ocrx_word' id='word_1_74' title='bbox 1374 1180 1549 1225; x_wconf 89' lang='lat' dir='ltr'><strong>tamen</strong></span> <span class='ocrx_word' id='word_1_75' title='bbox 1594 1170 1901 1237; x_wconf 88' lang='lat' dir='ltr'><strong>dignitatem</strong></span> <span class='ocrx_word' id='word_1_76' title='bbox 1949 1168 2220 1235; x_wconf 76' lang='lat' dir='ltr'><strong>przedicat.</strong></span> 
     </span>
    </p>
   </div>
   <div class='ocr_carea' id='block_1_11' title="bbox 652 1257 2221 1329">
    <p class='ocr_par' dir='ltr' id='par_1_11' title="bbox 652 1257 2221 1329">
     <span class='ocr_line' id='line_1_11' title="bbox 652 1257 2221 1329; baseline -0.003 -15"><span class='ocrx_word' id='word_1_77' title='bbox 652 1262 784 1329; x_wconf 86' lang='lat' dir='ltr'><strong>Quid</strong></span> <span class='ocrx_word' id='word_1_78' title='bbox 814 1261 996 1316; x_wconf 85' lang='lat' dir='ltr'><strong>enim?</strong></span> <span class='ocrx_word' id='word_1_79' title='bbox 1034 1262 1089 1316; x_wconf 92' lang='lat' dir='ltr'><strong>Si</strong></span> <span class='ocrx_word' id='word_1_80' title='bbox 1132 1278 1343 1327; x_wconf 86' lang='lat' dir='ltr'><strong>nomen,</strong></span> <span class='ocrx_word' id='word_1_81' title='bbox 1389 1263 1545 1319; x_wconf 88' lang='lat' dir='ltr'><strong>Deus,</strong></span> <span class='ocrx_word' id='word_1_82' title='bbox 1592 1260 1816 1327; x_wconf 89' lang='lat' dir='ltr'><strong>primum</strong></span> <span class='ocrx_word' id='word_1_83' title='bbox 1857 1266 2016 1320; x_wconf 81' lang='lat' dir='ltr'><strong>esset,</strong></span> <span class='ocrx_word' id='word_1_84' title='bbox 2050 1257 2092 1309; x_wconf 90' lang='lat' dir='ltr'><strong>si</strong></span> <span class='ocrx_word' id='word_1_85' title='bbox 2134 1273 2221 1310; x_wconf 90' lang='lat' dir='ltr'><strong>se-</strong></span> 
     </span>
    </p>
   </div>
   <div class='ocr_carea' id='block_1_12' title="bbox 651 1348 2222 1422">
    <p class='ocr_par' dir='ltr' id='par_1_12' title="bbox 651 1348 2222 1422">
     <span class='ocr_line' id='line_1_12' title="bbox 651 1348 2222 1422; baseline -0.004 -15"><span class='ocrx_word' id='word_1_86' title='bbox 651 1353 901 1413; x_wconf 85' lang='lat' dir='ltr'><strong>cundum.</strong></span> <span class='ocrx_word' id='word_1_87' title='bbox 936 1354 1205 1415; x_wconf 88' lang='lat' dir='ltr'><strong>Dominus,</strong></span> <span class='ocrx_word' id='word_1_88' title='bbox 1227 1369 1354 1406; x_wconf 91' lang='lat' dir='ltr'><strong>sane</strong></span> <span class='ocrx_word' id='word_1_89' title='bbox 1372 1353 1575 1422; x_wconf 82' lang='lat' dir='ltr'><strong>Moyses</strong></span> <span class='ocrx_word' id='word_1_90' title='bbox 1593 1366 1694 1403; x_wconf 93' lang='lat' dir='ltr'><strong>non</strong></span> <span class='ocrx_word' id='word_1_91' title='bbox 1714 1349 1947 1404; x_wconf 88' lang='lat' dir='ltr'><strong>secundo</strong></span> <span class='ocrx_word' id='word_1_92' title='bbox 1973 1357 2029 1400; x_wconf 92' lang='lat' dir='ltr'><strong>ut</strong></span> <span class='ocrx_word' id='word_1_93' title='bbox 2053 1348 2222 1416; x_wconf 91' lang='lat' dir='ltr'><strong>primo</strong></span> 
     </span>
    </p>
   </div>
   <div class='ocr_carea' id='block_1_13' title="bbox 652 1439 2221 1510">
    <p class='ocr_par' dir='ltr' id='par_1_13' title="bbox 652 1439 2221 1510">
     <span class='ocr_line' id='line_1_13' title="bbox 652 1439 2221 1510; baseline -0.005 -13"><span class='ocrx_word' id='word_1_94' title='bbox 652 1458 776 1497; x_wconf 80' lang='lat' dir='ltr'><strong>osus</strong></span> <span class='ocrx_word' id='word_1_95' title='bbox 805 1453 944 1497; x_wconf 86' lang='lat' dir='ltr'><strong>esset</strong></span> <span class='ocrx_word' id='word_1_96' title='bbox 971 1446 1173 1510; x_wconf 91' lang='lat' dir='ltr'><strong>dicens,</strong></span> <span class='ocrx_word' id='word_1_97' title='bbox 1203 1443 1448 1496; x_wconf 89' lang='lat' dir='ltr'><strong>Dominus</strong></span> <span class='ocrx_word' id='word_1_98' title='bbox 1487 1442 1623 1494; x_wconf 87' lang='lat' dir='ltr'><strong>Deus</strong></span> <span class='ocrx_word' id='word_1_99' title='bbox 1660 1450 1795 1502; x_wconf 85' lang='lat' dir='ltr'><strong>tuus,</strong></span> <span class='ocrx_word' id='word_1_100' title='bbox 1824 1439 2068 1492; x_wconf 76' lang='lat' dir='ltr'><strong>Dominus</strong></span> <span class='ocrx_word' id='word_1_101' title='bbox 2092 1454 2221 1490; x_wconf 90' lang='lat' dir='ltr'><strong>unus</strong></span> 
     </span>
    </p>
   </div>
   <div class='ocr_carea' id='block_1_14' title="bbox 651 1530 2217 1603">
    <p class='ocr_par' dir='ltr' id='par_1_14' title="bbox 651 1530 2217 1603">
     <span class='ocr_line' id='line_1_14' title="bbox 651 1530 2217 1603; baseline -0.004 -17"><span class='ocrx_word' id='word_1_102' title='bbox 651 1543 721 1586; x_wconf 86' lang='lat' dir='ltr'><strong>est</strong></span> <span class='ocrx_word' id='word_1_103' title='bbox 743 1533 917 1602; x_wconf 90' lang='lat' dir='ltr'><strong>(Deut.</strong></span> <span class='ocrx_word' id='word_1_104' title='bbox 948 1534 997 1586; x_wconf 84' lang='lat'><strong>6.</strong></span> <span class='ocrx_word' id='word_1_105' title='bbox 1028 1532 1082 1603; x_wconf 71' lang='grc'><strong>4)</strong></span> <span class='ocrx_word' id='word_1_106' title='bbox 1106 1550 1117 1597; x_wconf 89' lang='grc'><strong>;</strong></span> <span class='ocrx_word' id='word_1_107' title='bbox 1142 1534 1463 1601; x_wconf 88' lang='lat' dir='ltr'><strong>oportuisset</strong></span> <span class='ocrx_word' id='word_1_108' title='bbox 1493 1532 1654 1593; x_wconf 88' lang='lat' dir='ltr'><strong>enim,</strong></span> <span class='ocrx_word' id='word_1_109' title='bbox 1701 1545 1744 1582; x_wconf 87' lang='lat' dir='ltr'><strong>st</strong></span> <span class='ocrx_word' id='word_1_110' title='bbox 1776 1530 1840 1583; x_wconf 93' lang='lat' dir='ltr'><strong>de</strong></span> <span class='ocrx_word' id='word_1_111' title='bbox 1866 1530 2036 1598; x_wconf 90' lang='lat' dir='ltr'><strong>primo</strong></span> <span class='ocrx_word' id='word_1_112' title='bbox 2067 1543 2217 1581; x_wconf 91' lang='lat' dir='ltr'><strong>men-</strong></span> 
     </span>
    </p>
   </div>
   <div class='ocr_carea' id='block_1_15' title="bbox 650 1618 2220 1691">
    <p class='ocr_par' dir='ltr' id='par_1_15' title="bbox 650 1618 2220 1691">
     <span class='ocr_line' id='line_1_15' title="bbox 650 1618 2220 1691; baseline -0.002 -17"><span class='ocrx_word' id='word_1_113' title='bbox 650 1626 847 1677; x_wconf 80' lang='lat' dir='ltr'><strong>tionem</strong></span> <span class='ocrx_word' id='word_1_114' title='bbox 879 1624 1051 1678; x_wconf 86' lang='lat' dir='ltr'><strong>facere</strong></span> <span class='ocrx_word' id='word_1_115' title='bbox 1099 1624 1370 1685; x_wconf 89' lang='lat' dir='ltr'><strong>voluisset,</strong></span> <span class='ocrx_word' id='word_1_116' title='bbox 1424 1623 1653 1691; x_wconf 90' lang='lat' dir='ltr'><strong>primum</strong></span> <span class='ocrx_word' id='word_1_117' title='bbox 1698 1621 1874 1674; x_wconf 87' lang='lat' dir='ltr'><strong>dicere</strong></span> <span class='ocrx_word' id='word_1_118' title='bbox 1931 1619 2026 1683; x_wconf 85' lang='lat' dir='ltr'><strong>sic,</strong></span> <span class='ocrx_word' id='word_1_119' title='bbox 2079 1618 2220 1673; x_wconf 86' lang='lat' dir='ltr'><strong>Dens</strong></span> 
     </span>
    </p>
   </div>
   <div class='ocr_carea' id='block_1_16' title="bbox 649 1708 2218 1767">
    <p class='ocr_par' dir='ltr' id='par_1_16' title="bbox 649 1708 2218 1767">
     <span class='ocr_line' id='line_1_16' title="bbox 649 1708 2218 1767; baseline -0.001 -4"><span class='ocrx_word' id='word_1_120' title='bbox 649 1721 767 1765; x_wconf 91' lang='lat' dir='ltr'><strong>tuus</strong></span> <span class='ocrx_word' id='word_1_121' title='bbox 792 1712 1050 1767; x_wconf 89' lang='lat' dir='ltr'><strong>Dominus</strong></span> <span class='ocrx_word' id='word_1_122' title='bbox 1085 1728 1218 1766; x_wconf 90' lang='lat' dir='ltr'><strong>unus</strong></span> <span class='ocrx_word' id='word_1_123' title='bbox 1246 1721 1327 1766; x_wconf 90' lang='lat' dir='ltr'><strong>est</strong></span> <span class='ocrx_word' id='word_1_124' title='bbox 1354 1730 1366 1766; x_wconf 89' lang='lat'><strong>:</strong></span> <span class='ocrx_word' id='word_1_125' title='bbox 1396 1712 1487 1765; x_wconf 89' lang='lat' dir='ltr'><strong>sed</strong></span> <span class='ocrx_word' id='word_1_126' title='bbox 1518 1721 1572 1764; x_wconf 91' lang='lat' dir='ltr'><strong>ut</strong></span> <span class='ocrx_word' id='word_1_127' title='bbox 1610 1710 1914 1764; x_wconf 89' lang='lat' dir='ltr'><strong>ostenderet</strong></span> <span class='ocrx_word' id='word_1_128' title='bbox 1943 1708 2218 1762; x_wconf 91' lang='lat' dir='ltr'><strong>nominum</strong></span> 
     </span>
    </p>
   </div>
   <div class='ocr_carea' id='block_1_17' title="bbox 648 1799 2217 1871">
    <p class='ocr_par' dir='ltr' id='par_1_17' title="bbox 648 1799 2217 1871">
     <span class='ocr_line' id='line_1_17' title="bbox 648 1799 2217 1871; baseline -0.002 -15"><span class='ocrx_word' id='word_1_129' title='bbox 648 1804 1076 1869; x_wconf 77' lang='lat' dir='ltr'><strong>indiﬂ‘erentiam,</strong></span> <span class='ocrx_word' id='word_1_130' title='bbox 1120 1802 1370 1856; x_wconf 77' lang='lat' dir='ltr'><strong>Dominus</strong></span> <span class='ocrx_word' id='word_1_131' title='bbox 1413 1803 1581 1871; x_wconf 85' lang='lat' dir='ltr'><strong>primo</strong></span> <span class='ocrx_word' id='word_1_132' title='bbox 1627 1802 1780 1867; x_wconf 79' lang='lat' dir='ltr'><strong>dixit,</strong></span> <span class='ocrx_word' id='word_1_133' title='bbox 1832 1810 2011 1869; x_wconf 87' lang='lat' dir='ltr'><strong>postea</strong></span> <span class='ocrx_word' id='word_1_134' title='bbox 2066 1799 2217 1853; x_wconf 86' lang='lat' dir='ltr'><strong>Deus.</strong></span> 
     </span>
    </p>
   </div>
   <div class='ocr_carea' id='block_1_18' title="bbox 646 1888 2221 1960">
    <p class='ocr_par' dir='ltr' id='par_1_18' title="bbox 646 1888 2221 1960">
     <span class='ocr_line' id='line_1_18' title="bbox 646 1888 2221 1960; baseline -0.005 -13"><span class='ocrx_word' id='word_1_135' title='bbox 646 1892 750 1947; x_wconf 88' lang='lat' dir='ltr'><strong>Sed</strong></span> <span class='ocrx_word' id='word_1_136' title='bbox 779 1894 844 1947; x_wconf 89' lang='lat' dir='ltr'><strong>ad</strong></span> <span class='ocrx_word' id='word_1_137' title='bbox 873 1894 1198 1960; x_wconf 83' lang='lat' dir='ltr'><strong>propositum</strong></span> <span class='ocrx_word' id='word_1_138' title='bbox 1226 1895 1525 1945; x_wconf 82' lang='lat' dir='ltr'><strong>redeamus.</strong></span> <span class='ocrx_word' id='word_1_139' title='bbox 1549 1892 1796 1945; x_wconf 75' lang='lat' dir='ltr'><strong>Dominus</strong></span> <span class='ocrx_word' id='word_1_140' title='bbox 1821 1900 1983 1942; x_wconf 87' lang='lat' dir='ltr'><strong>autem</strong></span> <span class='ocrx_word' id='word_1_141' title='bbox 2006 1898 2077 1941; x_wconf 83' lang='lat' dir='ltr'><strong>est</strong></span> <span class='ocrx_word' id='word_1_142' title='bbox 2100 1888 2221 1957; x_wconf 88' lang='lat' dir='ltr'><strong>Spi-</strong></span> 
     </span>
    </p>
   </div>
   <div class='ocr_carea' id='block_1_19' title="bbox 643 1980 2219 2051">
    <p class='ocr_par' dir='ltr' id='par_1_19' title="bbox 643 1980 2219 2051">
     <span class='ocr_line' id='line_1_19' title="bbox 643 1980 2219 2051; baseline -0.001 -17"><span class='ocrx_word' id='word_1_143' title='bbox 643 1984 785 2035; x_wconf 80' lang='lat' dir='ltr'><strong>ritus.</strong></span> <span class='ocrx_word' id='word_1_144' title='bbox 823 1982 1074 2036; x_wconf 90' lang='lat' dir='ltr'><strong>Dominus</strong></span> <span class='ocrx_word' id='word_1_145' title='bbox 1099 1998 1224 2051; x_wconf 87' lang='lat' dir='ltr'><strong>ergo</strong></span> <span class='ocrx_word' id='word_1_146' title='bbox 1248 1982 1422 2046; x_wconf 89' lang='lat' dir='ltr'><strong>Pater,</strong></span> <span class='ocrx_word' id='word_1_147' title='bbox 1456 1982 1710 2034; x_wconf 92' lang='lat' dir='ltr'><strong>Dominus</strong></span> <span class='ocrx_word' id='word_1_148' title='bbox 1752 1981 1932 2041; x_wconf 85' lang='lat' dir='ltr'><strong>Filius,</strong></span> <span class='ocrx_word' id='word_1_149' title='bbox 1970 1980 2219 2033; x_wconf 87' lang='lat' dir='ltr'><strong>Dominus</strong></span> 
     </span>
    </p>
   </div>
   <div class='ocr_carea' id='block_1_20' title="bbox 645 2073 2213 2141">
    <p class='ocr_par' dir='ltr' id='par_1_20' title="bbox 645 2073 2213 2141">
     <span class='ocr_line' id='line_1_20' title="bbox 645 2073 2213 2141; baseline -0.002 -12"><span class='ocrx_word' id='word_1_150' title='bbox 645 2075 875 2141; x_wconf 85' lang='lat' dir='ltr'><strong>Spiritus</strong></span> <span class='ocrx_word' id='word_1_151' title='bbox 897 2085 1128 2128; x_wconf 88' lang='lat' dir='ltr'><strong>sanctus.</strong></span> <span class='ocrx_word' id='word_1_152' title='bbox 1162 2074 1356 2127; x_wconf 81' lang='lat' dir='ltr'><strong>Verum</strong></span> <span class='ocrx_word' id='word_1_153' title='bbox 1386 2074 1578 2128; x_wconf 77' lang='lat' dir='ltr'><strong>Paulus</strong></span> <span class='ocrx_word' id='word_1_154' title='bbox 1606 2075 1753 2135; x_wconf 87' lang='lat' dir='ltr'><strong>dicit,</strong></span> <span class='ocrx_word' id='word_1_155' title='bbox 1783 2073 1925 2127; x_wconf 86' lang='lat' dir='ltr'><strong>Unus</strong></span> <span class='ocrx_word' id='word_1_156' title='bbox 1951 2073 2213 2126; x_wconf 88' lang='lat' dir='ltr'><strong>Dominus.</strong></span> 
     </span>
    </p>
   </div>
   <div class='ocr_carea' id='block_1_21' title="bbox 644 2164 2218 2233">
    <p class='ocr_par' dir='ltr' id='par_1_21' title="bbox 644 2164 2218 2233">
     <span class='ocr_line' id='line_1_21' title="bbox 644 2164 2218 2233; baseline 0 -17"><span class='ocrx_word' id='word_1_157' title='bbox 644 2166 697 2217; x_wconf 85' lang='lat' dir='ltr'><strong>Si</strong></span> <span class='ocrx_word' id='word_1_158' title='bbox 729 2179 863 2218; x_wconf 91' lang='lat' dir='ltr'><strong>unus</strong></span> <span class='ocrx_word' id='word_1_159' title='bbox 911 2166 1186 2230; x_wconf 88' lang='lat' dir='ltr'><strong>Dominus,</strong></span> <span class='ocrx_word' id='word_1_160' title='bbox 1219 2165 1486 2233; x_wconf 91' lang='lat' dir='ltr'><strong>quomodo</strong></span> <span class='ocrx_word' id='word_1_161' title='bbox 1530 2166 1781 2219; x_wconf 88' lang='lat' dir='ltr'><strong>Dominus</strong></span> <span class='ocrx_word' id='word_1_162' title='bbox 1831 2173 1885 2218; x_wconf 90' lang='lat' dir='ltr'><strong>et</strong></span> <span class='ocrx_word' id='word_1_163' title='bbox 1928 2164 2218 2217; x_wconf 83' lang='lat' dir='ltr'><strong>Dominus?</strong></span> 
     </span>
    </p>
   </div>
   <div class='ocr_carea' id='block_1_22' title="bbox 646 2254 2216 2319">
    <p class='ocr_par' dir='ltr' id='par_1_22' title="bbox 646 2254 2216 2319">
     <span class='ocr_line' id='line_1_22' title="bbox 646 2254 2216 2319; baseline -0.001 -11"><span class='ocrx_word' id='word_1_164' title='bbox 646 2254 903 2309; x_wconf 85' lang='lat' dir='ltr'><strong>Videlicet</strong></span> <span class='ocrx_word' id='word_1_165' title='bbox 926 2271 1025 2307; x_wconf 90' lang='lat' dir='ltr'><strong>una</strong></span> <span class='ocrx_word' id='word_1_166' title='bbox 1050 2254 1357 2307; x_wconf 87' lang='lat' dir='ltr'><strong>dominatio.</strong></span> <span class='ocrx_word' id='word_1_167' title='bbox 1384 2256 1580 2307; x_wconf 87' lang='lat' dir='ltr'><strong>Eadem</strong></span> <span class='ocrx_word' id='word_1_168' title='bbox 1600 2256 1804 2307; x_wconf 92' lang='lat' dir='ltr'><strong>ratione</strong></span> <span class='ocrx_word' id='word_1_169' title='bbox 1823 2264 1873 2307; x_wconf 90' lang='lat' dir='ltr'><strong>et</strong></span> <span class='ocrx_word' id='word_1_170' title='bbox 1893 2269 2025 2305; x_wconf 88' lang='lat' dir='ltr'><strong>unus</strong></span> <span class='ocrx_word' id='word_1_171' title='bbox 2057 2254 2216 2319; x_wconf 84' lang='lat' dir='ltr'><strong>Deus,</strong></span> 
     </span>
    </p>
   </div>
   <div class='ocr_carea' id='block_1_23' title="bbox 644 2342 2222 2412">
    <p class='ocr_par' dir='ltr' id='par_1_23' title="bbox 644 2342 2222 2412">
     <span class='ocr_line' id='line_1_23' title="bbox 644 2342 2222 2412; baseline -0.003 -15"><span class='ocrx_word' id='word_1_172' title='bbox 644 2346 715 2397; x_wconf 85' lang='lat' dir='ltr'><strong>ait</strong></span> <span class='ocrx_word' id='word_1_173' title='bbox 739 2345 933 2398; x_wconf 85' lang='lat' dir='ltr'><strong>Paulus</strong></span> <span class='ocrx_word' id='word_1_174' title='bbox 966 2363 978 2397; x_wconf 92' lang='lat'><strong>:</strong></span> <span class='ocrx_word' id='word_1_175' title='bbox 1012 2343 1173 2396; x_wconf 86' lang='lat' dir='ltr'><strong>Nobis</strong></span> <span class='ocrx_word' id='word_1_176' title='bbox 1200 2353 1367 2397; x_wconf 88' lang='lat' dir='ltr'><strong>autem</strong></span> <span class='ocrx_word' id='word_1_177' title='bbox 1391 2360 1519 2396; x_wconf 88' lang='lat' dir='ltr'><strong>unus</strong></span> <span class='ocrx_word' id='word_1_178' title='bbox 1544 2342 1681 2396; x_wconf 89' lang='lat' dir='ltr'><strong>Deus</strong></span> <span class='ocrx_word' id='word_1_179' title='bbox 1705 2342 1877 2407; x_wconf 85' lang='lat' dir='ltr'><strong>Pater,</strong></span> <span class='ocrx_word' id='word_1_180' title='bbox 1908 2359 1969 2395; x_wconf 77' lang='lat' dir='ltr'><strong>ea:</strong></span> <span class='ocrx_word' id='word_1_181' title='bbox 1992 2359 2089 2412; x_wconf 90' lang='lat' dir='ltr'><strong>quo</strong></span> <span class='ocrx_word' id='word_1_182' title='bbox 2113 2360 2222 2394; x_wconf 90' lang='lat' dir='ltr'><strong>om-</strong></span> 
     </span>
    </p>
   </div>
   <div class='ocr_carea' id='block_1_24' title="bbox 644 2433 2219 2503">
    <p class='ocr_par' dir='ltr' id='par_1_24' title="bbox 644 2433 2219 2503">
     <span class='ocr_line' id='line_1_24' title="bbox 644 2433 2219 2503; baseline -0.001 -16"><span class='ocrx_word' id='word_1_183' title='bbox 644 2437 749 2499; x_wconf 86' lang='lat' dir='ltr'><strong>nia,</strong></span> <span class='ocrx_word' id='word_1_184' title='bbox 779 2444 823 2487; x_wconf 89' lang='lat' dir='ltr'><strong>et</strong></span> <span class='ocrx_word' id='word_1_185' title='bbox 860 2452 989 2487; x_wconf 89' lang='lat' dir='ltr'><strong>unus</strong></span> <span class='ocrx_word' id='word_1_186' title='bbox 1034 2433 1276 2486; x_wconf 86' lang='lat' dir='ltr'><strong>Dominus</strong></span> <span class='ocrx_word' id='word_1_187' title='bbox 1312 2434 1461 2486; x_wconf 85' lang='lat' dir='ltr'><strong>Jesus</strong></span> <span class='ocrx_word' id='word_1_188' title='bbox 1488 2433 1734 2498; x_wconf 82' lang='lat' dir='ltr'><strong>Christus,</strong></span> <span class='ocrx_word' id='word_1_189' title='bbox 1766 2450 1852 2501; x_wconf 88' lang='lat' dir='ltr'><strong>per</strong></span> <span class='ocrx_word' id='word_1_190' title='bbox 1874 2450 2018 2503; x_wconf 85' lang='lat' dir='ltr'><strong>quem</strong></span> <span class='ocrx_word' id='word_1_191' title='bbox 2053 2435 2219 2486; x_wconf 82' lang='lat' dir='ltr'><strong>omnia</strong></span> 
     </span>
    </p>
   </div>
   <div class='ocr_carea' id='block_1_25' title="bbox 647 2521 2216 2593">
    <p class='ocr_par' dir='ltr' id='par_1_25' title="bbox 647 2521 2216 2593">
     <span class='ocr_line' id='line_1_25' title="bbox 647 2521 2216 2593; baseline 0 -17"><span class='ocrx_word' id='word_1_192' title='bbox 647 2525 726 2591; x_wconf 83' lang='grc'><strong>(1.</strong></span> <span class='ocrx_word' id='word_1_193' title='bbox 756 2523 875 2577; x_wconf 83' lang='lat' dir='ltr'><strong>Cor.</strong></span> <span class='ocrx_word' id='word_1_194' title='bbox 916 2524 968 2577; x_wconf 90' lang='lat'><strong>8.</strong></span> <span class='ocrx_word' id='word_1_195' title='bbox 1016 2522 1094 2592; x_wconf 89' lang='grc'><strong>6).</strong></span> <span class='ocrx_word' id='word_1_196' title='bbox 1139 2523 1299 2593; x_wconf 81' lang='lat' dir='ltr'><strong>Ergo,</strong></span> <span class='ocrx_word' id='word_1_197' title='bbox 1350 2524 1424 2577; x_wconf 87' lang='lat' dir='ltr'><strong>ait</strong></span> <span class='ocrx_word' id='word_1_198' title='bbox 1468 2523 1769 2587; x_wconf 70' lang='lat' dir='ltr'><strong>haereticus,</strong></span> <span class='ocrx_word' id='word_1_199' title='bbox 1812 2521 2019 2577; x_wconf 80' lang='lat' dir='ltr'><strong>Patrem</strong></span> <span class='ocrx_word' id='word_1_200' title='bbox 2052 2524 2216 2577; x_wconf 91' lang='lat' dir='ltr'><strong>Deum</strong></span> 
     </span>
    </p>
   </div>
   <div class='ocr_carea' id='block_1_26' title="bbox 644 2613 2215 2684">
    <p class='ocr_par' dir='ltr' id='par_1_26' title="bbox 644 2613 2215 2684">
     <span class='ocr_line' id='line_1_26' title="bbox 644 2613 2215 2684; baseline 0.001 -20"><span class='ocrx_word' id='word_1_201' title='bbox 644 2614 794 2676; x_wconf 83' lang='lat' dir='ltr'><strong>dixit,</strong></span> <span class='ocrx_word' id='word_1_202' title='bbox 825 2613 1011 2665; x_wconf 86' lang='lat' dir='ltr'><strong>Filium</strong></span> <span class='ocrx_word' id='word_1_203' title='bbox 1044 2629 1168 2667; x_wconf 88' lang='lat' dir='ltr'><strong>vero</strong></span> <span class='ocrx_word' id='word_1_204' title='bbox 1196 2614 1496 2666; x_wconf 89' lang='lat' dir='ltr'><strong>Dominum.</strong></span> <span class='ocrx_word' id='word_1_205' title='bbox 1532 2613 1817 2667; x_wconf 85' lang='lat' dir='ltr'><strong>Videamus</strong></span> <span class='ocrx_word' id='word_1_206' title='bbox 1847 2629 1994 2684; x_wconf 80' lang='lat' dir='ltr'><strong>ergo,</strong></span> <span class='ocrx_word' id='word_1_207' title='bbox 2033 2614 2215 2667; x_wconf 84' lang='lat' dir='ltr'><strong>videa-</strong></span> 
     </span>
    </p>
   </div>
   <div class='ocr_carea' id='block_1_27' title="bbox 646 2702 2215 2771">
    <p class='ocr_par' dir='ltr' id='par_1_27' title="bbox 646 2702 2215 2771">
     <span class='ocr_line' id='line_1_27' title="bbox 646 2702 2215 2771; baseline 0 -16"><span class='ocrx_word' id='word_1_208' title='bbox 646 2719 782 2764; x_wconf 90' lang='lat' dir='ltr'><strong>mus,</strong></span> <span class='ocrx_word' id='word_1_209' title='bbox 811 2702 1018 2763; x_wconf 79' lang='lat' dir='ltr'><strong>fratres,</strong></span> <span class='ocrx_word' id='word_1_210' title='bbox 1051 2703 1343 2766; x_wconf 87' lang='lat' dir='ltr'><strong>videamus,</strong></span> <span class='ocrx_word' id='word_1_211' title='bbox 1367 2718 1567 2771; x_wconf 67' lang='lat' dir='ltr'><strong>quaaso,</strong></span> <span class='ocrx_word' id='word_1_212' title='bbox 1609 2718 1733 2755; x_wconf 92' lang='lat' dir='ltr'><strong>num</strong></span> <span class='ocrx_word' id='word_1_213' title='bbox 1768 2702 1913 2767; x_wconf 90' lang='lat' dir='ltr'><strong>illud,</strong></span> <span class='ocrx_word' id='word_1_214' title='bbox 1944 2703 2215 2768; x_wconf 89' lang='lat' dir='ltr'><strong>Dominus,</strong></span> 
     </span>
    </p>
   </div>
   <div class='ocr_carea' id='block_1_28' title="bbox 645 2792 2218 2862">
    <p class='ocr_par' dir='ltr' id='par_1_28' title="bbox 645 2792 2218 2862">
     <span class='ocr_line' id='line_1_28' title="bbox 645 2792 2218 2862; baseline 0.003 -17"><span class='ocrx_word' id='word_1_215' title='bbox 645 2792 935 2845; x_wconf 83' lang='lat' dir='ltr'><strong>secundum</strong></span> <span class='ocrx_word' id='word_1_216' title='bbox 957 2794 1023 2844; x_wconf 87' lang='lat' dir='ltr'><strong>sit</strong></span> <span class='ocrx_word' id='word_1_217' title='bbox 1050 2807 1242 2845; x_wconf 90' lang='lat' dir='ltr'><strong>nomen</strong></span> <span class='ocrx_word' id='word_1_218' title='bbox 1271 2792 1464 2845; x_wconf 68' lang='lat' dir='ltr'><strong>divina:</strong></span> <span class='ocrx_word' id='word_1_219' title='bbox 1488 2792 1776 2862; x_wconf 77' lang='lat' dir='ltr'><strong>dignitatis,</strong></span> <span class='ocrx_word' id='word_1_220' title='bbox 1808 2803 1861 2846; x_wconf 90' lang='lat' dir='ltr'><strong>et</strong></span> <span class='ocrx_word' id='word_1_221' title='bbox 1889 2807 2061 2847; x_wconf 87' lang='lat' dir='ltr'><strong>annon</strong></span> <span class='ocrx_word' id='word_1_222' title='bbox 2094 2808 2218 2849; x_wconf 78' lang='lat' dir='ltr'><strong>vero</strong></span> 
     </span>
    </p>
   </div>
   <div class='ocr_carea' id='block_1_29' title="bbox 644 2881 2218 2955">
    <p class='ocr_par' dir='ltr' id='par_1_29' title="bbox 644 2881 2218 2955">
     <span class='ocr_line' id='line_1_29' title="bbox 644 2881 2218 2955; baseline 0.004 -22"><span class='ocrx_word' id='word_1_223' title='bbox 644 2881 875 2949; x_wconf 82' lang='lat' dir='ltr'><strong>primum</strong></span> <span class='ocrx_word' id='word_1_224' title='bbox 917 2882 1120 2951; x_wconf 83' lang='lat' dir='ltr'><strong>ipsique</strong></span> <span class='ocrx_word' id='word_1_225' title='bbox 1166 2896 1485 2951; x_wconf 75' lang='lat' dir='ltr'><strong>congruens,</strong></span> <span class='ocrx_word' id='word_1_226' title='bbox 1526 2893 1685 2952; x_wconf 89' lang='lat' dir='ltr'><strong>atque</strong></span> <span class='ocrx_word' id='word_1_227' title='bbox 1727 2884 2015 2955; x_wconf 70' lang='lat' dir='ltr'><strong>Scriptura:</strong></span> <span class='ocrx_word' id='word_1_228' title='bbox 2052 2900 2218 2939; x_wconf 71' lang='lat' dir='ltr'><strong>sacra:</strong></span> 
     </span>
    </p>
   </div>
   <div class='ocr_carea' id='block_1_30' title="bbox 644 2972 2218 3029">
    <p class='ocr_par' dir='ltr' id='par_1_30' title="bbox 644 2972 2218 3029">
     <span class='ocr_line' id='line_1_30' title="bbox 644 2972 2218 3029; baseline 0.001 -2"><span class='ocrx_word' id='word_1_229' title='bbox 644 2972 951 3027; x_wconf 84' lang='lat' dir='ltr'><strong>testimonio</strong></span> <span class='ocrx_word' id='word_1_230' title='bbox 979 2972 1186 3026; x_wconf 82' lang='lat' dir='ltr'><strong>fultum.</strong></span> <span class='ocrx_word' id='word_1_231' title='bbox 1216 2973 1445 3028; x_wconf 87' lang='lat' dir='ltr'><strong>Necesse</strong></span> <span class='ocrx_word' id='word_1_232' title='bbox 1470 2974 1609 3027; x_wconf 92' lang='lat' dir='ltr'><strong>enim</strong></span> <span class='ocrx_word' id='word_1_233' title='bbox 1637 2983 1717 3029; x_wconf 89' lang='lat' dir='ltr'><strong>est</strong></span> <span class='ocrx_word' id='word_1_234' title='bbox 1757 2985 1811 3029; x_wconf 92' lang='lat' dir='ltr'><strong>ut</strong></span> <span class='ocrx_word' id='word_1_235' title='bbox 1840 2984 1894 3029; x_wconf 90' lang='lat' dir='ltr'><strong>et</strong></span> <span class='ocrx_word' id='word_1_236' title='bbox 1920 2990 2015 3029; x_wconf 89' lang='lat' dir='ltr'><strong>nos</strong></span> <span class='ocrx_word' id='word_1_237' title='bbox 2056 2991 2218 3029; x_wconf 91' lang='lat' dir='ltr'><strong>accu-</strong></span> 
     </span>
    </p>
   </div>
   <div class='ocr_carea' id='block_1_31' title="bbox 645 3063 2216 3136">
    <p class='ocr_par' dir='ltr' id='par_1_31' title="bbox 645 3063 2216 3136">
     <span class='ocr_line' id='line_1_31' title="bbox 645 3063 2216 3136; baseline 0.003 -20"><span class='ocrx_word' id='word_1_238' title='bbox 645 3073 757 3117; x_wconf 89' lang='lat' dir='ltr'><strong>rate</strong></span> <span class='ocrx_word' id='word_1_239' title='bbox 786 3064 1081 3132; x_wconf 89' lang='lat' dir='ltr'><strong>loquamur,</strong></span> <span class='ocrx_word' id='word_1_240' title='bbox 1132 3073 1185 3118; x_wconf 92' lang='lat' dir='ltr'><strong>et</strong></span> <span class='ocrx_word' id='word_1_241' title='bbox 1228 3079 1322 3118; x_wconf 89' lang='lat' dir='ltr'><strong>vos</strong></span> <span class='ocrx_word' id='word_1_242' title='bbox 1365 3063 1603 3119; x_wconf 89' lang='lat' dir='ltr'><strong>studiose</strong></span> <span class='ocrx_word' id='word_1_243' title='bbox 1644 3066 1887 3131; x_wconf 88' lang='lat' dir='ltr'><strong>audiatis,</strong></span> <span class='ocrx_word' id='word_1_244' title='bbox 1936 3066 2117 3136; x_wconf 92' lang='lat' dir='ltr'><strong>illique</strong></span> <span class='ocrx_word' id='word_1_245' title='bbox 2152 3083 2216 3121; x_wconf 77' lang='lat' dir='ltr'><strong>ex</strong></span> 
     </span>
    </p>
   </div>
   <div class='ocr_carea' id='block_1_32' title="bbox 645 3152 2218 3222">
    <p class='ocr_par' dir='ltr' id='par_1_32' title="bbox 645 3152 2218 3222">
     <span class='ocr_line' id='line_1_32' title="bbox 645 3152 2218 3222; baseline 0.005 -20"><span class='ocrx_word' id='word_1_246' title='bbox 645 3152 1237 3206; x_wconf 80' lang='lat' dir='ltr'><strong>veritateinstituantur.</strong></span> <span class='ocrx_word' id='word_1_247' title='bbox 1261 3153 1388 3220; x_wconf 87' lang='lat' dir='ltr'><strong>Quis</strong></span> <span class='ocrx_word' id='word_1_248' title='bbox 1415 3168 1541 3222; x_wconf 92' lang='lat' dir='ltr'><strong>ergo</strong></span> <span class='ocrx_word' id='word_1_249' title='bbox 1572 3154 1724 3207; x_wconf 92' lang='lat' dir='ltr'><strong>nobis</strong></span> <span class='ocrx_word' id='word_1_250' title='bbox 1753 3170 1929 3209; x_wconf 88' lang='lat' dir='ltr'><strong>sermo</strong></span> <span class='ocrx_word' id='word_1_251' title='bbox 1962 3158 2218 3210; x_wconf 84' lang='lat' dir='ltr'><strong>testiﬁca-</strong></span> 
     </span>
    </p>
   </div>
   <div class='ocr_carea' id='block_1_33' title="bbox 645 3241 2217 3313">
    <p class='ocr_par' dir='ltr' id='par_1_33' title="bbox 645 3241 2217 3313">
     <span class='ocr_line' id='line_1_33' title="bbox 645 3241 2217 3313; baseline 0.003 -19"><span class='ocrx_word' id='word_1_252' title='bbox 645 3241 805 3305; x_wconf 91' lang='lat' dir='ltr'><strong>bitur,</strong></span> <span class='ocrx_word' id='word_1_253' title='bbox 840 3241 987 3304; x_wconf 89' lang='lat' dir='ltr'><strong>illud,</strong></span> <span class='ocrx_word' id='word_1_254' title='bbox 1022 3243 1300 3305; x_wconf 86' lang='lat' dir='ltr'><strong>Dominus,</strong></span> <span class='ocrx_word' id='word_1_255' title='bbox 1325 3258 1517 3296; x_wconf 90' lang='lat' dir='ltr'><strong>nomen</strong></span> <span class='ocrx_word' id='word_1_256' title='bbox 1543 3258 1661 3296; x_wconf 90' lang='lat' dir='ltr'><strong>esse</strong></span> <span class='ocrx_word' id='word_1_257' title='bbox 1684 3246 1907 3311; x_wconf 92' lang='lat' dir='ltr'><strong>primum</strong></span> <span class='ocrx_word' id='word_1_258' title='bbox 1936 3255 1991 3299; x_wconf 89' lang='lat' dir='ltr'><strong>et</strong></span> <span class='ocrx_word' id='word_1_259' title='bbox 2012 3248 2217 3313; x_wconf 88' lang='lat' dir='ltr'><strong>magni-</strong></span> 
     </span>
    </p>
   </div>
   <div class='ocr_carea' id='block_1_34' title="bbox 645 3332 2216 3403">
    <p class='ocr_par' dir='ltr' id='par_1_34' title="bbox 645 3332 2216 3403">
     <span class='ocr_line' id='line_1_34' title="bbox 645 3332 2216 3403; baseline 0.001 -16"><span class='ocrx_word' id='word_1_260' title='bbox 645 3332 999 3387; x_wconf 70' lang='lat' dir='ltr'><strong>ﬁcentissimm</strong></span> <span class='ocrx_word' id='word_1_261' title='bbox 1028 3334 1210 3402; x_wconf 70' lang='lat' dir='ltr'><strong>glorise</strong></span> <span class='ocrx_word' id='word_1_262' title='bbox 1252 3334 1543 3402; x_wconf 87' lang='lat' dir='ltr'><strong>proprium.</strong></span> <span class='ocrx_word' id='word_1_263' title='bbox 1592 3334 1730 3387; x_wconf 91' lang='lat' dir='ltr'><strong>Audi</strong></span> <span class='ocrx_word' id='word_1_264' title='bbox 1763 3335 2073 3403; x_wconf 83' lang='lat' dir='ltr'><strong>prOphetam</strong></span> <span class='ocrx_word' id='word_1_265' title='bbox 2110 3337 2216 3389; x_wconf 87' lang='lat' dir='ltr'><strong>Da-</strong></span> 
     </span>
    </p>
   </div>
   <div class='ocr_carea' id='block_1_35' title="bbox 646 3422 2216 3493">
    <p class='ocr_par' dir='ltr' id='par_1_35' title="bbox 646 3422 2216 3493">
     <span class='ocr_line' id='line_1_35' title="bbox 646 3422 2216 3493; baseline 0.001 -16"><span class='ocrx_word' id='word_1_266' title='bbox 646 3424 815 3478; x_wconf 86' lang='lat' dir='ltr'><strong>videm</strong></span> <span class='ocrx_word' id='word_1_267' title='bbox 866 3441 880 3478; x_wconf 90' lang='lat'><strong>:</strong></span> <span class='ocrx_word' id='word_1_268' title='bbox 927 3422 1311 3493; x_wconf 77' lang='lat' dir='ltr'><strong>Confundantur</strong></span> <span class='ocrx_word' id='word_1_269' title='bbox 1353 3434 1398 3477; x_wconf 86' lang='lat' dir='ltr'><strong>et</strong></span> <span class='ocrx_word' id='word_1_270' title='bbox 1449 3425 1805 3477; x_wconf 87' lang='lat' dir='ltr'><strong>conturbentur</strong></span> <span class='ocrx_word' id='word_1_271' title='bbox 1869 3427 1920 3477; x_wconf 88' lang='lat' dir='ltr'><strong>in</strong></span> <span class='ocrx_word' id='word_1_272' title='bbox 1979 3427 2216 3482; x_wconf 59' lang='lat' dir='ltr'><strong>arculum</strong></span> 
     </span>
    </p>
   </div>
   <div class='ocr_carea' id='block_1_36' title="bbox 643 3513 2218 3583">
    <p class='ocr_par' dir='ltr' id='par_1_36' title="bbox 643 3513 2218 3583">
     <span class='ocr_line' id='line_1_36' title="bbox 643 3513 2218 3583; baseline 0 -16"><span class='ocrx_word' id='word_1_273' title='bbox 643 3514 812 3571; x_wconf 65' lang='lat' dir='ltr'><strong>seculi</strong></span> <span class='ocrx_word' id='word_1_274' title='bbox 826 3530 845 3577; x_wconf 86' lang='lat'><strong><em>;</em></strong></span> <span class='ocrx_word' id='word_1_275' title='bbox 860 3523 906 3565; x_wconf 91' lang='lat' dir='ltr'><strong>et</strong></span> <span class='ocrx_word' id='word_1_276' title='bbox 925 3524 1261 3577; x_wconf 80' lang='lat' dir='ltr'><strong>revereantur,</strong></span> <span class='ocrx_word' id='word_1_277' title='bbox 1277 3523 1322 3566; x_wconf 88' lang='lat' dir='ltr'><strong>et</strong></span> <span class='ocrx_word' id='word_1_278' title='bbox 1338 3523 1557 3581; x_wconf 79' lang='lat' dir='ltr'><strong>pereant.</strong></span> <span class='ocrx_word' id='word_1_279' title='bbox 1585 3513 1648 3565; x_wconf 86' lang='lat' dir='ltr'><strong>Et</strong></span> <span class='ocrx_word' id='word_1_280' title='bbox 1669 3525 1988 3581; x_wconf 84' lang='lat' dir='ltr'><strong>cognoscant,</strong></span> <span class='ocrx_word' id='word_1_281' title='bbox 2003 3516 2120 3583; x_wconf 85' lang='lat' dir='ltr'><strong>quia</strong></span> <span class='ocrx_word' id='word_1_282' title='bbox 2135 3532 2218 3567; x_wconf 89' lang='lat' dir='ltr'><strong>no-</strong></span> 
     </span>
    </p>
   </div>
   <div class='ocr_carea' id='block_1_37' title="bbox 644 3601 2217 3672">
    <p class='ocr_par' dir='ltr' id='par_1_37' title="bbox 644 3601 2217 3672">
     <span class='ocr_line' id='line_1_37' title="bbox 644 3601 2217 3672; baseline 0.001 -14"><span class='ocrx_word' id='word_1_283' title='bbox 644 3621 756 3659; x_wconf 86' lang='lat' dir='ltr'><strong>men</strong></span> <span class='ocrx_word' id='word_1_284' title='bbox 774 3605 860 3655; x_wconf 82' lang='lat' dir='ltr'><strong>tibi</strong></span> <span class='ocrx_word' id='word_1_285' title='bbox 888 3602 1133 3665; x_wconf 83' lang='lat' dir='ltr'><strong>Dominus</strong></span> <span class='ocrx_word' id='word_1_286' title='bbox 1160 3601 1327 3672; x_wconf 82' lang='lat' dir='ltr'><strong>(Psal.</strong></span> <span class='ocrx_word' id='word_1_287' title='bbox 1352 3603 1439 3656; x_wconf 72' lang='grc'><strong>82.</strong></span> <span class='ocrx_word' id='word_1_288' title='bbox 1466 3602 1550 3657; x_wconf 85' lang='grc'><strong>18.</strong></span> <span class='ocrx_word' id='word_1_289' title='bbox 1573 3602 1683 3670; x_wconf 88' lang='grc'><strong>19).</strong></span> <span class='ocrx_word' id='word_1_290' title='bbox 1713 3603 1859 3656; x_wconf 83' lang='lat' dir='ltr'><strong>Solet</strong></span> <span class='ocrx_word' id='word_1_291' title='bbox 1884 3604 2217 3659; x_wconf 82' lang='lat' dir='ltr'><strong>adversarius</strong></span> 
     </span>
    </p>
   </div>
   <div class='ocr_carea' id='block_1_38' title="bbox 644 3693 2214 3761">
    <p class='ocr_par' dir='ltr' id='par_1_38' title="bbox 644 3693 2214 3761">
     <span class='ocr_line' id='line_1_38' title="bbox 644 3693 2214 3761; baseline 0 -13"><span class='ocrx_word' id='word_1_292' title='bbox 644 3695 823 3748; x_wconf 87' lang='lat' dir='ltr'><strong>dicere</strong></span> <span class='ocrx_word' id='word_1_293' title='bbox 852 3693 917 3747; x_wconf 88' lang='lat' dir='ltr'><strong>de</strong></span> <span class='ocrx_word' id='word_1_294' title='bbox 950 3694 1233 3747; x_wconf 84' lang='lat' dir='ltr'><strong>Servatore</strong></span> <span class='ocrx_word' id='word_1_295' title='bbox 1264 3694 1437 3748; x_wconf 76' lang='lat' dir='ltr'><strong>Verbo</strong></span> <span class='ocrx_word' id='word_1_296' title='bbox 1462 3712 1473 3747; x_wconf 88' lang='lat'><strong>:</strong></span> <span class='ocrx_word' id='word_1_297' title='bbox 1501 3694 1700 3747; x_wconf 85' lang='lat' dir='ltr'><strong>Nomen</strong></span> <span class='ocrx_word' id='word_1_298' title='bbox 1720 3693 1916 3748; x_wconf 84' lang='lat' dir='ltr'><strong>Christi</strong></span> <span class='ocrx_word' id='word_1_299' title='bbox 1940 3696 2214 3761; x_wconf 89' lang='lat' dir='ltr'><strong>Dominus,</strong></span> 
     </span>
    </p>
   </div>
   <div class='ocr_carea' id='block_1_39' title="bbox 644 3786 2217 3857">
    <p class='ocr_par' dir='ltr' id='par_1_39' title="bbox 644 3786 2217 3857">
     <span class='ocr_line' id='line_1_39' title="bbox 644 3786 2217 3857; baseline 0.001 -18"><span class='ocrx_word' id='word_1_300' title='bbox 644 3800 836 3839; x_wconf 91' lang='lat' dir='ltr'><strong>nomen</strong></span> <span class='ocrx_word' id='word_1_301' title='bbox 864 3786 1034 3839; x_wconf 84' lang='lat' dir='ltr'><strong>Patris</strong></span> <span class='ocrx_word' id='word_1_302' title='bbox 1059 3787 1216 3839; x_wconf 84' lang='lat' dir='ltr'><strong>Deus.</strong></span> <span class='ocrx_word' id='word_1_303' title='bbox 1246 3786 1448 3839; x_wconf 79' lang='lat' dir='ltr'><strong>Rursus</strong></span> <span class='ocrx_word' id='word_1_304' title='bbox 1482 3786 1841 3841; x_wconf 82' lang='lat' dir='ltr'><strong>deﬁnitionem</strong></span> <span class='ocrx_word' id='word_1_305' title='bbox 1869 3804 2073 3853; x_wconf 92' lang='lat' dir='ltr'><strong>eorum,</strong></span> <span class='ocrx_word' id='word_1_306' title='bbox 2099 3804 2217 3857; x_wconf 69' lang='lat' dir='ltr'><strong>qua:</strong></span> 
     </span>
    </p>
   </div>
   <div class='ocr_carea' id='block_1_40' title="bbox 643 3877 2216 3945">
    <p class='ocr_par' dir='ltr' id='par_1_40' title="bbox 643 3877 2216 3945">
     <span class='ocr_line' id='line_1_40' title="bbox 643 3877 2216 3945; baseline 0.003 -16"><span class='ocrx_word' id='word_1_307' title='bbox 643 3877 909 3945; x_wconf 85' lang='lat' dir='ltr'><strong>proposita</strong></span> <span class='ocrx_word' id='word_1_308' title='bbox 936 3888 1078 3942; x_wconf 89' lang='lat' dir='ltr'><strong>sunt,</strong></span> <span class='ocrx_word' id='word_1_309' title='bbox 1113 3879 1335 3942; x_wconf 87' lang='lat' dir='ltr'><strong>postulo.</strong></span> <span class='ocrx_word' id='word_1_310' title='bbox 1360 3879 1735 3933; x_wconf 69' lang='lat' dir='ltr'><strong>llzcrcticorum</strong></span> <span class='ocrx_word' id='word_1_311' title='bbox 1761 3881 1933 3934; x_wconf 83' lang='lat' dir='ltr'><strong>verbis</strong></span> <span class='ocrx_word' id='word_1_312' title='bbox 1956 3880 2216 3934; x_wconf 67' lang='lat' dir='ltr'><strong>inhaeres?</strong></span> 
     </span>
    </p>
   </div>
   <div class='ocr_carea' id='block_1_41' title="bbox 644 3966 2215 4038">
    <p class='ocr_par' dir='ltr' id='par_1_41' title="bbox 644 3966 2215 4038">
     <span class='ocr_line' id='line_1_41' title="bbox 644 3966 2215 4038; baseline 0.003 -17"><span class='ocrx_word' id='word_1_313' title='bbox 644 3981 989 4035; x_wconf 88' lang='lat' dir='ltr'><strong>permanesne</strong></span> <span class='ocrx_word' id='word_1_314' title='bbox 1020 3968 1073 4019; x_wconf 91' lang='lat' dir='ltr'><strong>in</strong></span> <span class='ocrx_word' id='word_1_315' title='bbox 1102 3966 1490 4022; x_wconf 81' lang='lat' dir='ltr'><strong>conditionibus</strong></span> <span class='ocrx_word' id='word_1_316' title='bbox 1540 3971 1861 4038; x_wconf 84' lang='lat' dir='ltr'><strong>propositis?</strong></span> <span class='ocrx_word' id='word_1_317' title='bbox 1904 3969 2215 4026; x_wconf 85' lang='lat' dir='ltr'><strong>Inconstan-</strong></span> 
     </span>
    </p>
   </div>
   <div class='ocr_carea' id='block_1_42' title="bbox 643 4055 2216 4122">
    <p class='ocr_par' dir='ltr' id='par_1_42' title="bbox 643 4055 2216 4122">
     <span class='ocr_line' id='line_1_42' title="bbox 643 4055 2216 4122; baseline 0.005 -13"><span class='ocrx_word' id='word_1_318' title='bbox 643 4056 766 4109; x_wconf 89' lang='lat' dir='ltr'><strong>tiam</strong></span> <span class='ocrx_word' id='word_1_319' title='bbox 780 4055 919 4109; x_wconf 92' lang='lat' dir='ltr'><strong>enim</strong></span> <span class='ocrx_word' id='word_1_320' title='bbox 942 4064 1079 4109; x_wconf 87' lang='lat' dir='ltr'><strong>tuam</strong></span> <span class='ocrx_word' id='word_1_321' title='bbox 1104 4067 1299 4110; x_wconf 85' lang='lat' dir='ltr'><strong>metuo.</strong></span> <span class='ocrx_word' id='word_1_322' title='bbox 1314 4058 1535 4122; x_wconf 87' lang='lat' dir='ltr'><strong>Quando</strong></span> <span class='ocrx_word' id='word_1_323' title='bbox 1552 4059 1845 4113; x_wconf 88' lang='lat' dir='ltr'><strong>confutatus</strong></span> <span class='ocrx_word' id='word_1_324' title='bbox 1863 4075 1921 4113; x_wconf 92' lang='lat' dir='ltr'><strong>es</strong></span> <span class='ocrx_word' id='word_1_325' title='bbox 1937 4077 1999 4114; x_wconf 84' lang='lat' dir='ltr'><strong>ex</strong></span> <span class='ocrx_word' id='word_1_326' title='bbox 2024 4061 2121 4116; x_wconf 85' lang='lat' dir='ltr'><strong>hac</strong></span> <span class='ocrx_word' id='word_1_327' title='bbox 2134 4064 2216 4117; x_wconf 62' lang='lat' dir='ltr'><strong>de</strong></span> 
     </span>
    </p>
   </div>
   <div class='ocr_carea' id='block_1_43' title="bbox 642 4148 2213 4221">
    <p class='ocr_par' dir='ltr' id='par_1_43' title="bbox 642 4148 2213 4221">
     <span class='ocr_line' id='line_1_43' title="bbox 642 4148 2213 4221; baseline 0.006 -22"><span class='ocrx_word' id='word_1_328' title='bbox 642 4155 932 4200; x_wconf 88' lang='lat' dir='ltr'><strong>monstrata</strong></span> <span class='ocrx_word' id='word_1_329' title='bbox 968 4148 1206 4210; x_wconf 85' lang='lat' dir='ltr'><strong>veritate,</strong></span> <span class='ocrx_word' id='word_1_330' title='bbox 1232 4149 1295 4201; x_wconf 91' lang='lat' dir='ltr'><strong>ad</strong></span> <span class='ocrx_word' id='word_1_331' title='bbox 1324 4149 1463 4201; x_wconf 90' lang='lat' dir='ltr'><strong>aliud</strong></span> <span class='ocrx_word' id='word_1_332' title='bbox 1494 4160 1845 4203; x_wconf 92' lang='lat' dir='ltr'><strong>commentum</strong></span> <span class='ocrx_word' id='word_1_333' title='bbox 1868 4151 2105 4221; x_wconf 84' lang='lat' dir='ltr'><strong>confugis</strong></span> <span class='ocrx_word' id='word_1_334' title='bbox 2129 4196 2141 4216; x_wconf 93' lang='lat'><strong>,</strong></span> <span class='ocrx_word' id='word_1_335' title='bbox 2170 4156 2213 4208; x_wconf 90' lang='lat' dir='ltr'><strong>si</strong></span> 
     </span>
    </p>
   </div>
   <div class='ocr_carea' id='block_1_44' title="bbox 644 4237 2215 4308">
    <p class='ocr_par' dir='ltr' id='par_1_44' title="bbox 644 4237 2215 4308">
     <span class='ocr_line' id='line_1_44' title="bbox 644 4237 2215 4308; baseline 0.003 -15"><span class='ocrx_word' id='word_1_336' title='bbox 644 4238 748 4293; x_wconf 88' lang='lat' dir='ltr'><strong>illic</strong></span> <span class='ocrx_word' id='word_1_337' title='bbox 764 4239 1111 4299; x_wconf 86' lang='lat' dir='ltr'><strong>convincaris,</strong></span> <span class='ocrx_word' id='word_1_338' title='bbox 1128 4237 1360 4291; x_wconf 90' lang='lat' dir='ltr'><strong>declinas</strong></span> <span class='ocrx_word' id='word_1_339' title='bbox 1377 4240 1441 4292; x_wconf 91' lang='lat' dir='ltr'><strong>ad</strong></span> <span class='ocrx_word' id='word_1_340' title='bbox 1457 4240 1593 4293; x_wconf 88' lang='lat' dir='ltr'><strong>aliud</strong></span> <span class='ocrx_word' id='word_1_341' title='bbox 1623 4242 1973 4308; x_wconf 85' lang='lat' dir='ltr'><strong>improbitatis</strong></span> <span class='ocrx_word' id='word_1_342' title='bbox 1990 4244 2215 4297; x_wconf 82' lang='lat' dir='ltr'><strong>elemen-</strong></span> 
     </span>
    </p>
   </div>
   <div class='ocr_carea' id='block_1_45' title="bbox 645 4328 2215 4396">
    <p class='ocr_par' dir='ltr' id='par_1_45' title="bbox 645 4328 2215 4396">
     <span class='ocr_line' id='line_1_45' title="bbox 645 4328 2215 4396; baseline 0.006 -17"><span class='ocrx_word' id='word_1_343' title='bbox 645 4336 777 4389; x_wconf 88' lang='lat' dir='ltr'><strong>tum,</strong></span> <span class='ocrx_word' id='word_1_344' title='bbox 815 4340 933 4379; x_wconf 91' lang='lat' dir='ltr'><strong>cum</strong></span> <span class='ocrx_word' id='word_1_345' title='bbox 970 4336 1241 4394; x_wconf 89' lang='lat' dir='ltr'><strong>oporteret</strong></span> <span class='ocrx_word' id='word_1_346' title='bbox 1274 4328 1636 4396; x_wconf 78' lang='lat' dir='ltr'><strong>Splendentem</strong></span> <span class='ocrx_word' id='word_1_347' title='bbox 1661 4332 2109 4386; x_wconf 90' lang='lat' dir='ltr'><strong>etilluminantem</strong></span> <span class='ocrx_word' id='word_1_348' title='bbox 2125 4350 2215 4389; x_wconf 83' lang='lat' dir='ltr'><strong>ve-</strong></span> 
     </span>
    </p>
   </div>
   <div class='ocr_carea' id='block_1_46' title="bbox 644 4417 2209 4488">
    <p class='ocr_par' dir='ltr' id='par_1_46' title="bbox 644 4417 2209 4488">
     <span class='ocr_line' id='line_1_46' title="bbox 644 4417 2209 4488; baseline 0.004 -17"><span class='ocrx_word' id='word_1_349' title='bbox 644 4418 849 4472; x_wconf 87' lang='lat' dir='ltr'><strong>ritatem</strong></span> <span class='ocrx_word' id='word_1_350' title='bbox 882 4432 985 4469; x_wconf 89' lang='lat' dir='ltr'><strong>non</strong></span> <span class='ocrx_word' id='word_1_351' title='bbox 1017 4417 1277 4484; x_wconf 77' lang='lat' dir='ltr'><strong>effugere:</strong></span> <span class='ocrx_word' id='word_1_352' title='bbox 1299 4434 1400 4471; x_wconf 89' lang='lat' dir='ltr'><strong>non</strong></span> <span class='ocrx_word' id='word_1_353' title='bbox 1434 4418 1573 4488; x_wconf 89' lang='lat' dir='ltr'><strong>fugat</strong></span> <span class='ocrx_word' id='word_1_354' title='bbox 1598 4421 1738 4473; x_wconf 92' lang='lat' dir='ltr'><strong>enim</strong></span> <span class='ocrx_word' id='word_1_355' title='bbox 1775 4438 1892 4475; x_wconf 91' lang='lat' dir='ltr'><strong>cum</strong></span> <span class='ocrx_word' id='word_1_356' title='bbox 1939 4424 2166 4478; x_wconf 85' lang='lat' dir='ltr'><strong>illustrat</strong></span> <span class='ocrx_word' id='word_1_357' title='bbox 2195 4442 2209 4478; x_wconf 89' lang='lat'><strong>:</strong></span> 
     </span>
    </p>
   </div>
   <div class='ocr_carea' id='block_1_47' title="bbox 641 4505 2208 4581">
    <p class='ocr_par' dir='ltr' id='par_1_47' title="bbox 641 4505 2208 4581">
     <span class='ocr_line' id='line_1_47' title="bbox 641 4505 2208 4581; baseline 0.005 -22"><span class='ocrx_word' id='word_1_358' title='bbox 641 4522 846 4570; x_wconf 90' lang='lat' dir='ltr'><strong>verum,</strong></span> <span class='ocrx_word' id='word_1_359' title='bbox 874 4505 1025 4574; x_wconf 85' lang='lat' dir='ltr'><strong>Fugit</strong></span> <span class='ocrx_word' id='word_1_360' title='bbox 1054 4508 1235 4576; x_wconf 84' lang='lat' dir='ltr'><strong>impius</strong></span> <span class='ocrx_word' id='word_1_361' title='bbox 1253 4509 1444 4561; x_wconf 87' lang='lat' dir='ltr'><strong>nemine</strong></span> <span class='ocrx_word' id='word_1_362' title='bbox 1470 4520 1786 4579; x_wconf 89' lang='lat' dir='ltr'><strong>persequente</strong></span> <span class='ocrx_word' id='word_1_363' title='bbox 1809 4510 1987 4580; x_wconf 82' lang='lat' dir='ltr'><strong>(Prov.</strong></span> <span class='ocrx_word' id='word_1_364' title='bbox 2020 4512 2108 4567; x_wconf 78' lang='grc'><strong>28.</strong></span> <span class='ocrx_word' id='word_1_365' title='bbox 2133 4512 2208 4581; x_wconf 90' lang='grc'><strong>1).</strong></span> 
     </span>
    </p>
   </div>
   <div class='ocr_carea' id='block_1_48' title="bbox 710 4596 2211 4655">
    <p class='ocr_par' dir='ltr' id='par_1_48' title="bbox 710 4596 2211 4655">
     <span class='ocr_line' id='line_1_48' title="bbox 710 4596 2211 4655; baseline 0.003 -4"><span class='ocrx_word' id='word_1_366' title='bbox 710 4598 761 4651; x_wconf 89' lang='lat'><strong>8.</strong></span> <span class='ocrx_word' id='word_1_367' title='bbox 787 4596 1034 4649; x_wconf 83' lang='lat' dir='ltr'><strong>Divinitas</strong></span> <span class='ocrx_word' id='word_1_368' title='bbox 1066 4597 1259 4649; x_wconf 85' lang='lat' dir='ltr'><strong>Christo</strong></span> <span class='ocrx_word' id='word_1_369' title='bbox 1287 4600 1587 4653; x_wconf 77' lang='lat' dir='ltr'><strong>vindicatur.</strong></span> <span class='ocrx_word' id='word_1_370' title='bbox 1618 4598 2062 4655; x_wconf 84' lang='lat' dir='ltr'><strong>Pneumatomachi</strong></span> <span class='ocrx_word' id='word_1_371' title='bbox 2093 4608 2211 4655; x_wconf 83' lang='lat' dir='ltr'><strong>red-</strong></span> 
     </span>
    </p>
   </div>
   <div class='ocr_carea' id='block_1_49' title="bbox 640 4687 2209 4758">
    <p class='ocr_par' dir='ltr' id='par_1_49' title="bbox 640 4687 2209 4758">
     <span class='ocr_line' id='line_1_49' title="bbox 640 4687 2209 4758; baseline 0.004 -18"><span class='ocrx_word' id='word_1_372' title='bbox 640 4696 941 4757; x_wconf 85' lang='lat' dir='ltr'><strong>arguuntur.</strong></span> <span class='ocrx_word' id='word_1_373' title='bbox 966 4717 1036 4727; x_wconf 94' lang='lat'><strong><em>—</em></strong></span> <span class='ocrx_word' id='word_1_374' title='bbox 1058 4687 1165 4741; x_wconf 89' lang='lat' dir='ltr'><strong>Nos</strong></span> <span class='ocrx_word' id='word_1_375' title='bbox 1196 4695 1369 4741; x_wconf 89' lang='lat' dir='ltr'><strong>autem</strong></span> <span class='ocrx_word' id='word_1_376' title='bbox 1391 4689 1455 4742; x_wconf 88' lang='lat' dir='ltr'><strong>ad</strong></span> <span class='ocrx_word' id='word_1_377' title='bbox 1484 4692 1809 4758; x_wconf 89' lang='lat' dir='ltr'><strong>propositum</strong></span> <span class='ocrx_word' id='word_1_378' title='bbox 1859 4704 2209 4747; x_wconf 80' lang='lat' dir='ltr'><strong>revertamur.</strong></span> 
     </span>
    </p>
   </div>
   <div class='ocr_carea' id='block_1_50' title="bbox 640 4777 2209 4848">
    <p class='ocr_par' dir='ltr' id='par_1_50' title="bbox 640 4777 2209 4848">
     <span class='ocr_line' id='line_1_50' title="bbox 640 4777 2209 4848; baseline 0.003 -16"><span class='ocrx_word' id='word_1_379' title='bbox 640 4777 973 4848; x_wconf 76' lang='lat' dir='ltr'><strong>Cognoscant,</strong></span> <span class='ocrx_word' id='word_1_380' title='bbox 1016 4779 1130 4845; x_wconf 86' lang='lat' dir='ltr'><strong>quia</strong></span> <span class='ocrx_word' id='word_1_381' title='bbox 1160 4795 1339 4831; x_wconf 89' lang='lat' dir='ltr'><strong>nomen</strong></span> <span class='ocrx_word' id='word_1_382' title='bbox 1364 4780 1448 4831; x_wconf 82' lang='lat' dir='ltr'><strong>tibi</strong></span> <span class='ocrx_word' id='word_1_383' title='bbox 1479 4778 1741 4833; x_wconf 85' lang='lat' dir='ltr'><strong>Dominus.</strong></span> <span class='ocrx_word' id='word_1_384' title='bbox 1774 4780 1827 4834; x_wconf 90' lang='lat' dir='ltr'><strong>Si</strong></span> <span class='ocrx_word' id='word_1_385' title='bbox 1858 4782 2065 4836; x_wconf 83' lang='lat' dir='ltr'><strong>Patrem</strong></span> <span class='ocrx_word' id='word_1_386' title='bbox 2096 4799 2209 4837; x_wconf 89' lang='lat' dir='ltr'><strong>mc-</strong></span> 
     </span>
    </p>
   </div>
   <div class='ocr_carea' id='block_1_51' title="bbox 641 4871 2208 4940">
    <p class='ocr_par' dir='ltr' id='par_1_51' title="bbox 641 4871 2208 4940">
     <span class='ocr_line' id='line_1_51' title="bbox 641 4871 2208 4940; baseline 0.004 -17"><span class='ocrx_word' id='word_1_387' title='bbox 641 4879 831 4934; x_wconf 90' lang='lat' dir='ltr'><strong>moret,</strong></span> <span class='ocrx_word' id='word_1_388' title='bbox 856 4871 999 4924; x_wconf 85' lang='lat' dir='ltr'><strong>disce</strong></span> <span class='ocrx_word' id='word_1_389' title='bbox 1031 4885 1219 4924; x_wconf 91' lang='lat' dir='ltr'><strong>nomen</strong></span> <span class='ocrx_word' id='word_1_390' title='bbox 1261 4872 1431 4924; x_wconf 86' lang='lat' dir='ltr'><strong>Patris</strong></span> <span class='ocrx_word' id='word_1_391' title='bbox 1458 4888 1573 4927; x_wconf 89' lang='lat' dir='ltr'><strong>esse</strong></span> <span class='ocrx_word' id='word_1_392' title='bbox 1600 4873 1748 4940; x_wconf 91' lang='lat' dir='ltr'><strong>illttd,</strong></span> <span class='ocrx_word' id='word_1_393' title='bbox 1784 4873 2047 4927; x_wconf 83' lang='lat' dir='ltr'><strong>Dominus.</strong></span> <span class='ocrx_word' id='word_1_394' title='bbox 2072 4876 2137 4929; x_wconf 84' lang='lat' dir='ltr'><strong>Et</strong></span> <span class='ocrx_word' id='word_1_395' title='bbox 2165 4877 2208 4929; x_wconf 90' lang='lat' dir='ltr'><strong>si</strong></span> 
     </span>
    </p>
   </div>
   <div class='ocr_carea' id='block_1_52' title="bbox 640 4962 2209 5027">
    <p class='ocr_par' dir='ltr' id='par_1_52' title="bbox 640 4962 2209 5027">
     <span class='ocr_line' id='line_1_52' title="bbox 640 4962 2209 5027; baseline 0.003 -12"><span class='ocrx_word' id='word_1_396' title='bbox 640 4962 811 5015; x_wconf 85' lang='lat' dir='ltr'><strong>Patris</strong></span> <span class='ocrx_word' id='word_1_397' title='bbox 834 4977 1026 5014; x_wconf 88' lang='lat' dir='ltr'><strong>nomen</strong></span> <span class='ocrx_word' id='word_1_398' title='bbox 1057 4969 1137 5015; x_wconf 87' lang='lat' dir='ltr'><strong>est</strong></span> <span class='ocrx_word' id='word_1_399' title='bbox 1160 4963 1429 5027; x_wconf 90' lang='lat' dir='ltr'><strong>Dominus,</strong></span> <span class='ocrx_word' id='word_1_400' title='bbox 1460 4965 1531 5015; x_wconf 87' lang='lat' dir='ltr'><strong>ait</strong></span> <span class='ocrx_word' id='word_1_401' title='bbox 1555 4963 1764 5027; x_wconf 81' lang='lat' dir='ltr'><strong>Paulus,</strong></span> <span class='ocrx_word' id='word_1_402' title='bbox 1794 4964 1935 5019; x_wconf 86' lang='lat' dir='ltr'><strong>Unus</strong></span> <span class='ocrx_word' id='word_1_403' title='bbox 1961 4964 2209 5020; x_wconf 89' lang='lat' dir='ltr'><strong>Dominus</strong></span> 
     </span>
    </p>
   </div>
   <div class='ocr_carea' id='block_1_53' title="bbox 636 5050 2206 5123">
    <p class='ocr_par' dir='ltr' id='par_1_53' title="bbox 636 5050 2206 5123">
     <span class='ocr_line' id='line_1_53' title="bbox 636 5050 2206 5123; baseline 0.004 -19"><span class='ocrx_word' id='word_1_404' title='bbox 636 5052 786 5104; x_wconf 81' lang='lat' dir='ltr'><strong>Jews</strong></span> <span class='ocrx_word' id='word_1_405' title='bbox 827 5050 1073 5106; x_wconf 76' lang='lat' dir='ltr'><strong>Christus.</strong></span> <span class='ocrx_word' id='word_1_406' title='bbox 1115 5052 1218 5106; x_wconf 84' lang='lat' dir='ltr'><strong>Sed</strong></span> <span class='ocrx_word' id='word_1_407' title='bbox 1246 5052 1502 5108; x_wconf 91' lang='lat' dir='ltr'><strong>Dominus</strong></span> <span class='ocrx_word' id='word_1_408' title='bbox 1532 5055 1705 5123; x_wconf 89' lang='lat' dir='ltr'><strong>Pater,</strong></span> <span class='ocrx_word' id='word_1_409' title='bbox 1742 5057 1995 5109; x_wconf 92' lang='lat' dir='ltr'><strong>Dominus</strong></span> <span class='ocrx_word' id='word_1_410' title='bbox 2024 5058 2206 5111; x_wconf 83' lang='lat' dir='ltr'><strong>Filius.</strong></span> 
     </span>
    </p>
   </div>
   <div class='ocr_carea' id='block_1_54' title="bbox 642 5143 2208 5216">
    <p class='ocr_par' dir='ltr' id='par_1_54' title="bbox 642 5143 2208 5216">
     <span class='ocr_line' id='line_1_54' title="bbox 642 5143 2208 5216; baseline 0.004 -20"><span class='ocrx_word' id='word_1_411' title='bbox 642 5143 780 5212; x_wconf 87' lang='lat' dir='ltr'><strong>Ergo</strong></span> <span class='ocrx_word' id='word_1_412' title='bbox 802 5151 859 5197; x_wconf 92' lang='lat' dir='ltr'><strong>ut</strong></span> <span class='ocrx_word' id='word_1_413' title='bbox 886 5158 1105 5195; x_wconf 90' lang='lat' dir='ltr'><strong>consors</strong></span> <span class='ocrx_word' id='word_1_414' title='bbox 1129 5154 1208 5197; x_wconf 93' lang='lat' dir='ltr'><strong>est</strong></span> <span class='ocrx_word' id='word_1_415' title='bbox 1234 5147 1483 5210; x_wconf 89' lang='lat' dir='ltr'><strong>nominis,</strong></span> <span class='ocrx_word' id='word_1_416' title='bbox 1503 5162 1722 5201; x_wconf 90' lang='lat' dir='ltr'><strong>consors</strong></span> <span class='ocrx_word' id='word_1_417' title='bbox 1743 5157 1820 5201; x_wconf 87' lang='lat' dir='ltr'><strong>est</strong></span> <span class='ocrx_word' id='word_1_418' title='bbox 1842 5157 1893 5200; x_wconf 90' lang='lat' dir='ltr'><strong>et</strong></span> <span class='ocrx_word' id='word_1_419' title='bbox 1917 5148 2208 5216; x_wconf 88' lang='lat' dir='ltr'><strong>dignitatis.</strong></span> 
     </span>
    </p>
   </div>
   <div class='ocr_carea' id='block_1_55' title="bbox 644 5233 2207 5303">
    <p class='ocr_par' dir='ltr' id='par_1_55' title="bbox 644 5233 2207 5303">
     <span class='ocr_line' id='line_1_55' title="bbox 644 5233 2207 5303; baseline 0.004 -16"><span class='ocrx_word' id='word_1_420' title='bbox 644 5234 833 5288; x_wconf 86' lang='lat' dir='ltr'><strong>Verum</strong></span> <span class='ocrx_word' id='word_1_421' title='bbox 862 5233 1075 5287; x_wconf 65' lang='lat' dir='ltr'><strong>Iudaeus</strong></span> <span class='ocrx_word' id='word_1_422' title='bbox 1106 5236 1283 5290; x_wconf 88' lang='lat' dir='ltr'><strong>abnuit</strong></span> <span class='ocrx_word' id='word_1_423' title='bbox 1324 5239 1581 5303; x_wconf 81' lang='lat' dir='ltr'><strong>conﬁteri,</strong></span> <span class='ocrx_word' id='word_1_424' title='bbox 1634 5239 1683 5291; x_wconf 90' lang='lat' dir='ltr'><strong>id</strong></span> <span class='ocrx_word' id='word_1_425' title='bbox 1730 5240 1796 5293; x_wconf 93' lang='lat' dir='ltr'><strong>de</strong></span> <span class='ocrx_word' id='word_1_426' title='bbox 1828 5240 1982 5294; x_wconf 87' lang='lat' dir='ltr'><strong>Patre</strong></span> <span class='ocrx_word' id='word_1_427' title='bbox 2011 5241 2207 5294; x_wconf 89' lang='lat' dir='ltr'><strong>dictum</strong></span> 
     </span>
    </p>
   </div>
   <div class='ocr_carea' id='block_1_56' title="bbox 634 5322 2201 5395">
    <p class='ocr_par' dir='ltr' id='par_1_56' title="bbox 634 5322 2201 5395">
     <span class='ocr_line' id='line_1_56' title="bbox 634 5322 2201 5395; baseline 0.006 -20"><span class='ocrx_word' id='word_1_428' title='bbox 634 5322 833 5387; x_wconf 76' lang='lat' dir='ltr'><strong>fuisse,</strong></span> <span class='ocrx_word' id='word_1_429' title='bbox 881 5332 939 5375; x_wconf 91' lang='lat' dir='ltr'><strong>ut</strong></span> <span class='ocrx_word' id='word_1_430' title='bbox 976 5323 1138 5388; x_wconf 91' lang='lat' dir='ltr'><strong>illud,</strong></span> <span class='ocrx_word' id='word_1_431' title='bbox 1173 5324 1455 5391; x_wconf 88' lang='lat' dir='ltr'><strong>Dominus,</strong></span> <span class='ocrx_word' id='word_1_432' title='bbox 1506 5328 1638 5381; x_wconf 86' lang='lat' dir='ltr'><strong>Filio</strong></span> <span class='ocrx_word' id='word_1_433' title='bbox 1682 5328 2008 5394; x_wconf 88' lang='lat' dir='ltr'><strong>adscribens,</strong></span> <span class='ocrx_word' id='word_1_434' title='bbox 2055 5330 2201 5395; x_wconf 91' lang='lat' dir='ltr'><strong>illud,</strong></span> 
     </span>
    </p>
   </div>
   <div class='ocr_carea' id='block_1_57' title="bbox 643 5412 2207 5486">
    <p class='ocr_par' dir='ltr' id='par_1_57' title="bbox 643 5412 2207 5486">
     <span class='ocr_line' id='line_1_57' title="bbox 643 5412 2207 5486; baseline 0.005 -19"><span class='ocrx_word' id='word_1_435' title='bbox 643 5413 807 5475; x_wconf 86' lang='lat' dir='ltr'><strong>Deus,</strong></span> <span class='ocrx_word' id='word_1_436' title='bbox 850 5412 987 5465; x_wconf 84' lang='lat' dir='ltr'><strong>Patri</strong></span> <span class='ocrx_word' id='word_1_437' title='bbox 1016 5423 1233 5468; x_wconf 88' lang='lat' dir='ltr'><strong>servet:</strong></span> <span class='ocrx_word' id='word_1_438' title='bbox 1259 5416 1619 5472; x_wconf 80' lang='lat' dir='ltr'><strong>definitionem</strong></span> <span class='ocrx_word' id='word_1_439' title='bbox 1662 5420 1848 5486; x_wconf 88' lang='lat' dir='ltr'><strong>probo,</strong></span> <span class='ocrx_word' id='word_1_440' title='bbox 1877 5420 2207 5475; x_wconf 87' lang='lat' dir='ltr'><strong>conditiones</strong></span> 
     </span>
    </p>
   </div>
   <div class='ocr_carea' id='block_1_58' title="bbox 634 5501 2205 5574">
    <p class='ocr_par' dir='ltr' id='par_1_58' title="bbox 634 5501 2205 5574">
     <span class='ocr_line' id='line_1_58' title="bbox 634 5501 2205 5574; baseline 0.007 -20"><span class='ocrx_word' id='word_1_441' title='bbox 634 5502 856 5570; x_wconf 88' lang='lat' dir='ltr'><strong>accipio.</strong></span> <span class='ocrx_word' id='word_1_442' title='bbox 886 5501 996 5557; x_wconf 92' lang='lat' dir='ltr'><strong>Non</strong></span> <span class='ocrx_word' id='word_1_443' title='bbox 1027 5503 1291 5574; x_wconf 85' lang='lat' dir='ltr'><strong>distinguo</strong></span> <span class='ocrx_word' id='word_1_444' title='bbox 1323 5510 1590 5564; x_wconf 86' lang='lat' dir='ltr'><strong>nominum</strong></span> <span class='ocrx_word' id='word_1_445' title='bbox 1621 5508 1904 5563; x_wconf 71' lang='lat' dir='ltr'><strong>adorandae</strong></span> <span class='ocrx_word' id='word_1_446' title='bbox 1931 5509 2205 5565; x_wconf 88' lang='lat' dir='ltr'><strong>Trinitatis</strong></span> 
     </span>
    </p>
   </div>
   <div class='ocr_carea' id='block_1_59' title="bbox 632 5591 2205 5667">
    <p class='ocr_par' dir='ltr' id='par_1_59' title="bbox 632 5591 2205 5667">
     <span class='ocr_line' id='line_1_59' title="bbox 632 5591 2205 5667; baseline 0.005 -20"><span class='ocrx_word' id='word_1_447' title='bbox 632 5591 963 5663; x_wconf 83' lang='lat' dir='ltr'><strong>dignitatem,</strong></span> <span class='ocrx_word' id='word_1_448' title='bbox 998 5604 1055 5645; x_wconf 90' lang='lat' dir='ltr'><strong>ut</strong></span> <span class='ocrx_word' id='word_1_449' title='bbox 1084 5609 1225 5665; x_wconf 68' lang='lat' dir='ltr'><strong>saepe</strong></span> <span class='ocrx_word' id='word_1_450' title='bbox 1256 5596 1383 5660; x_wconf 80' lang='lat' dir='ltr'><strong>dixi,</strong></span> <span class='ocrx_word' id='word_1_451' title='bbox 1422 5599 1543 5667; x_wconf 87' lang='lat' dir='ltr'><strong>quia</strong></span> <span class='ocrx_word' id='word_1_452' title='bbox 1578 5599 1815 5654; x_wconf 77' lang='lat' dir='ltr'><strong>Ecclesia</strong></span> <span class='ocrx_word' id='word_1_453' title='bbox 1845 5600 2205 5654; x_wconf 82' lang='lat' dir='ltr'><strong>indistinctam</strong></span> 
     </span>
    </p>
   </div>
   <div class='ocr_carea' id='block_1_60' title="bbox 633 5682 2202 5761">
    <p class='ocr_par' dir='ltr' id='par_1_60' title="bbox 633 5682 2202 5761">
     <span class='ocr_line' id='line_1_60' title="bbox 633 5682 2202 5761; baseline 0.003 -20"><span class='ocrx_word' id='word_1_454' title='bbox 633 5682 793 5741; x_wconf 83' lang='lat' dir='ltr'><strong>habet</strong></span> <span class='ocrx_word' id='word_1_455' title='bbox 820 5682 1038 5752; x_wconf 82' lang='lat' dir='ltr'><strong>gloriam</strong></span> <span class='ocrx_word' id='word_1_456' title='bbox 1067 5703 1083 5741; x_wconf 74' lang='grc' dir='ltr'><strong>ς</strong></span> <span class='ocrx_word' id='word_1_457' title='bbox 1113 5686 1205 5743; x_wconf 87' lang='lat' dir='ltr'><strong>scd</strong></span> <span class='ocrx_word' id='word_1_458' title='bbox 1248 5688 1311 5743; x_wconf 88' lang='lat' dir='ltr'><strong>ad</strong></span> <span class='ocrx_word' id='word_1_459' title='bbox 1343 5691 1610 5748; x_wconf 83' lang='lat' dir='ltr'><strong>miseriam</strong></span> <span class='ocrx_word' id='word_1_460' title='bbox 1644 5699 1783 5747; x_wconf 90' lang='lat' dir='ltr'><strong>tuam</strong></span> <span class='ocrx_word' id='word_1_461' title='bbox 1828 5708 1913 5748; x_wconf 88' lang='lat' dir='ltr'><strong>me</strong></span> <span class='ocrx_word' id='word_1_462' title='bbox 1943 5693 2163 5748; x_wconf 83' lang='lat' dir='ltr'><strong>demitto</strong></span> <span class='ocrx_word' id='word_1_463' title='bbox 2184 5734 2202 5761; x_wconf 87' lang='lat'><strong>,</strong></span> 
     </span>
    </p>
   </div>
   <div class='ocr_carea' id='block_1_61' title="bbox 2070 310 2436 370">
    <p class='ocr_par' dir='ltr' id='par_1_61' title="bbox 2070 310 2436 370">
     <span class='ocr_line' id='line_1_61' title="bbox 2070 310 2436 370; baseline -0.011 0"><span class='ocrx_word' id='word_1_464' title='bbox 2070 310 2436 370; x_wconf 76' lang='lat' dir='ltr'><strong>SEVERIANI</strong></span> 
     </span>
    </p>
   </div>
   <div class='ocr_carea' id='block_1_62' title="bbox 3820 330 3929 385">
    <p class='ocr_par' dir='ltr' id='par_1_62' title="bbox 3820 330 3929 385">
     <span class='ocr_line' id='line_1_62' title="bbox 3820 330 3929 385; baseline 0.018 -2"><span class='ocrx_word' id='word_1_465' title='bbox 3820 330 3929 385; x_wconf 83' lang='lat'><strong>512</strong></span> 
     </span>
    </p>
   </div>
   <div class='ocr_carea' id='block_1_63' title="bbox 2336 428 3917 501">
    <p class='ocr_par' dir='ltr' id='par_1_63' title="bbox 2336 428 3917 501">
     <span class='ocr_line' id='line_1_63' title="bbox 2336 428 3917 501; baseline 0.002 -18"><span class='ocrx_word' id='word_1_466' title='bbox 2336 444 2399 484; x_wconf 88' lang='lat' dir='ltr'><strong>ac</strong></span> <span class='ocrx_word' id='word_1_467' title='bbox 2420 431 2560 497; x_wconf 87' lang='lat' dir='ltr'><strong>dico,</strong></span> <span class='ocrx_word' id='word_1_468' title='bbox 2594 430 2754 484; x_wconf 87' lang='lat' dir='ltr'><strong>Detur</strong></span> <span class='ocrx_word' id='word_1_469' title='bbox 2779 428 2900 494; x_wconf 87' lang='lat' dir='ltr'><strong>hoc,</strong></span> <span class='ocrx_word' id='word_1_470' title='bbox 2926 429 3256 501; x_wconf 82' lang='lat' dir='ltr'><strong>Cognoscant,</strong></span> <span class='ocrx_word' id='word_1_471' title='bbox 3281 433 3395 499; x_wconf 83' lang='lat' dir='ltr'><strong>quia</strong></span> <span class='ocrx_word' id='word_1_472' title='bbox 3418 449 3596 486; x_wconf 82' lang='lat' dir='ltr'><strong>nomen</strong></span> <span class='ocrx_word' id='word_1_473' title='bbox 3619 433 3709 487; x_wconf 82' lang='lat' dir='ltr'><strong>tibi</strong></span> <span class='ocrx_word' id='word_1_474' title='bbox 3736 438 3917 486; x_wconf 70' lang='lat' dir='ltr'><strong>Damt-</strong></span> 
     </span>
    </p>
   </div>
   <div class='ocr_carea' id='block_1_64' title="bbox 2337 519 3916 593">
    <p class='ocr_par' dir='ltr' id='par_1_64' title="bbox 2337 519 3916 593">
     <span class='ocr_line' id='line_1_64' title="bbox 2337 519 3916 593; baseline 0.003 -21"><span class='ocrx_word' id='word_1_475' title='bbox 2337 535 2468 583; x_wconf 87' lang='lat' dir='ltr'><strong>nus;</strong></span> <span class='ocrx_word' id='word_1_476' title='bbox 2495 519 2621 589; x_wconf 90' lang='lat' dir='ltr'><strong>qnid</strong></span> <span class='ocrx_word' id='word_1_477' title='bbox 2662 522 2819 590; x_wconf 86' lang='lat' dir='ltr'><strong>igitur</strong></span> <span class='ocrx_word' id='word_1_478' title='bbox 2848 519 2939 574; x_wconf 80' lang='lat' dir='ltr'><strong>ﬂat</strong></span> <span class='ocrx_word' id='word_1_479' title='bbox 2966 520 3032 575; x_wconf 90' lang='lat' dir='ltr'><strong>de</strong></span> <span class='ocrx_word' id='word_1_480' title='bbox 3062 522 3149 575; x_wconf 90' lang='lat' dir='ltr'><strong>illo</strong></span> <span class='ocrx_word' id='word_1_481' title='bbox 3174 522 3335 576; x_wconf 87' lang='lat' dir='ltr'><strong>verbo</strong></span> <span class='ocrx_word' id='word_1_482' title='bbox 3360 523 3499 591; x_wconf 91' lang='lat' dir='ltr'><strong>quod</strong></span> <span class='ocrx_word' id='word_1_483' title='bbox 3530 525 3797 593; x_wconf 84' lang='lat' dir='ltr'><strong>sequitur,</strong></span> <span class='ocrx_word' id='word_1_484' title='bbox 3840 522 3916 577; x_wconf 85' lang='lat' dir='ltr'><strong>Tu</strong></span> 
     </span>
    </p>
   </div>
   <div class='ocr_carea' id='block_1_65' title="bbox 2332 610 3917 683">
    <p class='ocr_par' dir='ltr' id='par_1_65' title="bbox 2332 610 3917 683">
     <span class='ocr_line' id='line_1_65' title="bbox 2332 610 3917 683; baseline 0.004 -20"><span class='ocrx_word' id='word_1_485' title='bbox 2332 611 2469 663; x_wconf 89' lang='lat' dir='ltr'><strong>solus</strong></span> <span class='ocrx_word' id='word_1_486' title='bbox 2498 610 2783 665; x_wconf 81' lang='lat' dir='ltr'><strong>Altissimus</strong></span> <span class='ocrx_word' id='word_1_487' title='bbox 2808 628 2956 680; x_wconf 85' lang='lat' dir='ltr'><strong>super</strong></span> <span class='ocrx_word' id='word_1_488' title='bbox 2981 628 3175 665; x_wconf 88' lang='lat' dir='ltr'><strong>omnem</strong></span> <span class='ocrx_word' id='word_1_489' title='bbox 3200 622 3381 666; x_wconf 85' lang='lat' dir='ltr'><strong>terram</strong></span> <span class='ocrx_word' id='word_1_490' title='bbox 3402 614 3427 666; x_wconf 79' lang='lat'><strong>.’</strong></span> <span class='ocrx_word' id='word_1_491' title='bbox 3454 614 3592 683; x_wconf 88' lang='lat' dir='ltr'><strong>Ergo</strong></span> <span class='ocrx_word' id='word_1_492' title='bbox 3613 614 3917 669; x_wconf 77' lang='lat' dir='ltr'><strong>secundum</strong></span> 
     </span>
    </p>
   </div>
   <div class='ocr_carea' id='block_1_66' title="bbox 2334 698 3918 774">
    <p class='ocr_par' dir='ltr' id='par_1_66' title="bbox 2334 698 3918 774">
     <span class='ocr_line' id='line_1_66' title="bbox 2334 698 3918 774; baseline 0.004 -23"><span class='ocrx_word' id='word_1_493' title='bbox 2334 698 2656 767; x_wconf 89' lang='lat' dir='ltr'><strong>impietatem</strong></span> <span class='ocrx_word' id='word_1_494' title='bbox 2697 699 3095 769; x_wconf 89' lang='lat' dir='ltr'><strong>doctrinamque</strong></span> <span class='ocrx_word' id='word_1_495' title='bbox 3122 710 3263 755; x_wconf 87' lang='lat' dir='ltr'><strong>tuam</strong></span> <span class='ocrx_word' id='word_1_496' title='bbox 3286 744 3301 768; x_wconf 96' lang='lat'><strong>,</strong></span> <span class='ocrx_word' id='word_1_497' title='bbox 3341 718 3446 756; x_wconf 87' lang='lat' dir='ltr'><strong>non</strong></span> <span class='ocrx_word' id='word_1_498' title='bbox 3494 706 3728 774; x_wconf 83' lang='lat' dir='ltr'><strong>amplius</strong></span> <span class='ocrx_word' id='word_1_499' title='bbox 3758 706 3918 759; x_wconf 84' lang='lat' dir='ltr'><strong>Pater</strong></span> 
     </span>
    </p>
   </div>
   <div class='ocr_carea' id='block_1_67' title="bbox 2331 788 3912 860">
    <p class='ocr_par' dir='ltr' id='par_1_67' title="bbox 2331 788 3912 860">
     <span class='ocr_line' id='line_1_67' title="bbox 2331 788 3912 860; baseline 0.006 -20"><span class='ocrx_word' id='word_1_500' title='bbox 2331 788 2434 841; x_wconf 88' lang='lat' dir='ltr'><strong>erit</strong></span> <span class='ocrx_word' id='word_1_501' title='bbox 2463 788 2789 855; x_wconf 82' lang='lat' dir='ltr'><strong>Altissimus,</strong></span> <span class='ocrx_word' id='word_1_502' title='bbox 2818 790 2940 858; x_wconf 90' lang='lat' dir='ltr'><strong>quia</strong></span> <span class='ocrx_word' id='word_1_503' title='bbox 2963 790 3106 844; x_wconf 88' lang='lat' dir='ltr'><strong>solus</strong></span> <span class='ocrx_word' id='word_1_504' title='bbox 3132 790 3297 847; x_wconf 89' lang='lat' dir='ltr'><strong>Filius</strong></span> <span class='ocrx_word' id='word_1_505' title='bbox 3322 802 3403 845; x_wconf 90' lang='lat' dir='ltr'><strong>est</strong></span> <span class='ocrx_word' id='word_1_506' title='bbox 3433 794 3764 848; x_wconf 68' lang='lat' dir='ltr'><strong>Altissimus.</strong></span> <span class='ocrx_word' id='word_1_507' title='bbox 3792 796 3912 860; x_wconf 82' lang='lat' dir='ltr'><strong>Hic,</strong></span> 
     </span>
    </p>
   </div>
   <div class='ocr_carea' id='block_1_68' title="bbox 2332 877 3910 954">
    <p class='ocr_par' dir='ltr' id='par_1_68' title="bbox 2332 877 3910 954">
     <span class='ocr_line' id='line_1_68' title="bbox 2332 877 3910 954; baseline 0.007 -24"><span class='ocrx_word' id='word_1_508' title='bbox 2332 877 2519 932; x_wconf 84' lang='lat' dir='ltr'><strong>fratres</strong></span> <span class='ocrx_word' id='word_1_509' title='bbox 2542 920 2557 942; x_wconf 89' lang='lat'><strong>,</strong></span> <span class='ocrx_word' id='word_1_510' title='bbox 2586 895 2691 934; x_wconf 90' lang='lat' dir='ltr'><strong>non</strong></span> <span class='ocrx_word' id='word_1_511' title='bbox 2722 880 2913 935; x_wconf 82' lang='lat' dir='ltr'><strong>ﬂuctus</strong></span> <span class='ocrx_word' id='word_1_512' title='bbox 2951 884 3110 935; x_wconf 88' lang='lat' dir='ltr'><strong>maris</strong></span> <span class='ocrx_word' id='word_1_513' title='bbox 3143 892 3265 937; x_wconf 90' lang='lat' dir='ltr'><strong>sunt</strong></span> <span class='ocrx_word' id='word_1_514' title='bbox 3286 924 3301 948; x_wconf 94' lang='lat'><strong>,</strong></span> <span class='ocrx_word' id='word_1_515' title='bbox 3336 893 3391 937; x_wconf 92' lang='lat' dir='ltr'><strong>ut</strong></span> <span class='ocrx_word' id='word_1_516' title='bbox 3417 887 3535 953; x_wconf 90' lang='lat' dir='ltr'><strong>quis</strong></span> <span class='ocrx_word' id='word_1_517' title='bbox 3563 889 3910 954; x_wconf 67' lang='lat' dir='ltr'><strong>prmiocetur,</strong></span> 
     </span>
    </p>
   </div>
   <div class='ocr_carea' id='block_1_69' title="bbox 2330 968 3909 1042">
    <p class='ocr_par' dir='ltr' id='par_1_69' title="bbox 2330 968 3909 1042">
     <span class='ocr_line' id='line_1_69' title="bbox 2330 968 3909 1042; baseline 0.007 -20"><span class='ocrx_word' id='word_1_518' title='bbox 2330 968 2421 1022; x_wconf 86' lang='lat' dir='ltr'><strong>sed</strong></span> <span class='ocrx_word' id='word_1_519' title='bbox 2464 972 2699 1024; x_wconf 87' lang='lat' dir='ltr'><strong>caritatis</strong></span> <span class='ocrx_word' id='word_1_520' title='bbox 2747 972 2935 1026; x_wconf 83' lang='lat' dir='ltr'><strong>ﬂuctus</strong></span> <span class='ocrx_word' id='word_1_521' title='bbox 2980 974 3068 1042; x_wconf 89' lang='lat' dir='ltr'><strong>qui</strong></span> <span class='ocrx_word' id='word_1_522' title='bbox 3113 975 3458 1030; x_wconf 82' lang='lat' dir='ltr'><strong>sanctiﬁcent.</strong></span> <span class='ocrx_word' id='word_1_523' title='bbox 3493 979 3747 1033; x_wconf 84' lang='lat' dir='ltr'><strong>Attamen</strong></span> <span class='ocrx_word' id='word_1_524' title='bbox 3788 997 3909 1035; x_wconf 87' lang='lat' dir='ltr'><strong>cum</strong></span> 
     </span>
    </p>
   </div>
   <div class='ocr_carea' id='block_1_70' title="bbox 2327 1058 3911 1141">
    <p class='ocr_par' dir='ltr' id='par_1_70' title="bbox 2327 1058 3911 1141">
     <span class='ocr_line' id='line_1_70' title="bbox 2327 1058 3911 1141; baseline 0.011 -29"><span class='ocrx_word' id='word_1_525' title='bbox 2327 1058 2567 1115; x_wconf 90' lang='lat' dir='ltr'><strong>Christus</strong></span> <span class='ocrx_word' id='word_1_526' title='bbox 2604 1062 2849 1130; x_wconf 84' lang='lat' dir='ltr'><strong>loquatur</strong></span> <span class='ocrx_word' id='word_1_527' title='bbox 2888 1073 2941 1119; x_wconf 89' lang='lat' dir='ltr'><strong>et</strong></span> <span class='ocrx_word' id='word_1_528' title='bbox 2984 1065 3317 1133; x_wconf 59' lang='lat' dir='ltr'><strong>praedicetur,</strong></span> <span class='ocrx_word' id='word_1_529' title='bbox 3358 1070 3588 1137; x_wconf 90' lang='lat' dir='ltr'><strong>quietem</strong></span> <span class='ocrx_word' id='word_1_530' title='bbox 3627 1083 3749 1141; x_wconf 76' lang='lat' dir='ltr'><strong>agmt</strong></span> <span class='ocrx_word' id='word_1_531' title='bbox 3795 1074 3911 1129; x_wconf 74' lang='lat' dir='ltr'><strong>inec</strong></span> 
     </span>
    </p>
   </div>
   <div class='ocr_carea' id='block_1_71' title="bbox 2327 1150 3910 1233">
    <p class='ocr_par' dir='ltr' id='par_1_71' title="bbox 2327 1150 3910 1233">
     <span class='ocr_line' id='line_1_71' title="bbox 2327 1150 3910 1233; baseline 0.011 -32"><span class='ocrx_word' id='word_1_532' title='bbox 2327 1150 2569 1219; x_wconf 87' lang='lat' dir='ltr'><strong>religiosa</strong></span> <span class='ocrx_word' id='word_1_533' title='bbox 2614 1155 2873 1209; x_wconf 76' lang='lat' dir='ltr'><strong>navicula.</strong></span> <span class='ocrx_word' id='word_1_534' title='bbox 2918 1157 3216 1211; x_wconf 86' lang='lat' dir='ltr'><strong>Absurdum</strong></span> <span class='ocrx_word' id='word_1_535' title='bbox 3260 1161 3398 1212; x_wconf 89' lang='lat' dir='ltr'><strong>enim</strong></span> <span class='ocrx_word' id='word_1_536' title='bbox 3426 1170 3507 1214; x_wconf 91' lang='lat' dir='ltr'><strong>est</strong></span> <span class='ocrx_word' id='word_1_537' title='bbox 3536 1177 3685 1215; x_wconf 84' lang='lat' dir='ltr'><strong>mare</strong></span> <span class='ocrx_word' id='word_1_538' title='bbox 3734 1166 3910 1233; x_wconf 74' lang='lat' dir='ltr'><strong>ipsum</strong></span> 
     </span>
    </p>
   </div>
   <div class='ocr_carea' id='block_1_72' title="bbox 2327 1241 3910 1317">
    <p class='ocr_par' dir='ltr' id='par_1_72' title="bbox 2327 1241 3910 1317">
     <span class='ocr_line' id='line_1_72' title="bbox 2327 1241 3910 1317; baseline 0.012 -27"><span class='ocrx_word' id='word_1_539' title='bbox 2327 1241 2542 1309; x_wconf 90' lang='lat' dir='ltr'><strong>vestigia</strong></span> <span class='ocrx_word' id='word_1_540' title='bbox 2577 1243 2779 1297; x_wconf 84' lang='lat' dir='ltr'><strong>Domini</strong></span> <span class='ocrx_word' id='word_1_541' title='bbox 2816 1248 3194 1315; x_wconf 89' lang='lat' dir='ltr'><strong>conspicatum,</strong></span> <span class='ocrx_word' id='word_1_542' title='bbox 3224 1248 3335 1302; x_wconf 71' lang='lat' dir='ltr'><strong>haec</strong></span> <span class='ocrx_word' id='word_1_543' title='bbox 3362 1250 3602 1316; x_wconf 88' lang='lat' dir='ltr'><strong>audiens,</strong></span> <span class='ocrx_word' id='word_1_544' title='bbox 3634 1252 3792 1317; x_wconf 79' lang='lat' dir='ltr'><strong>Tace,</strong></span> <span class='ocrx_word' id='word_1_545' title='bbox 3823 1256 3910 1308; x_wconf 66' lang='lat' dir='ltr'><strong>ob-</strong></span> 
     </span>
    </p>
   </div>
   <div class='ocr_carea' id='block_1_73' title="bbox 2327 1331 3905 1409">
    <p class='ocr_par' dir='ltr' id='par_1_73' title="bbox 2327 1331 3905 1409">
     <span class='ocr_line' id='line_1_73' title="bbox 2327 1331 3905 1409; baseline 0.013 -31"><span class='ocrx_word' id='word_1_546' title='bbox 2327 1339 2540 1383; x_wconf 88' lang='lat' dir='ltr'><strong>mutesce</strong></span> <span class='ocrx_word' id='word_1_547' title='bbox 2564 1331 2752 1400; x_wconf 78' lang='lat' dir='ltr'><strong>(Marc.</strong></span> <span class='ocrx_word' id='word_1_548' title='bbox 2785 1336 2838 1388; x_wconf 77' lang='grc'><strong>4.</strong></span> <span class='ocrx_word' id='word_1_549' title='bbox 2883 1336 2973 1403; x_wconf 84' lang='grc'><strong>’59)</strong></span> <span class='ocrx_word' id='word_1_550' title='bbox 2994 1376 3008 1400; x_wconf 85' lang='grc'><em>,</em></span> <span class='ocrx_word' id='word_1_551' title='bbox 3042 1338 3404 1392; x_wconf 87' lang='lat' dir='ltr'><strong>auctoritatem</strong></span> <span class='ocrx_word' id='word_1_552' title='bbox 3432 1343 3718 1395; x_wconf 81' lang='lat' dir='ltr'><strong>reveritum</strong></span> <span class='ocrx_word' id='word_1_553' title='bbox 3750 1359 3905 1409; x_wconf 84' lang='lat' dir='ltr'><strong>esse,</strong></span> 
     </span>
    </p>
   </div>
   <div class='ocr_carea' id='block_1_74' title="bbox 2326 1418 3908 1498">
    <p class='ocr_par' dir='ltr' id='par_1_74' title="bbox 2326 1418 3908 1498">
     <span class='ocr_line' id='line_1_74' title="bbox 2326 1418 3908 1498; baseline 0.012 -26"><span class='ocrx_word' id='word_1_554' title='bbox 2326 1418 2621 1475; x_wconf 84' lang='lat' dir='ltr'><strong>Ecclesiam</strong></span> <span class='ocrx_word' id='word_1_555' title='bbox 2646 1439 2772 1478; x_wconf 88' lang='lat' dir='ltr'><strong>vero</strong></span> <span class='ocrx_word' id='word_1_556' title='bbox 2811 1442 2916 1480; x_wconf 92' lang='lat' dir='ltr'><strong>non</strong></span> <span class='ocrx_word' id='word_1_557' title='bbox 2944 1428 3307 1498; x_wconf 85' lang='lat' dir='ltr'><strong>obtemperare</strong></span> <span class='ocrx_word' id='word_1_558' title='bbox 3338 1432 3560 1485; x_wconf 87' lang='lat' dir='ltr'><strong>Domino</strong></span> <span class='ocrx_word' id='word_1_559' title='bbox 3590 1436 3757 1489; x_wconf 85' lang='lat' dir='ltr'><strong>verba</strong></span> <span class='ocrx_word' id='word_1_560' title='bbox 3786 1438 3908 1493; x_wconf 66' lang='lat' dir='ltr'><strong>vita</strong></span> 
     </span>
    </p>
   </div>
   <div class='ocr_carea' id='block_1_75' title="bbox 2327 1510 3901 1588">
    <p class='ocr_par' dir='ltr' id='par_1_75' title="bbox 2327 1510 3901 1588">
     <span class='ocr_line' id='line_1_75' title="bbox 2327 1510 3901 1588; baseline 0.011 -25"><span class='ocrx_word' id='word_1_561' title='bbox 2327 1510 2582 1579; x_wconf 90' lang='lat' dir='ltr'><strong>loquenti,</strong></span> <span class='ocrx_word' id='word_1_562' title='bbox 2612 1529 2671 1568; x_wconf 86' lang='lat' dir='ltr'><strong>ac</strong></span> <span class='ocrx_word' id='word_1_563' title='bbox 2702 1514 2931 1570; x_wconf 86' lang='lat' dir='ltr'><strong>divinam</strong></span> <span class='ocrx_word' id='word_1_564' title='bbox 2960 1534 3085 1572; x_wconf 84' lang='lat' dir='ltr'><strong>vere</strong></span> <span class='ocrx_word' id='word_1_565' title='bbox 3116 1522 3334 1588; x_wconf 89' lang='lat' dir='ltr'><strong>gratiam</strong></span> <span class='ocrx_word' id='word_1_566' title='bbox 3368 1523 3420 1576; x_wconf 90' lang='lat' dir='ltr'><strong>in</strong></span> <span class='ocrx_word' id='word_1_567' title='bbox 3451 1522 3608 1577; x_wconf 83' lang='lat' dir='ltr'><strong>labiis</strong></span> <span class='ocrx_word' id='word_1_568' title='bbox 3638 1524 3858 1581; x_wconf 87' lang='lat' dir='ltr'><strong>habenti</strong></span> <span class='ocrx_word' id='word_1_569' title='bbox 3889 1546 3901 1580; x_wconf 97' lang='lat'>:</span> 
     </span>
    </p>
   </div>
   <div class='ocr_carea' id='block_1_76' title="bbox 2325 1600 3907 1684">
    <p class='ocr_par' dir='ltr' id='par_1_76' title="bbox 2325 1600 3907 1684">
     <span class='ocr_line' id='line_1_76' title="bbox 2325 1600 3907 1684; baseline 0.013 -32"><span class='ocrx_word' id='word_1_570' title='bbox 2325 1616 2444 1653; x_wconf 88' lang='lat' dir='ltr'><strong>nam</strong></span> <span class='ocrx_word' id='word_1_571' title='bbox 2474 1600 2673 1667; x_wconf 78' lang='lat' dir='ltr'><strong>Di/fusa</strong></span> <span class='ocrx_word' id='word_1_572' title='bbox 2708 1616 2779 1658; x_wconf 90' lang='lat' dir='ltr'><strong>est</strong></span> <span class='ocrx_word' id='word_1_573' title='bbox 2804 1607 2967 1675; x_wconf 89' lang='lat' dir='ltr'><strong>gratia</strong></span> <span class='ocrx_word' id='word_1_574' title='bbox 2993 1610 3045 1659; x_wconf 88' lang='lat' dir='ltr'><strong>in</strong></span> <span class='ocrx_word' id='word_1_575' title='bbox 3068 1609 3209 1662; x_wconf 71' lang='lat' dir='ltr'><strong>{abiis</strong></span> <span class='ocrx_word' id='word_1_576' title='bbox 3232 1614 3327 1663; x_wconf 86' lang='lat' dir='ltr'><strong>tuis</strong></span> <span class='ocrx_word' id='word_1_577' title='bbox 3353 1611 3521 1678; x_wconf 89' lang='lat' dir='ltr'><strong>(Psal.</strong></span> <span class='ocrx_word' id='word_1_578' title='bbox 3549 1614 3644 1669; x_wconf 71' lang='grc'><strong>44.</strong></span> <span class='ocrx_word' id='word_1_579' title='bbox 3668 1616 3760 1684; x_wconf 71' lang='grc'><strong>5).</strong></span> <span class='ocrx_word' id='word_1_580' title='bbox 3800 1617 3907 1671; x_wconf 83' lang='lat' dir='ltr'><strong>Sed</strong></span> 
     </span>
    </p>
   </div>
   <div class='ocr_carea' id='block_1_77' title="bbox 2323 1689 3910 1770">
    <p class='ocr_par' dir='ltr' id='par_1_77' title="bbox 2323 1689 3910 1770">
     <span class='ocr_line' id='line_1_77' title="bbox 2323 1689 3910 1770; baseline 0.011 -28"><span class='ocrx_word' id='word_1_581' title='bbox 2323 1689 2387 1742; x_wconf 90' lang='lat' dir='ltr'><strong>ad</strong></span> <span class='ocrx_word' id='word_1_582' title='bbox 2411 1695 2735 1759; x_wconf 89' lang='lat' dir='ltr'><strong>propositum</strong></span> <span class='ocrx_word' id='word_1_583' title='bbox 2760 1695 3063 1751; x_wconf 89' lang='lat' dir='ltr'><strong>redeamus.</strong></span> <span class='ocrx_word' id='word_1_584' title='bbox 3096 1697 3425 1768; x_wconf 87' lang='lat' dir='ltr'><strong>Cognoscant,</strong></span> <span class='ocrx_word' id='word_1_585' title='bbox 3454 1704 3573 1770; x_wconf 83' lang='lat' dir='ltr'><strong>quia</strong></span> <span class='ocrx_word' id='word_1_586' title='bbox 3595 1720 3781 1757; x_wconf 81' lang='lat' dir='ltr'><strong>nomen</strong></span> <span class='ocrx_word' id='word_1_587' title='bbox 3817 1707 3910 1760; x_wconf 75' lang='lat' dir='ltr'><strong>tibi</strong></span> 
     </span>
    </p>
   </div>
   <div class='ocr_carea' id='block_1_78' title="bbox 2325 1784 3906 1866">
    <p class='ocr_par' dir='ltr' id='par_1_78' title="bbox 2325 1784 3906 1866">
     <span class='ocr_line' id='line_1_78' title="bbox 2325 1784 3906 1866; baseline 0.011 -31"><span class='ocrx_word' id='word_1_588' title='bbox 2325 1784 2589 1840; x_wconf 89' lang='lat' dir='ltr'><strong>Dominus.</strong></span> <span class='ocrx_word' id='word_1_589' title='bbox 2622 1788 2807 1843; x_wconf 89' lang='lat' dir='ltr'><strong>Utrum</strong></span> <span class='ocrx_word' id='word_1_590' title='bbox 2839 1791 2917 1844; x_wconf 86' lang='lat' dir='ltr'><strong>vis</strong></span> <span class='ocrx_word' id='word_1_591' title='bbox 2941 1789 3097 1860; x_wconf 88' lang='lat' dir='ltr'><strong>elige,</strong></span> <span class='ocrx_word' id='word_1_592' title='bbox 3129 1805 3232 1845; x_wconf 91' lang='lat' dir='ltr'><strong>non</strong></span> <span class='ocrx_word' id='word_1_593' title='bbox 3253 1794 3397 1861; x_wconf 90' lang='lat' dir='ltr'><strong>quasi</strong></span> <span class='ocrx_word' id='word_1_594' title='bbox 3428 1795 3591 1848; x_wconf 83' lang='lat' dir='ltr'><strong>resin</strong></span> <span class='ocrx_word' id='word_1_595' title='bbox 3626 1804 3714 1850; x_wconf 87' lang='lat' dir='ltr'><strong>tua</strong></span> <span class='ocrx_word' id='word_1_596' title='bbox 3751 1808 3906 1866; x_wconf 77' lang='lat' dir='ltr'><strong>pote-</strong></span> 
     </span>
    </p>
   </div>
   <div class='ocr_carea' id='block_1_79' title="bbox 2323 1877 3905 1953">
    <p class='ocr_par' dir='ltr' id='par_1_79' title="bbox 2323 1877 3905 1953">
     <span class='ocr_line' id='line_1_79' title="bbox 2323 1877 3905 1953; baseline 0.008 -27"><span class='ocrx_word' id='word_1_597' title='bbox 2323 1883 2460 1929; x_wconf 89' lang='lat' dir='ltr'><strong>state</strong></span> <span class='ocrx_word' id='word_1_598' title='bbox 2484 1877 2551 1929; x_wconf 89' lang='lat' dir='ltr'><strong>sit</strong></span> <span class='ocrx_word' id='word_1_599' title='bbox 2580 1879 2748 1944; x_wconf 89' lang='lat' dir='ltr'><strong>posita</strong></span> <span class='ocrx_word' id='word_1_600' title='bbox 2782 1896 2795 1930; x_wconf 94' lang='lat'><strong>:</strong></span> <span class='ocrx_word' id='word_1_601' title='bbox 2829 1895 2998 1947; x_wconf 90' lang='lat' dir='ltr'><strong>neque</strong></span> <span class='ocrx_word' id='word_1_602' title='bbox 3025 1881 3165 1933; x_wconf 91' lang='lat' dir='ltr'><strong>enim</strong></span> <span class='ocrx_word' id='word_1_603' title='bbox 3193 1897 3311 1934; x_wconf 89' lang='lat' dir='ltr'><strong>cum</strong></span> <span class='ocrx_word' id='word_1_604' title='bbox 3349 1882 3503 1937; x_wconf 84' lang='lat' dir='ltr'><strong>Jesus</strong></span> <span class='ocrx_word' id='word_1_605' title='bbox 3532 1883 3681 1939; x_wconf 86' lang='lat' dir='ltr'><strong>Nave</strong></span> <span class='ocrx_word' id='word_1_606' title='bbox 3707 1886 3776 1938; x_wconf 84' lang='lat' dir='ltr'><strong>ad</strong></span> <span class='ocrx_word' id='word_1_607' title='bbox 3807 1902 3905 1953; x_wconf 78' lang='lat' dir='ltr'><strong>po.</strong></span> 
     </span>
    </p>
   </div>
   <div class='ocr_carea' id='block_1_80' title="bbox 2325 1967 3903 2044">
    <p class='ocr_par' dir='ltr' id='par_1_80' title="bbox 2325 1967 3903 2044">
     <span class='ocr_line' id='line_1_80' title="bbox 2325 1967 3903 2044; baseline 0.007 -26"><span class='ocrx_word' id='word_1_608' title='bbox 2325 1967 2501 2034; x_wconf 87' lang='lat' dir='ltr'><strong>pulum</strong></span> <span class='ocrx_word' id='word_1_609' title='bbox 2525 1967 2757 2022; x_wconf 82' lang='lat' dir='ltr'><strong>diceret:</strong></span> <span class='ocrx_word' id='word_1_610' title='bbox 2782 1968 2969 2039; x_wconf 84' lang='lat' dir='ltr'><strong>Eligite</strong></span> <span class='ocrx_word' id='word_1_611' title='bbox 2993 1970 3127 2025; x_wconf 81' lang='lat' dir='ltr'><strong>vobis</strong></span> <span class='ocrx_word' id='word_1_612' title='bbox 3152 1972 3299 2025; x_wconf 79' lang='lat' dir='ltr'><strong>hodie</strong></span> <span class='ocrx_word' id='word_1_613' title='bbox 3317 1978 3402 2025; x_wconf 80' lang='lat' dir='ltr'><strong>cui</strong></span> <span class='ocrx_word' id='word_1_614' title='bbox 3425 1976 3674 2044; x_wconf 69' lang='lat' dir='ltr'><strong>serviatis,</strong></span> <span class='ocrx_word' id='word_1_615' title='bbox 3695 1993 3763 2029; x_wconf 80' lang='lat' dir='ltr'><strong>an</strong></span> <span class='ocrx_word' id='word_1_616' title='bbox 3782 1978 3903 2041; x_wconf 75' lang='lat' dir='ltr'><strong>diis,</strong></span> 
     </span>
    </p>
   </div>
   <div class='ocr_carea' id='block_1_81' title="bbox 2322 2059 3903 2137">
    <p class='ocr_par' dir='ltr' id='par_1_81' title="bbox 2322 2059 3903 2137">
     <span class='ocr_line' id='line_1_81' title="bbox 2322 2059 3903 2137; baseline 0.009 -31"><span class='ocrx_word' id='word_1_617' title='bbox 2322 2074 2443 2123; x_wconf 86' lang='lat' dir='ltr'><strong>quos</strong></span> <span class='ocrx_word' id='word_1_618' title='bbox 2463 2059 2721 2111; x_wconf 87' lang='lat' dir='ltr'><strong>coluerunt</strong></span> <span class='ocrx_word' id='word_1_619' title='bbox 2738 2069 2904 2127; x_wconf 85' lang='lat' dir='ltr'><strong>patres</strong></span> <span class='ocrx_word' id='word_1_620' title='bbox 2925 2062 3090 2127; x_wconf 83' lang='lat' dir='ltr'><strong>vestri,</strong></span> <span class='ocrx_word' id='word_1_621' title='bbox 3117 2078 3182 2114; x_wconf 90' lang='lat' dir='ltr'><strong>an</strong></span> <span class='ocrx_word' id='word_1_622' title='bbox 3199 2061 3413 2115; x_wconf 88' lang='lat' dir='ltr'><strong>Domino</strong></span> <span class='ocrx_word' id='word_1_623' title='bbox 3436 2064 3541 2118; x_wconf 86' lang='lat' dir='ltr'><strong>Deo</strong></span> <span class='ocrx_word' id='word_1_624' title='bbox 3562 2075 3736 2120; x_wconf 81' lang='lat' dir='ltr'><strong>nostro</strong></span> <span class='ocrx_word' id='word_1_625' title='bbox 3761 2068 3903 2137; x_wconf 73' lang='lat' dir='ltr'><strong>(los.</strong></span> 
     </span>
    </p>
   </div>
   <div class='ocr_carea' id='block_1_82' title="bbox 2320 2150 3905 2222">
    <p class='ocr_par' dir='ltr' id='par_1_82' title="bbox 2320 2150 3905 2222">
     <span class='ocr_line' id='line_1_82' title="bbox 2320 2150 3905 2222; baseline 0.006 -21"><span class='ocrx_word' id='word_1_626' title='bbox 2320 2150 2410 2202; x_wconf 71' lang='grc'><strong>24.</strong></span> <span class='ocrx_word' id='word_1_627' title='bbox 2436 2150 2545 2218; x_wconf 85' lang='grc'><strong>15),</strong></span> <span class='ocrx_word' id='word_1_628' title='bbox 2570 2150 2689 2204; x_wconf 91' lang='lat' dir='ltr'><strong>ideo</strong></span> <span class='ocrx_word' id='word_1_629' title='bbox 2719 2160 3034 2218; x_wconf 88' lang='lat' dir='ltr'><strong>potestatem</strong></span> <span class='ocrx_word' id='word_1_630' title='bbox 3058 2154 3279 2222; x_wconf 87' lang='lat' dir='ltr'><strong>eligendi</strong></span> <span class='ocrx_word' id='word_1_631' title='bbox 3304 2154 3608 2209; x_wconf 87' lang='lat' dir='ltr'><strong>hominibus</strong></span> <span class='ocrx_word' id='word_1_632' title='bbox 3635 2158 3905 2212; x_wconf 80' lang='lat' dir='ltr'><strong>concede-</strong></span> 
     </span>
    </p>
   </div>
   <div class='ocr_carea' id='block_1_83' title="bbox 2322 2238 3902 2311">
    <p class='ocr_par' dir='ltr' id='par_1_83' title="bbox 2322 2238 3902 2311">
     <span class='ocr_line' id='line_1_83' title="bbox 2322 2238 3902 2311; baseline 0.005 -20"><span class='ocrx_word' id='word_1_633' title='bbox 2322 2238 2430 2302; x_wconf 89' lang='lat' dir='ltr'><strong>bat,</strong></span> <span class='ocrx_word' id='word_1_634' title='bbox 2463 2238 2555 2292; x_wconf 87' lang='lat' dir='ltr'><strong>sed</strong></span> <span class='ocrx_word' id='word_1_635' title='bbox 2579 2248 2635 2291; x_wconf 88' lang='lat' dir='ltr'><strong>ttt</strong></span> <span class='ocrx_word' id='word_1_636' title='bbox 2660 2242 2984 2305; x_wconf 86' lang='lat' dir='ltr'><strong>ostenderet,</strong></span> <span class='ocrx_word' id='word_1_637' title='bbox 3016 2243 3263 2311; x_wconf 87' lang='lat' dir='ltr'><strong>pietatem</strong></span> <span class='ocrx_word' id='word_1_638' title='bbox 3292 2244 3437 2311; x_wconf 88' lang='lat' dir='ltr'><strong>sequi</strong></span> <span class='ocrx_word' id='word_1_639' title='bbox 3466 2244 3747 2299; x_wconf 82' lang='lat' dir='ltr'><strong>arbitrium</strong></span> <span class='ocrx_word' id='word_1_640' title='bbox 3775 2246 3902 2300; x_wconf 90' lang='lat' dir='ltr'><strong>dili-</strong></span> 
     </span>
    </p>
   </div>
   <div class='ocr_carea' id='block_1_84' title="bbox 2322 2328 3899 2403">
    <p class='ocr_par' dir='ltr' id='par_1_84' title="bbox 2322 2328 3899 2403">
     <span class='ocr_line' id='line_1_84' title="bbox 2322 2328 3899 2403; baseline 0.007 -22"><span class='ocrx_word' id='word_1_641' title='bbox 2322 2330 2557 2396; x_wconf 84' lang='lat' dir='ltr'><strong>gentiam</strong></span> <span class='ocrx_word' id='word_1_642' title='bbox 2586 2328 2773 2384; x_wconf 89' lang='lat' dir='ltr'><strong>Deum.</strong></span> <span class='ocrx_word' id='word_1_643' title='bbox 2797 2330 2926 2385; x_wconf 89' lang='lat' dir='ltr'><strong>Item</strong></span> <span class='ocrx_word' id='word_1_644' title='bbox 2955 2333 3075 2386; x_wconf 88' lang='lat' dir='ltr'><strong>alibi</strong></span> <span class='ocrx_word' id='word_1_645' title='bbox 3099 2349 3115 2387; x_wconf 88' lang='lat'>:</span> <span class='ocrx_word' id='word_1_646' title='bbox 3154 2332 3255 2388; x_wconf 85' lang='lat' dir='ltr'><strong>Vos</strong></span> <span class='ocrx_word' id='word_1_647' title='bbox 3283 2343 3425 2388; x_wconf 87' lang='lat' dir='ltr'><strong>testes</strong></span> <span class='ocrx_word' id='word_1_648' title='bbox 3450 2336 3565 2389; x_wconf 89' lang='lat' dir='ltr'><strong>estis</strong></span> <span class='ocrx_word' id='word_1_649' title='bbox 3584 2346 3763 2390; x_wconf 82' lang='lat' dir='ltr'><strong>contra</strong></span> <span class='ocrx_word' id='word_1_650' title='bbox 3789 2355 3899 2403; x_wconf 74' lang='lat' dir='ltr'><strong>vos,</strong></span> 
     </span>
    </p>
   </div>
   <div class='ocr_carea' id='block_1_85' title="bbox 2320 2418 3900 2498">
    <p class='ocr_par' dir='ltr' id='par_1_85' title="bbox 2320 2418 3900 2498">
     <span class='ocr_line' id='line_1_85' title="bbox 2320 2418 3900 2498; baseline 0.009 -30"><span class='ocrx_word' id='word_1_651' title='bbox 2320 2422 2454 2484; x_wconf 86' lang='lat' dir='ltr'><strong>quod</strong></span> <span class='ocrx_word' id='word_1_652' title='bbox 2482 2434 2564 2471; x_wconf 78' lang='lat' dir='ltr'><strong>vos</strong></span> <span class='ocrx_word' id='word_1_653' title='bbox 2597 2418 2865 2473; x_wconf 87' lang='lat' dir='ltr'><strong>Dominum</strong></span> <span class='ocrx_word' id='word_1_654' title='bbox 2900 2423 3162 2492; x_wconf 84' lang='lat' dir='ltr'><strong>elegeritis,</strong></span> <span class='ocrx_word' id='word_1_655' title='bbox 3197 2424 3266 2476; x_wconf 88' lang='lat' dir='ltr'><strong>ad</strong></span> <span class='ocrx_word' id='word_1_656' title='bbox 3289 2427 3597 2479; x_wconf 77' lang='lat' dir='ltr'><strong>serviendum</strong></span> <span class='ocrx_word' id='word_1_657' title='bbox 3622 2429 3699 2480; x_wconf 80' lang='lat' dir='ltr'><strong>illi</strong></span> <span class='ocrx_word' id='word_1_658' title='bbox 3728 2427 3900 2498; x_wconf 82' lang='lat' dir='ltr'><strong>(Ibid.</strong></span> 
     </span>
    </p>
   </div>
   <div class='ocr_carea' id='block_1_86' title="bbox 2320 2506 3902 2588">
    <p class='ocr_par' dir='ltr' id='par_1_86' title="bbox 2320 2506 3902 2588">
     <span class='ocr_line' id='line_1_86' title="bbox 2320 2506 3902 2588; baseline 0.011 -30"><span class='ocrx_word' id='word_1_659' title='bbox 2320 2523 2367 2559; x_wconf 84' lang='grc' dir='ltr'><strong>υ.</strong></span> <span class='ocrx_word' id='word_1_660' title='bbox 2395 2506 2506 2577; x_wconf 88' lang='grc'><strong>22).</strong></span> <span class='ocrx_word' id='word_1_661' title='bbox 2550 2510 2999 2573; x_wconf 84' lang='lat' dir='ltr'><strong>Quemadmodum</strong></span> <span class='ocrx_word' id='word_1_662' title='bbox 3031 2514 3171 2567; x_wconf 91' lang='lat' dir='ltr'><strong>enim</strong></span> <span class='ocrx_word' id='word_1_663' title='bbox 3197 2515 3265 2569; x_wconf 91' lang='lat' dir='ltr'><strong>ibi</strong></span> <span class='ocrx_word' id='word_1_664' title='bbox 3292 2517 3435 2583; x_wconf 89' lang='lat' dir='ltr'><strong>optio</strong></span> <span class='ocrx_word' id='word_1_665' title='bbox 3463 2516 3551 2571; x_wconf 91' lang='lat' dir='ltr'><strong>Dei</strong></span> <span class='ocrx_word' id='word_1_666' title='bbox 3580 2519 3902 2588; x_wconf 86' lang='lat' dir='ltr'><strong>dignitatem</strong></span> 
     </span>
    </p>
   </div>
   <div class='ocr_carea' id='block_1_87' title="bbox 2322 2601 3899 2680">
    <p class='ocr_par' dir='ltr' id='par_1_87' title="bbox 2322 2601 3899 2680">
     <span class='ocr_line' id='line_1_87' title="bbox 2322 2601 3899 2680; baseline 0.011 -31"><span class='ocrx_word' id='word_1_667' title='bbox 2322 2613 2424 2651; x_wconf 90' lang='lat' dir='ltr'><strong>non</strong></span> <span class='ocrx_word' id='word_1_668' title='bbox 2454 2601 2771 2653; x_wconf 87' lang='lat' dir='ltr'><strong>contumelia</strong></span> <span class='ocrx_word' id='word_1_669' title='bbox 2797 2601 2993 2667; x_wconf 80' lang='lat' dir='ltr'><strong>all&#39;ccit,</strong></span> <span class='ocrx_word' id='word_1_670' title='bbox 3022 2604 3115 2657; x_wconf 89' lang='lat' dir='ltr'><strong>sed</strong></span> <span class='ocrx_word' id='word_1_671' title='bbox 3143 2605 3363 2661; x_wconf 89' lang='lat' dir='ltr'><strong>liberum</strong></span> <span class='ocrx_word' id='word_1_672' title='bbox 3384 2608 3654 2665; x_wconf 89' lang='lat' dir='ltr'><strong>arbitrium</strong></span> <span class='ocrx_word' id='word_1_673' title='bbox 3681 2612 3899 2680; x_wconf 90' lang='lat' dir='ltr'><strong>piorum</strong></span> 
     </span>
    </p>
   </div>
   <div class='ocr_carea' id='block_1_88' title="bbox 2321 2689 3899 2769">
    <p class='ocr_par' dir='ltr' id='par_1_88' title="bbox 2321 2689 3899 2769">
     <span class='ocr_line' id='line_1_88' title="bbox 2321 2689 3899 2769; baseline 0.012 -30"><span class='ocrx_word' id='word_1_674' title='bbox 2321 2689 2589 2742; x_wconf 89' lang='lat' dir='ltr'><strong>ostendit:</strong></span> <span class='ocrx_word' id='word_1_675' title='bbox 2624 2691 2699 2744; x_wconf 91' lang='lat' dir='ltr'><strong>sic</strong></span> <span class='ocrx_word' id='word_1_676' title='bbox 2727 2692 2884 2744; x_wconf 90' lang='lat' dir='ltr'><strong>etiam</strong></span> <span class='ocrx_word' id='word_1_677' title='bbox 2913 2709 3070 2759; x_wconf 91' lang='lat' dir='ltr'><strong>nunc,</strong></span> <span class='ocrx_word' id='word_1_678' title='bbox 3106 2696 3149 2747; x_wconf 92' lang='lat' dir='ltr'><strong>si</strong></span> <span class='ocrx_word' id='word_1_679' title='bbox 3174 2694 3341 2751; x_wconf 90' lang='lat' dir='ltr'><strong>libero</strong></span> <span class='ocrx_word' id='word_1_680' title='bbox 3375 2697 3593 2753; x_wconf 86' lang='lat' dir='ltr'><strong>arbitrio</strong></span> <span class='ocrx_word' id='word_1_681' title='bbox 3616 2702 3899 2769; x_wconf 83' lang='lat' dir='ltr'><strong>Optionem</strong></span> 
     </span>
    </p>
   </div>
   <div class='ocr_carea' id='block_1_89' title="bbox 2320 2779 3897 2855">
    <p class='ocr_par' dir='ltr' id='par_1_89' title="bbox 2320 2779 3897 2855">
     <span class='ocr_line' id='line_1_89' title="bbox 2320 2779 3897 2855; baseline 0.011 -23"><span class='ocrx_word' id='word_1_682' title='bbox 2320 2779 2518 2833; x_wconf 84' lang='lat' dir='ltr'><strong>dedero</strong></span> <span class='ocrx_word' id='word_1_683' title='bbox 2538 2822 2551 2843; x_wconf 90' lang='lat'><strong>,</strong></span> <span class='ocrx_word' id='word_1_684' title='bbox 2584 2797 2686 2835; x_wconf 91' lang='lat' dir='ltr'><strong>non</strong></span> <span class='ocrx_word' id='word_1_685' title='bbox 2712 2784 3018 2852; x_wconf 82' lang='lat' dir='ltr'><strong>dignitatem</strong></span> <span class='ocrx_word' id='word_1_686' title='bbox 3045 2790 3363 2841; x_wconf 88' lang='lat' dir='ltr'><strong>contumelia</strong></span> <span class='ocrx_word' id='word_1_687' title='bbox 3404 2790 3595 2855; x_wconf 84' lang='lat' dir='ltr'><strong>afficio,</strong></span> <span class='ocrx_word' id='word_1_688' title='bbox 3619 2793 3712 2847; x_wconf 88' lang='lat' dir='ltr'><strong>sed</strong></span> <span class='ocrx_word' id='word_1_689' title='bbox 3738 2796 3897 2850; x_wconf 87' lang='lat' dir='ltr'><strong>arbi-</strong></span> 
     </span>
    </p>
   </div>
   <div class='ocr_carea' id='block_1_90' title="bbox 2323 2870 3899 2949">
    <p class='ocr_par' dir='ltr' id='par_1_90' title="bbox 2323 2870 3899 2949">
     <span class='ocr_line' id='line_1_90' title="bbox 2323 2870 3899 2949; baseline 0.015 -30"><span class='ocrx_word' id='word_1_690' title='bbox 2323 2870 2479 2922; x_wconf 89' lang='lat' dir='ltr'><strong>trium</strong></span> <span class='ocrx_word' id='word_1_691' title='bbox 2508 2871 2745 2938; x_wconf 82' lang='lat' dir='ltr'><strong>exploro.</strong></span> <span class='ocrx_word' id='word_1_692' title='bbox 2789 2874 2917 2927; x_wconf 85' lang='lat' dir='ltr'><strong>illud</strong></span> <span class='ocrx_word' id='word_1_693' title='bbox 2940 2916 2952 2937; x_wconf 93' lang='lat'><strong>,</strong></span> <span class='ocrx_word' id='word_1_694' title='bbox 2985 2874 3295 2945; x_wconf 85' lang='lat' dir='ltr'><strong>Cognoscant</strong></span> <span class='ocrx_word' id='word_1_695' title='bbox 3323 2882 3440 2949; x_wconf 84' lang='lat' dir='ltr'><strong>quia</strong></span> <span class='ocrx_word' id='word_1_696' title='bbox 3467 2898 3640 2936; x_wconf 84' lang='lat' dir='ltr'><strong>nomen</strong></span> <span class='ocrx_word' id='word_1_697' title='bbox 3663 2885 3753 2937; x_wconf 88' lang='lat' dir='ltr'><strong>tibi</strong></span> <span class='ocrx_word' id='word_1_698' title='bbox 3781 2885 3899 2941; x_wconf 84' lang='lat' dir='ltr'><strong>Do-</strong></span> 
     </span>
    </p>
   </div>
   <div class='ocr_carea' id='block_1_91' title="bbox 2320 2960 3899 3032">
    <p class='ocr_par' dir='ltr' id='par_1_91' title="bbox 2320 2960 3899 3032">
     <span class='ocr_line' id='line_1_91' title="bbox 2320 2960 3899 3032; baseline 0.015 -23"><span class='ocrx_word' id='word_1_699' title='bbox 2320 2961 2503 3024; x_wconf 85' lang='lat' dir='ltr'><strong>minus,</strong></span> <span class='ocrx_word' id='word_1_700' title='bbox 2528 2960 2591 3013; x_wconf 92' lang='lat' dir='ltr'><strong>de</strong></span> <span class='ocrx_word' id='word_1_701' title='bbox 2619 2962 2863 3029; x_wconf 82' lang='lat' dir='ltr'><strong>Patrene,</strong></span> <span class='ocrx_word' id='word_1_702' title='bbox 2894 2979 2959 3017; x_wconf 87' lang='lat' dir='ltr'><strong>an</strong></span> <span class='ocrx_word' id='word_1_703' title='bbox 2986 2966 3051 3019; x_wconf 91' lang='lat' dir='ltr'><strong>de</strong></span> <span class='ocrx_word' id='word_1_704' title='bbox 3080 2966 3210 3020; x_wconf 85' lang='lat' dir='ltr'><strong>Filio</strong></span> <span class='ocrx_word' id='word_1_705' title='bbox 3236 2968 3430 3023; x_wconf 90' lang='lat' dir='ltr'><strong>dictum</strong></span> <span class='ocrx_word' id='word_1_706' title='bbox 3456 2971 3571 3025; x_wconf 78' lang='lat' dir='ltr'><strong>est?</strong></span> <span class='ocrx_word' id='word_1_707' title='bbox 3596 2971 3723 3027; x_wconf 87' lang='lat' dir='ltr'><strong>Nam</strong></span> <span class='ocrx_word' id='word_1_708' title='bbox 3747 2976 3797 3029; x_wconf 88' lang='lat' dir='ltr'><strong>si</strong></span> <span class='ocrx_word' id='word_1_709' title='bbox 3824 2977 3899 3032; x_wconf 84' lang='lat' dir='ltr'><strong>de</strong></span> 
     </span>
    </p>
   </div>
   <div class='ocr_carea' id='block_1_92' title="bbox 2320 3047 3903 3135">
    <p class='ocr_par' dir='ltr' id='par_1_92' title="bbox 2320 3047 3903 3135">
     <span class='ocr_line' id='line_1_92' title="bbox 2320 3047 3903 3135; baseline 0.014 -35"><span class='ocrx_word' id='word_1_710' title='bbox 2320 3047 2497 3109; x_wconf 87' lang='lat' dir='ltr'><strong>Patre,</strong></span> <span class='ocrx_word' id='word_1_711' title='bbox 2523 3059 2574 3103; x_wconf 91' lang='lat' dir='ltr'><strong>et</strong></span> <span class='ocrx_word' id='word_1_712' title='bbox 2591 3052 2633 3104; x_wconf 94' lang='lat' dir='ltr'><strong>si</strong></span> <span class='ocrx_word' id='word_1_713' title='bbox 2658 3067 2848 3106; x_wconf 88' lang='lat' dir='ltr'><strong>nomen</strong></span> <span class='ocrx_word' id='word_1_714' title='bbox 2881 3054 3050 3107; x_wconf 83' lang='lat' dir='ltr'><strong>Patris</strong></span> <span class='ocrx_word' id='word_1_715' title='bbox 3077 3057 3148 3109; x_wconf 88' lang='lat' dir='ltr'><strong>sit</strong></span> <span class='ocrx_word' id='word_1_716' title='bbox 3174 3057 3446 3125; x_wconf 85' lang='lat' dir='ltr'><strong>Dominus,</strong></span> <span class='ocrx_word' id='word_1_717' title='bbox 3467 3076 3653 3116; x_wconf 88' lang='lat' dir='ltr'><strong>nomen</strong></span> <span class='ocrx_word' id='word_1_718' title='bbox 3676 3079 3903 3135; x_wconf 76' lang='lat' dir='ltr'><strong>quoque</strong></span> 
     </span>
    </p>
   </div>
   <div class='ocr_carea' id='block_1_93' title="bbox 2320 3139 3900 3220">
    <p class='ocr_par' dir='ltr' id='par_1_93' title="bbox 2320 3139 3900 3220">
     <span class='ocr_line' id='line_1_93' title="bbox 2320 3139 3900 3220; baseline 0.011 -26"><span class='ocrx_word' id='word_1_719' title='bbox 2320 3139 2437 3194; x_wconf 86' lang='lat' dir='ltr'><strong>Filii</strong></span> <span class='ocrx_word' id='word_1_720' title='bbox 2481 3144 2732 3196; x_wconf 83' lang='lat' dir='ltr'><strong>Dominus</strong></span> <span class='ocrx_word' id='word_1_721' title='bbox 2762 3162 2774 3197; x_wconf 91' lang='lat'>:</span> <span class='ocrx_word' id='word_1_722' title='bbox 2822 3144 2964 3199; x_wconf 87' lang='lat' dir='ltr'><strong>Unus</strong></span> <span class='ocrx_word' id='word_1_723' title='bbox 2991 3148 3128 3200; x_wconf 91' lang='lat' dir='ltr'><strong>enim</strong></span> <span class='ocrx_word' id='word_1_724' title='bbox 3170 3148 3415 3204; x_wconf 84' lang='lat' dir='ltr'><strong>Dominus</strong></span> <span class='ocrx_word' id='word_1_725' title='bbox 3448 3150 3596 3206; x_wconf 74' lang='lat' dir='ltr'><strong>Iesus</strong></span> <span class='ocrx_word' id='word_1_726' title='bbox 3623 3152 3900 3220; x_wconf 66' lang='lat' dir='ltr'><strong>Christus.</strong></span> 
     </span>
    </p>
   </div>
   <div class='ocr_carea' id='block_1_94' title="bbox 2322 3234 3903 3310">
    <p class='ocr_par' dir='ltr' id='par_1_94' title="bbox 2322 3234 3903 3310">
     <span class='ocr_line' id='line_1_94' title="bbox 2322 3234 3903 3310; baseline 0.014 -29"><span class='ocrx_word' id='word_1_727' title='bbox 2322 3246 2409 3296; x_wconf 87' lang='lat' dir='ltr'><strong>per</strong></span> <span class='ocrx_word' id='word_1_728' title='bbox 2436 3248 2577 3300; x_wconf 87' lang='lat' dir='ltr'><strong>quem</strong></span> <span class='ocrx_word' id='word_1_729' title='bbox 2617 3235 2783 3285; x_wconf 88' lang='lat' dir='ltr'><strong>omnia</strong></span> <span class='ocrx_word' id='word_1_730' title='bbox 2817 3234 2890 3305; x_wconf 87' lang='lat' dir='ltr'><strong>(l.</strong></span> <span class='ocrx_word' id='word_1_731' title='bbox 2918 3234 3034 3289; x_wconf 86' lang='lat' dir='ltr'><strong>Cor.</strong></span> <span class='ocrx_word' id='word_1_732' title='bbox 3066 3237 3116 3289; x_wconf 93' lang='lat'><strong>8.</strong></span> <span class='ocrx_word' id='word_1_733' title='bbox 3150 3238 3203 3306; x_wconf 87' lang='lat'><strong>6)</strong></span> <span class='ocrx_word' id='word_1_734' title='bbox 3241 3254 3408 3309; x_wconf 84' lang='lat' dir='ltr'><strong>;ergo</strong></span> <span class='ocrx_word' id='word_1_735' title='bbox 3444 3243 3903 3310; x_wconf 84' lang='lat' dir='ltr'><strong>quemadmodum</strong></span> 
     </span>
    </p>
   </div>
   <div class='ocr_carea' id='block_1_95' title="bbox 2320 3320 3907 3389">
    <p class='ocr_par' dir='ltr' id='par_1_95' title="bbox 2320 3320 3907 3389">
     <span class='ocr_line' id='line_1_95' title="bbox 2320 3320 3907 3389; baseline 0.009 -16"><span class='ocrx_word' id='word_1_736' title='bbox 2320 3320 2568 3389; x_wconf 86' lang='lat' dir='ltr'><strong>dignitas,</strong></span> <span class='ocrx_word' id='word_1_737' title='bbox 2600 3323 2669 3375; x_wconf 87' lang='lat' dir='ltr'><strong>ita</strong></span> <span class='ocrx_word' id='word_1_738' title='bbox 2693 3334 2745 3376; x_wconf 90' lang='lat' dir='ltr'><strong>et</strong></span> <span class='ocrx_word' id='word_1_739' title='bbox 2778 3341 2966 3378; x_wconf 83' lang='lat' dir='ltr'><strong>nomen</strong></span> <span class='ocrx_word' id='word_1_740' title='bbox 2989 3341 3271 3381; x_wconf 89' lang='lat' dir='ltr'><strong>commune</strong></span> <span class='ocrx_word' id='word_1_741' title='bbox 3296 3336 3397 3381; x_wconf 91' lang='lat' dir='ltr'><strong>est.</strong></span> <span class='ocrx_word' id='word_1_742' title='bbox 3430 3330 3618 3383; x_wconf 85' lang='lat' dir='ltr'><strong>Verum</strong></span> <span class='ocrx_word' id='word_1_743' title='bbox 3650 3332 3767 3386; x_wconf 84' lang='lat' dir='ltr'><strong>Filii</strong></span> <span class='ocrx_word' id='word_1_744' title='bbox 3797 3352 3907 3389; x_wconf 64' lang='lat' dir='ltr'><strong>no.</strong></span> 
     </span>
    </p>
   </div>
   <div class='ocr_carea' id='block_1_96' title="bbox 2319 3414 3899 3486">
    <p class='ocr_par' dir='ltr' id='par_1_96' title="bbox 2319 3414 3899 3486">
     <span class='ocr_line' id='line_1_96' title="bbox 2319 3414 3899 3486; baseline 0.009 -21"><span class='ocrx_word' id='word_1_745' title='bbox 2319 3427 2438 3465; x_wconf 84' lang='lat' dir='ltr'><strong>men</strong></span> <span class='ocrx_word' id='word_1_746' title='bbox 2480 3414 2731 3468; x_wconf 90' lang='lat' dir='ltr'><strong>Dominus</strong></span> <span class='ocrx_word' id='word_1_747' title='bbox 2768 3426 2850 3469; x_wconf 90' lang='lat' dir='ltr'><strong>est</strong></span> <span class='ocrx_word' id='word_1_748' title='bbox 2890 3433 2903 3470; x_wconf 93' lang='lat'>:</span> <span class='ocrx_word' id='word_1_749' title='bbox 2951 3433 3076 3486; x_wconf 80' lang='lat' dir='ltr'><strong>ergo</strong></span> <span class='ocrx_word' id='word_1_750' title='bbox 3120 3420 3265 3473; x_wconf 89' lang='lat' dir='ltr'><strong>solus</strong></span> <span class='ocrx_word' id='word_1_751' title='bbox 3295 3420 3334 3472; x_wconf 87' lang='lat' dir='ltr'><strong>F</strong></span> <span class='ocrx_word' id='word_1_752' title='bbox 3338 3421 3458 3474; x_wconf 88' lang='lat' dir='ltr'><strong>ilius</strong></span> <span class='ocrx_word' id='word_1_753' title='bbox 3483 3431 3564 3475; x_wconf 89' lang='lat' dir='ltr'><strong>est</strong></span> <span class='ocrx_word' id='word_1_754' title='bbox 3588 3422 3899 3481; x_wconf 86' lang='lat' dir='ltr'><strong>Dominus:</strong></span> 
     </span>
    </p>
   </div>
   <div class='ocr_carea' id='block_1_97' title="bbox 2320 3504 3903 3584">
    <p class='ocr_par' dir='ltr' id='par_1_97' title="bbox 2320 3504 3903 3584">
     <span class='ocr_line' id='line_1_97' title="bbox 2320 3504 3903 3584; baseline 0.008 -29"><span class='ocrx_word' id='word_1_755' title='bbox 2320 3519 2440 3556; x_wconf 86' lang='lat' dir='ltr'><strong>nam</strong></span> <span class='ocrx_word' id='word_1_756' title='bbox 2480 3504 2557 3555; x_wconf 86' lang='lat' dir='ltr'><strong>Tu</strong></span> <span class='ocrx_word' id='word_1_757' title='bbox 2586 3506 2723 3557; x_wconf 85' lang='lat' dir='ltr'><strong>solus</strong></span> <span class='ocrx_word' id='word_1_758' title='bbox 2763 3506 3047 3559; x_wconf 80' lang='lat' dir='ltr'><strong>Altissimus</strong></span> <span class='ocrx_word' id='word_1_759' title='bbox 3085 3526 3235 3576; x_wconf 88' lang='lat' dir='ltr'><strong>super</strong></span> <span class='ocrx_word' id='word_1_760' title='bbox 3271 3526 3466 3563; x_wconf 89' lang='lat' dir='ltr'><strong>omnem</strong></span> <span class='ocrx_word' id='word_1_761' title='bbox 3508 3523 3711 3565; x_wconf 85' lang='lat' dir='ltr'><strong>terram.</strong></span> <span class='ocrx_word' id='word_1_762' title='bbox 3747 3514 3903 3584; x_wconf 60' lang='lat' dir='ltr'><strong>Ergo</strong></span> 
     </span>
    </p>
   </div>
   <div class='ocr_carea' id='block_1_98' title="bbox 2319 3595 3903 3666">
    <p class='ocr_par' dir='ltr' id='par_1_98' title="bbox 2319 3595 3903 3666">
     <span class='ocr_line' id='line_1_98' title="bbox 2319 3595 3903 3666; baseline 0.009 -23"><span class='ocrx_word' id='word_1_763' title='bbox 2319 3606 2438 3644; x_wconf 90' lang='lat' dir='ltr'><strong>cum</strong></span> <span class='ocrx_word' id='word_1_764' title='bbox 2470 3608 2606 3646; x_wconf 87' lang='lat' dir='ltr'><strong>unus</strong></span> <span class='ocrx_word' id='word_1_765' title='bbox 2636 3604 2689 3645; x_wconf 86' lang='lat' dir='ltr'><strong>et</strong></span> <span class='ocrx_word' id='word_1_766' title='bbox 2714 3595 2861 3647; x_wconf 83' lang='lat' dir='ltr'><strong>solus</strong></span> <span class='ocrx_word' id='word_1_767' title='bbox 2901 3595 3154 3649; x_wconf 91' lang='lat' dir='ltr'><strong>Dominus</strong></span> <span class='ocrx_word' id='word_1_768' title='bbox 3183 3597 3252 3650; x_wconf 90' lang='lat' dir='ltr'><strong>sit</strong></span> <span class='ocrx_word' id='word_1_769' title='bbox 3293 3596 3478 3666; x_wconf 82' lang='lat' dir='ltr'><strong>Filius,</strong></span> <span class='ocrx_word' id='word_1_770' title='bbox 3506 3599 3660 3654; x_wconf 88' lang='lat' dir='ltr'><strong>Pater</strong></span> <span class='ocrx_word' id='word_1_771' title='bbox 3685 3602 3903 3661; x_wconf 82' lang='lat' dir='ltr'><strong>alienus</strong></span> 
     </span>
    </p>
   </div>
   <div class='ocr_carea' id='block_1_99' title="bbox 2322 3683 3904 3756">
    <p class='ocr_par' dir='ltr' id='par_1_99' title="bbox 2322 3683 3904 3756">
     <span class='ocr_line' id='line_1_99' title="bbox 2322 3683 3904 3756; baseline 0.008 -21"><span class='ocrx_word' id='word_1_772' title='bbox 2322 3697 2349 3735; x_wconf 90' lang='lat' dir='ltr'><strong>a</strong></span> <span class='ocrx_word' id='word_1_773' title='bbox 2379 3683 2741 3738; x_wconf 81' lang='lat' dir='ltr'><strong>dominatione</strong></span> <span class='ocrx_word' id='word_1_774' title='bbox 2770 3687 2887 3738; x_wconf 86' lang='lat' dir='ltr'><strong>est?</strong></span> <span class='ocrx_word' id='word_1_775' title='bbox 2916 3688 3084 3739; x_wconf 87' lang='lat' dir='ltr'><strong>Absit.</strong></span> <span class='ocrx_word' id='word_1_776' title='bbox 3113 3687 3293 3756; x_wconf 86' lang='lat' dir='ltr'><strong>Neque</strong></span> <span class='ocrx_word' id='word_1_777' title='bbox 3317 3690 3455 3743; x_wconf 89' lang='lat' dir='ltr'><strong>enim</strong></span> <span class='ocrx_word' id='word_1_778' title='bbox 3483 3705 3601 3744; x_wconf 87' lang='lat' dir='ltr'><strong>cum</strong></span> <span class='ocrx_word' id='word_1_779' title='bbox 3629 3690 3787 3746; x_wconf 85' lang='lat' dir='ltr'><strong>Pater</strong></span> <span class='ocrx_word' id='word_1_780' title='bbox 3808 3709 3904 3748; x_wconf 80' lang='lat' dir='ltr'><strong>so-</strong></span> 
     </span>
    </p>
   </div>
   <div class='ocr_carea' id='block_1_100' title="bbox 2320 3772 3898 3852">
    <p class='ocr_par' dir='ltr' id='par_1_100' title="bbox 2320 3772 3898 3852">
     <span class='ocr_line' id='line_1_100' title="bbox 2320 3772 3898 3852; baseline 0.009 -27"><span class='ocrx_word' id='word_1_781' title='bbox 2320 3772 2401 3827; x_wconf 89' lang='lat' dir='ltr'><strong>lus</strong></span> <span class='ocrx_word' id='word_1_782' title='bbox 2438 3774 2751 3842; x_wconf 70' lang='lat' dir='ltr'><strong>prmdicatur</strong></span> <span class='ocrx_word' id='word_1_783' title='bbox 2783 3774 2950 3840; x_wconf 90' lang='lat' dir='ltr'><strong>Deus,</strong></span> <span class='ocrx_word' id='word_1_784' title='bbox 2997 3776 3115 3830; x_wconf 89' lang='lat' dir='ltr'><strong>ideo</strong></span> <span class='ocrx_word' id='word_1_785' title='bbox 3144 3778 3308 3831; x_wconf 83' lang='lat' dir='ltr'><strong>Filius</strong></span> <span class='ocrx_word' id='word_1_786' title='bbox 3336 3793 3365 3831; x_wconf 88' lang='lat' dir='ltr'><strong>a</strong></span> <span class='ocrx_word' id='word_1_787' title='bbox 3396 3779 3676 3837; x_wconf 84' lang='lat' dir='ltr'><strong>divinitate</strong></span> <span class='ocrx_word' id='word_1_788' title='bbox 3709 3784 3898 3852; x_wconf 84' lang='lat' dir='ltr'><strong>priva-</strong></span> 
     </span>
    </p>
   </div>
   <div class='ocr_carea' id='block_1_101' title="bbox 2322 3866 3902 3935">
    <p class='ocr_par' dir='ltr' id='par_1_101' title="bbox 2322 3866 3902 3935">
     <span class='ocr_line' id='line_1_101' title="bbox 2322 3866 3902 3935; baseline 0.008 -16"><span class='ocrx_word' id='word_1_789' title='bbox 2322 3874 2442 3919; x_wconf 90' lang='lat' dir='ltr'><strong>tur:</strong></span> <span class='ocrx_word' id='word_1_790' title='bbox 2473 3882 2592 3919; x_wconf 87' lang='lat' dir='ltr'><strong>nam</strong></span> <span class='ocrx_word' id='word_1_791' title='bbox 2659 3866 2721 3920; x_wconf 86' lang='lat' dir='ltr'><strong>In</strong></span> <span class='ocrx_word' id='word_1_792' title='bbox 2749 3868 2995 3935; x_wconf 87' lang='lat' dir='ltr'><strong>principio</strong></span> <span class='ocrx_word' id='word_1_793' title='bbox 3029 3880 3133 3921; x_wconf 86' lang='lat' dir='ltr'><strong>erat</strong></span> <span class='ocrx_word' id='word_1_794' title='bbox 3171 3869 3415 3935; x_wconf 84' lang='lat' dir='ltr'><strong>Verbum,</strong></span> <span class='ocrx_word' id='word_1_795' title='bbox 3457 3882 3502 3925; x_wconf 93' lang='lat' dir='ltr'><strong>et</strong></span> <span class='ocrx_word' id='word_1_796' title='bbox 3550 3872 3761 3927; x_wconf 78' lang='lat' dir='ltr'><strong>Verbum</strong></span> <span class='ocrx_word' id='word_1_797' title='bbox 3785 3884 3902 3931; x_wconf 75' lang='lat' dir='ltr'><strong>erat</strong></span> 
     </span>
    </p>
   </div>
   <div class='ocr_carea' id='block_1_102' title="bbox 2319 3955 3900 4035">
    <p class='ocr_par' dir='ltr' id='par_1_102' title="bbox 2319 3955 3900 4035">
     <span class='ocr_line' id='line_1_102' title="bbox 2319 3955 3900 4035; baseline 0.008 -28"><span class='ocrx_word' id='word_1_798' title='bbox 2319 3957 2456 4025; x_wconf 85' lang='lat' dir='ltr'><strong>apud</strong></span> <span class='ocrx_word' id='word_1_799' title='bbox 2502 3955 2681 4021; x_wconf 85' lang='lat' dir='ltr'><strong>Deum,</strong></span> <span class='ocrx_word' id='word_1_800' title='bbox 2714 3968 2759 4010; x_wconf 89' lang='lat' dir='ltr'><strong>et</strong></span> <span class='ocrx_word' id='word_1_801' title='bbox 2796 3957 2929 4011; x_wconf 87' lang='lat' dir='ltr'><strong>Deus</strong></span> <span class='ocrx_word' id='word_1_802' title='bbox 2967 3968 3073 4011; x_wconf 88' lang='lat' dir='ltr'><strong>erat</strong></span> <span class='ocrx_word' id='word_1_803' title='bbox 3109 3958 3322 4013; x_wconf 78' lang='lat' dir='ltr'><strong>Verbum</strong></span> <span class='ocrx_word' id='word_1_804' title='bbox 3359 3960 3535 4028; x_wconf 82' lang='lat' dir='ltr'><strong>(Joan.</strong></span> <span class='ocrx_word' id='word_1_805' title='bbox 3561 3963 3609 4016; x_wconf 82' lang='grc'><strong>1.</strong></span> <span class='ocrx_word' id='word_1_806' title='bbox 3646 3964 3720 4033; x_wconf 85' lang='grc'><strong>1).</strong></span> <span class='ocrx_word' id='word_1_807' title='bbox 3751 3964 3900 4035; x_wconf 84' lang='lat' dir='ltr'><strong>Ergo</strong></span> 
     </span>
    </p>
   </div>
   <div class='ocr_carea' id='block_1_103' title="bbox 2321 4049 3899 4119">
    <p class='ocr_par' dir='ltr' id='par_1_103' title="bbox 2321 4049 3899 4119">
     <span class='ocr_line' id='line_1_103' title="bbox 2321 4049 3899 4119; baseline 0.008 -18"><span class='ocrx_word' id='word_1_808' title='bbox 2321 4065 2490 4119; x_wconf 81' lang='lat' dir='ltr'><strong>neque</strong></span> <span class='ocrx_word' id='word_1_809' title='bbox 2518 4050 2636 4113; x_wconf 87' lang='lat' dir='ltr'><strong>hoc,</strong></span> <span class='ocrx_word' id='word_1_810' title='bbox 2668 4050 2806 4103; x_wconf 89' lang='lat' dir='ltr'><strong>Deus</strong></span> <span class='ocrx_word' id='word_1_811' title='bbox 2838 4049 3009 4116; x_wconf 85' lang='lat' dir='ltr'><strong>Pater,</strong></span> <span class='ocrx_word' id='word_1_812' title='bbox 3044 4052 3235 4106; x_wconf 90' lang='lat' dir='ltr'><strong>Filium</strong></span> <span class='ocrx_word' id='word_1_813' title='bbox 3260 4054 3488 4107; x_wconf 77' lang='lat' dir='ltr'><strong>excludit</strong></span> <span class='ocrx_word' id='word_1_814' title='bbox 3520 4070 3547 4106; x_wconf 91' lang='lat' dir='ltr'><strong>a</strong></span> <span class='ocrx_word' id='word_1_815' title='bbox 3577 4054 3899 4114; x_wconf 80' lang='lat' dir='ltr'><strong>divinitate:</strong></span> 
     </span>
    </p>
   </div>
   <div class='ocr_carea' id='block_1_104' title="bbox 2322 4141 3893 4213">
    <p class='ocr_par' dir='ltr' id='par_1_104' title="bbox 2322 4141 3893 4213">
     <span class='ocr_line' id='line_1_104' title="bbox 2322 4141 3893 4213; baseline 0.005 -20"><span class='ocrx_word' id='word_1_816' title='bbox 2322 4157 2441 4194; x_wconf 90' lang='lat' dir='ltr'><strong>nam</strong></span> <span class='ocrx_word' id='word_1_817' title='bbox 2475 4141 2607 4195; x_wconf 87' lang='lat' dir='ltr'><strong>Deus</strong></span> <span class='ocrx_word' id='word_1_818' title='bbox 2651 4152 2756 4195; x_wconf 89' lang='lat' dir='ltr'><strong>erat</strong></span> <span class='ocrx_word' id='word_1_819' title='bbox 2803 4141 3057 4205; x_wconf 84' lang='lat' dir='ltr'><strong>Verbum;</strong></span> <span class='ocrx_word' id='word_1_820' title='bbox 3101 4159 3271 4211; x_wconf 89' lang='lat' dir='ltr'><strong>neque</strong></span> <span class='ocrx_word' id='word_1_821' title='bbox 3316 4159 3434 4197; x_wconf 90' lang='lat' dir='ltr'><strong>cum</strong></span> <span class='ocrx_word' id='word_1_822' title='bbox 3474 4144 3639 4200; x_wconf 82' lang='lat' dir='ltr'><strong>Filius</strong></span> <span class='ocrx_word' id='word_1_823' title='bbox 3677 4146 3893 4213; x_wconf 86' lang='lat' dir='ltr'><strong>dicitur,</strong></span> 
     </span>
    </p>
   </div>
   <div class='ocr_carea' id='block_1_105' title="bbox 2322 4230 3897 4299">
    <p class='ocr_par' dir='ltr' id='par_1_105' title="bbox 2322 4230 3897 4299">
     <span class='ocr_line' id='line_1_105' title="bbox 2322 4230 3897 4299; baseline 0.005 -14"><span class='ocrx_word' id='word_1_824' title='bbox 2322 4230 2464 4285; x_wconf 85' lang='lat' dir='ltr'><strong>Unus</strong></span> <span class='ocrx_word' id='word_1_825' title='bbox 2489 4233 2731 4286; x_wconf 83' lang='lat' dir='ltr'><strong>Dominus</strong></span> <span class='ocrx_word' id='word_1_826' title='bbox 2747 4275 2760 4299; x_wconf 93' lang='lat'><strong>,</strong></span> <span class='ocrx_word' id='word_1_827' title='bbox 2790 4234 2991 4288; x_wconf 88' lang='lat' dir='ltr'><strong>alienus</strong></span> <span class='ocrx_word' id='word_1_828' title='bbox 3015 4235 3312 4289; x_wconf 89' lang='lat' dir='ltr'><strong>ostenditur</strong></span> <span class='ocrx_word' id='word_1_829' title='bbox 3338 4236 3497 4289; x_wconf 87' lang='lat' dir='ltr'><strong>Pater</strong></span> <span class='ocrx_word' id='word_1_830' title='bbox 3515 4252 3545 4290; x_wconf 87' lang='lat' dir='ltr'><strong>a</strong></span> <span class='ocrx_word' id='word_1_831' title='bbox 3566 4237 3897 4293; x_wconf 89' lang='lat' dir='ltr'><strong>dominatio-</strong></span> 
     </span>
    </p>
   </div>
   <div class='ocr_carea' id='block_1_106' title="bbox 2317 4322 3899 4391">
    <p class='ocr_par' dir='ltr' id='par_1_106' title="bbox 2317 4322 3899 4391">
     <span class='ocr_line' id='line_1_106' title="bbox 2317 4322 3899 4391; baseline 0.008 -18"><span class='ocrx_word' id='word_1_832' title='bbox 2317 4337 2421 4374; x_wconf 88' lang='lat' dir='ltr'><strong>ne:</strong></span> <span class='ocrx_word' id='word_1_833' title='bbox 2454 4338 2573 4375; x_wconf 91' lang='lat' dir='ltr'><strong>nam</strong></span> <span class='ocrx_word' id='word_1_834' title='bbox 2606 4322 2747 4376; x_wconf 72' lang='lat' dir='ltr'><strong>Dixit</strong></span> <span class='ocrx_word' id='word_1_835' title='bbox 2774 4323 3016 4377; x_wconf 87' lang='lat' dir='ltr'><strong>Dominus</strong></span> <span class='ocrx_word' id='word_1_836' title='bbox 3048 4325 3262 4378; x_wconf 90' lang='lat' dir='ltr'><strong>Domino</strong></span> <span class='ocrx_word' id='word_1_837' title='bbox 3292 4342 3423 4391; x_wconf 89' lang='lat' dir='ltr'><strong>meo,</strong></span> <span class='ocrx_word' id='word_1_838' title='bbox 3455 4326 3590 4381; x_wconf 80' lang='lat' dir='ltr'><strong>Sede</strong></span> <span class='ocrx_word' id='word_1_839' title='bbox 3628 4344 3660 4379; x_wconf 88' lang='lat' dir='ltr'><strong>a</strong></span> <span class='ocrx_word' id='word_1_840' title='bbox 3702 4330 3899 4385; x_wconf 68' lang='lat' dir='ltr'><strong>dextris</strong></span> 
     </span>
    </p>
   </div>
   <div class='ocr_carea' id='block_1_107' title="bbox 2317 4413 3898 4485">
    <p class='ocr_par' dir='ltr' id='par_1_107' title="bbox 2317 4413 3898 4485">
     <span class='ocr_line' id='line_1_107' title="bbox 2317 4413 3898 4485; baseline 0.008 -21"><span class='ocrx_word' id='word_1_841' title='bbox 2317 4415 2437 4466; x_wconf 88' lang='lat' dir='ltr'><strong>meis</strong></span> <span class='ocrx_word' id='word_1_842' title='bbox 2463 4416 2481 4482; x_wconf 93' lang='lat'><strong>(</strong></span> <span class='ocrx_word' id='word_1_843' title='bbox 2504 4413 2648 4466; x_wconf 87' lang='lat' dir='ltr'><strong>Psal.</strong></span> <span class='ocrx_word' id='word_1_844' title='bbox 2680 4415 2801 4469; x_wconf 79' lang='grc'><strong>109.</strong></span> <span class='ocrx_word' id='word_1_845' title='bbox 2847 4415 2932 4484; x_wconf 86' lang='grc'><strong>1).</strong></span> <span class='ocrx_word' id='word_1_846' title='bbox 2976 4416 3229 4469; x_wconf 77' lang='lat' dir='ltr'><strong>Dominus</strong></span> <span class='ocrx_word' id='word_1_847' title='bbox 3254 4432 3381 4485; x_wconf 81' lang='lat' dir='ltr'><strong>ergo</strong></span> <span class='ocrx_word' id='word_1_848' title='bbox 3408 4418 3586 4485; x_wconf 87' lang='lat' dir='ltr'><strong>Pater,</strong></span> <span class='ocrx_word' id='word_1_849' title='bbox 3638 4421 3898 4478; x_wconf 80' lang='lat' dir='ltr'><strong>Dominus</strong></span> 
     </span>
    </p>
   </div>
   <div class='ocr_carea' id='block_1_108' title="bbox 2318 4506 3890 4581">
    <p class='ocr_par' dir='ltr' id='par_1_108' title="bbox 2318 4506 3890 4581">
     <span class='ocr_line' id='line_1_108' title="bbox 2318 4506 3890 4581; baseline 0.003 -20"><span class='ocrx_word' id='word_1_850' title='bbox 2318 4508 2501 4572; x_wconf 86' lang='lat' dir='ltr'><strong>Filius,</strong></span> <span class='ocrx_word' id='word_1_851' title='bbox 2532 4508 2785 4559; x_wconf 92' lang='lat' dir='ltr'><strong>Dominus</strong></span> <span class='ocrx_word' id='word_1_852' title='bbox 2814 4507 3037 4573; x_wconf 89' lang='lat' dir='ltr'><strong>Spiritus</strong></span> <span class='ocrx_word' id='word_1_853' title='bbox 3058 4516 3272 4560; x_wconf 82' lang='lat' dir='ltr'><strong>sanctus</strong></span> <span class='ocrx_word' id='word_1_854' title='bbox 3298 4522 3311 4558; x_wconf 89' lang='lat'><strong>:</strong></span> <span class='ocrx_word' id='word_1_855' title='bbox 3340 4506 3585 4563; x_wconf 86' lang='lat' dir='ltr'><strong>Dominus</strong></span> <span class='ocrx_word' id='word_1_856' title='bbox 3611 4512 3744 4563; x_wconf 83' lang='lat' dir='ltr'><strong>enim</strong></span> <span class='ocrx_word' id='word_1_857' title='bbox 3764 4510 3890 4581; x_wconf 67' lang='lat' dir='ltr'><strong>Spio</strong></span> 
     </span>
    </p>
   </div>
   <div class='ocr_carea' id='block_1_109' title="bbox 2318 4596 3896 4666">
    <p class='ocr_par' dir='ltr' id='par_1_109' title="bbox 2318 4596 3896 4666">
     <span class='ocr_line' id='line_1_109' title="bbox 2318 4596 3896 4666; baseline 0.006 -15"><span class='ocrx_word' id='word_1_858' title='bbox 2318 4599 2442 4651; x_wconf 87' lang='lat' dir='ltr'><strong>ritus</strong></span> <span class='ocrx_word' id='word_1_859' title='bbox 2473 4608 2543 4650; x_wconf 90' lang='lat' dir='ltr'><strong>est</strong></span> <span class='ocrx_word' id='word_1_860' title='bbox 2579 4598 2673 4666; x_wconf 86' lang='grc'><strong>(2.</strong></span> <span class='ocrx_word' id='word_1_861' title='bbox 2704 4596 2820 4651; x_wconf 79' lang='lat' dir='ltr'><strong>Cor.</strong></span> <span class='ocrx_word' id='word_1_862' title='bbox 2856 4597 2908 4651; x_wconf 81' lang='lat'><strong>&#39;5.</strong></span> <span class='ocrx_word' id='word_1_863' title='bbox 2940 4599 3003 4651; x_wconf 78' lang='grc' dir='ltr'><strong>1Ἰ</strong></span> <span class='ocrx_word' id='word_1_864' title='bbox 3026 4600 3061 4662; x_wconf 95' lang='grc'><strong>).</strong></span> <span class='ocrx_word' id='word_1_865' title='bbox 3093 4598 3199 4652; x_wconf 89' lang='lat' dir='ltr'><strong>Sed</strong></span> <span class='ocrx_word' id='word_1_866' title='bbox 3231 4614 3439 4651; x_wconf 83' lang='lat' dir='ltr'><strong>rursum</strong></span> <span class='ocrx_word' id='word_1_867' title='bbox 3480 4598 3764 4658; x_wconf 58' lang='lat' dir='ltr'><strong>haereticus</strong></span> <span class='ocrx_word' id='word_1_868' title='bbox 3798 4621 3896 4659; x_wconf 76' lang='lat' dir='ltr'><strong>ex-</strong></span> 
     </span>
    </p>
   </div>
   <div class='ocr_carea' id='block_1_110' title="bbox 2315 4691 3887 4763">
    <p class='ocr_par' dir='ltr' id='par_1_110' title="bbox 2315 4691 3887 4763">
     <span class='ocr_line' id='line_1_110' title="bbox 2315 4691 3887 4763; baseline 0.004 -20"><span class='ocrx_word' id='word_1_869' title='bbox 2315 4700 2591 4760; x_wconf 85' lang='lat' dir='ltr'><strong>asperatur</strong></span> <span class='ocrx_word' id='word_1_870' title='bbox 2608 4691 2990 4758; x_wconf 85' lang='lat' dir='ltr'><strong>excitaturque,</strong></span> <span class='ocrx_word' id='word_1_871' title='bbox 3011 4705 3074 4744; x_wconf 91' lang='lat' dir='ltr'><strong>ac</strong></span> <span class='ocrx_word' id='word_1_872' title='bbox 3096 4691 3375 4744; x_wconf 84' lang='lat' dir='ltr'><strong>Dominum</strong></span> <span class='ocrx_word' id='word_1_873' title='bbox 3394 4691 3616 4747; x_wconf 75' lang='lat' dir='ltr'><strong>audiens</strong></span> <span class='ocrx_word' id='word_1_874' title='bbox 3635 4692 3887 4763; x_wconf 82' lang='lat' dir='ltr'><strong>Spiritum</strong></span> 
     </span>
    </p>
   </div>
   <div class='ocr_carea' id='block_1_111' title="bbox 2316 4783 3891 4853">
    <p class='ocr_par' dir='ltr' id='par_1_111' title="bbox 2316 4783 3891 4853">
     <span class='ocr_line' id='line_1_111' title="bbox 2316 4783 3891 4853; baseline 0.005 -19"><span class='ocrx_word' id='word_1_875' title='bbox 2316 4794 2579 4847; x_wconf 89' lang='lat' dir='ltr'><strong>sanctum,</strong></span> <span class='ocrx_word' id='word_1_876' title='bbox 2612 4783 2976 4850; x_wconf 84' lang='lat' dir='ltr'><strong>disrumpitur.</strong></span> <span class='ocrx_word' id='word_1_877' title='bbox 3004 4783 3302 4847; x_wconf 79' lang='lat' dir='ltr'><strong>Quomodo,</strong></span> <span class='ocrx_word' id='word_1_878' title='bbox 3337 4783 3533 4851; x_wconf 68' lang='lat' dir='ltr'><strong>inquit,</strong></span> <span class='ocrx_word' id='word_1_879' title='bbox 3556 4783 3891 4853; x_wconf 79' lang='lat' dir='ltr'><strong>Spiritusest</strong></span> 
     </span>
    </p>
   </div>
   <div class='ocr_carea' id='block_1_112' title="bbox 2318 4873 3894 4945">
    <p class='ocr_par' dir='ltr' id='par_1_112' title="bbox 2318 4873 3894 4945">
     <span class='ocr_line' id='line_1_112' title="bbox 2318 4873 3894 4945; baseline 0.003 -18"><span class='ocrx_word' id='word_1_880' title='bbox 2318 4874 2573 4927; x_wconf 87' lang='lat' dir='ltr'><strong>Dominus</strong></span> <span class='ocrx_word' id='word_1_881' title='bbox 2602 4916 2613 4936; x_wconf 89' lang='lat'><strong>,</strong></span> <span class='ocrx_word' id='word_1_882' title='bbox 2642 4874 2728 4941; x_wconf 92' lang='lat' dir='ltr'><strong>qui</strong></span> <span class='ocrx_word' id='word_1_883' title='bbox 2758 4888 2850 4941; x_wconf 89' lang='lat' dir='ltr'><strong>per</strong></span> <span class='ocrx_word' id='word_1_884' title='bbox 2879 4873 3188 4942; x_wconf 82' lang='lat' dir='ltr'><strong>prepltetam</strong></span> <span class='ocrx_word' id='word_1_885' title='bbox 3229 4873 3483 4930; x_wconf 85' lang='lat' dir='ltr'><strong>Davidem</strong></span> <span class='ocrx_word' id='word_1_886' title='bbox 3514 4874 3768 4945; x_wconf 85' lang='lat' dir='ltr'><strong>loquens,</strong></span> <span class='ocrx_word' id='word_1_887' title='bbox 3802 4876 3894 4931; x_wconf 56' lang='lat' dir='ltr'><strong>Fin</strong></span> 
     </span>
    </p>
   </div>
   <div class='ocr_carea' id='block_1_113' title="bbox 2315 4962 3895 5029">
    <p class='ocr_par' dir='ltr' id='par_1_113' title="bbox 2315 4962 3895 5029">
     <span class='ocr_line' id='line_1_113' title="bbox 2315 4962 3895 5029; baseline 0.003 -14"><span class='ocrx_word' id='word_1_888' title='bbox 2315 4964 2440 5015; x_wconf 90' lang='lat' dir='ltr'><strong>lium</strong></span> <span class='ocrx_word' id='word_1_889' title='bbox 2471 4964 2705 5017; x_wconf 88' lang='lat' dir='ltr'><strong>celebrat</strong></span> <span class='ocrx_word' id='word_1_890' title='bbox 2734 4962 2814 5017; x_wconf 90' lang='lat' dir='ltr'><strong>his</strong></span> <span class='ocrx_word' id='word_1_891' title='bbox 2838 4962 3033 5029; x_wconf 84' lang='lat' dir='ltr'><strong>verbis,</strong></span> <span class='ocrx_word' id='word_1_892' title='bbox 3064 4962 3207 5017; x_wconf 72' lang='lat' dir='ltr'><strong>Dixit</strong></span> <span class='ocrx_word' id='word_1_893' title='bbox 3238 4962 3486 5018; x_wconf 87' lang='lat' dir='ltr'><strong>Dominus</strong></span> <span class='ocrx_word' id='word_1_894' title='bbox 3504 4963 3726 5022; x_wconf 63' lang='lat' dir='ltr'><strong>Donuca</strong></span> <span class='ocrx_word' id='word_1_895' title='bbox 3745 4969 3895 5020; x_wconf 70' lang='lat' dir='ltr'><strong>meo?</strong></span> 
     </span>
    </p>
   </div>
   <div class='ocr_carea' id='block_1_114' title="bbox 2317 5052 3891 5126">
    <p class='ocr_par' dir='ltr' id='par_1_114' title="bbox 2317 5052 3891 5126">
     <span class='ocr_line' id='line_1_114' title="bbox 2317 5052 3891 5126; baseline 0.004 -21"><span class='ocrx_word' id='word_1_896' title='bbox 2317 5052 2519 5117; x_wconf 76' lang='lat' dir='ltr'><strong>Viden‘,</strong></span> <span class='ocrx_word' id='word_1_897' title='bbox 2556 5054 2745 5122; x_wconf 90' lang='lat' dir='ltr'><strong>inquit,</strong></span> <span class='ocrx_word' id='word_1_898' title='bbox 2777 5053 3031 5122; x_wconf 91' lang='lat' dir='ltr'><strong>Spiritum</strong></span> <span class='ocrx_word' id='word_1_899' title='bbox 3060 5062 3302 5107; x_wconf 89' lang='lat' dir='ltr'><strong>sanctum</strong></span> <span class='ocrx_word' id='word_1_900' title='bbox 3333 5069 3432 5124; x_wconf 83' lang='lat' dir='ltr'><strong>por</strong></span> <span class='ocrx_word' id='word_1_901' title='bbox 3462 5057 3778 5126; x_wconf 78' lang='lat' dir='ltr'><strong>prophetam</strong></span> <span class='ocrx_word' id='word_1_902' title='bbox 3806 5058 3891 5112; x_wconf 78' lang='lat' dir='ltr'><strong>lo-</strong></span> 
     </span>
    </p>
   </div>
   <div class='ocr_carea' id='block_1_115' title="bbox 2314 5146 3889 5216">
    <p class='ocr_par' dir='ltr' id='par_1_115' title="bbox 2314 5146 3889 5216">
     <span class='ocr_line' id='line_1_115' title="bbox 2314 5146 3889 5216; baseline 0.003 -15"><span class='ocrx_word' id='word_1_903' title='bbox 2314 5158 2561 5216; x_wconf 87' lang='lat' dir='ltr'><strong>quentem</strong></span> <span class='ocrx_word' id='word_1_904' title='bbox 2604 5148 2883 5200; x_wconf 89' lang='lat' dir='ltr'><strong>Dominum</strong></span> <span class='ocrx_word' id='word_1_905' title='bbox 2921 5146 3160 5200; x_wconf 79' lang='lat' dir='ltr'><strong>conﬁteri</strong></span> <span class='ocrx_word' id='word_1_906' title='bbox 3193 5163 3345 5201; x_wconf 84' lang='lat' dir='ltr'><strong>suum</strong></span> <span class='ocrx_word' id='word_1_907' title='bbox 3377 5156 3430 5203; x_wconf 87' lang='lat' dir='ltr'><strong>et</strong></span> <span class='ocrx_word' id='word_1_908' title='bbox 3453 5147 3667 5204; x_wconf 80' lang='lat' dir='ltr'><strong>Patrem</strong></span> <span class='ocrx_word' id='word_1_909' title='bbox 3698 5160 3755 5205; x_wconf 87' lang='lat' dir='ltr'><strong>et</strong></span> <span class='ocrx_word' id='word_1_910' title='bbox 3794 5150 3889 5207; x_wconf 82' lang='lat' dir='ltr'><strong>Fi—</strong></span> 
     </span>
    </p>
   </div>
   <div class='ocr_carea' id='block_1_116' title="bbox 2314 5236 3888 5312">
    <p class='ocr_par' dir='ltr' id='par_1_116' title="bbox 2314 5236 3888 5312">
     <span class='ocr_line' id='line_1_116' title="bbox 2314 5236 3888 5312; baseline 0.004 -21"><span class='ocrx_word' id='word_1_911' title='bbox 2314 5238 2440 5291; x_wconf 91' lang='lat' dir='ltr'><strong>lium</strong></span> <span class='ocrx_word' id='word_1_912' title='bbox 2468 5238 2489 5289; x_wconf 86' lang='lat'><strong>?</strong></span> <span class='ocrx_word' id='word_1_913' title='bbox 2536 5237 2667 5305; x_wconf 89' lang='lat' dir='ltr'><strong>Quid</strong></span> <span class='ocrx_word' id='word_1_914' title='bbox 2699 5238 2873 5307; x_wconf 84' lang='lat' dir='ltr'><strong>igitur,</strong></span> <span class='ocrx_word' id='word_1_915' title='bbox 2895 5237 3083 5290; x_wconf 82' lang='lat' dir='ltr'><strong>fratres</strong></span> <span class='ocrx_word' id='word_1_916' title='bbox 3114 5237 3137 5290; x_wconf 70' lang='grc' dir='ltr'><strong>ἲ</strong></span> <span class='ocrx_word' id='word_1_917' title='bbox 3170 5236 3248 5291; x_wconf 88' lang='lat' dir='ltr'><strong>Ne</strong></span> <span class='ocrx_word' id='word_1_918' title='bbox 3273 5240 3544 5305; x_wconf 87' lang='lat' dir='ltr'><strong>proposita</strong></span> <span class='ocrx_word' id='word_1_919' title='bbox 3563 5240 3725 5295; x_wconf 90' lang='lat' dir='ltr'><strong>dictio</strong></span> <span class='ocrx_word' id='word_1_920' title='bbox 3748 5242 3888 5312; x_wconf 84' lang='lat' dir='ltr'><strong>apud</strong></span> 
     </span>
    </p>
   </div>
   <div class='ocr_carea' id='block_1_117' title="bbox 2313 5329 3888 5405">
    <p class='ocr_par' dir='ltr' id='par_1_117' title="bbox 2313 5329 3888 5405">
     <span class='ocr_line' id='line_1_117' title="bbox 2313 5329 3888 5405; baseline 0.005 -23"><span class='ocrx_word' id='word_1_921' title='bbox 2313 5329 2581 5384; x_wconf 88' lang='lat' dir='ltr'><strong>auditores</strong></span> <span class='ocrx_word' id='word_1_922' title='bbox 2608 5330 2657 5382; x_wconf 92' lang='lat' dir='ltr'><strong>in</strong></span> <span class='ocrx_word' id='word_1_923' title='bbox 2686 5329 2847 5383; x_wconf 90' lang='lat' dir='ltr'><strong>dubio</strong></span> <span class='ocrx_word' id='word_1_924' title='bbox 2883 5339 3121 5383; x_wconf 89' lang='lat' dir='ltr'><strong>versetur</strong></span> <span class='ocrx_word' id='word_1_925' title='bbox 3153 5371 3168 5396; x_wconf 94' lang='lat'><strong>,</strong></span> <span class='ocrx_word' id='word_1_926' title='bbox 3202 5330 3255 5383; x_wconf 89' lang='lat' dir='ltr'><strong>in</strong></span> <span class='ocrx_word' id='word_1_927' title='bbox 3301 5330 3468 5400; x_wconf 85' lang='lat' dir='ltr'><strong>ipsam</strong></span> <span class='ocrx_word' id='word_1_928' title='bbox 3513 5334 3661 5389; x_wconf 83' lang='lat' dir='ltr'><strong>vocis</strong></span> <span class='ocrx_word' id='word_1_929' title='bbox 3688 5334 3888 5405; x_wconf 62' lang='lat' dir='ltr'><strong>disqui-</strong></span> 
     </span>
    </p>
   </div>
   <div class='ocr_carea' id='block_1_118' title="bbox 2312 5418 3886 5483">
    <p class='ocr_par' dir='ltr' id='par_1_118' title="bbox 2312 5418 3886 5483">
     <span class='ocr_line' id='line_1_118' title="bbox 2312 5418 3886 5483; baseline 0.007 -12"><span class='ocrx_word' id='word_1_930' title='bbox 2312 5420 2558 5474; x_wconf 88' lang='lat' dir='ltr'><strong>sitionem</strong></span> <span class='ocrx_word' id='word_1_931' title='bbox 2598 5420 2830 5483; x_wconf 88' lang='lat' dir='ltr'><strong>veniam,</strong></span> <span class='ocrx_word' id='word_1_932' title='bbox 2855 5427 3019 5473; x_wconf 91' lang='lat' dir='ltr'><strong>totum</strong></span> <span class='ocrx_word' id='word_1_933' title='bbox 3067 5418 3217 5473; x_wconf 86' lang='lat' dir='ltr'><strong>vobis</strong></span> <span class='ocrx_word' id='word_1_934' title='bbox 3257 5419 3509 5477; x_wconf 89' lang='lat' dir='ltr'><strong>dictionis</strong></span> <span class='ocrx_word' id='word_1_935' title='bbox 3536 5438 3753 5479; x_wconf 83' lang='lat' dir='ltr'><strong>sensum</strong></span> <span class='ocrx_word' id='word_1_936' title='bbox 3793 5440 3886 5482; x_wconf 72' lang='lat' dir='ltr'><strong>ex-</strong></span> 
     </span>
    </p>
   </div>
   <div class='ocr_carea' id='block_1_119' title="bbox 2312 5509 2539 5582">
    <p class='ocr_par' dir='ltr' id='par_1_119' title="bbox 2312 5509 2539 5582">
     <span class='ocr_line' id='line_1_119' title="bbox 2312 5509 2539 5582; baseline -0.009 -19"><span class='ocrx_word' id='word_1_937' title='bbox 2312 5509 2539 5582; x_wconf 63' lang='lat' dir='ltr'><strong>pttcabo.</strong></span> 
     </span>
    </p>
   </div>
   <div class='ocr_carea' id='block_1_120' title="bbox 2384 5598 3884 5675">
    <p class='ocr_par' dir='ltr' id='par_1_120' title="bbox 2384 5598 3884 5675">
     <span class='ocr_line' id='line_1_120' title="bbox 2384 5598 3884 5675; baseline 0.005 -22"><span class='ocrx_word' id='word_1_938' title='bbox 2384 5598 2435 5653; x_wconf 90' lang='lat'><strong>9.</strong></span> <span class='ocrx_word' id='word_1_939' title='bbox 2468 5598 2719 5653; x_wconf 73' lang='lat' dir='ltr'><strong>Servatur</strong></span> <span class='ocrx_word' id='word_1_940' title='bbox 2765 5598 3067 5668; x_wconf 87' lang='lat' dir='ltr'><strong>aliquando,</strong></span> <span class='ocrx_word' id='word_1_941' title='bbox 3119 5612 3241 5653; x_wconf 87' lang='lat' dir='ltr'><strong>cum</strong></span> <span class='ocrx_word' id='word_1_942' title='bbox 3298 5598 3351 5653; x_wconf 91' lang='lat' dir='ltr'><strong>in</strong></span> <span class='ocrx_word' id='word_1_943' title='bbox 3402 5599 3712 5658; x_wconf 66' lang='lat' dir='ltr'><strong>Judasorum</strong></span> <span class='ocrx_word' id='word_1_944' title='bbox 3758 5619 3884 5675; x_wconf 75' lang='lat' dir='ltr'><strong>syn-</strong></span> 
     </span>
    </p>
   </div>
   <div class='ocr_carea' id='block_1_121' title="bbox 2312 5692 3885 5768">
    <p class='ocr_par' dir='ltr' id='par_1_121' title="bbox 2312 5692 3885 5768">
     <span class='ocr_line' id='line_1_121' title="bbox 2312 5692 3885 5768; baseline 0.001 -23"><span class='ocrx_word' id='word_1_945' title='bbox 2312 5704 2473 5764; x_wconf 77' lang='lat' dir='ltr'><strong>agoga</strong></span> <span class='ocrx_word' id='word_1_946' title='bbox 2546 5692 2835 5760; x_wconf 85' lang='lat' dir='ltr'><strong>disputaret</strong></span> <span class='ocrx_word' id='word_1_947' title='bbox 2879 5692 3280 5760; x_wconf 80' lang='lat' dir='ltr'><strong>explorarctque</strong></span> <span class='ocrx_word' id='word_1_948' title='bbox 3324 5707 3483 5761; x_wconf 86' lang='lat' dir='ltr'><strong>quam</strong></span> <span class='ocrx_word' id='word_1_949' title='bbox 3535 5693 3604 5748; x_wconf 85' lang='lat' dir='ltr'><strong>de</strong></span> <span class='ocrx_word' id='word_1_950' title='bbox 3663 5710 3724 5751; x_wconf 83' lang='lat' dir='ltr'><strong>se</strong></span> <span class='ocrx_word' id='word_1_951' title='bbox 3770 5697 3885 5768; x_wconf 71' lang='lat' dir='ltr'><strong>opi-</strong></span> 
     </span>
    </p>
   </div>
  </div>
