4128 6320
644 495 734 550 καὶ
759 491 1023 562 ὑπόληψιν
1048 490 1096 542 οἰ
1126 490 1328 550 πολλοὶ,
1355 489 1499 557 λέγει
1530 491 1660 560 πρὸς
1686 490 1879 555 αὐτούς
1902 507 1915 520 ⁸
1955 492 2092 546 Τίνα
2117 495 2218 548 λέο

642 593 774 646 τετε
789 571 936 630 εἶναι
957 573 1061 625 τὸν
1084 574 1343 640 Χριστόν
1359 588 1374 632 ;
1392 573 1552 637 τίνος
1574 573 1743 625 ἐστὶν
1763 577 1794 625 ὀ
1817 576 1978 640 υὶός;
2007 577 2224 644 Λέγου-

639 675 747 712 σιν
765 661 816 712 οί
834 655 1185 724 γραμματεῖς
1202 654 1295 707 καὶ
1321 657 1374 706 oi.
1396 654 1720 718 Φαρισαῖοι·
1747 657 1855 708 Τοῦ
1871 658 2068 710 Δαυΐδ.
2091 653 2222 710 Εἶτα

644 741 842 810 Κύριος
869 737 1156 799 ἀντιτιθεὶς
1185 737 1361 788 αὐτῶν
1386 740 1450 807 τῇ
1479 737 1721 806 ὑπονοίᾳ,
1760 738 1913 791 πάλιν
1942 741 2186 810 ἐπήγαγε
2205 757 2218 768 ι

639 823 750 876 Καὶ
791 821 914 886 πῶς
952 820 1131 873 Δαυῖδ
1183 819 1252 870 ἐν
1290 821 1584 886 Πνεύματι
1622 818 1765 886 ἁγίῳ
1815 821 1990 873 καλεῖ
2031 822 2219 874 αὐτὸν

645 905 898 972 Κύριονο
924 919 937 966 ;
971 899 1116 954 Εἶπε
1152 900 1260 970 γὰρ
1288 904 1319 953 ὁ
1341 902 1553 966 Κύριος
1582 899 1656 963 τῷ
1691 903 1881 966 Κυρίῳ
1910 921 2029 970 μου
2053 917 2066 930 ·
2107 902 2223 954 Κά..

643 989 749 1040 θου
789 987 854 1038 ἐκ
891 985 1103 1048 δεξιῶν
1135 1002 1272 1052 μου.
1321 983 1391 1035 Τὸ
1432 984 1506 1046 δὲ,
1553 986 1647 1034 ‘Er
1695 987 1994 1053 Πνεύματι
2053 985 2220 1053 ἁγίῳ,

644 1069 1003 1140 προσέθηκεν,
1026 1069 1122 1139 οὐχ
1157 1068 1238 1119 ἵνα
1282 1067 1340 1118 τὸ
1371 1065 1592 1134 Πνεῦμα
1625 1066 1805 1119 δοῦλον
1837 1067 2094 1138 ἀποδείξῃ
2129 1066 2222 1118 τοῦ

643 1152 1045 1221 κηρυττομένου
1085 1150 1340 1218 Χριστοῦ,
1376 1149 1489 1201 ἀλλ’
1520 1149 1605 1200 ἴνα
1655 1149 1838 1217 σαφῶς
1868 1151 2219 1221 παραστήσῃ,

641 1236 720 1288 ὅτι
748 1237 776 1288 6
807 1236 1088 1306 προφήτης
1125 1235 1180 1285 ἐν
1211 1232 1487 1301 Πνεύματι
1528 1233 1664 1302 ἀγίῳ
1699 1235 1764 1286 τά
1797 1233 2058 1302 μέλλοντα
2093 1251 2219 1301 προ-

641 1317 801 1387 ορῶν,
827 1317 854 1368 ὃ
887 1317 1133 1386 ἤμελλεν,
1168 1317 1281 1367 υἱὸν
1325 1316 1464 1367 κατά
1507 1316 1703 1385 σάρκα.
1746 1316 1950 1385 Κύριον
1974 1316 2224 1384 ὁμολογεί

643 1402 780 1454 κατά
810 1401 1081 1469 ἀλήθειαν.
1129 1401 1200 1450 Οὐ
1247 1399 1353 1469 γὰρ
1403 1399 1530 1469 περὶ
1575 1399 1665 1449 τοῦ
1706 1399 1856 1464 ἁγίου
1907 1399 2222 1467 Πνεύματος

641 1485 922 1553 προέκειτο
952 1482 1028 1552 τῷ
1057 1482 1241 1550 Κυρίῳ
1269 1481 1695 1550 ἐξεταζομένῳ-δ,
1716 1482 1846 1533 ἀλλᾶ
1873 1483 1999 1551 περὶ
2027 1481 2217 1534 αὐτοῦ’

639 1567 800 1618 Δαυῒδ
826 1567 938 1618 υἱὸν
967 1566 1077 1635 ἔχει
1102 1565 1188 1617 τὸν
1215 1564 1435 1634 Κύριον,
1461 1565 1491 1633 ἢ
1524 1565 1786 1634 δεσπότην
1809 1583 1822 1628 ;
1855 1566 2069 1634 Ἀμέλει
2096 1566 2223 1631 γοῦν

640 1650 801 1712 αὐτὸς
839 1652 867 1701 6
902 1647 1102 1718 Κύριος
1143 1647 1489 1718 προαναιρῶν
1522 1649 1620 1718 τὴν
1661 1649 1765 1700 τῶν
1800 1649 2092 1718 αἰρετικῶν
2128 1667 2221 1700 συ-

640 1732 955 1800 κοφαντίαν,
990 1732 1080 1783 καὶ
1121 1731 1404 1796 φυλάττων
1430 1731 1686 1800 ἀκέραιον
1729 1732 1820 1783 τοῦ
1863 1732 2020 1800 ἁγίου
2059 1732 2223 1784 Πνεύ-

643 1833 808 1884 ματος
841 1815 899 1866 τὸ
933 1812 1166 1881 ἀξίωμα,
1198 1815 1262 1881 τῇ
1299 1814 1560 1882 ἐπαγωγῇ
1609 1813 1722 1865 λύει
1756 1815 1853 1883 τὴν
1878 1815 2226 1886 ἀμφισϐήτη-

641 1915 741 1949 σιν.
771 1898 832 1948 Τί
864 1893 954 1948 οῦν
986 1911 1185 1964 φησινς
1224 1895 1284 1946 El
1325 1891 1438 1949 οὖν
1466 1895 1646 1947 Δαυῒδ
1683 1897 1860 1949 καλεῖ
1885 1898 2071 1950 αὐτὸν
2111 1900 2226 1951 Κύ-

633 1997 785 2046 ριον,
825 1979 943 2043 πῶς
978 1980 1103 2042 υἱὸς
1127 1977 1312 2030 αὺτοῦ
1349 1976 1550 2039 ἐστιν;
1581 1979 1693 2030 υύκ
1724 1976 1894 2042 εἶπεν,
1930 1981 1994 2034 Εἰ
2028 1976 2119 2034 οὖν
2165 1981 2224 2032 τὸ

640 2061 864 2130 Πνεῦμα
906 2061 964 2111 1:6
1013 2061 1165 2128 άγιον
1209 2061 1363 2112 καλεῖ
1413 2061 1570 2112 αὐτὸν
1624 2061 1848 2132 Κύριον,
1885 2063 2022 2129 ἀλλ’,
2079 2066 2147 2117 Εἰ
2193 2067 2224 2117 ὀ

638 2145 819 2197 Δαυῒδ
860 2143 1038 2196 καλεῖ
1080 2143 1266 2195 αὑτὸν
1297 2144 1530 2211 Κύριον.
1567 2145 1664 2197 Διά
1704 2146 1754 2197 τί
1783 2142 1873 2198 οῦν
1918 2147 2224 2217 προσέθηκε

638 2227 718 2287 τὸ,
765 2229 859 2278 Ἐν
913 2226 1210 2294 Πνεύματι
1277 2227 1423 2293 ἁγίῳ
1485 2227 1662 2278 κτιῖεῖ
1721 2229 1906 2280 αὑτὸν
1974 2231 2224 2294 Κύριονς

652 2310 865 2380 Ἐπειδὴ
919 2310 979 2361 τὸ
1019 2312 1190 2360 εἰπεῖν
1226 2310 1354 2376 περὶ
1401 2309 1635 2377 Χριστοῦ
1693 2310 1797 2379 πρὸ
1839 2311 1936 2380 τῆς
1987 2311 2221 2381 Χριστοῦ

640 2393 939 2462 παρουσίας
981 2393 1080 2444 οὐκ
1108 2387 1174 2460 ἦν
1217 2389 1466 2460 σώματος
1509 2390 1823 2460 βλέποντος,
1873 2393 2006 2446 ἀλλὰ
2051 2393 2222 2444 Πνεύ-

642 2491 809 2542 ματος
867 2474 1020 2542 ἁγίου
1081 2472 1540 2542 προδεικνύοντος.
1591 2474 1726 2525 Οὐδὲ
1790 2475 1898 2544 γὰρ
1950 2476 1985 2529 ἃ.
2031 2476 2224 2528 ἕδλεπε

637 2557 816 2619 Δαυῒδ,
858 2559 1182 2626 ὲκήρυττεψ
1236 2557 1349 2608 ἀλλ’
1389 2557 1422 2610 ἃ
1467 2557 1526 2608 1:6
1563 2558 1783 2629 Πνεῦμα
1827 2560 1887 2611 τὸ
1928 2559 2081 2626 ἆγιον
2117 2561 2222 2611 ῦπ-

638 2640 848 2701 έϐαλλε,
880 2641 1052 2693 ταῦτα
1089 2639 1176 2691 διὰ
1208 2641 1305 2710 τῆς
1334 2641 1706 2709 πνευματικῆς
1741 2641 1995 2708 ὲκρούετο
2032 2641 2221 2712 λύρας.

637 2724 735 2775 Διά
767 2725 923 2776 τοῦτο
957 2723 1036 2786 τὸ,
1083 2724 1328 2789 Κύριος,
1367 2723 1697 2792 προσέθηκε·
1734 2722 1862 2788 Πῶς
1902 2725 2016 2776 οὖν
2044 2725 2226 2777 Δαυῒδ

634 2807 706 2859 ἐν
726 2807 1021 2874 Πνεύματι
1045 2806 1189 2873 ἁγίῳ
1218 2804 1388 2856 καλεῖ
1416 2806 1602 2856 αὑτὸν
1630 2807 1884 2872 Κνύριον;
1909 2807 2025 2859 ’Ὶνα
2055 2807 2112 2859 δὲ
2147 2807 2222 2877 μὴ

635 2889 735 2960 τὴν
777 2888 1123 2958 βλασφημίαν
1167 2889 1195 2938 6
1246 2887 1520 2954 αίρετικδς
1573 2890 1650 2949 εἰς
1697 2888 1757 2939 τὸ
1795 2888 1948 2956 ἅγιον
1993 2888 2220 2958 Πνεῦμα

639 2970 864 3040 ἐλκύσῃ,
901 2972 1144 3040 ἐπήγαγε
1196 2968 1376 3030 πάλιν,
1419 2968 1492 3030 ὡς
1541 2968 1784 3038 ἑφθημεν
1843 2971 2123 3034 εἰπόντεςο
2157 2974 2223 3025 El

635 3050 751 3109 οὖν
787 3054 967 3107 Δαυῒδ
993 3055 1178 3105 αὑτὸν
1216 3051 1393 3104 καλεῖ
1417 3054 1655 3120 Κύριον,
1700 3052 1824 3117 πῶς
1869 3053 1999 3119 υίὸς
2036 3055 2222 3108 αὑτοῦ

637 3137 845 3202 ἐστιν;
876 3135 1080 3188 Οὐκοῦν
1107 3137 1137 3186 6
1177 3134 1337 3187 Δαυῖδ
1376 3134 1535 3187 αὐτὸν
1567 3137 1621 3187 ἐν
1653 3135 1927 3206 Πνεύματι
1957 3137 2096 3206 ἁγίῳ
2128 3155 2225 3191 κα-

637 3220 719 3272 λεῖ
749 3221 839 3272 τὸν
879 3219 1110 3288 Χριστὸν
1168 3217 1392 3287 Κύριον.
1431 3215 1635 3270 Ἐκεῖνο
1689 3218 1744 3270 δὲ
1794 3221 2224 3289 προηγουμένως

640 3304 1021 3372 σκοπήσωμεν,
1054 3301 1133 3352 ὅτι
1169 3302 1276 3362 πᾶς
1310 3302 1593 3369 προφήτης
1633 3301 1695 3351 ἐκ
1725 3300 2037 3370 Πνεύματος
2066 3303 2220 3370 ἀγίου

636 3384 787 3436 λαλεῖ
832 3385 899 3435 τά
948 3383 1149 3435 εἰκότα.
1183 3384 1388 3444 Πάντες
1451 3384 1556 3451 γὰρ
1605 3382 1992 3452 ὁμολογοῦμεν,
2040 3385 2113 3446 ὡς
2166 3387 2222 3435 ἐν

638 3467 915 3536 Πνεῦματι
973 3466 1112 3534 ἁγίῳ
1171 3465 1436 3533 ἐλάλησαν
1469 3465 1516 3515 οἰ
1578 3464 1888 3534 προφῆται,
1937 3467 2012 3528 ὡς
2070 3467 2163 3518 καί
2195 3470 2224 3519 6

651 3549 971 3611 Ἀπόστολος
1021 3550 1289 3618 μαρτυρεί
1322 3547 1523 3614 λέγων’
1555 3547 1763 3612 Καλῶς
1787 3548 1851 3599 τὸ
1879 3548 2120 3617 Πνεῦμα
2156 3548 2222 3602 τό

637 3631 809 3697 ἅγιον
841 3630 1108 3696 ὲλάλησε
1143 3630 1289 3695 πρὸς
1323 3629 1464 3692 τοὺς
1495 3627 1753 3696 πατέρας
1798 3629 1964 3697 υμῶν
1994 3629 2092 3683 διὰ
2117 3631 2223 3684 τοῦ

637 3711 965 3781 προφήτου.
987 3714 1094 3764 Καὶ
1112 3711 1272 3763 πάλιν
1293 3710 1594 3771 καθολικῶς
1616 3714 1643 3762 6
1657 3710 1788 3772 Θεός
1811 3728 1823 3742 ·
1861 3712 2082 3780 Ἑλιχεῶ
2103 3714 2222 3767 ἀπὸ

636 3796 745 3849 τοῦ
779 3796 1127 3862 Πνεύματός
1151 3810 1292 3860 μου,
1317 3793 1413 3845 ἐπὶ
1453 3790 1662 3846 πᾶσαν
1690 3793 1908 3860 σάρκα,
1942 3795 2038 3847 καὶ
2077 3810 2218 3862 προη

637 3879 1030 3947 φητεύσουσι.
1063 3876 1172 3929 Καὶ
1205 3876 1472 3944 Μωῦσῆςο
1523 3877 1616 3940 Τίς
1665 3875 1841 3929 δώσει
1888 3877 2083 3930 πάντα
2116 3879 2223 3930 τὸν

635 3963 791 4016 λαὸν
807 3961 1116 4030 προφήτας
1131 3956 1304 4022 εἶναι,
1323 3961 1392 4012 ἐν
1413 3959 1491 4023 τῷ
1511 3959 1721 4015 δοῦναι
1743 3963 1960 4030 Κύριον
1973 3962 2036 4015 τὸ
2055 3963 2223 4030 ἅγιον

637 4046 881 4113 Πνεῦμα
925 4044 1110 4097 αὑτοῦ
1140 4044 1233 4096 ἐπ’
1263 4045 1516 4108 αὑτούς;
1559 4044 1819 4097 Ἐνταῦθα
1872 4046 2222 4117 προσέχωμεν

637 4128 901 4198 ἀκριϐῶς,
936 4127 1052 4189 πῶς
1081 4128 1112 4195 ἡ
1143 4127 1331 4194 Θεότης
1359 4126 1631 4180 δείκνυται
1663 4127 1754 4180 τοῦ
1783 4130 2097 4197 ΙΙνεύματος
2127 4128 2221 4182 τοῦ

637 4212 815 4278 ἁγίου,
841 4212 938 4279 οὐχ
969 4211 1054 4276 ὑφ’
1081 4210 1237 4279 ήμῶν
1271 4210 1570 4279 ὑψουμένη,
1597 4210 1710 4262 ἀλλ’
1747 4213 1850 4264 ὑπὸ
1881 4215 1979 4283 τῆς
2015 4215 2223 4277 οἰκείας

638 4295 792 4358 ἀξίας
822 4292 1219 4362 κηρυττομένη.
1269 4293 1376 4342 Καί
1414 4309 1502 4360 μοι
1541 4293 1731 4362 μικρὸν
1775 4296 2105 4365 ἐπιτρέψατε
2135 4297 2221 4348 διὰ

639 4376 883 4437 πεύσεως
907 4376 1000 4427 καὶ
1024 4374 1369 4444 ἀποκρίσεως
1397 4376 1729 4443 σχηματίσαι
1750 4377 1810 4428 τὸ
1835 4379 2188 4447 προκείμενον
2204 4397 2216 4409 ·

637 4462 758 4521 ταῖς
808 4459 914 4529 γὰρ
960 4456 1238 4518 τοιαύταις
1274 4456 1610 4508 ἀντιθέσεσιν
1651 4459 2033 4530 εὐμαρεστέρα
2083 4461 2220 4514 καθ-

641 4542 852 4594 ίσταται
878 4539 984 4591 τῶν
1019 4539 1406 4610 ἀπορουμένων
1433 4540 1465 4608 ή
1497 4539 1665 4602 λύσις.
1706 4542 2097 4612 Ἐρωτήσωμεν
2121 4542 2223 4595 τοί-

637 4642 750 4678 νυνο
799 4621 1306 4693 ⁹Ομολογοῦσιν,ὃτι
1343 4621 1402 4673 τὸ
1445 4622 1665 4691 Πνεῦμα
1693 4624 1753 4676 τὸ
1798 4624 1950 4692 ἅγιον
1995 4625 2221 4696 ἐλάλησε

641 4708 788 4778 [5‘27]
820 4708 907 4759 διὰ
940 4706 1046 4758 τῶν
1075 4705 1385 4775 προφητῶν,
1417 4704 1448 4774 ἢ
1481 4707 1794 4759 ἀπειθοῦσιν
1823 4709 1901 4761 ἔτι
1933 4710 2025 4762 καὶ
2054 4712 2224 4780 ἀμφι-

639 4791 956 4853 6άλλουσιν;
989 4790 1050 4841 Εἰ
1093 4790 1191 4858 μὲν
1242 4788 1674 4858 ἀμφιϐάλλουσι,
1717 4791 1776 4842 τὸ
1827 4793 2222 4863 προειρημένον

639 4873 1060 4942 ὑπομνήσωμεν,
1103 4872 1220 4933 πῶς
1267 4872 1427 4934 αὐτὸς
1470 4876 1735 4943 μαρτυρεί
1782 4873 1954 4942 λέγων
1988 4877 2016 4928 6
2047 4875 2217 4939 Θεός·

650 4954 868 5022 Ἐκχεῶ
932 4953 1050 5007 ἀπὸ
1107 4954 1211 5006 τοῦ
1275 4955 1619 5022 Πνεύματός
1669 4974 1789 5023 μου
1862 4957 1957 5009 ἐπὶ
2013 4958 2220 5013 πᾶσαν

637 5039 858 5105 σάρκα,
889 5036 986 5088 καί
1026 5037 1540 5104 προφητεύσουσι.
1576 5037 1648 5089 Τὸ
1688 5039 1911 5110 Πνεῦμα
1947 5041 2056 5111 γάρ
2103 5043 2217 5095 ἐστι

636 5122 694 5172 τὸ
725 5118 976 5189 ἐνεργοῦν
1001 5119 1096 5188 τὴν
1124 5120 1466 5190 προφητικὴν
1493 5119 1737 5190 δύναμιν.
1773 5123 1861 5184 Ὠς
1889 5125 1980 5175 καὶ
2009 5127 2036 5176 6
2067 5124 2218 5177 Μωῦ-

639 5205 737 5274 σῆς
789 5203 968 5262 πάλιν,
1002 5205 1030 5254 6
1066 5204 1386 5269 θαυμάσιος,
1441 5204 1761 5274 βουλόμενος
1796 5207 1988 5273 δεῖξαι,
2037 5211 2117 5262 ὅτι
2154 5211 2217 5261 ἐκ

636 5288 952 5356 Πνεύματος
998 5285 1153 5350 ἁγίου
1196 5291 1500 5356 προφητεία
1533 5291 1869 5356 συνίσταται,
1911 5293 2010 5363 τὴν
2043 5295 2213 5362 μεγά-

636 5371 736 5440 λην
765 5369 976 5437 ἐκείνην
1011 5369 1103 5419 καὶ
1135 5367 1444 5436 θαυμασίαν
1486 5372 1682 5442 ἔρῤηξε
1718 5377 1934 5443 φωνήν·
1970 5377 2078 5429 Καὶ
2126 5377 2216 5441 τίς

635 5454 814 5506 δώσει
860 5452 1054 5504 πάντα
1089 5451 1195 5502 τὸν
1227 5453 1378 5503 ,λαὸν
1429 5458 1645 5522 Κυρίου
1701 5460 2009 5528 προφήτας
2039 5457 2209 5523 εἶναι,

634 5537 704 5588 ἐν
736 5534 810 5599 τῷ
862 5534 1069 5586 δοῦναι
1099 5535 1312 5598 Κύριον
1346 5536 1413 5588 τὸ
1443 5541 1681 5607 Πνεῦμα
1713 5545 1898 5597 αὑτοῦ
1946 5543 2012 5595 τὸ
2043 5544 2214 5612 ἅγιον

633 5619 728 5671 ἐπ’
757 5619 1006 5682 αὐτούς;
1043 5619 1104 5670 Εἰ
1145 5618 1200 5670 δὲ
1241 5619 1590 5688 ὁμολογοῦσιν
1632 5625 1868 5693 ἀληθῶς,
1903 5625 2090 5697 ὥσπερ
2120 5630 2207 5681 καὶ

695 5730 712 5751 ⁸
747 5731 780 5792 Ε
807 5730 936 5778 Bibl.
962 5732 1137 5792 supple
1163 5734 1326 5792 )éyow.

697 5795 722 5830 b
749 5791 858 5840 Sav.
889 5804 934 5839 In
957 5791 1082 5841 nobs
1102 5807 1188 5854 pro
1213 5791 1520 5856 ἐξεταζομένω
1547 5797 1669 5855 conj.
1701 5798 1921 5856 ἐξέτασις.

2090 371 2462 427 SEVERIANI

3825 390 3958 442 514

2332 496 2479 546 ἔστιν
2529 493 2762 563 άληθῶς,
2807 492 2888 544 ὅτι
2921 492 2978 543 τὸ
3012 489 3234 559 Πνεῦμα
3272 490 3331 542 τὸ
3366 490 3518 557 ἅγιον
3553 488 3826 560 ἐλάλησεν
3885 495 3951 544 ἐν

2326 579 2438 637 τοῖς
2467 578 2791 646 προφήταις,
2822 575 2983 628 ἄκουε
3012 575 3087 635 ὡς
3116 573 3144 622 ό
3176 575 3443 642 μακάριος
3480 575 3573 623 καὶ
3613 572 3951 642 θαυμάσιος

2328 659 2633 728 Ζαχαρίας,
2673 660 2702 708 6
2735 656 2828 708 τοῦ
2883 656 3190 726 προδρόμου
3239 658 3451 722 πατὴρ,
3500 653 3632 705 Θεὸν
3665 655 3828 722 λέγει
3881 657 3953 706 τὸ

2330 741 2549 810 Πνεῦμα
2595 742 2654 792 τὸ
2703 742 2856 806 ἀγιον
2899 739 2959 790 τὸ
3006 739 3094 791 διὰ
3141 738 3249 789 τῶν
3297 737 3592 806 προφητῶν
3640 737 3948 809 λαλῆσανσ

2327 824 2673 890 Εὐλογητὸς
2733 824 2946 888 Κύριος
2975 825 3006 874 ὁ
3057 821 3192 884 Θεὸς
3233 819 3338 872 τοῦ
3372 819 3636 886 Ἰσραὴλ,
3685 821 3778 873 ὅτι
3826 822 3952 873 ἐπ-

2326 906 2648 972 εσκέψατο,
2686 905 2780 957 καὶ
2812 904 3063 968 ἐποίησε
3093 903 3395 968 λύτρωσιν
3427 902 3505 965 τῷ
3539 902 3662 966 λαῷ
3689 904 3905 956 αὑτοῦ
3926 921 3949 937 ⁸

2325 989 2423 1040 καὶ
2476 988 2668 1055 ἤγειρε
2702 986 2879 1055 κέρας
2929 985 3226 1052 σωτηρίας
3261 984 3403 1050 ἡμῖν
3443 986 3512 1036 ἐν
3544 985 3684 1047 οίκῳ
3731 986 3949 1038 Δαυῒδ

2327 1073 2431 1125 τοῦ
2465 1072 2678 1136 παιδὸς
2714 1070 2929 1124 αὑτοῦ·
2965 1069 3158 1132 καθὼς
3182 1067 3454 1133 ἐνίἀλ-ησε
3483 1067 3578 1121 διὰ
3617 1072 3948 1137 στόματος

2326 1155 2445 1206 τῶν
2478 1155 2679 1222 ἁγίων,
2728 1153 2844 1206 τῶν
2885 1153 2984 1205 ἀπ’
3012 1150 3229 1215 αἰῶνος
3262 1150 3584 1218 προφητῶν
3613 1154 3832 1207 αὑτοῦ.
3872 1154 3947 1205 Εἰ

2329 1238 2504 1290 τοίνυν
2546 1241 2573 1289 6
2607 1238 2846 1306 λαλήσας
2875 1235 2961 1288 διὰ
2992 1235 3257 1303 στόματος
3289 1233 3399 1287 τῶν
3437 1235 3726 1301 προφητῶν
3753 1235 3945 1302 Θεὸς,

2327 1321 2552 1389 ἐλάλησε
2591 1321 2646 1372 δέ
2688 1321 2748 1372 τὸ
2789 1317 3010 1387 Πνεῦμα
3039 1318 3101 1368 τὸ
3153 1318 3304 1383 ἆγιον
3349 1317 3406 1366 ἐν
3439 1318 3550 1376 τοῖς
3584 1320 3941 1386 προφήταις.

2327 1403 2400 1465 ῶς
2429 1421 2590 1472 φησιν
2610 1407 2635 1456 ό
2659 1402 2818 1456 Δαυῖδ
2846 1405 2901 1453 ὲν
2927 1403 2991 1470 τῇ
3013 1399 3179 1470 βίϐλῳ
3199 1399 3305 1450 τῶν
3328 1398 3619 1452 Βασιλειῶν
3638 1417 3648 1428 ·
3670 1399 3946 1467 Πνεῦμα

2326 1486 2437 1554 γὰρ
2468 1488 2685 1549 Κυρίου
2716 1486 3023 1550 ὲλιζίησεν
3053 1481 3123 1534 ἐν
3149 1482 3282 1550 ἐμοί
3300 1499 3314 1512 ⁸
3349 1482 3478 1543 Θεὸς
3528 1481 3630 1551 ἀρα
3662 1483 3751 1534 καὶ
3803 1482 3944 1534 Κύ-

2329 1587 2442 1640 ριος
2472 1569 2533 1620 τὸ
2565 1567 2786 1636 Πνεῦμα
2815 1567 2874 1618 τὸ
2901 1568 3055 1632 ἅγιον
3078 1565 3137 1616 τὸ
3163 1564 3252 1615 διὰ
3283 1564 3391 1615 τῶν
3427 1563 3712 1632 προφητῶν
3745 1563 3945 1632 φθεγ-

2328 1651 2574 1722 ξάμενον.
2603 1650 2747 1704 Λάὂε
2771 1649 2827 1702 δέ
2861 1667 2949 1717 μοι
2981 1651 3124 1717 σαφῆ
3150 1647 3258 1699 τῶν
3287 1647 3594 1714 λεγομένων
3617 1647 3944 1711 ἀπόδειξιν.

2342 1735 2400 1786 '0
2432 1735 2573 1796 θεῖος
2609 1732 2930 1793 Ἀπόστολος
2963 1731 3282 1800 βουλόμενος
3311 1732 3375 1797 τῇ
3408 1733 3710 1798 προφητικῇ
3753 1734 3944 1800 φωνῇ

2325 1817 2494 1880 δείξαι
2525 1817 2583 1868 τὸ
2615 1814 2837 1885 Πνεῦμα
2863 1814 2924 1866 τὸ
2953 1815 3128 1881 ἆγιον,
3162 1815 3326 1881 φησὶν
3363 1815 3421 1863 ἐν
3449 1814 3514 1880 τῇ
3551 1811 3680 1880 πρὸς
3717 1813 3948 1883 Κοριν-

2328 1899 2472 1962 θίους
2525 1899 2834 1967 Ἐπιστολῇ’
2881 1897 3023 1950 Ἐὰν
3051 1895 3275 1959 ,πάντες
3307 1895 3739 1962 προφητεύητε,
3783 1897 3942 1948 εισ-

2325 1983 2470 2051 έλθῃ
2517 1982 2584 2035 δέ
2625 1999 2714 2044 τις
2753 1978 3006 2046 ἰδιώτης,
3048 1979 3086 2046 ἢ
3123 1977 3398 2042 ἄπιστος,
3443 1977 3744 2044 ἐλέγχεται
3794 1978 3942 2030 ὑπὸ

2327 2066 2586 2126 πάντων,
2617 2063 2999 2130 ἀνακρίνεται
3023 2061 3141 2116 ὑπὸ
3171 2059 3435 2122 πάντων,
3467 2059 3535 2111 τὰ
3554 2063 3778 2126 κρυπτὰ
3805 2058 3944 2124 τῆς

2327 2147 2577 2215 καρδίας
2608 2145 2790 2198 αὐτοῦ
2833 2145 3062 2212 φανερὰ
3095 2145 3317 2211 γίνεται
3340 2159 3351 2172 ·
3395 2142 3492 2194 καί
3521 2143 3668 2194 οὕτω
3705 2143 3944 2193 πεσὼν

2326 2231 2422 2284 ἐπὶ
2452 2231 2778 2297 πρόσωπον
2805 2228 2989 2280 αὑτοῦ
3019 2225 3458 2291 προσκυνήσει,
3490 2221 3939 2290 ἀπαγγέλλων,

2327 2313 2414 2365 ὅτι
2447 2313 2626 2376 ὄντως
2665 2315 2695 2363 o'
2727 2311 2872 2375 Θεὸς
2917 2310 2986 2360 ἐν
3018 2307 3158 2375 ὑμῖν
3207 2307 3395 2359 ἐστιν.
3439 2307 3598 2376 Ὁρᾷς
3629 2307 3707 2357 ὅτι
3741 2305 3812 2356 τὸ
3872 2308 3943 2358 ἐν

2328 2399 2437 2458 τοῖς
2491 2393 2892 2464 προφητεύουσι
2941 2390 3162 2458 Πνεῦμα
3207 2389 3336 2440 Θεὸν
3381 2388 3668 2459 διαρρήδην
3713 2388 3938 2456 ἀνηγόγ

2331 2495 2518 2548 ρευσεν
2545 2481 2572 2529 6
2606 2477 2704 2544 τῆς
2735 2473 3016 2536 εὐσεϐείας
3047 2472 3396 2535 διδάσκαλοςς

2401 2567 2454 2612 ι’.
2488 2560 2551 2610 Τί
2582 2559 2759 2612 τοίνυν
2787 2557 3108 2626 σκανδαλίζῃ
3150 2555 3276 2624 περὶ
3309 2555 3407 2623 τὴν
3433 2552 3728 2605 εὐσέϐειαν.
3755 2553 3941 2622 αἰρε-

2327 2645 2475 2705 τικέ;
2514 2643 2564 2694 τί
2616 2642 2970 2709 συκοφαντεῖς
3005 2638 3100 2690 τοῦ
3148 2637 3463 2706 Πνεύματος
3505 2639 3600 2705 τὴν
3632 2636 3834 2699 ἀξίσν;
3879 2635 3942 2687 τί

2328 2726 2685 2796 παραῦαίνεις
2717 2725 2814 2792 τῆς
2846 2723 3084 2784 πίστεως
3111 2722 3209 2790 τὴν
3249 2720 3574 2788 όμολογίαν;
3615 2719 3946 2784 Ἀνάγνωθι

2328 2828 2421 2862 σου
2455 2810 2550 2871 τὰς
2592 2807 2864 2875 συνθήκας
2907 2807 3000 2857 ἐπὶ
3045 2805 3150 2856 τῶν
3199 2803 3532 2872 μυστηρίων,
3568 2801 3679 2862 πῶς
3725 2795 3939 2862 εἶπας·

2327 2894 2592 2946 Πιστεύω
2619 2893 2705 2955 είς
2737 2886 2968 2954 Πατέρα
2996 2886 3094 2940 καὶ
3146 2885 3284 2938 Υίὸν
3314 2885 3414 2937 καὶ
3445 2884 3618 2950 ἅγιον
3647 2882 3939 2950 Πνεῦμα.

2332 2978 2396 3028 Ὃ
2420 2975 2766 3036 ἐπίστευσας,
2795 2970 3198 3032 ἀνεσκεύασας;
3226 2968 3254 3020 ὃ
3277 2967 3653 3037 ὡμολόγησας,
3689 2966 3944 3034 ἀνέτρε-

2324 3059 2469 3127 ψαςς
2511 3058 2538 3109 ὂ
2576 3055 2828 3126 καθαρῶς
2867 3054 3242 3120 διεσάφησας,
3291 3049 3451 3101 τοῦτο
3490 3048 3647 3100 πάλιν
3698 3049 3943 3112 ἀσεϐῶς

2325 3141 2626 3204 ἐθόλιοσαςς
2673 3138 2928 3208 πολεμεῖς
2958 3138 3022 3204 τῇ
3061 3135 3292 3203 εἰρήνῃ;
3333 3131 3479 3202 μάχῃ
3515 3149 3606 3183 σου
3637 3133 3751 3192 ταῖς
3792 3148 3947 3183 συν-

2327 3223 2554 3293 θήκαις;
2591 3221 2892 3290 ἀπηρνήσω
2930 3219 3028 3287 τὴν
3077 3217 3294 3278 πίστινς
3337 3216 3430 3266 καὶ
3473 3213 3706 3280 εἰσάγεις
3743 3211 3943 3284 ζητή-

2329 3324 2466 3372 σεις;
2502 3304 2847 3361 Πιστεύοντι,
2896 3299 3247 3370 ὁμολογοῦντί
3286 3315 3366 3350 σοι
3413 3297 3680 3365 παρεδόθη
3711 3296 3770 3346 τὸ
3817 3297 3950 3347 δῶ-

2330 3406 2440 3459 ρον,
2479 3389 2573 3439 καὶ
2612 3385 2748 3455 μετά
2781 3386 2841 3437 τὸ
2874 3385 3045 3453 δῶρον
3091 3381 3394 3451 ἐξορίζεται
3443 3381 3644 3441 πίστις,
3677 3379 3770 3429 καὶ
3809 3381 3945 3431 εἰσ-

2326 3474 2516 3540 άγεται
2546 3471 2811 3536 διάλεξις;
2845 3469 2936 3538 Μὴ
2968 3467 3155 3536 ὑϐριζε
3185 3465 3282 3535 τὴν
3322 3463 3478 3527 ἀξῖαν
3515 3463 3608 3530 τῆς
3657 3462 3898 3530 χάριτος
3924 3481 3940 3495 ο

2330 3557 2404 3626 μὴ
2449 3556 2840 3625 παραχάραττε
2871 3552 2968 3612 τὰς
3005 3549 3276 3616 συνθήκας
3306 3548 3404 3615 τῆς
3438 3546 3669 3614 φοϐερᾶς
3700 3545 3944 3615 ἐκείνης

2326 3639 2419 3690 καὶ
2458 3635 2763 3707 φρικώδους
2821 3631 3235 3703 μυσταγωγίας.
3279 3629 3369 3680 Ἐν
3421 3629 3641 3695 ὀνόματι
3703 3627 3946 3697 Ila-.96;

2325 3719 2418 3772 καὶ
2440 3717 2568 3771 Υἱοῦ
2590 3717 2685 3769 καὶ
2710 3716 2867 3783 ἁγίου
2897 3713 3037 3767 Πνεύ
3047 3729 3213 3782 ματος
3235 3711 3593 3780 ὡμολόγησας
3616 3710 3939 3773 πιστεύειν,

2324 3800 2656 3869 ὲϐαπτίσθης
2689 3798 2890 3867 ὁμοίως
2931 3799 3010 3858 εἰς
3058 3794 3276 3865 Πατέρα
3311 3795 3404 3845 καὶ
3450 3793 3576 3844 Υίὺν
3619 3793 3712 3844 καὶ
3759 3791 3941 3857 ἅγιον

2325 3885 2576 3954 Πνεῦμα·
2613 3885 2645 3953 ή
2692 3882 2914 3948 εὐλογία
2957 3881 3160 3950 ὁμοίως
3208 3881 3265 3930 ἐν
3307 3876 3531 3946 ὀνόματι
3569 3874 3777 3943 Πατρὸς
3827 3877 3942 3930 καὶ

2326 3968 2457 4021 Υἰοῦ
2492 3967 2586 4020 καὶ
2633 3968 2791 4033 ἁγίου
2847 3966 3186 4033 Πνεῦματος.
3230 3961 3392 4029 Ἡμῖν
3425 3960 3494 4010 τά
3557 3957 3703 4027 δῶρα
3762 3960 3941 4026 παρὰ

2324 4051 2424 4121 τῆς
2472 4052 2725 4121 χάριτος·
2776 4050 2869 4102 καὶ
2919 4048 3047 4117 παρ’
3089 4045 3240 4114 ὑμῶν
3275 4045 3306 4114 ή
3341 4040 3656 4112 βλασφημία
3705 4042 3772 4108 τῇ
3823 4042 3942 4109 χά-

2326 4151 2462 4205 ριτι;
2504 4133 2662 4203 Παρά
2693 4130 2787 4184 τοῦ
2838 4131 2997 4197 ἁγίου
3049 4127 3368 4196 Πνεύματος
3413 4127 3544 4195 ἡμῖν
3594 4123 3936 4191 ἐλευθερίαο

2325 4219 2420 4268 καὶ
2453 4215 2580 4287 παρ’
2629 4214 2784 4284 ὑμῶν
2816 4212 3029 4264 δουλεία
3058 4211 3135 4280 τῷ
3185 4208 3500 4277 ΙΙνεύματι;
3539 4207 3600 4257 Ὢ
3641 4205 3739 4274 τῆς
3776 4207 3939 4258 ἀπεο-

2326 4300 2504 4362 νοίαςι
2537 4297 2581 4350 ὣ
2611 4298 2711 4368 τῆς
2749 4294 3139 4364 ἀγνωμοσύνης
3171 4296 3183 4346 ί
3218 4294 3285 4345 Ἢ
3322 4293 3418 4361 τὴν
3454 4291 3575 4342 νέαν
3600 4288 3943 4358 ἀπάρνησαι

2326 4381 2475 4454 [5‘28]
2519 4382 2696 4451 χάριν,
2742 4380 2774 4450 ἦ
2811 4381 2907 4448 τὴν
2939 4377 3180 4431 Παλαιὰν
3231 4375 3508 4442 αίδέσθητι
3551 4370 3858 4454 Διαθήκην,
3899 4373 3938 4440 ἢ

2325 4452 2597 4532 πανταχοῦ
2629 4462 2870 4531 παρίστα
2899 4461 2997 4528 τῆς
3033 4460 3194 4526 ἁγίας
3222 4456 3452 4526 Τριάδος
3477 4454 3573 4524 τὴν
3599 4452 3936 4520 ὁμοτιμίαν,

2324 4546 2398 4608 ὡς
2433 4544 2691 4605 πολλάκις
2731 4543 2821 4595 διὰ
2856 4542 3064 4594 πολλῶν
3097 4543 3224 4610 ὑμῖν
3272 4538 3565 4609 ἐγγράφων
3599 4537 3941 4606 μαρτυριῶν

2323 4627 2712 4696 ἀπεδείξαμεν·
2751 4619 2840 4687 αἷς
2877 4627 2971 4678 καὶ
3028 4626 3223 4694 ἐτέραν
3283 4621 3544 4692 βούλομαι
3596 4617 3939 4687 προσθεῖναι

2323 4711 2484 4764 πάλιν
2536 4707 2828 4773 ἀπόδειξιν.
2883 4704 3423 4777 Προαναπεφώνηται
3477 4701 3603 4770 γὰρ,
3653 4699 3729 4761 ὡς
3784 4701 3938 4752 πολ-

2322 4795 2479 4857 λάκις
2523 4793 2693 4860 ἔφθην
2727 4791 2919 4852 εἰπὼν,
2952 4794 3010 4843 ἐν
3042 4793 3109 4860 τῇ
3159 4789 3373 4857 Παλαιᾷ
3407 4785 3476 4838 τὰ
3523 4785 3637 4836 νέα.
3683 4783 3749 4834 Τί
3786 4780 3934 4848 οὖνς

2324 4877 2656 4945 Προστάττει
2685 4876 2714 4926 6
2741 4874 2873 4936 Θεὸς
2898 4873 2976 4942 τῷ
3003 4873 3249 4934 Μωῦσετ,
3280 4869 3453 4935 λέγων
3473 4883 3486 4896 ⁸
3514 4865 3802 4931 Adducor
3842 4867 3939 4932 τῷ

2335 4961 2548 5027 Ἀαρὼν
2581 4959 2678 5011 καὶ
2719 4957 2843 5022 τοῖς
2876 4958 3026 5021 υἱοῖς
3063 4954 3278 5008 αὑτοῦ·
3315 4953 3513 5016 Οὕτως
3541 4948 3939 5016 εὺλογήσατε

2321 5043 2462 5108 τοὺς
2491 5042 2660 5106 υίοὺς
2713 5038 2967 5107 Ἰσραήλ.
2997 5037 3238 5107 Πρόσεχε
3267 5034 3529 5104 ἀκριϐῶς.
3559 5033 3675 5084 Ἵνα
3717 5033 3788 5100 μή
3839 5049 3938 5096 τις

2321 5126 2507 5188 ἀπλῶς
2564 5121 2851 5177 ὑπολαϐὼν
2899 5120 3095 5191 νομίζῃ
3149 5119 3328 5182 καλῶς
3380 5118 3557 5187 ἔχειν,
3613 5113 3934 5184 προσέταξε

2317 5209 2398 5271 τὸ,
2435 5209 2653 5273 υῦτως,
2702 5207 2787 5258 ἴνα
2825 5205 3013 5274 μηδεὶς
3053 5205 3195 5257 κατά
3224 5204 3323 5272 τὴν
3358 5203 3494 5255 ἰδίαν
3535 5198 3780 5265 ἐξουσίαν
3812 5200 3936 5262 τὰς

2318 5291 2567 5357 εὐλογίας
2614 5289 2776 5360 φέρῃ,
2813 5288 2947 5339 ἀλλά
2989 5287 3128 5340 κατὰ
3164 5287 3257 5338 τὸν
3308 5286 3507 5339 κανόνα
3552 5283 3649 5352 τῆς
3687 5281 3936 5351 Γραφῆς

2319 5375 2386 5427 τὰ
2426 5375 2601 5426 πάντα
2643 5374 2769 5441 ποιῇ
2838 5371 3023 5438 Λέγει,
3053 5369 3237 5433 Οὕτω,
3290 5370 3477 5439 φησὶν,
3510 5363 3929 5432 εὐλογήσατε.

2323 5459 2504 5522 Οὕτω,
2545 5455 2695 5520 πῶς;
2746 5454 3087 5522 Εὐλογήσει
3132 5467 3205 5506 σε
3242 5454 3479 5518 Κύριος,
3515 5449 3610 5501 καί
3650 5444 3934 5514 φυλάξει

2318 5559 2409 5594 σε.
2443 5542 2552 5593 Καὶ
2587 5539 2843 5609 πρόσεχε,
2877 5538 2992 5600 πῶς
3031 5536 3307 5607 πανταχοῦ
3335 5536 3432 5603 τὴν
3471 5530 3679 5600 Τριάδα
3715 5545 3930 5599 μυστι-

2317 5625 2427 5687 κῶς
2464 5623 2702 5689 εἰσάγει,
2747 5623 2813 5674 δι’
2851 5615 2918 5693 ἧς
2963 5624 3055 5674 καὶ
3105 5620 3342 5688 εὐλογίαι
3391 5612 3922 5688 τριπλασιάζονται.

2310 5705 2648 5776 Εὐλογήσει
2691 5721 2765 5759 σε
2811 5707 3049 5774 Κύριος,
3099 5704 3197 5756 καί
3231 5700 3487 5771 φυλάξει
3526 5716 3618 5753 σε.
3665 5699 3924 5766 Ἐπιβαο

2320 5792 2414 5848 νεῖ
2438 5793 2650 5856 Κύριος
2682 5807 2746 5844 το
2774 5791 3098 5856 πρόσωπον
3130 5786 3314 5843 αὑτοῦ
3343 5785 3438 5839 ἐπὶ
3470 5783 3565 5850 σὲ,
3596 5783 3695 5838 καί
3733 5784 3921 5838 εὐλο-
