4104 6322
145 351 261 407 513

162 471 377 524 nionem
422 480 542 537 pars
586 466 754 537 major
788 465 1026 528 haberet,
1076 463 1149 515 ait
1192 461 1323 516 illis:
1369 459 1527 524 Quem
1570 455 1737 509 dicitis

159 577 268 614 esse
307 560 597 612 Christum?
651 558 795 627 cujus
845 556 979 624 [ilius
1029 565 1097 607 est
1151 551 1381 621 (Matth.
1431 549 1520 603 22.
1576 547 1732 615 42)?

160 650 508 720 Respondent
532 649 717 703 scribaa
738 656 790 701 et
814 645 1084 708 Phariszei,
1112 640 1291 696 David.
1321 641 1451 693 Hinc
1480 639 1734 692 Dominus

157 755 347 793 eorum
383 737 754 792 contradicens
786 734 1018 803 Opinioni
1043 774 1057 794 ,
1091 746 1273 785 rursus
1301 730 1495 781 infert:
1527 745 1544 777 ‹
1584 728 1730 791 Quo-

158 830 321 885 modo
362 827 529 883 David
580 828 630 880 in
667 826 866 896 Spiritu
903 834 1088 877 sancto
1116 830 1268 873 vocat
1306 834 1424 871 eum
1454 818 1731 870 Dominum

161 923 380 985 dicens,
414 921 555 973 Dixit
598 918 849 971 Dominus
877 915 1101 968 Domino
1130 926 1249 965 meo
1279 952 1293 973 ,
1321 909 1447 963 sede
1476 925 1504 961 a
1532 908 1733 961 dextris

158 1016 295 1067 meis
341 1032 358 1063 ι
392 1014 409 1080 (
446 1011 581 1063 Ibid.
605 1026 651 1063 υ.
686 1011 776 1064 45.
810 1006 919 1077 M)
947 1008 969 1057 ?
1016 1004 1149 1059 Illud
1194 1018 1351 1071 porro
1378 1043 1393 1067 ,
1425 999 1492 1054 In
1536 1000 1734 1067 Spiritu

158 1112 333 1156 sancto
366 1143 378 1164 ,
410 1102 601 1169 adjecit
630 1141 645 1164 ,
686 1113 789 1152 non
819 1106 875 1151 ut
904 1096 1156 1164 Spiritum
1203 1107 1411 1146 servum
1439 1090 1735 1145 declararet

158 1192 382 1255 Christi,
413 1193 499 1261 qtti
532 1188 915 1259 praedicabatur
941 1226 954 1251 ,
987 1184 1079 1239 sed
1103 1192 1158 1237 ut
1182 1184 1353 1253 palam
1382 1182 1687 1235 ostenderet
1715 1222 1730 1244 ,

157 1283 473 1353 prophetam
499 1284 549 1334 in
574 1280 772 1346 Spiritu
797 1284 982 1330 sancto
1014 1274 1185 1329 futura
1219 1271 1593 1341 pr:cvidentem
1617 1311 1633 1335 ,
1668 1272 1727 1321 fi-

160 1375 290 1427 lium
318 1389 469 1426 suum
499 1370 787 1426 secundum
810 1381 1024 1422 carnem
1053 1365 1333 1418 Dominum
1363 1360 1605 1416 confiteri
1644 1375 1731 1414 se-

158 1467 391 1522 cundum
423 1467 495 1519 rei
517 1464 814 1517 veritatem.
844 1460 1023 1529 Neque
1053 1458 1190 1512 enim
1218 1456 1283 1509 de
1305 1454 1501 1524 Spiritu
1529 1461 1731 1513 sancto,

157 1559 251 1624 qui
273 1558 433 1611 etiam
458 1555 710 1609 Dominus
745 1561 827 1607 est
860 1592 874 1613 ,
906 1549 1128 1618 quaestio
1158 1556 1270 1601 erat
1302 1587 1316 1611 ,
1361 1544 1451 1599 sed
1483 1544 1549 1598 de
1576 1544 1688 1611 ipso
1716 1558 1731 1597 :

158 1663 225 1701 an
259 1648 462 1702 scilicet
484 1645 646 1700 David
668 1645 827 1697 filium
855 1641 1073 1695 haberet
1096 1638 1399 1701 Dominum,
1428 1651 1493 1689 an
1520 1633 1735 1689 herum?

156 1738 299 1793 Sane
330 1738 580 1791 Dominus
622 1734 996 1790 haereticorum
1038 1729 1441 1801 sycophantiam
1492 1728 1582 1782 diu
1610 1736 1735 1781 ante

154 1829 440 1884 confutans
470 1867 484 1892 ,
527 1826 859 1897 Spiritusque
923 1822 1092 1878 sancti
1154 1820 1461 1890 dignitatem
1513 1819 1733 1873 illmsam

157 1936 486 1975 conservans
519 1961 531 1981 ,
562 1918 863 1987 objectione
912 1914 1328 1969 controversiam
1375 1912 1550 1965 solvit.
1596 1911 1730 1978 Quid

155 2030 287 2083 ergo
317 2015 390 2067 ait
414 2030 427 2067 :
462 2012 521 2066 Si
549 2027 666 2081 ergo
689 2008 855 2063 David
877 2016 1016 2060 vocat
1037 2022 1147 2058 eum
1173 2004 1460 2065 Dominum,
1482 2004 1730 2071 quomodo

156 2108 297 2174 [ilius
327 2108 433 2173 ejus
462 2105 579 2157 est?
627 2102 739 2156 Non
768 2100 901 2154 dixit
930 2141 946 2165 ,
981 2098 1035 2153 Si
1084 2111 1212 2166 ergo
1241 2095 1470 2165 Spiritus
1518 2105 1733 2147 sanctus

156 2206 313 2250 vocat
338 2212 457 2249 eum
490 2194 789 2255 Dominum,
822 2193 935 2252 sed.
970 2190 1031 2244 Si
1061 2189 1225 2241 David
1250 2196 1390 2240 vocat
1414 2202 1525 2239 eum
1559 2186 1731 2238 Domi-

154 2306 301 2343 num.
330 2289 436 2342 Cur
474 2304 598 2357 ergo
627 2285 828 2339 addidit
854 2282 980 2337 illud
1011 2324 1024 2347 ,
1072 2282 1135 2334 In
1164 2280 1361 2349 Spiritu
1396 2287 1567 2333 sancto
1594 2287 1733 2329 vocat

155 2397 273 2433 eum
300 2378 615 2432 Dominum?
645 2376 903 2443 Quoniam
938 2374 1003 2428 de
1046 2372 1257 2428 Christo
1283 2379 1405 2423 ante
1448 2370 1728 2422 adventum

154 2471 355 2526 Christi
383 2472 559 2525 dicere
584 2485 686 2522 non
718 2476 830 2522 erat
862 2465 1099 2534 corporis
1127 2464 1379 2516 intuentis
1404 2503 1415 2524 ,
1447 2462 1537 2514 sed
1562 2462 1729 2528 Spiri-

155 2572 241 2614 tus
274 2561 439 2614 sancti
484 2557 965 2629 prmsignificantis.
997 2555 1177 2623 Neque
1207 2554 1347 2606 enim
1372 2568 1489 2621 quin
1522 2552 1731 2603 Viticitnl

155 2653 325 2708 David
354 2693 367 2715 ,
394 2650 709 2721 pra‘ditrabat
734 2667 750 2714 ;
779 2648 871 2703 sed
901 2664 1017 2716 qua:
1040 2646 1268 2715 Spiritus
1296 2653 1510 2697 sanctus
1536 2658 1728 2710 sugge-

153 2746 329 2807 rebat,
362 2745 471 2797 haec
500 2759 591 2811 per
616 2741 943 2811 spiritualem
977 2739 1142 2807 lyram
1161 2737 1421 2806 pulsabat.
1450 2735 1573 2787 ideo
1605 2733 1728 2787 illud

152 2837 352 2903 adjecit
383 2874 397 2898 ,
434 2834 684 2887 Dominus
718 2871 731 2895 ,
783 2830 1044 2897 Quomodo
1071 2828 1231 2881 David
1257 2828 1309 2879 in
1339 2826 1533 2893 Spiritu
1559 2836 1730 2877 sancto

151 2936 299 2978 vocat
320 2942 430 2978 eum
460 2923 770 2977 Dominum?
798 2922 874 2975 Ne
896 2935 1019 2975 vero
1044 2919 1320 2972 Ittcreticns
1347 2916 1729 2983 blasphemiam

152 3016 411 3071 adversus
428 3018 677 3087 Spiritum
708 3023 948 3069 sanetum
972 3011 1166 3075 trahat,
1190 3008 1384 3077 adjecit
1410 3021 1642 3069 rursum,
1674 3016 1728 3057 ut

152 3110 409 3175 diximus,
436 3109 493 3163 Si
519 3124 634 3178 ergo
653 3106 817 3159 David
845 3112 984 3157 vocat
1014 3117 1124 3155 eum
1152 3099 1443 3159 Dominum,
1478 3095 1723 3164 quomodo

154 3202 298 3269 [ilius
315 3203 423 3271 ejus
439 3210 509 3252 est
533 3198 557 3252 .’
589 3198 748 3267 igitur
772 3195 932 3248 David
949 3190 1216 3245 Christum
1246 3189 1297 3242 in
1321 3188 1521 3255 Spiritu
1544 3194 1727 3240 sancto

152 3299 314 3345 vocat
339 3289 636 3342 Dominum.
673 3285 803 3339 illud
833 3297 956 3336 vero
977 3282 1307 3350 potissimum
1330 3278 1729 3335 consideremus

153 3396 371 3436 omnem
392 3379 698 3448 prophetam
718 3391 781 3430 ex
810 3373 1005 3442 Spiritu
1024 3378 1205 3425 sancto
1229 3410 1242 3431 ,
1263 3384 1380 3437 quae
1411 3368 1728 3420 conveniant

152 3472 322 3541 loqui.
347 3467 542 3524 Omnes
571 3468 710 3520 enim
751 3464 1066 3520 confitemur
1089 3501 1102 3522 ,
1131 3461 1417 3529 preplietas
1446 3458 1499 3510 in
1530 3457 1727 3524 Spiritu

150 3571 340 3617 sancto
359 3561 601 3628 loquntos
622 3573 741 3613 esse
766 3598 780 3623 ,
810 3557 965 3626 idque
987 3553 1268 3624 Apostolus
1304 3552 1613 3605 testificatur
1648 3550 1730 3602 di-

152 3667 308 3716 cens,
367 3670 385 3702 t
420 3652 561 3704 Bene
584 3648 811 3717 Spiritus
838 3655 1052 3700 sanctus
1076 3646 1322 3713 loquutus
1353 3652 1432 3697 est
1461 3642 1524 3695 ad
1555 3651 1729 3710 patres

150 3754 366 3799 vestros
395 3759 489 3811 per
512 3740 819 3810 prophetam
856 3758 873 3788 ι
903 3738 1033 3807 (Act.
1067 3737 1155 3789 28.
1186 3736 1299 3803 25.)
1330 3736 1391 3788 Et
1422 3737 1607 3789 iterum
1640 3750 1731 3804 ge-

152 3838 378 3890 neratim
404 3834 545 3887 Deus
570 3834 644 3885 ait
674 3848 687 3886 :
722 3849 739 3881 ι
773 3829 1047 3883 Effundam
1085 3829 1151 3880 de
1180 3827 1375 3897 Spiritu
1416 3841 1533 3879 meo
1570 3840 1732 3894 super

150 3939 370 3979 omnem
396 3939 631 3982 carnem.
652 3934 709 3976 et
732 3920 1119 3990 proplietabunt
1154 3938 1172 3969 ι
1207 3920 1221 3985 (
1248 3918 1382 3971 Joet.
1413 3917 1466 3970 2.
1495 3914 1616 3981 28).
1664 3918 1729 3970 Et

148 4016 384 4087 Moyses,
409 4032 426 4064 ‹
453 4014 581 4079 Quis
600 4013 969 4066 dabitoinnem
1004 4010 1250 4079 populum
1278 4009 1479 4061 Domini
1505 4008 1731 4076 prophe-

150 4118 235 4160 tas
267 4120 405 4168 esse,
427 4119 544 4158 eum
585 4103 785 4157 dederit
827 4101 1078 4155 Dominus
1106 4100 1353 4168 Spiritmn
1386 4115 1535 4152 suum
1568 4114 1729 4166 super

158 4204 338 4268 ipsos:
361 4198 542 4268 (Num.
567 4199 649 4251 il.
676 4196 800 4264 29)?
831 4193 1579 4262 Hieattendamusdiligenter,
1599 4208 1731 4261 quo-

150 4291 543 4358 modnSpiritus
559 4287 722 4342 sancti
739 4286 981 4340 divinitas
997 4286 1513 4346 demonstreturmon
1531 4300 1559 4337 a
1579 4285 1730 4338 nobis

149 4386 404 4445 exaltata,
420 4382 509 4436 sed
527 4397 555 4433 a
578 4382 786 4449 propria
804 4378 1053 4447 dignitate
1070 4378 1351 4433 celebrata.
1367 4376 1595 4446 Mihique
1610 4392 1729 4431 cen-

149 4477 329 4530 cedite
353 4483 409 4527 ut
426 4473 830 4542 interrogatione
844 4470 1253 4541 etreSponsione
1270 4483 1379 4524 rem
1402 4469 1725 4537 prepositam

151 4575 378 4620 tractem
406 4581 418 4620 :
451 4563 746 4631 hujnsmodi
778 4562 916 4614 enim
949 4562 1326 4630 quaestionibus
1358 4559 1562 4613 facilior
1603 4576 1727 4613 eta-

150 4657 234 4709 dit
258 4654 533 4708 dubiorum
563 4653 773 4706 solutio.
803 4652 1193 4720 interrogemus
1223 4665 1348 4718 ergo
1369 4668 1381 4707 ;
1406 4650 1723 4702 Fatcntnrne

152 4748 414 4814 Spiritum
442 4753 681 4798 sanctum
709 4744 982 4812 loquutum
1015 4757 1132 4796 esse
1163 4758 1253 4810 per
1297 4745 1581 4810 preptietas
1614 4785 1625 4801 .
1658 4759 1720 4793 an

150 4844 353 4906 negant
375 4876 389 4900 ,
434 4837 516 4888 vel
546 4835 789 4888 dubitant
815 4836 838 4888 7
863 4833 918 4888 Si
959 4833 1203 4887 dubitant
1232 4873 1247 4897 ,
1281 4848 1396 4899 qure
1436 4843 1560 4884 ante
1585 4834 1720 4883 dicta

148 4935 280 4982 sunt
317 4927 367 4978 in
399 4925 706 4977 memoriam
751 4938 1061 4977 revocemus
1088 4963 1102 4987 ,
1132 4922 1399 4991 quomodo
1444 4921 1553 4988 ipse
1589 4923 1722 4973 Dens

150 5016 470 5073 testiﬁcatur
494 5014 677 5069 dicens
710 5056 723 5080 ,
772 5013 1045 5079 III/fundam
1088 5013 1149 5066 de
1187 5013 1382 5080 Spiritu
1430 5029 1535 5063 meo
1573 5028 1723 5077 super

147 5122 352 5160 omnem
381 5120 579 5156 carnem
609 5140 641 5168 ,.
665 5113 710 5156 et
738 5104 1100 5172 prapltetabunt
1130 5104 1153 5155 ?
1180 5102 1404 5171 Spiritus
1431 5102 1572 5155 enim
1603 5116 1723 5170 pro-

148 5196 421 5265 plieticam
467 5193 713 5247 virtutem
760 5194 977 5247 excitat.
1030 5193 1117 5247 Sic
1163 5204 1211 5246 et
1267 5193 1354 5246 ille
1398 5192 1719 5245 admirabilis

147 5288 364 5358 Moyses
389 5327 402 5349 ,
454 5294 512 5339 ut
556 5284 799 5339 ostendat
842 5285 1169 5353 prephetiam
1211 5299 1274 5337 ex
1301 5283 1496 5352 Spiritu
1536 5293 1719 5336 sancto

148 5378 418 5446 proficisci
447 5387 498 5430 et
523 5376 793 5441 constitui,
816 5376 865 5428 in
890 5376 1025 5429 hanc
1049 5390 1290 5444 magnam
1311 5376 1715 5443 mirabilemqne

148 5470 328 5537 erupit
357 5482 538 5521 vocem
571 5484 585 5522 :
622 5485 639 5517 ‹
673 5468 734 5519 Et
769 5467 884 5535 quis
917 5465 1061 5519 dabit
1095 5482 1303 5520 omnem
1337 5467 1582 5534 populum
1614 5467 1717 5518 Do-

149 5557 283 5611 mini
314 5557 599 5627 prophetas
617 5571 735 5610 esse
756 5597 770 5619 ,
793 5571 911 5609 cum
941 5556 1145 5609 dederit
1183 5557 1435 5609 Dominus
1462 5558 1712 5625 Spiritum

149 5656 391 5701 sanctum
426 5662 577 5700 suum
605 5661 762 5716 super
783 5647 911 5700 eos?
941 5664 957 5691 ι
994 5646 1046 5699 Si
1076 5656 1249 5699 autem
1281 5661 1403 5699 vere
1423 5648 1717 5701 confitean-

150 5748 236 5793 tur
251 5739 303 5793 id
335 5739 474 5809 quod
502 5739 836 5794 verissimum
860 5746 959 5805 est,
990 5752 1175 5808 nempe
1198 5736 1448 5805 Spiritum
1479 5746 1716 5795 sanctum

1374 345 1459 399 DE
1499 341 1859 398 SERPENTE
1897 345 2193 404 HOMIUA.

3297 370 3410 427 514

1844 458 2117 530 ioquutum
2146 479 2266 520 esse
2296 473 2346 520 t'n
2374 468 2663 537 preplietis,
2694 469 2814 524 audi
2841 480 2897 526 ut
2920 471 3105 528 beatus
3127 475 3213 532 ille
3236 479 3416 534 admi-

1841 553 2141 623 randusque
2171 555 2476 624 Zacharias,
2508 560 2857 618 Praecursoris
2875 572 3047 632 pater,
3081 566 3243 623 Deum
3271 571 3414 625 dicat

1842 642 2099 711 Spiritum
2126 656 2363 701 sanctum
2388 691 2400 713 ,
2425 650 2511 718 qui
2550 666 2646 718 per
2686 652 2973 720 prophetas
3015 655 3262 725 loquutus
3289 670 3371 714 est
3394 677 3410 717 :

1849 751 1865 783 ι
1898 735 2212 789 Benedictus
2235 738 2486 793 Dominus
2518 741 2656 793 Deus
2682 739 2840 795 Israel
2870 785 2882 803 .
2914 745 3032 811 quia
3062 746 3293 801 visitavit
3316 789 3329 812 ,
3360 759 3415 805 et

1844 826 1966 879 fecit
1988 827 2406 895 redemptionem
2430 831 2596 897 plebis
2624 846 2732 884 sum
2772 848 2784 894 ;
2816 843 2869 885 et
2895 835 3068 887 erexit
3094 850 3258 890 cornu
3276 839 3416 892 saltt-

1844 916 1909 969 tis
1938 917 2092 972 nobis
2119 918 2171 971 in
2198 918 2355 972 domo
2387 919 2549 973 David
2579 922 2725 988 pueri
2750 923 2827 975 sui
2855 939 2868 976 :
2897 924 3031 977 sicut
3066 925 3313 994 loquutus
3328 938 3411 982 est

1842 1021 1935 1075 per
1974 1022 2035 1061 os
2076 1017 2381 1062 sanctorum
2416 1050 2429 1071 ,
2461 1009 2549 1078 qui
2583 1026 2610 1062 a
2645 1013 2841 1065 sacculo
2878 1026 3001 1068 sunt
3035 1018 3410 1084 prophetarum

1841 1098 1957 1166 ejus
1985 1116 2003 1149 ›
2036 1097 2185 1169 (Luc.
2221 1101 2271 1157 l.
2302 1100 2514 1173 68-70).
2561 1101 2616 1156 Si
2644 1117 2769 1172 ergo
2792 1104 2927 1157 Deus
2954 1114 3055 1171 est,
3081 1108 3187 1170 ille,
3207 1109 3294 1176 qui
3324 1126 3417 1178 per

1842 1200 1902 1241 os
1940 1188 2319 1257 prophetarum
2349 1192 2597 1261 loquutus
2621 1201 2703 1246 est
2730 1232 2745 1258 ,
2779 1202 2832 1247 et
2858 1194 3085 1261 Spiritus
3115 1208 3330 1253 sanctus
3363 1201 3414 1251 in

1844 1277 2115 1346 prophetis
2142 1279 2389 1349 loquutus
2418 1290 2530 1345 est,
2582 1290 2639 1334 ut
2662 1283 2735 1335 ait
2766 1283 2922 1337 David
2968 1285 3019 1337 in
3052 1286 3188 1340 libro
3218 1287 3417 1358 Regno-

1844 1381 1964 1420 rum
2006 1382 2019 1420 :
2056 1368 2279 1435 Spiritus
2309 1371 2437 1422 enim
2464 1371 2711 1425 Dominus
2742 1376 2976 1439 loquutus
3006 1386 3074 1428 est
3119 1377 3170 1429 in
3216 1394 3290 1431 me
3320 1380 3336 1446 (
3359 1379 3414 1435 2.

1845 1457 1974 1526 Reg.
2022 1458 2109 1513 25.
2140 1460 2217 1527 2)
2244 1476 2258 1519 ς
2290 1476 2416 1529 ergo
2445 1471 2499 1514 et
2544 1462 2681 1516 Deus
2710 1474 2762 1516 et
2790 1464 3048 1520 Deminns
3080 1477 3161 1522 est
3187 1467 3415 1538 Spiritus

1843 1556 2056 1601 sanctus
2083 1549 2171 1617 qui
2201 1564 2295 1617 per
2325 1551 2614 1619 prophetas
2644 1552 2893 1621 loquutus
2922 1564 3021 1609 est.
3073 1556 3268 1611 Verum
3297 1560 3410 1613 ela-

1844 1652 1956 1691 ram
1981 1637 2139 1708 hujus
2170 1640 2247 1694 rei
2274 1639 2783 1697 demonstrationem
2810 1645 3012 1713 accipe.
3050 1648 3262 1702 Divinus
3291 1666 3412 1719 apo-

1842 1729 2008 1784 stolus
2027 1744 2120 1799 per
2136 1731 2494 1799 proplieticam
2517 1747 2698 1787 vocem
2714 1734 2895 1789 volens
2912 1737 3160 1804 Spiritum
3179 1750 3417 1795 sanctum

1842 1820 2124 1875 ostendere
2152 1861 2166 1883 ,
2214 1822 2265 1875 in
2312 1822 2534 1890 epistola
2560 1823 2623 1877 ad
2646 1822 2949 1879 Corinthios
2972 1827 3043 1878 ait
3071 1843 3086 1880 :
3113 1846 3130 1878 ι
3162 1829 3212 1881 Si
3235 1840 3413 1884 autem

1843 1926 2031 1965 omnes
2056 1912 2377 1982 prephetent
2407 1956 2421 1979 ,
2472 1917 2633 1969 intret
2660 1925 2836 1971 autem
2869 1920 2986 1985 quis
3025 1919 3251 1975 infidelis
3282 1962 3297 1987 ,
3337 1923 3417 1978 vel

1842 2002 2000 2055 idiota
2023 2045 2037 2068 ,
2077 2006 2408 2057 convincitur
2437 2006 2503 2057 ali
2527 2006 2771 2059 omnibus
2801 2047 2817 2071 ,
2863 2006 3181 2074 dijudicatur
3206 2013 3271 2065 ab
3301 2028 3413 2065 om-

1843 2094 1999 2147 nibus
2026 2110 2040 2157 ;
2070 2097 2273 2148 occulta
2303 2097 2479 2149 cordis
2508 2097 2623 2164 ejus
2656 2099 2929 2153 manifesta
2967 2101 3097 2154 fiunt
3122 2120 3134 2156 :
3160 2112 3213 2157 et
3239 2104 3305 2157 ita
3328 2120 3415 2157 ea-

1841 2183 1974 2237 dens
2006 2185 2058 2237 in
2099 2185 2289 2239 facii-m
2334 2187 2623 2254 adorabit,
2680 2191 3028 2256 pronuntians
3056 2234 3069 2255 ,
3109 2195 3247 2261 quod
3290 2211 3415 2250 vere

1848 2275 1985 2329 Dens
2013 2276 2063 2329 in
2091 2276 2238 2330 vobis
2270 2278 2336 2330 sit
2372 2296 2390 2329 ι
2430 2281 2505 2347 (l.
2540 2278 2654 2331 Cor.
2693 2280 2775 2334 Μ.
2806 2280 2896 2333 24.
2920 2281 3031 2349 25).
3067 2282 3225 2337 Vides
3257 2286 3417 2353 pieta-

1843 2368 1908 2419 tis
1933 2366 2204 2421 doctorem
2232 2369 2373 2422 clare
2404 2370 2656 2435 iudicare,
2688 2369 2938 2440 Spiritum
2971 2374 3022 2426 in
3048 2375 3411 2443 prophetanti-

1841 2455 2257 2525 busloquentcm
2290 2458 2452 2511 Deum
2486 2474 2602 2513 esse
2631 2461 2653 2512 ?

1913 2546 1997 2599 10.
2041 2546 2147 2600 Cur
2167 2562 2294 2614 ergo
2328 2591 2341 2613 ,
2377 2549 2625 2604 haeretice
2654 2594 2667 2615 ,
2701 2552 3074 2607 scandalizaris
3105 2556 3242 2610 circa
3277 2558 3413 2625 piam

1840 2634 1996 2688 ﬁderit
2028 2635 2051 2688 ?
2078 2652 2171 2689 cur
2197 2638 2537 2693 ealuntniaris
2581 2641 2807 2709 Spiritus
2846 2645 3014 2696 sancti
3059 2645 3364 2714 dignitatem
3393 2650 3414 2701 ?

1840 2742 1934 2780 cur
1963 2727 2083 2781 fidei
2116 2729 2500 2785 confessionem
2530 2734 2952 2800 transgrederis?
2980 2736 3120 2802 Lege
3150 2748 3296 2803 pacta
3328 2749 3411 2791 tua

1840 2818 1892 2870 in
1921 2819 2186 2888 mysteriis
2214 2821 2403 2875 emissa
2426 2862 2441 2885 ,
2471 2823 2733 2890 quomodo
2760 2823 2958 2879 dixeris
2987 2868 3001 2890 ,
3038 2825 3196 2879 Credo
3223 2830 3273 2881 in
3306 2828 3408 2881 Pa-

1841 2917 1965 2960 trem
1993 2919 2038 2961 et
2070 2907 2259 2961 Filium
2290 2920 2336 2962 et
2363 2910 2611 2977 Spiritum
2628 2925 2872 2965 sanctum.
2912 2918 2987 2967 An
3013 2918 3148 2983 quod
3183 2918 3379 2972 credidi
3402 2951 3413 2962 ο

1838 2998 1904 3051 sti
1937 3038 1952 3061 ,
1994 2998 2276 3052 eliminasti
2308 3000 2329 3052 ?
2370 3001 2509 3069 quod
2553 3002 2826 3055 confessus
2865 3020 2942 3069 es,
2977 3009 3247 3061 avertisti?
3274 3010 3411 3079 quod

1841 3090 2011 3157 palam
2041 3089 2317 3144 declarasti
2354 3134 2368 3155 ,
2403 3092 2500 3147 hoc
2526 3094 2685 3163 impie
2723 3095 3047 3150 labefactasli
3078 3101 3099 3151 ?
3147 3100 3411 3156 bellumne

1839 3193 1959 3233 cum
1990 3195 2116 3249 pace
2142 3182 2282 3248 garis
2313 3182 2334 3233 ?
2372 3183 2713 3252 abnegastine
2764 3186 2963 3239 fidem?
3001 3198 3053 3240 et
3096 3192 3414 3256 qmrstiOnes

1838 3285 2021 3325 moves
2045 3271 2069 3324 7
2092 3271 2361 3336 Credenti,
2390 3274 2657 3329 confitenti
2690 3276 2778 3328 tibi
2809 3277 3054 3329 traditum
3083 3288 3160 3333 est
3192 3280 3411 3345 donum,

1840 3368 1893 3413 et
1922 3369 2041 3428 post
2070 3362 2265 3415 donum
2304 3364 2434 3416 fides
2463 3364 2785 3427 eliminatur,
2814 3375 2866 3418 et
2896 3366 3159 3421 inducitur
3182 3370 3410 3439 disputa-

1840 3451 1956 3505 tio?
1993 3450 2071 3506 Ne
2117 3454 2438 3507 contumelia
2491 3454 2694 3508 afficias
2733 3456 3041 3525 dignitatem
3092 3460 3309 3526 gratia}:
3346 3477 3412 3515 ue

1837 3541 2003 3596 violes
2032 3552 2182 3612 pacta
2206 3545 2494 3599 tremendae
2514 3546 2655 3599 illius
2682 3555 2735 3599 et
2761 3547 3038 3602 horrendae
3058 3550 3364 3607 initiatinnis
3394 3595 3409 3619 ,

1838 3647 1958 3687 cum
1980 3633 2254 3690 confessus
2284 3650 2344 3690 es
2377 3646 2426 3690 te
2454 3638 2691 3702 credere,
2726 3639 2776 3693 in
2806 3640 3017 3693 nomine
3048 3641 3215 3695 Patris
3236 3654 3285 3694 et
3319 3644 3410 3697 Fi-

1838 3724 1891 3777 lii
1919 3736 1971 3777 et
1999 3725 2225 3793 Spiritus
2241 3728 2427 3788 sancti,
2461 3726 2752 3795 baptizatus
2773 3745 2830 3783 es
2852 3732 3096 3784 similiter
3121 3732 3173 3785 in
3201 3732 3409 3786 Patrem

1839 3823 1890 3866 et
1916 3814 2107 3867 Filium
2140 3824 2193 3868 et
2232 3816 2481 3883 Spiritum
2511 3828 2748 3871 sanctum
2785 3836 2799 3881 ;
2842 3820 3138 3875 benediCIio
3169 3824 3411 3878 similiter

1839 3905 1891 3959 in
1926 3908 2140 3961 nomine
2169 3907 2340 3961 Patris
2383 3918 2435 3961 et
2480 3908 2598 3962 Filii
2643 3919 2697 3964 et
2741 3910 2970 3979 Spiritus
3014 3914 3202 3967 sancti.
3249 3915 3412 3970 Nobis

1839 3995 1975 4049 dona
2003 3997 2183 4066 gratia:
2214 4039 2228 4060 ,
2257 4012 2285 4050 a
2318 3999 2466 4053 vobis
2496 3999 2819 4068 blasphemia
2868 4003 2917 4054 in
2949 4005 3168 4071 gratiam
3196 4006 3217 4056 ?
3246 4006 3410 4060 Nobis

1838 4084 2053 4139 libertas
2096 4101 2123 4138 a
2155 4086 2353 4155 Spiritu
2396 4097 2620 4152 saneto;
2668 4105 2697 4141 a
2734 4090 2884 4143 vobis
2926 4094 3153 4147 servitus
3195 4095 3411 4163 Spiritui

1838 4184 2021 4229 sancto
2039 4176 2353 4231 adscribitur
2377 4180 2400 4229 ‘t
2420 4178 2463 4231 Ο
2481 4179 2752 4232 stultitiam
2776 4181 2788 4233 !
2813 4196 2844 4234 ο
2866 4182 3125 4251 ingratum
3153 4187 3409 4242 animum!

1838 4265 1941 4319 Aut
1982 4281 2175 4319 novam
2217 4282 2347 4335 nega
2379 4271 2601 4336 gratiam
2637 4310 2652 4334 ,
2682 4279 2773 4324 aut
2814 4272 2973 4327 Vetus
3009 4274 3410 4332 Testamentum

1838 4372 2117 4421 reverere,
2146 4360 2230 4413 vel
2279 4360 2471 4430 ubique
2517 4371 2688 4417 statue
2734 4364 3005 4420 Trinitatis
3053 4368 3409 4435 mqualitatem

1840 4449 2057 4505 honoris
2080 4492 2092 4514 ,
2122 4466 2279 4517 quam
2310 4466 2448 4520 szupe
2471 4453 2618 4507 vobis
2641 4470 2702 4507 ex
2733 4455 2912 4507 multis
2941 4455 3229 4523 Scriptum
3255 4460 3405 4510 testi-

1838 4545 2031 4596 moniis
2083 4545 2417 4611 probavimus
2452 4562 2463 4597 :
2494 4545 2681 4612 quibus
2709 4545 2866 4597 aliam
2898 4545 3403 4604 detnmistrationmn

1838 4634 2125 4702 adjungere
2164 4635 2350 4701 placet.
2376 4632 2538 4697 Nova,
2574 4646 2630 4687 ut
2658 4650 2798 4703 saepe
2826 4635 2954 4700 dixi,
2986 4652 3127 4705 smpe
3153 4639 3201 4690 in
3229 4639 3405 4695 Veteri

1838 4726 2178 4779 Testamento
2206 4727 2553 4794 prmnuntiata
2583 4737 2727 4779 sunt.
2759 4728 2892 4793 Quid
2928 4728 3085 4796 igitur
3111 4729 3133 4781 ?
3181 4730 3407 4799 Imperat

1838 4817 1978 4869 Deus
2008 4816 2169 4887 Moysi
2201 4818 2419 4871 dicens:
2448 4816 2674 4884 Loquere
2704 4819 2872 4872 Aaron
2904 4830 2948 4872 et
2995 4822 3113 4887 [iliis
3140 4824 3246 4892 ejus
3269 4866 3281 4887 ,
3317 4825 3405 4878 Sic

1837 4908 2102 4962 beiicdicite
2125 4910 2259 4976 ﬁlios
2290 4908 2452 4962 Israel
2477 4908 2662 4979 (Num.
2694 4909 2745 4963 6.
2780 4910 2890 4978 25).
2923 4911 3151 4966 Adverte
3181 4913 3405 4983 diligen-

1838 5010 1936 5053 ter.
1960 5000 2036 5054 Ne
2057 5000 2172 5069 quis
2197 5001 2489 5069 simplicius
2516 5002 2783 5070 accipiens
2817 5013 3023 5069 putaret
3051 5020 3159 5059 rem
3190 5023 3409 5076 quomo-

1834 5091 2187 5147 dolibetbene
2213 5107 2270 5146 se
2299 5093 2491 5145 habere
2520 5133 2534 5156 ,
2584 5092 2777 5159 adjecit
2812 5092 2938 5145 illud
2965 5135 2979 5158 ,
3027 5094 3114 5148 Sic
3140 5135 3153 5159 ,
3189 5112 3254 5150 ne
3280 5098 3399 5165 quis

1834 5185 2043 5253 propria
2070 5184 2378 5237 auctoritate
2404 5182 2799 5236 benedictiones
2846 5183 3163 5243 institueret.
3193 5188 3287 5239 sed
3314 5203 3394 5239 se-

1832 5276 2061 5329 cimdnm
2093 5274 2377 5343 Scriptura:
2408 5276 2641 5344 regulam
2672 5277 2849 5328 omnia
2882 5276 3054 5330 facere
3080 5278 3253 5345 jubet.
3288 5280 3394 5344 Sic,

1834 5368 2025 5437 inquit,
2058 5367 2344 5419 benedicite.
2382 5366 2489 5429 Sic,
2520 5366 2833 5435 quomodo?
2884 5367 3150 5421 Benedicet
3178 5370 3265 5420 tibi
3292 5369 3396 5422 Do-

1832 5460 2017 5523 minus,
2043 5466 2087 5510 et
2116 5458 2356 5509 custodiet
2378 5466 2422 5507 tc
2443 5454 2600 5523 (Ibid.
2629 5471 2677 5508 υ.
2710 5457 2827 5525 24).
2856 5457 3099 5520 Attende,
3134 5460 3397 5525 quomodo

1832 5548 2141 5603 Trinitatem
2174 5547 2364 5615 tibique
2394 5547 2615 5615 mystice
2639 5557 2917 5616 proponat,
2945 5564 3035 5615 per
3062 5563 3216 5615 quam
3246 5548 3401 5601 benc-

1829 5639 2085 5694 dictiones
2108 5639 2455 5708 triplicantur.
2490 5656 2506 5688 ι
2544 5638 2824 5692 Benedicet
2850 5650 2899 5693 te
2928 5639 3198 5700 Dominus.
3233 5649 3285 5693 et
3307 5654 3398 5693 cu-

1832 5736 2027 5790 stodiet
2074 5741 2145 5791 te.
2184 5730 2439 5787 Ostendet
2484 5729 2737 5785 Dominus
2780 5730 2980 5784 vultum
3021 5744 3177 5799 super
3218 5740 3269 5784 te
3299 5773 3312 5797 ,
3345 5742 3397 5787 et
