4104 6322
706 386 820 445 515

700 492 981 550 benedicet
1006 498 1079 545 te.
1099 486 1321 542 Attollet
1347 487 1599 542 Dominus
1623 486 1824 539 vultum
1847 500 1999 539 suum
2028 500 2187 554 super
2209 494 2280 550 te,

696 594 754 641 et
780 584 871 639 det
899 584 990 637 tibi
1020 596 1204 651 pacem
1239 600 1257 633 ι
1294 578 1481 649 (Nunt.
1505 580 1558 635 6.
1586 578 1676 634 25.
1705 577 1774 632 26
1800 580 1837 647 ).
1874 576 2006 631 Vide
2038 587 2278 631 sanetam

700 674 1017 729 Trinitatem
1045 672 1247 725 diserte
1273 670 1615 724 celebratam.
1663 668 1728 720 Et
1757 683 2004 736 quamam
2050 669 2221 737 gratia
2249 684 2279 721 a

693 765 896 834 Spiritu
925 770 1111 817 saneto
1140 776 1245 815 non
1278 758 1679 829 proficiscitur?
1704 768 1757 812 et
1784 758 1924 826 quod
1953 758 2150 812 donum
2174 772 2281 810 non

698 857 767 911 ab
795 856 883 909 illo
903 854 1061 910 datur
1090 852 1113 904 7
1142 851 1283 922 quod
1311 850 1507 905 bonum
1537 850 1653 905 sine
1679 851 1794 919 ipso
1820 850 1842 903 ?
1893 850 2035 919 quod
2062 850 2279 904 caeleste

698 948 897 1003 bonum
930 947 1048 1001 sine
1090 945 1323 1014 Spiritus
1355 945 1522 997 sancti
1553 958 1713 1011 opera
1744 942 2045 996 hominibus
2070 942 2284 995 contin-

698 1054 823 1109 gere
853 1037 1067 1109 possit?
1093 1037 1415 1092 Scrutamini
1443 1035 1765 1104 Scripturas,
1786 1043 1840 1088 et
1868 1034 2066 1089 videte.
2100 1033 2282 1102 Itaque

699 1130 982 1200 Scriptura
1008 1143 1159 1184 sacra
1189 1143 1313 1181 cum
1345 1128 1573 1180 voluerit
1601 1126 1873 1196 quidpiam
1899 1166 1914 1190 ,
1943 1126 2084 1195 quod
2119 1140 2279 1195 supra

699 1230 944 1275 naturam
973 1221 1167 1273 factum
1202 1220 1270 1272 sit
1296 1258 1310 1282 ,
1345 1219 1580 1272 indicare
1614 1228 1705 1271 aut
1724 1218 2026 1281 ostendere,
2051 1218 2280 1285 Spiritus

696 1312 999 1365 auctoritati
1025 1310 1205 1364 omnia
1235 1309 1509 1367 adscribit.
1540 1308 1698 1363 Verbi
1722 1309 1909 1378 gratia,
1942 1308 2276 1371 Samsonem,

699 1403 969 1471 egregium
996 1402 1141 1455 illum
1170 1400 1519 1466 bellatorem,
1554 1414 1673 1453 cum
1711 1401 1920 1469 egregia
1951 1400 2036 1452 illa
2074 1414 2134 1453 ac
2164 1408 2278 1453 stu-

698 1495 870 1562 penda
914 1492 1126 1547 fortiter
1177 1503 1323 1563 gesta
1378 1493 1651 1561 Scriptura
1699 1492 1985 1556 describit,
2049 1490 2279 1561 Spiritus

696 1585 869 1637 sancti
894 1583 1058 1637 ductu
1092 1583 1143 1637 id
1186 1583 1377 1637 fecisse
1406 1582 1702 1651 praemittit.
1735 1581 2052 1647 Venerunt,
2088 1582 2275 1652 inquit,

693 1674 1024 1743 Alienigena:
1051 1673 1201 1727 multi
1242 1681 1297 1727 et
1342 1673 1604 1726 innumeri
1635 1674 1687 1725 in
1716 1672 2030 1727 Samsonem
2067 1690 2081 1737 ;
2114 1674 2280 1728 solus-

696 1764 804 1835 que
834 1766 921 1819 ille
947 1774 1062 1819 erat
1093 1806 1109 1831 ,
1154 1779 1327 1833 neque
1357 1763 1409 1817 id
1442 1772 1643 1817 tantum
1666 1805 1681 1829 ,
1720 1764 1813 1818 sed
1862 1768 2021 1818 etiam
2065 1765 2273 1834 ligatus.

697 1860 827 1927 Quae
858 1859 1013 1928 igitur
1032 1872 1157 1927 spes
1178 1857 1441 1912 libertatis
1459 1857 1675 1911 vincto?
1696 1872 1813 1926 quze
1835 1857 2020 1910 salutis
2044 1858 2279 1925 captivo?

698 1950 969 2021 quomodo
995 1964 1131 2003 unus
1155 1950 1335 2003 multis
1361 1942 1605 2018 superior
1625 1949 1727 2001 erit
1756 1948 1778 2000 ?
1804 1946 2035 2016 Spiritus
2067 1948 2277 2006 Domini

698 2039 975 2095 descendit
1014 2040 1067 2093 in
1101 2040 1411 2094 Samsonem
1457 2079 1473 2104 ,
1505 2047 1559 2093 et
1603 2039 1756 2092 irruit
1795 2038 1848 2091 in
1894 2040 2272 2109 Alienigenas,

699 2140 1019 2199 repertath
1054 2130 1192 2183 asini
1227 2130 1439 2183 maxilla
1461 2170 1476 2195 ,
1511 2129 1655 2183 mille
1694 2132 1839 2183 viros
1880 2129 2171 2186 interfecit.
2201 2132 2278 2185 Ac

700 2222 824 2277 vide
841 2222 1035 2277 divina:
1060 2222 1351 2290 Seripturze
1372 2222 1709 2291 sapientiam.
1729 2221 1857 2275 Cum
1882 2222 2172 2291 inexpertis
2200 2224 2279 2276 in—

697 2314 954 2369 credibile
982 2313 1273 2379 videretur,
1303 2314 1534 2367 vinctum
1558 2314 1766 2367 solutos
1785 2314 1998 2378 vicisse,
2021 2323 2077 2368 et
2103 2314 2276 2368 solum

699 2406 897 2460 mltos
925 2419 1230 2474 superasse,
1263 2404 1383 2458 ideo
1414 2404 1653 2472 apposite
1682 2405 1935 2472 praemisit
1967 2424 1981 2460 :
2014 2404 2079 2457 Et
2104 2405 2277 2475 Spiri-

700 2507 780 2549 tus
817 2494 1025 2549 Domini
1054 2495 1253 2548 advenit
1292 2495 1344 2546 in
1393 2493 1689 2547 Samsonem
1732 2504 1779 2546 et
1820 2506 2023 2564 accepta
2067 2496 2277 2550 maxilla

698 2588 832 2641 asini
867 2628 881 2650 ,
906 2586 1043 2640 mille
1063 2587 1194 2640 viros
1215 2586 1395 2639 occidit
1425 2584 1631 2653 (Judic.
1666 2587 1752 2639 I5.
1788 2588 1873 2640 I/s.
1903 2586 2036 2657 I5):
2069 2597 2126 2639 ut
2154 2602 2276 2643 cum

699 2680 990 2735 secundum
1022 2678 1306 2732 humanam
1325 2685 1566 2730 naturam
1592 2676 1643 2729 id
1665 2676 1971 2731 incredibile
1989 2678 2275 2741 videretur,

698 2786 795 2839 per
844 2769 1072 2837 Spiritus
1124 2766 1414 2837 potentiam
1475 2766 1800 2820 crederetur.
1876 2765 2056 2834 Itaque
2112 2767 2274 2835 probe

697 2860 906 2930 Moyses
930 2858 1063 2913 dixit
1086 2875 1098 2911 :
1132 2857 1393 2923 Quomodo
1415 2866 1734 2925 persequetur
1760 2873 1889 2910 unus
1916 2858 2072 2922 mille,
2100 2868 2146 2911 et
2173 2858 2276 2911 duo

700 2950 945 3019 fugabunt
965 2950 1132 3003 decem
1160 2948 1339 3011 millia,
1370 2948 1467 3000 nisi
1492 2949 1609 3017 quia
1634 2947 1884 3000 Dominus
1904 2949 2115 3000 tradidit
2146 2964 2229 3001 eos
2259 2991 2273 3015 ,

696 3050 746 3094 et
771 3040 910 3094 Deus
928 3040 1147 3092 vendidit
1171 3039 1286 3092 illos
1316 3037 1491 3107 (Deut.
1520 3038 1610 3093 52.
1635 3038 1727 3106 50)
1757 3040 1778 3091 Ἰ
1810 3039 1949 3108 Lege
1977 3039 2276 3108 Scriptums

697 3139 753 3184 et
774 3131 824 3184 in
849 3129 1069 3199 singulis
1092 3129 1415 3182 facinoribus
1440 3128 1670 3198 Spiritus
1696 3130 1864 3185 sancti
1894 3130 2139 3184 virtutem
2174 3145 2275 3183 an-

698 3222 980 3290 tepositam
1018 3219 1424 3274 animadvertes.
1483 3220 1755 3274 Venerunt
1810 3222 2133 3291 Alienigena:
2163 3262 2176 3286 ,
2222 3230 2279 3275 et

701 3312 930 3381 Spiritus
962 3310 1167 3365 Domini
1197 3310 1407 3363 advenit
1431 3310 1481 3363 in
1509 3310 1821 3366 Samsonem
1843 3310 2040 3383 (Judic.
2076 3314 2163 3366 Il.
2194 3313 2273 3382 6).

702 3403 886 3457 Insiliit
931 3402 1014 3456 leo
1053 3410 1107 3455 et
1139 3400 1423 3469 discerpsit
1464 3401 1671 3456 leonem
1706 3411 1760 3455 ut
1790 3402 2021 3457 bardum.
2058 3403 2276 3458 Vinctus

696 3504 777 3548 est
802 3494 986 3547 ferreis
1015 3492 1237 3557 catenis,
1266 3501 1320 3546 et
1349 3508 1481 3545 uxor
1503 3493 1621 3561 ejus
1651 3492 1714 3546 ad
1745 3509 1866 3547 eum
1895 3534 1911 3559 ,
1972 3494 2278 3564 Alienigena

696 3586 753 3636 in
784 3584 1100 3636 Samsonem.
1127 3582 1231 3636 Sed
1269 3584 1455 3636 iterum
1486 3584 1757 3651 Scriptura
1792 3601 1803 3635 :
1832 3583 1900 3636 Et
1931 3584 2153 3653 Spiritus
2180 3584 2279 3639 Do-

707 3675 831 3727 mini
858 3675 989 3727 venit
1030 3674 1083 3725 in
1114 3672 1415 3726 Samsonem
1440 3711 1453 3735 ,
1487 3684 1530 3725 et
1569 3673 1732 3725 soluta
1761 3683 1875 3725 sunt
1900 3674 2121 3739 vincula,
2151 3684 2205 3726 ut
2236 3676 2279 3727 si

699 3775 884 3835 stuppa
926 3766 1102 3819 sentiat
1129 3767 1295 3834 ignem
1321 3762 1481 3835 (Iud.
1517 3764 1601 3818 l6.
1635 3764 1727 3833 9).
1758 3764 1971 3818 Nullum
1996 3766 2110 3833 ejus
2137 3781 2274 3834 pra:-

697 3858 900 3910 clarum
927 3854 1131 3908 facinus
1153 3855 1371 3920 inducit,
1407 3870 1509 3907 non
1545 3855 1815 3923 praemissa
1846 3855 2069 3923 Spiritus
2099 3856 2277 3910 efﬁca—

701 3946 802 3999 cia.
836 3945 1034 3998 Deinde
1060 3960 1179 3997 cum
1209 3945 1355 3997 omni
1385 3945 1581 3998 virtute
1611 3945 1835 3998 nudatus
1864 3954 2035 4010 esset,
2063 3946 2277 4000 attende

700 4037 1041 4106 animo,quid
1073 4036 1211 4090 dicat
1240 4035 1532 4105 Scriptura,
1557 4053 1673 4106 qua:
1702 4036 1894 4105 ubique
1910 4038 2133 4103 dixerat,
2157 4053 2275 4091 cum

699 4129 912 4198 aliquod
948 4128 1150 4181 facinus
1178 4127 1554 4197 aggrederetur
1574 4170 1589 4193 ,
1638 4138 1690 4182 et
1719 4128 1954 4181 vinceret
1980 4168 1994 4191 ,
2053 4128 2278 4196 Spiritus

694 4231 897 4273 sanctus
923 4222 1051 4273 venit
1076 4222 1129 4271 in
1159 4219 1480 4273 Samsonem.
1514 4219 1799 4288 Postquam
1832 4228 1991 4287 caput
2028 4218 2147 4285 ejus
2177 4218 2273 4271 de-

705 4324 914 4365 tonsum
943 4322 1043 4373 est,
1076 4311 1285 4378 prodito
1309 4312 1492 4380 gratia:
1525 4313 1743 4380 pignore
1763 4353 1776 4375 ,
1806 4312 1982 4364 statim
2016 4311 2225 4380 scripsit
2259 4346 2276 4376 ,

704 4401 772 4455 Et
806 4402 1050 4455 Dominus
1098 4402 1323 4455 discessit
1360 4419 1390 4453 a
1427 4402 1673 4455 Samsone
1704 4401 1849 4471 (Iud.
1883 4403 1968 4457 I6.
1996 4402 2112 4472 20).
2143 4402 2275 4456 Cum

701 4493 1027 4567 Alienigena:
1082 4503 1378 4560 venerunt,
1410 4494 1633 4563 Spiritus
1678 4493 1881 4547 Domini
1933 4494 2182 4547 descendit
2227 4496 2278 4545 in

2131 358 2503 419 SEVERIANI

3874 389 3979 443 516

2390 486 2557 552 ipsum
2581 502 2600 539 :
2622 499 2739 539 cum
2764 494 2939 541 autem
2969 488 3205 553 recessit,
3239 488 3331 552 ait,
3364 487 3431 543 Et
3468 487 3718 543 Dominus
3745 486 3970 539 discessu

2388 574 2584 628 abillo.
2627 576 2694 629 Et
2730 575 2851 645 jure
2888 578 3103 647 quidem
3134 598 3146 631 :
3177 595 3296 633 nam
3333 578 3581 632 Dominus
3630 578 3867 649 Spiritus
3908 586 3972 629 est

2389 663 2409 734 (
2437 663 2490 716 2.
2520 664 2637 717 Cor.
2658 666 2712 719 5.
2744 666 2810 719 17
2836 667 2876 735 ).
2910 668 3017 723 Nec
3044 669 3215 723 solum
3258 670 3311 722 in
3339 668 3517 723 Veteri
3548 666 3970 722 Testamentoid

2386 757 2778 812 animadvertes
2798 798 2811 821 ,
2860 760 2952 813 sed
3001 761 3157 813 etiam
3188 760 3239 813 in
3270 761 3542 828 apostolis.
3574 757 3807 825 Quando
3860 772 3971 810 ma-

2386 862 2541 915 gnam
2565 849 2847 917 quamdam
2861 846 3323 916 etpraecellentem
3334 849 3587 905 virtutem
3603 851 3808 906 divinae
3827 850 3971 905 Lite-

2386 953 2459 991 raz
2481 939 2784 1007 praedicant,
2816 941 3004 1007 ubique
3030 942 3259 1010 Spiritus
3274 944 3637 998 auctoritatem
3666 944 3968 1013 prmmittit.

2387 1030 2591 1086 lnducit
2616 1047 2803 1086 rursus
2842 1033 3059 1086 Paulum
3086 1035 3138 1087 in
3172 1035 3347 1105 Cypro
3394 1038 3786 1090 exsecrandum
3822 1036 3969 1089 illum

2385 1122 2627 1192 Elymani
2674 1139 2885 1192 magum
2916 1126 3079 1178 verbo
3108 1128 3416 1194 punientem
3446 1168 3461 1193 ,
3488 1128 3628 1196 quod
3656 1134 3852 1180 contra
3885 1142 3970 1179 re-

2385 1213 2593 1266 ritatem
2621 1223 2909 1282 pugnaret;
2939 1224 2993 1267 et
3016 1216 3135 1282 quia
3164 1230 3276 1269 rem
3307 1218 3617 1284 stupendam
3649 1228 3968 1269 narraturus

2384 1310 2520 1366 erat,
2551 1304 2734 1355 oculos
2763 1318 2951 1372 nempe
2976 1304 3139 1357 verbo
3166 1308 3473 1369 exstinctus,
3493 1307 3597 1359 ait:
3628 1308 3762 1359 Ecce
3791 1324 3969 1357 manus

2385 1390 2588 1443 Domini
2613 1393 2664 1444 in
2691 1402 2756 1456 te,
2782 1402 2827 1445 et
2852 1395 2950 1447 eris
2974 1410 3154 1456 cacus,
3184 1412 3283 1449 non
3311 1397 3478 1448 videns
3506 1398 3663 1449 solem
3693 1398 3711 1467 (
3733 1398 3849 1449 Act.
3882 1397 3966 1449 15.

2385 1483 2444 1535 II
2478 1480 2518 1552 ).
2545 1483 2673 1537 Illud
2702 1494 2876 1541 autem
2899 1496 2951 1541 et
2978 1488 3123 1541 Pauli
3151 1500 3202 1543 et
3231 1490 3463 1543 omnium
3483 1493 3789 1544 mortalium
3818 1500 3966 1544 natu-

2382 1586 2497 1626 ram
2526 1576 2810 1643 superabat
2841 1618 2855 1640 ,
2890 1592 3081 1647 nempe
3121 1579 3305 1633 oculos
3341 1580 3640 1633 lmminibus
3671 1582 3841 1635 verbo
3872 1596 3967 1634 ex-

2383 1665 2671 1735 stinguere.
2704 1668 2932 1723 Verbum
2956 1672 3099 1724 enim
3126 1673 3354 1726 hominis
3383 1689 3484 1727 non
3508 1685 3678 1727 mutat
3696 1685 3964 1739 naturam,

2384 1770 2483 1810 nec
2504 1757 2687 1812 oculos
2714 1771 2967 1814 excaecat.
3016 1761 3094 1816 Ne
3128 1762 3245 1829 quis
3272 1777 3401 1832 ergo
3429 1763 3657 1817 humana
3689 1766 3856 1819 verba
3886 1781 3967 1819 re-

2383 1848 2637 1915 Spicieus,
2662 1849 2727 1904 de
2753 1865 2808 1904 re
2830 1851 3227 1921 obstupesceret
3249 1895 3263 1920 ,
3293 1863 3348 1909 et
3366 1856 3793 1909 commentitium
3817 1857 3967 1925 quid-

2382 1940 2505 1994 dam
2531 1941 2631 1995 dici
2658 1952 2887 2011 putaret,
2920 1945 3189 2012 praemittit
3217 1947 3406 2000 iterum
3432 1947 3705 2015 Scriptum
3733 1948 3967 2014 Spiritus

2383 2032 2550 2085 sancti
2598 2035 2991 2087 auctoritatem.
3042 2033 3224 2101 Tunc,
3272 2036 3459 2106 inquit,
3513 2037 3710 2091 Paulus
3761 2038 3964 2108 Spiritu

2380 2132 2554 2175 sancto
2580 2124 2797 2191 repletus
2818 2126 2888 2177 ait
2904 2126 2981 2179 illi
3012 2126 3169 2195 (Ibid.
3196 2144 3243 2181 υ.
3272 2128 3352 2199 9).
3384 2129 3556 2183 IIabes
3576 2138 3631 2184 et
3660 2132 3825 2185 aliam
3855 2132 3959 2185 cir-

2378 2227 2441 2266 ca
2473 2214 2723 2282 Spiritum
2756 2226 2991 2269 sanetum
3021 2218 3522 2275 demonstrationem
3547 2222 3620 2273 :si
3654 2222 3777 2289 quis
3809 2221 3967 2275 homo

2382 2303 2527 2357 rudis
2569 2305 2755 2358 melius
2776 2346 2789 2367 ,
2822 2322 2978 2374 quam
3020 2306 3237 2362 facultas
3266 2308 3430 2371 ferat,
3461 2310 3708 2379 loquatur
3737 2327 3753 2363 :
3781 2324 3964 2362 verum

2384 2393 2518 2448 banc
2544 2410 2727 2449 rursus
2754 2398 3115 2463 operationem
3144 2398 3410 2468 Scriptura
3442 2400 3662 2468 Spiritui
3685 2400 3961 2455 adscribit.

2382 2483 2621 2551 Exempli
2645 2486 2810 2553 gratia
2845 2526 2859 2549 ,
2889 2485 3078 2541 Petrus
3107 2497 3158 2541 et
3178 2488 3477 2543 Joannesin
3508 2489 3821 2544 Judzeorum
3856 2493 3961 2545 fre-

2382 2576 2595 2642 quentia
2642 2576 3068 2631 concionuntur:
3102 2577 3167 2631 Et
3212 2589 3329 2631 tunc
3358 2621 3373 2643 ,
3406 2580 3514 2644 ait,
3554 2579 3739 2634 Petrus
3788 2583 3964 2648 plenus

2384 2664 2581 2733 Spiritu
2609 2678 2783 2719 sancto
2810 2667 2937 2719 dixit
2962 2668 3029 2719 ad
3060 2670 3299 2737 populum
3316 2688 3333 2723 :
3355 2670 3432 2721 An
3444 2672 3637 2739 justum
3655 2682 3726 2724 est
3759 2672 3813 2723 in
3840 2688 3962 2724 con-

2380 2766 2553 2823 spectu
2592 2754 2707 2821 Dei,
2735 2772 2820 2808 vos
2843 2758 3005 2824 potius
3025 2759 3217 2822 audire,
3248 2776 3399 2827 quam
3422 2758 3604 2824 Deum,
3636 2776 3717 2813 vos
3729 2762 3966 2830 judicats

2385 2845 2535 2916 (Act.
2560 2847 2613 2899 4.
2644 2847 2697 2901 8.
2728 2854 2774 2900 et
2806 2848 2927 2917 19).
2957 2848 3061 2901 Cur
3089 2864 3216 2918 ergo
3262 2850 3456 2903 dicitur
3484 2892 3498 2915 ,
3532 2849 3723 2903 Plenus
3760 2850 3965 2920 Spiritu

2382 2939 2598 2991 sancto?
2626 2938 2760 3005 Quia
2791 2940 3058 2993 indoctum
3081 2941 3368 2995 excedebat
3399 2941 3512 2995 brec
3542 2942 3793 3010 loquendi
3823 2938 3957 2995 tidu-

2379 3031 2459 3084 cia
2486 3071 2500 3092 ,
2534 3045 2599 3083 ne
2629 3031 2745 3099 quis
2777 3030 3094 3099 piscatorem
3115 3033 3404 3100 respiciens
3423 3073 3437 3097 ,
3462 3032 3687 3085 orationi
3729 3033 3807 3085 illi
3835 3047 3966 3084 san-

2382 3130 2479 3173 eta:
2500 3136 2618 3173 cum
2644 3121 2883 3174 libertate
2906 3121 3097 3174 habita:
3123 3121 3281 3174 fidem
3312 3138 3416 3175 non
3446 3121 3679 3183 haberet,
3702 3122 3968 3190 praemisit

2386 3210 2611 3279 Spiritus
2634 3211 2801 3263 sancti
2833 3211 3142 3280 sapientiam
3175 3253 3189 3275 ,
3220 3227 3286 3266 ne
3326 3212 3530 3266 mireris
3556 3211 3965 3266 abundantiam.

2383 3302 2536 3369 Quod
2565 3304 2608 3356 si
2639 3302 2847 3357 videtur
2870 3345 2885 3369 ,
2926 3304 3088 3356 alium
3127 3303 3525 3358 consideremus
3552 3345 3565 3367 ,
3599 3315 3653 3356 ut
3696 3305 3873 3371 magis
3903 3318 3969 3357 ac

2382 3394 2551 3463 magis
2593 3392 2730 3447 dicta
2776 3393 3174 3447 confirmentur.
3217 3394 3425 3447 Sanctis
3453 3396 3637 3448 cadum
3669 3394 3918 3461 aperitur
3951 3433 3967 3455 ,

2382 3486 2474 3540 sed
2522 3488 2636 3540 sine
2679 3486 2879 3554 Spiritu
2918 3496 3101 3540 saneto
3147 3503 3250 3540 non
3291 3489 3558 3555 aperitur;
3588 3500 3754 3553 neque
3818 3488 3966 3539 enim

2382 3576 2550 3630 oculis
2604 3578 2844 3644 corporis
2890 3577 3076 3629 cadum
3124 3586 3363 3645 apertum
3409 3576 3649 3637 videtur,
3686 3574 3781 3628 sed
3834 3575 3969 3644 Spi-

2382 3667 2516 3719 ritus
2551 3668 2717 3720 sancti
2749 3668 3077 3735 operatione.
3119 3667 3259 3721 Vidit
3285 3667 3581 3736 Stephanus
3621 3668 3780 3720 caelos
3806 3683 3967 3735 aper-

2384 3766 2496 3822 tos;
2522 3773 2702 3811 verum
2730 3800 2742 3823 ,
2771 3768 2824 3811 ut
2857 3760 2928 3811 ait
2957 3758 3223 3827 Scriptura
3253 3801 3266 3823 ,
3297 3774 3414 3812 cum
3446 3769 3587 3813 esset
3615 3759 3806 3826 plenus
3838 3758 3965 3827 Spi-

2382 3850 2486 3903 ritu
2514 3858 2696 3903 sancto
2719 3849 2853 3923 (Act.
2887 3850 2939 3904 6.
2971 3848 3046 3921 5),
3080 3850 3227 3904 vidit.
3253 3850 3707 3918 Nusquamigitur,
3740 3847 3966 3911 fratres.

2381 3943 2568 3996 cmlum
2600 3944 2722 3996 licet
2746 3952 2983 4011 apertum
3014 3941 3191 3995 videre
3214 3982 3228 4007 ,
3258 3942 3371 3996 sine
3399 3942 3593 4010 Spiritu
3618 3981 3633 4004 ,
3662 3956 3840 4007 neque
3866 3941 3968 3992 do-

2382 4038 2534 4091 cendi
2566 4038 2896 4090 autoritatem
2919 4051 3151 4100 sumere,
3183 4050 3282 4087 nec
3311 4034 3686 4087 miraculorum
3713 4032 3967 4084 virtutem

2383 4130 2637 4182 exhibere
2686 4128 2799 4181 sine
2821 4136 3004 4180 sancto
3021 4136 3073 4178 et
3091 4124 3361 4179 adorando
3377 4124 3595 4191 Spiritu.
3618 4120 3807 4176 Omnia
3834 4124 3968 4175 enim

2384 4229 2620 4289 operatur
2649 4235 2777 4272 unus
2806 4228 2850 4270 et
2878 4219 3008 4269 idem
3028 4217 3272 4287 Spiritus,
3295 4216 3520 4267 dividens
3544 4214 3755 4283 singulis
3778 4253 3794 4276 ,
3819 4222 3970 4282 prout

2384 4312 2489 4363 vult
2513 4312 2587 4381 (I.
2609 4311 2724 4365 Cor.
2756 4311 2844 4365 I2.
2871 4309 2960 4381 II)
2986 4327 2999 4362 :
3022 4310 3104 4365 cui
3122 4308 3291 4378 gloria
3334 4308 3384 4362 in
3408 4308 3600 4362 saecula
3624 4307 3965 4362 saeculorum.

2386 4402 2579 4458 Amen.
