4128 6320
214 356 326 412 515

215 467 389 536 γήσει
445 479 540 518 σε.
582 466 812 533 Ἐπαρει
864 465 1078 534 Κύριος
1125 465 1192 519 τὸ
1241 465 1571 533 πρόσωπον
1615 463 1800 517 αὑτοῦ

214 547 312 601 ἐπὶ
340 546 437 606 σὲ,
460 547 558 598 καὶ
580 546 698 613 δῴη
728 563 823 601 σοι
847 547 1111 616 είρήνην.
1135 548 1273 615 Ὅρα
1294 547 1391 618 τὴν
1415 546 1575 614 ἁγίαν
1598 545 1802 615 Τριάδα

215 629 512 700 διαρρήδην
549 630 982 700 ἁνυμνουμένην.
1015 629 1148 682 Ποία
1183 631 1341 700 χάρις
1367 629 1468 682 οὑκ
1497 628 1603 681 ἀπὸ
1636 626 1802 679 Πνεύ-

219 728 389 781 ματος
437 710 630 779 ἁγίου;
682 715 832 765 ποῖον
884 713 1054 783 δῶρον
1101 715 1202 766 οὑκ
1251 713 1311 778 ἐξ
1353 713 1597 776 ἐκείνου,
1651 713 1802 763 ποῖον

214 795 419 863 ἀγαθὸν
464 795 592 849 ἀνευ
646 796 889 860 ἐκείνου;
925 797 975 849 τί
1022 796 1246 849 δύναται
1294 796 1389 849 καὶ
1435 793 1802 864 ὑπερκόσμιον

213 878 550 948 ἐπιφανῆναι
588 882 700 941 τοῖς
743 879 1050 950 ἀνθρώποις
1092 881 1218 934 ἄνευ
1261 878 1577 949 Πνεὺματος
1607 878 1799 944 ἁγίους

227 963 518 1032 Ἐρευνᾶτε
563 964 661 1027 τὰς
694 964 937 1034 Γραφὰς,
967 964 1060 1017 καὶ
1094 965 1427 1034 σκοπήσατε,
1464 961 1559 1025 ὡς,
1604 962 1730 1014 ὅταν
1768 962 1801 1031 ἡ

214 1044 408 1113 Γραιρὴ
460 1043 590 1117 θέλῃ
637 1046 872 1116 μηνῦσαί
907 1064 958 1099 τι
1004 1047 1037 1116 ἢ
1086 1045 1256 1112 δεῖξαι
1289 1045 1396 1098 τῶν
1453 1044 1592 1115 ὑπὲρ
1643 1042 1804 1112 φύσιν

211 1125 682 1196 ἀποτελουμένων,
732 1131 798 1199 τῇ
841 1128 935 1180 τοῦ
963 1129 1280 1200 Πνεῦματος
1320 1128 1574 1198 αὑθεντίᾳ
1606 1127 1666 1180 τὸ
1698 1128 1804 1179 πᾶν

210 1210 528 1280 ἐπιγράφει.
566 1207 709 1275 Οἶον,
745 1214 979 1283 Σαμψὼν
1009 1215 1100 1266 τὸν
1132 1216 1378 1282 γενναῖον
1424 1214 1632 1265 ἐκεῖνον
1680 1213 1802 1282 ἀρι-

213 1294 367 1359 στέα,
405 1296 493 1348 ὅτε
522 1296 592 1346 τὰ
636 1297 847 1364 μεγάλα
889 1299 1067 1350 ἐκεῖνα
1103 1297 1197 1350 καὶ
1248 1295 1526 1368 παράδοξα
1571 1295 1669 1365 τῆς
1713 1297 1805 1348 ἁν-

209 1376 397 1446 δρείας
432 1378 764 1431 ἐνεδείκνυτο
808 1381 1260 1450 στρατηγήματα,
1296 1383 1328 1451 ἡ
1363 1379 1552 1450 Γραφὴ
1599 1395 1804 1432 παντα-

209 1463 306 1531 χοῦ
357 1464 695 1526 δεικνύουσα,
725 1465 785 1517 τὸ
819 1466 1041 1536 Πνεῦμα
1070 1467 1128 1519 τὸ
1165 1467 1314 1534 ἅγιον
1341 1466 1448 1520 τῶν
1497 1482 1805 1538 στρατηγη-

213 1546 402 1613 μάτων
436 1547 785 1618 προέταττεν.
804 1543 1028 1612 Ἷίλθον,
1054 1550 1237 1619 φησὶν,
1266 1551 1576 1618 ’Λλλόφυλοι
1600 1549 1689 1600 ἐπὶ
1714 1548 1803 1600 τὸν

208 1632 452 1702 Σαμψὼν
507 1633 724 1700 πολλοὶ,
775 1636 870 1688 καὶ
931 1636 1332 1706 ἀναρίθμητοι·
1391 1637 1486 1689 καὶ
1537 1635 1699 1704 μόνος
1735 1629 1802 1704 ἦν

207 1715 445 1780 ἐκεῖνος’
475 1719 570 1771 καὶ
598 1721 657 1770 οὑ
688 1717 845 1771 τοῦτο
877 1719 1057 1788 μόνον,
1085 1721 1219 1772 ἁλλὰ
1247 1721 1338 1773 καὶ
1371 1719 1672 1790 δεδεμένος.
1700 1720 1796 1782 Τίς

206 1794 299 1852 οὖν
329 1799 488 1864 λύσις
521 1801 598 1870 τῷ
646 1801 942 1872 δεδεμένῳ;
989 1802 1073 1866 τίς
1122 1804 1366 1875 σωτηρία
1406 1803 1484 1872 τῷ
1526 1803 1799 1873 ἀπειλημε-

210 1883 390 1951 μένῳς
445 1884 563 1946 πῶς
613 1880 694 1946 εἷς
749 1885 1088 1954 περιγίνεται
1133 1885 1240 1939 τῶν
1285 1886 1527 1951 πολλῶν;
1576 1886 1800 1955 Πνεῦμα

208 1963 415 2035 Κυρίου
460 1967 726 2036 κατῆλθεν
755 1969 846 2020 ἐπὶ¹
874 1967 1131 2039 Σαμψὼν,
1164 1971 1258 2022 καὶ
1290 1971 1529 2038 ἐφήλατο
1557 1971 1648 2022 ἐπὶ
1677 1970 1802 2031 τοὺς

220 2047 611 2116 Ἀλλοφύλους,
655 2053 746 2104 καὶ
789 2052 967 2123 εὑρὼν
1008 2053 1132 2106 ὄνου
1171 2053 1415 2121 σιαγόνα,
1463 2053 1668 2123 χιλίους
1705 2053 1799 2107 ἀν-

206 2134 343 2202 δρας
378 2135 754 2206 διεχειρίσατο.
781 2139 891 2190 Καὶ
922 2139 1025 2208 δρα
1056 2139 1153 2207 τῆς
1183 2139 1330 2201 θείας
1358 2139 1581 2209 Γραφῆς
1620 2137 1679 2190 τὸ
1714 2154 1802 2190 σο-

207 2218 329 2286 φόν.
374 2219 591 2290 Ἐπειδὴ
621 2223 733 2284 τοῖς
763 2221 1011 2292 ἀπείροις
1035 2222 1128 2274 τοῦ
1163 2223 1352 2293 ἀνδρὸς
1384 2223 1612 2275 ἄπιστον
1644 2218 1711 2293 ἦν
1742 2222 1802 2274 τὸ

209 2300 387 2370 ῥῆμα,
417 2301 498 2354 ὅτι
529 2303 556 2353 ό
593 2302 874 2372 δεδεμένος
902 2303 1152 2374 ἐνίκησεν
1181 2305 1307 2367 τοὺς
1333 2304 1677 2374 λελυμένους,
1708 2302 1802 2357 καὶ

207 2383 236 2434 ό
267 2382 431 2451 μόνος
467 2382 576 2435 τῶν
611 2384 820 2437 πολλῶν
867 2387 1237 2455 περιεγένετο,
1268 2388 1350 2440 διὸ
1385 2388 1649 2459 προέταξε
1703 2405 1801 2440 κα-

206 2464 311 2528 λῶς
333 2482 346 2494 ·
391 2466 499 2520 Καὶ
538 2468 782 2536 Πνεῦμα
817 2471 1034 2537 Κυρίου
1084 2470 1352 2539 ἐπῆλθεν
1382 2472 1480 2525 ἐπί
1513 2471 1797 2540 Σαμψὼν,

207 2548 306 2601 καὶ
345 2550 528 2602 ἔλαϐε
565 2553 820 2621 σιαγόνα
849 2553 1014 2618 ὄνου,
1052 2554 1151 2607 καὶ
1189 2555 1393 2608 ἀνεῖλε
1425 2557 1695 2624 χιλίουςν
1732 2556 1797 2607 ἵν’

205 2631 334 2684 ὅταν
373 2633 647 2704 ἀπιστηθῇ
687 2634 774 2686 διὰ
808 2635 904 2706 τὴν
933 2636 1284 2708 ἀνθρωπίνην
1320 2638 1501 2705 φύσιν,
1534 2638 1796 2710 πιστευθῇ

205 2714 291 2766 διὰ
318 2714 422 2784 τὴν
455 2714 548 2767 τοῦ
583 2717 898 2787 Πνεῦματος
930 2719 1178 2789 δύναμιν.
1207 2720 1415 2773 Οὐκοῦν
1444 2720 1621 2784 καλῶς
1647 2721 1798 2789 ἔλεγε

205 2796 475 2866 Μωῦσῆς·
508 2796 639 2864 Πῶς
664 2799 929 2864 διώξεται
959 2796 1045 2866 εἷς
1077 2804 1333 2870 χιλίους,
1366 2803 1461 2856 καὶ
1496 2803 1604 2856 δύο
1631 2819 1801 2870 μετα-

208 2878 540 2942 κινήσουσι
566 2882 880 2950 μυριάδας,
907 2885 958 2935 εἰ
984 2885 1070 2951 μὴ
1102 2883 1190 2936 ὅτι
1218 2886 1430 2952 Κύριος
1459 2884 1799 2952 παρέδωκεν

209 2962 458 3026 αὐτοὺς,
499 2964 598 3016 καὶ
632 2969 664 3018 ό
710 2966 853 3031 Θεὸς
906 2967 1162 3020 ἀπέδοτο
1209 2968 1463 3032 αὑτοῦς;
1502 2967 1798 3034 ’Λνάγνωθι

211 3044 306 3108 τὰς
348 3045 603 3116 Γραφὰς,
639 3050 732 3101 καὶ
780 3051 1034 3120 εὑρήσεις
1081 3052 1165 3118 ἐφ’
1198 3051 1431 3104 ἑκάστου
1486 3053 1797 3121 στρατηγή-

213 3146 382 3197 ματος
417 3133 867 3202 προτεταγμένην
902 3133 995 3186 τοῦ
1024 3134 1160 3185 Πνεύ
1173 3151 1340 3204 ματος
1368 3134 1466 3203 τὴν
1493 3133 1796 3188 αὑθεντίαν.

207 3207 413 3265 Ἦλθον
444 3215 491 3265 οί
529 3215 861 3283 Ἀλλόφυλοι,
893 3218 986 3268 καὶ
1023 3217 1245 3286 Πνεῦμα
1287 3218 1491 3286 Κυρίου
1535 3219 1799 3287 κατῆλθεν

208 3298 302 3350 ἐπὶ
360 3297 624 3367 Σαμψών.
683 3299 889 3370 Ἐπήδα
944 3299 1111 3362 λέων,
1164 3300 1259 3352 καὶ
1321 3300 1645 3370 ὁιεσπὰραξε
1707 3302 1799 3355 τὸν

208 3377 399 3433 λέοντα
438 3381 513 3444 ὡς
556 3382 760 3451 ἔριφον.
817 3382 998 3451 Ἐδέθη
1050 3383 1289 3453 σιδηραῖς
1330 3383 1578 3443 ἁλύσεσι,
1627 3384 1720 3436 καὶ
1762 3386 1794 3455 ή

208 3465 347 3534 γυνὴ
398 3467 538 3536 πρὸς
574 3467 766 3519 αὑτόν·
801 3468 1152 3536 Ἆλλόξρυλοι
1188 3467 1284 3520 ἐπὶ
1324 3468 1602 3535 Σαμψών.
1638 3468 1797 3521 Ἀλλὰ

209 3546 374 3598 πάλιν
418 3548 451 3615 ἠ
501 3548 725 3618 Γραφή·
770 3550 877 3602 Kal
926 3550 1168 3619 Πνεῦμα
1217 3552 1435 3617 Κυρίου
1468 3546 1657 3620 ἦλθεν
1698 3551 1795 3604 ἐπὶ

210 3629 502 3696 Σαμψὼν,
533 3631 630 3682 καὶ
667 3631 910 3697 διελύθη
949 3633 1022 3685 τὰ
1062 3633 1274 3702 δεσμὰ,
1306 3634 1386 3697 ὠς
1415 3633 1560 3686 ὅταν
1601 3648 1795 3687 στυπ-

209 3713 351 3763 πίον
387 3712 702 3780 ὀσφρανθῇ
745 3715 953 3782 πυρός.
994 3716 1239 3784 Οὑδαμοῦ
1273 3715 1529 3783 οὐδεμίαν
1575 3719 1792 3786 εἰσῆγεν

210 3792 364 3864 [5⁸29]
413 3795 714 3863 ἀριστείαν,
754 3797 827 3866 μὴ
879 3796 1152 3866 προτάξας
1184 3797 1278 3849 τοῦ
1336 3797 1646 3867 Πνεύματος
1696 3799 1793 3868 τὴν

208 3876 512 3946 ἐνέργειαν.
543 3874 674 3931 Εἶτα
697 3879 818 3932 ἐπεὶ
842 3878 1024 3932 λοιπὸν
1050 3880 1337 3950 ἐγυμνώθη
1367 3881 1464 3950 τῆς
1488 3881 1790 3951 δυνάμεως,

209 3959 448 4029 πρόσεχε
488 3961 763 4030 ἀκριϐῶς,
806 3963 861 4014 τί
907 3962 1288 4032 παραδέδωκεν
1323 3965 1356 4033 ή
1403 3962 1523 4015 θεία
1570 3963 1792 4034 Γραφὴ,

209 4042 488 4113 πανταχοῦ
537 4043 800 4111 λέγουσα,
834 4046 922 4098 ὅτε
969 4047 1316 4116 ἐστρατήγει,
1361 4047 1453 4100 καὶ
1497 4047 1680 4111 ἐνίκα,
1713 4047 1793 4098 ὅτι

207 4125 456 4193 Πνεῦμα
489 4127 709 4195 Kvplov
749 4123 933 4195 ἦλθεν
960 4129 1058 4182 ἐπὶ
1087 4130 1368 4197 Σαμψών.
1400 4129 1529 4182 Ὅτε
1563 4128 1794 4201 ἐξυρᾶτο

206 4208 304 4277 τὴν
353 4208 618 4278 κεφαλὴν,
661 4209 938 4279 προδιδοὺς
992 4212 1090 4282 τῆς
1146 4212 1365 4282 χάριτος
1415 4211 1475 4263 τὸ
1512 4212 1788 4281 ἐνέχυρον,

208 4291 406 4354 εὐθέως
439 4290 667 4360 ἔγραφε⁸
696 4292 807 4346 Καὶ
844 4294 1056 4360 Κύριος
1086 4294 1321 4360 ἀπέστη
1358 4295 1476 4348 ἀπὸ
1508 4297 1787 4362 Σαμψών.

209 4375 336 4428 Ὅτε
375 4376 426 4427 οι
461 4374 788 4444 Ἀλλόφυλοι,
821 4377 927 4431 Kal
959 4378 1207 4439 Πνεῦμα
1237 4379 1456 4434 Κυρίου
1492 4375 1792 4445 κατῆλθεν

535 5743 804 5803 ΡΑτιιοι..
838 5743 955 5802 Gn.
1001 5741 1150 5801 LVI.

1452 349 1537 403 DE
1576 343 1940 403 SERPENTE
1983 347 2290 405 HOMILIA.

1906 464 1999 517 ἐπ’
2021 467 2208 519 αὐτόν
2226 481 2238 494 ·
2262 466 2349 518 ὅτε
2378 463 2660 535 ἀνεχώρει,
2687 465 2853 534 λέγει’
2887 469 2992 520 Kal
3023 469 3234 536 Κύριος
3259 470 3493 542 ἀπέστη

1905 549 2007 601 ἀπ’
2029 549 2234 602 αὐτοῦ.
2270 549 2378 600 Καὶ
2417 549 2670 612 εἰκότως·
2703 551 2730 602 ὁ
2760 550 2869 620 γὰρ
2905 552 3117 620 Κύριος
3147 553 3213 606 τό
3254 555 3495 624 Πνεῦμά

1905 627 2092 686 ἐδτιν.
2137 633 2210 686 Οὑ
2263 633 2420 702 μόνον
2452 633 2508 685 δὲ
2543 634 2600 683 ἐν
2632 636 2697 703 τῇ
2748 635 2959 704 Παλαιᾷ
2991 635 3194 706 ταύτην
3244 638 3494 709 εὑρήσεις

1905 716 2003 784 τὴν
2033 715 2285 787 θεωρίαν,
2311 714 2446 768 ἀλλὰ
2476 718 2569 769 καὶ
2593 719 2649 768 ἐν
2679 720 2790 779 τοῖς
2821 718 3155 779 ἀποστόλοις.
3177 720 3344 773 ’Ὀταν
3373 724 3494 776 τινὰ

1910 798 2150 868 μεγάλην
2171 800 2264 851 καὶ
2293 798 2735 869 ὑπερϐάλλουσαν
2757 800 2985 868 δύναμιν
3013 802 3254 872 κηρύττῃ
3280 803 3348 855 τὰ
3375 804 3494 858 θεῖα

1905 879 2079 949 λόγια,
2115 882 2390 952 πανταχοῦ
2418 881 2510 935 τοῦ
2543 883 2858 952 Πνεύματος
2892 886 2990 952 τὴν
3031 883 3319 939 αὑθεντίαν
3355 905 3493 958 προ-

1905 965 2109 1017 τάττει.
2153 965 2376 1034 Είσάγει
2414 965 2504 1018 τὸν
2539 965 2749 1018 Παῦλον
2789 968 2846 1016 ἐν
2888 969 2953 1036 τῇ
2991 967 3200 1038 Κύπρῳ
3233 969 3376 1039 λόγῳ
3413 989 3494 1024 τι-

1909 1047 2262 1119 μωρούμενον
2302 1048 2392 1101 τὸν
2428 1050 2700 1120 ἐπάρατον
2732 1051 2936 1102 ἐκεῖνον
2974 1051 3212 1120 Ἑλύμαν
3247 1052 3336 1105 τὸν
3385 1054 3491 1123 μά-

1906 1149 2032 1199 γον,
2085 1132 2176 1184 τὸν
2223 1134 2363 1186 κατὰ
2414 1133 2513 1201 τῆς
2565 1132 2821 1202 ἀληθείας
2887 1135 3345 1203 στρατευόμενον,
3397 1137 3492 1189 καὶ

1907 1214 2090 1285 ἐπειδὴ
2125 1214 2317 1286 ἔμελλε
2351 1219 2584 1286 πρᾶγμα
2616 1216 2920 1285 διηγεῖσθαι
2967 1216 3134 1280 ξένον,
3165 1219 3264 1287 ὅρα
3292 1218 3492 1286 ὀφθαλι

1911 1299 2043 1369 μοὺς
2077 1299 2220 1369 λόγῳ
2252 1298 2669 1369 σϐεννυμένους·
2709 1299 2864 1353 Ἰδοὺ
2893 1301 3019 1369 γὰρ,
3049 1302 3200 1371 φησι,
3231 1301 3358 1370 χείρ
3383 1306 3493 1356 Κυ-

1899 1384 2038 1452 ρίου
2089 1383 2187 1436 ἐπὶ
2241 1383 2336 1444 σὲ,
2373 1384 2468 1436 καί
2510 1384 2622 1452 ἔσῃ
2675 1384 2922 1452 τυφλὸς,
2970 1383 3054 1452 μὴ
3099 1385 3350 1448 βλέπων
3386 1387 3493 1439 τὸν

1908 1467 2108 1533 ἣλιον.
2154 1465 2324 1518 Τοῦτο
2357 1466 2413 1520 δὲ
2462 1466 2792 1538 ὑπερέϐαινε
2830 1468 2927 1536 τὴν
2969 1467 3181 1520 Παύλου
3215 1470 3309 1521 καὶ
3357 1469 3492 1522 πάν-

1906 1565 2012 1601 των
2049 1547 2351 1619 ἀνθρώπων
2393 1548 2574 1616 φύσιν,
2626 1548 2766 1617 λέγω
2804 1548 2866 1618 δὴ
2896 1548 2956 1601 τὸ
2991 1551 3252 1618 ἀφανίσαι
3293 1551 3491 1619 ὀφθαλ-

1911 1632 2045 1699 μοὺς
2072 1631 2217 1701 λόγῳ
2245 1631 2554 1702 ἀνθρώπου.
2581 1632 2750 1698 Λόγος
2784 1628 2877 1684 οὖν
2908 1631 3195 1701 ἀνθρώπου
3229 1633 3289 1684 οὑ
3327 1650 3492 1702 μετα-

1906 1713 2090 1767 ϐάλλει
2134 1715 2314 1782 φύσιν,
2352 1715 2472 1768 οὔτε
2517 1715 2706 1784 τυφλοῖ
2732 1713 2828 1784 τὴν
2855 1713 2995 1782 ὄψιν.
3026 1716 3140 1766 Ἵνα
3168 1710 3261 1768 οῦν
3304 1717 3376 1786 μή
3408 1733 3491 1780 τις

1903 1797 2212 1867 ἀποϐλέψας
2245 1801 2321 1862 εἰς
2355 1799 2422 1852 τὰ
2467 1799 2781 1868 ἀνθρώπινα
2825 1798 3065 1869 ῥήματα,
3107 1798 3321 1868 ξενισθῇ
3363 1801 3491 1871 περὶ

1901 1881 1970 1933 τά
2021 1883 2342 1953 πράγματα,
2387 1883 2481 1935 καὶ
2531 1883 2756 1953 νομίσας
2804 1883 3222 1951 πεπλανημένον
3254 1877 3490 1936 εἶναιτὸ

1905 1965 2078 2037 ῥῆμα,
2113 1965 2400 2035 προτάττει
2436 1966 2599 2020 πάλιν
2629 1969 2662 2037 ή
2696 1966 2883 2038 Γραφὴ
2918 1966 3011 2019 τοῦ
3043 1965 3361 2036 Πνεῦματος
3391 1967 3489 2037 τὴν

1903 2049 2208 2102 αὑθεντίαν.
2248 2050 2384 2102 Τότε
2431 2049 2514 2118 δὴ,
2558 2051 2743 2119 φησιν,
2791 2053 2823 2103 d
2858 2049 3099 2114 Παῦλος
3145 2050 3490 2116 Πνεύματος

1904 2130 2076 2198 ἁγίου
2112 2132 2409 2198 πλησθεὶς
2435 2129 2565 2186 εἶπε
2604 2133 2755 2200 πρὸς
2785 2133 2990 2187 αὐτόν.
3021 2133 3203 2201 Ἔχεις
3244 2131 3336 2184 καὶ⁵
3373 2132 3491 2184 ἑτέ-

1906 2231 2007 2284 ραν
2036 2214 2310 2280 ἁπόδειξιν
2345 2215 2684 2286 Πνεύματος·
2717 2216 2812 2270 ἐὰν
2845 2216 2983 2284 ὑπὲρ
3011 2215 3238 2285 δύναμιν
3276 2214 3489 2286 ἰδιώτης

1903 2301 2112 2375 λαλήσῃ
2137 2319 2148 2330 ·
2181 2302 2315 2356 άλλὰ
2342 2303 2502 2356 πάλιν
2529 2304 2562 2374 ή
2589 2303 2781 2374 Γραφὴ
2811 2302 2889 2373 τῷ
2919 2302 3196 2373 Πνεύματι
3225 2302 3323 2371 τὴν
3347 2301 3489 2372 ἐνέρ·

1903 2404 2056 2456 γειαν
2088 2388 2400 2455 ἐπιγράφει.
2447 2381 2588 2451 Οἷον,
2619 2387 2923 2456 δημηγορεῖ
2951 2385 3153 2455 Πέτρος
3182 2385 3272 2437 καὶ
3306 2386 3488 2438 Ἰωάν-

1904 2487 1999 2539 νης
2039 2471 2096 2521 ἐν
2130 2468 2207 2539 τῷ
2251 2468 2444 2539 πλήθει
2479 2468 2584 2521 τῶν
2619 2467 2918 2522 Ἰουδαίων·
2955 2467 3065 2521 Kal
3106 2467 3259 2523 τότε.
3299 2465 3485 2537 φησὶν,

1904 2556 1937 2607 ό
1976 2552 2198 2619 Πέτρος
2233 2551 2528 2618 πλησθεὶς
2571 2551 2914 2619 Πνεύματος
2958 2550 3130 2618 ἁγίου
3163 2546 3291 2603 εἷπε
3337 2551 3488 2617 πρὸς

1903 2635 2010 2688 τὸν
2042 2637 2231 2688 λαόν’
2275 2637 2344 2688 El
2383 2633 2621 2687 δίκαιόν
2657 2635 2827 2686 ἐστιν
2866 2633 3124 2687 ἐνώπιον
3165 2633 3270 2688 τοῦ
3314 2633 3483 2697 Θεοῦ,

1902 2715 2069 2785 ὑμῶν
2099 2717 2344 2770 ἀκούειν
2377 2716 2639 2784 μᾶλλον,
2667 2718 2705 2783 ἢ
2736 2715 2842 2769 τοῦ
2884 2717 3053 2777 Θεοῦ,
3091 2716 3346 2783 κρίνατε.
3389 2717 3487 2768 Aci

1901 2801 1952 2851 τί
1973 2795 2087 2861 οὖν,
2108 2798 2411 2864 Πλησθεὶς
2432 2800 2775 2866 Πνεύματος
2802 2801 3004 2867 άγιόυ;
3031 2798 3244 2868 Ἐπειδὴ
3273 2798 3488 2867 ἰδιώτην

1903 2881 2257 2946 ὑπερέϐαινεν
2301 2883 2334 2950 ἡ
2371 2881 2683 2951 παρρησία,
2715 2881 2800 2932 ἵνα
2840 2883 2912 2950 μή
2960 2899 3041 2944 τις
3073 2883 3151 2944 είς
3199 2882 3288 2933 τὸν
3334 2881 3485 2933 ἁλιέα

1903 2962 2249 3032 ἀποϐλέψας,
2302 2963 2577 3034 ἀπιστήσῃ
2627 2965 2693 3032 τῇ
2732 2963 3014 3032 παρρησίᾳ
3062 2963 3152 3014 τοῦ
3205 2963 3360 3028 λόγου
3391 2963 3483 3015 τοῦ

1902 3045 2078 3112 ἁγίου,
2117 3045 2383 3116 προέταξε
2413 3045 2505 3098 τοῦ
2556 3045 2711 3112 ἁγίου
2757 3044 3072 3114 Πνεύματος
3116 3045 3210 3115 τὴν
3270 3047 3481 3114 σοφίαν,

1902 3129 1988 3181 ἵνα
2031 3128 2104 3198 μὴ
2140 3127 2426 3199 θαυμάσῃς
2457 3129 2554 3196 τὴν
2580 3128 2862 3198 χορηγίαν.
2897 3129 3289 3198 Σκοπήσωμεν,
3323 3131 3372 3180 εί
3402 3129 3485 3181 δο-

1901 3214 2006 3276 κεῖ,
2033 3214 2127 3265 καὶ
2155 3212 2361 3282 ἕτερον,
2397 3213 2482 3265 ἵνα
2506 3214 2599 3265 ἐπὶ
2625 3211 2804 3264 πλεῖον
2825 3214 2858 3282 ή
2891 3210 3176 3279 βεδαίωσις
3203 3212 3484 3285 ἐπιλάμψῃ

1897 3303 2009 3362 τοῖς
2036 3301 2363 3370 εἰρημένοις.
2402 3299 2696 3366 Ἀνοίγεται
2718 3297 2944 3368 οὐρανὸς
2971 3299 3164 3364 ἁγίοις,
3196 3299 3328 3351 ἁλλά
3351 3300 3480 3352 ἄνευ

1899 3380 2212 3451 Πνεύματος
2239 3381 2332 3434 τοῦ
2370 3382 2526 3450 ἁγίου
2557 3381 2656 3433 οὑκ
2690 3380 2996 3448 ἀνοίγεται·
3029 3381 3088 3433 οὑ
3134 3380 3241 3451 γάρ
3283 3381 3482 3444 ὀφθαλ-

1902 3467 2022 3535 μοῖς
2070 3465 2271 3535 σαρκὸς
2316 3466 2508 3534 δρᾶται
2557 3463 2781 3535 οὐρανὸς
2815 3463 3186 3534 ἀνοιγόμενος,
3234 3463 3351 3518 ἀλλ’
3376 3464 3481 3516 ὑπὸ

1897 3549 1997 3619 τῆς
2038 3549 2130 3602 τοῦ
2171 3549 2326 3617 ἁγίου
2372 3547 2686 3618 Πνεύματος
2718 3538 3016 3619 ἐνεργείας.
3064 3542 3182 3600 Εἷδε
3211 3548 3480 3616 Στέφανος

1896 3634 2021 3696 τοὺς
2053 3633 2316 3702 οὐρανοὺς
2347 3632 2744 3702 ἀνεῳγμένους,
2790 3631 2925 3695 ἀλλ’,
2960 3631 3035 3694 ὡς
3065 3632 3098 3702 ὴ
3134 3631 3322 3700 Γραφή
3369 3648 3476 3700 φη-

1899 3733 2001 3781 σιν,
2046 3717 2304 3786 ὑπάρχων
2343 3717 2556 3786 πλήρης
2590 3715 2905 3784 Πνεύματος
2947 3714 3128 3782 ἁγίου,
3169 3709 3326 3766 εἶδεν.
3370 3716 3477 3767 0G-

1895 3798 2066 3867 δαμοῦ
2094 3799 2293 3859 τοίνυν,
2319 3800 2556 3867 ἀδελφοὶ.
2585 3799 2810 3869 οὐρανὸν
2839 3797 2985 3850 ἔστιν
3013 3799 3141 3850 ίδεῖν
3162 3797 3289 3852 ἄνευ
3317 3798 3477 3850 Πνεύε

1900 3898 2067 3950 ματος
2113 3881 2479 3949 ἀνοιγόμενον,
2523 3878 2645 3933 οὔτε
2679 3879 2962 3932 αὑθεντίαν
2997 3879 3340 3942 διδασκαλίας
3391 3883 3476 3932 ἐν-

1895 3965 2181 4029 δύσασθαι,
2203 3966 2264 4017 οὑ
2297 3964 2525 4034 δύναμιν
2556 3962 2848 4031 θαυμάτων
2871 3961 3202 4026 ἐνδείξασθαι
3229 3963 3354 4016 ἄνευ
3383 3963 3474 4016 τοῦ

1899 4049 2055 4116 ἁγίου
2118 4047 2212 4101 καὶ
2275 4044 2652 4118 προσκυνητοῦ
2712 4045 3047 4114 Πνεύματος.
3108 4045 3309 4100 Πάντα
3367 4047 3476 4116 γὰρ

1896 4131 2121 4201 ἐνεργεῖ
2157 4130 2226 4183 ἓν
2269 4130 2366 4183 καὶ
2421 4129 2489 4182 τὸ
2535 4128 2680 4183 αὐτὸ
2725 4128 3000 4196 Πνεῦμα,
3045 4127 3315 4196 διαιροῦν
3356 4129 3470 4195 ἰδίᾳ

1898 4216 2153 4282 ἑκάστῳ,
2187 4215 2379 4282 καθὼς
2400 4215 2687 4279 βούλεται
2708 4230 2722 4244 ·
2767 4205 2812 4282 ᾧ
2855 4213 2888 4283 ἡ
2920 4212 3043 4280 δόξα
3075 4214 3153 4278 εἰς
3181 4215 3304 4278 τοὺς
3339 4214 3464 4268 αἰῶ.

1898 4317 1996 4364 νας
2042 4300 2151 4353 τῶν
2178 4299 2409 4355 αἰώνων.
2450 4300 2640 4370 Ἀμήν.

3055 5725 3136 5785 32
