4104 6322
1944 329 2047 382 SN
2080 322 2211 384 RIA.
2245 362 2312 371 κ-
2352 332 2685 389 ΜΟΝΓΙΊῚΜ.

714 498 3920 554 mw

850 742 1229 804 'MONI'I‘UM
1275 746 1354 805 ΙΝ
1402 748 1847 809 EPISTOLAM
1894 751 2369 823 SEQUENTEM
2417 757 2528 816 AD
2576 759 3066 822 THEODORUM
3111 762 3771 835 MOPSUESTENUM,

1565 932 1756 1013 Cujus
1797 934 2056 1011 antiqua
2091 936 2294 994 versio
2328 937 2558 1000 Latina
2596 939 2694 1000 hic
2727 944 3075 1021 profertur.

765 1131 913 1205 [530]
943 1134 1115 1203 llujus
1144 1136 1405 1206 epistolze,
1437 1156 1595 1208 quam
1627 1142 1810 1198 Graece
1840 1155 1890 1199 et
1935 1147 2121 1203 Latine
2164 1148 2412 1202 dedimus
2444 1147 2613 1202 Tomo
2660 1148 2839 1215 tertio,
2873 1165 2928 1218 p.
2959 1148 3083 1214 655,
3116 1149 3490 1219 interpretatio
3532 1160 3690 1204 vetns
3746 1151 3933 1207 Latina

695 1222 923 1278 habetur
950 1224 1001 1277 in
1037 1224 1400 1297 Manuscripto
1425 1232 1654 1297 quodam
1680 1231 2022 1289 Bibliotheca:
2058 1245 2254 1291 nostra:
2286 1235 2782 1307 Sangermanensis;
2817 1247 2871 1291 et
2898 1237 2949 1291 in
2975 1239 3213 1309 catalogo
3239 1239 3725 1310 Manuscriptornm
3756 1259 3933 1297 enun-

693 1314 959 1377 tiabatur;
998 1316 1091 1369 sed
1115 1315 1461 1387 Manuscripti
1492 1335 1751 1376 numerus
1784 1339 2067 1394 perperam
2104 1325 2313 1394 positus
2335 1342 2443 1381 nou
2481 1341 2671 1395 parum
2701 1327 2899 1397 negotii
2934 1327 3240 1397 laborisque
3271 1331 3478 1393 attulit;
3539 1342 3762 1386 notatur
3786 1335 3932 1388 enim

690 1403 873 1458 Codex
897 1405 1021 1469 727,
1070 1406 1125 1459 in
1177 1423 1284 1475 quo
1314 1408 1477 1478 hujus
1505 1411 1744 1480 epistolae
1788 1429 1857 1469 ne
1900 1416 2187 1486 vestigium
2231 1416 2447 1485 quidem
2493 1418 2765 1483 occurrit;
2806 1418 3022 1473 demum
3060 1428 3239 1474 autem
3289 1420 3376 1474 illa
3405 1432 3527 1491 post
3554 1424 3777 1478 multam
3803 1441 3931 1493 per-

692 1496 1041 1564 quisitionem
1075 1498 1129 1551 in
1160 1498 1362 1555 Codice
1390 1502 1493 1557 526
1520 1514 1732 1573 reperta
1762 1505 1881 1561 fuit.

762 1584 910 1639 lllam
942 1598 1121 1643 autem
1164 1589 1253 1645 hic
1280 1592 1440 1646 edere
1476 1594 1651 1647 visum
1681 1604 1784 1659 est,
1828 1598 1953 1666 quia
2002 1599 2143 1654 circa
2189 1600 2330 1654 illam
2374 1599 2655 1670 epistolam
2696 1600 2814 1655 duae
2847 1600 3191 1657 difﬁcultates
3215 1612 3414 1656 exorta:
3440 1602 3675 1665 fuerant.
3724 1614 3785 1657 ut
3810 1620 3929 1658 mo-

692 1675 909 1731 nuimus
941 1678 992 1731 in
1018 1681 1162 1734 notis
1191 1680 1258 1735 ad
1292 1683 1559 1747 eamdem,
1619 1686 1815 1753 quibus
1841 1689 2111 1744 solvendis
2151 1690 2558 1745 difﬁcultatibus
2586 1707 2839 1762 magnum
2867 1692 3024 1746 affert
3057 1702 3387 1746 momentum
3421 1694 3535 1747 haec
3573 1702 3732 1747 vetus
3764 1694 3932 1747 inter-

694 1772 927 1836 pretatio
956 1771 1168 1828 Latina.
1201 1773 1354 1830 Prior
1377 1786 1559 1831 autem
1590 1778 1878 1835 difﬁcultas
1909 1783 2035 1838 hinc
2069 1784 2243 1838 oritur
2271 1784 2414 1853 quod
2446 1784 2606 1854 hujus
2651 1785 2914 1853 epistolae,
2963 1801 3083 1854 qua:
3108 1784 3245 1839 CXII
3274 1797 3607 1847 numeratur,
3652 1786 3839 1839 titulus
3874 1786 3927 1837 in

692 1862 946 1919 omnibus
976 1862 1101 1917 Mss.
1144 1874 1304 1935 atque
1353 1868 1524 1924 Editis
1563 1869 1643 1924 sic
1682 1868 1885 1927 habeat
1918 1892 1929 1927 :
1962 1875 2219 1947 Θεοδώρῳ
2276 1878 2577 1947 ὲπισκόπῳ,
2645 1877 2905 1931 Theodoro
2949 1878 3222 1944 episcopo;
3277 1876 3431 1944 cujus
3468 1885 3648 1928 autem
3694 1876 3928 1931 civitatis

691 1955 983 2025 episcopus
1040 1969 1184 2013 esset
1212 1976 1322 2014 non
1380 1964 1711 2018 enuntiatur.
1745 1964 1888 2021 Pene
1930 1978 2109 2023 tamen
2142 1987 2368 2027 concors
2396 1971 2726 2025 eruditorum
2775 1970 2960 2039 opinio
3016 1978 3151 2031 erat,
3200 1970 3344 2023 hunc
3397 1966 3745 2021 Theodorum
3810 1982 3929 2020 esse

694 2044 1156 2115 Mopsuestenum.
1186 2052 1254 2106 At
1280 2052 1334 2107 in
1356 2053 1597 2111 Concilio
1621 2058 1686 2124 V,
1719 2059 1889 2115 Tomo
1914 2061 1955 2115 ν
1987 2061 2219 2127 Labbmi,
2274 2080 2328 2132 p.
2361 2064 2481 2126 490,
2533 2071 2780 2133 negatur,
2823 2077 2945 2115 eum
2978 2062 3064 2116 cui
3110 2062 3221 2115 haec
3264 2061 3493 2113 mittitur
3529 2060 3761 2127 cpistola
3812 2074 3930 2112 esse

693 2140 1039 2197 Theodorum
1087 2144 1547 2216 Mopsuestenum.
1592 2151 1650 2207 In
1705 2153 2068 2226 Manuscripto
2115 2167 2294 2211 autem
2340 2167 2526 2212 nostro
2559 2157 2747 2210 titulus
2800 2165 2881 2210 est
2932 2155 3191 2209 :Joamn’s
3238 2151 3812 2218 Canstamiuopotitani
3862 2152 3931 2201 ad

695 2232 1019 2288 Theodorum
1049 2236 1470 2306 Mopsuesteuum
1493 2244 1805 2312 episcopum.
1834 2247 1970 2302 Hinc
1994 2249 2174 2303 videas
2197 2249 2308 2318 jam
2341 2249 2530 2318 priscis
2556 2248 2658 2301 illis
2692 2247 3023 2316 temporibus
3054 2243 3397 2299 Theodorum
3435 2244 3581 2297 illum
3612 2243 3927 2311 episcopum

691 2341 793 2394 pro
822 2325 1200 2396 Mopsuesleno
1224 2332 1462 2387 habitum
1488 2334 1677 2399 fuisse,
1709 2339 1760 2391 id
1793 2342 1933 2409 quod
1962 2344 2123 2397 etiam
2152 2344 2502 2397 confirmatur
2531 2357 2595 2395 ex
2622 2343 2972 2395 annotatione
3001 2347 3278 2408 sequente.

764 2418 1011 2474 Secunda
1042 2420 1327 2478 diﬁicultas
1364 2439 1427 2477 ex
1451 2426 1690 2495 epistotae
1716 2431 1821 2486 ﬁne
1842 2434 2100 2503 exsurgit,
2132 2434 2223 2487 ubi
2254 2460 2255 2463 η

2363 2434 2556 2504 legitur
2584 2432 2638 2486 in
2666 2432 2824 2486 Edito
2863 2441 3048 2485 nostro
3086 2450 3098 2485 :
3147 2429 3206 2482 οὐ
3237 2428 3344 2499 γὰρ
3377 2428 3472 2496 τὴν
3505 2426 3801 2496 τυχοῦσαν,
3837 2426 3927 2477 καὶ

688 2508 750 2561 ἐν
785 2510 988 2581 ἐρημίᾳ
1037 2513 1367 2583 καθήμενοι,
1415 2520 1771 2590 καρπούμεοα
1827 2524 1923 2593 τὴν
1976 2526 2342 2595 παράκλησιν,
2395 2527 2521 2578 ὅταν
2574 2522 2826 2576 τοσοῦτον
2883 2524 2941 2574 ἐν
2988 2522 3184 2591 καρδίᾳ
3231 2520 3501 2588 θησαυρὸν
3546 2519 3641 2569 καὶ
3701 2516 3929 2569 πλοῦτον

689 2604 1053 2675 ἀποκείμενον
1082 2606 1293 2677 ἔχωμεν
1314 2610 1414 2679 τῆς
1436 2612 1800 2685 ἐγρηγορυίας
1822 2620 1915 2670 καὶ
1943 2621 2194 2686 γενναίαις
2231 2637 2255 2671 ο

2363 2619 2522 2689 ιιυχῆς
2551 2618 2648 2687 τὴν
2678 2617 2898 2686 ἀγάπην
2933 2634 2945 2669 :
2980 2616 3018 2669 i.
3050 2632 3098 2669 e.
3129 2615 3306 2685 Neque
3346 2615 3501 2674 enim,
3553 2614 3608 2664 in
3660 2615 3760 2664 hac
3819 2613 3931 2663 licet

694 2696 972 2750 solitudine
991 2699 1168 2765 positi,
1190 2699 1459 2769 vulgarem
1486 2707 1893 2773 consolationem
1916 2710 2169 2776 capimus,
2197 2725 2313 2760 cum
2350 2718 2555 2761 tantum
2590 2709 2645 2760 in
2672 2708 2824 2759 corde
2850 2706 3148 2759 thesaurum
3177 2712 3451 2771 tantasque
3480 2718 3600 2769 opes
3629 2701 3927 2753 reconditas

689 2787 959 2854 habemus,
1001 2788 1095 2840 hoc
1129 2797 1224 2851 est,
1260 2791 1529 2859 vigilantis
1560 2812 1624 2847 ac
1659 2798 1891 2866 generosi
1934 2800 2099 2851 animi
2148 2801 2224 2851 tui
2255 2799 2551 2851 caritatem.

761 2874 917 2929 Ilunc
968 2891 1128 2944 porro
1158 2875 1333 2931 locum
1366 2879 1432 2934 ad
1460 2878 1750 2938 Frontonis
1793 2885 1971 2939 Ducaei
2020 2896 2074 2940 et
2121 2885 2301 2940 Savilii
2335 2885 2640 2940 Editionum
2693 2884 2853 2939 ﬁdem
2901 2883 3184 2938 edidimus.
3219 2881 3295 2935 Ex
3331 2891 3562 2950 quatuor
3591 2891 3777 2934 autem
3830 2880 3931 2931 Ma-

693 2967 1005 3036 nuscriptis,
1037 2967 1191 3035 queis
1221 2970 1301 3022 usi
1328 2982 1536 3039 sumus,
1575 2975 1785 3030 duobus
1812 2991 2008 3046 nempe
2040 2977 2331 3038 Vaticanis,
2368 2994 2476 3031 uno
2507 2978 2672 3047 Regio
2701 2988 2756 3031 et
2787 2992 2895 3030 uno
2924 2974 3273 3036 Coisliniano,
3318 2973 3514 3042 Regius
3540 2982 3592 3025 et
3639 2970 3932 3025 Vaticanum

692 3078 834 3117 unus
869 3063 1089 3122 habent,
1121 3061 1177 3111 ὲν
1222 3064 1416 3133 καρδίᾳ
1463 3064 1755 3136 Θησαυρόν,
1790 3076 1848 3122 ut
1876 3084 2065 3137 supra;
2099 3069 2187 3122 alii
2218 3083 2255 3121 a‘

2364 3084 2398 3120 n
2425 3068 2552 3133 duo,
2586 3070 2642 3119 ὲν
2680 3067 2899 3135 Κιλικίᾳ
2946 3064 3235 3135 θησαυρόν.
3272 3063 3443 3127 Quam
3472 3063 3759 3116 lectionem
3800 3079 3931 3117 con-

694 3154 872 3208 ﬁrmat
927 3152 1101 3207 Codex
1156 3162 1341 3207 noster
1386 3155 1862 3226 Sangermanensis
1912 3160 1969 3213 in
2002 3174 2110 3228 quo
2157 3159 2368 3228 legitur,
2421 3158 2577 3211 talem
2618 3159 2673 3209 iu
2727 3156 2911 3211 Cicilia
2954 3158 3274 3208 thesaurum.
3332 3152 3469 3207 lluic
3521 3153 3743 3207 lectioni
3795 3154 3933 3209 favet

695 3246 858 3301 etiam
905 3242 1189 3297 Facundus
1233 3243 1637 3302 Hermianensis
1682 3248 1773 3304 lib.
1819 3250 1870 3314 7,
1911 3266 2028 3320 cap.
2069 3251 2119 3315 7,
2174 3266 2228 3319 p.
2280 3250 2416 3314 635,
2475 3250 2617 3304 Edit.
2669 3248 2961 3311 Sirmondi,
3000 3246 3127 3309 fol.;
3156 3246 3245 3315 qui
3303 3245 3588 3299 Facundos
3617 3260 3837 3313 quoque
3879 3250 3934 3299 ἐν

695 3331 916 3405 Κιλικῖᾳ
946 3334 1162 3403 legerat.
1202 3334 1383 3404 itaque
1432 3338 1570 3393 hanc
1603 3336 1887 3394 lectionem
1936 3341 1992 3394 ὲν
2047 3340 2255 3410 Κιλικίᾳ

2363 3355 2482 3393 nam
2513 3338 2713 3392 ibidem
2749 3337 2804 3391 in
2840 3348 2967 3391 nota
3001 3352 3307 3406 germanam
3344 3350 3464 3388 esse
3498 3335 3931 3403 suspicabamur,

688 3423 800 3492 jam
832 3441 1013 3479 veram
1040 3443 1160 3482 esse
1188 3429 1619 3498 pronuntiamus,
1658 3431 1843 3497 sicque
1866 3444 2087 3498 prorsus
2112 3430 2395 3500 legendum
2425 3445 2544 3483 esse
2576 3443 2880 3483 censemus.
2910 3428 2965 3480 Si
2994 3443 3152 3496 porro
3177 3426 3492 3479 Theodorus
3526 3426 3614 3477 hic
3658 3426 3713 3477 in
3746 3424 3932 3478 Cilicia

694 3516 982 3585 episc0ptts
1016 3519 1195 3585 fuerit,
1239 3521 1381 3573 haud
1436 3520 1597 3574 dubie
1632 3520 2042 3589 Mopsuestenus
2072 3523 2191 3587 erit,
2230 3523 2373 3591 quod
2420 3524 2583 3575 etiam
2619 3522 2671 3574 in
2705 3521 2860 3573 titulo
2891 3520 3062 3573 fertur
3110 3518 3163 3571 in
3210 3517 3572 3584 Manuscripto
3613 3516 3934 3584 Sangcrma-

694 3612 873 3677 nensi,
908 3613 979 3665 ad
1020 3613 1335 3668 Theodorum
1375 3615 1785 3683 Mopsuesteuum
1816 3618 2132 3684 episcopum,
2183 3632 2303 3671 cum
2342 3616 2574 3684 alioquin
2606 3616 2813 3668 nullum
2836 3614 2998 3667 alium
3029 3615 3081 3666 in
3111 3612 3296 3666 Cilicia
3341 3612 3653 3679 episc0pum
3697 3610 3929 3679 Chryso-

693 3708 855 3762 stomi
899 3710 1133 3763 amicum
1165 3710 1329 3764 fuisse
1355 3711 1605 3775 sciamus,
1639 3720 1995 3779 praeterquam
2031 3710 2375 3764 Theodorum
2412 3710 2868 3779 Mopsuestenum.

766 3802 894 3854 llaec
944 3800 1123 3871 itaque
1175 3803 1336 3856 lectio
1387 3818 1484 3872 pro
1513 3812 1717 3857 asserta
1741 3804 1850 3873 jam
1878 3811 1930 3857 et
1960 3803 2257 3857 indubitata
2290 3803 2475 3857 haberi
2504 3803 2683 3857 debet.
2727 3803 2909 3871 Neque
2945 3811 3120 3855 tamen
3171 3798 3527 3853 omittendum
3562 3806 3670 3851 est.
3702 3796 3755 3849 id
3789 3796 3930 3864 quod

693 3891 946 3947 observat
980 3890 1379 3954 Tillemontius,
1413 3890 1622 3945 etiamsi
1654 3893 1710 3943 ὲν
1744 3890 1939 3960 καρδίᾳ
1984 3891 2271 3961 legeretur,
2310 3891 2453 3945 hunc
2495 3901 2674 3945 tamen
2718 3890 3060 3945 Theodorum
3087 3904 3205 3942 esse
3237 3887 3676 3955 Mopsucstenum
3709 3889 3933 3939 omnino

691 3993 945 4051 oportere
975 4001 987 4036 :
1017 3999 1141 4037 nam
1195 3984 1330 4037 duos
1358 3982 1531 4035 solum
1562 3981 1603 4032 Τ
1610 3980 1875 4034 heodoros
1915 3981 2183 4043 novimus,
2228 3978 2294 4031 ad
2322 3994 2457 4046 quos
2502 3979 2615 4032 haec
2640 3978 2863 4046 epistola
2913 3978 3076 4029 missa
3110 3975 3275 4029 fuisse
3311 3974 3565 4042 potuerit,
3596 3972 3931 4041 Mopsuestc-

693 4087 826 4125 num
855 4088 1050 4142 nempe
1080 4073 1134 4125 in
1161 4071 1367 4133 Cilicia,
1400 4080 1456 4124 et
1489 4069 1764 4139 Tyaneum
1796 4071 1851 4122 in
1878 4068 2234 4138 Cappadocia.
2260 4066 2476 4135 Tyaneo
2505 4077 2682 4119 autent
2714 4067 2859 4119 nulla
2894 4066 3059 4119 fuisse
3085 4062 3479 4118 consuetudine
3512 4062 3734 4129 junctus
3779 4062 3933 4116 vidc-

697 4173 784 4217 tur
813 4162 1259 4233 Cbrysostomus;
1291 4159 1563 4213 Theodori
1592 4168 1771 4211 autem
1803 4155 2161 4225 Mopsucsteni
2190 4172 2219 4209 a
2245 4171 2413 4225 puero
2443 4158 2647 4211 amicus
2673 4157 2870 4210 fuerat.

3328 4404 3693 4413 m..-m_.__a_.._
3707 4402 3901 4415 -_———

1568 4413 1801 4421 ἀ’-μ-

1203 4414 1565 4424 _—_—.————-—-

719 4413 941 4428 ———-

948 4414 1195 4425 ————.—__

937 4521 1017 4575 lix
1036 4520 1205 4573 codice
1232 4519 1351 4573 MS.
1378 4536 1518 4572 num.
1550 4518 1654 4574 526
1680 4518 2000 4573 Bibliotheca:
2026 4522 2182 4573 sancti
2216 4519 2453 4573 Germani
2470 4539 2500 4570 ιι
2529 4518 2829 4588 Ρναιίενᾳιιε
2857 4537 2987 4574 nono
3015 4521 3196 4574 uacula
3216 4520 3492 4588 descriptus
3518 4524 3632 4589 fuit.

1120 4654 1303 4720 incipit
1331 4652 1584 4707 Johannis
1609 4652 2172 4722 ConstantinOpolitani
2203 4653 2268 4707 ad
2293 4653 2627 4708 Theodorum
2658 4653 3078 4724 Mopsuestenum
3103 4654 3446 4725 Episcopum.

766 4790 820 4846 Si
847 4795 988 4844 esset
1015 4785 1222 4855 quidem
1246 4784 1424 4838 venire
1450 4783 1717 4852 possibile,
1747 4793 1989 4851 tuamque
2016 4798 2263 4838 reveren-

697 4884 820 4937 tiam
850 4880 1224 4946 caritatemque
1253 4874 1552 4942 complecti,
1586 4874 1635 4926 in
1665 4874 1771 4941 ipsa
1798 4872 2071 4942 jucundari
2093 4912 2107 4934 ,
2138 4888 2257 4925 cum

696 4976 857 5027 multa
903 4972 1003 5024 hoc
1050 4968 1323 5022 velocitate
1358 4976 1412 5019 et
1453 4966 1626 5019 studio
1654 4966 1979 5018 faceremus:
2013 4965 2255 5033 quoniam

674 5073 872 5116 -autcm
905 5061 1004 5114 hoc
1028 5059 1178 5112 nobis
1204 5073 1306 5110 non
1334 5055 1559 5125 adjacet,
1591 5071 1730 5109 nunc
1757 5056 1921 5109 literis
1946 5055 2043 5108 hoc
2073 5055 2257 5123 imple-

696 5167 833 5207 mus.
860 5152 912 5205 Si
957 5150 1095 5203 enim
1141 5148 1205 5200 ad
1254 5148 1398 5215 ipsos
1445 5146 1576 5200 ﬁnes
1618 5145 1798 5200 mundi
1838 5145 2124 5204 ducamur,
2158 5158 2258 5198 tua:

694 5240 991 5298 dilectionis
1019 5238 1367 5306 integritatem
1394 5246 1447 5289 et
1471 5237 1749 5298 fervorem,
1779 5245 1833 5289 et
1858 5238 1973 5288 sine
1999 5236 2121 5288 dolo
2150 5236 2256 5287 sin-

692 5313 965 5388 ceritatem
992 5328 1227 5382 oblivisci
1258 5341 1362 5379 non
1392 5340 1685 5393 possumus,
1713 5340 1827 5393 qua:
1855 5334 1935 5378 est
1961 5325 2169 5390 antiqua
2202 5332 2256 5375 et

693 5438 722 5474 a
762 5419 1016 5490 principio
1040 5460 1053 5479 ,
1080 5431 1341 5485 quantque
1374 5429 1512 5467 nunc
1543 5414 1862 5466 monstrasti.
1892 5413 2071 5481 Neque
2112 5414 2251 5464 enim

694 5525 788 5563 nos
816 5508 965 5563 latuit
992 5516 1184 5575 quanta
1217 5520 1311 5572 pro
1339 5504 1489 5556 nobis
1515 5514 1568 5555 et
1606 5503 1777 5555 dicere
1816 5513 1866 5554 ct
1906 5504 2075 5555 facere
2105 5501 2252 5555 festi-

693 5601 849 5665 naSti,
871 5613 1020 5654 meus
1045 5596 1156 5665 (sic)
1180 5595 1578 5649 honoratissimo
1600 5604 1754 5662 atque
1779 5596 2126 5649 sanctissime.
2151 5594 2253 5649 Sed

2366 4785 2461 4837 etsi
2488 4784 2618 4838 nihil
2643 4786 2866 4855 amplius
2892 4786 3081 4840 factum
3109 4796 3222 4849 est,
3254 4787 3416 4839 Deum
3445 4796 3617 4841 tamen
3653 4788 3812 4843 habes
3838 4806 3930 4858 pro

2368 4880 2454 4926 tuo
2480 4875 2653 4929 studio
2677 4884 2729 4930 et
2754 4877 3022 4930 alacritate
3046 4875 3336 4930 debitorem
3358 4919 3372 4941 ,
3398 4878 3757 4949 integramque
3785 4896 3931 4934 mer-

2364 4964 2567 5018 cedem.
2594 4965 2697 5018 Nos
2724 4975 2893 5018 autem
2921 4981 3024 5018 non
3054 4966 3389 5034 quiescimus,
3421 4969 3649 5023 scientes
3681 4980 3779 5022 tua:
3807 4985 3918 5038 gra-

2365 5057 2491 5109 tiam
2530 5056 2854 5119 sanctitatis,
2882 5065 2934 5109 et
2962 5066 3102 5108 tuam
3144 5060 3487 5112 reverentiam
3519 5063 3761 5113 omnibus
3791 5075 3927 5128 pra:-

2363 5146 2598 5198 dicantes
2619 5187 2632 5207 ,
2661 5156 2816 5214 atque
2857 5156 3133 5214 poscentes
3174 5149 3412 5203 eamdem
3457 5150 3792 5205 dilectionem
3821 5152 3921 5204 ﬂu-

2363 5245 2563 5289 rentem
2597 5252 2687 5303 per
2712 5237 2885 5289 omnia
2930 5238 3251 5293 conservari.
3280 5238 3391 5292 Non
3437 5241 3578 5293 enim
3622 5241 3672 5293 in
3714 5241 3928 5295 deserto

2361 5326 2608 5380 sedentes
2662 5324 2885 5378 fortuita:
2936 5328 3327 5383 intercessionis
3380 5331 3580 5384 fructus
3632 5330 3925 5395 habemus,

2360 5415 2567 5481 qitztndo
2587 5416 2739 5467 talem
2760 5416 2808 5467 in
2825 5416 3001 5469 Cilicia
3022 5416 3319 5470 thesaurum
3340 5428 3389 5471 ct
3412 5420 3706 5472 reconditas
3721 5421 3928 5475 divitias

2364 5506 2718 5571 possidemus:
2740 5506 2849 5559 lucc
2867 5516 2945 5560 est
2966 5509 3100 5561 enim
3127 5507 3276 5563 fortis
3299 5517 3350 5560 et
3372 5509 3590 5576 vigilans
3616 5511 3802 5562 aninnc
3823 5522 3925 5564 ttae

2359 5597 2589 5649 dilectio.
2626 5595 2870 5664 Explicil.
