4104 6322
225 372 351 425 517
1471 370 1740 425 SPURIA.
1774 400 1841 408 —

1878 363 2214 424 MONITUM.
3371 374 3486 431 518

860 636 3439 673 mm

1484 1081 2194 1210 SPURIA.

1749 1404 1945 1418 ,..——_

1638 1711 2013 1776 MONITUM

1149 1917 1227 1979 ΙΝ
1288 1917 1489 1978 DUAS
1555 1917 1946 1981 HOMILIAS
2007 1918 2485 1992 SEQUENTES.

274 2149 430 2223 [552]
458 2150 628 2205 Hasce
663 2150 908 2206 liomilias
941 2151 1182 2221 ejusdem
1219 2152 1455 2207 auctoris
1500 2167 1620 2207 esse
1648 2168 1754 2208 non
1796 2162 1881 2208 est
1911 2154 2054 2224 quod
2080 2152 2410 2220 dubitemus,
2444 2153 2516 2208 ita
2540 2153 2675 2223 stle
2706 2161 2760 2208 et
2792 2152 3027 2208 dictione
3054 2152 3258 2208 similes
3283 2161 3411 2209 sunt
3441 2167 3457 2205 :

206 2274 263 2319 et
302 2265 543 2335 alioquin
576 2265 628 2318 in
664 2264 900 2319 secunda
930 2273 1303 2334 argumentum
1353 2267 1540 2337 primae
1592 2267 1659 2321 ab
1708 2267 1860 2321 initio
1893 2268 2256 2337 prosequitur.
2312 2266 2429 2321 Non
2471 2280 2589 2321 esse
2625 2275 2804 2320 autem
2848 2264 3239 2335 Chrysostomi,
3284 2265 3461 2333 quivis

204 2395 479 2439 cmunctaz
535 2385 677 2439 naris
732 2387 911 2440 statim
964 2387 1243 2456 percipiat.
1295 2385 1399 2440 Sed
1442 2386 1695 2440 libentius
1725 2387 1938 2441 credam
1974 2401 2092 2440 esse
2139 2385 2439 2455 cuiuspiam
2481 2400 2546 2438 ex
2588 2383 2916 2454 presbyteris
2945 2381 3323 2447 Antioclienis,
3366 2378 3458 2450 qui

203 2499 578 2570 Chrysostomi
612 2511 851 2572 tempore
881 2502 1101 2557 alternis
1128 2504 1337 2559 vicibus
1367 2520 1547 2558 coram
1578 2504 1831 2559 Flaviano
1870 2505 2123 2574 episcopo
2150 2504 2453 2560 Antiochiae
2497 2502 2976 2559 concionabantur.
3014 2500 3151 2558 Hinc
3182 2511 3266 2556 est
3313 2500 3457 2570 quod

206 2622 261 2674 in
288 2620 451 2675 linem
480 2623 665 2690 prima:
694 2622 1056 2690 lmmiliazpzoﬁ
1090 2625 1267 2678 κοινοῦ
1302 2626 1525 2695 πατρός,
1559 2628 1845 2679 communis
1895 2628 2085 2694 patris,
2125 2628 2329 2681 mentio
2359 2626 2610 2692 habetur,
2650 2637 2905 2696 tanquam
2952 2623 3254 2696 praesentis.
3304 2622 3460 2690 Quod

206 2739 349 2794 forte
376 2741 633 2811 judicium
664 2743 946 2799 ferendum
975 2756 1057 2799 est
1102 2745 1167 2801 de
1202 2747 1320 2800 aliis
1348 2746 1595 2817 plurimis
1622 2746 1955 2802 orationibus
2009 2747 2062 2801 in
2089 2746 2241 2815 queis
2268 2746 2357 2801 ille
2399 2745 2702 2801 communis
2738 2753 2893 2814 pater
2932 2757 3171 2814 praesens
3214 2754 3457 2795 comme-

209 2860 475 2907 moratur.
520 2853 671 2907 llanc
721 2864 923 2920 autem,
959 2865 1013 2910 ut
1066 2866 1119 2910 ct
1172 2856 1493 2912 innumeras
1512 2858 1642 2911 alias
1672 2856 2058 2927 Chrysrstumo
2108 2858 2409 2928 adscriptas
2436 2858 2755 2927 reperimus,
2793 2858 2905 2910 sive
2955 2855 3189 2911 librariis
3218 2864 3459 2924 quaestus

206 2977 376 3016 causa
405 2964 524 3019 illas
552 2974 660 3021 tam
686 2968 881 3023 celebri
912 2972 1130 3025 nomine
1160 2971 1591 3042 insignientibus,
1630 2972 1680 3028 id
1734 2974 1877 3044 quod
1903 2973 2200 3044 saepissime
2243 2974 2457 3041 accidit,
2486 2974 2599 3029 sive
2639 2973 2761 3028 aliis
2791 2970 3145 3041 scriptoribus
3169 2970 3457 3025 temerario

208 3088 347 3129 ausu
370 3076 534 3133 l‘cetus
566 3095 691 3136 suos
714 3089 863 3138 tanto
896 3083 1100 3139 doctori
1130 3084 1584 3153 adscribentibus,
1610 3094 1669 3141 ut
1711 3086 2027 3145 melioribus
2066 3055 2324 3157 auspiciis
2356 3087 2408 3143 in
2440 3086 2714 3157 publicum
2746 3085 3041 3156 prodirent.
3076 3083 3457 3154 lnterpretotio

207 3192 494 3265 utriusque
525 3196 793 3254 sermonis
822 3206 904 3255 cst
939 3196 1224 3257 r"rontonis
1253 3201 1452 3257 Ducaei.
