4104 6322
665 369 779 425 519

2139 342 2378 402 διιωιιει
2391 386 2405 401 .

3839 361 3953 417 520

696 473 3477 500 ww“—

652 593 872 638 ειειιιιο
919 594 981 636 ΙΝ
1032 594 1242 644 [LL-U1),
1294 592 1465 634 VlDlT
1510 593 1668 636 DEUS
1711 594 1953 637 CU'NCTA
2000 594 2141 647 ΟΠΞ
2184 597 2230 638 F.

2335 598 2495 652 ειιΑτ,
2552 600 2632 642 ET
2675 601 2831 644 nec:
2880 602 3081 646 VALDE
3124 604 3284 648 BONA
3332 587 3509 666 (Gen.
3572 589 3631 650 1.
3679 587 3823 676 31);
3875 607 3946 650 ΕΤ

1051 700 1131 740 DE
1179 700 1278 753 EO,
1325 697 1493 750 QUOD
1541 698 1756 740 DIVINA
1807 697 2074 750 ELOQUIA
2118 699 2421 744 JUCUNDIS
2465 701 2821 756 QUIBUSQUE
2857 705 3057 750 REBUS
3101 707 3575 752 ANTECELLUNT.

2116 810 2431 870 ᾦξε-Θ

726 928 778 981 1.
807 924 1031 980 Pulchra
1058 938 1186 978 sane
1215 931 1338 976 sunt
1366 922 1574 990 pietatis
1602 930 1748 990 prata
1774 961 1789 986 ,
1819 936 1937 988 qum
1965 934 2070 975 non
2096 934 2234 975 tem-

651 997 878 1068 porariis
925 994 1192 1068 colgribus
1247 994 1474 1068 nitent,_
1510 990 1602 1068 sed
1657 991 1957 1068 melestilms
1998 990 2237 1068 ﬂoribus

653 1061 967 1122 redundant.
1001 1065 1183 1118 Flores
1211 1077 1387 1118 autem
1428 1061 1633 1130 pietatis
1663 1070 1818 1125 sunt,
1849 1061 2102 1115 divinitus
2152 1061 2235 1115 in-

651 1139 864 1206 spirata:
903 1135 1332 1206 conversationis
1354 1134 1573 1206 fructus.
1601 1131 1852 1206 Virtutes
1875 1133 2016 1206 enim
2042 1131 2107 1185 ad
2137 1132 2240 1185 ad-

652 1202 950 1263 mirabilem
992 1206 1135 1258 illam
1177 1215 1230 1259 et
1258 1203 1622 1273 primigeniam
1651 1202 2096 1273 pulchritudinem
2141 1216 2239 1273 nos

649 1279 948 1342 reducunt,
989 1291 1106 1343 quae
1149 1276 1213 1328 ad
1259 1271 1547 1343 imaginem
1595 1271 1663 1326 et
1693 1272 2089 1325 similitudinem
2143 1271 2236 1343 Dei

649 1292 948 1342 τιξαιιοιιιιι,
1027 1292 1106 1328 1Ιῖιέ
1149 1292 1213 1328 (1
1267 1292 1547 1343 Imaginem
1595 1292 1647 1326 Cl
1693 1292 2089 1325 sumntuumem
2143 1292 2233 1327 UBI

649 1360 828 1403 creata
850 1292 1130 1402 eratfllmc
1153 1347 1327 1412 itaque
1348 1343 1638 1397 secundum
1656 1343 1902 1396 virtutem
1925 1342 2233 1408 similitudo,

649 1435 845 1486 equum
883 1433 981 1487 pro
1024 1411 1524 1487 liomine’dicrnon
1572 1413 1716 1487 sinit.
1764 1413 1909 1467 llane
1957 1412 2138 1487 utique
2186 1411 2232 1467 si

649 1482 932 1552 sectemur,
951 1503 1054 1541 non
1071 1486 1180 1556 jam
1196 1486 1367 1556 lupus,
1381 1484 1543 1538 draco
1557 1483 1638 1556 vel
1655 1498 1884 1556 serpens
1886 1498 1913 1535 a
1922 1482 2233 1556 ppellamur,

649 1561 714 1614 ad
746 1561 1018 1614 brutorum
1045 1553 1284 1610 naturam
1304 1555 1517 1623 dejecti,
1543 1553 1635 1609 sed
1660 1555 1830 1619 imago
1857 1553 1947 1606 Dei
1975 1554 2234 1623 stupenda

649 1639 808 1698 atque
837 1627 1134 1682 veneranda
1161 1667 1178 1691 ,
1208 1641 1324 1695 qua:
1353 1624 1716 1695 primigeniam
1763 1623 1908 1698 illam
1937 1623 2234 1691 pulchritu-

649 1692 827 1754 dinem
877 1699 1058 1752 forma:
1104 1692 1299 1750 retinet
1321 1737 1334 1759 ,
1353 1692 1423 1750 'et
1445 1692 1658 1759 sumus,
1688 1701 1741 1748 et
1771 1692 2007 1764 dicimur
2028 1735 2043 1758 ,
2075 1702 2234 1764 atque

648 1771 785 1824 adeo
832 1769 1117 1823 credimur.
1153 1765 1344 1819 Factus
1382 1781 1441 1820 es
1482 1765 1730 1819 dominus
1770 1763 2096 1828 bestiarum;
2125 1763 2233 1820 noli

651 1855 926 1893 servorum
970 1851 1147 1891 mores
1189 1836 1381 1890 imitari
1408 1854 1420 1889 :
1447 1851 1551 1890 non
1593 1834 1730 1904 quod
1763 1835 1898 1888 mala
1929 1833 2232 1904 sintﬂbruta

646 1911 893 1964 animalia
920 1926 933 1964 :
958 1907 1088 1962 nihil
1118 1907 1257 1960 enim
1287 1906 1410 1959 mali
1440 1920 1469 1959 a
1498 1906 1635 1959 bono
1661 1913 1898 1959 creatum
1925 1913 2026 1958 est.
2049 1903 2232 1974 Neque

646 1984 787 2035 enim
811 1981 1074 2034 existimet
1094 1977 1369 2047 quisquam
1395 1977 1447 2029 in
1478 1976 1588 2029 vitii
1612 1975 1730 2029 loco
1755 1974 2089 2047 reponendas
2109 1989 2230 2047 esse

645 2051 864 2115 bestias,
888 2050 1024 2119 quod
1057 2044 1320 2114 tamquam
1352 2048 1607 2119 imagines
1635 2044 1874 2114 quaedam
1905 2046 2151 2119 vitiorum
2177 2046 2230 2100 in

645 2122 880 2176 medium
907 2116 1243 2189 proferantur
1267 2158 1281 2178 ,
1303 2132 1421 2189 quae
1447 2116 1499 2170 in
1527 2117 1592 2169 iis
1619 2123 1882 2189 regnant,
1914 2117 2004 2185 qui
2029 2130 2132 2170 non
2159 2130 2230 2170 ex

643 2185 953 2267 praescripto
977 2189 1184 2267 virtutis
1207 2185 1365 2267 vitam
1380 2186 1596 2267 degunt.
1623 2185 1753 2239 Nam
1777 2187 1821 2267 si
1848 2186 1916 2239 ita
1937 2194 2098 2267 esset,
2132 2200 2231 2267 cur

644 2255 878 2319 dixisset
894 2261 1164 2328 Scriptura
1185 2299 1200 2322 ,
1230 2255 1467 2325 Viditque
1493 2255 1630 2310 Deus
1655 2264 1835 2328 cuncta
1852 2271 1974 2328 (qua;
2005 2259 2225 2326 fecerat,

645 2345 696 2388 et
737 2350 846 2386 ecce
890 2327 1198 2399 bonai(Gen.
1243 2329 1445 2399 1.31),
1478 2342 1649 2397 neque
1687 2327 1999 2399 simpliciter
2034 2328 2225 2399 Bonam,

641 2403 740 2460 sed
767 2402 920 2456 Valde
933 2396 1094 2455 bona?
1108 2397 1330 2467 Quando
1350 2396 1506 2468 igitur
1522 2396 1608 2454 res
1633 2405 1824 2452 creatae
1848 2398 1898 2451 in
1929 2396 2230 2452 similitudi-
2245 2424 2258 2436 -

644 2488 769 2530 item
797 2473 1012 2528 malitiae
1039 2471 1369 2524 adducuntur
1402 2469 1559 2538 (nam
1590 2477 1644 2524 et
1687 2469 1770 2523 leo
1800 2469 2010 2538 tyranni
2052 2469 2227 2538 imago

645 2553 747 2606 est,
764 2551 817 2597 et
837 2555 1053 2611 serpens
1081 2542 1278 2611 versuti
1306 2537 1554 2602 hominis,
1579 2537 2020 2611 quiquemoribus
2040 2537 2228 2611 sitne-

645 2608 939 2682 quissimis,’
963 2622 1016 2665 et
1040 2609 1279 2682 scorpius
1301 2609 1629 2682 percussoris
1654 2648 1668 2669 ,
1694 2615 1748 2682 et
1776 2608 1932 2682 lupus
1955 2608 2183 2676 rapacis)
2207 2646 2223 2671 ,

645 2677 912 2753 quomodo
939 2695 1023 2736 res
1047 2677 1238 2753 creatae
1261 2681 1421 2753 honre
1445 2679 1706 2753 dicentur,
1737 2677 1905 2746 inquit
1925 2692 2086 2753 ,_qua:
2118 2686 2222 2753 tarn

645 2747 829 2822 aperte
860 2763 1124 2820 tamquam
1156 2749 1523 2822 similitudines
1562 2749 1808 2822 vitiorum
1821 2819 1829 2822 _
1854 2747 2226 2822 proferuntur}

649 2816 840 2879 Verum
869 2816 1045 2894 operae
1088 2821 1313 2889 pretium
1350 2828 1432 2894 est
1460 2819 1753 2887 intelligant
1779 2816 2016 2894 discendi
2043 2817 2224 2886 cupidi

647 2898 792 2958 haec,
823 2896 865 2948 si
896 2889 1164 2962 spectetur
1191 2891 1401 2962 propria
1431 2904 1614 2962 eorum
1647 2896 1853 2962 natura,
1888 2889 2021 2940 mala
2052 2901 2223 2956 neque

644 2980 784 3029 esse,
822 2959 994 3033 neque
1021 2962 1125 3016 dici
1145 3003 1159 3026 ,
1188 2960 1282 3016 sed
1306 2974 1423 3033 eam
1453 2959 1629 3028 potius
1654 2959 2012 3033 conditionem
2037 2967 2093 3033 e_t_
2118 2967 2227 3012 sta-

646 3045 757 3093 tum
778 3078 792 3101 ,
819 3029 920 3104 qui
946 3033 1162 3088 rationis
1190 3030 1784 3108 espertibusnconvenit
1827 3029 2181 3108 animantibus
2208 3043 2222 3079 :

645 3099 919 3176 postquam
947 3111 1119 3158 autem
1143 3102 1345 3176 ratione
1364 3099 1634 3176 praeditam
1654 3108 1893 3176 naturam
1911 3099 2223 3176 invaserint,

645 3170 878 3245 speciem
910 3176 1025 3243 ejus
1053 3171 1376 3245 contumelia
1397 3170 1632 3245 afficere,
1661 3179 1713 3224 et
1739 3170 2048 3245 rationalem
2078 3170 2228 3245 inge-

646 3237 904 3302 nuitatem
935 3237 1256 3299 obtusiorem
1287 3241 1530 3295 reddere.
1558 3239 1845 3308 Accepisti,
1876 3254 1908 3292 ο
1936 3237 2116 3304 homo,
2140 3237 2230 3293 7di-

685 3318 896 3370 nitatem
929 3316 1040 3369 heri
1066 3331 1080 3377 ;
1109 3313 1213 3365 noli
1241 3312 1644 3380 ignominiosam
1672 3321 1723 3364 et
1748 3311 1915 3363 servis
1936 3323 2226 3380 congruam

685 3333 896 3370 nitatem
929 3333 1040 3369 nert
1066 3333 1080 3377 ;
1109 3333 1213 3365 non
1241 3333 1644 3380 tgttuutlnlusulll
1672 3333 1723 3364 et
1748 3333 1915 3363 servm
1939 3333 2226 3379 congruam

643 3333 936 3444 bestiarum
965 3383 1322 3439 conditionem
1353 3381 1542 3434 sectari
1571 3398 1582 3432 :
1610 3382 1832 3448 teipsum
1860 3379 2000 3433 enim
2035 3381 2228 3448 probro

644 3457 814 3514 afﬁcis
842 3497 854 3519 ,
887 3457 1010 3508 dum
1053 3453 1341 3506 bestiarum
1388 3450 1767 3502 immanitatem
1821 3449 2048 3519 imitaris
2075 3466 2087 3500 :
2120 3464 2225 3502 non

644 3527 796 3596 quasi
831 3517 981 3578 malae
1012 3523 1258 3596 sint,_aut
1287 3521 1528 3596 dicantur
1551 3519 1760 3596 bestiae,
1793 3518 1884 3572 sed
1913 3517 2229 3596 quodﬁigno-

647 3588 873 3653 thiniosa
903 3603 956 3648 et
981 3591 1188 3647 servilis
1218 3591 1390 3658 imago
1414 3589 1592 3643 liberis
1611 3605 1713 3642 non
1731 3588 2230 3654 conveniat.Quem-

646 3666 931 3724 admodum
983 3664 1123 3717 enim
1174 3662 1217 3714 si
1267 3660 1345 3712 vir
1387 3660 1647 3728 quispiam
1691 3659 1908 3712 illustris
1937 3667 1990 3712 et
2034 3659 2227 3712 nobilis

649 3737 833 3791 servili
864 3746 981 3804 toga
1007 3734 1074 3787 sit
1102 3732 1315 3785 indutus
1335 3731 1694 3804 autamictus,
1714 3729 1908 3804 probro
1924 3728 2154 3804 afficitur
2177 3738 2232 3783 et

651 3799 943 3877 ignominia
985 3813 1194 3877 notatur
1218 3843 1232 3866 ,
1262 3815 1365 3854 non
1396 3801 1726 3877 quod_vesti_s
1767 3800 1853 3853 illa
1893 3799 1963 3877 s_i_t_
1986 3799 2103 3853 vilis
2141 3809 2232 3853 aut

649 3869 883 3940 sordida,
913 3875 1004 3929 sed
1037 3874 1176 3942 quod
1205 3869 1648 3942 servum’quidem
1672 3871 1878 3933 deceat,
1910 3869 2230 3942 liberavero

649 3964 759 4003 non
790 3939 1070 4001 conveniat
1099 3961 1113 4002 ;
1142 3944 1210 3995 ita
1240 3943 1283 3995 si
1324 3939 1516 4010 scorpii
1549 3941 1761 4010 lupique
1795 3953 1972 4010 mores
1992 3939 2192 4010 induas
2213 3981 2226 4003 ,

652 4033 758 4072 non
813 4017 1084 4070 brutorum
1133 4023 1410 4066 accusatur
1451 4009 1687 4076 natura,
1731 4009 1824 4063 sed
1869 4009 2102 4064 conditio
2143 4018 2229 4063 tua

652 4089 849 4156 probro
872 4086 1119 4156 afficitur,
1137 4098 1252 4152 quae
1278 4082 1700 4156 domini__sortem
1730 4094 1849 4133 cum
1877 4079 2142 4156 nacta_sit_,
2168 4094 2231 4134 ea

653 4151 771 4228 qua:
799 4164 920 4228 sunt
949 4151 1437 4228 serviliasectatur.
1473 4151 1596 4228 llaec
1621 4164 1763 4228 a‘me
1785 4151 2086 4228 necessario
2114 4151 2228 4203 fue—

653 4220 778 4282 funt
804 4227 852 4279 in
886 4224 1113 4278 medium
1137 4222 1313 4284 allata,
1339 4237 1404 4274 ne
1427 4222 1542 4288 quis
1563 4235 1623 4273 ea
1642 4220 1775 4273 forte
1794 4235 1911 4288 qua:
1932 4220 2067 4271 dicta
2086 4229 2228 4284 sunt,

654 4299 720 4352 ad
752 4297 1088 4366 ignominiam
1115 4292 1384 4345 Creatoris
1411 4290 1683 4366 traducat,
1712 4290 1860 4357 quasi
1896 4289 2092 4366 malum
2135 4290 2231 4342 ali-

654 4357 796 4437 quod
837 4364 1016 4420 fecerit
1066 4363 1242 4437 Deus:
1269 4377 1389 4437 vere
1428 4361 1567 4437 enim
1593 4360 1743 4437 bona
1782 4366 1902 4412 sunt
1931 4357 2104 4437 omnia
2132 4399 2148 4423 ,
2177 4367 2232 4412 et

655 4430 810 4491 valde
843 4437 1008 4498 bona,
1044 4436 1086 4486 si
1119 4433 1382 4501 propriam
1410 4430 2116 4501 conditionemconservent
2134 4467 2147 4491 ,
2175 4439 2230 4482 et

656 4523 808 4562 suam
840 4507 1008 4574 legem
1037 4498 1321 4574 sectentur.
1351 4505 1524 4570 Atque
1546 4510 1602 4554 ut
1627 4498 1904 4574 intelligas,
1933 4498 2225 4562 carissime,

659 4579 787 4630 nihil
817 4592 845 4630 a
881 4571 987 4628 beo
1017 4573 1138 4626 mali
1175 4580 1411 4627 creatum
1440 4585 1558 4625 esse
1587 4613 1599 4633 ,
1635 4571 1676 4623 si
1707 4581 1943 4622 naturam
1984 4575 2189 4636 spectes
2213 4608 2225 4631 ,

657 4648 835 4701 docuit
870 4661 966 4699 nos
999 4645 1140 4698 Deus
1166 4653 1219 4696 et
1250 4643 1545 4696 belluarum
1575 4639 1977 4696 similitudinem
2007 4653 2231 4706 usurpa-

657 4733 735 4770 re.
760 4717 1044 4769 Admonuit
1063 4714 1201 4766 enim
1232 4722 1286 4766 ut
1306 4711 1562 4781 quasdam
1581 4714 1731 4765 dotes
1754 4711 2232 4778 praerogativasque

658 4787 931 4839 brutarum
963 4784 1305 4837 animantium
1337 4784 1684 4843 imitaremur,
1709 4797 1775 4834 ne
1804 4789 2070 4847 tamquam
2095 4781 2230 4831 mala

659 4856 972 4908 damnemus
1018 4865 1071 4908 et
1114 4854 1498 4908 calumniemur
1545 4866 1662 4920 qua:
1708 4858 1883 4904 creata
1924 4857 2090 4912 sunt,
2124 4863 2228 4902 non

659 4925 950 4992 generatim
983 4939 1166 4977 eorum
1195 4933 1436 4976 naturam
1465 4963 1479 4989 ,
1510 4922 1602 4975 sed
1629 4933 1974 4990 quaecumque
1999 4919 2232 4992 rationa-

655 4988 782 5049 liutn
828 4993 1113 5046 conditioni
1169 4993 1434 5060 potuerint
1467 4988 1785 5045 convenire.
1836 4993 2027 5060 Annon
2076 4988 2232 5060 hodie

655 5063 1064 5120 Proverbiorum
1109 5057 1380 5117 auctorem
1413 5061 1600 5116 audisti
1649 5061 1946 5123 dicentem,
1989 5057 2126 5111 Vade
2165 5059 2232 5110 ad

681 5137 918 5189 ormicam
942 5173 956 5196 ,
984 5134 1154 5201 piger,
1189 5140 1235 5184 et
1277 5133 1516 5186 tantulam
1557 5133 1662 5184 vias
1703 5132 1812 5200 ejus
1842 5127 2021 5196 (Prov.
2054 5128 2105 5182 6.
2131 5128 2232 5251 6??

655 5141 770 5262 lion
800 5203 1175 5258 animadvertis
1209 5216 1314 5262 quo
1351 5213 1503 5262 pacto
1533 5203 1797 5262 proposita
1836 5199 2070 5252 formicas.
2108 5197 2159 5251 di
2186 5198 2232 5250 i-

706 5223 770 5258 un
800 5197 1175 5258 animadvertis
1209 5216 1314 5268 quo
1351 5213 1503 5268 pacto
1533 5197 1797 5270 proposita
1836 5197 2233 5270 formictndilif

654 5277 832 5346 gentia
862 5271 1052 5346 nosad
1085 5271 1363 5346 impigrum
1393 5268 1917 5346 quoddam‘studinm
1943 5268 2231 5346 erudierit]

658 5338 844 5400 Nonne
873 5354 922 5398 te
947 5342 1144 5396 diserte
1173 5338 1450 5394 decuimus
1478 5356 1504 5392 a
1535 5341 1748 5394 formica
1776 5339 2099 5406 diligentiam
2123 5378 2136 5401 ,
2166 5338 2232 5393 ab

653 5433 752 5484 ape
784 5430 908 5474 vero
933 5411 1395 5484 artificiiamorem
1419 5413 1441 5462 Υ
1468 5411 1613 5484 Licet
1638 5413 1779 5465 enim
1807 5409 1978 5475 nobis,
2012 5409 2148 5484 licet,
2176 5417 2234 5461 ut

655 5479 776 5543 ante
797 5485 925 5549 di"i,
944 5494 997 5538 et
1023 5483 1307 5537 beSIiarum
1337 5481 1706 5549 prterogativas
1733 5490 1788 5535 et
1815 5479 2091 5534 commoda
2113 5493 2232 5547 qua:

655 5556 945 5611 conditioni
995 5561 1187 5607 nostra:
1217 5552 1567 5611 conveniunt,
1597 5551 1661 5603 ad
1701 5551 2009 5602 imitandum
2041 5549 2230 5603 decer-

657 5644 783 5696 pere
810 5645 821 5680 :
850 5622 1355 5696 verumtamenuista
1397 5621 1461 5673 ad
1487 5619 1745 5696 pudorem
1777 5619 1935 5696 nobis
1967 5620 2230 5696 incutien-

652 5689 778 5750 dum
813 5697 1166 5764 probrumque
1193 5693 1455 5764 dicuntur.
1481 5690 1703 5764 Quando
1732 5690 1871 5743 enim
1907 5690 2071 5743 Deum
2112 5689 2231 5741 imi-

657 5770 754 5821 tari
784 5759 1019 5830 noluisti,
1055 5759 1260 5818 imitare
1293 5762 1584 5816 formicam.
1615 5759 1982 5829 Numquamne
2027 5768 2229 5830 patrem

2344 922 2518 999 vidisti
2545 924 2632 999 qui
2663 923 2914 999 dilectum
2947 925 3111 999 filium
3132 927 3452 999 objurgaret,
3487 941 3539 984 et
3572 941 3692 999 post
3718 935 3944 988 multam

2346 992 2748 1048 instructionem
2776 995 2841 1049 ad
2870 992 3214 1051 imitationem
3243 992 3557 1053 famulorum
3573 992 3710 1056 "eum
3751 1005 3943 1058 tradu-

2343 1072 2510 1134 ceret,
2535 1074 2691 1132 atque
2715 1066 2826 1118 haec
2849 1068 3019 1134 palam
3043 1068 3280 1124 diceret:
3305 1070 3515 1125 Imitare
3536 1073 3727 1126 saltem
3760 1073 3944 1128 famu-

2343 1133 2450 1185 lum
2479 1174 2493 1196 ,
2522 1134 2776 1202 dignitate
2805 1133 3017 1203 quidem
3049 1138 3350 1194 inferiorem
3377 1181 3392 1205 ,
3423 1150 3476 1193 at
3506 1143 3731 1196 scientia
3761 1155 3945 1198 tamen

2344 1205 2805 1280 praestantiorem?
2835 1207 3195 1271 Quamobrem
3246 1209 3658 1280 benignissimus
3701 1215 3850 1268 Deus
3878 1217 3945 1269 ad

2341 1275 2735 1351 coarguendum
2787 1286 3059 1351 stuporem
3103 1275 3395 1343 nostrum:
3413 1281 3683 1336 formicam
3733 1285 3946 1351 profert

2348 1343 2399 1396 in
2439 1344 2669 1399 medium
2698 1361 2726 1418 a
2755 1360 2856 1418 qua
2879 1343 3216 1418 'negligentia
3258 1360 3437 1404 nostra
3475 1343 3815 1408 convmciiur
3840 1397 3857 1416 .
3891 1366 3945 1409 ct

2337 1427 2491 1493 apem
2519 1431 2637 1484 qua:
2667 1416 2928 1493 pigritiam
2958 1416 3558 1493 nos'tranrcondemnat.
3605 1425 3787 1493 Atque
3814 1425 3942 1479 hinc

2339 1485 2466 1565 satis
2491 1496 2734 1553 constat,
2763 1488 2891 1540 nihil
2915 1503 2943 1541 a
2974 1489 3081 1543 Deo
3103 1491 3303 1565 malnm
3327 1492 3595 1565 cenditum
3644 1485 3769 1550 esse
3793 1535 3806 1558 ,
3838 1497 3935 1565 qui

2340 1554 2434 1631 tibi
2474 1570 2689 1612 sensum
2733 1571 2802 1631 ac
2841 1569 3071 1631 mentem
3101 1560 3324 1625 indidit,
3353 1562 3504 1628 cujus
3529 1563 3578 1616 vi
3625 1554 3804 1631 possis
3830 1554 3936 1621 ista

2337 1623 2641 1705 discernere
2667 1669 2679 1689 ,
2707 1637 2766 1681 ut
2791 1628 3082 1705 belluarnm
3121 1623 3332 1700 quidem
3365 1623 3541 1705 mores
3564 1623 3775 1690 devites
3795 1677 3808 1695 .
3842 1652 3941 1703 pu-

2337 1700 2500 1751 tiores
2538 1709 2713 1752 autem
2753 1714 2937 1752 earum
2966 1700 3120 1755 dotes
3155 1709 3208 1755 et
3246 1704 3528 1757 commoda
3577 1700 3934 1761 consectaria.

2336 1764 2520 1820 Potest
2544 1769 2684 1821 enim
2716 1769 2883 1840 etileo
2913 1771 3120 1824 virtutis
3149 1772 3321 1840 imago
3345 1788 3485 1837 esw,
3505 1789 3625 1826 cum
3654 1790 3763 1828 non
3798 1785 3938 1829 tam-

2337 1851 2493 1916 quam
2529 1838 2839 1916 tyrannidis,
2871 1841 3143 1916 sedquasi
3165 1838 3492 1916 fortitudinis
3520 1845 3752 1898 indicem
3782 1850 3934 1900 simi-

2336 1905 2782 1999 llll_lltlJin‘t‘§nl‘.lll£1nl
2807 1905 3051 1999 accipis":
3082 1911 3220 1999 aliud
3251 1917 3444 1999 quippe
3471 1923 3552 1968 est
3580 1917 3849 1999 tyrannis,
3876 1928 3934 1972 et

2333 1977 2478 2030 aliud
2518 1977 3044 2052 fortitudoaldc‘irco
3096 1977 3393 2051 Scriptura
3426 1984 3534 2052 ipsa
3585 1977 3930 2042 Salvaturrm

2335 2050 2656 2125 annuntians
2677 2050 3005 2125 exoritnrum
3027 2067 3096 2125 ex_
3113 2050 3268 2123 Juda,
3295 2050 3502 2106 Catulus
3519 2056 3698 2121 leonis,
3728 2058 3927 2125 inquit.

2332 2115 2475 2189 Iuda
2498 2135 2514 2172 :
2536 2136 2599 2172 ea:
2622 2121 2844 2189 germine
2865 2163 2879 2186 ,
2911 2123 2987 2189 ﬁli
3029 2123 3128 2187 nti,
3151 2115 3418 2177 ascéndisti
3438 2141 3457 2176 :
3478 2115 3776 2179 recumbens
3806 2115 3930 2180 'dar;

2331 2188 2514 2265 mi_visti
2541 2188 2721 2265 utnleo.
2742 2188 2957 2265 etquasi
2983 2193 3178 2246 catulus
3197 2192 3356 2265 leonis
3387 2193 3533 2265 (Gen.
3558 2197 3650 2250 49.
3684 2197 3764 2265 9).
3794 2197 3928 2252 Vide

2330 2258 2626 2336 cujusmodi
2652 2258 3052 2336 similitudinem
3081 2277 3148 2317 ex
3174 2264 3376 2336 iisquae
3394 2258 3596 2319 'belluis
3624 2258 3811 2320 insunt
3831 2284 3926 2336 po-

2334 2330 2466 2408 tiora
2491 2372 2506 2395 ,
2533 2330 2745 2408 (luserit
2769 2346 2947 2408 sermo
2980 2332 3210 2388 divinus.
3239 2330 3386 2388 Licet
3413 2336 3570 2404 igitur
3593 2336 3810 2391 leonem
3832 2330 3927 2390 ’διι-

2331 2401 2536 2478 pienter
2555 2401 2746 2478 imitari
2773 2421 2784 2456 :
2805 2402 2927 2478 licet
2940 2412 2995 2458 et
3005 2412 3306 2478 serpentem
3325 2401 3552 2478 quoque,
3581 2419 3684 2478 non
3701 2408 3926 2476 quidem

2332 2473 2384 2521 in
2404 2473 2907 2544 venenofundendo,
2926 2474 3017 2528 sed
3038 2475 3090 2544 in
3103 2476 3318 2544 solertia
3338 2477 3354 2506 ί
3368 2473 3757 2544 comparanda:
3785 2481 3927 2534 sicut

2328 2549 2379 2617 et
2406 2543 2659 2617 apostolis
2680 2542 2930 2617 Servatur
2953 2544 3044 2604 ait,
3068 2542 3239 2598 Estote
3266 2542 3527 2613 prudentes
3543 2547 3673 2601 sicut
3690 2563 3937 2617 serpens.

2327 2607 2700 2686 Quamobrem,
2718 2615 2759 2664 si
2781 2614 2913 2666 mala
2938 2623 3080 2686 esset
3097 2607 3359 2681 creatura,
3385 2619 3660 2686 imaginem
3682 2607 3842 2671 suam
3859 2623 3925 2672 ad

2328 2683 2443 2758 eius
2462 2681 2805 2758 imitationem
2831 2679 3562 2758 noncohortaretur,dicens,
3592 2687 3772 2741 Estotc
3796 2707 3925 2758 pra-

2329 2747 2497 2804 dentes
2521 2754 2645 2804 sicut
2673 2769 2874 2821 serpens
2887 2754 3236 2829 _(Matllt._10.
3261 2757 3348 2829 l6)
3377 2747 3623 2829 :rimita're
3650 2747 3925 2829 Serpentis

2331 2835 2433 2873 non
2454 2837 2732 2887 venenum,
2759 2839 2860 2877 non
2885 2825 3143 2888 iram,sed
3174 2825 3669 2894 prudentiam.Nam
3689 2825 3925 2884 sis-ene-

2329 2906 2453 2962 n_nm
2480 2894 2719 2955 imiteris,
2748 2895 2942 2947 clamat
2968 2896 3018 2948 in
3043 2905 3094 2948 te
3123 2896 3306 2962 David,
3339 2913 3594 2952 accusans
3611 2911 3662 2954 et
3683 2898 3881 2954 dicens
3905 2917 3919 2952 :

2330 2958 2379 3040 [ξ’
2383 2979 2500 3015 uror
2511 2965 2611 3017 illis
2625 2966 2897 3040 secundum
2911 2965 3285 3040 similitudinem
3296 2958 3554 3037 serpentis(
3570 2969 3702 3023 Psal.
3720 2970 3822 3024 57.
3840 2972 3919 3040 5);

2329 3033 2410 3110 s_i_n
2435 3041 2608 3110 autem
2637 3035 2972 3110 prudentiam
3003 3037 3118 3110 ejus
3151 3033 3407 3104 imiteris,
3438 3033 3600 3094 factus
3628 3055 3684 3093 es
3705 3033 3923 3094 Christi

2329 3102 2651 3177 discipulus,
2678 3108 2766 3174 qui
2795 3102 2933 3159 diiit
2954 3147 2970 3169 ,
2998 3102 3184 3161 Estote
3214 3102 3482 3177 prudentes
3521 3111 3646 3163 sicut
3674 3126 3919 3176 serpens.

2329 3172 2461 3248 Quia
2490 3177 2630 3228 enim
2659 3172 2878 3244 serpens
2903 3179 3149 3248 omnibus
3175 3172 3528 3234 animantibus
3555 3188 3636 3233 est
3666 3172 3922 3248 pruden-

2330 3247 2469 3310 tior,
2503 3254 2557 3298 ut
2587 3248 2744 3314 paulo
2770 3257 2897 3318 ante
2924 3247 3115 3301 lectum
3144 3257 3224 3303 est
3246 3289 3259 3311 ,
3287 3250 3614 3317 prudentiam
3659 3251 3924 3318 apposuit

2332 3318 2644 3382 prudentia},
2668 3333 2770 3370 non
2791 3327 2846 3370 ut
2869 3316 3047 3370 dolum
3075 3316 3509 3381 nectere’discas,
3535 3318 3625 3373 sed
3648 3316 3922 3374 υιᾱοιυω

2330 3385 2505 3437 discas
2529 3385 2819 3439 declinare.

2399 3454 2453 3507 2.
2480 3454 2740 3529 Quomodo
2761 3455 2994 3529 (li/ferant
3014 3457 3264 3529 calliditas
3285 3467 3330 3511 et
3355 3459 3660 3528 malignitas;
3691 3463 3928 3529 pruden-

2333 3525 2402 3577 tia
2451 3526 2699 3594 qnomodo
2752 3526 3054 3598 adhibenda.
3073 3559 3141 3569 —
3161 3527 3280 3582 Vult
3307 3533 3447 3582 cnim
3477 3525 3726 3598 benignus
3772 3532 3926 3584 Deus

2334 3612 2431 3650 nos
2461 3611 2578 3650 esse
2603 3612 2705 3648 non
2731 3597 3010 3666 malignos,
3043 3599 3134 3652 sed
3161 3599 3379 3653 callidos
3409 3617 3420 3651 :
3447 3600 3587 3652 aliud
3610 3597 3800 3652 autem
3838 3612 3928 3654 est

2333 3667 2611 3730 calliditas,
2663 3668 2806 3738 aliud
2839 3669 3160 3737 malignitas.
3199 3670 3436 3723 Callidus
3465 3671 3638 3738 itaque
3671 3680 3751 3722 est
3807 3688 3924 3725 non

2334 3741 2397 3790 ad
2430 3737 2829 3806 excogitandam
2862 3739 3141 3805 malitiam,
3181 3740 3272 3793 sed
3299 3740 3364 3792 ad
3406 3737 3657 3793 malitiam
3707 3743 3929 3794 evitan—

2335 3807 2455 3861 dam
2491 3825 2504 3860 :
2538 3809 2682 3862 etuti
2712 3809 2849 3861 solet
2873 3809 3159 3863 calliditate
3199 3825 3302 3862 non
3346 3819 3402 3862 ut
3430 3812 3479 3862 iu
3525 3810 3655 3864 alios
3684 3823 3927 3865 consuat

2335 3878 2504 3940 dolos,
2546 3880 2639 3931 sed
2681 3887 2823 3931 utea
2854 3895 2970 3944 ιιιιςι)
3013 3895 3042 3931 a
3085 3881 3291 3934 caneris
3337 3881 3388 3933 in
3421 3881 3582 3947 ipsius
3623 3882 3925 3948 perniciem

2334 3958 2580 4002 contexta
2606 3958 2726 4002 sunt
2752 3948 2963 4016 effugiat
3001 3968 3012 4001 :
3046 3952 3308 4017 malignus
3347 3965 3521 4003 autem
3553 3959 3630 4002 est
3661 3950 3922 4015 sicarius,

2336 4019 2583 4086 deceptor
2607 4059 2621 4083 ,
2653 4019 2741 4087 qui
2784 4019 2900 4071 aliis
2930 4020 3066 4072 mala
3100 4020 3451 4072 machinatur.
3494 4018 3632 4071 Talis
3681 4023 3926 4085 prudens

2336 4088 2519 4148 Jacoh,
2553 4090 2782 4158 prudens
2827 4096 2882 4140 ut
2910 4103 3129 4155 serpens
3153 4129 3165 4148 ,
3200 4103 3302 4140 non
3352 4103 3615 4141 venenum
3659 4103 3927 4158 Spargens

2335 4168 2393 4212 ut
2436 4174 2680 4225 serpens.
2713 4157 2842 4210 Nam
2896 4174 3015 4210 cum
3050 4159 3099 4210 in
3138 4172 3418 4211 oecursum
3465 4157 3928 4227 congressunique

2335 4245 2454 4284 cum
2487 4228 2647 4281 fratre
2677 4229 2817 4281 Esau
2857 4238 3106 4280 venturus
3154 4236 3326 4287 esset,
3373 4227 3590 4280 homine
3624 4229 3926 4284 sceleribus

2336 4309 2388 4352 et
2415 4298 2709 4366 parricidiis
2729 4309 3004 4365 cooperto,
3036 4297 3198 4350 Deum
3225 4299 3411 4350 orabat
3439 4299 3643 4360 dicens,
3681 4299 3922 4360 bonane.

2335 4386 2450 4421 erue
2473 4383 2549 4420 me
2569 4371 2630 4419 de
2656 4384 2808 4419 manu
2829 4369 3000 4436 fratris
3029 4369 3121 4419 mei
3144 4367 3294 4428 Esau,
3319 4369 3433 4433 quia
3460 4368 3608 4419 valde
3627 4384 3736 4419 eum
3765 4370 3926 4421 timeo

2337 4438 2486 4510 (Gen.
2518 4439 2606 4490 5‘2.
2640 4438 2765 4510 il):
2794 4437 3063 4504 Deumque
3102 4438 3178 4491 sic
3202 4439 3532 4510 precabatur,
3585 4449 3636 4490 ut
3660 4445 3928 4510 adiremus

2335 4507 2530 4562 malum
2573 4508 2868 4561 orationem
2899 4516 3210 4576 opponeret.
3265 4508 3486 4575 Quando
3509 4523 3634 4562 vero
3652 4507 3797 4562 fratri
3833 4524 3928 4563 ω-

2335 4579 2521 4641 currit,
2557 4578 2908 4640 humanitate,
2943 4579 3087 4632 cultu
3112 4587 3167 4632 et
3186 4579 3520 4632 obserVantia
3545 4579 3778 4632 furorem
3805 4581 3926 4648 ejus

2337 4649 2699 4712 tnansnefccit,
2735 4658 2789 4702 et
2822 4649 3076 4703 malitiam
3106 4649 3369 4703 restinxit.
3403 4648 3539 4715 Quid
3571 4649 3712 4702 enim
3750 4651 3831 4703 ait
3857 4649 3925 4702 ad

2337 4720 2511 4773 Esau?
2540 4721 2626 4772 Sic
2654 4720 2751 4771 vidi
2789 4720 2964 4786 facient
3001 4730 3165 4784 tuam,
3190 4729 3240 4772 ut
3282 4721 3327 4773 si
3366 4721 3472 4789 quis
3503 4719 3688 4771 videret
3729 4722 3927 4772 cultum

2341 4791 2431 4842 Uci
2458 4789 2608 4858 (Gen.
2640 4791 2726 4844 55.
2752 4789 2862 4912 ίθίξ.
2894 4793 2969 4843 Ac
2994 4792 3035 4842 si
3061 4790 3172 4843 hare
3197 4790 3407 4856 quidem
3426 4789 3557 4842 dixit
3579 4791 3759 4850 Jacob,
3777 4800 3844 4843 ut
3864 4805 3924 4842 ea

2341 4864 2519 4912 fraude
2557 4863 2791 4912 vinceret
2840 4868 3064 4912 ratrem.
3094 4860 3232 4912 male
3261 4860 3572 4912 louuebatur
3598 4877 3610 4912 :
3635 4862 3714 4912 sin
3742 4871 3924 4912 autem

2338 4864 2519 4913 fraude
2557 4863 2791 4914 vinceret
2817 4860 3064 4924 fratrem,
3094 4860 3232 4914 male
3261 4860 3572 4924 loquebatur
3598 4877 3610 4913 :
3635 4862 3714 4912 sin
3742 4871 3928 4914 autent

2337 4933 2485 4993 dixit,
2517 4940 2565 4983 ul
2599 4941 2853 4982 terrorem
2875 4930 3148 4999 effugeret,
3189 4929 3476 4983 calliditate
3499 4939 3644 4983 recte
3670 4945 3794 4982 usus
3821 4940 3924 4984 est.

2337 5000 2508 5053 Estote
2523 5017 2639 5070 ergo
2671 5000 2932 5068 prudentes
2961 5011 3015 5070 ut
3030 5016 3230 5068 serpens
3250 4999 3677 5067 (MatlltJOJG);
3700 5013 3801 5052 non
3833 5003 3929 5070 im-

2337 5071 2515 5134 cundi,
2535 5069 2637 5123 nun
2657 5085 2916 5123 venenum
2935 5069 3275 5136 ejaculantes,
3297 5070 3387 5124 sed
3406 5070 3716 5138 prudentes.
3732 5081 3777 5121 et
3802 5069 3930 5121 sini-

2338 5140 2489 5208 plices
2507 5141 2636 5192 sicut
2651 5141 2909 5193 columbae.
2936 5139 3115 5208 Potest
3131 5148 3308 5193 autem
3330 5141 3570 5193 columba
3586 5150 3639 5193 et
3657 5142 3724 5190 ad
3739 5139 3926 5192 vitium

2337 5212 2469 5263 etad
2493 5211 2738 5263 virtutem
2766 5207 3168 5278 significandam
3196 5210 3514 5278 accipitqua
3545 5223 3672 5262 vero
3694 5213 3926 5274 ratione,

2338 5282 2481 5332 audi.
2528 5279 2581 5333 Si
2602 5281 2676 5332 sis
2706 5278 3124 5333 ineunsideratus
3155 5281 3476 5349 minimeque
3525 5278 3820 5341 discretus,
3875 5292 3930 5331 et

2340 5352 2504 5402 solius
2532 5349 2751 5402 malitia:
2780 5350 3004 5416 peritus,
3027 5359 3242 5404 accusat
3271 5360 3323 5404 te
3345 5351 3618 5416 Scriptum
3645 5357 3706 5400 ut
3730 5350 3931 5418 impru-

2337 5419 2570 5472 dentem.
2591 5419 2835 5486 Ephraim
2856 5421 3018 5481 enim,
3037 5420 3223 5488 inquit,
3246 5420 3387 5486 quasi
3403 5418 3633 5470 columba
3657 5417 3928 5486 insipiens,

2337 5505 2447 5558 qui:
2475 5505 2561 5542 cor
2589 5489 2855 5542 multabat
2882 5491 2901 5559 (
2930 5488 3055 5544 Osee
3085 5490 3137 5542 7.
3163 5491 3219 5544 Η
3254 5494 3294 5560 ).
3320 5490 3374 5544 Si
3403 5501 3530 5557 ergo
3565 5488 3931 5556 insipientiam

2345 5704 2355 5714 '
2403 5646 2417 5674 ι
2455 5651 2573 5714 Reg.
2599 5643 2667 5691 sic
2689 5642 2858 5711 habet,
2875 5653 2970 5714 non
2992 5640 3187 5714 quidem
3206 5641 3258 5691 in
3280 5651 3456 5714 tenenti
3474 5639 3751 5714 fundendo.
3779 5654 3934 5714 neque

2336 5704 2386 5816 ita
2421 5700 2620 5764 malitia,
2647 5717 2796 5766 neque
2830 5703 2880 5754 in
2920 5700 3216 5767 plenitudine
3262 5700 3558 5761 acerbitatis,
3593 5703 3680 5751 sed
3708 5702 3759 5751 in
3781 5700 3934 5753 δοιετ.

2378 5780 2427 5825 a,
2455 5777 2549 5815 etc.
