4104 6322
677 359 791 417 523

673 456 941 525 Scriptura
980 454 1120 525 enim
1163 467 1267 506 non
1290 450 1591 525 necessitati
1635 450 2109 525 transgressionem
2149 449 2246 503 ad-

675 519 909 595 scripsit,
942 525 1034 595 sed
1066 523 1233 576 libero
1253 522 1474 576 arbitrio
1498 522 1633 590 ejus,
1665 519 2010 595 qui__bonore_
2031 519 2250 595 alit-ctus

675 589 934 660 fuerat,et
961 593 1214 647 honorem
1243 606 1347 645 non
1374 589 1698 660 agnoverati
1737 589 1901 660 Homo
1924 591 2140 658 quippe,
2169 590 2249 660 in-

670 667 806 734 quit,
831 657 944 718 eum
967 664 1020 717 in
1046 664 1234 716 honore
1250 671 1399 734 esset,
1414 657 1521 734 non
1547 659 1790 714 intellexit
1810 659 1988 734 _(_Psal.
2017 660 2104 714 48.
2137 657 2246 728 13).

671 730 961 806 Ᾱεεξνετο,
984 745 1190 806 rursus,
1219 731 1263 785 si
1303 733 1373 806 ita
1423 730 1644 793 videtur,
1675 731 2072 806 consideremus
2116 743 2248 806 quo-

673 798 833 862 modo
852 798 983 858 alios
1007 803 1166 856 etiam
1194 801 1448 869 quosdam
1482 809 1695 869 prepter
1723 801 2028 854 varietatem
2056 807 2110 852 et
2134 798 2246 853 cal-

673 878 949 937 liditatem,
975 873 1257 941 multzeqne
1291 871 1654 941 simulationis
1679 869 1890 938 plenam
1906 869 2078 941 animi
2125 883 2248 936 pro-

671 946 996 1008 fessionem,
1055 939 1236 1008 vulpes
1284 939 1553 1007 Scriptum
1600 941 1852 994 nominet.
1905 939 1978 992 Ea
2034 947 2248 1007 propter

673 1014 935 1071 llerodem
959 1012 1137 1080 utique
1158 1010 1356 1064 varimn
1379 1010 1430 1063 in
1456 1011 1710 1073 consiliis,
1741 1019 1794 1064 et
1829 1010 1881 1062 in
1911 1008 2244 1080 cogitationi-

672 1087 772 1140 bus
800 1078 1066 1147 astutum,
1087 1081 1138 1133 in
1177 1080 1447 1148 impietate
1478 1081 1762 1143 viventem,
1792 1093 1854 1132 ac
1893 1079 2101 1147 pietatis
2127 1078 2244 1130 velo

672 1163 1010 1226 personatum
1033 1192 1047 1216 ,
1098 1151 1338 1226 Salvator
1391 1150 1616 1226 vulpem
1650 1150 1895 1226 appellat.
1923 1148 2055 1201 Cum
2082 1148 2241 1226 filim

670 1217 1008 1279 advenissent
1039 1221 1294 1281 nonnulli,
1324 1217 1493 1288 atque
1521 1219 1617 1288 ipsi
1663 1219 2051 1272 renuntiassent
2080 1217 2238 1271 llero-

669 1297 790 1350 dem
814 1295 983 1363 ipsum
1007 1291 1184 1344 videre
1196 1289 1359 1363 _vel_le,
1392 1289 1823 1363 tumsauctajlla
1855 1299 1906 1341 et
1932 1302 2117 1356 magna
2131 1301 2239 1363 vox

669 1357 998 1434 respondens
1022 1363 1096 1434 ait
1125 1359 1347 1434 :“Dicite
1375 1359 1511 1426 vulpi
1538 1359 1665 1434 isti,_
1686 1357 1853 1434 Hodie
1884 1366 2069 1434 et__cras
2089 1358 2240 1434 signa

668 1426 820 1506 facio,
853 1444 913 1506 et
941 1430 1208 1506 tertia_die
1247 1445 1564 1506 consummor
1611 1428 1760 1506 (Luc.
1793 1429 1877 1483 15.
1910 1426 2240 1506 ἰδῇ-...016118

667 1496 816 1574 vulpi.
833 1504 932 1567 isti,
967 1500 1304 1574 quasidieat,
1332 1500 1522 1574 animle
1655 1513 1863 1574 onmem
1896 1496 2238 1574 calliditatem

668 1566 842 1639 facias,
862 1566 1028 1641 plenae
1049 1571 1192 1634 dolo,
1211 1580 1263 1624 et
1284 1568 1428 1623 omni
1451 1568 1647 1641 malitia
1670 1577 1722 1621 et
1738 1568 1966 1641 fallacia.
1990 1566 2232 1641 Atiimad-

666 1638 878 1705 vertis,—
908 1641 1090 1699 frater.
1119 1654 1225 1710 quo
1270 1650 1436 1710 pacto,
1471 1638 1690 1710 callidos
1734 1638 2003 1710 Scriptura
2054 1638 2236 1710 vulpes

665 1713 927 1783 appellet?
957 1705 1397 1783 Quotiescumque
1428 1709 1582 1777 igitur
1622 1722 1739 1760 cum
1781 1707 2049 1783 psalmista
2081 1705 2236 1760 dixe-

666 1777 763 1847 ris,
796 1780 1081 1836 Introibnnt
1111 1781 1163 1832 in
1193 1779 1434 1847 inferiora
1461 1788 1623 1841 terrw,
1655 1786 1819 1844 partes
1840 1777 2063 1847 vulpium
2092 1785 2235 1828 erunt

663 1846 834 1920 (Paul.
870 1851 958 1906 62.
993 1849 1207 1970 10.11),
1238 1846 1469 1916 intellige
1497 1846 1742 1913 amigma,
1771 1861 1942 1914 neque
1962 1846 2232 1899 existimes

663 1925 908 1970 ιιηιίαιιιει-
943 1920 1080 1970 haud
1124 1933 1152 1970 a
1180 1921 1278 1970 iter
1309 1933 1464 1970 quam
1497 1930 1591 1970 Der
1620 1916 2013 1970 intelligentiam
2043 1916 2228 1970 accipi.

663 1916 908 1992 ienigma,
943 1920 1080 1992 haud
1124 1916 1278 1992 aliter
1302 1933 1464 1992 quam
1497 1930 1591 1992 per
1620 1916 2013 1992 intelligentiam
2043 1916 2228 1992 accepi.

662 1994 729 2048 Et
756 1985 936 2047 r'ursus
969 1990 1090 2042 alibi
1120 1988 1240 2041 dicit
1259 2028 1272 2049 ,
1302 1985 1484 2040 Partes
1513 1987 1898 2056 hypocritaruui
1927 1995 2100 2056 erunt.
2131 1985 2230 2051 Qui

663 2065 804 2118 enim
828 2062 1102 2115 veritatem
1129 2059 1389 2126 ignorant,
1416 2071 1519 2110 non
1549 2054 1669 2126 eum
1701 2054 1962 2126 ﬁdelibus,
1984 2055 2076 2107 sed
2098 2069 2227 2126 cum

662 2133 951 2204 hypocritis
991 2125 1191 2204 partem
1223 2126 1505 2204 accipiunt.
1551 2125 1700 2204 Unde
1728 2125 2050 2204 et_Sa_l_vator
2095 2125 2230 2204 hanc

661 2193 975 2257 sententiam
991 2193 1282 2266 obsignans
1303 2199 1374 2266 ait
1395 2196 1460 2250 de
1485 2209 1548 2248 eo
1573 2196 1660 2262 qui
1689 2194 1827 2266 male
1848 2193 2229 2266 dispensatoris

660 2286 883 2327 munere
910 2262 1261 2324 functus'erat
1285 2282 1297 2316 :
1331 2264 1548 2317 Intrabit
1577 2264 1810 2316 dominus
1839 2265 1964 2316 servi
1999 2262 2156 2324 illius,
2182 2271 2229 2315 et

659 2342 843 2394 dividet
893 2355 1037 2396 eum.
1099 2335 1537 2404 partemqueiejus
1588 2342 1735 2403 ponet
1784 2349 1918 2404 cum
1953 2333 2227 2404 hypocritis

660 2411 874 2478 (Matth.
906 2409 995 2462 24.
1042 2404 1152 2478 51).
1197 2403 1707 2478 Itaquehypocritas
1750 2403 2032 2478 appellavit
2081 2403 2223 2455 Scri-

660 2471 810 2559 ptura
841 2480 1046 2559 vulpes.
1077 2471 1129 2527 In
1160 2486 1264 2559 tam
1291 2471 1483 2559 multas
1504 2487 1651 2559 ergo,
1677 2473 1885 2552 fratres,
1915 2471 2117 2559 demota
2144 2479 2227 2559 est

659 2541 949 2605 indecoras
968 2550 1158 2615 figuras
1205 2553 1258 2597 et
1306 2543 1674 2596 similitudines
1718 2541 1890 2615 imago
1931 2541 2039 2603 Dei,
2067 2544 2227 2615 sicut

659 2637 763 2673 non
794 2619 909 2671 aliis
939 2611 1234 2670 nominibus
1257 2627 1468 2666 omnem
1505 2621 1765 2665 terrarum
1785 2611 1964 2664 orbem
1995 2611 2226 2679 appellet

660 2690 958 2757 Scriptura,
994 2683 1421 2757 priusquamista
1454 2681 1683 2749 cognitio
1714 2680 2222 2757 pietatisillucesce-

659 2749 960 2825 retfquam
994 2749 1287 2825 Brutorum,
1306 2753 1748 2825 iuli‘ientorum,_et
1776 2749 2224 2825 reptiliumatque

658 2818 965 2882 immanium
998 2818 1313 2899 bestiarum.
1348 2821 1634 2899 Enimvero
1677 2821 1844 2899 ipsum
1880 2818 2222 2899 coryphaeum

656 2898 1015 2966 apostolorum
1059 2893 1294 2954 Petrum,
1337 2906 1468 2966 cum
1504 2888 1910 2966 benignissimus
1943 2888 2094 2966 _De_us
2125 2888 2220 2941 ad-

657 2956 874 3022 monere
918 2965 1095 3025 vellet,
1126 2971 1179 3014 ut
1219 2975 1287 3014 ex
1315 2956 1853 3026 alienigenis’omnes
1893 2956 2217 3021 admitteret,

654 3039 744 3105 qui
771 3051 827 3089 se
854 3033 1121 3096 offerrent,
1150 3030 1514 3105 admirabilem
1537 3029 1676 3080 illam
1703 3037 1750 3105 et
1783 3027 2083 3105 inusitatam
2111 3030 2221 3082 sin-

656 3097 848 3160 donem
903 3099 1336 3156 commonstravit
1388 3098 1484 3162 illi,
1538 3113 1654 3164 qua:
1708 3098 1774 3151 de
1819 3097 1950 3150 caelo
1990 3104 2218 3165 Quatuor

655 3177 816 3230 initiis
842 3171 1266 3233 submittebatur,
1290 3169 1338 3220 in
1367 3182 1466 3236 qua
1489 3176 1640 3219 erant
1659 3168 1832 3219 omnia
1855 3167 2214 3235 quadrupedia

655 3256 832 3307 terrm,
855 3254 908 3295 et
948 3241 1174 3292 volatilia
1213 3237 1349 3303 cwli,
1381 3246 1435 3290 et
1470 3236 1654 3307 bestia:
1684 3236 2019 3307 et‘reptilia:
2051 3246 2105 3289 et
2142 3238 2216 3291 ait

655 3316 719 3367 ad
754 3304 898 3375 eum,
928 3311 1111 3378 Surge,
1141 3307 1305 3378 Petre,
1337 3306 1506 3358 occide
1541 3315 1586 3357 ct
1615 3304 1879 3378 manduca.
1911 3306 1997 3358 Ait
2037 3316 2212 3378 autem

655 3384 919 3450 apostolus
943 3397 955 3433 :
984 3374 1141 3438 Aluit.
1171 3376 1383 3430 Domine
1405 3391 1424 3450 _:
1450 3389 1720 3450 numquam
1740 3375 1891 3450 “enim
1919 3374 2215 3450 titanducavi

654 3444 798 3506 omne
824 3464 1081 3505 commune
1119 3457 1164 3500 et
1189 3447 1499 3498 immundum
1537 3445 1667 3512 (Act.
1701 3444 1785 3498 10.
1815 3445 1900 3498 15.
1935 3444 2214 3513 “flgno-

653 3539 777 3576 mus
827 3522 966 3573 enim
1015 3518 1237 3585 amigma
1279 3513 1636 3585 similitudinis
1679 3513 1886 3578 Petrus,
1921 3525 2212 3581 putatisque

651 3591 867 3645 sensilia
898 3603 1013 3641 esse
1049 3583 1166 3655 qua:
1212 3583 1905 3655 videbat,manducaturum
1938 3597 1995 3655 se
2023 3594 2208 3655 negat,

649 3652 1084 3715 consuetudinem
1122 3668 1340 3709 servans
1372 3653 1662 3717 .ludaicam,
1695 3661 1748 3705 et
1773 3654 1872 3715 ait,
1915 3652 2075 3717 Absit,
2109 3655 2212 3705 Do-

653 3732 820 3784 mine:
851 3741 1118 3795 numquam
1157 3725 1288 3777 enim
1335 3721 1630 3795 manducavi
1671 3737 1814 3795 omne
1841 3737 2114 3795 commune
2165 3733 2210 3774 et

650 3789 992 3853 immundunn
1011 3796 1259 3848 Dominus
1286 3803 1461 3846 autem
1492 3791 1555 3842 ad
1583 3807 1702 3844 eum
1743 3789 1895 3854 dixit,
1925 3790 2049 3854 Qua:
2076 3790 2211 3845 Deus

649 3869 953 3940 puri/ica‘vit,
983 3876 1034 3916 tu
1062 3864 1345 3917 communia
1377 3861 1646 3940 ne_di.1_;eris
1676 3860 1908 3940 (lbid._v.
1939 3861 2049 3940 15).
2089 3861 2209 3916 11ωο

649 3931 827 4007 itaque
849 3935 1231 4007 Salvatorcmn
1255 3933 1495 4007 apostolo
1511 3931 1891 4007 disserebatde
1916 3933 2211 4007 ('03ngch

647 3999 803 4061 dibus
831 4004 1202 4074 apparentibus
1232 4013 1284 4054 et
1315 4002 1493 4074 bestiis
1532 4014 1594 4074 ac
1637 4000 1968 4074 volatilibus;
2014 3999 2207 4054 Christi

649 4093 774 4130 vero
805 4069 1072 4195 ap'osTiIus
1121 4073 1307 4126 Petrus
1353 4072 1607 4124 intellexit
1647 4079 1850 4141 postea,
1882 4069 2207 4124 Salvatorem

650 4164 752 4195 non
780 4146 938 4195 Volati
968 4146 1011 4195 ia
1055 4154 1104 4195 et
1135 4143 1337 4195 bellu:ts-
1369 4142 1691 4195 sittnilicaSse
1723 4154 1815 4195 Der
1844 4140 2082 4195 lintemn.
2115 4141 2206 4193 sed

650 4164 752 4198 non
780 4140 1011 4198 volatilia
1055 4154 1104 4196 et
1135 4143 1337 4208 belluas-
1369 4140 1691 4208 signilicaSse
1723 4154 1815 4207 per
1844 4140 2082 4201 linteum,
2115 4141 2206 4193 sed

647 4225 828 4283 gentes
857 4227 1064 4271 mones.
1091 4213 1264 4283 aitque
1292 4207 1555 4274 Czirnelio,
1579 4225 1700 4283 cum
1734 4210 1822 4283 illo
1861 4209 2202 4283 colloquens:

662 4277 757 4338 i’os
784 4283 918 4337 scitis
954 4281 1201 4349 quomodo
1239 4283 1578 4349 abominatum
1603 4281 1689 4349 sit
1727 4279 1830 4349 viro
1863 4277 2046 4349 J_uda'o
2086 4296 2205 4331 con-

646 4355 791 4427 jungi
815 4347 976 4405 alicui
1004 4351 1332 4427 alienigenae:
1359 4348 1445 4401 sed
1465 4348 1851 4427 _mihi_'oslendit
1882 4347 2016 4426 Deus
2046 4350 2205 4427 nemi-

649 4416 763 4479 11εηῖ
790 4437 1096 4475 comntunem
1135 4416 1221 4472 aut
1249 4418 1560 4471 immundum
1586 4416 1748 4470 dicere
1774 4417 2021 4470 hominem
2068 4418 2202 4487 (Act.

715 4498 1007 4616 ltigficiesia
1034 4558 1174 4612 nulla
1202 4558 1449 4612 distinctio
1480 4557 1642 4610 divitis
1671 4566 1717 4609 ct
1747 4557 1995 4625 pauperis.
2020 4586 2088 4594 —
2113 4557 2198 4610 Di-

647 4634 844 4698 dicisti,
878 4634 945 4684 mi
977 4632 1167 4693 frater,
1198 4629 1459 4697 quomode
1485 4629 1627 4680 varie
1657 4627 1946 4698 belluarum
1976 4628 2207 4694 appella-

645 4696 874 4756 tionibus
922 4700 1174 4754 fuerimus
1212 4696 1555 4756 ignoiiiiniose
1598 4697 1760 4749 notati
1778 4697 1801 4746 ‘t
1845 4696 2044 4749 lim-sus
2085 4711 2202 4750 cum

643 4773 834 4840 legeris
857 4773 907 4824 in
942 4769 1191 4840 propheta
1228 4739 1379 4830 fsaia,
1398 4838 1405 4840 _
1424 4767 1562 4840 Tum:
1587 4766 1734 4840 lupus
1755 4766 1909 4840 sintut
1938 4782 2048 4840 cum
2075 4784 2205 4840 agno

642 4835 889 4910 pu'scetur,
926 4835 970 4891 et
992 4835 1214 4908 pardalis
1231 4853 1348 4910 cum
1387 4836 1832 4910 hct-doaccubabit,
1858 4847 1912 4910 _e_t
1942 4835 2016 4910 leo
2045 4846 2090 4910 et
2118 4839 2204 4910 bos

643 4905 790 4962 simul
817 4905 1103 4977 pascentur,
1132 4916 1176 4959 et
1199 4907 1345 4959 simul
1370 4905 1623 4958 comedent
1648 4907 1818 4973 paleas
1850 4905 2002 4977 (lsai.
2036 4908 2118 4959 11.
2149 4909 2200 4959 6.

644 4980 695 5034 7.
722 4990 764 5032 et
794 4976 879 5032 65.
908 4978 999 5046 25)
1029 4996 1040 5029 :
1072 4977 1301 5044 intellige
1330 4978 1547 5044 autigma
1568 5015 1581 5038 ,
1613 4986 1666 5028 et
1686 4979 1826 5028 clare
1859 4976 2067 5044 percipe
2092 4977 2204 5044 ejus

645 5051 1075 5116 intelligentiam,
1116 5049 1256 5114 quod
1297 5063 1400 5098 non
1432 5049 1700 5099 brutorum
1745 5047 2046 5098 animalium
2074 5061 2203 5100 con-

649 5115 856 5172 ventum
889 5119 1166 5185 significat,
1203 5117 1306 5169 sed
1328 5117 1595 5168 hominum
1626 5115 1796 5183 potius
1836 5120 2203 5185 congregatio-

642 5202 780 5250 nem,
818 5187 1071 5256 planeque
1103 5185 1309 5250 pietatis
1339 5187 1759 5238 communionem
1805 5186 2199 5256 interpretatur,

635 5267 693 5312 et
721 5255 939 5310 salutem
969 5271 1062 5323 per
1085 5256 1306 5322 gratiam
1335 5256 1579 5308 omnibus
1611 5256 1915 5308 mortalibus
1945 5255 2200 5323 all'ulgen-

641 5339 766 5380 tem.
797 5325 924 5379 Cum
956 5328 1092 5376 t'llllll
1127 5341 1174 5374 111
1208 5325 1424 5377 ecclesia
1456 5340 1735 5392 pauperem
1767 5324 1956 5378 videris
1977 5341 2094 5376 cum
2123 5326 2195 5377 di-

639 5399 745 5450 vite
765 5399 1055 5448 adstantem
1082 5435 1094 5457 ,
1147 5409 1264 5445 cum
1306 5395 1610 5461 magistratu
1656 5396 1947 5462 privatum,
1992 5403 2189 5446 tenuent

641 5482 757 5519 (‘lllll
789 5466 993 5527 illustri,
1023 5477 1246 5528 cumque
1269 5463 1354 5530 qui
1379 5466 1607 5516 exterius
1632 5473 1942 5533 potestatem
1968 5475 2193 5529 veretur,

639 5537 912 5589 Considera
942 5534 1061 5602 quid
1092 5533 1186 5586 sibi
1217 5534 1337 5585 velit
1370 5533 1512 5592 illud;
1538 5533 1711 5602 Lupus
1736 5551 1844 5585 cum
1867 5550 1995 5602 ugno
2027 5551 2197 5601 pasce-

639 5616 736 5657 tnr.
788 5607 989 5672 Lttpum
1023 5603 1264 5655 nimirum
1293 5605 1515 5669 appellat
1555 5605 1803 5667 divitem,
1851 5620 2038 5670 agnum
2078 5618 2199 5656 vero

639 5690 939 5744 pattpcrem.
969 5672 1117 5728 Unde
1139 5683 1312 5726 autent
1337 5675 1384 5724 id
1412 5676 1652 5726 constat?
1679 5676 1934 5739 Quoniam
1962 5688 2197 5725 commu-

639 5747 833 5802 uitabit
869 5745 1168 5812 lupa/cum
1199 5761 1364 5814 agno,
1397 5760 1498 5814 quo
1543 5744 1699 5798 modo
1727 5744 1873 5799 dives
1915 5759 2032 5798 cum
2073 5760 2198 5814 pau-

2179 331 2444 390 SPURIA.

3833 353 3946 409 524

2356 465 2500 536 pere.
2544 450 2723 536 iA‘lque
2756 451 2973 536 attende
3009 453 3309 536 diligenter.
3358 452 3572 536 Adstitit
3595 453 3935 536 plerumque

2354 518 2503 574 dives
2532 530 2585 576 et
2615 518 2814 591 pauper
2859 524 2912 577 in
2957 518 3222 579 eecleEia:
3256 518 3655 591 comprehendit
3699 533 3751 577 te
3799 518 3931 579 hora

2353 592 2724 659 mysteriorum
2753 610 2766 646 :
2796 593 3078 660 expellitur
3108 594 3260 648 dives
3282 634 3297 659 ,
3339 604 3395 646 ut
3433 594 3649 647 minime
3687 594 3933 648 initiatus

2354 661 2640 730 mysteriis,
2672 672 2945 729 permanet
2963 675 3137 716 autem
3169 667 3302 716 intra
3323 663 3552 717 caelestia
3579 664 3932 717 tabernacula

2352 731 2630 803 adstatque
2659 747 2872 803 pauper
2913 750 2928 786 :
2977 748 3145 803 neque
3187 741 3363 787 tamen
3410 733 3713 801 indignatur
3740 734 3931 797 dives,

2391 798 2557 873 uippe
2584 798 2686 868 qui
2715 803 2922 873 noverit
2964 816 3024 858 se
3062 798 3092 856 ᾖ
3130 803 3322 873 divinis
3373 798 3640 873 mysteriis
3663 803 3928 873 alienum.

2391 814 2546 867 utppe
2584 815 2672 868 qui
2715 814 2922 855 noverit
2964 816 3024 858 se
3062 817 3092 856 a
3130 814 3322 856 dtvmis
3373 814 3640 873 mysteriis
3663 814 3928 856 alienum.

2350 814 2669 934 auinetiam,
2700 885 2732 922 ο
2757 870 2992 925 divinum
3019 872 3353 933 bemlicium,
3383 887 3487 926 non
3519 871 3679 926 modo
3704 872 3933 938 aequali-

2351 946 2431 991 tas
2459 938 2674 992 honoris
2699 949 2780 993 est
2805 941 2855 993 in
2883 943 3126 1008 ecclesia,
3154 957 3272 1009 qua:
3299 956 3328 994 a
3361 941 3468 995 Deo
3495 954 3574 996 est
3604 943 3799 1010 gratia,
3832 941 3929 997 sed

2353 1015 2408 1080 et
2436 1022 2556 1080 eum
2589 1018 2810 1080 uterque
2846 1012 3116 1076 substitit,
3155 1012 3460 1080 plerumque
3496 1026 3696 1080 pauper
3728 1012 3930 1080 pietate

2348 1075 2562 1150 divitem
2609 1075 2874 1150 antecellit
2905 1098 2918 1133 :
2947 1075 3118 1150 neque
3156 1075 3441 1150 quidquam
3479 1075 3626 1134 diviti
3669 1075 3927 1135 contule-

2347 1156 2469 1220 runt
2493 1149 2557 1200 ad
2575 1148 2826 1220 pietatem
2852 1165 2980 1220 opes
3002 1148 3234 1220 {neque
3257 1148 3540 1220 paupertas
3566 1150 3710 1202 tideli
3744 1150 3928 1204 fraudi

2345 1214 2464 1279 fuit,
2496 1214 2592 1270 sed
2616 1232 2735 1271 eum
2758 1214 3088 1274 eum'fiducia
3117 1214 3297 1273 coram
3323 1214 3506 1273 sancto
3531 1221 3717 1273 Statuit
3745 1222 3924 1273 altari.

2414 1286 2468 1338 2.
2502 1286 2626 1341 limo
2654 1297 2850 1356 autem,
2879 1288 3226 1353 dilectissimi,
3256 1290 3323 1343 de
3347 1289 3746 1343 catechumenis
3775 1305 3804 1342 a
3833 1306 3927 1344 me

2343 1353 2611 1428 dicuntur,
2643 1373 2745 1411 non
2773 1353 2844 1412 de
2856 1358 3138 1428 quibusvis
3162 1359 3444 1426 opulentis.
3474 1359 3730 1421 Adverte,
3767 1375 3925 1428 qua:-

2343 1439 2425 1488 so,
2452 1427 2709 1493 animum,
2739 1429 2808 1481 mi
2841 1427 3019 1493 frater,
3049 1444 3112 1480 ac
3138 1429 3255 1482 vide
3280 1444 3391 1498 quo
3406 1438 3558 1496 pacto
3584 1442 3729 1497 saepe
3746 1427 3929 1483 domi-

2344 1510 2442 1548 nus
2467 1498 2687 1551 excedat
2715 1514 2778 1553 ex
2807 1499 3052 1564 ecclesia,
3082 1507 3135 1552 et
3159 1497 3342 1552 servus
3367 1497 3538 1551 fidelis
3576 1503 3746 1551 sacris
3776 1503 3922 1552 assio

2341 1565 2461 1636 deat
2479 1569 2742 1636 mysteriis
2767 1585 2779 1619 :
2801 1569 3100 1636 egrediatur
3118 1568 3350 1627 domina.
3370 1577 3423 1620 ct
3446 1577 3662 1620 maneat
3680 1569 3877 1621 ancilla
3899 1585 3920 1626 :

2341 1633 2461 1707 Non
2498 1633 2638 1689 enim
2687 1633 2870 1704 accipit
2911 1637 3126 1689 hominis
3168 1638 3344 1706 faciem
3391 1635 3690 1707 Deus(Gal.
3724 1637 3781 1692 2.
3815 1639 3917 1707 6).

2339 1705 2451 1757 Non
2478 1715 2558 1759 est
2590 1722 2716 1775 ergo
2743 1709 2791 1760 in
2822 1707 3055 1760 Ecclesia
3094 1705 3276 1760 servus
3304 1715 3358 1760 et
3396 1705 3570 1769 liber,
3619 1707 3715 1759 sed
3765 1705 3918 1760 illum

2338 1775 2773 1845 novitrb‘ci'iptura
2796 1793 3024 1840 servum,
3056 1777 3143 1844 qui
3169 1777 3405 1831 servituti
3438 1777 3637 1845 peccati
3667 1776 3922 1832 addictus

2337 1855 2436 1897 est.
2463 1844 2567 1916 Qui
2597 1844 2738 1900 enim
2763 1887 2774 1911 ,
2813 1847 2997 1915 inquit,
3035 1848 3155 1916 facit
3183 1844 3464 1914 peccatum,
3497 1862 3666 1899 servus
3694 1856 3771 1899 est
3799 1862 3920 1914 pec-

2336 1915 2435 1994 cati
2463 1913 2652 1997 (Joan.
2688 1915 2737 1970 8.
2769 1913 2899 1997 54A):
2946 1913 3101 1997 11111111
3148 1913 3306 1997 etiam
3349 1917 3567 1997 liberum
3623 1913 3869 1997 agnoscit
3896 1957 3913 1980 ,

2337 1985 2424 2055 qui
2468 2002 2495 2035 a
2535 1985 2708 2038 divina
2737 1985 2904 2055 gratia
2945 1987 2994 2038 in
3037 1986 3332 2055 libertatem
3370 1995 3606 2038 assertus
3636 1995 3743 2038 est.
3779 1985 3916 2039 Nam

2334 2051 2461 2124 Lex,
2493 2057 2678 2122 inquit,
2707 2051 2914 2124 spiritus
2935 2057 3046 2108 vitta
3072 2057 3123 2108 in
3146 2054 3270 2108 Jesu
3292 2054 3488 2107 Christo
3515 2055 3745 2107 liberavit
3780 2072 3859 2107 me
3883 2072 3916 2107 α

2334 2123 2654 2196 legepeccnti
2679 2125 2850 2196 (Rom.
2879 2127 2932 2179 8.
2959 2127 3038 2193 2).
3063 2125 3192 2196 Cum
3221 2125 3376 2196 igitur
3407 2125 3517 2196 haec
3543 2128 3720 2196 imago
3751 2128 3915 2178 variis

2333 2195 2506 2245 modis
2529 2236 2543 2252 .
2575 2205 2631 2246 ut
2652 2193 2775 2248 ante
2804 2196 3060 2256 diximus,
3095 2193 3344 2246 labefacta
3369 2203 3421 2247 et
3450 2194 3708 2246 dissoluta
3742 2206 3910 2258 esset,

2332 2265 2474 2314 venit
2503 2263 2760 2328 Salvator,
2793 2273 2845 2318 et
2871 2265 3133 2332 propriam
3162 2265 3438 2332 imaginem
3469 2265 3822 2327 restauravit;
3853 2277 3910 2318 et

2330 2346 2484 2404 quam
2516 2333 2759 2387 diabolus
2788 2336 3090 2404 dissiparat,
3119 2347 3234 2387 eam
3264 2335 3442 2404 ipsam
3459 2333 3576 2385 tulit
3594 2333 3788 2400 Opil'ex
3813 2333 3912 2386 bo-

2333 2415 2425 2472 mo
2447 2400 2614 2454 laetus
2635 2413 2836 2472 amator
2860 2400 3129 2457 hominum
3154 2443 3169 2468 ,
3208 2400 3310 2455 non
3334 2411 3389 2455 ut
3413 2402 3725 2472 dignitatem
3753 2418 3908 2456 suam

2330 2470 2588 2541 dedecore
2613 2471 2874 2535 afficeret,
2922 2478 3011 2526 sed
3041 2487 3187 2526 suam
3223 2487 3344 2541 erga
3383 2470 3488 2525 nos
3520 2473 3908 2540 benignitatem

2330 2539 2735 2595 demonstraret.
2771 2541 2918 2596 Unde
2947 2543 3047 2595 hoc
3075 2539 3306 2596 divinum
3333 2552 3383 2595 et
3406 2539 3720 2594 admirabile
3748 2542 3908 2595 1111111-

2329 2620 2564 2663 mentum
2612 2611 2797 2664 beatus
2838 2612 2996 2665 David
3041 2615 3397 2680 praznuntians
3438 2611 3611 2664 dixit:
3647 2610 3908 2664 Dominus

2327 2681 2589 2748 regnavit,
2639 2681 2865 2734 decorem
2907 2683 3111 2734 indutus
3147 2680 3422 2751 est(Psal.
3450 2683 3539 2736 92.
3575 2682 3634 2747 1)
3662 2681 3684 2732 1’
3710 2680 3906 2750 Neque

2327 2763 2452 2819 vero
2483 2751 2743 2803 Divinitati
2775 2752 3027 2819 principio
3053 2754 3250 2806 carenti
3291 2761 3344 2804 et
3380 2753 3708 2818 imorporea:
3739 2751 3905 2804 datur

2327 2817 2690 2889 indumentum
2726 2817 2886 2889 (nihil
2913 2817 3053 2873 enim
3085 2831 3166 2875 est
3194 2823 3429 2873 ornatius
3476 2817 3581 2874 Deo
3620 2821 3906 2888 magisque

2326 2886 2574 2959 decorum
2601 2929 2616 2952 ,
2654 2886 2809 2958 quam
2839 2900 2894 2944 ut
2921 2892 3032 2959 ipse
3056 2891 3301 2944 decorem
3331 2889 3590 2959 induat),
3630 2886 3760 2956 quin
3796 2886 3902 2944 hoc

2326 2958 2569 3011 humanae
2597 2968 2795 3012 natura:
2815 2958 3078 3014 convenit.
3110 2960 3317 3014 Etenim
3348 2976 3442 3012 nos
3466 2958 3706 3011 homines
3731 2974 3902 3012 mem-

2323 3026 2536 3081 brorum
2567 3029 2955 3082 deformitatem
2981 3030 3406 3083 \estimentorum
3433 3030 3622 3082 decore
3648 3032 3903 3098 contegi-

2323 3111 2440 3150 mus
2477 3114 2491 3150 :
2520 3113 2698 3150 verum
2729 3113 2847 3150 cum
2891 3100 3028 3151 Deus
3067 3099 3288 3166 simplex
3328 3099 3428 3160 sit,
3461 3109 3511 3150 et
3539 3100 3650 3150 sine
3675 3098 3856 3166 figura
3881 3140 3900 3165 ,

2321 3168 2464 3219 solus
2487 3167 2684 3220 habens
2711 3169 3172 3235 immortalitatem,
3203 3169 3370 3221 lucem
3390 3168 3629 3221 habitans
3650 3167 3903 3222 inacces-

2320 3235 2525 3305 sibilem
2556 3239 2605 3304 (l
2625 3275 2637 3288 .
2671 3236 2800 3289 Tim.
2827 3238 2879 3289 6.
2906 3239 3015 3304 l6),
3043 3252 3148 3305 quo
3172 3237 3364 3291 decore
3389 3249 3524 3304 eget,
3554 3247 3642 3289 aut
3671 3253 3786 3302 quo
3819 3240 3904 3291 in-

2318 3304 2569 3359 dumento
2595 3308 2852 3360 ornatur?
2896 3304 3402 3372 UndeperSpicnum
3442 3317 3522 3359 est
3570 3309 3898 3374 prophetam

2319 3376 2666 3444 appellavisse
2693 3375 2961 3440 decorem,
2992 3377 3229 3444 corporis
3250 3379 3677 3444 assumptionem.
3709 3379 3901 3441 Quin-

2317 3446 2475 3497 etiam
2520 3456 2670 3498 vocat
2714 3445 3043 3509 decentiam,
3074 3447 3338 3512 propriam
3373 3460 3625 3508 carnem,
3673 3460 3789 3498 non
3825 3448 3901 3501 ob

2317 3515 2554 3584 corporis
2584 3523 2858 3578 naturam,
2891 3514 2984 3584 sed
3006 3515 3073 3567 ob
3094 3516 3341 3568 virtutum
3375 3514 3774 3584 perfectionem.
3811 3515 3900 3569 ld-

2315 3582 2458 3636 circo
2477 3585 2726 3637 decorum
2748 3598 2937 3652 corpus
2963 3583 3187 3649 Domini,
3216 3599 3320 3637 non
3343 3582 3479 3652 qitod
3501 3598 3686 3652 corpus
3719 3582 3900 3639 fuerit

2314 3654 2505 3716 soluat,
2538 3653 2631 3706 sed
2661 3653 2806 3716 Quod
2834 3650 3086 3722 peccatum
3113 3670 3211 3706 non
3237 3650 3429 3722 fecerit,
3459 3650 3609 3721 neque
3635 3650 3790 3705 dolus
3812 3657 3899 3707 in-

2316 3734 2485 3774 t'entus
2514 3723 2577 3794 si_t
2599 3723 2651 3774 in
2671 3739 2755 3794 ore
2774 3723 2899 3794 ejus.
2929 3720 3175 3776 Dominus
3201 3720 3443 3794 regnavit,
3471 3720 3689 3794 decorent
3719 3724 3898 3777 indu-

2315 3801 2393 3845 tus
2418 3804 2485 3863 est
2518 3791 2665 3862 (Isai.
2690 3793 2776 3847 55.
2805 3793 2885 3863 9).
2919 3794 3006 3847 Sic
3034 3797 3191 3846 etiam
3216 3791 3288 3846 ait
3320 3793 3498 3856 lsaias,
3530 3793 3664 3861 quod
3686 3806 3896 3849 omnes

2317 3862 2558 3916 homines
2601 3863 2822 3931 induet,
2869 3873 2922 3915 et
2973 3863 3317 3917 circumdabit
3369 3863 3514 3931 quasi
3567 3875 3896 3918 ornamento

2313 3946 2520 3999 sponsae
2551 3929 2706 4001 (lsai.
2734 3932 2821 3986 49.
2853 3932 2973 4001 18).
3007 3932 3222 3984 lndutus
3248 3942 3317 3985 est
3347 3929 3587 3984 Dominus
3614 3932 3896 3998 fortitudi-

2314 4019 2444 4066 nem,
2473 4011 2517 4054 et
2544 4003 2802 4072 prtecinxit
2825 4016 2914 4072 sei;
2937 4013 3008 4072 et,
3037 4001 3304 4072 Accingere
3331 4002 3497 4071 gladio
3524 4012 3604 4051 tuo
3621 4003 3779 4068 super
3810 4006 3893 4071 fe-

2313 4089 2424 4124 mur
2451 4070 2606 4136 tuum,
2636 4081 2806 4141 potens
2832 4071 3008 4140 (Psal.
3032 4070 3118 4125 92.
3151 4072 3206 4125 1.
3232 4080 3277 4123 et
3304 4070 3391 4125 Η.
3421 4072 3487 4138 4)
3514 4109 3528 4134 ,
3567 4079 3619 4123 ct
3645 4085 3770 4137 qua:
3803 4070 3897 4127 Se-

2313 4152 2561 4212 quuntur.
2612 4149 2779 4209 Atque
2822 4145 2932 4212 inec
2964 4151 3227 4210 tamquam
3273 4153 3529 4194 armatum
3570 4142 3892 4208 quempiam

2313 4211 2488 4279 regem
2515 4211 2778 4265 Christum
2810 4211 3206 4274 demonstrant,
3239 4226 3382 4263 arma
3410 4213 3645 4278 quxdam
3677 4213 3895 4268 terreni

2313 4282 2549 4349 corporis
2580 4283 2814 4333 indutum
2847 4299 2859 4333 :
2892 4291 2944 4334 ct
2965 4281 3151 4334 merito
3184 4281 3397 4334 terreni.
3423 4279 3535 4333 Non
3564 4281 3702 4333 enim
3727 4281 3895 4335 simi-

2312 4352 2432 4404 liter
2461 4361 2615 4419 atque
2645 4350 2883 4403 homines
2907 4364 3140 4402 armatur
3164 4390 3176 4413 ,
3204 4358 3256 4404 et
3280 4349 3422 4414 audi,
3454 4353 3737 4416 quomodo.
3775 4352 3894 4405 Nos

2313 4420 2551 4472 homines
2571 4435 2688 4473 cum
2707 4422 3011 4488 plerumque
3031 4434 3317 4487 armantur,
3344 4425 3480 4488 quod
3504 4422 3774 4472 infirmum
3805 4432 3896 4476 est

2314 4499 2542 4542 tutatnur
2570 4503 2634 4543 eo
2660 4489 2797 4558 quod
2825 4489 2960 4542 forte
2984 4489 3104 4542 est?
3149 4489 3240 4542 sed
3282 4492 3414 4542 Deus
3444 4489 3530 4556 qui
3562 4489 3710 4541 fortis
3759 4504 3890 4556 est,

2310 4569 2363 4631 et
2389 4559 2588 4631 validus
2611 4598 2624 4623 ,
2667 4569 2718 4631 et
2745 4568 2927 4626 potens
2949 4599 2963 4623 ,
3000 4568 3267 4631 terrenum
3289 4567 3342 4612 et
3367 4558 3646 4611 inValidum
3682 4572 3895 4631 corpus

2311 4629 2497 4690 induit,
2528 4643 2628 4681 non
2652 4629 2976 4682 dedecorans
3005 4629 3307 4698 dignitatem
3337 4644 3482 4680 suam
3505 4669 3518 4692 ,
3561 4643 3744 4699 verum
3781 4629 3892 4699 po-

2313 4699 2514 4750 testatis
2554 4714 2660 4752 sua:
2705 4699 3055 4766 pnestantiam
3097 4713 3189 4766 per
3231 4699 3495 4751 infirmum
3543 4698 3888 4753 ostendens:

2310 4770 2446 4820 sicut
2471 4769 2602 4820 dixit
2641 4769 2831 4832 Paulo,
2880 4767 2966 4836 qui
3013 4768 3334 4836 supplicabat
3374 4768 3506 4836 ipsi:
3555 4767 3751 4835 Sufﬁcit
3798 4771 3894 4824 tibi

2310 4839 2472 4908 gratia
2513 4853 2659 4908 mea:
2690 4839 2996 4908 nantvirtus
3041 4853 3150 4890 mea
3191 4838 3241 4889 in
3277 4838 3570 4905 inﬁrmitate
3616 4838 3894 4904 perﬁcitur

2311 4907 2398 4977 (2.
2430 4910 2546 4960 Cor.
2572 4907 2656 4961 12.
2690 4908 2722 4961 9
2743 4908 2781 4977 )-
2813 4907 2960 4962 Unde
2981 4921 3098 4960 eum
3122 4908 3313 4961 nobilis
3344 4909 3426 4960 hic
3457 4908 3727 4977 apostolus
3754 4923 3893 4974 pra:-

2309 4975 2453 5031 cmre
2483 4975 2801 5046 percepisset
2839 4992 2900 5030 ea
2943 4993 3057 5044 qua:
3088 4979 3185 5029 sibi
3211 4977 3347 5029 dicta
3374 4987 3526 5030 crant
3548 5016 3562 5041 ,
3589 4976 3654 5028 ad
3681 4975 3890 5032 Corin-

2310 5049 2448 5101 thios
2475 5049 2709 5101 scribens
2737 5048 2836 5106 ait,
2869 5047 3012 5111 Quod
3037 5047 3289 5113 inﬁrmum
3334 5057 3402 5099 est
3431 5046 3562 5110 Dei,
3597 5048 3784 5115 fortius
3816 5058 3888 5103 est

2312 5117 2606 5168 hominibus.
2642 5117 2870 5186 lndutus
2891 5125 2961 5167 est
2992 5115 3234 5168 Dominus
3263 5118 3604 5186 fortitudinem
3635 5119 3727 5185 (1.
3757 5119 3885 5171 Cor.

2313 5189 2358 5241 1.
2391 5187 2495 5255 25)
2527 5203 2538 5235 :
2575 5186 2671 5238 hoc
2702 5197 2810 5250 est,
2842 5184 3287 5253 dispensationem
3315 5188 3609 5240 elucentem
3640 5184 3739 5255 per
3761 5203 3885 5241 car-

2309 5273 2448 5309 nem.
2494 5256 2626 5322 Quid
2659 5258 2800 5308 enim
2827 5255 2912 5306 illa
2950 5256 3173 5322 pretiosa
3202 5265 3254 5308 et
3283 5267 3462 5309 sancta
3497 5271 3660 5310 carne
3695 5267 3885 5324 polen~

2310 5336 2410 5379 tius
2432 5327 2453 5376 ’ἰ
2479 5327 2600 5393 quid
2625 5337 2781 5394 porro
2810 5324 3034 5376 fortius?
3073 5325 3278 5378 Etenim
3313 5341 3401 5392 per
3420 5340 3609 5394 corpus
3633 5329 3886 5393 corporis

2307 5405 2550 5462 expertes
2577 5405 2627 5447 et
2654 5397 2908 5460 malignos
2928 5395 3195 5446 daemones
3215 5395 3494 5448 debellavit
3517 5411 3530 5456 ;
3561 5404 3614 5448 et
3639 5411 3737 5464 per
3764 5411 3889 5451 cru-

2306 5481 2420 5517 cem
2453 5466 2516 5516 de
2543 5465 2858 5516 adversariis
2878 5465 3220 5530 potestatibus
3249 5465 3607 5531 triumphavit.
3641 5470 3887 5522 Attende

2306 5536 2600 5601 diligenter.
2631 5534 2868 5585 ludutum
2901 5536 3428 5604 eticircutnamictum
3459 5549 3579 5587 esse
3611 5537 3887 5604 signiﬁcat

2305 5605 2757 5672 circumscriptum
2785 5619 2919 5656 esse.
2945 5603 3072 5655 Cum
3106 5607 3259 5671 igitur
3284 5613 3459 5655 sancta
3494 5613 3546 5655 et
3585 5603 3886 5659 incircum-

2306 5674 2498 5739 scaipta
2528 5683 2710 5725 natura
2738 5673 3000 5726 videretur
3026 5675 3078 5726 in
3105 5689 3323 5742 corpore
3348 5676 3732 5735 circumscribi,
3773 5693 3886 5732 non

2309 5745 2698 5814 ett'cntusciipta
2736 5744 2946 5813 quidem
2978 5744 3262 5799 secundum
3294 5746 3559 5814 prOpriam
3585 5758 3842 5803 naturam
3866 5785 3882 5814 ,
