4104 6322
715 366 827 422 527

699 460 1185 532 «pm‘dignusque
1210 458 1421 532 Israelis
1447 460 1569 532 dux
1589 457 1888 532 declaratus
1925 465 2026 513 est.
2058 455 2270 532 Jejunio

699 527 975 586 custodito
989 527 1165 586 Helias
1194 545 1352 586 curru
1381 531 1534 600 igneo
1559 530 1610 583 in
1642 531 1828 584 caelum
1854 535 1937 583 est
1965 527 2268 600 translatus,

701 615 796 677 per
824 601 1166 677 quemovina
1197 600 1360 677 pellis.
1379 598 1524 677 regia
1565 615 1800 677 purpura
1843 598 2124 677 pretiosior
2149 613 2274 677 eva-

699 670 788 739 sit.
822 669 954 725 Cum
978 670 1238 739 jejunium
1268 670 1320 724 in
1347 669 1464 724 lacu
1495 669 1675 724 Daniel
1705 670 1932 739 coleret,
1962 669 2271 739 immanium

698 737 930 794 ferarum
954 735 1049 793 ora
1076 740 1379 804 obturavit,
1420 749 1473 794 et
1499 741 1566 794 ab
1605 740 1668 793 iis
1712 738 1907 793 illmsus
1935 737 2080 793 exiit.
2121 735 2273 805 Jeju-

699 809 844 879 nium
874 809 1158 879 amplexati
1187 817 1300 864 tres
1327 809 1496 879 pueri,
1528 810 1771 878 septuplo
1800 810 1966 878 magis
1993 821 2269 879 accensam

698 876 978 950 {emacem
1013 876 1382 950 exstinxerubt
1405 919 1420 944 ,
1464 889 1530 950 et,
1566 876 1740 950 ignem
1788 876 2080 934 eﬁ'ecerunt
2112 876 2272 950 _quasi

698 947 943 1016 spiritum
975 949 1114 1003 roris
1153 949 1474 1004 sibilantem.
1506 946 1774 1018 Jejunium
1805 950 2076 1018 amplexus
2105 946 2270 1018 Joan-

698 1030 827 1088 nes,
847 1018 1017 1086 major
1043 1022 1093 1072 in
1133 1018 1402 1088 prophetis
1427 1017 1726 1075 declaratus
1751 1029 1864 1081 est,
1896 1017 1958 1071 et
1991 1017 2271 1088 Dominum

700 1085 961 1158 glorizein
991 1085 1526 1158 Jordaine'baptizare
1567 1090 1776 1144 meruit.
1813 1087 2012 1156 Ecquid
2043 1085 2274 1158 prophe-

702 1164 781 1229 _tas
806 1165 861 1212 et
879 1157 1048 1229 justos
1075 1159 1126 1212 in
1159 1157 1388 1213 medium
1422 1159 1679 1229 profero?
1721 1159 1984 1226 Jejunium
2025 1157 2269 1210 Christus

699 1225 815 1299 Ipse
843 1225 1152 1299 amplexus,
1183 1229 1388 1284 hostem
1417 1225 1608 1299 dejecit
1629 1271 1644 1294 ,
1673 1239 1724 1284 et
1756 1225 1850 1282 nos
1887 1230 2002 1299 ejus
2029 1234 2269 1281 contem-

696 1294 1074 1368 platores'esse
1101 1298 1347 1368 dignatus
1368 1294 1842 1368 esthuapropter
1866 1297 2123 1368 jejunium
2153 1309 2270 1350 sus-

695 1365 952 1434 cipiamus
974 1409 988 1434 ,
1034 1365 1230 1422 donum
1298 1370 1584 1438 pretiosum
1608 1365 1641 1433 ,⁷
1669 1365 1931 1422 sanctom'
1952 1367 2216 1438 cimelium
2249 1405 2265 1427 ,

697 1437 934 1491 veritatis
963 1436 1343 1501 simulacrum,
1390 1441 1599 1506 pietatis
1627 1447 1804 1505 caput,
1848 1438 2134 1507 spiritualis
2172 1436 2266 1490 do-

696 1509 881 1578 ctrina:
909 1508 1243 1569 advocatum,
1284 1509 1442 1561 animi
1474 1510 1841 1578 aegritudinum
1870 1509 2106 1570 exitium,
2141 1522 2266 1578 pec-7

695 1577 797 1648 cati
816 1577 1256 1648 destructionem.
1289 1576 1541 1648 nequitize
1563 1580 1949 1641 adversarium,
1981 1576 2264 1645 virginitati

694 1647 860 1716 gloria
884 1647 1107 1716 aequale,
1133 1647 1432 1702 daemonum
1463 1650 1726 1704 excidium
1745 1691 1759 1712 ,
1788 1649 1982 1703 diaboli
2021 1650 2264 1715 inerepa-

699 1715 894 1770 tionem
915 1715 1222 1780 {idolorum
1253 1718 1691 1783 destructionem,
1726 1719 2078 1772 Ecclesiarum
2107 1717 2266 1770 deco-

695 1800 834 1849 rem,
863 1786 1240 1855 lmperatorum
1271 1790 1431 1843 robur
1455 1831 1467 1850 ,
1501 1791 1838 1844 sacerdotum
1869 1796 2262 1850 ornamentum,

697 1855 930 1927 virorum
958 1857 1309 1925 prudentiam,
1334 1860 1614 1915 mulierum
1647 1860 2070 1927 temperantiam,
2095 1856 2265 1909 infan-

693 1925 822 1978 tium
863 1926 1246 1981 institutionem
1270 1968 1285 1993 ,
1317 1943 1591 1983 servorum
1624 1925 2021 1990 liberationem,
2065 1940 2265 1995 paupe-

693 2009 810 2066 rum
861 1997 1296 2051 consolationem.
1347 1999 1475 2062 Quis
1522 1999 1785 2066 jejunium
1843 1998 2115 2065 amplexus
2156 2010 2263 2050 non

690 2065 910 2138 gloriam
939 2066 1159 2138 adeptus
1191 2075 1273 2138 est
1292 2067 1327 2138 ?_
1359 2069 1476 2137 quis
1508 2065 1625 2138 ipso
1653 2078 1863 2123 servato
1908 2083 2010 2120 non
2043 2080 2264 2134 magnus

690 2137 902 2206 evasit?
942 2137 1062 2206 quis
1087 2138 1203 2206 ejus
1230 2137 1432 2206 legibus
1456 2137 1695 2193 addictus
1737 2154 1843 2193 non
1879 2137 2063 2192 beatus
2089 2138 2261 2206 dictos

691 2203 787 2276 fuit
811 2206 833 2259 ?
861 2203 979 2272 quis
1009 2203 1130 2260 illud
1158 2203 1432 2276 amplexus
1469 2211 1786 2262 tentationes
1821 2224 1923 2261 non
1949 2205 2261 2276 superavit?

690 2275 810 2347 quis
835 2277 949 2347 ejus
979 2277 1169 2330 auditis
1208 2279 1647 2347 promissionibus
1674 2294 1778 2332 non
1810 2278 1966 2331 modo
1995 2275 2130 2346 apud
2159 2276 2256 2330 ho-

689 2345 861 2398 mines
887 2345 1318 2417 honoratus,'sed
1340 2349 1498 2401 etiam
1524 2363 1553 2400 a
1579 2349 1667 2402 Dei
1695 2349 1771 2401 ira
1797 2348 2260 2417 indignationeun

686 2423 902 2482 ereptus
939 2417 1059 2468 est?
1103 2415 1288 2472 Nonne
1322 2417 1506 2470 Achab
1549 2418 1641 2470 illo
1685 2415 1977 2471 armatusa
2009 2416 2260 2470 divinitus

687 2483 924 2556 immissa
951 2485 1026 2539 ira
1053 2496 1267 2554 ereptus
1300 2488 1423 2542 eSt?
1465 2486 1576 2552 Ille,
1605 2488 1848 2555 inquam,
1880 2488 1970 2556 qui
1995 2487 2180 2539 avibus
2205 2493 2260 2539 et

685 2551 810 2606 feris
839 2555 887 2607 in
917 2570 1088 2608 escam
1121 2551 1275 2610 datus
1303 2566 1405 2624 est,
1440 2567 1493 2610 et
1528 2551 1593 2609 In
1641 2551 1786 2621 cujus
1827 2551 2068 2625 sanguine
2094 2573 2257 2609 mere-

685 2625 832 2677 trices
856 2625 1155 2697 lavabantur
1181 2629 1268 2697 (3.
1297 2627 1421 2696 Reg.
1445 2627 1533 2680 22.
1559 2628 1628 2681 58
1649 2627 1692 2696 ).
1726 2643 1818 2695 per
1843 2627 2098 2695 jejunium
2135 2637 2258 2681 tunc

683 2709 714 2747 a
747 2695 932 2750 mortis
961 2695 1199 2764 periculo
1238 2695 1451 2765 ereptus
1484 2707 1596 2758 est,
1641 2695 1782 2765 quod
1830 2712 1957 2750 sane
1995 2698 2254 2764 jejunium

684 2774 796 2818 tum
840 2765 954 2836 ipso
986 2766 1238 2835 propheta
1267 2767 1488 2822 validius
1515 2767 1775 2836 apparuit.
1809 2767 1992 2821 Nonne
2016 2768 2117 2819 hoc
2145 2782 2255 2819 ser-

685 2845 805 2888 vato
831 2835 1094 2895 Ninivitze.
1142 2845 1246 2891 tam
1288 2835 1722 2906 homines’quatn
1743 2838 2007 2906 jumenta.
2037 2854 2065 2887 a
2099 2837 2251 2890 tridui

681 2905 1096 2962 comminatione
1123 2908 1289 2976 erepti
1314 2917 1456 2971 sunt,
1480 2923 1540 2962 ac
1565 2905 1712 2962 Jnna:
1742 2905 2014 2976 prephetae
2040 2907 2251 2960 verbum

681 2988 842 3040 opere
868 2991 1089 3029 vacuum
1119 2977 1328 3030 evasit?
1370 2977 1557 3031 Nonne
1596 2977 1697 3030 hoc
1742 2987 1956 3031 servato
1985 2977 2254 3044 propheta:

681 3044 776 3116 I_)_ei
812 3047 1201 3116 omnipotentis
1261 3047 1793 3116 contemplationibus
1853 3057 1907 3101 et
1960 3047 2253 3100 visionibus

679 3112 838 3187 digni
865 3115 1032 3187 habiti
1070 3115 1216 3171 fuere
1239 3156 1254 3181 ,
1298 3127 1455 3187 atque
1478 3112 1673 3170 ’lutura
1697 3159 1710 3179 ,
1759 3118 1902 3171 velut
1947 3117 2248 3185 praesentia,

680 3185 1040 3255 praviderunt
1069 3195 1226 3255 atque
1253 3185 1516 3242 vaticinati
1561 3187 1726 3240 sunt?
1771 3187 1956 3241 Nonne
1997 3187 2252 3254 apostolis

679 3253 771 3308 illo
797 3256 1016 3310 armatis
1035 3297 1049 3321 ,
1087 3253 1155 3309 In
1183 3273 1377 3310 omnem
1406 3268 1588 3311 terram
1615 3257 1764 3310 exivit
1791 3274 1943 3311 sonus
1967 3253 2139 3311 eorum
2159 3296 2173 3320 ,
2207 3264 2252 3310 et

678 3324 731 3376 in
760 3325 886 3392 ﬁnes
912 3327 1221 3398 orbisterrw
1241 3329 1388 3398 verba
1417 3343 1589 3398 eorum
1615 3327 1782 3398 (Psat.
1809 3328 1894 3382 18.
1924 3327 2023 3398 ω
2063 3325 2252 3398 Nonne

678 3403 732 3468 et
761 3405 1022 3468 martyres
1049 3397 1138 3452 illo
1166 3397 1374 3462 muniti,
1406 3397 1634 3468 templa,
1670 3411 1790 3468 aras
1811 3440 1826 3460 ,
1858 3397 2099 3468 nidorem
2119 3397 2250 3468 _ido-

678 3465 848 3540 lorum
874 3465 1200 3540 dejecerunt,
1228 3477 1282 3540 et
1307 3465 1650 3540 tyrannorum
1676 3467 1906 3540 furorem
1934 3467 2078 3540 nihili
2111 3466 2250 3521 fece-

679 3536 844 3606 runt?
884 3535 1072 3592 Nerine
1109 3538 1276 3592 sancti
1319 3535 1434 3606 ejus
1477 3552 1659 3592 amore
1687 3539 1827 3592 ducti
1856 3581 1869 3590 .
1915 3538 2168 3591 mundum
2194 3545 2248 3592 et

679 3605 941 3678 mundana
965 3607 1142 3661 omnia
1164 3605 1509 3678 reliquerunt,
1535 3617 1588 3662 et
1608 3609 1659 3662 in
1686 3608 1932 3672 desertis,
1956 3607 2241 3678 montibus,

676 3677 946 3745 speluncis
993 3687 1042 3732 et
1094 3677 1343 3733 cavernis
1397 3687 1553 3733 terrae
1609 3679 1899 3732 secundum
1947 3677 2246 3745 apostolum

677 3744 894 3798 Paulum
919 3746 1234 3812 habitantes,
1263 3747 1533 3802 diabolum
1559 3757 1613 3802 et
1639 3749 1752 3812 ejus
1777 3744 2040 3801 exercitus
2066 3761 2246 3802 coram

677 3765 894 3798 ramum
919 3765 1234 3812 namctntes,
1263 3765 1533 3802 amomum
1559 3765 1613 3802 et
1639 3766 1668 3799 e
1693 3765 1752 3800 us
1777 3765 2040 3801 exercitus
2066 3765 2246 3802 coram

677 3817 878 3883 positos
906 3816 1247 3885 proﬂigarunt
1275 3817 1458 3887 (Hebr.
1487 3819 1571 3870 tl.
1599 3765 1734 3887 38b?
1762 3817 1908 3870 Hanc
1931 3827 1985 3870 et
2014 3831 2110 3868 nos
2136 3831 2248 3887 ser-

675 3899 862 3938 vemus
890 3887 1184 3939 animarum
1216 3886 1683 3955 tranquillitatem,
1712 3901 1994 3954 corporum
2026 3886 2248 3940 medici-

677 3969 798 4025 nam
825 3994 839 4018 ,
879 3956 1256 4025 cogitationum
1304 3971 1524 4025 pacem,
1561 3958 2108 4024 concupiscentiarum
2151 3971 2247 4010 ex-

677 4023 1036 4098 stinction‘e'm,
1065 4041 1182 4098 quae
1200 4025 1278 4098 ab
1301 4023 1488 4080 alienis
1513 4027 1710 4080 divitiis
1740 4023 2005 4098 rapiendis
2033 4027 2243 4098 avertit,

675 4109 793 4217 quae
818 4094 1095 4164 orphanos
1118 4095 1236 4151 laedi
1253 4111 1356 4150 non
1377 4099 1591 4166 patitur,
1619 4113 1736 4166 qua:
1758 4094 1927 4151 viduis
1954 4099 2152 4150 luctum
2177 4097 2246 4151 ob

713 4178 866 4217 amna
899 4180 1002 4217 non
1032 4166 1219 4217 aﬂ‘ert.
1252 4182 1371 4217 (tua:
1407 4181 1504 4217 nos
1542 4168 1882 4217 saecularibus
1922 4167 2064 4217 curis
2091 4167 2246 4217 disti-

713 4178 866 4236 amna
899 4180 1002 4219 non
1032 4166 1219 4233 aﬂ'ert,
1252 4182 1371 4236 quae
1407 4181 1504 4221 nos
1542 4168 1882 4221 saecularibus
1922 4167 2064 4221 curis
2091 4167 2246 4221 disti-

679 4235 792 4289 neri
821 4250 925 4288 non
952 4238 1096 4302 sinit,
1124 4252 1243 4306 quae
1272 4235 1584 4290 mortalibus
1609 4239 1913 4306 angelorum
1946 4246 2245 4292 conthum

678 4314 945 4386 procurat,
989 4322 1104 4386 qua:
1136 4306 1305 4386 legem
1335 4307 1556 4386 D_Om_ini_
1587 4306 1674 4386 die
1715 4323 1777 4360 ac
1804 4319 1957 4386 nocte
2001 4307 2246 4386 meditari

673 4374 842 4446 jubet.
893 4375 965 4429 De
992 4377 1082 4429 illo
1106 4374 1299 4446 quippe
1332 4378 1406 4431 ait
1435 4375 1719 4430 Zacharias
1748 4378 2025 4446 propheta,
2053 4387 2101 4430 et
2131 4376 2245 4444 ejus

677 4444 896 4510 gloriam
923 4444 1388 4501 clarius're’velans
1418 4448 1521 4499 alta
1558 4461 1686 4500 voce
1711 4444 1903 4500 clamat
1929 4465 1942 4498 :
1972 4446 2096 4499 ch
2123 4448 2245 4499 dicit

675 4515 924 4568 Dentium
968 4517 1281 4584 omnipotens
1315 4532 1334 4570 :
1371 4515 1633 4585 Jejunium
1677 4529 1952 4581 quartum,
1996 4517 2245 4585 jejunium

675 4537 924 4568 υοηιιηιιε
968 4537 1281 4584 omniparens
1315 4537 1334 4570 ἔ
1371 4537 1633 4585 Jejuntum
1677 4537 1910 4580 quartum
1937 4558 1952 4581 ν
1996 4537 2046 4584 18
2071 4537 2244 4569 unmm

675 4585 902 4657 quintum
947 4595 992 4639 et
1026 4586 1280 4657 jejunium
1321 4588 1587 4653 septimum
1629 4595 1772 4638 erunt
1812 4588 1982 4657 domui
2024 4537 2167 4657 J’uda
2192 4589 2244 4640 in

712 4655 914 4708 audium
940 4666 983 4708 et
1010 4655 1060 4708 in
1087 4657 1313 4709 lwtitiam
1348 4665 1392 4709 et
1420 4658 1472 4709 in
1504 4660 1627 4724 festo
1656 4658 1784 4708 bona
1815 4656 2002 4723 (Zach.
2033 4657 2083 4711 8.
2117 4655 2240 4724 l9).

712 4673 914 4708 auruum
940 4673 983 4708 et
1010 4673 1060 4708 ιη
1087 4673 1313 4709 ucturum
1348 4673 1392 4709 et
1420 4673 1472 4709 ιη
1504 4673 1627 4724 [eam
1656 4673 1784 4708 bona
1815 4673 2002 4723 (Lacu.
2033 4673 2083 4711 δ.
2117 4673 2240 4724 n1).

675 4673 899 4778 {,IIIISIIS
926 4740 1111 4778 omnes
1140 4725 1404 4792 quomodo
1432 4727 1684 4780 festorum
1713 4737 2078 4794 argumentum
2103 4727 2244 4794 jeju-

677 4797 819 4848 nium
859 4795 1102 4862 aperiat?
1134 4795 1394 4849 Didicistis
1431 4796 1695 4864 quomodo
1746 4798 1938 4848 ctarins
1978 4797 2090 4865 ejus
2142 4796 2244 4850 vir-

677 4875 843 4918 tntent
870 4875 923 4918 et
954 4867 1174 4934 gloriam
1198 4868 1474 4920 annnntiet
1494 4868 1515 4918 ’ἶ
1543 4867 1853 4935 (lognoscile
1883 4882 1986 4935 quo
2013 4877 2164 4934 pacto
2187 4881 2244 4920 se

676 4935 1028 5002 suscipientes
1062 4936 1124 4989 ad
1161 4951 1394 4989 amorem
1431 4936 1757 5005 spiritualem
1790 4939 1973 5003 erigat.
2010 4938 2245 4990 Voltisne

676 5007 790 5074 ejus
819 5007 1133 5076 hypotltesin
1167 5005 1496 5060 manifestius
1525 5007 1805 5061 ediscere?
1848 5008 2062 5075 Aperite
2089 5020 2245 5060 aures

679 5077 870 5129 mentis
902 5086 1106 5137 vestrae,
1134 5086 1187 5130 et
1213 5077 1621 5144 cogitationibus
1645 5078 1834 5130 vestris
1864 5077 2116 5144 suscipite
2138 5079 2245 5145 spi-

677 5147 884 5199 ritualia
906 5147 1136 5211 cantica,
1171 5147 1421 5214 perennia
1467 5149 1681 5205 llncnta,
1725 5162 1787 5199 ex
1838 5147 2245 5199 immortalitatis

678 5216 821 5269 lente
849 5218 1131 5267 manantia.
1174 5217 1306 5282 Quid
1340 5217 1490 5284 dicis,
1540 5215 1836 5285 propheta?
1875 5218 2044 5280 Quem
2075 5217 2244 5270 Israe-

682 5287 785 5339 letn
829 5286 1069 5339 inducis?
1112 5287 1447 5340 carnalemne
1468 5328 1481 5351 ,
1515 5303 1578 5339 an
1611 5295 1839 5340 mentem
1868 5287 2032 5339 Deum
2062 5287 2245 5340 viden-

685 5356 831 5408 tem?
864 5356 1189 5423 pollututnne
1234 5373 1326 5422 per
1358 5358 1534 5410 illicita
1562 5358 1814 5409 sacriﬁcia
1842 5397 1854 5415 ,
1898 5373 1964 5409 an
1993 5371 2112 5410 eum
2155 5357 2242 5423 qni

683 5441 776 5493 per
803 5427 1160 5494 apostolorum
1189 5427 1479 5479 doctrinam
1509 5427 1751 5480 inductus
1780 5429 1902 5479 est?
1932 5441 2123 5481 eumne
2153 5427 2243 5494 qui

681 5511 776 5564 per
814 5496 1121 5561 sanguinem
1163 5496 1427 5549 hircorum
1459 5507 1512 5550 et
1554 5508 1820 5549 taurorum
1853 5498 2144 5559 sacrilicat,
2176 5512 2242 5550 an

681 5581 802 5618 eum
832 5565 921 5633 qui
954 5565 1225 5635 incruente
1255 5565 1515 5620 sacriﬁcat
1535 5608 1547 5628 ,
1580 5566 1748 5628 illum,
1777 5572 1862 5635 qui
1897 5567 2029 5619 tollit
2053 5581 2243 5634 pecca-

681 5642 791 5688 tum
824 5634 1045 5688 mundi?
1070 5649 1260 5688 eumne
1286 5637 1373 5704 qui
1406 5636 1734 5703 sculptilibus
1760 5634 1816 5688 ut
1847 5637 1952 5688 Deo
1981 5637 2244 5688 sacriﬁca-

683 5707 786 5769 vit,
817 5721 882 5758 an
911 5720 1031 5758 eum
1062 5706 1148 5773 qui
1181 5721 1244 5758 ex
1276 5709 1378 5758 aris
1418 5718 1469 5759 et
1509 5707 1802 5758 simulacris
1831 5715 2041 5772 ereptus
2062 5746 2075 5767 ,
2109 5716 2159 5758 et
2191 5708 2241 5758 in

679 5776 1017 5847 adoptionem
1045 5777 1367 5844 spiritualcm
1393 5784 1607 5831 vocatus
1637 5775 1754 5831 est?
1783 5776 1960 5830 Palam
1988 5785 2131 5831 certe
2163 5786 2240 5831 est

2209 339 2477 399 SPURIA.

3889 370 3988 428 5‘28

2376 469 2572 532 novum
2598 463 2654 532 _et
2698 456 3170 532 penbaptlsmum
3206 460 3526 529 peculiarem
3559 461 3765 518 factum
3799 477 3971 532 popu-

2374 525 2484 602 lum
2510 525 2646 587 dici,
2679 525 2767 602 qui
2808 527 2862 582 in
2898 525 3036 598 aqua
3072 538 3134 602 _et
3161 525 3280 600 igne
3308 541 3583 600 purgatur.
3621 525 3851 588 Etenim
3879 525 3969 602 per

2375 594 2563 649 Isaiam
2604 596 2915 665 prophetam
2944 594 3225 656 manifeste
3251 594 3445 655 clamavt
3471 620 3488 658 :
3526 602 3856 658 Nmenias
3882 594 3970 657 ἱε-

2375 675 2515 744 strns_
2528 673 2572 719 et
2593 665 2800 744 sabbata
2822 676 2871 721 et
2892 667 3024 721 diem
3050 685 3287 744 ninguitur
3311 688 3410 724 non
3435 674 3678 744 sustineo,
3699 675 3969 744 jejunium

2375 744 2422 810 e_t
2445 736 2601 810 otium
2622 746 2671 790 et
2693 735 2824 801 festa
2852 746 3012 810 vestra
3035 735 3151 792 odii
3163 741 3333 794 anima
3352 758 3460 796 mea
3480 741 3633 810 (lsat.
3659 735 3721 799 If
3734 735 3832 798 i5.
3857 744 3965 810 It).

2374 803 2938 883 Considerate_,_quod
2969 822 3163 863 novum
3205 803 3593 883 populumg‘per
3634 803 3966 883 prophetam

2374 883 2560 953 evocet
2601 873 2667 930 ad
2711 873 2922 953 jejunii
2946 891 3138 953 munus
3179 873 3576 950 exsequendum
3604 873 3762 938 {non
3815 887 3964 953 quod

2377 891 2560 929 evocet
2601 891 2667 930 aa
2711 891 2766 945 je
2790 891 2900 930 unn
2946 891 3138 933 munus
3179 891 3576 950 exsequendum
3604 902 3618 938 :
3649 899 3762 938 non
3815 891 3961 953 quod

2377 943 2519 1014 Deus
2546 959 2730 1000 eorum
2755 891 3039 1014 iejunium,
3081 948 3522 1014 obsecrationem,
3555 955 3882 1009 neomenias
3905 964 3961 1009 et

2375 1011 2871 1088 sabbataArespita‘t,
2910 1017 3004 1088 sed
3046 1017 3188 1088 quod
3221 1015 3332 1074 illis
3367 1020 3438 1074 sit
3473 1011 3680 1088 plenus.
3713 1024 3796 1080 Illi
3833 1039 3966 1080 vero

2376 1096 2472 1150 per
2500 1082 2727 1158 profana
2752 1101 2918 1158 _opera
2952 1082 3115 1142 Deuin
3145 1082 3542 1158 dereliquertint
3564 1093 3606 1156 ί.
3633 1102 3693 1149 et
3722 1095 3962 1149 electum

2373 1155 2764 1233 populum,_qui
2789 1155 3074 1233 adventum
3104 1155 3358 1233 unigeniti
3388 1159 3508 1215 Filii
3545 1155 3662 1233 ejus
3695 1179 3960 1233 praenun-

2374 1223 3153 1300 tiabat_,_inique_occiderunt4
3183 1223 3353 1300 alium,
3371 1243 3518 1284 serra
3545 1223 3721 1300 lignea
3743 1275 3760 1298 ,
3788 1236 3960 1289 alium

2581 1290 2751 1383 lacum
2765 1295 3085 1383 'deductum.
3113 1295 3180 1352 Et
3204 1313 3300 1353 cur
3324 1299 3391 1353 de
3413 1290 3694 1381 prophétis
3722 1290 3962 1383 loquor?

2372 1360 2475 1432 Ipsi
2508 1377 2735 1430 namque
2765 1363 3043 1421 Dominum
3083 1384 3238 1422 suum
3275 1360 3435 1432 quasi
3470 1360 3618 1424 reum
3661 1360 3960 1429 cruciﬁxe-

2371 1439 2514 1508 run_t_
2535 1441 2589 1486 et
2616 1434 2924 1508 occiderunt
2969 1437 3206 1508 dicentes
3237 1452 3252 1508 :
3286 1434 3386 1492 Hic
3429 1449 3500 1493 est
3543 1441 3686 1495 heres
3718 1457 3738 1494 :
3766 1445 3956 1508 venite,

2370 1502 2660 1580 occiderat“
2685 1520 2798 1556 eum
2829 1505 3049 1580 (Matth.
3077 1507 3166 1562 21.
3195 1507 3324 1580 58).
3356 1508 3658 1580 Yidesﬂquo
3688 1522 3855 1580 pacto
3894 1502 3958 1568 se

2371 1585 2465 1651 per
2513 1572 2721 1651 indigna
2767 1572 2925 1651 opera
2970 1572 3482 1651 alienosul'eéerinti
3512 1572 3639 1651 _an
3687 1572 3956 1638 Dominus

2370 1643 2544 1715 itaque
2587 1643 2705 1697 illos
2746 1646 2969 1715 repulit;
3016 1647 3108 1700 sed
3155 1648 3226 1702 illi
3269 1664 3327 1702 se
3363 1667 3390 1699 a
3422 1649 3685 1715 majorum
3729 1665 3954 1706 suorum

2369 1709 2558 1765 ﬁducia
2588 1709 2869 1769 extraneos
2912 1714 3169 1771 fecerunt.
3202 1718 3326 1772 Hmc
3367 1719 3456 1772 lilii
3505 1709 3663 1774 Israel
3707 1722 3954 1776 meditati

2368 1790 2491 1868 sunt
2524 1799 2536 1833 :
2560 1783 2646 1868 sic
2672 1784 2875 1868 electus
2904 1785 3108 1867 Domini
3133 1790 3360 1868 populus
3385 1790 3620 1868 fremuit,
3647 1791 3952 1844 secundmn

2368 1851 2527 1929 verba
2560 1852 2986 1929 Davidis‘Cbristi
3015 1851 3175 1929 patris
3204 1851 3226 1909 ἱ
3246 1851 3755 1929 Quarekfremuerunt
3782 1872 3955 1929 gentes

2367 1928 2415 1996 et
2449 1921 2620 1996 populi
2648 1923 2877 1996 meditati
2896 1921 3337 1994 suntinania,e'tc.
3369 1921 3538 1993 (Ρωι.
3566 1929 3620 1982 2.
3648 1930 3702 1996 l)
3734 1931 3758 1982 ?
3782 1921 3952 1984 Vide-

2369 1988 2456 2069 tis,
2489 1990 2695 2069 ﬁdeles,
2717 1993 2899 2061 jejunii
2928 1996 3148 2063 gratiam
3170 1988 3550 2069 [respicitisne
3576 1988 3802 2066 prte'mia
3830 2017 3951 2068 quae

2365 2061 2537 2132 ipsum
2583 2061 2731 2115 ﬁrma
2759 2061 3625 2132 menteservantibus‘procurai?
3665 2085 3735 2122 an
3769 2061 3936 2125 censi

2402 2130 2561 2207 era-tis
2589 2146 2745 2207 quam
2771 2134 2900 2188 dura
2929 2143 2981 2207 et
3001 2151 3188 2204 aspera
3220 2130 3388 2205 pariat
3415 2138 3495 2201 iis,
3523 2141 3611 2207 qui
3647 2140 3827 2206 ipsum
3858 2141 3949 2194 de-

2365 2199 2639 2278 spiciunt?
2664 2201 2891 2278 FrameaA
2910 2199 3176 2278 destructa
3198 2199 3553 2278 est,istans'iri
3579 2199 3770 2264 limine
3796 2211 3945 2278 regni

2366 2268 2501 2334 Dei,
2536 2285 2598 2324 ac
2629 2273 3065 2348 perterrefaciens
3106 2291 3201 2348 eos
3235 2268 3323 2344 qui
3350 2277 3475 2330 illud
3519 2293 3642 2332 cum
3684 2268 3946 2348 equitate

2362 2349 2416 2418 et
2455 2341 2860 2418 mansuetudine
2901 2360 3004 2418 non
3043 2341 3340 2415 recipiunt;
3388 2363 3703 2416 rursumque
3736 2341 3947 2418 placide

2362 2415 2506 2486 terga
2536 2412 2697 2464 vertit
2737 2411 2800 2464 iis
2838 2414 2926 2486 qui
2954 2428 3085 2486 _cum
3121 2411 3248 2484 pura
3287 2411 3820 2486 conscientia'ipsum
3847 2420 3944 2474 ad-

2360 2478 2608 2554 mittunt,
2640 2487 2798 2554 atque
2827 2478 2892 2534 ad
2919 2483 3075 2535 vitam
3107 2478 3391 2552 perennem
3412 2526 3427 2550 ,
3458 2478 3693 2538 laetitiam
3723 2504 3940 2554 puram,

2361 2548 2681 2615 voluptatein
2709 2550 2894 2605 dolore
2923 2548 3189 2606 carentem
3220 2548 3449 2618 deducit,
3481 2564 3536 2608 et
3563 2548 3768 2608 inﬁniia
3805 2548 3942 2612 bona

2360 2619 2680 2695 suppeditat.
2716 2622 2793 2674 Ac
2820 2621 2862 2695 si
2893 2623 2971 2674 vis
3001 2633 3058 2674 nt
3086 2638 3153 2676 ex
3184 2625 3380 2695 multis?
3403 2639 3566 2692 pauca
3594 2625 3939 2695 colligamus,

2359 2689 2478 2764 quis
2502 2689 2761 2764 jejunium
2803 2690 3090 2764 observans
3127 2689 3468 2748 saecularibus
3508 2689 3765 2764 umquam
3798 2699 3944 2750 curis

2358 2757 2598 2832 addictus
2627 2757 2722 2812 fuit
2741 2761 2764 2812 ἲ
2783 2831 2788 2832 γ
2807 2762 2925 2832 quis
2969 2763 3137 2831 ipsum
3167 2764 3474 2832 complexus
3502 2757 3803 2820 non-recte
3830 2768 3943 2820 vias

2360 2826 2583 2902 Domini
2618 2826 2858 2898 peregit?
2907 2826 3025 2898 quis
3070 2834 3238 2902 ipsum
3287 2826 3587 2888 custodiens
3635 2850 3746 2888 non
3797 2845 3942 2891 recte

2359 2898 2745 2972 navigationem
2780 2909 3041 2972 terrenam
3067 2898 3313 2956 emensus
3339 2905 3464 2956 est?
3504 2904 3622 2972 quis
3665 2905 3801 2958 illud
3845 2921 3940 2960 co-

2357 2966 2471 3020 lens
2504 2968 2757 3035 pupillum
2784 2980 2876 3023 aut
2905 2970 3112 3025 viduam
3158 2972 3337 3026 laesit?
3366 2976 3485 3042 quis
3515 2966 3684 3081 ipsum
3730 2975 3942 3029 docens

2357 3037 2678 3081 \mltmtatem
2706 3041 2846 3081 aeris
2886 3055 2988 3081 nnn
3023 3042 3303 3081 lrannnilln
3346 3043 3502 3081 muniit
3590 3045 3709 3081 ηηία
3760 3046 3938 3081 incum

2356 3037 2678 3114 voluptatem
2706 3041 3303 3114 aerisnontranquille
3346 3037 3547 3096 subiit?
3590 3045 3712 3114 quis
3760 3046 3941 3114 ipsum

2354 3105 2631 3181 amplexus
2675 3123 2780 3162 non
2821 3109 3112 3165 visionibus
3157 3105 3212 3166 et
3255 3105 3796 3181 contemplationibus
3833 3114 3939 3167 Do-

2356 3177 2482 3228 mini
2509 3176 2752 3251 dignatus
2781 3181 2899 3251 est?
2927 3181 3045 3249 quis
3068 3181 3183 3248 ejus
3207 3181 3345 3235 dulci
3376 3176 3547 3237 Iruetu
3578 3183 3826 3251 gaudens
3851 3184 3940 3239 die

2355 3258 2419 3324 ac
2457 3257 2612 3324 nocte
2642 3247 2812 3324 legem
2843 3247 3048 3324 Domini
3082 3247 3328 3324 _ineditari
3357 3247 3624 3307 cessavit“!
3654 3253 3942 3324 Videtisne

2354 3315 2470 3382 ejus
2513 3315 2803 3389 ﬁduciam?
2846 3318 3034 3389 videtis
3082 3320 3337 3376 honorem
3381 3338 3487 3389 quo
3526 3322 3943 3378 circumdatur?

2352 3387 2623 3454 quomodo
2650 3401 2680 3438 a
2712 3387 2892 3462 mundi
2922 3391 3143 3462 exordio
3170 3392 3271 3462 piis
3297 3387 3634 3446 dominetur?
3657 3393 3944 3462 quomodo

2351 3469 2656 3509 mensuram
2685 3457 2800 3524 ejus
2839 3471 2870 3511 a
2909 3457 3286 3516 constitutione
3330 3462 3511 3515 mundi
3553 3457 3940 3516 servaverint?

2350 3524 2713 3602 quomodgsui
2730 3527 2961 3602 cultores
2986 3529 3176 3602 gloria,
3205 3538 3598 3602 contemptores
3620 3546 3746 3586 vero
3780 3533 3944 3602 igno-

2352 3594 2510 3647 minia
2540 3594 2778 3672 _al'ﬁciat?
2802 3594 3257 3672 Quemadmodum
3282 3594 3438 3670 supra
3464 3601 3657 3655 dictum
3683 3594 3942 3672 est,'pri-

2350 3678 2494 3718 mum
2539 3665 2844 3737 hominem,
2892 3667 3033 3736 quod
3076 3665 3492 3737 jejunium'non
3537 3665 3848 3736 servasset;
3887 3673 3942 3727 in

2351 3733 2604 3807 aerumnis
2647 3743 2702 3788 et
2749 3735 2800 3807 in
2845 3733 3090 3807 extrema
3130 3733 3518 3807 mendicitate,
3572 3749 3625 3794 et
3669 3733 3869 3807 procul
3913 3758 3943 3794 a

2353 3803 2597 3881 paradiso
2626 3805 2977 3859 constitutum
3008 3806 3078 3861 ob
3106 3806 3222 3876 ejus
3248 3803 3608 3879 contemptum
3637 3803 3808 3865 fuisse
3840 3827 3944 3866 uo-

2351 3886 2544 3926 Villius.

2419 3941 2793 4019 $._Audiamus_
2805 3944 2965 4019 igitur
2979 3960 3007 3998 a
3021 3946 3288 4019 principio
3304 3947 3576 4002 historiam
3599 3947 3736 4002 illam
3763 3965 3941 4019 qua.

2352 4011 2444 4065 Dei
2481 4015 2747 4080 inspector
2775 4011 2982 4137 Mo‘yses
3013 4011 3219 4070 futuris'
3236 4019 3666 4087 generationibus
3702 4011 3940 4074 enarra-

2352 4084 2456 4137 vit.
2489 4083 2596 4136 imo
2626 4085 2799 4137 notius
2826 4085 2856 4137 ἢ
2877 4086 3020 4137 ovsis
3052 4087 3335 4137 Dominus-
3369 4099 3424 4137 ut
3453 4088 3708 4137 benignus
3738 4100 3936 4137 pater-

2350 4084 2468 4156 vit_,_
2489 4083 2596 4136 imo
2626 4085 2799 4156 potius
2826 4083 3020 4155 Moysis
3052 4083 3335 4152 Dominus,
3369 4099 3424 4142 ut
3453 4088 3708 4156 benignus
3738 4100 3937 4156 pater,

2350 4153 2504 4206 nobis
2530 4154 2813 4226 revelavit.
2832 4153 3156 4210 At‘animum
3179 4197 3194 4222 ,
3220 4173 3401 4226 quzrso
3418 4199 3432 4220 ,
3457 4153 3611 4213 dictis
3635 4153 3900 4214 adhibete
3922 4153 3939 4215 ξ

2349 4238 2470 4299 nam
2511 4223 2690 4299 paucis
2733 4225 2854 4278 volo
2897 4239 3006 4279 rem
3055 4223 3386 4294 persolvere.
3426 4226 3489 4280 In
3532 4229 3783 4299 principio
3816 4233 3943 4299 fecit

2349 4291 2487 4346 Deus
2510 4293 2688 4346 mlum
2711 4303 2758 4347 et
2780 4304 2963 4347 terram
2987 4310 3004 4347 :
3031 4291 3163 4349 terra
3189 4308 3355 4350 autem
3375 4307 3482 4351 erat
3509 4291 3762 4352 invisibilis
3787 4291 3840 4352 ei
3863 4304 3939 4353 in-

2348 4365 2626 4436 composita
2648 4405 2664 4428 ,
2695 4373 2743 4416 et
2783 4366 2994 4418 tenebris
3020 4381 3176 4436 supra
3203 4366 3438 4436 abyssum
3462 4382 3480 4419 :
3509 4377 3552 4419 et
3595 4371 3807 4434 spiritu
3845 4369 3944 4424 Dei

2350 4434 2599 4510 ferebatur
2622 4449 2773 4502 super
2795 4450 2996 4510 aquam.
3025 4434 3242 4510 Etdirit
3269 4434 3444 4510 Deus;
3467 4436 3586 4489 Fiat
3607 4440 3738 4510 tua);
3763 4451 3839 4510 Δσε
3858 4443 3943 4510 fa-

2347 4512 2428 4577 cta
2455 4513 2539 4577 est
2557 4505 2753 4577 lueret
2780 4505 2899 4577 vidit
2926 4503 3066 4577 Deus
3093 4506 3274 4571 lucem,
3292 4506 3426 4577 quod
3445 4517 3570 4560 esset
3600 4506 3726 4560 bona
3753 4506 3770 4577 (
3793 4503 3936 4564 Gen.

2351 4575 2400 4626 l.
2449 4574 2603 4641 1-4).
2638 4573 2856 4645 Vidisti,
2904 4575 3128 4645 dilecte,
3160 4573 3316 4642 quam
3345 4576 3540 4629 claram
3573 4578 3726 4632 nobis
3755 4573 3941 4645 expli-

2347 4645 2608 4697 catienem
2660 4642 2929 4711 Scriptura
2983 4644 3253 4712 prebeat?
3311 4645 3373 4698 Et
3421 4646 3540 4698 vidit
3580 4646 3751 4711 Deus,
3795 4642 3942 4715 quod

2347 4724 2471 4766 esset
2504 4715 2651 4765 bona.
2684 4715 2981 4782 Antequam
3008 4716 3149 4767 enim
3182 4717 3266 4768 lux
3299 4716 3503 4770 veniret
3541 4717 3592 4770 in
3636 4717 3898 4770 mundum
3921 4759 3936 4782 ,

2349 4795 2588 4835 naturam
2605 4783 2722 4850 ejus
2737 4783 2928 4836 bonam
2947 4799 3062 4838 esse
3075 4793 3321 4849 noverat;
3339 4787 3432 4839 sed
3448 4788 3546 4840 hoc
3573 4785 3707 4843 dicit
3717 4797 3773 4840 ut
3789 4803 3942 4842 men-

2351 4862 2454 4906 tem
2489 4864 2721 4922 nostram
2751 4855 2981 4922 concitet
3007 4853 3070 4906 ad
3114 4857 3398 4922 potentiam
3447 4853 3751 4910 Conditoris
3796 4874 3939 4911 con-

2350 4921 2728 4989 templandum.
2759 4920 2870 4976 Nisi
2898 4924 3037 4976 enim
3064 4920 3199 4978 bona
3230 4935 3404 4989 esset,
3435 4942 3539 4980 non
3568 4927 3710 4979 illam
3741 4929 3937 4982 condi-

2349 4991 2516 5062 dissct
2538 5031 2551 5052 ,
2579 5006 2753 5060 neque
2781 4993 3029 5047 tenebras
3053 4994 3120 5046 ab
3148 4996 3234 5048 illa
3277 5004 3581 5062 separasset
3605 5015 3619 5049 :
3653 4996 3755 5050 nisi
3780 5015 3936 5051 ania-

2348 5061 2472 5116 bilis
2500 5071 2674 5123 esset,
2706 5076 2811 5114 non
2843 5061 2986 5115 illam
3019 5064 3188 5117 lucem
3231 5061 3510 5130 vocasset,
3555 5081 3655 5121 nec
3683 5070 3936 5125 tenebras

2351 5141 2596 5203 noctem,
2631 5141 2687 5184 ut
2731 5132 2782 5184 in
2825 5132 3025 5186 lumine
3068 5133 3184 5202 ejus
3226 5149 3440 5203 semper
3482 5135 3851 5202 ambulemus,
3884 5149 3935 5192 et

2349 5202 2521 5255 studia
2549 5216 2816 5276 operaque
2856 5203 2969 5276 _ejus
3011 5202 3362 5276 meditemur;
3377 5204 3592 5259 Poterat
3619 5210 3760 5261 enim
3796 5209 3934 5262 licus

2351 5288 2455 5346 uno
2485 5272 2686 5346 verbo,
2720 5272 2946 5346 simplici
2977 5283 3106 5325 nutu
3125 5315 3149 5346 ,ί
3168 5286 3220 5326 et
3245 5272 3299 5346 _in
3335 5276 3437 5327 ictu
3465 5276 3602 5329 oculi
3624 5319 3638 5339 ,
3669 5276 3811 5346 quod
3841 5294 3932 5332 sex

2350 5341 2538 5412 diebus
2589 5343 2733 5412 fecit,
2768 5343 3077 5412 producere.
3128 5345 3196 5396 At
3245 5343 3417 5398 locom
3462 5361 3566 5398 non
3617 5341 3766 5401 dedit
3814 5358 3932 5412 post

2349 5411 2538 5485 futuris
2594 5410 2931 5485 hominibus,
2991 5412 3188 5485 Graecis
3244 5429 3436 5482 nempe
3473 5425 3544 5485 ret
3601 5417 3665 5469 iis
3719 5410 3926 5485 sapien-

2351 5481 2521 5541 tibus,
2564 5483 2649 5546 qui
2704 5486 2751 5531 in
2807 5484 3064 5549 sapientia
3120 5497 3214 5535 sua
3269 5481 3412 5537 stulti
3465 5484 3583 5538 facti
3633 5481 3801 5540 sunt}
3857 5489 3924 5540 le-

2349 5566 2466 5620 gem
2499 5565 2726 5619 namque
2775 5551 2890 5618 ejus
2929 5566 3032 5604 non
3060 5552 3447 5620 observarunt;
3477 5559 3820 5623 quamobrem
3853 5573 3930 5610 sa-

2418 5723 2448 5792 ¹¹
2465 5722 2525 5791 .In
2549 5721 2688 5770 Savil.
2713 5724 2782 5792 sic
2805 5722 3003 5792 legitur,
3025 5726 3114 5774 Sed
3135 5728 3259 5787 quod
3297 5723 3372 5778 illi
3391 5725 3570 5786 expleti
3591 5728 3815 5792 operibus
3843 5737 3940 5788 suis

2350 5782 2496 5836 matis
2519 5793 2667 5833 Deum
2692 5782 3070 5846 acvelut—uerum.
