4104 6322
100 309 232 365 529

120 427 336 494 pii-otia
367 441 548 479 eorum
583 423 882 493 insipientia
925 425 1253 494 deprehensa
1286 437 1387 480 est.
1419 427 1546 488 Quae
1573 425 1714 494 enim

124 491 232 549 Sex
283 496 467 549 diebus
517 491 701 548 creata
741 491 1129 561 fuerantpnou
1185 496 1491 549 dubitarunt
1539 496 1572 547 ii
1626 491 1714 560 qui

124 567 346 618 fabulas
390 566 454 618 de
493 565 703 616 conditu
750 564 928 617 mundi
971 566 1254 617 commenti
1285 576 1427 628 sunt,
1474 579 1534 616 ea
1575 564 1717 616 dice-

125 651 196 687 re
224 652 289 688 ex
313 650 369 688 se
395 641 448 686 et
469 642 654 701 sponte
680 648 772 686 sua
805 635 933 686 facta
959 649 1094 696 esse,
1121 635 1308 687 caelum
1356 649 1545 702 nempe
1564 675 1578 697 ,
1609 641 1716 686 ter-

126 720 275 764 ram.
297 704 484 766 solem,
518 704 690 756 lunam
713 703 950 757 etomnia
974 719 1089 770 qua:
1107 705 1483 770 subaspeetuin
1499 703 1712 756 cadunt.

129 774 191 827 Si
252 789 356 826 una
409 773 533 827 hora
577 774 830 840 sapientia
878 773 968 825 Dei
1003 775 1113 826 haec
1164 773 1390 836 fecisset,
1424 789 1577 842 quem
1610 789 1713 827 non

133 843 487 909 impudentiae
535 843 808 895 obtentum
846 857 1113 909 opponere
1161 844 1488 909 potuissent?
1520 844 1712 896 Verum

131 915 278 981 ipse,
306 922 484 978 utpote
505 915 588 979 qui
623 914 733 964 hare
763 912 1054 977 pra-sciret,
1092 912 1296 979 iniquas
1320 924 1714 978 venenatasque

130 997 328 1035 eorum
357 983 556 1048 linguas
588 981 871 1046 prohibuit,
905 997 1021 1048 qua)
1053 990 1234 1034 contra
1264 981 1519 1047 Opiﬁcem
1543 982 1714 1049 erige-

133 1051 359 1113 bantur,
385 1061 437 1102 et
463 1059 754 1103 creaturam
799 1065 896 1118 pro
943 1050 1192 1103 Creatore
1226 1051 1490 1104 colebant.
1516 1051 1710 1105 Verum

135 1121 206 1173 ad
270 1122 595 1188 prepositnm
651 1131 995 1182 revertamur,
1054 1123 1351 1186 seriemque
1401 1121 1715 1174 narrationis

134 1192 366 1244 ulterius
404 1193 769 1256 producamus.
806 1207 824 1238 i
855 1189 992 1242 Dixit
1020 1189 1176 1253 Deus,
1206 1190 1321 1242 Fiat
1348 1190 1456 1252 lux,
1487 1200 1542 1244 et
1581 1189 1715 1244 facta

134 1269 226 1312 est
249 1261 339 1311 lux
370 1277 382 1312 :
410 1267 462 1311 et
488 1259 693 1311 vocavit
718 1259 853 1310 Deus
885 1259 1052 1313 lucem
1080 1259 1238 1322 diem,
1264 1269 1316 1312 et
1345 1261 1586 1314 tenebras
1617 1275 1713 1312 no-

136 1340 285 1381 ctem
317 1346 328 1380 :
360 1339 412 1381 et
444 1327 572 1379 facta
605 1338 684 1380 est
729 1344 969 1394 vespera,
1001 1339 1052 1381 et
1079 1330 1264 1381 factum
1299 1339 1380 1383 est
1402 1345 1574 1391 mane,
1602 1330 1715 1383 d'es

138 1414 269 1450 iiiia.
335 1397 396 1450 Et
451 1399 581 1450 dixit
628 1399 802 1449 Deus:
840 1397 952 1449 Fiat
999 1400 1384 1452 ﬁrmamentum
1437 1401 1486 1451 in
1543 1401 1716 1452 medio

138 1483 319 1536 aquae,
348 1477 400 1519 et
427 1469 492 1519 sit
519 1467 757 1520 dividens
789 1468 926 1520 inter
959 1483 1148 1535 aquam
1177 1477 1231 1520 et
1268 1485 1476 1537 aquam.
1531 1469 1594 1522 Et
1621 1486 1711 1521 vo-

137 1546 286 1590 cavit
311 1537 453 1609 Deus
477 1537 1071 1609 firuiameiitun'icci-limi
1111 1557 1127 1588 ι
1179 1537 1330 1604 (Gen.
1367 1542 1415 1592 1.
1442 1538 1582 1609 5-7).
1631 1540 1717 1591 V'i-

139 1607 324 1660 distin‘
344 1623 474 1675 opus
501 1607 638 1675 quod
685 1607 986 1659 mortalium
1033 1617 1239 1677 mentes
1294 1607 1552 1676 percellit,
1575 1609 1712 1677 quod

139 1679 348 1745 absque
383 1677 660 1739 columnis,
693 1677 888 1743 absque
912 1676 1145 1728 vectibus
1179 1678 1276 1730 hoc
1303 1679 1566 1743 opificium
1590 1694 1717 1732 con.

139 1747 332 1799 stituat
359 1762 518 1813 usque
549 1747 611 1797 ad
643 1749 1148 1798 consummationem
1180 1748 1394 1800 saeculi?
1420 1748 1586 1811 Quam
1614 1750 1715 1800 mi-

142 1816 337 1869 rabilia
366 1827 486 1867 sunt
510 1831 672 1886 opera
700 1816 925 1886 Domini,
954 1823 1007 1867 et
1032 1817 1148 1883 quis
1188 1819 1350 1883 possit
1405 1818 1716 1886 investigare

141 1887 235 1938 illa
254 1890 276 1936 ’ξ
309 1905 326 1934 ι
355 1887 418 1938 Ει
438 1885 563 1936 vidit
592 1886 746 1947 Deus,
775 1884 910 1949 quod
939 1886 1308 1938 essetbouum.
1343 1887 1402 1940 Et
1423 1884 1612 1940 factum
1636 1899 1717 1941 est

143 1970 374 2022 vespera
401 1997 414 2017 ,
438 1965 486 2007 et
517 1956 705 2006 factum
730 1966 807 2006 est
841 1969 993 2006 mane
1013 1995 1026 2014 ,
1051 1954 1162 2006 dies
1188 1958 1468 2008 secundus.
1498 1959 1560 2009 Et
1586 1957 1717 2010 dixit

143 2027 294 2078 Deus
319 2041 332 2074 :
364 2026 721 2091 Congregetur
742 2038 872 2089 aqua
900 2040 1016 2090 quae
1046 2024 1143 2094 sub
1163 2024 1293 2077 caelo
1325 2036 1405 2079 est
1429 2028 1476 2079 iu
1495 2041 1716 2094 congre-

140 2095 417 2162 gationem
443 2108 621 2165 unam,
646 2102 703 2165 et
728 2102 977 2159 appareat
1003 2093 1145 2145 arida
1174 2113 1183 2144 :
1215 2104 1266 2146 et
1295 2093 1619 2165 congregata
1638 2107 1718 2150 est

142 2179 283 2231 aqua
332 2179 448 2230 qua:
486 2162 586 2232 sub
615 2163 757 2214 caelis
805 2173 886 2213 est
930 2165 978 2214 iii
1009 2162 1447 2232 congregationes
1495 2162 1634 2228 suas,
1665 2177 1718 2219 et

142 2233 391 2299 apparuit
423 2231 565 2283 arida
598 2249 609 2282 :
650 2239 702 2282 et
728 2234 932 2283 vocavit
983 2232 1119 2284 Deus
1164 2231 1384 2295 aridam,
1420 2245 1635 2297 terrain,
1665 2246 1719 2289 et.

144 2303 589 2369 congregationes
612 2315 860 2368 aquarum
886 2303 1090 2354 vocavit
1107 2305 1285 2355 maria.
1305 2304 1370 2356 Et
1390 2305 1519 2357 dixit
1543 2305 1711 2358 Dens:

146 2372 430 2424 Gel-minet
464 2379 598 2422 terra
631 2370 845 2422 herbam
878 2371 1021 2433 foeni,
1047 2375 1394 2426 seminantem
1421 2389 1599 2426 semen
1632 2391 1716 2426 se-

144 2441 384 2492 cundum
417 2455 579 2509 genus
601 2450 652 2491 et
682 2441 969 2492 secundum
997 2441 1412 2505 similitudinem,
1441 2454 1492 2494 et
1519 2444 1714 2509 lignum

144 2509 484 2581 friictiferuiu
527 2508 718 2561 faciens
767 2510 992 2581 fructum
1027 2531 1045 2561 ι
1101 2511 1248 2581 (Gen.
1283 2513 1333 2564 1.
1365 2513 1519 2576 8-11)
1549 2508 1716 2566 .H:ec

144 2581 316 2633 verbo
345 2580 575 2645 jubeiitis
596 2589 771 2631 statim
801 2579 1029 2631 exhibita
1061 2579 1216 2642 sunt,
1249 2583 1362 2635 sine
1391 2583 1540 2635 obice
1562 2623 1574 2645 ,
1604 2586 1718 2635 sine

148 2648 644 2720 iinpediiiieiito._Et
675 2653 806 2717 facta
823 2659 900 2720 est
922 2665 1152 2720 chpera,
1171 2661 1214 2702 et
1245 2654 1429 2720 factum
1456 2663 1525 2703 est
1553 2669 1715 2715 mane,

147 2719 257 2770 dies
289 2720 462 2770 tertius
513 2717 661 2786 (Gen.
698 2720 744 2771 1.
783 2719 890 2778 15).
931 2719 1110 2771 Viden‘
1138 2717 1463 2785 Scriptiiram
1483 2731 1714 2773 nostram

148 2787 363 2856 aperire
391 2801 640 2858 mentem
684 2788 745 2840 ad
785 2787 1131 2858 perfectiora?
1167 2789 1392 2842 Ubinam
1423 2801 1544 2844 sunt
1570 2791 1601 2842 ii
1632 2793 1719 2858 qui

147 2859 355 2919 dicunt,
389 2857 480 2908 Elic
513 2859 711 2910 l'ruetiis
753 2872 985 2914 amarus.
1021 2857 1132 2910 lucc
1181 2859 1341 2911 herba
1380 2862 1596 2912 exitium
1628 2857 1718 2925 pa-

149 2928 242 2988 rit,
271 2928 380 2978 hate
423 2927 537 2978 avis
564 2928 834 2979 carnivora
871 2925 993 2994 quid
1025 2928 1174 2980 nobis
1210 2929 1329 2980 boni
1383 2929 1572 2981 all‘ert?
1604 2931 1719 2984 Alia

151 2999 390 3048 clamans
442 3007 662 3048 mortem
711 2999 1096 3060 comminatur;
1128 2999 1225 3049 alia
1253 2997 1546 3049 vociferans
1588 2998 1714 3060 hye-

152 3014 390 3048 ciainans
442 3014 662 3048 mortem
711 3014 1096 3060 comminatur;
1128 3014 1225 3049 ana
1253 3014 1546 3049 vociierans
1589 3014 1617 3049 ιι
1659 3015 1714 3051 e-

152 3082 294 3119 mem
323 3068 608 3134 signiﬁcat;
641 3067 742 3118 alia
772 3068 951 3118 volans
973 3067 1323 3119 calamitatem
1355 3068 1568 3119 inducit.
1591 3014 1720 3122 hiul-

151 3145 237 3188 tos
274 3138 413 3188 enim
446 3137 615 3188 audivi
647 3136 766 3188 talia
797 3147 1072 3189 causantes
1102 3147 1152 3188 et
1178 3136 1495 3189 eil'iitientes.
1530 3140 1716 3190 Auiioii

150 3205 279 3257 illud
311 3217 390 3258 est
419 3205 556 3272 apud
604 3205 931 3259 Christianos
982 3220 1172 3273 pravus
1222 3207 1508 3274 Scriptura:
1559 3209 1719 3260 usus?

151 3274 364 3327 Etenim
409 3291 524 3343 qua!
562 3277 696 3328 Dens
726 3291 844 3329 cum
877 3275 1036 3337 vidit,
1081 3276 1213 3328 bona
1253 3292 1371 3328 esse
1395 3277 1543 3340 dixit,
1574 3287 1626 3328 tu
1654 3294 1720 3331 ne

149 3347 472 3398 contumelia
496 3346 714 3398 afﬁcias.
744 3365 760 3396 ι
795 3345 860 3397 Ει
897 3345 1026 3397 dixit
1057 3346 1229 3398 Deus:
1258 3346 1410 3398 Fiant
1442 3346 1719 3399 luminaria

151 3415 203 3466 iii
237 3417 568 3467 ﬁrmamento
584 3417 697 3468 creli
729 3417 778 3468 in
804 3416 1238 3468 illiiminatioiiem
1260 3415 1384 3479 diei,
1403 3425 1453 3468 et
1482 3417 1529 3469 in
1554 3416 1718 3470 facem

151 3488 345 3554 noctis.
389 3486 451 3536 Et
480 3485 599 3536 fecit
634 3486 769 3536 Dens
794 3486 1046 3537 luminare
1073 3501 1318 3551 magnum
1342 3505 1384 3548 i,
1416 3501 1604 3554 nempe
1634 3502 1720 3539 so-

149 3553 280 3616 lem,
311 3571 327 3601 i
351 3555 413 3605 ad
447 3556 770 3606 dominatum
796 3555 919 3615 diei,
954 3564 1006 3606 ct
1047 3554 1304 3608 luminare
1331 3557 1502 3608 minus
1527 3553 1590 3608 ad
1623 3557 1718 3608 ilo-

150 3625 406 3675 minatum
441 3626 625 3685 noctis,
659 3633 711 3675 et
737 3625 931 3675 stellas.
966 3624 1026 3675 Et
1053 3625 1152 3674 sint
1178 3626 1226 3676 in
1255 3627 1399 3691 signa
1431 3636 1480 3677 et
1512 3627 1559 3677 in
1586 3637 1720 3679 teni-

152 3709 304 3760 μοι-ξι,
341 3703 392 3744 et
421 3694 467 3743 in
492 3694 602 3744 dics
633 3703 684 3745 et
716 3695 765 3745 iii
806 3707 971 3744 annos
1002 3711 1018 3742 ι
1051 3691 1199 3760 (Ceu.
1243 3696 1290 3746 1.
1331 3695 1534 3760 14-16).
1585 3696 1718 3759 Quid

153 3765 300 3830 prius
329 3763 636 3815 mirabimur
668 3780 762 3816 nos
817 3762 1090 3814 homines?
1146 3764 1342 3815 solisne
1389 3765 1717 3819 altitudinem

151 3834 488 3893 immensam,
514 3849 578 3885 an
613 3833 1046 3900 magnitudinem,
1077 3849 1140 3885 au
1175 3835 1557 3886 vehementiam
1581 3834 1602 3884 ’ἶ
1636 3836 1716 3887 lu-

149 3917 339 3955 ceinne
361 3903 472 3970 ejus
497 3904 609 3954 sine
639 3903 862 3955 termino
889 3914 1184 3967 extensam,
1209 3918 1274 3955 an
1298 3913 1483 3956 aestum
1504 3905 1717 3971 insupe-

149 3973 372 4026 rabilem
396 3979 417 4030 ζ)
438 3972 712 4038 Quomodo
742 3987 802 4025 ex
831 3988 928 4023 una
954 3972 1164 4024 lucerna
1193 3981 1247 4025 et
1267 3988 1331 4025 ex
1354 3989 1455 4026 una
1481 3973 1717 4028 substan.

150 4044 222 4094 tia
250 4043 361 4095 haec
388 4045 562 4094 omnia
586 4043 857 4108 splendida
887 4042 1042 4104 ﬁunt;
1076 4043 1201 4094 dum
1224 4044 1333 4109 ipse
1356 4057 1566 4095 cursum
1592 4059 1720 4096 con-

151 4111 282 4175 ﬁcit,
309 4122 529 4174 tantum,
578 4122 632 4164 ut
671 4122 898 4164 mentem
954 4127 1165 4164 onmem
1217 4111 1629 4180 obstupefaciat;
1665 4124 1720 4166 ut

149 4199 257 4234 uno
287 4183 372 4234 die
398 4183 462 4232 ab
489 4194 605 4234 orlii
631 4181 691 4233 ad
735 4197 978 4234 occasum
1021 4183 1331 4248 perveniens
1351 4221 1364 4245 ,
1397 4183 1594 4234 nullum
1631 4198 1717 4234 re-

152 4253 352 4319 linquat
379 4253 571 4312 lociim,
606 4253 690 4318 qui
719 4267 777 4303 se
808 4249 1095 4302 abscondat
1123 4252 1344 4302 acalore
1377 4252 1574 4318 ipsius?
1597 4251 1719 4302 Ubi-

151 4337 273 4374 nam
304 4331 427 4372 sunt
458 4322 628 4372 Persa}
654 4322 740 4388 qui
765 4321 1107 4372 cohintillum
1131 4321 1369 4388 iitrdeum
1391 4361 1402 4379 ,
1440 4329 1491 4372 et
1519 4319 1716 4388 Opilice

153 4392 367 4452 relicto,
419 4391 626 4458 epilieio
671 4387 785 4456 ejus
836 4390 1090 4441 honorem
1121 4387 1404 4442 deferunt?
1431 4387 1615 4442 Nonne
1639 4393 1715 4444 sol

152 4461 265 4526 ipse
289 4476 570 4527 perennem
593 4461 1062 4527 quotidianumque
1084 4474 1293 4512 cursum
1327 4473 1478 4511 suum
1505 4462 1718 4514 conficit

151 4547 269 4581 cum
303 4532 487 4581 timore
531 4538 582 4581 et
625 4530 883 4581 coneiuno
930 4529 1132 4588 ordine,
1187 4539 1238 4581 et
1284 4530 1441 4581 modo
1493 4531 1718 4583 nubibus

152 4600 443 4655 obvelatur.
471 4599 627 4651 modo
659 4600 891 4667 spirante
923 4607 1008 4650 not
1079 4598 1207 4650 radii
1238 4599 1350 4665 ejus
1374 4600 1717 4652 minuuntur?

153 4670 248 4722 Hic
283 4678 361 4721 est
392 4669 468 4720 sol
502 4669 588 4721 ille
621 4680 813 4731 vester,
847 4669 928 4721 cui
961 4683 1053 4719 vos
1084 4668 1305 4720 ﬁdentes
1339 4670 1539 4719 cultum
1569 4669 1718 4722 exhi-

153 4739 305 4790 betis.
338 4739 520 4790 Omnia
560 4740 645 4791 Dei
678 4753 834 4804 Opera
867 4737 1146 4789 admodum
1179 4737 1312 4790 bona
1335 4778 1348 4800 ,
1382 4739 1627 4789 terribilia
1667 4749 1718 4792 et

154 4807 439 4874 stupenda;
473 4807 562 4860 sed
592 4808 654 4859 ad
683 4809 1027 4860 ministerium
1053 4817 1285 4859 nostrum
1315 4815 1436 4858 sunt
1467 4809 1718 4859 eonstilii-

157 4889 228 4940 ta,
258 4893 358 4929 non
381 4878 444 4929 ad
467 4877 810 4928 dominatum.
841 4875 1115 4940 Quomodo
1142 4877 1296 4928 etiam
1326 4876 1444 4927 luna
1470 4877 1517 4927 iu
1552 4880 1715 4929 laet-in

157 4947 489 5014 iioctisjussu
521 4945 731 5012 Opilieis
755 4949 1000 5013 producta
1025 4954 1124 5010 est,
1151 4955 1203 4998 et
1236 4946 1390 4997 modo
1421 4947 1714 4998 incremen-

156 5030 284 5079 tum,
319 5016 471 5069 modo
502 5017 910 5068 imminutionem
936 5017 1145 5084 patitur,
1168 5015 1511 5082 etaliquando
1543 5016 1717 5082 splen-

156 5091 287 5140 dens
319 5087 492 5138 radios
517 5086 643 5136 lucis
671 5087 879 5144 emittit,
909 5086 1064 5137 modo
1092 5100 1373 5138 senescens
1414 5100 1712 5136 mensuram

156 5160 269 5210 sine
298 5157 398 5208 ulla
427 5155 711 5206 mutatione
743 5165 936 5219 servat,
966 5169 1084 5206 cum
1117 5155 1384 5207 stellarum
1414 5156 1715 5205 innumera-

158 5243 270 5279 rum
302 5224 520 5278 choris?
544 5223 734 5276 Verum
765 5226 1020 5276 sermonis
1049 5226 1235 5276 seriem
1257 5237 1572 5290 repetamus.
1600 5241 1615 5271 ι
1652 5225 1713 5275 lit

159 5298 294 5349 facta
323 5304 403 5347 est
445 5309 690 5360 vespera,
727 5302 777 5344 et
808 5293 996 5345 factum
1026 5304 1102 5344 est
1134 5310 1302 5351 mane,
1335 5294 1446 5344 dies
1477 5302 1708 5360 quartus.

161 5368 222 5420 lit
247 5368 376 5418 dixit
419 5363 592 5416 Deus:
629 5362 921 5414 Producant
962 5378 1107 5428 aqua:
1164 5365 1366 5429 reptilia
1422 5366 1711 5414 animarum

159 5437 441 5488 viventium
484 5432 769 5486 secundum
821 5445 1004 5498 genus,
1030 5442 1082 5483 et
1121 5432 1344 5484 volatilia
1392 5433 1612 5482 volantia
1663 5433 1710 5483 in

160 5508 484 5558 ﬁrmamento
500 5503 632 5555 ciel-i.
666 5502 729 5553 Et
756 5504 871 5553 fecit
897 5502 1027 5552 Deus
1056 5510 1169 5553 cete
1195 5501 1441 5568 grandia)
1479 5498 1622 5569 (Cen.
1663 5502 1708 5552 1.

161 5578 361 5643 19-21).
405 5572 775 5626 Animadverte
801 5571 1074 5643 diligenter
1091 5571 1284 5643 dictum
1308 5571 1707 5636 Dmnipotentis.

157 5645 288 5709 Quot
325 5640 528 5712 genera
580 5643 792 5707 piscium
839 5641 887 5692 in
925 5642 1051 5692 mari
1101 5640 1354 5701 exhibuit,
1380 5648 1432 5692 et
1457 5650 1707 5712 quantum

158 5710 464 5777 volatilium,
489 5721 599 5766 tum
628 5712 951 5779 exiguorusn,
971 5717 1079 5762 tum
1105 5724 1430 5778 magnorum,
1455 5710 1704 5779 pepuluni

1367 308 1430 363 IN
1469 302 1762 363 GENESIM
1801 303 2024 366 διεπιΜο
2066 312 2149 370 ΙΙΙ.

3285 337 3399 392 530

1825 439 1878 503 ru
1906 439 2028 479 aere
2075 429 2278 503 paravit
2302 447 2314 492 ;
2359 445 2419 482 ac
2449 431 2640 484 mirare
2689 432 2958 497 sapientize
2985 431 3098 499 ejus
3129 437 3393 503 magnitu-

1817 493 2019 570 dinem,
2053 493 2318 564 quomodo
2370 503 2542 552 onmia
2598 517 2702 554 uno
2743 493 2905 555 verbo
2962 493 3242 570 prodiietav
3269 506 3395 558 sint.

1827 582 1845 613 ι
1874 562 1938 616 Et
1961 562 2203 641 ﬁctaest
2232 584 2476 641 vespera,
2499 579 2549 621 et
2576 570 2770 623 factum
2796 582 2874 622 est
2902 562 3076 629 inane.
3105 572 3218 623 dies
3243 574 3397 641 quin-

1824 641 1925 684 tus.
1959 635 2022 686 Et
2061 636 2190 690 dixit
2231 635 2407 691 Deus:
2443 639 2642 692 Educat
2690 650 2825 692 terra
2857 643 3084 692 animam
3131 635 3395 696 viventem

1821 705 2107 776 secundum
2153 722 2337 774 genus,
2373 709 2758 776 quadrupedes,
2805 711 3008 776 reptilia
3049 718 3100 762 et
3135 711 3272 763 feras
3299 751 3313 773 ,
3346 721 3397 764 et

1822 787 1978 845 omne
1998 774 2290 841 jiimcntum
2323 774 2610 830 secundum
2643 793 2827 845 genus,
2858 774 2909 831 et
2934 781 3217 831 secundum
3251 780 3398 831 simi-

1825 840 2099 915 litudinem
2137 864 2154 896 ι
2187 846 2337 908 (Gen.
2369 848 2418 902 1.
2445 840 2680 914 25ρὲὂῇ
2711 848 2753 900 Ο
2778 840 3015 915 magnam
3035 850 3342 915 sapientiam
3376 851 3391 901 ι

1822 923 1855 990 ρ
1892 913 2295 990 inenarrabilem
2322 917 2605 990 bonitatem
2639 913 2652 969 l
2685 913 3130 990 ()mniajumenta
3161 928 3213 990 et
3251 919 3387 971 feras

1823 981 1873 1034 in
1905 981 2007 1033 ictu
2034 985 2167 1037 oculi
2198 986 2338 1049 fecit,
2371 985 2595 1047 leonem,
2625 1000 2821 1044 ursum.
2850 986 3154 1049 draconem,
3181 987 3390 1050 bovem,

1823 1065 2034 1121 equum,
2065 1068 2115 1104 et
2145 1064 2402 1121 quotquot
2423 1055 2487 1107 ad
2518 1055 2865 1108 ministerium
2898 1057 3164 1107 hominum
3185 1057 3392 1109 deside-

1824 1119 2008 1191 rabilia
2043 1119 2301 1191 miliaque
2323 1134 2464 1176 sunt.
2498 1125 2680 1178 Viden’
2708 1123 2975 1177 Creatoris
3023 1125 3392 1191 prudentiam?

1821 1187 2006 1243 Omnia
2037 1189 2159 1244 fecit
2179 1187 2269 1245 sex
2295 1192 2500 1257 diebus,
2526 1194 2715 1258 lucem,
2747 1193 2956 1256 cadum,
2977 1187 3190 1257 terram,
3224 1211 3388 1255 mare,

1821 1259 2006 1318 solem.
2038 1262 2232 1324 lunam,
2260 1264 2456 1326 stellas,
2489 1273 2715 1325 montes,
2746 1263 2926 1325 colles,
2951 1263 3208 1329 planities,
3231 1266 3388 1326 feras,

1816 1329 2072 1401 j_unienta,
2107 1334 2297 1397 pisces,
2332 1343 2477 1389 cete:
2507 1348 2622 1400 qua:
2677 1333 2729 1384 in
2773 1334 2923 1394 mari,
2956 1348 3072 1401 qua:
3122 1335 3170 1385 in
3219 1334 3386 1386 arida.

1822 1398 1994 1471 Quare
2045 1401 2299 1467 insignitis
2329 1398 2604 1454 consilium
2658 1398 3002 1463 iniens,cuiii
3049 1403 3204 1456 vellet
3261 1417 3392 1471 opus

1822 1469 2104 1520 maximum
2135 1471 2386 1537 perlicere
2409 1471 2562 1524 Pater
2593 1471 2678 1524 ille
2706 1471 2982 1533 luminum,
3003 1473 3089 1539 qui
3117 1482 3192 1524 est
3223 1483 3276 1524 et
3300 1469 3388 1540 qui

1821 1547 1952 1599 erat,
1988 1554 2134 1593 mens
2161 1541 2274 1592 sine
2306 1541 2578 1606 principio,
2610 1541 2697 1609 qui
2718 1543 2977 1608 ingenitus
3001 1553 3081 1594 est
3107 1541 3170 1594 ad
3203 1541 3392 1609 Unige-

1822 1609 1985 1658 nitum
2019 1625 2031 1657 :
2061 1610 2148 1674 qui
2173 1612 2350 1670 genuit
2378 1610 2441 1662 ad
2483 1609 2673 1664 Filium
2701 1611 2789 1678 qui
2834 1626 2897 1663 ex
2943 1611 3054 1678 ipso
3085 1612 3196 1663 sine
3249 1614 3389 1664 lluxii

1821 1679 2025 1749 genitus
2049 1689 2148 1749 est,
2171 1678 2400 1749 verbum
2421 1695 2628 1749 nempe,
2648 1694 2701 1732 sa
2714 1681 2954 1744 pieiitiam
2981 1680 3388 1747 incomprehen-

1820 1747 2185 1818 si_bileiii,rDeo
2216 1748 2429 1818 dignum
2475 1760 2526 1802 et
2545 1747 2834 1818 mysticum
2879 1751 3154 1803 consilium
3187 1749 3388 1802 inducit

1823 1814 1903 1866 his
1930 1817 2102 1869 verbis
2133 1833 2144 1869 :
2169 1837 2184 1868 i
2216 1814 2491 1870 Faciamus
2510 1814 2773 1871 hominem
2797 1819 3081 1872 secundum
3107 1819 3386 1887 imaginem

1822 1894 2072 1956 nostram,
2129 1898 2180 1939 et
2231 1889 2515 1940 secundum
2564 1888 3000 1941 similitudinem:
3033 1897 3085 1941 et
3131 1891 3390 1956 imperent

1821 1955 2049 2021 piscibus
2104 1959 2283 2020 mai-is,
2333 1967 2384 2010 et
2433 1959 2731 2010 volatililms
2758 1958 2891 2018 caui,
2939 1967 2992 2011 et
3033 1955 3306 2024 jumentis,
3338 1968 3392 2011 et

1824 2025 2083 2078 universae
2140 2035 2315 2089 terrm,
2365 2037 2417 2079 et
2463 2028 2705 2080 omnibus
2760 2027 3037 2094 reptilibns
3087 2028 3388 2096 repentibus

1822 2107 1980 2161 super
1999 2104 2212 2165 terram.
2247 2097 2311 2148 Et
2332 2097 2450 2148 fecit
2482 2098 2617 2149 Deus
2648 2096 2932 2156 hominem,
2965 2097 3230 2165 pulverem
3253 2099 3391 2150 acci-

1822 2165 1971 2234 piens
2006 2164 2073 2217 de
2118 2174 2257 2218 terra
2285 2185 2301 2216 ι
2335 2165 2483 2232 (Gen.
2515 2169 2563 2219 1.
2595 2167 2681 2218 26.
2712 2165 2822 2234 2⁵7).
2882 2167 2944 2219 Ει
2970 2164 3051 2218 ⁷ιιι
3089 2166 3392 2220 ostenderet

1823 2232 2072 2304 Spiritum
2103 2246 2340 2287 sanctum
2372 2251 2472 2287 non
2515 2236 2743 2288 alienum
2773 2232 2799 2286 ει
2831 2237 3120 2297 creatione,
3157 2235 3391 2304 Inspira-

1822 2303 1885 2374 iii't
1911 2304 1960 2353 in
1991 2305 2166 2370 faciem
2207 2307 2314 2372 ejus
2343 2307 2646 2369 spirarulmn
2686 2307 2799 2358 vita:
2820 2346 2831 2367 ,
2861 2315 2907 2357 et
2949 2309 3109 2374 fartus
3137 2317 3206 2358 est
3236 2303 3383 2357 homo

1821 2373 2118 2423 inanimum
2171 2377 2406 2426 viventem
2459 2374 2606 2440 (Gen.
2661 2376 2714 2425 9..
2771 2373 3111 2436 7).Vidi.~tiii'
3140 2376 3389 2427 eximium

1823 2443 2086 2508 opiﬁcium
2118 2443 2400 2495 creationis
2431 2445 2554 2495 Dei?
2584 2445 2808 2496 vidistin’
2838 2460 2956 2498 eum
2987 2445 3391 2497 eonstitiientem

1825 2513 2083 2563 Adamum
2116 2513 2165 2564 in
2208 2523 2569 2565 creaturarum
2615 2515 2832 2581 regem?
2875 2513 3102 2565 vidistin‘
3136 2514 3390 2566 honorem

1821 2593 2224 2648 exsuperantem
2269 2598 2388 2635 cum
2438 2585 2521 2650 qui
2567 2600 2678 2650 tpis
2734 2599 2892 2636 manu
2923 2594 3130 2635 creatus
3187 2582 3393 2634 fuerat?

1825 2651 1976 2704 Disce
1998 2653 2154 2705 etiam
2183 2651 2319 2704 dona
2353 2669 2466 2719 quin
2499 2654 2592 2718 ipsi
2625 2655 2759 2704 Deus
2789 2662 2908 2720 post
2940 2655 3261 2705 creationem
3292 2652 3395 2704 lar-

1823 2720 1959 2786 gitus
1980 2730 2079 2772 est.
2111 2746 2132 2772 (ι
2151 2722 2214 2774 Ει
2257 2722 2507 2788 plantavit
2537 2723 2671 2774 Deus
2705 2721 3002 2790 paradisum
3054 2723 3106 2774 in
3135 2722 3297 2774 Edent
3326 2721 3390 2775 ad

1823 2793 2039 2841 oriente.
2071 2808 2102 2852 ‘,
2133 2801 2180 2843 et
2215 2793 2390 2858 posuit
2415 2792 2484 2844 ibi
2518 2789 2805 2852 hominem,
2835 2807 2987 2857 quem
3019 2789 3264 2845 formavit
3294 2808 3305 2843 :
3339 2799 3394 2844 et

1824 2859 2069 2928 produxit
2093 2875 2155 2911 ex
2190 2872 2324 2911 terra
2355 2875 2511 2912 omne
2533 2863 2724 2927 lignum
2755 2861 3027 2926 puli-hrum
3056 2872 3268 2928 aspectu
3295 2901 3307 2921 ,
3341 2869 3396 2910 et

1823 2927 2018 2980 bonum
2048 2929 2111 2978 ad
2142 2929 2547 2990 eoiiiedendum,
2572 2940 2624 2982 et
2657 2932 2848 2998 lignum
2867 2931 2984 2981 vilic
3015 2931 3066 2980 in
3099 2927 3272 2981 iiicdio
3302 2944 3397 2997 pa-

1824 2998 2004 3061 radisi,
2028 2998 2289 3066 etligmini
2321 3000 2551 3051 scientiae
2572 3000 2689 3050 boni
2715 3009 2766 3051 et
2793 3001 2912 3051 mali
2941 3019 2956 3048 ι
2985 2998 3194 3065 (ϐειι.2.
3227 2998 3277 3051 8.
3312 2999 3391 3064 9).

1825 3066 2000 3133 Papiri,
2037 3079 2289 3135 quantum
2322 3068 2458 3120 Deus
2503 3069 2652 3121 nobis
2685 3069 2935 3123 honorem
2967 3069 3148 3120 tribuit
3178 3068 3189 3120 !
3222 3083 3389 3136 papae,

1823 3146 2068 3202 quantam
2107 3138 2440 3190 clementiam
2469 3139 2646 3206 generi
2675 3137 2944 3191 hominum
2989 3138 3256 3192 exhibuit!
3292 3153 3390 3205 pa-

1823 3219 1924 3273 pie,
1949 3221 2103 3273 quam
2147 3206 2485 3259 iiieﬁahilium
2510 3208 2762 3259 bonorum
2797 3223 3014 3260 consors
3045 3210 3139 3260 fuit
3174 3207 3338 3259 Adam
3375 3208 3389 3259 !

1825 3275 1936 3344 Non
1966 3277 2104 3327 enim
2133 3277 2258 3327 satis
2295 3278 2389 3328 fuit
2429 3276 2676 3329 ineffabili
2709 3277 2822 3343 ejus
2857 3277 3226 3343 providentia},
3255 3277 3392 3344 quod

1827 3343 1973 3396 illum
2006 3361 2068 3397 ex
2097 3345 2260 3397 nihilo
2287 3345 2590 3410 produxerit
2628 3363 2639 3398 :
2673 3361 2733 3398 cx
2768 3347 2982 3413 pulvere
3025 3361 3200 3413 regem
3235 3343 3388 3397 natu-

1823 3429 1901 3483 rae
1917 3415 2221 3476 constituit;
2255 3431 2317 3468 ex
2368 3422 2505 3466 terra
2537 3415 2679 3467 illum
2708 3417 2906 3483 angelis
2933 3415 3380 3468 honorabiliorem

1825 3482 2094 3545 exhibuit;
2125 3500 2189 3537 ex
2223 3485 2509 3537 inanimato
2554 3482 2837 3537 animatum
2866 3485 3205 3537 simulacrum
3238 3485 3391 3538 indu-

1824 3555 1918 3607 xit.
1967 3554 2133 3619 Quam
2163 3559 2405 3606 virtutem
2438 3554 2746 3607 exhibuerat
2774 3555 2962 3616 Adam,
2998 3563 3051 3606 iit
3083 3562 3226 3606 tanto
3256 3569 3395 3614 prae-

1825 3625 1931 3676 mio
1977 3625 2043 3676 ab
2073 3638 2136 3676 eo
2163 3623 2484 3676 donaretur?
2513 3641 2628 3686 qua:
2652 3625 2961 3686 certamina,
2999 3638 3133 3692 quos
3171 3623 3394 3677 sudores

1826 3695 2098 3754 subierat,
2157 3705 2212 3744 ut
2265 3693 2559 3757 hujiismodi
2615 3708 2837 3745 coronas
2887 3695 2955 3745 sit
3000 3695 3391 3760 consequutus?

1824 3779 1977 3828 quam
2005 3763 2223 3829 gloriam
2253 3763 2434 3829 Dpiﬁei
2469 3763 2666 3824 retulit,
2701 3773 2753 3814 ut
2786 3763 2854 3813 illi
2885 3764 2934 3814 iii
2965 3763 3137 3814 medio
3167 3763 3392 3827 paradisi

1826 3831 2179 3884 habitaculum
2212 3831 2596 3884 c0nstitiieret?
2624 3831 2760 3898 quod
2799 3832 3083 3899 gloriosum
3113 3845 3245 3898 Opus
3272 3846 3393 3899 per-

1826 3903 1966 3964 fecit,
1995 3911 2048 3953 iit
2078 3905 2231 3953 vitam
2256 3901 2370 3952 sine
2394 3901 2569 3953 labore
2600 3901 2696 3952 sibi
2724 3904 3062 3968 procuraret?
3086 3900 3251 3965 Quam
3286 3903 3392 3953 Deo

1823 3971 2067 4039 placitam
2094 3973 2400 4024 servitutem
2432 3971 2758 4032 exhibuerat,
2790 3971 2927 4038 quod
2961 3970 3064 4021 tale
3103 3973 3170 4021 sit
3194 3969 3390 4022 donum

1824 4041 2219 4106 eoiisequiitus?
2243 4044 2482 4091 Attamen
2516 4040 2603 4092 ille
2627 4040 2893 4092 hominum
2918 4053 3100 4091 amans
3124 4039 3388 4105 opiﬁcium

1825 4126 1974 4162 suum
2009 4121 2082 4161 tot
2111 4111 2260 4161 donis
2293 4110 2586 4170 exornavit,
2620 4110 2756 4162 unde
2804 4110 2867 4162 ad
2919 4109 3090 4172 majus
3146 4109 3392 4176 gaudium

1823 4180 2334 4246 exsultationemque
2351 4179 2489 4231 aliud
2509 4195 2714 4247 quoque
2743 4194 2873 4246 opus
2905 4179 3158 4231 exhibuit.
3186 4176 3386 4246 lnjeci't,

1825 4250 2012 4316 inquit,
2045 4251 2094 4300 i'n
2120 4249 2367 4300 Admnum
2406 4248 2536 4300 Deus
2577 4250 2751 4300 mentis
2779 4258 3113 4310 excessum,“
3141 4248 3388 4307 dormivit,

1823 4331 1867 4371 et
1909 4319 2094 4382 accepit
2144 4335 2292 4369 unum
2325 4320 2386 4370 de
2431 4319 2578 4370 costis
2626 4320 2754 4386 ejus,
2785 4329 2830 4370 et
2857 4319 3085 4384 {oriitarit
3137 4316 3394 4368 mulierem

1825 4388 1970 4457 (Gen.
1992 4389 2047 4441 Ξ.
2069 4387 2182 4455 2|).
2221 4388 2354 4441 Vere
2387 4388 2640 4439 mirabilia
2676 4402 2832 4454 opera
2870 4386 3104 4457 Domini;
3132 4401 3256 4457 vere.
3288 4387 3387 4437 iin-

1823 4455 2251 4525 pervestigabiles
2281 4458 2378 4508 viae
2409 4457 2553 4523 ejus;
2595 4473 2717 4509 vere
2770 4455 3133 4525 inenarrabilis
3186 4455 3393 4507 bonitas

1822 4524 1953 4596 ejus.
1999 4527 2110 4580 Non
2145 4528 2282 4578 enim
2327 4527 2453 4577 satis
2497 4527 2589 4578 fuit
2635 4527 2730 4593 ipsi
2760 4524 3036 4596 rAdamuiii
3070 4524 3135 4578 de
3183 4526 3394 4596 pulvere

1825 4599 2014 4649 factum
2043 4637 2056 4658 ,
2090 4606 2139 4647 et
2172 4596 2414 4662 paradiso
2442 4596 2722 4662 voluptatis
2751 4595 2849 4648 frui
2876 4598 3078 4660 jussiim
3128 4610 3265 4658 esse,
3295 4595 3392 4661 ipsi

1822 4682 2029 4734 quoque
2054 4665 2369 4733 :idjmoriiiiii
2401 4665 2542 4717 fecit.
2574 4666 2835 4729 Quantum
2860 4665 3104 4732 gaudium
3136 4666 3229 4716 fuit
3255 4666 3392 4716 Ada-

1823 4751 1929 4798 mo,
1959 4751 2076 4788 cum
2119 4745 2236 4802 post
2269 4750 2511 4787 somnum
2539 4736 2663 4786 vidit
2693 4736 2789 4787 sibi
2837 4735 3157 4786 assidentem
3205 4735 3389 4786 mulie-

1824 4822 1932 4858 rem
1961 4809 1972 4857 !
1998 4815 2192 4873 quanta
2222 4805 2399 4856 lictitia
2428 4805 2540 4871 ejus
2566 4806 2772 4856 animus
2801 4804 2983 4871 plenus
3011 4805 3120 4866 fuit,
3157 4818 3274 4856 cum
3294 4805 3393 4856 sibi

1823 4887 2119 4926 consortem
2173 4873 2446 4926 mulierem
2482 4874 2637 4936 vidit,
2671 4883 2721 4924 et
2754 4874 2988 4924 moribus
3035 4884 3088 4925 et
3129 4875 3389 4925 sententia

1823 4945 1918 4996 sibi
1947 4953 2324 4996 consonantem
2358 4952 2368 5000 !
2403 4955 2590 5010 quanta
2615 4944 2992 5005 consolatione,
3023 4952 3216 5010 quanto
3266 4958 3390 5010 pro-

1824 5013 2013 5080 phetia!
2042 5029 2256 5065 munere
2282 5013 2524 5080 dignatus
2554 5025 2632 5063 est
2667 5012 2850 5074 Adam,
2879 5028 2994 5064 cum
3020 5014 3184 5064 oculis
3206 5027 3391 5077 corpo-

1822 5084 1894 5133 ris
1927 5081 2127 5134 videret
2173 5083 2332 5134 i‘lvam
2380 5097 2470 5133 sua
2512 5081 2676 5133 forma
2714 5092 2768 5133 et
2796 5085 2955 5148 ﬁgura
2990 5081 3261 5148 praeditam
3291 5082 3390 5133 sibi

1822 5151 2115 5204 adstantem
2143 5149 2154 5202 !
2192 5153 2483 5218 islapropter
2513 5153 2688 5203 animo
2740 5152 3012 5203 exsultans
3044 5152 3212 5220 palam
3243 5167 3392 5201 vere-

1822 5237 1921 5287 que
1947 5222 2277 5288 prophetarit
2308 5220 2387 5272 his
2411 5223 2583 5272 verbis
2609 5237 2619 5271 :
2658 5239 2673 5269 i
2699 5220 2806 5272 lloc
2832 5236 2968 5272 nunc
3007 5237 3062 5271 os
3093 5236 3152 5271 ex
3186 5221 3391 5270 ossibus

1822 5291 1975 5353 meis,
1999 5302 2051 5342 et
2079 5305 2204 5342 caro
2252 5306 2312 5342 ex
2348 5306 2506 5341 carne
2539 5305 2674 5340 inea.
2707 5291 2828 5342 lla-c
2865 5290 3138 5341 vocabitur
3182 5289 3388 5347 mulier,

1821 5362 1939 5425 quia
1965 5375 2028 5412 ex
2057 5360 2271 5426 proprio
2303 5359 2415 5409 viro
2460 5369 2665 5427 sumpta
2698 5369 2770 5412 es“
2809 5378 2824 5408 ι
2865 5357 3018 5426 (Gen.
3045 5358 3096 5408 ‘2.
3145 5359 3254 5422 25).
3298 5357 3384 5407 \‘i-

1820 5429 1995 5480 distin‘
2017 5429 2322 5496 prophetam
2347 5429 2636 5480 clarissime
2661 5429 3030 5496 praedicentem
3055 5441 3114 5478 ea
3133 5441 3247 5492 qua:
3272 5437 3388 5496 post

1821 5498 1996 5550 futura
2020 5495 2212 5550 erant?
2261 5498 2491 5548 vidistin‘
2518 5495 2684 5549 Adam
2729 5498 2955 5564 Spiritus
2982 5496 3145 5546 sancti
3178 5495 3383 5561 partici-

1822 5583 1962 5634 pem,
1996 5582 2094 5634 qua
2117 5567 2278 5634 gratia
2306 5566 2574 5634 dignatiim
2593 5567 2615 5617 ’ἔ
2642 5563 2866 5618 vidistin’
2894 5563 3140 5634 eximium
3168 5564 3382 5627 dictum,

1829 5637 2168 5758 post?niultas
2191 5633 2552 5705 generationes
2583 5645 2636 5689 et
2663 5647 2824 5703 usque
2851 5634 2902 5686 in
2933 5633 3020 5685 ῆιιι
3051 5676 3069 5684 ..
3113 5636 3386 5687 conﬁrma-

1829 5720 1938 5758 iuni

1827 5720 1938 5760 ιιιω
