4104 6322
721 351 830 406 531

787 441 841 495 5.
876 439 1070 492 Verum
1103 453 1205 491 non
1239 437 1356 490 tulit
1397 433 1811 487 tortuosissimns
1855 432 1944 486 ille
1986 431 2148 484 draco
2177 447 2288 483 ma-

715 524 870 577 gnam
903 507 1200 573 Imjusmodi
1223 506 1463 577 fiduciam
1490 514 1540 557 et
1563 504 1789 569 Spiritus
1809 503 2024 577 donum.
2057 501 2291 577 Naupo-

717 571 818 631 tuit
859 571 1026 632 oculis
1067 577 1363 644 perspicere
1397 575 1665 644 honorem
1695 573 2021 644 gratiamque
2062 571 2287 644 opilieii,

712 663 871 716 quam
900 648 967 700 ab
991 641 1531 716 Opifice'acceperat:
1577 641 1670 695 sed
1699 658 1815 716 qua;
1840 642 2144 716 _n_ieditatns
2171 643 2290 694 fue-

715 710 830 781 rat,
867 718 975 770 haec
1007 710 1247 785 perfecit.
1280 710 1408 768 Nam
1440 721 1650 785 reperto
1680 710 2286 785 vafritieinequitiaeque

715 779 825 840 sine
857 779 1204 840 instrumento
1236 779 1519 850 serpente,
1554 782 1724 849 ipsum
1764 780 1975 833 malitia:
2007 795 2121 850 sure
2143 779 2286 850 adju:

715 865 884 910 torem
916 856 1089 908 effecit
1116 871 1128 906 :
1165 868 1261 906 nec
1287 848 1445 904 ausus
1487 848 1584 905 est
1613 851 1866 903 Adamum
1912 848 2162 916 aggredi,
2195 848 2286 902 sed

714 925 1060 978 inﬁrmiorem
1131 924 1542 989 debilioremqne
1595 928 1704 973 tum
1751 935 1908 974 sensu
1964 929 2073 989 tum
2127 933 2290 989 opere

714 995 934 1048 adortus
958 1005 1058 1049 est.
1081 995 1149 1046 At
1173 1008 1329 1046 nemo
1348 993 1434 1043 Dei
1453 988 1776 1044 Creationem
1805 999 2007 1058 arguat.
2029 988 2291 1054 Quemad-

715 1065 930 1117 modum
970 1065 1109 1117 enim
1155 1062 1416 1116 Adamum
1463 1059 1584 1114 fecit
1639 1060 1808 1124 Deus,
1855 1059 1924 1112 ita
1951 1067 2006 1112 et
2037 1058 2195 1110 Evam
2225 1074 2292 1112 ex

717 1133 903 1187 eadem
950 1133 1356 1190 commixtione.
1405 1145 1467 1182 ex
1513 1128 1696 1183 eadem
1747 1143 1955 1192 massa,
2000 1127 2292 1196 eodemque

718 1203 924 1257 ordine.
950 1203 1052 1256 Sed
1079 1201 1364 1254 adversarii
1391 1199 1668 1252 consilium
1693 1208 1747 1252 et
1767 1213 1958 1264 corpus
1980 1206 2032 1252 et
2059 1211 2290 1251 mentem

724 1273 846 1327 Eva:
877 1287 1032 1341 prava
1054 1272 1247 1325 effecit.
1279 1269 1406 1322 Nam
1436 1269 1522 1337 qui
1563 1284 1627 1322 ex
1670 1276 1810 1341 terra
1855 1277 2094 1322 terrenus
2117 1266 2290 1341 iactus

719 1335 1064 1402 immortalis,
1092 1356 1212 1394 cum
1239 1335 1468 1408 gratiam
1505 1339 1795 1408 accepisset
1823 1347 1879 1389 nt
1909 1352 2064 1408 manu
2107 1335 2290 1390 Omni-

721 1413 951 1480 potentis
982 1407 1297 1464 formaretur
1318 1449 1332 1469 ,
1377 1419 1429 1480 et
1450 1408 1630 1480 divina
1655 1407 1974 1480 dignatione
2003 1407 2289 1460 humanum

715 1477 908 1535 nomen
935 1481 1152 1534 sortitus
1181 1487 1350 1541 esset,
1376 1478 1461 1530 ubi
1491 1477 1691 1530 audivit
1717 1478 2120 1544 appellationem
2144 1517 2158 1537 ,
2186 1492 2286 1543 qua

726 1551 908 1618 .iignus
939 1567 1040 1604 non
1067 1559 1210 1613 erat,
1242 1548 1356 1618 ejus
1380 1563 1540 1618 opere
1570 1559 1868 1614 assumpto,
1894 1546 1964 1618 ad
1996 1546 2284 1618 divinitatis

729 1615 1020 1688 lignitatem
1053 1628 1226 1672 mente
1253 1617 1548 1688 advolavit,
1581 1626 1629 1670 et
1670 1627 1852 1688 contra
1884 1615 2142 1688 Opiﬁcem
2177 1616 2288 1668 cal-

720 1685 936 1744 caiieutn
970 1692 1130 1743 miser
1171 1687 1379 1741 sustulit
1405 1703 1416 1738 :
1460 1685 1724 1753 quomodo
1749 1699 1922 1738 autem
1951 1687 2090 1737 andi.
2120 1687 2288 1738 Acce-

717 1760 852 1813 dens
892 1760 1114 1813 callidus
1140 1773 1359 1825 serpens
1401 1755 1527 1824 quid
1557 1756 1628 1808 ait
1657 1755 1898 1809 mulieri?
1928 1754 2031 1808 Cur
2057 1758 2290 1823 prazcepit

715 1830 850 1882 vobis
881 1828 1014 1880 Deus
1055 1845 1114 1881 ne
1142 1826 1460 1881 concederetis
1501 1826 1562 1877 de
1604 1825 1770 1892 fructu
1813 1826 2032 1878 scientia:
2078 1826 2189 1877 boni
2244 1833 2291 1877 et

719 1899 879 1951 mali?
908 1898 1229 1964 Quacumque
1249 1897 1329 1948 die
1348 1895 1657 1949 comederitis
1678 1911 1739 1948 ea:
1761 1911 1844 1959 co,
1867 1895 2152 1961 aperientur
2172 1910 2292 1946 ocn-

719 1968 756 2020 li
786 1973 930 2021 vestri
953 2007 968 2028 .
1009 1978 1058 2020 et
1095 1969 1233 2020 eritis
1276 1967 1400 2018 sicut
1429 1966 1498 2016 dii
1525 2007 1538 2027 ,
1570 1966 1777 2018 scientes
1809 1967 1990 2016 bonum
2017 1975 2064 2014 et
2103 1965 2290 2016 malum

715 2037 878 2104 (Gen.
909 2039 1046 2107 3.7!.
1090 2038 1177 2107 5).
1229 2035 1421 2107 Vides.
1475 2036 1716 2107 auditor,
1767 2035 1963 2086 inimici
2012 2033 2282 2107 meritorii?

716 2103 863 2162 vides
891 2103 1185 2161 seductoris
1213 2104 1565 2158 offendicula?
1617 2103 1772 2157 Vides
1813 2118 1968 2171 quant
1999 2103 2291 2172 versipellis

716 2177 824 2239 sit,
869 2178 1057 2244 quibus
1104 2175 1278 2228 verbis
1327 2175 1487 2228 Evam
1537 2173 1820 2227 inescarit?
1865 2173 2185 2244 Quacumque
2211 2173 2292 2228 die

715 2242 1028 2300 comeden'tis
1055 2247 1117 2299 de
1144 2247 1280 2315 tigno
1312 2246 1470 2315 vetito
1489 2284 1504 2307 ,
1549 2244 1835 2310 aperientur
1866 2242 1998 2315 oculi
2033 2243 2180 2315 vestri
2198 2284 2210 2305 ,
2244 2252 2290 2296 et

717 2316 860 2369 eritis
883 2317 1010 2369 sicut
1034 2317 1105 2368 dii
1125 2358 1138 2376 ,
1165 2312 1371 2368 scientes
1396 2313 1578 2366 bonum
1603 2325 1647 2365 et
1671 2315 1874 2365 malum.
1905 2312 1948 2365 Ο
1977 2313 2168 2364 malum
2200 2327 2286 2364 se-

718 2385 954 2439 ductoris
980 2385 1289 2439 consilium!
1320 2398 1353 2436 o
1379 2384 1645 2435 infamiam
1671 2423 1685 2444 ,
1714 2398 1867 2451 qnam
1891 2382 2092 2451 dolosis
2116 2382 2291 2451 verbis

716 2454 928 2510 mulieri
959 2455 1295 2509 conciliavit!
1327 2468 1361 2506 o
1387 2451 1604 2505 insidias
1626 2492 1641 2515 ,
1674 2450 1865 2520 quibus
1893 2452 1942 2504 in
1973 2450 2287 2518 profundum

718 2523 912 2578 inferni
947 2524 1126 2591 dejicit
1150 2539 1271 2576 eum
1291 2563 1306 2580 .
1336 2523 1421 2591 qui
1456 2537 1548 2589 per
1575 2521 1664 2575 Dei
1686 2521 2020 2591 clementiam
2050 2523 2104 2591 in
2126 2521 2290 2574 subli-

717 2607 806 2648 me
829 2589 1088 2648 deduetns
1129 2593 1300 2648 fuerat
1322 2595 1334 2646 l
1356 2589 1481 2644 Non
1511 2591 1683 2644 nudus
1710 2591 1820 2643 adit
1867 2589 2027 2643 Evam
2077 2590 2290 2645 dolosus

721 2664 851 2727 ille,
894 2664 987 2717 sed
1028 2664 1288 2732 serpentis
1336 2662 1510 2732 habitu
1557 2662 1828 2732 mulierem
1871 2660 2193 2728 alloquitur,
2235 2669 2293 2713 ut

721 2734 922 2788 inescet
947 2749 1063 2787 eam
1083 2774 1095 2794 ,
1122 2730 1193 2786 'et
1220 2732 1373 2784 dictis
1401 2731 1508 2782 suis
1534 2730 1912 2797 obsequentem
1943 2739 2088 2795 paret
2111 2744 2126 2794 ;
2169 2741 2288 2781 nam

721 2803 768 2855 si
798 2818 892 2857 sua
923 2803 1236 2856 accessisset
1284 2799 1448 2852 forma
1473 2840 1486 2860 ,
1533 2799 1636 2851 Eva
1681 2800 1856 2850 statim
1898 2799 2206 2860 resiliisset,
2240 2809 2293 2852 et

721 2872 790 2926 ad
805 2873 970 2925 virum
985 2887 1134 2925 suum
1154 2870 1456 2936 aufugisset.
1488 2868 1672 2921 Verum
1695 2867 1901 2920 indutus
1920 2868 2294 2934 serpentisl'or-

728 2957 813 2994 ma
861 2944 1154 3010 versipellis
1207 2941 1324 3000 ille,
1359 2938 1655 3010 hujnsmodi
1701 2937 1874 3010 verbis
1919 2937 2060 2988 illam
2103 2936 2292 3010 aifaius

724 3019 844 3065 est:
877 3006 1144 3064 Accedens
1173 3011 1234 3062 ad
1265 3007 1671 3076 contingendum
1706 3008 1899 3075 lignum
1920 3045 1935 3068 ,
1978 3006 2115 3074 quod
2144 3007 2327 3065 vobis,

725 3081 1005 3135 comedere
1028 3082 1190 3134 vetuit
1213 3080 1376 3142 Deus,
1401 3078 1527 3130 illud
1550 3078 1781 3146 inspice;
1807 3077 2103 3145 speciosum
2126 3077 2305 3129 oculis»

725 3150 830 3203 tuis
853 3150 1072 3202 offertur
1092 3189 1107 3214 ,
1136 3159 1188 3201 et
1212 3149 1274 3200 ad
1303 3147 1685 3200 comedendum
1714 3147 1789 3198 ori
1821 3155 1908 3198 tuo
1934 3155 2138 3212 gratum
2170 3148 2288 3198 erit.

725 3218 841 3273 Jam
870 3219 1212 3284 formidabilis
1235 3233 1293 3270 es
1315 3219 1437 3270 feris
1465 3227 1518 3270 et
1547 3216 1846 3269 volatilibus
1867 3255 1880 3273 .
1912 3214 2293 3268 formidabilior

725 3289 854 3357 ipsis
881 3289 1355 3357 pdt~’dt:gustaturn
1383 3286 1606 3357 fructum
1633 3285 1928 3357 videberis:
1956 3285 2208 3357 hactenus
2239 3293 2290 3338 te

725 3303 739 3342 ι
813 3305 854 3342 ts
881 3303 1355 3357 pol-vraegusmmm
1383 3303 1606 3338 trucwm
1633 3303 1928 3338 videberis:
1956 3303 2208 3339 naetenus
2239 3303 2290 3338 te

722 3303 917 3430 figmaf
938 3359 1162 3430 li’a‘maua
1206 3356 1580 3430 circumdatam
1614 3356 1983 3430 conspiciunt,
2010 3353 2136 3430 _jam_
2169 3371 2292 3408 vero

726 3437 843 3495 post
886 3423 1220 3496 iii-gustatum
1261 3428 1481 3496 fructum
1521 3425 1694 3496 divina
1736 3424 1902 3477 forma
1936 3423 2206 3496 indueris,
2239 3436 2292 3478 et

723 3494 1012 3566 cognosces
1036 3499 1225 3550 bonum
1249 3504 1301 3566 et
1322 3495 1536 3549 malum.
1561 3495 1698 3566 Nihil
1721 3495 1816 3566 erit
1839 3494 2004 3546 oculis
2029 3495 2290 3566 occultum

726 3563 915 3619 vestris
938 3607 950 3630 ,
982 3567 1110 3619 nihil
1141 3565 1338 3618 anditui
1365 3575 1541 3618 vestro
1566 3564 1926 3615 absconditum
1954 3581 1966 3623 ;
1997 3563 2088 3616 scd
2117 3565 2290 3615 omnia

725 3637 948 3689 visib‘i'tia
995 3646 1045 3689 et
1092 3634 1367 3688 invisibilia
1411 3634 1558 3688 vobis
1589 3642 1744 3686 erunt
1771 3633 2044 3685 manifesta
2074 3641 2126 3686 et
2163 3647 2292 3686 con-

724 3707 924 3774 spicua.
979 3705 1292 3771 lllaqueatur
1335 3706 1460 3770 Ergo
1491 3702 1797 3774 seductoris
1839 3701 2012 3774 verbis
2059 3703 2289 3774 mulier:

725 3777 1002 3842 primoque
1041 3773 1589 3840 stirpenti‘s'promissa
1619 3774 1668 3824 in
1701 3782 1912 3839 pectore
1935 3773 2212 3842 describit,
2241 3782 2295 3825 et

724 3841 1278 3899 contra’Conditorem
1306 3857 1456 3897 suum
1483 3846 1786 3895 ealcaneum
1831 3841 2060 3895 extollit.
2095 3841 2292 3896 Deinde

725 3909 895 3968 virum
923 3915 1031 3967 adit
1051 3954 1063 3974 ,
1095 3928 1322 3980 eumque
1349 3913 1428 3967 liis
1475 3911 1648 3965 verbis
1696 3912 1812 3965 felle
1842 3912 2188 3964 amarioribus
2212 3912 2290 3965 al-

726 3983 958 4052 loquitur
986 4002 996 4034 :
1026 3983 1132 4037 Cur
1161 3983 1312 4036 nobis
1356 3983 1603 4050 prtecepit
1637 3981 1773 4034 Deus
1804 3997 1869 4035 ne
1895 3982 2293 4036 comederenms

725 4053 794 4106 de
822 4055 920 4106 hoc
950 4053 1126 4121 ligno?
1167 4057 1506 4118 Quacumque
1535 4053 1620 4105 die
1648 4052 1985 4106 comedemus
2006 4090 2019 4114 ,
2054 4052 2292 4119 aperien-

726 4130 811 4176 tur
837 4124 970 4175 oculi
999 4122 1185 4185 nostri,
1213 4132 1265 4174 et
1298 4136 1672 4188 cognomemus
1701 4123 1894 4174 bonum
1926 4129 1977 4174 et
2005 4124 2216 4174 malum.
2249 4121 2293 4175 Ο

729 4191 1015 4260 pessimum
1047 4190 1362 4244 consilium!
1395 4209 1426 4242 o
1471 4191 1626 4243 verba
1677 4191 1798 4244 felle
1838 4190 2132 4243 amarior-al
2181 4190 2292 4244 Non

735 4261 867 4313 vidit
895 4261 1062 4314 oculis
1082 4262 1199 4317 .suis
1232 4261 1406 4312 lumen
1435 4260 1688 4322 veritatis,
1719 4275 1819 4310 non
1850 4261 2053 4324 excepit
2079 4261 2292 4313 auribus

727 4331 891 4398 ipsius
924 4333 1045 4383 vitae
1074 4345 1371 4382 sermonem
1394 4369 1408 4390 ,
1443 4345 1544 4381 non
1574 4330 1798 4395 gustavit
1841 4343 1932 4379 ore
1960 4328 2290 4381 dulcedinem

727 4402 1003 4455 clementis
1051 4400 1292 4459 Domini,
1343 4414 1444 4450 non
1491 4400 1710 4466 Contigit
1740 4398 1979 4449 manibus
2027 4398 2134 4449 suis
2167 4399 2293 4449 lucis

723 4471 956 4538 januam.
983 4474 1119 4523 Ante
1139 4469 1378 4538 copulam
1400 4469 1569 4520 virum
1590 4483 1741 4520 suum
1763 4468 1868 4519 Deo
1887 4467 2114 4519 alienmn
2137 4466 2251 4518 fecit
2276 4483 2289 4528 ;

728 4537 848 4593 ante
890 4537 1331 4592 cohabitatioinem
1386 4553 1558 4606 regem
1597 4537 1772 4590 eliccit
1814 4551 2131 4605 pauperem;
2171 4546 2293 4589 ante

726 4619 1023 4676 susceptam
1075 4610 1273 4674 prolem
1317 4607 1434 4660 ﬁliis
1477 4606 1898 4660 maledictionem
1952 4607 2288 4676 procuravit;

727 4675 1008 4745 antequam
1041 4678 1173 4730 ﬁlios
1200 4676 1432 4743 ﬁliasque
1461 4687 1665 4743 pareret
1686 4718 1697 4737 ,
1727 4677 1974 4730 exsilium
2009 4675 2292 4740 nepotibus

727 4748 982 4810 adduxit;
1012 4758 1292 4814 antequam
1335 4761 1451 4800 cum
1482 4749 1594 4798 viro
1625 4747 1910 4808 habitaret,
1939 4759 2002 4797 ex
2047 4745 2290 4812 paradiso

727 4818 875 4871 illum
899 4817 1216 4870 deturbavit.
1246 4815 1289 4868 0
1320 4816 1637 4882 nequitiam!
1669 4832 1700 4866 υ
1728 4816 2108 4883 insipientiam!
2141 4829 2172 4864 ο
2197 4816 2289 4867 fal-

728 4886 946 4940 laciam!
982 4886 1166 4939 Verbis
1210 4886 1320 4938 suis
1352 4885 1401 4936 id
1449 4899 1574 4938 vero
1603 4884 1821 4949 suadet,
1871 4884 1941 4936 illi
1982 4885 2288 4950 decerptum

728 4955 952 5008 fructum
1004 4954 1192 5017 oil‘ert,
1238 4969 1463 5021 eumque
1507 4955 1559 5007 in
1603 4954 1914 5021 profundum
1963 4952 2154 5007 inferni
2197 4954 2288 5006 de-

726 5024 878 5095 jicit,
912 5027 997 5092 qui
1049 5025 1170 5078 l‘cris
1223 5034 1275 5078 et
1327 5025 1624 5077 volatilibus
1677 5025 1914 5095 sublimis
1965 5022 2286 5095 videbatur:

728 5093 904 5160 dejicit
953 5102 1181 5147 mentem
1208 5095 1440 5157 omnium
1467 5108 1582 5160 qua:
1612 5093 1710 5147 sub
1737 5093 1867 5145 ειυιυ
1897 5103 2016 5144 sunt
2044 5093 2289 5145 sinceris-

729 5165 962 5225 simam;
1008 5162 1294 5230 exstinguit
1333 5164 1505 5216 lumen
1535 5163 1804 5216 oculorum
1851 5163 2009 5214 Deum
2055 5162 2289 5230 quotidie

727 5229 1232 5300 conteinplantium’:
1257 5245 1499 5300 pavorem
1519 5233 1683 5297 injicit
1709 5233 1758 5285 in
1785 5246 1904 5284 eum
1931 5229 2290 5300 quifrequen-

729 5311 810 5355 ter
840 5299 1004 5354 Deum
1044 5299 1404 5367 alloquebatur
1434 5318 1446 5353 :
1481 5302 1719 5356 dissolvit
1762 5314 1947 5353 manus
1986 5299 2100 5353 illas
2125 5341 2139 5364 ,
2170 5315 2287 5367 quia

729 5371 1109 5425 benedixerant
1134 5371 1316 5422 avibus
1352 5371 1463 5422 cadi
1490 5383 1541 5424 et
1570 5372 1749 5425 bestiis
1776 5381 1929 5423 terrae
1953 5411 1966 5431 ,
2002 5378 2157 5436 atque
2185 5371 2286 5422 illis

729 5441 937 5493 nomina
963 5439 1278 5493 indiderant.
1310 5439 1418 5491 Rex
1445 5439 1666 5494 efﬁcitur
1693 5455 1889 5507 pauper
1910 5480 1924 5501 ,
1954 5439 2132 5497 dives,
2165 5453 2288 5507 ege-

730 5525 865 5571 nus;
906 5511 990 5577 qui
1037 5511 1203 5562 amica
1247 5509 1626 5562 consuetudine
1671 5509 1834 5563 Deum
1885 5509 2280 5577 alloquebatur,

731 5580 879 5645 quasi
909 5578 988 5632 fur
1013 5580 1110 5632 sub
1138 5579 1327 5631 arbore
1356 5579 1683 5642 occultatur;
1709 5580 1949 5645 princeps
1971 5619 1984 5639 ,
2016 5578 2237 5631 famulus
2264 5621 2280 5645 ,

730 5662 891 5716 purus
915 5648 1090 5707 cordo,
1123 5656 1260 5700 totus
1288 5647 1551 5712 sordidus,
1581 5649 1754 5702 animo
1782 5648 2106 5714 splendidus,
2140 5657 2284 5702 tene-

735 5720 923 5771 brosus
948 5719 1296 5773 constituitur.
1312 5717 1494 5773 Videre
1511 5726 1622 5772 erat
1647 5731 1788 5784 eum,
1812 5717 1897 5786 qui
1929 5729 1982 5772 ut
2007 5717 2084 5772 sol
2109 5718 2285 5787 splen-

2195 317 2460 376 SPURIA.

3865 337 3976 393 532

2403 431 2601 498 debat,
2632 431 2686 506 in
2719 433 2941 500 ealigine
2981 445 3197 503 repente
3229 438 3454 505 positum
3481 455 3493 500 ;
3528 439 3616 506 qui
3650 439 3980 497 daemonibus

2404 505 2706 554 tremendus
2734 516 2866 569 erat,
2901 507 2949 557 in
2983 507 3260 579 ludibrium
3296 510 3518 579 positum
3551 505 3566 573 ς
3593 511 3684 579 qui
3716 510 3853 564 liber
3880 511 3980 565 for~

2402 582 2573 648 maius
2606 585 2716 648 erat
2740 586 2849 648 ,Uut
2881 590 3089 627 servum
3137 576 3501 648 absconditum
3533 595 3546 642 ;
3579 576 3667 646 qui
3713 581 3980 648 gloriosus

2400 649 2453 692 et
2497 642 2819 718 honorabilis
2863 654 3015 708 erat,
3061 647 3438 718 uthinglorium
3479 642 3859 715 sordidumque
3898 654 3976 718 ja-

2398 719 2622 789 centcni.
2661 713 3009 789 Quapropter,
3048 713 3587 789 auditoresbenevoli
3611 760 3624 782 ,
3651 713 3786 772 hanc
3813 713 3977 772 histo-

2399 783 2530 856 riam
2562 792 2860 856 repetentes
2884 825 2896 845 ,
2928 785 3200 856 videamus
3227 783 3510 856 Scriptum:
3535 789 3787 856 abyssum
3811 831 3823 851 ,
3856 806 3981 843 nar-

2399 850 2618 926 rationis
2661 853 2852 926 seriem
2896 854 3226 926 exhibentes.
3278 874 3296 905 ‹
3333 850 3396 926 Et
3439 857 3570 910 vidit
3604 850 3978 926 mulierquod

2399 917 2592 994 bonum
2621 931 2762 974 esset
2794 922 2987 994 lignum
3015 925 3078 976 ad
3105 925 3488 979 eomedendnm
3514 967 3529 988 ,
3559 937 3608 980 ct
3640 928 3781 994 quod
3805 917 3976 982 oculis

2399 987 2677 1062 placidum,
2701 1001 2753 1062 et
2775 987 3070 1056 speciosum
3091 994 3151 1045 ad
3178 987 3591 1062 intelligendum.
3614 987 3680 1050 Et
3707 999 3980 1062 accipiens

2398 1059 2875 1130 inuiierdefrnctu
2899 1101 2913 1123 ,
2943 1063 3194 1126 comedit,
3225 1074 3277 1118 et
3305 1059 3449 1118 iledit
3477 1067 3588 1119 viro
3618 1082 3715 1119 suo
3747 1087 3764 1117 ›
3801 1059 3973 1130 (Gen.

2396 1125 2447 1201 ξ.
2481 1127 2572 1201 (ξ).
2601 1128 2785 1201 Viden‘
2817 1134 3152 1198 voluptatem,
3183 1125 3302 1200 quae
3331 1144 3551 1188 mortem
3585 1125 3870 1201 procurat?
3900 1140 3979 1190 vi—

2396 1195 2513 1274 den:
2547 1199 2864 1268 voluptatem
2905 1195 3022 1268 qua}
3051 1203 3100 1254 in
3133 1195 3390 1257 infernum
3419 1195 3641 1270 dejicit?
3673 1205 3845 1258 viden'
3873 1223 3976 1274 gn-

2395 1267 2723 1344 stationem,
2757 1267 3196 1344 qnmgustanlem
3227 1289 3268 1344 ai
3287 1267 3523 1338 paradiso
3553 1276 3782 1327 alienum
3814 1267 3975 1329 farTit!

2395 1334 2560 1410 Nemo
2599 1334 2842 1410 cordatus
2881 1334 3075 1407 lignum
3115 1343 3161 1393 in
3190 1334 3398 1410 culpam
3457 1354 3646 1408 vocet,
3687 1345 3779 1397 sed
3820 1361 3976 1399 com-

2394 1407 3127 1486 edentem.Quemadmodum
3155 1407 3296 1486 enim
3325 1415 3365 1465 si
3392 1414 3505 1482 quis
3530 1407 3801 1486 rex’militi
3830 1430 3972 1483 prae-

2394 1481 2593 1555 cipiat_,_
2636 1495 2701 1555 n_e
2740 1494 2896 1546 quem
2934 1481 3228 1546 principum
3271 1483 3402 1555 intra
3434 1483 3633 1555 regium
3665 1481 3972 1539 cubiculum

2396 1546 2595 1619 ingredi
2639 1549 2814 1619 sinat,
2851 1559 2938 1602 aut
2982 1564 3230 1604 arcanum
3279 1550 3374 1619 ipsi
3423 1546 3697 1615 revelatis,
3733 1563 3876 1607 vetet
3909 1570 3974 1608 ne

2394 1615 2666 1689 quis-alius
2686 1616 2887 1689 ediscat
2910 1637 2921 1669 :
2946 1619 3032 1689 ille
3058 1634 3184 1674 vero
3210 1615 3453 1689 egressus
3480 1623 3526 1673 id
3557 1625 3826 1676 renuntiet
3854 1624 3972 1676 aliis

2398 1699 2498 1757 pro
2519 1685 2718 1749 lubito;
2748 1687 2832 1739 dic
2869 1687 3018 1750 mihi,
3043 1703 3106 1741 an
3151 1685 3264 1742 non'
3297 1706 3476 1757 poenas
3503 1692 3646 1746 dabit
3677 1693 3798 1755 ille,
3828 1694 3970 1756 qui»!

2394 1767 3214 1846 {se}!"LiriseteseeaIam
3237 1761 3512 1846 suasum
3544 1762 3596 1831 is
3621 1772 3778 1846 φέβω
3800 1762 3911 1836 is:

2395 1800 2558 1876 ctam.
2578 1800 2762 1878 Om'nia
2783 1827 2877 1893 ipsi
2904 1800 3045 1881 Deus
3063 1800 3419 1884 dederat-int.

2395 1894 2609 1920 AIsI.n-An
2661 1895 2856 1920 Γ...Αι..ι.
2900 1911 3058 1920 ,ιι-..-ιι
3107 1915 3120 1920 -
3143 1915 3222 1920 ---
3240 1899 3328 1920 .l!-2
3361 1897 3398 1920 1-K
3634 1919 3637 1920 ,

2395 1871 2878 1960 ςῖίοῦὸἶρέᾚιὶῖτίῆἐξ
2899 1871 3398 1966 ςρῑίξεῑῖίσλῑξιῖιῑέξέμ
3439 1871 3576 1969 ιαξξθ
3609 1871 3774 1915 εενοε
3798 1871 3908 1936 ῖαρ

2395 1961 2566 1984 ι...,,..Δ
2599 1937 2640 1984 ,’.
2675 1976 2714 1984 ,.
2757 1966 2846 1984 η--
2922 1983 2942 1984 η
2991 1967 3002 1984 9
3050 1981 3062 1984 ,
3245 1969 3274 1984 ,.
3345 1954 3363 1980 ·.
3394 1947 3410 1960 ⁴
3565 1919 3729 1984 ικίας.

2394 1961 2645 2040 lunamet
2671 1966 2887 2040 stellas;
2919 1961 3069 2019 unius
3097 1961 3220 2020 vero
3245 1961 3368 2040 ligni
3748 1961 3875 2025 ἴῖἰῖζ

2398 2032 2630 2124 tradidit,
2662 2035 2880 2124 dominii
2913 2032 3364 2124 argnt‘neptum'ei.

2395 2112 2822 2190 praeceptumque
2847 2105 2988 2190 ῥίψει
3005 2105 3069 2158 ad
3096 2106 3396 2190 obsequem;
3523 2105 3713 2190 Efnocii
3739 2113 3848 2162 sui.
3881 2111 3969 2164 Ille

2395 2185 2521 2244 vero
2547 2173 2778 2244 nondum
2811 2174 2943 2227 intra
2976 2175 3088 2229 hate
3122 2173 3302 2244 gratia)
3337 2173 3389 2230 di
3451 2173 3805 2243 -'ibal'1sistens
3829 2221 3843 2242 ,
3873 2195 3969 2233 nec

2395 2240 2674 2316 dignitatis
2693 2244 3102 2316 magnitudinem
3127 2240 3187 2316 in
3215 2247 3381 2313 pretio
3407 2254 3437 2299 l.
3485 2240 3633 2304 "iis.
3663 2240 3840 2316 neque
3869 2251 3964 2302 im-

2395 2311 2526 2378 perii
2556 2313 2634 2364 sui
2665 2313 2956 2367 libertatem
2987 2311 3310 2375 custodiens.
3345 2317 3418 2371 in:
3527 2317 3576 2368 m
3607 2311 3768 2370 illum'
3790 2328 3845 2372 et
3874 2320 3968 2372 iiii-

2395 2380 2588 2450 rnicnm
2617 2384 2852 2435 veritatis
2880 2384 3075 2437 audivit
3097 2424 3112 2446 ,
3139 2395 3191 2438 et
3222 2385 3394 2440 inobs-
3529 2387 3630 2438 dim
3657 2403 3717 2441 se
3742 2389 3964 2450 dedidit,

2395 2447 2668 2528 iactusque
2695 2461 2784 2528 _es_t
2802 2468 2878 2528 ἐκ
2898 2455 3200 2528 immortali
3236 2467 3366 2508 mort
3542 2458 3792 2528 orinceps
3819 2447 3964 2526 para;

2393 2519 2492 2572 disi
2536 2526 2650 2586 ejus
2695 2521 3015 2578 habitatione
3056 2524 3316 2590 privatus;
3568 2519 3966 2581 italis-semitas

2396 2590 2615 2651 terebat,
2641 2591 2938 2644 daemonum
2959 2594 3237 2647 ludibrium
3259 2594 3358 2646 effe

2394 2659 2496 2734 ritu
2523 2671 2704 2734 saneto
2731 2671 2862 2734 erat,
2894 2662 3164 2734 spiritibus
3191 2664 3356 2732 malig;
3559 2659 3710 2727 atus;
3734 2667 3826 2731 qui
3853 2659 3966 2734 pro-

2396 2728 2586 2803 pbetia;
2617 2731 2756 2803 dono
2789 2730 3050 2803 fulgebat,
3083 2747 3145 2785 ne
3178 2734 3263 2803 sui
3287 2728 3353 2800 qu
3383 2761 3412 2780 .-
3544 2734 3708 2802 ipsius
3747 2728 3961 2803 gnarus.

2396 2797 2663 2871 completa
2689 2797 2916 2871 denique
2958 2802 3042 2853 illa
3083 2797 3350 2856 mortifera
3382 2797 3778 2871 inousequentia
3805 2847 3819 2867 ,
3849 2821 3959 2858 Cum

2397 2865 2745 2940 advertissent
2775 2865 2940 2940 Adam
2969 2882 3018 2924 et
3052 2871 3160 2924 Eva
3190 2886 3246 2924 se
3275 2872 3441 2925 nudos
3469 2865 3595 2927 esse
3613 2873 3682 2925 ob
3711 2865 3960 2940 pnevari-

2395 2936 2657 2990 cationem
2685 2955 2696 2990 :
2730 2939 2939 3005 quando
2967 2943 3105 2993 enim
3133 2940 3310 2994 divino
3339 2936 3746 2995 immortalitatis
3777 2947 3962 2997 vestitu

2395 3015 2688 3074 ornatuque
2724 3009 2900 3061 amicti
2933 3020 3116 3071 erant,
3160 3011 3446 3064 nuditatem
3491 3027 3634 3064 suam
3685 3029 3789 3064 non
3823 3014 3962 3065 vidc-

2397 3073 2522 3128 bant
2548 3073 2711 3148 ,_cum
2751 3087 2924 3132 autem
2966 3080 3186 3133 accessit
3225 3082 3586 3148 prtevarieatio
3611 3122 3624 3141 ,
3656 3091 3710 3133 et
3747 3083 3960 3134 inobse-

2395 3146 2623 3217 quentirc
2650 3162 2780 3214 opus
2807 3150 3092 3217 perfectum
3123 3146 3374 3210 est,_tunc
3401 3152 3781 3217 turpitudinem
3817 3167 3961 3202 suam

2397 3213 2657 3286 viderunt.
2689 3213 2886 3269 Deinde
2912 3219 3204 3282 Audierant,
3234 3221 3415 3286 inquit,
3440 3213 3602 3271 vocem
3631 3219 3840 3271 Domini
3859 3238 3964 3272 am-

2397 3284 2612 3356 buiantis
2642 3286 2692 3338 in
2723 3288 2960 3356 paradiso
2999 3291 3132 3340 circa
3172 3284 3425 3340 meridiem
3450 3329 3463 3348 ,
3495 3300 3538 3340 et
3569 3306 3620 3340 se
3648 3292 3964 3342 occultarum

2396 3354 2559 3428 Adam
2586 3365 2629 3407 et
2659 3354 2785 3407 uror
2812 3359 2973 3428 ejusa
3003 3359 3129 3426 facie
3163 3356 3359 3409 Domini
3388 3357 3481 3408 Dei
3509 3357 3655 3426 (Gen.
3687 3359 3737 3412 3.
3767 3359 3845 3428 8).
3882 3360 3966 3413 Fi—

2396 3424 2562 3475 ducia:
2591 3439 2745 3477 causa
2780 3424 3106 3491 prtecisa'est
3135 3443 3150 3480 :
3178 3429 3319 3479 venit
3340 3424 3698 3494 prievaricatio
3722 3471 3734 3491 ,
3761 3424 3817 3481 et
3847 3447 3964 3483 sese

2397 3494 2663 3546 occultant
2693 3495 2757 3566 ab
2784 3495 3169 3563 Omnipotente.
3195 3497 3346 3549 Tales
3376 3509 3496 3549 sunt
3527 3499 3580 3561 ii,
3613 3499 3698 3566 qui
3733 3500 3964 3564 peccatis

2399 3574 2521 3634 sunt
2546 3565 2716 3615 onusti
2747 3572 2800 3618 ct
2828 3566 3018 3618 obruti.
3053 3566 3182 3618 Cum
3215 3568 3353 3619 enim
3382 3568 3497 3634 quis
3538 3565 3803 3621 scortatns
3833 3585 3965 3622 ma:-

2396 3631 2850 3704 chatusveﬁicrit,
2881 3650 3226 3704 egressusque
3252 3652 3312 3690 ex
3345 3631 3633 3690 meretricis
3657 3639 3818 3703 janna
3844 3681 3858 3701 ,
3885 3642 3963 3691 in-

2399 3711 2600 3754 venerit
2629 3702 2796 3774 virum
2831 3702 3169 3758 muliercmve
3193 3747 3205 3765 ,
3234 3708 3320 3774 qui
3352 3720 3626 3759 occursum
3660 3702 3964 3774 Imjusniodi

2397 3781 2630 3844 narrent,
2656 3772 2699 3826 is
2728 3774 2812 3842 qui
2832 3785 3101 3842 peccatum
3125 3772 3615 3829 admisitexistimat
3638 3772 3963 3844 colloquium

2398 3842 2536 3894 circa
2561 3843 2727 3910 ipsum
2761 3845 2954 3896 versari
2980 3884 2995 3908 ,
3028 3853 3148 3896 tunc
3172 3845 3367 3911 pudore
3393 3847 3684 3914 roboreque
3709 3842 3962 3909 anicitur,

2395 3921 2646 3982 arguente
2691 3915 2886 3978 peccati
2928 3915 3268 3967 conscientia.
3307 3915 3535 3982 idipsuin
3579 3917 3714 3982 passi
3751 3928 3880 3967 sunt
3909 3927 3961 3970 vt

2397 3981 2564 4034 Adam
2591 3990 2643 4035 et
2667 3983 2790 4036 Eva.
2823 3983 2950 4035 Nam
2983 3999 3122 4050 smpe
3153 3985 3256 4037 Deo
3288 3986 3334 4036 in
3366 3981 3606 4051 paradiso
3633 3985 3962 4044 ambulante.

2399 4065 2681 4119 numquam
2713 4053 2974 4122 pudefacti
3014 4055 3078 4105 ad
3113 4055 3226 4120 ejus
3265 4067 3540 4106 occursum
3583 4052 3785 4105 fuerant
3822 4071 3834 4104 :
3871 4057 3962 4108 sed

2398 4130 2509 4188 post
2553 4134 2822 4188 peceatum
2863 4131 2913 4174 et
2943 4123 3393 4187 inobsequentiam
3431 4137 3546 4174 sese
3577 4123 3911 4176 abscondunt
3938 4142 3962 4176 a

2395 4191 2527 4243 facie
2558 4191 2647 4244 Dei
2679 4201 2863 4245 cuncta
2895 4192 3425 4260 perspicientispliiuc
3456 4208 3512 4244 se
3535 4192 3660 4244 lucri
3690 4193 3962 4260 quidpmm

2397 4271 2754 4330 reportaturus
2794 4271 3066 4330 sperantes
3100 4278 3110 4311 :
3151 4261 3242 4313 sed
3286 4259 3475 4313 frustra
3522 4263 3679 4315 cessit
3723 4259 3963 4329 ipsorum

2397 4328 2692 4395 prudentia.
2720 4328 3049 4398 QuaprOpter
3079 4333 3225 4397 quasi
3265 4331 3455 4382 nullam
3491 4328 3962 4385 habereutdel‘en-

2398 4398 2561 4450 sionis
2586 4413 2768 4470 ansam
2809 4409 2897 4470 aut
2941 4399 3180 4451 fiduciam
3220 4415 3339 4467 erga
3371 4402 3692 4452 oet-ultormn
3722 4404 3966 4470 cognito-

2397 4481 2509 4519 rem
2535 4508 2548 4531 ,
2583 4469 2694 4535 ipse
2721 4469 2895 4521 cordis
2925 4477 2978 4521 et
3017 4483 3199 4521 renum
3245 4478 3504 4522 scrutator
3545 4471 3670 4524 dicit
3713 4469 3958 4522 Adamn:

2397 4537 2559 4610 Adam
2583 4577 2597 4599 ,
2628 4537 2975 4610 ubi_e_sr(Cen_.
3009 4539 3059 4592 3.
3092 4538 3208 4610 9_)_?
3249 4539 3570 4592 defensionis
3607 4554 3786 4593 ansam
3835 4542 3964 4610 ipsis

2397 4607 2636 4672 praebens
2666 4625 2678 4658 :
2711 4606 2804 4661 Ubi
2829 4624 2879 4659 es
2901 4608 2925 4658 ?
2948 4607 3061 4680 Jam
3094 4607 3317 4680 deligno
3343 4611 3615 4662 comedisti
3639 4650 3652 4673 ,
3681 4625 3786 4680 nec
3805 4606 3960 4680 opta-

2396 4685 2504 4728 tum
2536 4689 2593 4727 es
2621 4688 2933 4749 asseqtmtns
2963 4695 2974 4728 :
3004 4678 3114 4749 jam
3154 4678 3205 4730 in
3247 4680 3728 4749 pr:evarieationem
3779 4678 3960 4749 lapsus

2393 4760 2450 4798 es
2471 4785 2486 4810 ,
2519 4754 2570 4798 et
2594 4760 2620 4795 a
2655 4745 2925 4800 divinitate
2950 4747 3206 4800 excidisti.
3236 4745 3415 4806 Adam.
3445 4748 3526 4798 ubi
3548 4750 3644 4801 es?
3672 4749 3762 4802 ille
3791 4745 3922 4804 vero
3947 4769 3959 4802 :

2403 4813 2580 4868 Vocem
2599 4824 2733 4868 tuam
2749 4817 3224 4868 audiviambulantis
3245 4819 3296 4868 in
3315 4819 3569 4883 paradiso,
3593 4829 3639 4870 et
3660 4821 3822 4883 timui,
3843 4822 3962 4880 quia

2392 4887 2555 4957 nudus
2585 4901 2693 4938 sum
2717 4925 2732 4947 ,
2764 4897 2808 4939 et
2837 4903 2915 4957 nte
2941 4887 3179 4957 occultavi
3209 4885 3379 4957 (Ibid.
3413 4903 3456 4939 υ.
3491 4887 3610 4954 10).
3643 4888 3827 4941 Viden'
3860 4904 3955 4957 pn-

2391 4954 2573 5008 dorem
2612 4956 2857 5023 peccati?
2891 4955 3060 5008 viden’
3106 4956 3302 5020 peccati
3342 4957 3753 5024 turpitudinem?
3786 4954 3962 5012 vidcn'

2393 5024 2792 5103 tribunalﬁintra
2843 5024 3096 5103 {\damnm
3146 5031 3370 5103 pestium
3397 5065 3410 5088 ,
3457 5028 3625 5103 ipsum
3668 5028 3917 5103 incusans
3943 5070 3959 5087 .

2391 5093 2530 5163 quod
2553 5092 2718 5163 a_Deo
2737 5108 2793 5145 se
2814 5092 3229 5163 abalienaverit?
3261 5092 3499 5163 Dixitque
3530 5097 3664 5149 Deus
3685 5113 3698 5148 :
3729 5097 3855 5161 Quis
3877 5100 3960 5148 tibi

2391 5161 2626 5235 iudicavit
2649 5201 2663 5223 ,
2693 5162 2823 5229 quod
2853 5163 3014 5235 nudus
3039 5177 3164 5215 esses
3185 5204 3198 5220 .
3232 5165 3326 5235 nisi
3353 5161 3468 5232 quia
3493 5182 3553 5218 ex
3573 5167 3710 5234 ligno
3729 5206 3742 5228 ,
3773 5181 3840 5217 ex
3864 5184 3960 5235 quo

2390 5231 2496 5298 solo
2537 5245 2864 5296 pra'cepermn
2909 5231 2993 5282 tibi
3034 5247 3094 5284 ne
3121 5231 3396 5286 comedens
3421 5275 3435 5298 ,
3475 5250 3536 5286 ea:
3575 5231 3662 5286 illo
3702 5231 3961 5287 comedisti

2393 5297 2565 5368 (Ibid.
2598 5313 2642 5351 υ.
2677 5302 2734 5354 Η
2770 5307 2820 5368 )?
2843 5300 3087 5353 DimisiSti
3115 5316 3201 5355 me
3225 5297 3583 5364 Conditorem,
3611 5311 3662 5355 et
3693 5303 3754 5355 ad
3786 5304 3961 5358 inimi-

2391 5385 2509 5422 cum
2538 5368 2773 5422 defecisti
2808 5389 2820 5421 :
2850 5370 3105 5438 reliquisti
3146 5386 3229 5423 me
3256 5371 3557 5426 Creatorem
3585 5412 3598 5433 ,
3631 5384 3682 5424 et
3712 5386 3832 5424 cum
3872 5390 3929 5427 se

2391 5438 2606 5510 ductore
2632 5440 2964 5510 consensisti.
2990 5439 3094 5507 Ego
3117 5439 3204 5493 tibi
3230 5455 3580 5510 praeceperant
3601 5450 3659 5510 nt
3683 5456 3749 5494 ne
3769 5458 3834 5495 ex
3861 5444 3958 5497 hoc

2395 5509 2509 5560 Solo
2537 5508 2842 5561 conicderes
2863 5549 2876 5568 ,
2904 5519 2957 5562 et
2989 5519 3039 5561 tu
3067 5525 3184 5562 cum
3211 5508 3420 5564 diabolo
3449 5509 3723 5562 consilium
3753 5511 3956 5564 iniisti?

2394 5577 2684 5648 Respondit
2721 5578 2930 5648 (Adam:
2973 5577 3175 5641 Mulier,
3223 5597 3373 5648 quant
3418 5580 3590 5630 dedisti
3641 5581 3763 5630 milii
3787 5621 3800 5640 ,
3848 5585 3956 5648 ipsa

2393 5647 2513 5698 milii
2540 5647 2673 5699 dedit
2695 5647 2754 5698 de
2770 5648 2922 5716 ligno,
2951 5658 2995 5701 et
3021 5650 3208 5701 comedi
3230 5647 3380 5714 (Gen.
3405 5650 3453 5701 5.
3490 5649 3592 5710 1‘2).
3612 5648 3654 5702 Ο
3680 5647 3954 5704 obtentum

2398 5718 2602 5772 ratione
2625 5731 2841 5771 vacuum
2869 5718 2880 5769 !
2913 5735 2943 5774 ο
2970 5718 3325 5775 defensionem
3354 5719 3582 5788 loquenti
3613 5718 3675 5773 ad
3704 5719 3833 5776 nibil
3859 5725 3956 5775 uti-

3603 2597 3614 2645 i
3637 2597 3832 2662 plenus
3853 2597 3966 2664 Spi-
