4104 6322
231 432 343 490 533

229 525 329 581 lem
356 524 371 576 !
394 522 645 589 mlietum
672 533 907 572 amarum
924 517 1117 589 dicenti
1146 532 1248 570 non
1270 519 1532 572 salutare!
1562 518 1791 589 Uxorem

228 594 345 648 dedi
379 586 468 645 tibi
490 590 817 658 adjutricem,
844 603 947 640 non
979 588 1155 639 heram
1181 599 1547 658 ;7consortem,
1577 604 1678 640 non
1699 586 1793 639 do-

229 666 423 716 minam
449 678 462 725 ;
492 657 891 712 utconsentiret
914 696 927 715 ,
959 672 1062 708 non
1094 665 1148 707 ttt
1184 657 1393 709 doceret
1421 675 1436 717 ;
1473 658 1747 724 conjugem
1773 695 1788 719 ,

228 747 330 785 non
352 733 721 798 imperantem;
743 726 1025 798 subditam,
1048 741 1149 777 non
1168 726 1526 798 sublimiorem
1548 743 1561 787 ;
1587 726 1676 778 tibi
1697 725 1789 777 ob-

227 795 534 869 sequentem
563 840 573 861 ι
608 805 793 869 non__te
820 795 1203 869 subjicientem.
1232 795 1583 869 Quamobrem
1612 804 1791 869 utpote

227 863 316 936 qui
344 869 609 921 inimicum
636 865 864 919 audieris
885 904 899 928 ,
934 864 1162 936 mihique
1190 879 1292 916 non
1320 863 1787 936 obtemperaveris,

227 933 409 1005 accipe
433 936 841 1005 correptionem,
870 948 1024 1001 quam
1056 933 1299 984 diuturna
1326 934 1514 1005 sarcula
1548 948 1650 986 non
1675 948 1786 1005 mnf

229 1000 448 1069 tabtint,
494 1000 643 1073 cujus
682 1000 1130 1073 terminosnemo
1170 1002 1607 1069 transgredietur,
1648 1000 1789 1071 quod

226 1077 441 1145 pelagus
470 1070 573 1128 non
596 1072 849 1145 Atrajiclet
869 1070 1106 1145 quisquis
1147 1082 1416 1145 assumpto
1441 1070 1677 1145 corpore
1695 1085 1790 1124 vc-

228 1139 419 1199 niet'in
451 1139 723 1198 mundum.
754 1139 905 1205 Vide,
934 1139 1099 1193 Adam
1125 1180 1139 1199 ,
1181 1157 1199 1189 ι
1230 1139 1361 1207 Quia
1390 1139 1578 1194 audisti
1606 1156 1788 1193 vocem

228 1215 406 1268 uxoris
432 1224 555 1279 tuze,
586 1220 640 1266 et
667 1209 939 1264 comedisti
966 1209 1032 1263 de
1064 1210 1201 1279 ligno
1226 1211 1293 1262 de
1319 1225 1423 1274 quo
1444 1210 1558 1263 solo
1591 1224 1790 1279 pratce-

227 1298 407 1352 peram
439 1278 619 1336 tibine
644 1279 967 1352 comederes,
997 1278 1272 1352 maledicta
1297 1286 1437 1352 terra
1465 1281 1516 1352 in
1544 1278 1791 1352 operibus

226 1348 328 1406 tuis
354 1370 368 1405 :
399 1355 449 1405 in
475 1352 745 1405 doloribus
766 1348 1011 1401 comedcs
1032 1348 1169 1400 illam
1194 1349 1436 1402 omnibus
1461 1348 1644 1402 diebus
1668 1348 1792 1401 vita:

227 1434 350 1491 tum.
383 1422 572 1491 Spinas
597 1428 651 1491 et
679 1418 896 1491 tribulos
934 1417 1250 1491 germinabit
1280 1418 1372 1472 tibi
1397 1458 1434 1491 ,_
1454 1429 1507 1471 et
1545 1417 1791 1472 eomedes

225 1487 581 1559 fuanum'agri.
612 1489 664 1542 In
708 1487 898 1559 sudore
933 1487 1105 1559 vultus
1136 1488 1210 1540 tui
1238 1489 1467 1541 vesceris
1497 1500 1632 1555 pane
1659 1496 1753 1559 tuo
1772 1526 1788 1552 ,

225 1561 396 1615 donec
425 1555 704 1614 revertaris
735 1558 784 1610 in
813 1567 1024 1617 terram,
1052 1555 1119 1609 de
1148 1571 1245 1623 qua
1277 1566 1516 1622 sumptus
1542 1572 1598 1611 es
1628 1574 1640 1607 :
1670 1556 1788 1623 quia

226 1639 366 1684 terra
395 1645 452 1683 es
476 1670 490 1692 ,
539 1638 590 1681 et
636 1629 685 1680 in
731 1636 921 1679 terram
952 1625 1119 1678 abibis
1144 1642 1162 1675 ι
1202 1624 1219 1693 (
1250 1625 1374 1678 Gen.
1404 1627 1456 1678 3.
1490 1624 1650 1679 17-19
1677 1629 1715 1693 ).
1746 1623 1791 1678 Ο

225 1699 652 1752 maledictionem
678 1738 692 1760 ,
741 1710 857 1764 quae
901 1695 1189 1747 visibilibus
1216 1703 1269 1764 et
1298 1695 1641 1764 invisibilibus
1684 1702 1790 1748 tre-

225 1783 427 1822 morem
469 1767 689 1821 incutit!
718 1762 971 1818 o‘dictum
994 1804 1008 1827 ,
1045 1764 1182 1831 quod
1213 1763 1411 1816 infinita
1449 1762 1639 1817 srecula
1686 1778 1788 1817 non

224 1839 503 1891 mutabunt
533 1838 546 1889 l
577 1851 609 1886 o
636 1835 1021 1901 corruptionem
1046 1872 1060 1893 ,
1090 1847 1243 1901 quam
1273 1833 1450 1886 mundi
1477 1833 1790 1887 diuturnitas

223 1922 330 1961 non
360 1907 649 1974 antiquavit
678 1906 689 1957 ε
722 1918 755 1956 o
792 1904 985 1974 dictum
1027 1902 1164 1969 quod
1208 1917 1357 1974 reges
1396 1910 1449 1956 et
1489 1903 1787 1974 principes,

222 1975 420 2029 divites
445 1971 500 2028 et
526 1987 782 2043 pauperes
810 1972 1120 2043 horrescunt
1147 1980 1201 2025 et
1229 1972 1413 2025 timent
1441 1974 1453 2026 l
1493 1989 1510 2021 ι
1540 1972 1605 2043 Et
1631 1971 1789 2043 ejecit

116 2076 120 2081 -
225 2044 483 2098 Dominus
509 2040 672 2096 Adam
691 2053 742 2096 et
763 2056 976 2094 uxorem
1000 2040 1111 2108 ejus
1132 2057 1194 2093 ex
1226 2042 1466 2106 paradiso
1489 2041 1787 2109 voluptatis,

142 2134 145 2135 ν
178 2154 183 2161 .
223 2122 282 2166 ut
308 2124 618 2182 operaretur
645 2124 853 2182 terram,
887 2110 951 2163 de
974 2124 1075 2182 qua
1102 2120 1341 2177 sumptus
1363 2121 1479 2182 est;
1510 2120 1560 2164 et
1590 2124 1790 2179 praece-

225 2186 301 2250 pit
333 2178 581 2235 Dominus
609 2181 968 2250 Cherubimlet
995 2178 1295 2250 ﬂammeum
1321 2180 1551 2250 gladium
1571 2178 1673 2245 ,θυι
1693 2194 1787 2250 cu-

224 2246 487 2305 stodirent
531 2252 829 2319 paradisum
872 2248 1032 2300 Edent
1068 2266 1085 2297 ι
1134 2246 1299 2317 (Gen.
1330 2252 1381 2304 5.
1410 2249 1551 2318 24),
1589 2257 1643 2319 et
1675 2248 1791 2316 ejus

223 2322 425 2373 aditum
456 2318 778 2373 inaccessum
810 2328 1099 2377 servarent,
1134 2333 1198 2371 ne
1224 2319 1340 2386 quis
1369 2334 1528 2372 carne
1555 2318 1786 2384 indutus,

223 2403 277 2443 et
307 2389 710 2459 corporisrmole
737 2387 1108 2459 circumdatus,
1138 2401 1231 2454 per
1256 2388 1369 2459 ejus
1394 2389 1595 2459 ostium
1617 2396 1791 2440 trans-

226 2460 347 2512 iret.
368 2455 691 2511 Dinuinicum
710 2472 833 2508 vero
848 2455 1040 2507 dictum
1062 2465 1312 2508 :eternum
1329 2456 1507 2509 habuit
1522 2456 1787 2520 elTectum,

225 2528 441 2595 lia‘cque
470 2529 726 2580 sententia
755 2536 972 2595 mortem
1003 2528 1051 2595 in
1078 2524 1325 2577 nmndum
1353 2526 1585 2578 induxit:
1616 2540 1791 2593 reges-

260 2612 324 2649 ue
354 2593 451 2663 ipsi
485 2598 618 2648 hanc
638 2610 816 2647 vocem
847 2593 1145 2655 formidant,
1178 2609 1237 2647 ac
1261 2596 1786 2663 principestremunt;

260 2612 324 2649 ue
354 2612 451 2663 tpSt
485 2612 618 2648 uane
638 2612 816 2647 vocem
847 2612 1145 2655 tornuuant,
1178 2612 1237 2647 ac
1261 2612 1786 2663 prlllCtpeSll'eﬂlunl;

222 2612 413 2718 iiivites
444 2668 492 2717 in
522 2665 618 2718 hac
646 2664 829 2717 inclusi
852 2666 1267 2728 suntsententia,
1297 2679 1550 2733 pauperes
1573 2668 1673 2717 hoc
1691 2679 1789 2719 cett

222 2734 463 2790 debitum
494 2741 798 2801 exspectant
828 2749 840 2783 :
874 2741 1180 2799 exspectant
1210 2735 1386 2801 utique
1413 2735 1610 2788 obitum
1644 2748 1787 2787 mor—

224 2807 355 2857 tales
378 2819 561 2857 omnes
582 2844 595 2866 ,
627 2812 803 2870 utpote
830 2810 1025 2854 natura:
1045 2810 1334 2855 consortes.
1356 2802 1487 2868 Quid
1509 2805 1647 2855 enitn
1671 2802 1793 2857 fecit

224 2875 394 2925 Adam
417 2883 563 2927 extra
592 2872 885 2939 paradisum
912 2871 1223 2923 eonttitutus
1248 2874 1269 2923 Υ
1294 2871 1507 2924 Terram
1538 2870 1786 2938 fodiebat,

224 2958 344 2995 cum
379 2942 502 2995 fletu
528 2942 861 3008 operabatur,
894 2954 1011 2991 cum
1038 2942 1254 3005 gemitu,
1284 2941 1475 2993 sudore
1508 2940 1746 3007 perfusus
1772 2982 1786 3005 ,

224 3026 387 3065 onera
417 3012 672 3077 bajulans,
701 3020 829 3061 testu
861 3008 987 3077 solis
1014 3008 1347 3070 intolerabili,
1378 3010 1648 3075 noctisque
1671 3011 1788 3077 geltt

226 3076 524 3147 frigoreque
549 3078 826 3147 cruciatus,
855 3076 1008 3130 ﬂendi
1039 3079 1192 3130 linem
1218 3093 1319 3131 non
1346 3080 1591 3142 faciebat;
1616 3076 1789 3134 mente

226 3145 503 3204 revolvens
525 3145 813 3218 cujusnmdi
837 3147 1098 3218 voluptate
1120 3148 1347 3213 privatus
1385 3156 1540 3218 esset,
1567 3149 1672 3200 imo
1701 3164 1790 3216 pes

224 3230 374 3273 ctore
398 3216 623 3287 gemitus
652 3216 1171 3287 muittebat,_oreque
1197 3218 1353 3270 verba
1382 3217 1565 3270 dolore
1597 3218 1746 3284 plena
1771 3235 1784 3271 :

224 3284 422 3355 apertis
451 3300 632 3340 versus
661 3284 1017 3355 Edemoculis
1044 3295 1245 3355 ,rcaput
1276 3287 1395 3339 hinc
1427 3297 1479 3339 et
1512 3287 1633 3340 inde
1671 3302 1785 3341 meo

225 3353 380 3423 veos,
408 3355 773 3411 miserabiliter
796 3353 1041 3423 ejulabat,
1074 3354 1317 3423 luctuque
1339 3369 1439 3407 n0u
1459 3356 1785 3421 consolabili,

226 3426 343 3483 tunc
370 3422 508 3481 voce
551 3440 730 3493 magna
765 3422 1023 3476 clam:tbat
1051 3422 1210 3493 :lleu
1253 3424 1459 3490 quantis
1500 3423 1650 3493 bonis
1685 3426 1788 3478 tuis

225 3498 422 3562 excidi,
448 3496 744 3549 felicissime
768 3493 1005 3561 paradise
1026 3495 1054 3562 ?7
1079 3492 1178 3562 heu
1204 3500 1398 3562 quanto
1425 3492 1614 3561 gaudio
1640 3508 1787 3547 meus

227 3561 535 3634 replebatur
559 3565 796 3634 animus,
827 3577 945 3634 cum
976 3561 1415 3634 pulchritudinem
1446 3571 1585 3614 tuam
1616 3563 1786 3634 respi-

225 3630 405 3690 ceretn
429 3637 441 3687 ι
475 3651 507 3687 o
532 3642 722 3701 quanta
746 3630 952 3701 fruebar
978 3631 1325 3701 exsultatione
1357 3630 1492 3683 intra
1518 3639 1567 3684 te
1592 3633 1788 3685 consti-

227 3715 373 3757 tutus
401 3705 412 3755 !
440 3698 604 3769 Quain
651 3700 863 3753 lmtabar
896 3714 959 3769 ex
990 3699 1151 3752 odore
1182 3698 1367 3752 florum
1409 3708 1613 3753 tuorqu
1640 3702 1653 3753 l
1682 3715 1787 3769 quo

226 3784 385 3838 pacto
415 3768 539 3824 mihi
582 3784 757 3822 mensa
794 3769 907 3821 sine
933 3768 1111 3821 labore
1140 3769 1417 3835 parabatur
1445 3771 1457 3821 !
1490 3783 1594 3836 quo
1636 3768 1786 3836 paeto

227 3837 355 3895 mihi
388 3850 559 3894 crater
590 3838 801 3906 perenni
834 3837 1033 3903 liquore
1064 3838 1343 3889 manabat!
1380 3838 1645 3903 quomodo
1672 3839 1785 3890 ani-

227 3927 373 3963 tuum
417 3910 686 3986 recreabat
724 3908 1025 3986 angelorum
1063 3907 1429 3986 consortiuln“1
1454 3907 1499 3986 lu
1521 3907 1784 3986 quomodo

224 3981 411 4033 oculos
435 3978 759 4031 illuminabat
783 3974 867 4027 lux
893 3974 1345 4042 splendidissima!
1370 3974 1582 4042 Opilicia
1610 3976 1784 4029 omnia

227 4059 498 4115 tamquam
537 4061 713 4114 regem
755 4059 839 4098 me
880 4059 930 4096 ιιι
970 4044 1168 4115 honore
1214 4044 1492 4115 habebant.
1531 4042 1785 4115 Omnibus

225 4112 370 4171 feris'
387 4112 689 4170 tremendus
717 4127 861 4166 eram
894 4131 906 4166 :
938 4112 1141 4165 cunctis
1166 4113 1464 4167 volucribus
1489 4127 1584 4180 pro
1624 4113 1785 4166 lttbito

224 4186 550 4253 imperabant
582 4201 595 4235 :
626 4192 863 4253 creatura
889 4182 1060 4253 omnis
1103 4196 1186 4235 me
1214 4190 1473 4253 tamquam
1513 4181 1781 4253 dominum

224 4250 569 4323 respiciebat.
595 4252 684 4304 llis
711 4251 861 4304 bon‘is
887 4250 1051 4303 excidi
1084 4264 1179 4323 per
1209 4250 1684 4323 prtevaricationem
1710 4266 1784 4323 5c

226 4319 499 4390 voluptate
542 4322 774 4389 drjeCttts
816 4333 934 4390 sum
968 4320 1115 4390 quasi
1155 4320 1503 4390 mancipium;
1534 4334 1564 4372 a
1593 4319 1782 4387 gaudio

226 4404 322 4445 tuo
349 4387 654 4444 deturbatus
689 4393 833 4455 quasi
866 4389 1172 4454 improbus;
1216 4402 1245 4441 e
1281 4387 1548 4441 domicilio
1575 4398 1663 4441 tuo
1691 4389 1782 4442 de-

222 4472 406 4514 trusus
431 4462 575 4528 quasi
603 4460 864 4528 fugitivus.
893 4456 1026 4528 Quid
1059 4458 1278 4523 primum
1306 4456 1527 4528 lugeam,
1550 4457 1780 4528 quidse-

221 4525 498 4583 conditui?
545 4525 673 4579 nunt
712 4526 1109 4592 pulchritudinis
1156 4537 1257 4579 tua:
1304 4525 1780 4593 privationem?an

221 4599 477 4665 gaudium
503 4610 730 4665 perenne
749 4635 761 4655 ,
797 4596 952 4645 vitam
978 4595 1117 4647 curis
1146 4608 1400 4665 vacuam,
1429 4594 1647 4665 gloriam
1678 4610 1781 4649 non

222 4662 421 4720 liuxatu
444 4666 466 4717 Ἰ
502 4662 875 4730 angelorutnnc
912 4664 1229 4715 consortium
1270 4662 1560 4715 amissum?
1586 4678 1650 4715 an
1694 4678 1781 4715 ar-

221 4734 603 4802 changelorum
641 4732 894 4784 sublatum
922 4731 1276 4802 colloquium?
1300 4734 1458 4802 _regni
1495 4732 1738 4802 decorem
1762 4772 1777 4796 ,

221 4799 475 4857 arborum
498 4804 869 4861 anuenitatetn,
901 4800 1109 4852 lUlllillIS
1131 4802 1200 4852 tui
1234 4799 1586 4867 splendorem,
1618 4800 1783 4868 fulgo-

222 4890 337 4927 rem
369 4873 687 4938 perennetn?
728 4871 1010 4921 nuditatem
1054 4883 1223 4938 meam
1249 4908 1261 4930 ,
1283 4869 1629 4938 turpitudinis
1656 4870 1781 4922 reli-

220 4935 380 5010 quias
396 4979 411 5004 ,
449 4941 902 5010 exprobrationem
946 4936 1248 5010 angelorum
1278 4936 1300 4989 ?
1330 4935 1782 5010 _ferartttn_rebel-

218 5005 444 5068 limicnt,
469 5005 823 5076 jumentorum
855 5005 1344 5076 inobsequentiam?
1377 5007 1467 5076 Dei
1497 5006 1777 5059 amicitiam

221 5074 515 5145 perditam,
558 5077 777 5142 Spiritus
824 5074 1132 5145 recessum?
1180 5075 1782 5145 beatitudinem_perpe-

221 5142 409 5200 luant?
438 5148 551 5209 Quo
584 5148 721 5195 luctu
747 5182 761 5207 ,
801 5158 904 5209 quo
946 5144 1068 5195 lletu
1117 5144 1225 5195 haec
1261 5142 1589 5210 prosequar?
1626 5158 1780 5211 quam

221 5214 642 5269 ltnmiliationem
688 5211 1074 5277 amplexabor"
1109 5226 1263 5279 quam
1307 5212 1611 5278 tragoadiatn
1657 5214 1784 5264 inci-

218 5289 361 5353 piam
390 5284 412 5335 ?
449 5298 604 5351 quem
646 5280 891 5348 ejnlatum
936 5280 1208 5332 emittam?
1242 5295 1395 5347 quem
1424 5280 1659 5333 dolorem
1690 5296 1786 5353 sc-

219 5350 360 5405 itabo
381 5394 395 5417 ,
429 5350 493 5403 an
526 5362 840 5421 pmeseutem
865 5387 879 5411 ,
906 5361 971 5421 an
1002 5359 1305 5421 sequentem
1328 5387 1341 5411 ,
1370 5362 1435 5400 an
1466 5363 1585 5421 eum
1617 5350 1702 5416 qui
1732 5350 1783 5401 in

220 5422 445 5475 inferis?
470 5416 545 5472 aii
565 5418 808 5472 sudorcm
835 5416 1026 5478 vultus,
1053 5420 1319 5484 spinarum
1351 5419 1603 5484 germina,
1632 5426 1783 5471 terra:

216 5488 676 5554 increpationetn?
716 5487 823 5538 Non
855 5486 963 5536 fero
992 5485 1191 5538 doloris
1217 5487 1462 5552 reliquias
1484 5526 1498 5551 ,
1531 5502 1633 5538 non
1671 5485 1783 5539 fero

215 5572 474 5629 gemitum
494 5598 510 5623 ,
552 5572 655 5609 nan
702 5554 812 5607 fero
842 5556 1119 5620 voluptatis
1151 5565 1252 5607 tua:
1292 5564 1628 5623 conspectum
1652 5596 1665 5619 ,
1695 5569 1784 5607 co-

288 5714 624 5821 lwgt_al.'tt.ius,
667 5712 898 5772 quomodo
942 5710 1258 5759 oblectabatur
1291 5710 1476 5760 animus
1509 5709 1785 5773 angelorum

288 5788 297 5819 :
381 5788 429 5821 ta
456 5806 469 5821 .

219 5787 374 5823 οωωυ
381 5788 429 5823 ια
456 5787 469 5824 o‘

1422 403 1485 458 IN
1521 403 1815 459 GENESIM
1851 402 2080 460 SERMO
2119 402 2203 457 111.

3351 428 3465 485 534

1899 532 2010 571 ram
2030 528 2078 571 te
2104 517 2434 588 constitutus.
2457 518 2747 572 Extraneus
2765 517 2854 573 tibi
2884 518 3250 588 domicilioque
3272 526 3362 573 tuo
3386 523 3463 575 fa-

1897 596 2013 658 ctus
2043 601 2157 640 sum
2182 629 2194 648 ,
2226 587 2530 656 alienasque
2558 605 2585 641 a
2616 591 2828 656 perenni
2859 605 2955 642 usu
2998 590 3068 643 tui
3092 631 3103 649 .
3138 587 3344 658 propria
3372 604 3461 642 vo-

1898 655 2097 709 luntate
2125 672 2209 710 tne
2237 655 2465 710 alienum
2494 673 2521 710 a
2555 655 2661 711 Deo
2700 659 2966 713 constitui.
3013 655 3460 713 Alienus—dehinc

1897 740 1991 795 ero
2032 740 2060 778 a
2103 734 2191 778 ttto
2226 736 2508 792 conspectu
2557 738 2609 780 et
2647 730 3109 795 contemplatione.
3165 729 3275 781 Non
3326 729 3460 784 ultra

1898 793 2041 847 fruar
2064 796 2327 866 voluptate
2353 806 2471 858 tua;
2501 812 2601 849 non
2632 797 2763 850 ultra
2790 793 3111 852 beatitudine
3138 806 3222 850 tua
3253 800 3456 866 potiar;

1896 879 2001 917 non
2034 863 2167 917 ttltra
2199 864 2339 917 fruar
2363 876 2575 931 aSpectu
2606 876 2693 918 tuo
2719 882 2732 927 ;
2766 883 2866 919 non
2904 870 3036 919 ultra
3075 866 3234 921 radiis
3256 863 3363 921 tuis
3392 868 3456 920 il-

1897 932 2194 993 lustrabor;
2228 947 2330 986 non
2361 935 2493 986 ultra
2523 937 2572 986 in
2608 945 2657 989 te
2688 935 2949 990 habitabo.
2981 936 3164 989 Omnia
3196 936 3321 990 mihi
3355 935 3461 989 fru-

1896 1010 2002 1055 stra
2048 1016 2288 1065 cessere;
2330 1004 2504 1056 omnia
2552 1015 2607 1055 ιιι
2649 1006 2830 1057 umbra
2874 1008 3236 1066 transierunt,
3283 1008 3459 1060 omnia

1896 1072 2042 1125 velut
2079 1074 2340 1125 somnium
2371 1074 2768 1139 pratterieruut,
2809 1077 2983 1127 omnia
3028 1076 3094 1127 ab
3122 1075 3286 1127 oculis
3326 1074 3457 1128 meis

1894 1141 2449 1213 abscesserunt,_quasi
2474 1158 2754 1210 numquam
2777 1146 3117 1197 exstitissent.
3151 1144 3280 1197 Num
3309 1154 3459 1213 potes

1894 1210 2051 1263 etiam
2082 1219 2134 1262 ιιι
2172 1210 2423 1331 Olpificem
2466 1226 2650 1278 rogare
2674 1252 2688 1272 ,
2733 1221 2789 1265 ιιι
2827 1228 2893 1267 ne
2932 1214 2997 1266 ab
3038 1210 3333 1267 habitacqu
3368 1223 3458 1267 tuo

1895 1278 2180 1331 dctrudar?
2254 1281 2388 1331 lecte
2413 1280 2628 1331 arbores
2657 1290 2794 1331 tuas-
2820 1293 2873 1331 et
2901 1284 3184 1331 nrocnmbe
3212 1292 3331 1331 ante
3355 1283 3457 1331 mi-

1895 1278 2180 1332 dctrudar?
2212 1278 2388 1351 Flecte
2413 1280 2635 1351 arbores
2657 1290 2794 1346 tuas,
2820 1293 2873 1337 et
2901 1284 3184 1351 procumbo
3212 1292 3331 1335 ante
3355 1283 3457 1335 mi-

1894 1357 2180 1401 seratorcm
2216 1350 2383 1411 illum,
2417 1350 2587 1402 sonitu
2617 1350 2855 1404 foliorum
2887 1362 3090 1405 tuorum
3120 1352 3324 1404 fortiter
3350 1352 3457 1405 cla-

1896 1432 2000 1488 ma.
2034 1417 2389 1471 Felicissimus
2420 1418 2583 1471 factus
2606 1436 2663 1473 es
2689 1420 2835 1488 jussu
2867 1421 3091 1487 Domini,
3124 1435 3185 1474 ac
3214 1420 3455 1474 fiduciam

1895 1485 2059 1559 habes
2081 1526 2094 1545 .
2120 1495 2299 1555 utpote
2325 1489 2510 1541 domus
2542 1489 2630 1542 Dei
2661 1485 2844 1544 nostri.
2878 1485 3246 1559 Attollequasi
3275 1491 3457 1544 oculos

1895 1555 2158 1609 fructuum
2189 1566 2397 1627 tuorum
2423 1558 2650 1625 speciem
2689 1568 2741 1612 et
2778 1560 2923 1627 quasi
2949 1575 3007 1613 os
3034 1555 3286 1627 eloquens
3314 1561 3459 1626 plan-

1895 1632 2066 1695 tarum
2101 1635 2305 1679 tuarum
2335 1626 2570 1684 odorem.
2601 1637 2655 1681 ιιι
2676 1626 2888 1695 apertus
2919 1626 3350 1683 maneas’atnanti
3384 1638 3452 1683 te.

1898 1694 2033 1766 Ecce
2072 1695 2177 1760 jam
2217 1709 2278 1766 os
2306 1710 2478 1766 meum
2510 1694 2781 1766 clamando
2807 1698 3141 1766 defatigatum
3179 1709 3295 1760 est;
3330 1711 3455 1752 ecce

1895 1762 2067 1830 lingua
2092 1779 2204 1817 mea
2229 1765 2474 1831 loquendi
2505 1766 2657 1818 linem
2687 1765 2842 1829 fecit;
2877 1762 3000 1822 ecce
3026 1768 3197 1820 fauces
3225 1782 3353 1820 mete
3381 1767 3456 1820 si-

1896 1832 2055 1885 lentio
2085 1833 2416 1903 colligantur.
2451 1832 2519 1889 Ut
2548 1836 2689 1903 pravi
2720 1838 2922 1890 consilii
2948 1837 3245 1898 damnatus,
3280 1848 3333 1887 ut
3361 1836 3459 1889 mi—

1893 1916 1981 1957 ser
2001 1900 2244 1965 nudatus,
2274 1912 2331 1955 ut
2352 1900 2763 1971 impius'ejectus
2789 1920 2925 1970 sum,
2952 1914 3009 1959 ut
3034 1918 3271 1960 terrenus
3302 1914 3456 1959 terra:

1893 1985 2009 2024 sum
2038 1972 2257 2041 traditus
2281 2013 2296 2035 ,
2327 1988 2390 2025 ex
2417 1988 2516 2040 qua
2548 1974 2683 2026 exivi
2710 1990 2723 2036 ;
2757 1974 2807 2026 in
2835 1990 2949 2027 eam
2978 1989 3040 2028 ex
3071 1989 3171 2041 qua
3199 1972 3456 2028 formatus

1893 2055 2010 2111 sum
2038 2040 2217 2111 redeo,
2246 2056 2343 2093 nec
2364 2042 2499 2111 ultra,
2519 2044 2847 2110 contemplor
2867 2043 3072 2098 decoris
3094 2040 3169 2095 tui
3202 2044 3453 2111 speciem.

1897 2109 2097 2181 Deinde
2126 2124 2414 2181 conversus
2443 2110 2506 2162 ad
2539 2112 2809 2181 mulierem
2834 2154 2847 2176 ,
2882 2113 3086 2181 probris
3112 2123 3188 2165 est
3220 2109 3372 2171 usus.
3401 2122 3457 2166 et

1893 2178 1945 2232 in
1974 2179 2321 2234 amaritudine
2347 2181 2535 2232 animm
2555 2180 2715 2233 dixit':
2736 2182 2840 2235 Cur
2859 2178 2982 2235 mihi
3007 2183 3451 2235 immortalitatem

1893 2247 2200 2313 decerpsisti
2230 2288 2246 2313 ,
2286 2250 2518 2303 mulier?
2556 2264 2649 2304 cur
2673 2253 2908 2304 omnium
2937 2252 3206 2305 dominum
3238 2250 3453 2304 effecisti

1893 2317 2234 2372 mendicum?
2262 2334 2358 2373 cur
2379 2334 2553 2387 regem
2582 2320 2761 2374 mundi
2787 2336 2993 2374 servum
3021 2320 3340 2374 exhibuisti?
3361 2334 3457 2372 cur

1893 2386 2076 2440 oculos
2117 2402 2263 2440 meos
2300 2386 2498 2441 lumine
2535 2387 2767 2442 fruentes
2793 2390 3103 2443 exctecasti?
3129 2405 3222 2443 cur
3251 2404 3332 2442 me
3363 2403 3453 2441 ve-

1893 2456 2018 2510 stitu
2049 2457 2235 2511 exuisti
2261 2497 2275 2516 .
2307 2473 2460 2525 quem
2504 2472 2606 2510 non
2640 2458 2926 2512 texueras?
2972 2473 3065 2511 cur
3109 2458 3293 2511 honori
3335 2470 3454 2509 meo

1895 2525 2156 2580 invidisti?
2177 2541 2270 2580 cur
2292 2527 2631 2595 archetypum
2654 2527 2895 2581 decorem
2926 2542 3099 2581 meum
3125 2525 3457 2581 obscurasti?

1893 2608 1989 2647 cur
2015 2596 2131 2649 vita:
2154 2595 2364 2649 nomine
2385 2597 2594 2652 donata.
2619 2610 2760 2650 mors
2786 2597 2909 2650 mihi
2938 2597 3110 2650 ftiiSli?
3136 2610 3229 2649 cur
3252 2609 3334 2649 me
3362 2611 3455 2647 an-

1893 2664 2259 2731 gelisalienum
2279 2664 2471 2719 faciens
2485 2680 2606 2719 cum
2622 2665 2946 2720 daemonibus
2960 2667 3190 2719 habitare
3208 2663 3457 2731 coegisti?

1893 2748 1987 2805 cur
2008 2749 2091 2788 me
2108 2748 2268 2802 regno
2285 2737 2537 2802 privatum
2553 2736 2612 2805 in
2635 2750 2893 2789 summam
2922 2743 3292 2805 paupertatem
3329 2734 3452 2789 red-

1893 2804 2069 2924 egisti?
2092 2818 2185 2856 cur
2205 2818 2357 2856 aures
2379 2819 2521 2857 meas
2544 2804 2843 2873 frequenter
2860 2804 2947 2860 Dei
2979 2820 3159 2859 vocem
3184 2804 3457 2860 audientes

1893 2886 1925 2922 0
1967 2874 2150 2924 turasti
2173 2913 2186 2924 .
2214 2875 2346 2924 sicut
2372 2874 2511 2924 asnis
2540 2876 2717 2924 surda.
2748 2890 2865 2924 ante
2896 2891 2998 2924 non
3028 2874 3266 2924 exaudiet
3295 2889 3456 2924 voces

1893 2874 2150 2926 obturasti
2173 2913 2186 2931 ,
2214 2875 2346 2925 sicut
2372 2874 2511 2938 aspis
2540 2876 2717 2937 surda,
2748 2890 2865 2938 quae
2896 2891 2998 2929 non
3028 2874 3266 2929 exaudiet
3295 2889 3456 2928 voces

1894 2941 2203 2994 incantantis
2224 2940 2388 3063 lPsal.
2409 2944 2493 2996 57.
2515 2942 2607 3011 5)?
2629 2943 2738 2996 Non
2758 2940 3310 3012 feroincrepationcm,
3333 2954 3455 2997 ante

1894 3011 2134 3063 conulatn
2166 3026 2223 3062 so
2252 3011 2479 3063 utionem
2509 3014 2755 3063 requiro:
2790 3023 3066 3063 auteuuam
3099 3012 3450 3063 habitaculum

1892 3011 2134 3075 copulam
2166 3011 2479 3064 solutionem
2509 3014 2755 3081 requiro;
2790 3011 3066 3082 antequam
3099 3012 3450 3067 habitaculum

1894 3089 2141 3150 statuam,
2175 3092 2437 3133 secessum
2466 3082 2721 3144 meditor;
2751 3093 2873 3135 ante
2900 3083 3140 3150 copulam
3165 3082 3453 3147 separatio-

1892 3161 2010 3218 nem
2040 3148 2254 3211 molior;
2283 3159 2403 3203 ante
2429 3150 2849 3218 conjunctionem
2874 3148 2980 3204 abs‘
2994 3161 3043 3205 te
3070 3151 3338 3204 discedere
3365 3165 3449 3203 me

1894 3216 2069 3286 pudet.
2114 3217 2350 3272 Abscede
2395 3234 2424 3271 a
2468 3216 2589 3283 me,
2633 3222 2840 3275 mulier.
2882 3220 3221 3284 Qttandonam
3255 3229 3447 3272 terram

1891 3286 2185 3353 operabor?
2211 3287 2418 3358 quando
2449 3289 2668 3358 tribulos
2705 3290 2963 3344 evellam?
2988 3292 3315 3358 quandonatn
3342 3286 3449 3339 fru-

1891 3365 2123 3427 mentum
2141 3366 2343 3410 mature
2360 3356 2619 3411 demetam
2642 3356 3014 3427 ?quandonatn
3028 3358 3116 3427 illo
3147 3360 3196 3410 in
3230 3357 3446 3427 farinam

1892 3424 2107 3495 reducm
2130 3464 2144 3487 ,
2175 3438 2361 3491 panem
2397 3427 2657 3493 cuquam?
2682 3424 3013 3495 quandonam
3050 3426 3163 3480 sine
3199 3426 3339 3479 curis
3363 3438 3446 3478 se-

1886 3492 2021 3565 dens
2042 3492 2185 3565 illum
2208 3492 2513 3565 comedam?
2530 3492 2860 3565 quandonani
2879 3498 2993 3551 sine
3008 3496 3189 3549 dolore
3203 3509 3443 3565 somnum

1888 3562 2135 3629 capiam?
2172 3563 2503 3628 quandonam
2534 3562 2598 3619 ex
2642 3564 2778 3620 foliis
2806 3566 2934 3621 ﬁcus
2960 3566 3183 3620 vestiat?
3211 3564 3447 3632 quando-

1890 3646 2009 3702 nam
2038 3632 2435 3702 turpitudinem
2474 3635 2649 3689 carnis
2690 3651 2819 3689 mea:
2856 3633 3085 3689 velabo?
3116 3636 3445 3702 quandonam

1887 3700 2078 3772 calceis
2110 3702 2266 3772 pelles
2293 3701 2537 3770 obtegam
2559 3744 2574 3768 ,
2618 3712 2671 3756 ut
2700 3719 2766 3757 ne
2794 3719 2993 3772 pungar
3025 3700 3447 3772 spin‘ardivinitns

1890 3770 2173 3839 pullulante
2194 3769 2216 3822 ?
2236 3769 2564 3837 quandonam
2590 3772 2760 3825 velum
2783 3769 3061 3836 consitam,
3074 3780 3130 3825 ιιι
3148 3771 3443 3839 abstetgam

1888 3838 2135 3908 sudorem
2158 3877 2172 3899 ,
2209 3854 2363 3908 quem
2395 3841 2519 3892 mihi
2546 3881 2561 3903 ,
2604 3842 2808 3904 mulier,
2837 3856 2899 3895 ex
2933 3840 3225 3908 insipientia
3258 3838 3444 3907 procu-

1888 3906 2148 3977 rastil'l‘u
2177 3908 2289 3961 sine
2316 3907 2496 3962 labore
2516 3908 2710 3977 degens
2734 3906 3083 3962 ealamitatein
3113 3924 3214 3961 non
3245 3906 3449 3975 perspi-

1887 3976 1963 4046 cis
1986 3992 1998 4027 :
2019 3976 2103 4046 ubi
2136 3990 2260 4029 vero
2289 3976 2534 4031 infantem
2564 3976 2751 4046 paries,
2782 3988 2903 4031 tunc
2930 3978 3199 4031 sententiae
3227 3978 3442 4030 damna-

1887 4044 1962 4096 tio
1997 4043 2087 4097 tibi
2113 4046 2394 4099 exorietur.
2427 4043 2768 4115 Cum'proles
2802 4062 2864 4101 ex
2908 4056 3057 4100 utero
3085 4056 3174 4100 tuo
3201 4046 3441 4115 egredie-

1888 4120 1991 4176 tur,
2009 4123 2130 4167 tunc
2149 4115 2427 4168 verborum
2452 4113 2683 4169 meorum
2703 4116 3093 4177 recordaberis;
3113 4113 3443 4168 eutn'dolore

1887 4182 2223 4252 cruciaberis,
2249 4194 2369 4237 tunc
2394 4186 2665 4238 sententia:
2692 4186 2809 4239 lata:
2835 4195 3039 4252 tempus
3064 4185 3294 4252 orietur;
3323 4198 3440 4238 cum

1890 4260 1943 4322 te
1972 4250 2185 4322 dolores
2215 4262 2391 4322 partus
2419 4253 2830 4322 apprehendent,
2861 4250 2983 4307 tunc
3008 4253 3097 4307 Dei
3126 4251 3293 4307 maled
3316 4254 3447 4322 ctio-

1888 4320 1971 4371 nis
2006 4320 2385 4374 recordaberis.
2425 4320 2515 4376 His
2543 4333 2595 4376 et
2637 4324 2893 4377 similibus
2923 4338 3140 4375 uxorem
3172 4322 3221 4373 in
3253 4321 3445 4373 amari-

1888 4387 2081 4460 tudine
2106 4389 2294 4442 animte
2334 4390 2497 4444 Adam
2529 4392 2894 4460 alloquebatur
2924 4408 2936 4443 :
2969 4390 3248 4460 bisverbis
3281 4389 3439 4460 Evam

1887 4458 2118 4523 quotidie
2148 4460 2426 4526 increpans
2461 4460 2597 4514 nulla
2640 4458 2853 4513 mixtam
2892 4458 3250 4513 consolatione
3279 4459 3444 4511 canti-

1888 4528 2059 4606 lenam
2087 4529 2283 4606 tragice
2312 4530 2710 4606 eniittebal_;_in
2758 4528 3051 4606 hujusmpdi
3089 4541 3438 4606 terunmarnm

1888 4598 2069 4664 pelago
2108 4596 2308 4663 primus
2345 4596 2502 4649 homo
2540 4598 2789 4649 divinitus
2832 4598 3118 4651 itnmissam
3161 4597 3288 4648 iram
3321 4609 3441 4649 cum

1886 4664 2050 4717 multo
2078 4664 2256 4718 labore
2281 4666 2593 4731 excipiebat.
2629 4666 2877 4731 Audistis,
2907 4680 2939 4718 ο
2967 4666 3055 4718 filii
3083 4704 3096 4727 ,
3125 4664 3309 4718 Adami
3339 4664 3417 4716 for

1886 4733 2201 4803 mationem:
2232 4733 2399 4787 nostis
2419 4733 2722 4802 dignitatem
2753 4736 2848 4803 ipsi
2878 4734 3119 4788 collatam
3144 4750 3156 4795 ;
3186 4733 3441 4803 didieiStis

1886 4802 2023 4854 dona
2049 4816 2078 4854 a
2111 4804 2215 4855 Deo
2244 4802 2339 4869 ipsi
2372 4805 2558 4856 Collata
2584 4821 2597 4865 ;
2628 4802 2833 4857 vidistis
2869 4803 2982 4870 ejus
3010 4802 3441 4865 transgressionis

1886 4871 2086 4923 exitum
2108 4886 2120 4933 ;
2145 4871 2257 4938 ejus
2281 4885 2380 4924 non
2400 4872 2772 4925 consolabilem
2796 4872 3100 4939 tragoediam
3122 4870 3436 4926 dellevistis;

1886 4940 2086 5008 vidistis
2109 4955 2226 4993 eum
2246 4956 2274 4993 c
2295 4940 2507 5008 regione
2531 4941 2756 5008 paradisi
2784 4950 3023 4993 incestum
3043 4953 3103 4991 ac
3126 4939 3406 5008 demissum
3422 4976 3435 4989 .

1886 5007 2141 5061 Finetnne
2170 5007 2373 5060 orandi
2392 5007 2641 5062 faciemus
2661 5050 2675 5073 ,
2713 5022 2779 5060 an
2812 5009 3139 5060 narrabimus
3166 5007 3440 5059 odiosissi-

1886 5092 2025 5128 matn
2071 5077 2210 5128 illam
2252 5076 2595 5129 hereditatem
2618 5118 2633 5141 ,
2676 5092 2832 5143 quam
2865 5078 2968 5128 Eva
3005 5076 3194 5129 futuris
3232 5075 3439 5142 reliquit

1887 5145 2349 5212 generationibus?
2374 5144 2598 5198 Necesse
2623 5154 2704 5197 est
2730 5159 2974 5198 sermone
2998 5146 3131 5197 ultra
3158 5143 3397 5212 progredri
3421 5182 3434 5203 ,

1889 5211 1944 5265 ut
1970 5214 2210 5266 omnibus
2232 5227 2535 5266 enarremus
2562 5212 2703 5265 illam
2734 5213 3112 5266 maledictionis
3140 5214 3339 5280 plagam
3362 5211 3441 5263 di-

1889 5284 2083 5334 vinitus
2114 5282 2396 5350 immissam
2423 5300 2434 5333 :
2467 5282 2728 5350 quomodo
2766 5283 2915 5334 nobis
2944 5283 3209 5335 damnatio
3232 5283 3438 5350 conspi.

1888 5364 1983 5404 cua
2020 5349 2284 5412 evaserit,
2331 5348 2690 5416 terminosque
2732 5364 2854 5403 suos
2896 5366 3058 5418 usque
3100 5352 3148 5401 in
3189 5348 3433 5418 saeculum

1888 5426 2167 5487 conservet
2187 5458 2199 5479 ,
2228 5428 2281 5470 et
2305 5433 2457 5485 quam
2486 5420 2655 5471 veraci
2680 5434 2772 5472 ore
2802 5420 2935 5473 Deus
2962 5417 3235 5487 protulerit
3262 5417 3385 5468 illud
3420 5432 3434 5467 :

1890 5486 2233 5554 Multiplicam
2259 5487 2592 5554 multiplicabo
2617 5488 2810 5540 dolores
2838 5498 2944 5539 tuos
2968 5486 3015 5540 iet
3045 5487 3274 5555 gemitum
3297 5494 3434 5537 tuum

1890 5554 2252 5625 (6912.73.16)
2282 5572 2294 5606 :
2324 5556 2473 5625 cujus
2496 5556 2618 5608 dicti
2648 5558 2941 5625 lirmitatem
2977 5554 3055 5608 bis
3079 5555 3435 5625 generationi-

1892 5622 1988 5676 bus
2034 5622 2281 5677 declarat.
2324 5622 2767 5688 Quemadmodum
2808 5628 2943 5675 enim
2990 5624 3170 5675 matris
3215 5622 3435 5675 formam

1889 5693 1992 5743 lilia
2024 5692 2197 5757 refert,
2225 5692 2333 5745 sive
2362 5707 2454 5760 per
2481 5695 2678 5754 oculos,
2706 5693 2815 5744 sive
2847 5707 2936 5758 per
2966 5692 3169 5753 faciem,
3201 5691 3309 5760 sive
3341 5704 3432 5760 per

1888 5770 2139 5812 staturam
2172 5778 2183 5810 :
2219 5762 2285 5813 ita
2313 5758 2375 5814 et
2401 5777 2535 5815 nunc
2566 5775 2728 5829 usque
2769 5762 2815 5812 in
2849 5761 3094 5811 saeculum
3126 5758 3433 5817 universalia
