4104 6322
688 376 802 433 535
2196 359 2455 417 SPUIliA.

686 469 773 525 tlla
801 469 1072 524 damnatio
1099 471 1354 540 procedit,
1384 479 1438 524 et
1464 484 1710 524 mensura
1739 469 1853 538 ejus
1880 483 2046 538 usque
2077 469 2127 522 in
2155 485 2254 524 sa:-

686 540 862 594 cnlum
891 556 993 594 non
1022 541 1460 598 commovebitur.

3819 387 3936 444 536

2366 471 2508 524 sinit.
2543 471 2597 526 Si
2626 471 2694 525 sit
2724 473 2895 542 inops,
2926 491 2986 527 ex
3020 475 3136 528 loco
3169 475 3217 526 in
3247 474 3440 540 locum,
3472 490 3533 530 ex
3568 475 3731 531 domo
3757 480 3808 531 in
3841 493 3933 533 uo-

2364 555 2506 615 mum
2530 543 2842 615 pervadens
2862 586 2876 607 ,
2924 547 3041 598 lites
3085 546 3280 597 excitat
3307 554 3358 598 et
3383 546 3550 614 jurgia
3575 586 3590 609 ,
3641 551 3935 615 turbasque

754 610 810 664 4.
865 611 1056 665 Verum
1109 620 1289 678 aperta
1337 619 1513 663 mente
1555 608 1620 663 ad
1671 609 1986 662 narrationis
2034 622 2254 678 examen

685 680 952 744 accedite,
997 688 1051 733 et
1091 677 1269 733 animo
1311 679 1570 747 perceptis
1609 679 1846 732 veritatis
1885 679 2138 747 eloquiis,
2173 677 2253 732 bis

687 749 890 814 placide
918 765 1073 803 aures
1117 751 1378 803 adhibete.
1431 748 1544 802 Non
1575 750 1716 804 enim
1744 749 1811 802 de
1841 748 2253 816 temperantibus

685 825 738 871 et
765 817 898 886 frugi
927 820 1235 873 mulieribus
1275 819 1415 872 verbi
1461 819 1725 871 tlteatrum
1757 834 1943 886 purutn
1975 817 2252 872 exhibebi-

689 902 802 939 mus
823 929 837 952 ,
869 889 960 941 ted
991 889 1056 942 de
1099 888 1352 956 improbis
1375 929 1390 951 ,
1436 889 1644 940 lascivis
1674 897 1726 942 et
1757 887 1986 954 profanis
2012 901 2249 955 agemus.

685 957 852 1022 Quem
898 972 1077 1011 earum
1131 957 1369 1011 ordinem
1418 959 1586 1010 oratio
1631 956 2025 1025 prosequetur?
2078 957 2250 1025 Virgi-

687 1041 900 1088 numne,
929 1039 1044 1094 qua:
1072 1028 1213 1082 viros
1252 1042 1354 1080 non
1392 1037 1516 1080 sunt
1543 1026 1808 1094 experta}?
1828 1042 1894 1080 au
1923 1041 2102 1080 earum
2134 1041 2252 1094 qute

689 1096 741 1148 in
789 1097 1006 1164 nuptiali
1053 1107 1168 1150 toro
1217 1097 1395 1151 liberis
1424 1111 1638 1163 operam
1666 1097 1853 1149 dantes
1893 1105 2088 1149 matres
2129 1104 2252 1148 sunt

686 1165 923 1218 effectze?
947 1181 1014 1218 an
1042 1181 1222 1220 earum
1244 1208 1258 1229 ,
1293 1182 1411 1234 qua:
1443 1167 1494 1217 in
1525 1166 1778 1219 viduitate
1807 1164 2021 1222 relicta}.
2059 1165 2147 1218 Dei
2185 1165 2250 1217 ti-

686 1250 834 1289 more
865 1250 968 1286 non
999 1246 1120 1288 sunt
1152 1235 1390 1289 ornatze?
1433 1235 1624 1288 Verum
1675 1250 1852 1304 opera:
1897 1235 2139 1304 pretium
2169 1244 2250 1304 est

687 1308 830 1371 prius
859 1305 925 1359 de
956 1306 1121 1373 prima
1147 1313 1304 1358 :etate
1331 1304 1613 1366 disserere,
1642 1314 1696 1358 et
1714 1303 1785 1357 ad
1812 1313 2032 1358 eteteros
2062 1303 2250 1357 deinde

683 1374 878 1441 gradus
922 1374 1261 1439 pertransire.
1308 1373 1966 1442 Agedum,juveneularum
2011 1375 2248 1425 ordinem

686 1445 738 1495 in
769 1442 1000 1496 medium
1027 1444 1395 1510 producamus,
1423 1458 1542 1510 qua:
1567 1444 1796 1511 virgines
1825 1457 1944 1496 esse
1973 1443 2246 1508 videntur,

684 1522 735 1563 et
763 1512 828 1564 de
854 1514 1092 1565 castitate
1117 1528 1209 1566 sua
1239 1514 1529 1581 gloriantur
1549 1553 1563 1575 ,
1594 1513 1765 1620 deque
1809 1514 1872 1565 iis
1899 1513 2055 1565 verba
2089 1511 2248 1565 facia-

687 1597 815 1620 tntae,
853 1581 984 1620 ﬂnill
1029 1597 1208 1620 nanum
1252 1596 1662 1620 onmmmnnrnrn
1730 1583 1970 1620 Ilaltilmn
2032 1595 2207 1620 mni-nc

687 1597 820 1634 mus.
853 1581 986 1647 Quid
1029 1597 1208 1635 earum
1252 1581 1700 1636 commemorem?
1729 1583 2002 1646 llabitum,
2032 1595 2208 1634 mores
2233 1622 2245 1638 .

684 1651 973 1730 solertiam,
993 1652 1255 1730 quomodo
1279 1653 1494 1730 juvenes
1511 1651 1780 1730 illecebris
1791 1653 1900 1704 suis
1915 1653 2127 1730 capiant.
2146 1651 2218 1730 (ιι)
2231 1693 2243 1714 ,

686 1719 736 1772 in
762 1734 942 1772 eorum
969 1735 1110 1789 saepe
1133 1721 1373 1776 cubicula
1415 1735 1473 1774 sc
1510 1721 1824 1788 ingerentes.
1866 1731 1916 1772 et
1958 1736 2019 1774 ex
2062 1721 2166 1773 alio
2197 1719 2248 1771 in

683 1789 842 1842 alium
883 1789 1054 1843 locum
1098 1790 1493 1854 discurrentes,
1540 1791 1745 1843 incessu
1791 1793 2065 1858 strepitum
2091 1830 2103 1847 .
2138 1791 2245 1842 risu

687 1859 962 1912 tumultum
988 1860 1238 1922 edentes,
1267 1863 1448 1929 sicque
1473 1863 1526 1912 in
1554 1860 1758 1913 illorum
1784 1875 1941 1912 aures
1970 1874 2088 1912 Sese
2119 1859 2214 1912 insi

686 1938 884 1989 nuant,
922 1939 1079 1998 atque
1113 1945 1174 1982 ex
1206 1931 1434 1984 fenestra
1476 1931 1528 1982 in
1578 1929 1859 1982 fenestram
1902 1929 2246 1998 procedentes

686 2012 974 2066 manusque
1001 2000 1360 2066 cxpaudentes
1383 2041 1397 2064 ,
1431 2014 1599 2066 usque
1625 2001 1690 2051 ad
1723 2007 1903 2063 peetus
1930 1999 2046 2052 illas
2072 1999 2242 2065 impu-

683 2064 873 2120 denter
919 2064 1266 2134 protendunt;
1317 2064 1567 2122 satan‘u-is
1617 2068 1830 2122 nutibus
1877 2083 1974 2122 ceu
2018 2064 2244 2122 telis’la-

683 2137 943 2188 scivornm
990 2139 1173 2191 Oculos
1218 2139 1480 2206 impetunt
1507 2155 1521 2190 :
1551 2153 1681 2191 auro
1721 2148 1902 2205 pectus
1952 2149 2242 2206 exornant,

682 2205 890 2276 annulis
935 2222 1151 2268 manus,
1197 2223 1353 2261 aures
1380 2208 1650 2261 inauribus
1676 2223 2001 2275 gemmarum
2029 2218 2079 2260 et
2113 2205 2242 2276 hya-

681 2274 1012 2345 ciutborum;
1061 2277 1282 2329 naturali
1326 2279 1496 2330 vultus
1527 2274 1902 2345 pulchritudini
1947 2278 2120 2331 fucum
2146 2274 2242 2328 ad-

681 2344 829 2402 dunt.
858 2358 1044 2397 cerusa
1071 2353 1126 2399 et
1151 2347 1439 2400 vermiculo
1466 2344 1628 2415 genas
1658 2347 1864 2409 Iiniunt,
1895 2357 1949 2400 et
1977 2347 2114 2400 collo
2143 2347 2244 2398 ful-

679 2421 862 2485 gentes
891 2415 1036 2485 velut
1061 2423 1230 2468 statua
1262 2417 1563 2476 inanimata,
1593 2417 1814 2485 singulis
1833 2417 1996 2479 boris,
2026 2415 2242 2483 singulis

679 2481 864 2536 diebus
889 2484 1159 2538 cincinnos
1187 2487 1418 2553 plectunt
1445 2495 1496 2539 et
1523 2481 1774 2552 crispant,
1807 2502 1970 2551 usque
2000 2486 2064 2539 ad
2093 2481 2239 2539 fron-

681 2559 785 2634 tem
816 2553 1016 2618 nitent,
1045 2556 1326 2634 superetlia
1357 2557 1507 2634 nigro
1530 2557 1711 2634 colore
1737 2565 2058 2634 perungunt;
2092 2554 2241 2634 mala}

678 2630 822 2676 certe
845 2625 1240 2678 consuetudinis
1263 2623 1429 2692 opus.
1448 2627 1528 2677 An
1571 2639 1672 2676 non
1701 2623 1922 2688 improbi
1950 2623 2241 2676 istiusmodi

677 2705 854 2759 mores
882 2692 1036 2745 sunt?
1062 2707 1127 2746 an
1157 2709 1261 2748 non
1291 2697 1402 2747 haec
1425 2693 1649 2748 absurda
1689 2707 1847 2759 opera
1874 2701 2018 2754 sunt,
2051 2707 2240 2758 resque

679 2757 925 2814 inutiles?
952 2776 1127 2815 nonne
1155 2774 1278 2830 spes
1307 2778 1486 2818 earum
1534 2757 1753 2818 insana?
1780 2762 2027 2830 Quosque
2067 2757 2238 2829 palam

679 2841 781 2881 non
813 2841 1029 2896 possunt
1059 2832 1331 2898 inescare,
1379 2834 1430 2886 in
1470 2835 1567 2884 bos
1593 2832 1724 2883 clam
1751 2845 1904 2884 arcus
1939 2840 1992 2884 et
2032 2833 2132 2885 tela
2163 2832 2240 2884 in-

677 2898 896 2968 tendunt
911 2916 922 2949 :
938 2901 1378 2968 quemadmodum
1401 2903 1505 2955 Eva
1533 2901 1786 2953 Adamum
1807 2900 1942 2953 clam
1964 2901 2234 2954 inescavit.

679 2966 863 3039 audivi
911 2966 1105 3039 quippe
1156 2985 1338 3024 carum
1389 2971 1577 3023 multas
1618 2984 1712 3038 per
1757 2969 1946 3022 tabulae
1999 2969 2236 3024 foramen

673 3036 952 3104 dispicere,
979 3036 1152 3093 et_eos
1173 3041 1260 3107 qui
1292 3056 1385 3108 per
1410 3036 1909 3108 plateas'ambulant
1936 3041 2234 3103 eXplorare,

675 3119 864 3177 parvos
898 3117 951 3161 et
988 3123 1233 3177 magnos;
1280 3107 1333 3162 ct
1371 3107 1524 3175 hujus
1567 3107 1776 3175 quidem
1817 3108 1950 3160 viain
1981 3108 2197 3162 irridere
2220 3149 2234 3173 ,

674 3173 812 3245 illius
842 3173 1097 3229 staturam
1120 3179 1264 3245 parvi
1292 3173 1486 3241 facere,
1517 3173 1654 3230 illius
1682 3177 1933 3244 capillitio
1960 3177 2040 3229 vel
2073 3178 2235 3234 vesti—

673 3243 747 3318 tui
774 3244 1105 3318 illud‘ere.ac
1121 3243 1250 3318 sese
1270 3247 1457 3300 mimos
1481 3256 1730 3318 prmstare
1752 3243 1858 3302 non
1887 3245 2022 3318 frugi
2047 3252 2236 3304 mulie-

671 3313 847 3376 ribus;
875 3313 990 3368 dies
1017 3317 1178 3390 festos
1216 3313 1612 3390 dominicasque
1658 3316 1710 3372 in
1755 3313 2232 3390 otiortra'nsigere,

672 3397 842 3459 neque
869 3398 899 3436 a
939 3386 1214 3454 torpedine
1243 3401 1491 3459 umquam
1531 3386 1750 3457 surgere
1775 3430 1788 3451 ,
1819 3389 1897 3442 vel
1928 3389 1992 3442 ad
2023 3389 2193 3442 cilnun
2216 3429 2229 3451 ,

672 3453 752 3506 vel
778 3453 847 3524 ad
873 3453 1071 3524 potum,
1101 3460 1182 3513 vel
1206 3459 1272 3512 ad
1302 3453 1543 3514 somnum
1570 3453 1668 3513 sibi
1693 3459 2076 3512 conciliandum
2101 3475 2112 3518 ;
2142 3459 2233 3511 sed

671 3523 1030 3592 quntidianum
1075 3529 1308 3581 laborem
1357 3538 1412 3582 et
1449 3544 1628 3581 curam
1669 3529 1823 3582 unius
1849 3529 1951 3580 diei
1984 3527 2234 3580 limitibus

671 3595 1103 3650 circumscribere
1128 3617 1138 3648 :
1166 3598 1307 3649 nulla
1338 3598 1474 3665 apud
1503 3607 1707 3664 patrem
1737 3606 1791 3649 et
1815 3606 2036 3648 matrem
2082 3611 2233 3649 reve-

673 3667 840 3716 rentia
860 3703 876 3728 ,
909 3666 1054 3719 nullo
1079 3667 1213 3734 apud
1242 3666 1428 3720 fratres
1455 3668 1652 3735 pudore
1675 3707 1690 3731 ,
1722 3666 1861 3717 nulla
1890 3665 2024 3732 apud
2046 3680 2235 3735 servos

673 3740 725 3783 et
747 3735 968 3787 ancillas
994 3733 1306 3789 verecundia
1333 3739 1405 3788 uti
1429 3733 1564 3800 {sed
1591 3736 1832 3788 omnibus
1859 3735 2010 3788 ludos
2034 3733 2229 3796 ficere,

673 3814 720 3852 et
748 3802 812 3855 ad
835 3805 1007 3856 omnia
1033 3807 1147 3858 navi
1177 3806 1418 3859 fluctibus
1441 3807 1649 3872 agitatae
1671 3805 1869 3857 similes
1889 3818 2024 3857 esse.
2050 3803 2234 3872 Respi-

672 3872 776 3924 eite
803 3873 1044 3939 sepulcra
1067 3917 1081 3937 ,
1127 3875 1244 3928 lilia»
1280 3875 1406 3928 Sion
1430 3917 1444 3940 ,
1477 3884 1531 3928 et
1569 3890 1733 3927 sacrze
1778 3874 1989 3941 piscinte
2019 3874 2192 3941 proles
2215 3915 2230 3937 ,

672 3950 726 3992 et
759 3945 1185 4010 contemplamini
1229 3946 1504 4012 imaginem
1541 3945 1678 3996 illam
1699 3985 1712 4007 ,
1741 3959 1896 4011 quam
1927 3945 2227 4007 ex0rnatis,

673 4025 875 4081 necnon
908 4014 1113 4067 inanem
1143 4016 1672 4081 intetnpestivumque
1695 4023 1922 4066 vestrum
1952 4014 2150 4065 cultmn
2179 4024 2233 4066 et

671 4078 930 4143 habitum,
961 4084 1225 4149 quomodo
1241 4078 1416 4136 omnia
1440 4078 1605 4152 pulvis
1626 4084 1749 4146 sint,
1773 4082 2035 4151 quomodo
2057 4084 2229 4136 omnia

672 4161 770 4220 per
781 4159 1002 4202 mortem
1020 4153 1399 4204 amarissimam
1417 4159 1759 4213 marcescant,
1777 4152 2038 4220 quomodo
2056 4153 2230 4204 omnia

670 4217 804 4288 riuis
823 4258 836 4281 ,
866 4221 1130 4286 quomodo
1155 4223 1329 4274 omnia
1358 4221 1546 4274 [αξιοι-ο
1572 4221 1744 4288 plena.
1775 4217 1842 4272 Ᾱι
1869 4236 1934 4274 ne
1960 4221 2083 4272 mihi
2113 4236 2228 4273 mu-

671 4286 856 4358 l_ierutn
882 4296 1056 4358 fetetus
1080 4289 1250 4343 dicam
1281 4291 1533 4358 impingat
1552 4286 1656 4351 {ac
1683 4291 1726 4341 si
1754 4290 1892 4358 ipsas
1910 4289 2226 4358 vituperem.

671 4354 784 4427 lam
808 4357 948 4410 enim
975 4367 1097 4412 ante
1121 4360 1320 4421 monui,
1349 4354 1433 4413 me
1451 4354 1556 4411 non
1576 4357 1642 4412 de
1663 4357 2004 4427 prudentibus
2025 4354 2084 4427 et
2100 4358 2230 4425 frugi

673 4426 980 4494 mulieribus
1021 4428 1176 4480 verba
1211 4429 1406 4493 facere,
1434 4427 1526 4480 sed
1556 4427 1623 4479 de
1654 4424 1847 4494 pravis,
1883 4424 2229 4492 imprudenti-

671 4493 769 4547 bus
808 4503 862 4548 et
897 4497 1126 4550 vesanis.
1171 4497 1300 4550 Nam
1341 4498 1532 4550 multas
1577 4493 1696 4548 novi
1741 4496 1988 4548 mulieres
2035 4503 2228 4562 tempe.

667 4572 931 4634 rantesget
957 4567 1145 4632 probas
1167 4607 1180 4628 ,
1209 4581 1429 4634 quarum
1459 4563 1992 4634 meminitApostolus
2019 4565 2070 4616 in
2097 4565 2232 4618 libro

669 4633 808 4702 vitae.
843 4632 946 4687 Sed
975 4649 1072 4702 age
1100 4632 1322 4688 aliorum
1350 4635 1593 4688 ordinum
1637 4632 1844 4689 turbam
1871 4633 2225 4700 exploremus.

669 4700 798 4772 Tres
826 4700 1028 4771 quippe
1048 4703 1261 4757 ordines
1287 4719 1371 4757 me
1398 4712 1587 4757 vestra:
1625 4703 2026 4772 magnificentia;
2071 4703 2228 4755 exhi-

668 4770 899 4824 biturum
933 4772 1195 4840 pollicitus
1221 4788 1338 4826 sum
1364 4813 1378 4831 ,
1409 4774 1669 4839 virginum
1714 4770 1932 4840 nempe,
1965 4773 2231 4826 connubio

663 4840 1001 4907 jnnctarum,
1046 4851 1100 4895 et
1143 4842 1440 4895 viduarum.
1471 4842 1601 4905 Quia
1628 4857 1756 4895 vero
1790 4842 1897 4909 jam
1943 4840 2009 4894 de
2053 4842 2232 4894 multis

669 4924 830 4980 pauca
863 4912 1001 4964 circa
1032 4912 1260 4980 virgines
1287 4922 1475 4964 vestrae
1503 4909 1706 4980 caritati
1733 4911 1994 4974 recensui,
2029 4911 2135 4977 jam
2165 4912 2230 4964 de

669 4979 977 5050 mulieribus
1017 4996 1134 5050 quae
1160 4981 1227 5034 de
1257 4980 1500 5048 conjugio
1525 4979 1812 5050 gloriantur
1839 4995 2082 5050 agamus;
2113 4995 2231 5048 quze

667 5063 794 5100 sane
821 5049 944 5100 viris
965 5051 1072 5101 suis
1096 5051 1261 5102 instar
1281 5051 1477 5117 aspidis
1497 5058 1638 5100 sunt.
1663 5049 1800 5114 Quot
1820 5049 1958 5101 enim
1983 5049 2231 5102 mulieres

665 5117 770 5169 vidi
798 5134 916 5184 qtue
947 5120 1054 5170 suis
1085 5120 1394 5186 conjugibus
1425 5120 1751 5187 repentinam
1785 5127 2008 5170 mortem
2043 5133 2233 5187 procu-

666 5187 886 5238 raruut?
913 5197 1041 5254 quot
1070 5188 1212 5248 novi,
1235 5204 1350 5255 qua:
1372 5204 1488 5242 eum
1515 5189 1639 5240 viris
1661 5186 1855 5241 inferre
1880 5186 2100 5240 mortem
2126 5203 2228 5240 non

667 5266 903 5325 possent,
935 5272 1026 5310 eos
1048 5272 1143 5325 per
1166 5257 1445 5325 nequitiam
1468 5273 1616 5310 suam
1642 5259 1692 5310 in
1714 5259 1909 5322 gemitu
1932 5268 1983 5310 et
2003 5267 2231 5310 tremore

665 5327 858 5393 degere
883 5335 1098 5393 cogunt,
1132 5341 1300 5393 neque
1329 5336 1526 5378 tantum
1560 5328 1686 5394 ipsis
1717 5326 1934 5378 honoris
1960 5325 2228 5389 exhibent,

665 5405 914 5462 quantum
944 5396 1090 5448 bruta
1115 5396 1394 5448 animalia?
1422 5398 1625 5447 Sane‘si
1651 5398 1712 5449 sit
1737 5397 1905 5458 dives,
1935 5410 2056 5447 suas
2081 5403 2231 5448 nocte

668 5466 858 5532 dieque
879 5465 1087 5532 jactans
1112 5466 1341 5529 divitias,
1371 5465 1646 5533 conjugem
1679 5465 1730 5518 in
1757 5480 1885 5533 pace
1917 5465 2093 5516 vivere
2122 5480 2225 5517 non

725 5618 800 5680 (α)
835 5617 973 5667 stulta
991 5619 1069 5666 hic
1091 5619 1326 5668 adduntur
1352 5617 1628 5680 apudrsavil.
1646 5629 1753 5678 qua:
1777 5618 1824 5664 in
1848 5624 1926 5664 Ms.
1952 5626 2114 5680 nostro
2139 5630 2230 5680 non

662 5677 883 5740 exstant,
908 5692 1115 5740 quaeque
1137 5681 1353 5729 consulto
1375 5677 1631 5738 mittimus,
1656 5691 1718 5726 ne
1742 5685 1812 5726 tot
1828 5690 1978 5740 nugas
2007 5677 2232 5739 ιιιυιιὶιιιι-

660 5754 796 5790 nemo
802 5753 842 5790 ι.

2361 611 2593 680 quosidie
2641 623 2848 675 movet;
2899 630 3000 666 non
3045 615 3238 680 patitur
3280 615 3449 667 virum
3474 611 3651 668 suum
3692 619 3774 670 vel
3808 611 3930 672 enm

2362 679 2535 732 vicino
2565 681 2642 733 vel
2671 697 2789 734 cum
2836 691 2959 735 noto
2989 679 3167 749 pacem
3201 683 3421 746 habere,
3453 685 3544 736 sed
3575 699 3762 739 omnes
3796 704 3928 740 con-

2362 749 2573 802 tumelia
2601 750 2781 812 allicit,
2805 767 2924 805 cum
2958 753 3201 806 omnibus
3228 754 3412 820 litigat,
3443 755 3492 806 in
3519 768 3709 809 omnes
3739 757 3922 818 insilit.

2359 831 2544 896 omnes
2571 823 2878 896 conturbat;
2918 822 2984 896 ad
3026 822 3360 896 tttagistratus
3399 837 3456 875 se
3495 834 3687 890 spoote
3716 828 3929 881 confert

2360 888 2723 958 impudenter,
2767 891 2831 943 ad
2865 888 3141 944 tribunalia
3173 901 3226 943 ut
3259 892 3377 944 laesa
3405 888 3698 958 comparet,
3729 896 3782 947 in
3817 897 3928 949 bal-

2359 957 2471 1028 neis
2500 958 2658 1012 verba
2703 960 3007 1028 profundit,
3059 961 3110 1014 in
3157 962 3395 1014 ecclesiis
3440 957 3699 1028 colloquia
3737 968 3928 1020 miscet

2358 1025 2679 1101 importuna,
2703 1025 2759 1101 et
2784 1029 2895 1084 btec
2923 1030 3088 1101 futilia
3115 1030 3250 1082 fatur
3275 1047 3288 1101 ξ
3315 1030 3426 1099 Ego
3446 1031 3568 1084 vita:
3592 1025 3926 1101 fortunisque

2357 1096 2491 1149 meis
2532 1099 2889 1172 accessionem
2937 1099 3104 1163 facio,
3151 1114 3250 1163 ego
3277 1096 3480 1154 lattntlis
3508 1102 3776 1172 [ιιι-ἀθεοεί
3807 1096 3926 1158 loro

2357 1117 2491 1149 mets
2532 1117 2889 1152 accessmncut
2937 1117 3104 1163 laeto,
3151 1117 3250 1163 ego
3277 1117 3480 1154 Iatntttts
3543 1117 3776 1172 'Paagogt
3808 1117 3925 1158 10εό

2357 1177 2502 1228 sum,
2545 1182 2661 1241 quae
2705 1167 2769 1220 ad
2812 1117 3696 1241 victumuspectantcuro:ﬂustra
3725 1175 3925 1241 coujttx

2356 1247 2505 1308 mens
2528 1237 2722 1308 primas
2745 1248 2907 1303 tenet,
2936 1237 3136 1291 nullum
3160 1239 3245 1291 ille
3266 1241 3530 1308 negotium
3551 1252 3728 1306 curat;
3752 1237 3928 1298 nescit

2359 1304 2482 1370 quid
2512 1304 2652 1378 domi
2683 1321 2860 1374 agam;
2893 1325 3053 1360 nnutn
3087 1310 3231 1360 novit
3258 1304 3465 1375 panem,
3492 1327 3646 1378 quem
3675 1304 3925 1368 emensa

2354 1375 2619 1447 comedit;
2649 1390 2715 1447 ne
2743 1378 2920 1430 viuum
2947 1378 3154 1446 quidem
3180 1380 3340 1437 novit,
3369 1375 3716 1447 quodvebibit.
3739 1383 3785 1436 0
3809 1400 3923 1436 ma-

2355 1441 2597 1519 nifestam
2622 1441 3023 1519 impudentiam
3053 1452 3066 1499 ε
3103 1449 3242 1519 .Iure
3273 1441 3463 1502 clamat
3504 1452 3756 1519 sapientia
3793 1477 3803 1503 ς
3843 1454 3928 1506 Nc

2353 1513 2582 1591 attendas
2616 1513 2854 1591 improba:
2889 1519 3083 1591 mulieri
3106 1533 3124 1570 :
3144 1517 3243 1591 mel
3278 1519 3408 1570 enim
3445 1513 3651 1591 proﬂuit
3680 1538 3741 1573 ea:
3770 1523 3922 1576 labiis

2353 1584 2481 1656 ejus,
2509 1584 2735 1656 quadrad
2764 1595 2955 1652 tempus
2985 1588 3132 1638 dulce
3153 1589 3242 1639 erit
3263 1589 3454 1656 gutturi
3473 1598 3579 1650 tua,
3605 1601 3775 1652 postea
3799 1607 3922 1646 vero

2352 1651 2470 1772 galle
2497 1655 2719 1706 amarius
2745 1651 2977 1724 reperies,
3011 1667 3056 1708 et
3083 1651 3283 1709 acutiui
3302 1659 3473 1726 gladio
3500 1651 3706 1724 ancipiti
3725 1660 3916 1727 (Prata.

2375 1719 2404 1768 ’.
2434 1717 2486 1772 2.
2516 1721 2588 1772 4).
2616 1723 2763 1772 Uttod
2803 1726 2845 1772 si
2889 1725 3054 1772 literis
3087 1724 3284 1772 imbuta
3334 1725 3520 1772 fuerit-
3572 1728 3673 1772 iam
3709 1731 3916 1772 ilnnlp:

2375 1719 2404 1770 ἰ.
2434 1717 2486 1796 2,
2508 1721 2588 1796 ft).
2616 1723 2763 1796 Quod
2799 1717 2845 1796 si
2889 1717 3054 1796 literis
3087 1724 3284 1778 imbuta
3302 1717 3521 1787 'fuerit,
3565 1717 3673 1794 jam
3709 1717 3918 1796 duplex

2353 1791 2518 1864 morbi
2545 1801 2595 1844 et
2626 1793 2971 1860 improbitatis
2996 1806 3163 1863 genus
3200 1806 3299 1848 est.
3347 1797 3476 1849 Nam
3504 1791 3627 1864 quot
3654 1791 3917 1854 mulieres

2352 1872 2451 1930 per
2480 1860 2658 1914 literas
2701 1864 2839 1916 viros
2865 1860 3348 1924 suos'occidcrnnt.
3376 1866 3500 1918 dum
3521 1860 3757 1928 'arcaua,
3791 1886 3922 1930 utut:

2349 1928 2506 1980 atnbo
2536 1931 2634 1982 soli
2680 1944 2962 1994 noverant,
3014 1949 3107 2001 per
3149 1935 3398 2002 epistolas
3440 1935 3552 2002 ejus
3583 1936 3632 1989 in
3663 1928 3915 1991 notitiam

2351 2009 2627 2070 venerunt,
2657 2011 2709 2052 et
2738 2001 2855 2054 inde
2882 2004 2955 2056 rei
2987 2013 3205 2058 eventus
3243 2001 3618 2070 aecidithuot
3640 2007 3757 2059 novi
3791 2023 3919 2058 mu-

2351 2064 2524 2140 lieres,
2555 2085 2670 2137 qua!
2694 2071 2944 2138 sigillatas
2971 2073 3183 2126 chartas
3209 2074 3274 2124 ad
3306 2064 3652 2140 nequissimos
3679 2077 3827 2127 viros
3855 2086 3917 2130 et

2351 2136 2584 2210 intechos
2611 2136 3018 2210 suos—miserunt
3041 2184 3055 2205 ,
3097 2157 3158 2194 ac
3189 2136 3464 2210 pra-longis
3504 2144 3741 2196 manibus
3770 2159 3918 2197 cou-

2346 2203 2494 2273 jnges
2525 2221 2648 2279 suos
2689 2203 3099 2264 interfecerunt?
3137 2203 3244 2264 llns
3284 2203 3720 2279 per'pbartnaca,
3767 2214 3916 2267 alios

2348 2284 2505 2348 npctu
2532 2278 2878 2342 ambulantes,
2909 2281 3100 2333 multos
3123 2281 3172 2332 in
3193 2295 3374 2348 agrum
3395 2278 3756 2343 concedentes.
3791 2284 3918 2338 sive

2345 2343 2542 2417 gladio,
2568 2348 2678 2400 sive
2697 2349 2888 2417 lapide,
2912 2350 3022 2404 sive
3049 2348 3206 2413 fuste,
3227 2343 3352 2402 'cum
3379 2353 3498 2417 quis
3525 2351 3603 2403 vel
3634 2361 3916 2417 tempera,

2347 2413 2430 2465 vel
2459 2425 2649 2483 caput,
2688 2413 2766 2469 Vel
2812 2419 3026 2470 dorsum
3071 2421 3306 2480 cmdcns,
3339 2413 3665 2484 repentinum
3693 2413 3914 2475 exitum

2345 2485 2536 2536 attulit.
2567 2485 2906 2556 Intpndeuter
2934 2488 3033 2539 ilhc
3054 2489 3307 2542 ecclesias
3328 2490 3521 2541 adeunt
3540 2491 3682 2556 quasi
3706 2492 3914 2545 orandi

2345 2565 2536 2624 causa,
2583 2566 2633 2606 et
2672 2555 2850 2622 jurant
2887 2571 2980 2623 per
3005 2572 3194 2622 corpus
3220 2555 3584 2610 intemeratum
3608 2567 3661 2610 et
3684 2562 3916 2624 sangui-

2345 2635 2464 2672 nem
2495 2623 2610 2675 Filii
2644 2624 2752 2689 Dei,
2788 2626 2865 2678 vel
2896 2642 2987 2692 per
3012 2626 3226 2679 Matrem
3258 2627 3404 2692 ejus,
3437 2627 3515 2678 vel
3547 2642 3638 2693 per
3665 2623 3910 2694 aliquem

2344 2702 2675 2764 sanctorum;
2721 2696 2898 2748 multae
2937 2696 3092 2748 ctiam
3138 2711 3234 2763 per
3267 2695 3528 2747 vivifii-mn
3576 2696 3794 2764 lignum,
3845 2713 3911 2753 se

2345 2761 2538 2811 nelaria
2572 2777 2665 2814 sua
2691 2777 2806 2816 acta
2840 2780 2942 2817 non
2973 2761 3250 2817 violati—iras
3272 2805 3285 2824 ,
3330 2764 3420 2817 sed
3451 2775 3595 2831 pacta
3617 2761 3712 2816 sua
3741 2767 3906 2818 lirma

2342 2841 2640 2882 servaturas
2667 2847 2802 2886 esse.
2844 2833 2892 2887 Ο
2925 2834 3213 2886 miserrima
3241 2834 3253 2885 !
3285 2843 3406 2885 tunc
3437 2834 3756 2886 tremendum
3794 2837 3906 2888 Do-

2340 2898 2464 2974 tnini
2511 2915 2701 2974 nomen
2753 2902 2802 2954 itt
2854 2903 3100 2974 adulterii
3153 2905 3223 2956 tui
3271 2903 3582 2974 adjutoriinn
3634 2907 3906 2974 usurpas?

2343 2967 2510 3019 Stulta
2539 2979 2588 3021 et
2617 2971 2818 3044 insana,
2854 2972 3116 3044 Virginem
3145 2986 3197 3028 et
3226 2967 3499 3041 Deiparam
3521 2972 3728 3028 Mariam
3751 2973 3904 3029 iule-

2341 3045 2618 3120 iiterintin,
2641 3040 3120 3112 adjutricem'pravi
3145 3040 3348 3120 consilii
3373 3048 3446 3120 tui
3468 3047 3688 3120 statuis?
3713 3045 3754 3098 0
3780 3045 3910 3100 fera

2340 3115 2606 3172 Immanis,
2637 3122 2690 3164 et
2715 3128 2871 3166 corve
2894 3129 3077 3168 carnes
3101 3115 3402 3172 comedens,
3436 3116 3738 3167 innoxiaan
3764 3129 3907 3168 san-

2340 3187 2543 3250 clerum
2578 3180 2790 3245 domos,
2827 3184 2951 3235 furis
2981 3183 3251 3235 latibulum
3287 3186 3541 3250 sanguine
3565 3192 3904 3238 cruentatum

2339 3246 2538 3319 efficis?
2572 3251 2637 3301 At
2683 3253 2929 3319 templum
2977 3252 3182 3305 Domini
3225 3246 3460 3304 sanctum
3492 3263 3544 3305 et
3575 3267 3754 3317 purum
3786 3269 3904 3308 non

2340 3317 2562 3390 laedatur
2582 3359 2594 3381 ,
2638 3328 2690 3372 tu
2731 3317 2853 3374 vero
2883 3323 2932 3375 in
2963 3333 3198 3390 tempore
3231 3332 3526 3390 opportuno
3551 3322 3762 3373 insania:
3791 3331 3907 3377 tua:

2340 3385 2562 3440 fructum
2615 3392 2939 3456 reportabis,
2989 3385 3620 3456 sec—ttnduni'apostolum
3671 3391 3904 3444 Paulum

2337 3456 2649 3528 clamantem
2676 3477 2687 3510 :
2712 3460 2771 3512 Si
2794 3463 2904 3526 quis
2929 3460 3182 3528 violaverit
3220 3459 3458 3523 templum
3485 3459 3577 3511 Dei
3599 3499 3611 3520 ,
3640 3461 3906 3528 disperde:

2336 3526 2479 3596 illum
2511 3527 2642 3578 Deus
2663 3545 2677 3587 ;
2709 3531 2942 3594 templum
2965 3531 3092 3579 enim
3113 3527 3313 3579 Domini
3341 3539 3565 3579 sanctum
3586 3538 3653 3580 est
3674 3526 3749 3596 (iv.
3767 3528 3899 3583 Cor.

2337 3594 2389 3646 5.
2439 3597 2546 3662 17).
2582 3597 2746 3649 Vultis
2775 3609 2826 3650 et
2855 3598 2954 3650 alia
2983 3598 3218 3650 dicamus
3243 3598 3496 3649 adversus
3531 3594 3734 3650 illarum
3760 3613 3907 3652 con.

2336 3664 2490 3717 Silia?
2535 3665 2656 3718 Hmc
2695 3668 2736 3717 si
2783 3668 2976 3718 vicinas
3009 3666 3196 3718 habeat
3237 3666 3453 3732 probas,
3497 3667 3728 3733 quotidie
3772 3667 3908 3724 illas

2337 3735 2599 3794 observat,
2629 3736 2678 3786 in
2705 3750 2796 3786 cas
2822 3736 3100 3798 invehitur,
3125 3744 3177 3788 et
3200 3736 3241 3787 si
3272 3750 3405 3802 quos
3433 3749 3494 3788 ex
3523 3737 3654 3788 notis
3679 3745 3732 3787 et
3757 3751 3904 3789 con-

2336 3805 2634 3872 sanguineis
2664 3805 2848 3856 viderit
2881 3805 2930 3856 itt
2964 3819 3140 3856 eartun
3170 3804 3353 3857 domos
3380 3805 3614 3867 introire,
3644 3805 3769 3870 ipsis
3797 3823 3904 3862 sua

2336 3875 2455 3926 vitia
2482 3873 2799 3940 exprobrat,
2844 3883 3015 3926 scorta
3058 3886 3110 3928 et
3149 3873 3412 3925 mmnadas
3455 3875 3756 3941 appellans,
3786 3879 3902 3929 etsi

2337 3944 2438 3996 ilbe
2464 3945 2567 3996 sint
2597 3943 2792 3995 liberali
2843 3953 2893 3994 ct
2933 3959 3154 4010 corpore
3192 3952 3244 3996 et
3268 3944 3461 3993 animo.
3497 3946 3548 3995 Si
3575 3942 3769 3994 liberos
3801 3943 3906 3995 ha-

2337 4013 2474 4075 beat,
2493 4013 2638 4080 qUasi
2666 4011 2806 4064 feras
2828 4012 2943 4063 illos
2970 4013 3208 4078 respicit;
3239 4013 3279 4064 si
3309 4013 3527 4063 famulos
3549 4011 3625 4064 vel
3648 4012 3902 4070 ancillas.

2335 4083 2469 4135 nulla
2504 4081 2665 4134 utitur
2689 4083 3105 4142 mansuetudine,
3133 4081 3224 4134 sed
3252 4081 3514 4131 servitutis
3541 4081 3751 4132 nomine
3778 4081 3906 4135 illas

2333 4152 2559 4206 interdiu
2592 4151 2863 4212 verberat,
2909 4165 3002 4216 per
3033 4163 3238 4202 noetem
3279 4163 3404 4201 vero
3430 4149 3674 4215 operandi
3723 4152 3905 4202 mole-

2334 4222 2484 4273 stiam
2511 4219 2683 4274 infert.
2711 4219 2830 4272 Non
2861 4229 2930 4271 est
2958 4222 3103 4270 timor
3133 4217 3226 4269 Dei
3251 4228 3365 4268 ante
3391 4218 3558 4269 oculos
3581 4218 3689 4286 ejus
3723 4217 3904 4281 (Psal.

2335 4292 2419 4343 35.
2457 4289 2528 4358 1).
2576 4287 2704 4340 Cum
2745 4300 2916 4340 autem
2961 4288 3106 4358 juxta
3136 4287 3394 4358 virum_in
3441 4287 3573 4339 lecto
3602 4288 3902 4358 recumbit,

2335 4375 2437 4411 non
2475 4356 2570 4425 ipsi
2605 4357 2900 4410 facultatem
2927 4357 3219 4409 dormiendi
3263 4356 3544 4422 relinquit,
3589 4357 3677 4408 sed
3713 4357 3906 4410 incitat

2335 4428 2586 4480 adversus
2611 4427 2947 4488 domesticos,
2974 4427 3203 4478 incendit
3225 4426 3288 4477 ad
3320 4425 3438 4477 lites
3464 4426 3642 4477 vicinis
3671 4440 3902 4478 moven-

2335 4496 2446 4548 das.
2492 4497 2581 4548 llic
2606 4511 2790 4548 servus
2823 4512 2906 4548 nte
2929 4495 3168 4562 tleSpieit,
3206 4496 3314 4546 lucc
3342 4495 3528 4546 ancilla
3557 4494 3678 4546 mihi
3706 4496 3901 4555 illudit,

2337 4565 2422 4618 hic
2451 4565 2651 4617 vicinus
2697 4565 2820 4616 mihi
2871 4577 3120 4632 perpetuo
3161 4565 3480 4616 conviciatur
3525 4566 3573 4615 itt
3617 4564 3902 4625 ecclesiis,

2335 4634 2470 4701 apud
2517 4635 2744 4696 amicos,
2792 4637 2841 4686 itt
2891 4635 3148 4687 forozme
3188 4635 3467 4694 ulciscere;
3515 4633 3747 4701 alioquin
3796 4650 3904 4687 non

2334 4704 2530 4757 sedebo
2557 4705 2686 4755 ultra
2711 4714 2877 4756 tecum
2910 4703 2972 4756 ad
3005 4717 3257 4766 mensam,
3286 4718 3386 4754 non
3415 4703 3681 4755 comedam
3716 4717 3904 4755 coram

2337 4783 2387 4825 te
2418 4788 2623 4840 panem,
2656 4789 2757 4824 tton
2787 4773 3038 4825 dormiam
3072 4783 3242 4825 tecum
3269 4790 3282 4823 :
3307 4773 3427 4836 quia
3457 4773 3650 4823 nullam
3679 4774 3786 4825 mei
3820 4789 3908 4824 ra-

2335 4842 2529 4896 tionem
2561 4842 2752 4894 habent
2784 4842 2866 4894 hic
2896 4852 2948 4896 et
2993 4842 3111 4904 illa,
3161 4842 3254 4893 sed
3299 4850 3356 4892 ut
3383 4841 3546 4892 luttnn
3579 4841 3902 4907 despiciunt.

2335 4911 2485 4976 Quod
2513 4912 2554 4963 si
2585 4919 2733 4978 putas
2758 4911 2807 4962 id
2837 4927 2921 4963 me
2945 4910 3288 4978 conjectando
3315 4909 3510 4973 dicere,
3539 4915 3742 4978 reSpice
3772 4911 3905 4961 mihi

2335 4980 2799 5050 Egyptianpqua:
2826 4981 2874 5050 in
2905 4980 3190 5050 Josephutn
3223 4981 3435 5050 laqueos
3463 4983 3709 5050 tetendit,
3735 4989 3789 5032 et
3822 4983 3906 5029 vi-

2336 5048 2449 5101 ruui
2480 5066 2629 5103 suum
2661 5049 2833 5100 furore
2857 5049 3035 5115 iraque
3065 5049 3292 5100 incendit
3318 5067 3330 5100 :
3353 5048 3655 5116 justumqne
3681 5049 3903 5098 demum

2335 5119 2575 5170 occidere
2605 5117 2984 5177 meditabatur,
3035 5117 3130 5168 nisi
3165 5118 3419 5170 insomnis
3447 5119 3531 5170 ille
3558 5117 3743 5169 oculus
3784 5131 3905 5167 eam

2336 5188 2726 5264 pratvertisset,
2759 5187 3029 5264 ipsumque
3059 5198 3340 5264 servasset.
3376 5187 3599 5264 liespice
3642 5185 3904 5264 Herodia-

2336 5253 2454 5309 dent
2476 5296 2488 5313 .
2533 5271 2648 5322 qum
2675 5254 2926 5307 Joannem
2956 5253 3229 5307 interfecit.
3265 5253 3640 5309 Dicebat’cnim
3675 5253 3906 5305 Prodro-

2337 5340 2454 5377 mus
2484 5325 2671 5377 Herodi
2697 5343 2707 5375 :
2734 5324 2849 5375 Non
2897 5326 3006 5376 licet
3051 5326 3135 5376 tibi
3166 5327 3344 5378 habere
3369 5341 3573 5377 uxorem
3619 5325 3794 5391 fratris
3834 5325 3907 5374 tui

2339 5393 2566 5462 Philippi
2599 5393 2789 5459 (Marc.
2824 5396 2876 5446 6.
2911 5394 3026 5461 18);
3070 5396 3152 5446 illa
3179 5411 3303 5447 vero
3328 5395 3556 5446 vinctum
3581 5406 3701 5462 eum
3724 5433 3739 5454 ,
3768 5393 3906 5443 inter

2339 5461 2489 5514 natos
2521 5465 2799 5515 mulierum
2827 5466 3098 5528 majorem,
3130 5466 3179 5514 in
3208 5464 3448 5515 convivio
3479 5461 3902 5514 recumbentium

2337 5534 2644 5594 amicorum,
2675 5545 2824 5598 caput
2855 5538 2968 5597 ejus
2994 5533 3214 5585 abSt-idit
3235 5534 3313 5598 (θ)
3340 5542 3420 5584 :et
3447 5530 3582 5598 quod
3609 5545 3712 5580 non
3738 5531 3905 5597 potuit

2342 5603 2594 5653 lies-odias
2623 5606 2828 5655 vivente
2853 5602 2962 5654 viro
2992 5602 3184 5664 facere,
3214 5618 3274 5655 ea
3304 5603 3477 5667 inique
3504 5608 3624 5669 post
3651 5601 3767 5666 ejus
3790 5600 3902 5652 obi-

2405 5733 2476 5792 (u)
2510 5739 2614 5780 Haec
2637 5731 2889 5792 Evangelii)
2912 5732 3242 5780 adversantur.
