4152 6468
305 369 371 427 13
1561 366 1624 419 IN
1666 360 1908 429 lSAlAM,
1950 359 2099 421 CAP.
2145 369 2183 423 1.
3470 396 3538 448 14

297 476 415 534 dies
453 478 673 548 jejunus
724 480 935 543 mansit,
985 477 1285 547 nullamque
1326 491 1429 529 non
1469 475 1875 529 sollicitudinem

304 568 543 622 adhibuit
575 571 627 623 in
656 569 997 639 supplicando
1020 569 1128 622 Deo
1151 608 1166 632 ,
1196 577 1251 620 ut
1278 568 1393 620 illos
1419 563 1486 619 ab
1508 580 1686 619 amara
1708 564 1876 619 servi-

304 667 420 714 tute
447 660 759 715 redimeret.
797 660 995 729 Singuli
1025 674 1231 727 quoque
1259 658 1424 710 sancti
1457 657 1557 710 hoc
1585 655 1879 724 Splendoris

305 764 501 818 genere
544 748 764 818 fulgent.
811 749 896 803 Sic
934 755 986 802 ct
1030 748 1188 800 David
1231 748 1516 800 iminissam
1550 746 1600 798 in
1631 745 1874 813 populum

308 839 442 890 iram
474 838 563 891 Dei
590 854 834 901 cernens,
868 839 916 889 in
947 853 1003 889 se
1032 837 1312 889 vindictam
1342 836 1620 889 revocabat
1646 835 1829 887 dicens
1855 848 1869 884 :

310 928 424 996 Ego
453 941 619 996 pastor
644 929 857 996 peccavi,
892 938 935 981 et
956 944 1046 997 ego
1075 937 1242 994 pastor
1267 925 1454 978 malum
1481 925 1756 993 perpetravi
1788 940 1806 977 :
1830 933 1875 977 et

304 1020 416 1085 isti,
439 1020 521 1085 qui
541 1035 661 1088 grex
683 1027 815 1079 sunt,
842 1020 960 1086 quid
986 1016 1246 1086 fecerunt?
1276 1014 1394 1066 Fiat
1417 1029 1592 1065 atauus
1618 1022 1702 1065 tua
1725 1027 1876 1079 super

304 1124 424 1172 me,
448 1118 492 1161 et
518 1109 718 1161 domum
754 1108 909 1175 patris
938 1106 1034 1157 mei
1065 1104 1151 1173 (2.
1185 1104 1310 1173 Reg.
1336 1103 1422 1157 24.
1452 1101 1580 1172 17
1610 1101 1873 1155 Abraham

304 1212 441 1251 vero
484 1197 796 1265 patriarcha,
824 1210 940 1249 cum
982 1194 1164 1263 procul
1203 1202 1345 1247 esset
1379 1207 1407 1244 a
1449 1193 1619 1253 malis,
1651 1201 1706 1246 et
1742 1191 1872 1244 nihil

302 1300 589 1339 commune
627 1285 844 1339 haberet
876 1300 993 1338 cum
1030 1283 1258 1352 pernicie
1288 1282 1371 1335 illa
1400 1281 1701 1336 Sodomitas
1726 1281 1873 1335 inva-

304 1392 454 1439 sura,
481 1376 626 1445 quasi
665 1378 775 1445 ipse
818 1377 869 1429 in
913 1374 1100 1429 mediis
1123 1374 1508 1428 calamitatibus
1534 1376 1869 1438 consisteret,

304 1468 384 1520 ita
413 1467 570 1519 Deum
600 1466 909 1534 precabatur
927 1473 979 1519 et
999 1464 1229 1534 rogabat,
1256 1478 1424 1531 neque
1454 1461 1611 1517 ﬁnem
1642 1461 1875 1515 facturus

302 1567 427 1609 erat
470 1555 790 1625 supplicandi
830 1565 883 1609 ut
925 1554 1095 1607 dirum
1127 1552 1426 1607 incendium
1456 1561 1738 1613 averteret,
1771 1549 1871 1604 nisi

307 1648 453 1701 Deus
478 1648 563 1701 illo
587 1648 801 1701 dimisso
830 1648 1062 1700 abiisset.
1108 1645 1285 1700 Sancti
1330 1658 1487 1713 porro
1522 1642 1653 1696 Novi
1684 1642 1871 1696 Testa-

305 1740 476 1794 menti
522 1738 771 1807 majorem
816 1738 1100 1792 exhibuere
1137 1738 1420 1802 virtutem,
1466 1742 1647 1803 utpote
1685 1731 1872 1801 majori

304 1831 475 1899 gratia
506 1830 701 1893 donati,
725 1838 775 1884 et
794 1830 858 1883 ad
879 1829 1199 1883 diuturniora
1222 1827 1508 1882 certamina
1527 1827 1716 1880 vocati.
1748 1824 1872 1879 Ideo

307 1922 500 1977 Petrus
524 1921 787 1976 Christum
818 1921 1036 1975 audiens
1059 1921 1341 1985 dicentem,
1358 1918 1606 1972 divitibus
1624 1916 1872 1971 difﬁcilli-

306 2027 456 2063 munt
478 2025 592 2065 esse
614 2011 859 2063 caelorum
887 2010 1198 2077 ingressum,
1217 2006 1507 2076 angebatur
1521 2014 1574 2061 et
1589 2004 1866 2070 tremebat,

305 2110 467 2168 atque
496 2103 561 2153 ita
590 2100 880 2153 sciscitatus
902 2107 1011 2152 est:
1036 2098 1159 2162 Quis
1181 2113 1299 2166 ergo
1327 2105 1483 2164 potest
1508 2095 1693 2148 salvari
1716 2093 1866 2163 (Luc.

308 2191 400 2246 18.
432 2191 556 2258 26)?
584 2192 786 2246 etiamsi
814 2191 949 2243 circa
983 2205 1068 2243 res
1097 2204 1215 2242 suas
1241 2187 1547 2241 conﬁderet.
1580 2185 1694 2239 Non
1724 2185 1865 2238 enim

302 2281 381 2336 de
400 2281 552 2334 rebus
577 2280 704 2343 suis,
732 2279 824 2334 sed
848 2279 913 2333 de
936 2278 1062 2332 orbe
1085 2278 1291 2331 solliciti
1317 2284 1489 2331 erant.
1516 2275 1707 2329 Paulus
1724 2282 1869 2328 certe

305 2384 407 2438 per
423 2383 607 2422 omnes
635 2369 892 2437 Epistolas
917 2383 1037 2422 suas
1076 2367 1199 2420 illud
1237 2366 1460 2420 indicat:
1490 2365 1577 2435 qtti
1606 2366 1750 2433 prius
1776 2364 1867 2417 ba-

303 2459 468 2514 bebat
502 2459 769 2511 hominum
813 2459 1053 2523 salutem,
1085 2472 1241 2526 quam
1272 2457 1537 2510 Christum
1560 2456 1767 2519 videre,
1796 2455 1864 2507 ita

301 2548 489 2601 dicens
514 2566 527 2601 :
553 2548 766 2612 Resolvi,
790 2557 834 2600 et
858 2564 967 2599 cum
988 2546 1183 2600 Christo
1204 2561 1324 2605 esse,
1350 2545 1524 2597 melius
1546 2554 1636 2606 est,
1666 2560 1867 2597 manere

298 2648 471 2693 «item
495 2639 545 2690 iu
573 2655 719 2690 carne
740 2638 895 2707 magis
921 2637 1249 2689 necessarium
1271 2644 1473 2703 propter
1492 2651 1576 2687 vos
1606 2633 1861 2703 (Philipp.

301 2728 358 2782 1.
389 2728 479 2782 23.
506 2727 617 2796 24).
649 2728 826 2782 Talem
856 2727 1003 2780 nobis
1032 2735 1202 2779 servat
1230 2725 1449 2778 formam
1473 2724 1555 2777 hic
1581 2724 1861 2793 prOpheta;

298 2819 400 2873 Dei
446 2834 666 2888 namque
704 2819 986 2871 sententias
1019 2832 1139 2872 cum
1184 2832 1368 2885 magna
1412 2816 1599 2869 ﬁducia
1644 2816 1860 2883 profert,

296 2918 608 2977 peccatores
639 2909 894 2975 increpat,
928 2909 1199 2976 ipsumque
1228 2915 1409 2959 contra
1436 2906 1552 2958 illos
1583 2920 1865 2974 exaspera-

295 3010 410 3051 tum
438 3000 600 3066 longis
624 2999 922 3067 frequenter
942 2998 1269 3051 sermonibus
1290 2997 1487 3065 placat;
1516 2996 1654 3065 quod
1683 3000 1733 3049 in
1762 2996 1864 3051 ﬁne

294 3088 529 3139 maxime
561 3088 849 3155 prophetia:
871 3087 1044 3141 videre
1070 3095 1166 3140 cst.
1199 3085 1431 3139 Tandem
1461 3086 1629 3155 ipsum
1658 3085 1861 3140 adeun-

291 3174 426 3229 dum
450 3183 529 3231 est
560 3177 844 3244 prephetia:
874 3175 1164 3229 exordium.

879 3287 1096 3343 CAPUT
1137 3288 1150 3341 Ι
1193 3286 1288 3355 (a).

772 3399 899 3451 Visio
924 3416 1069 3466 quam
1096 3400 1213 3452 vidit
1240 3398 1423 3451 Isaias.

374 3534 424 3583 1.
460 3528 722 3584 Visionem
760 3541 910 3584 Vocat
959 3529 1322 3599 prophetiam,
1365 3530 1447 3583 vel
1495 3531 1570 3585 sic
1610 3530 1857 3599 loquitur,

292 3617 441 3685 quod
480 3620 636 3673 multa
671 3636 851 3674 eorum
892 3636 1007 3687 quae
1039 3630 1286 3674 eventura
1327 3628 1479 3673 erant
1521 3620 1618 3672 sub
1646 3627 1860 3687 aspectu

293 3705 546 3767 haberet;
576 3708 1012 3775 quemadmodum
1043 3708 1287 3761 Michznas
1312 3708 1442 3761 vidit
1468 3709 1717 3777 pottulum
1748 3709 1859 3762 dis-

296 3810 513 3863 persum
542 3797 612 3867 (5.
647 3797 773 3864 Reg.
799 3798 887 3851 22.
920 3798 1041 3868 l7);
1071 3808 1124 3853 et
1151 3799 1391 3854 Ezechiel
1419 3800 1773 3869 captivitatem
1798 3812 1860 3853 ac

296 3888 781 3953 prtevaricationem
804 3903 984 3942 eorum
1009 3889 1095 3958 qui
1118 3890 1282 3943 solent
1314 3899 1368 3944 et
1391 3889 1713 3943 Thamuzcm
1741 3888 1860 3943 ado-

298 3978 490 4029 rabant
528 3976 744 4047 (Ezech.
773 3978 823 4031 8.
860 3979 955 4045 14)
992 3996 1003 4029 :
1034 3980 1113 4032 vel
1142 3978 1263 4047 quia
1289 3980 1339 4032 id
1367 3979 1504 4047 quod
1531 3978 1800 4047 propheta:
1827 3994 1858 4033 a

296 4065 410 4118 Deo
433 4065 729 4131 audiebant,
755 4068 866 4134 ipso
891 4082 1067 4120 rerum
1097 4077 1381 4136 conspectu
1407 4068 1538 4121 nihil
1569 4068 1740 4122 minus
1766 4071 1859 4121 ha-

297 4156 470 4217 beret,
493 4155 581 4209 sed
609 4155 821 4223 perinde
843 4156 997 4209 ﬁdem
1024 4156 1239 4222 faceret,
1261 4170 1413 4211 secus
1433 4173 1588 4225 quam
1619 4158 1669 4210 in
1700 4158 1857 4213 rebus

295 4245 456 4311 hujus
495 4245 690 4297 mundi.
731 4245 878 4311 Quod
914 4245 1055 4299 enim
1083 4246 1185 4298 alio
1209 4246 1451 4301 audirent
1478 4247 1635 4300 modo
1656 4287 1668 4310 ,
1698 4263 1855 4317 quam

291 4333 484 4401 reliqui
516 4332 770 4397 homines,
798 4334 847 4386 id
876 4334 961 4388 ille
988 4335 1098 4389 ait:
1124 4334 1331 4387 Addidit
1346 4336 1469 4387 mihi
1487 4352 1658 4389 aurem
1677 4338 1743 4389 ad
1766 4353 1857 4391 au-

290 4423 534 4475 diendum
567 4422 711 4491 (Isai.
745 4424 831 4478 50.
865 4424 939 4493 4).
972 4423 1280 4479 Sermonem
1313 4434 1486 4480 autem
1513 4425 1615 4480 ﬁde
1640 4426 1853 4496 dignum

289 4511 596 4565 redditcum
618 4514 707 4577 ait,
745 4512 894 4576 Visio,
917 4513 1312 4583 auditoremquc
1334 4515 1551 4581 excitat,
1576 4526 1627 4569 et
1648 4517 1712 4570 ad
1734 4532 1854 4572 eum

288 4603 384 4669 qui
409 4618 493 4655 res
521 4604 757 4658 exhibuit
778 4605 1101 4657 transmittit.
1134 4605 1246 4659 Mos
1273 4606 1413 4660 enim
1434 4615 1547 4661 erat
1570 4609 1816 4662 omnibus
1834 4649 1850 4674 ,

288 4692 379 4760 qui
422 4692 510 4743 Dei
546 4692 681 4745 dicta
719 4694 771 4745 in
810 4694 940 4746 alios
981 4694 1425 4759 transmittebant,
1453 4696 1576 4749 illud
1604 4708 1726 4750 ante
1751 4697 1851 4750 alia

288 4781 634 4843 constituere,
664 4796 721 4836 se
744 4782 870 4835 nihil
900 4798 928 4835 a
950 4783 1246 4852 semetipsis
1275 4784 1438 4853 loqui,
1468 4785 1559 4838 sed
1581 4785 1753 4839 divina
1785 4787 1851 4839 ab

286 4885 348 4923 se
380 4870 595 4936 proferri
624 4872 832 4925 oracula
859 4882 910 4926 ct
937 4873 1129 4941 scripta
1153 4888 1218 4927 ex
1239 4873 1381 4928 caalis
1405 4872 1595 4928 delata.
1633 4875 1719 4929 Sic
1747 4875 1851 4929 Da-

288 4962 377 5014 vid
410 4961 616 5015 aiebat:
643 4960 841 5031 Lingua
878 4978 987 5015 mea
1020 4963 1242 5017 calamus
1271 4964 1446 5017 scriba:
1470 4966 1697 5019 velociter
1730 4966 1853 5022 scri-

290 5053 446 5105 bentis
474 5053 636 5119 (Psol.
666 5053 753 5105 Η.
775 5052 865 5121 2).
900 5052 974 5107 Nc
1002 5062 1151 5121 putes
1177 5055 1332 5123 igitur
1356 5055 1536 5109 literas
1562 5070 1625 5111 ex
1649 5057 1852 5111 calamo

288 5144 515 5211 prodire.
542 5143 632 5197 sed
662 5158 723 5196 ex
754 5141 963 5197 dextera
998 5144 1223 5197 tenentis
1250 5159 1403 5207 eum;
1434 5144 1484 5198 id
1511 5154 1623 5210 est,
1654 5161 1755 5200 non
1785 5161 1852 5201 ex

287 5233 461 5302 lingua
490 5233 720 5294 Davidis,
752 5230 845 5285 sed
890 5247 952 5285 ex
995 5233 1156 5301 gratia
1202 5232 1368 5301 ipsam
1408 5243 1671 5288 movente.
1703 5234 1853 5289 Alius

287 5340 415 5377 vero
457 5325 710 5393 propheta
743 5322 963 5390 idipsum
990 5322 1261 5377 declarans
1296 5324 1504 5378 dicebat
1536 5340 1549 5377 :
1578 5325 1853 5393 Caprarius

280 5434 415 5470 eram
443 5430 735 5487 sycomoros
775 5412 984 5465 melleus
1012 5412 1198 5481 (Amos
1228 5413 1279 5466 ἵ7.
1312 5414 1377 5467 16
1397 5412 1449 5483 );
1484 5428 1549 5468 ne
1574 5416 1687 5483 quis
1712 5415 1849 5469 dicta

325 5570 393 5633 (α)
428 5568 562 5619 Nulla
586 5567 805 5633 capitum
827 5562 1066 5633 distinctio
1080 5564 1286 5613 habetur
1300 5565 1348 5613 in
1371 5566 1515 5633 itegio
1536 5564 1729 5633 Codice.
1751 5566 1853 5633 Im_o

265 5633 311 5681 in
332 5625 586 5683 veteribus
749 5625 896 5687 longe
918 5625 1136 5687 diversus
1160 5633 1262 5674 erat
1298 5625 1503 5687 capitum
1533 5628 1668 5684 ordo,
1707 5635 1757 5677 ut
1782 5631 1851 5679 vi-

260 5700 375 5749 deas
398 5699 447 5748 in
467 5692 779 5745 Bibliotheca
805 5685 963 5739 nostra
986 5685 1284 5748 Coisliuiaua,
1308 5685 1370 5736 de
1395 5687 1527 5739 libris
1549 5688 1751 5741 Blblicis.

1985 480 2229 538 humana:
2255 486 2526 554 sapientia:
2552 486 2873 541 adscriberet
2924 486 3102 555 Neque
3134 487 3233 540 hoc
3261 485 3398 538 dicto
3423 499 3548 538 con-

1984 582 2158 629 tentus
2187 576 2304 642 fuit,
2330 577 2421 631 sed
2452 578 2589 631 aliud
2611 576 2811 632 addidit
2839 578 2921 632 his
2947 578 3115 631 verbis
3145 595 3157 631 :
3194 576 3300 630 Sed
3337 592 3427 646 ego
3463 591 3545 629 τι·

1985 665 2143 731 pictus
2167 682 2276 719 sum
2311 667 2603 735 fortitudine
2627 669 2678 720 in
2706 668 2901 735 Spiritu
2933 666 3154 729 Domini,
3191 676 3234 720 et
3254 666 3471 737 judicio,
3504 673 3550 718 et

1983 757 2201 823 potentia
2239 756 2437 827 (Miclt.
2465 759 2516 811 '5.
2550 758 2640 828 8).
2686 758 2864 813 Gratia
2894 759 3085 828 quippe
3116 759 3231 811 illos
3258 773 3360 811 non
3391 756 3550 810 modo

1983 847 2267 914 sapientes,
2314 849 2407 902 sed
2449 846 2605 902 etiam
2652 850 2811 903 fortes
2848 850 3140 914 efﬁciebat,
3170 863 3273 902 non
3311 847 3549 915 corporis

1981 939 2374 1004 constitutione,
2405 939 2496 993 sed
2524 948 2721 994 mente.
2746 941 2876 1008 Quia
2904 941 3046 995 enim
3072 956 3190 994 eum
3222 939 3413 1009 populo
3434 953 3547 993 rem

1984 1029 2245 1084 habebant
2268 1030 2463 1085 audace
2483 1038 2539 1085 et
2565 1031 2887 1099 impudente,
2916 1046 2976 1085 ac
2997 1032 3235 1101 sanguini
3265 1031 3549 1101 propheta.

1981 1136 2095 1173 rum
2129 1120 2360 1175 inhiante
2381 1163 2395 1185 ,
2422 1132 2829 1192 sanctorumque
2853 1122 3050 1178 caedem
3081 1124 3354 1190 moliente,
3385 1123 3547 1177 multa

1980 1215 2124 1263 certe
2163 1211 2235 1263 illi
2278 1212 2501 1281 egebant
2543 1212 2880 1277 fortitudine,
2912 1223 2967 1269 ut
2994 1229 3060 1269 ne
3080 1230 3263 1269 eorum
3294 1214 3548 1282 impetum

1981 1297 2343 1355 formidarent.
2370 1300 2492 1356 Ideo
2519 1302 2760 1356 Jeremiaa
2784 1302 2994 1368 dicitur,
3023 1304 3181 1357 Posui
3202 1314 3245 1357 te
3273 1314 3327 1357 ut
3349 1305 3545 1359 colunt-

1979 1405 2095 1442 nam
2111 1392 2323 1460 ferream
2341 1399 2388 1443 et
2408 1400 2461 1444 ut
2482 1408 2679 1444 murum
2700 1408 2880 1446 cereum
2903 1392 2954 1463 (J
2959 1409 3033 1448 er.
3059 1394 3109 1447 1.
3134 1394 3221 1463 18)
3242 1411 3255 1457 ;
3285 1394 3543 1449 Ezechicli

1980 1487 2171 1541 autem,
2195 1478 2261 1533 In
2282 1480 2447 1533 medio
2466 1481 2775 1550 scorpiorum
2797 1491 2849 1534 tu
2869 1481 3080 1547 habitas,
3100 1498 3161 1536 ne
3175 1483 3346 1536 timeas
3367 1500 3397 1535 a
3417 1484 3547 1553 fucis

1978 1585 2169 1631 eorum,
2202 1586 2356 1639 neque
2382 1572 2620 1640 formides
2655 1571 2871 1643 (Ezeclt.
2899 1572 2952 1625 2.
2986 1572 3072 1640 6).
3114 1573 3319 1645 Moyses
3338 1590 3547 1644 quoque

1977 1674 2097 1713 cum
2119 1661 2433 1727 mitteretur,
2459 1676 2562 1716 non
2587 1663 2912 1716 Pharaonem
2938 1673 3156 1724 tantum.
3180 1663 3272 1718 sed
3297 1673 3349 1719 ct
3378 1680 3545 1734 popu-

1978 1749 2085 1803 lum
2114 1750 2386 1805 Judaicum
2409 1760 2668 1815 metuens,
2687 1766 2957 1807 recusasse
2979 1753 3103 1807 mihi
3120 1754 3325 1808 videtur
3350 1754 3542 1827 (Exod.

1976 1839 2028 1891 4.
2060 1838 2170 1907 10).
2200 1840 2363 1893 Deum
2392 1840 2550 1908 igitur
2575 1841 2872 1909 alloquens,
2900 1842 3126 1898 barbaro
3153 1844 3391 1909 dimisso,
3425 1845 3542 1899 edi-

1978 1941 2127 1982 scere
2152 1927 2348 1997 ingenti
2377 1929 2551 1982 studio
2581 1930 2891 2000 peroptabat
2912 1972 2926 1995 ,
2957 1932 3081 2001 quid
3110 1932 3387 1988 dicendum
3415 1934 3542 2002 ipsis

1974 2024 2116 2070 esset
2161 2030 2265 2069 non
2308 2017 2678 2081 credentibus,
2710 2034 2768 2073 se
2793 2034 2822 2072 a
2851 2020 2960 2075 Deo
2987 2022 3202 2077 missum
3245 2024 3540 2089 accedere;

1974 2105 2227 2175 signaque
2256 2108 2455 2174 accepit
2484 2108 2551 2160 ad
2582 2107 2789 2162 illorum
2818 2117 3047 2163 mentem
3077 2111 3419 2180 subigendam
3447 2130 3541 2183 op-

1974 2205 2195 2264 portuna
2221 2213 2232 2247 :
2258 2204 2311 2249 ct
2329 2198 2516 2251 merito
2532 2198 2762 2266 quidem.
2786 2197 2915 2253 Nam
2934 2200 3123 2255 siunus
3145 2201 3352 2257 illorum
3370 2206 3537 2273 ipsum

1975 2287 2041 2339 ita
2068 2288 2346 2352 exterruit,
2374 2297 2427 2340 et
2461 2288 2672 2359 quidem
2694 2290 2951 2345 beneﬁcio
2975 2291 3191 2347 affectus
3210 2335 3225 2358 ,
3255 2295 3379 2364 quid
3418 2312 3539 2366 pas~

1970 2392 2088 2430 sum
2114 2392 2232 2432 esse
2258 2378 2542 2433 verisimile
2582 2388 2663 2433 est
2707 2381 3061 2435 turbulentum
3102 2384 3246 2437 illum
3288 2388 3536 2454 populum

1970 2476 2149 2521 mente
2192 2468 2591 2523 revolventem?
2629 2469 2750 2524 Ideo
2785 2487 2887 2526 non
2925 2474 3195 2540 sapientiae
3238 2477 3412 2542 modo,
3442 2478 3535 2531 sed

1970 2559 2127 2612 ctiam
2172 2558 2493 2614 fortitudinis
2532 2560 2783 2630 Spiritum
2828 2564 3046 2631 accepit,
3079 2574 3131 2618 et
3170 2565 3287 2620 ideo
3330 2568 3539 2625 dicebat

1970 2649 2057 2703 ille
2086 2666 2098 2701 :
2132 2648 2369 2719 Replettts
2410 2667 2523 2703 sum
2570 2652 2864 2721 fortitudine
2902 2655 2955 2706 in
2997 2655 3192 2724 Spiritu
3235 2657 3459 2726 Domini,
3490 2669 3537 2714 et

1960 2742 2177 2809 judicio,
2195 2753 2239 2796 et
2264 2744 2480 2811 potentia
2500 2742 2685 2814 (Misit.
2710 2746 2761 2799 5.
2781 2746 2854 2811 8).
2884 2747 3133 2817 Aliusque
3155 2750 3346 2805 iterum
3371 2769 3383 2805 :
3416 2751 3538 2806 Ver-

1969 2833 2084 2884 bum
2116 2834 2209 2888 Dei
2235 2837 2423 2903 factum
2447 2848 2516 2889 est
2542 2838 2609 2889 ad
2643 2836 2911 2891 Jercmiam
2939 2841 3098 2907 ﬁlium
3127 2842 3340 2895 Clielcia:
3383 2843 3535 2916 (Jer.

1970 2923 2020 2976 1.
2053 2924 2076 2977 1
2105 2924 2147 2994 ).
2178 2926 2243 2979 Et
2270 2928 2406 2981 alius
2427 2942 2635 2981 rursum
2666 2946 2681 2983 :
2712 2930 2992 2999 Assumptio
3022 2931 3246 2989 Ninives.
3288 2934 3434 2989 Liber
3457 2936 3536 2990 vi-

1968 3016 2122 3070 sionis
2150 3017 2353 3071 Nalmm
2377 3019 2587 3073 Elcestei
2615 3020 2865 3089 (Na/tum.
2892 3024 2940 3076 1.
2968 3025 3040 3094 1).
3070 3025 3164 3080 llic
3194 3024 3304 3095 ipse
3327 3042 3537 3098 quoque

1972 3107 2129 3161 Isaias
2154 3109 2323 3162 altero
2348 3110 2503 3164 verbo
2531 3110 2755 3179 idipsum
2782 3112 2919 3181 quod
2952 3116 3095 3181 prius
3117 3114 3387 3183 declarat,
3416 3118 3537 3185 Spi-

1968 3195 2098 3249 ritus
2120 3198 2569 3267 participationcm
2592 3216 2787 3255 vocans
2810 3204 3243 3272 assumptionem.
3276 3206 3534 3272 Quoniam

1968 3285 2107 3339 enim
2128 3301 2155 3339 a
2181 3287 2376 3355 Spiritu
2400 3290 2653 3360 assumpti
2680 3291 2756 3346 sic
2778 3292 3145 3362 loquebantur,
3170 3297 3533 3365 operationem

1967 3378 2147 3445 gratim
2174 3378 2243 3431 ita
2268 3381 2489 3434 vocavit.

2038 3490 2303 3557 Apostolus
2330 3509 2361 3545 a
2388 3493 2492 3546 Deo
2521 3495 2719 3559 missus,
2751 3510 2801 3549 ut
2827 3513 3002 3551 nomen
3028 3501 3189 3568 ipsum
3217 3511 3376 3556 sonat.
3422 3502 3535 3558 N0-

1967 3580 2133 3634 bilitas
2185 3598 2285 3635 non
2337 3599 2399 3636 ex
2443 3586 2857 3653 majoribus,sed
2886 3605 2946 3642 ea:
2992 3592 3166 3644 merito
3215 3596 3531 3663 proprio.—

1966 3672 2167 3728 ldcirco
2196 3674 2388 3729 Paulus
2426 3678 2670 3731 omnibus
2700 3679 2951 3748 Epistolis
2984 3683 3308 3750 apostolatus
3339 3700 3530 3741 nomen

1964 3768 2235 3835 praemittit
2267 3784 2281 3814 :
2310 3769 2449 3837 quod
2480 3771 2637 3825 etiam
2672 3773 2939 3842 prepbeta:
2981 3774 3272 3841 faciebant,
3301 3792 3419 3831 cum
3449 3778 3530 3831 di-

1963 3868 2178 3923 cerent,
2212 3860 2375 3926 visio,
2407 3870 2460 3915 et
2505 3863 2753 3924 verbum,
2785 3873 2838 3917 et
2878 3867 3165 3935 assumptio
3188 3908 3202 3932 ,
3230 3877 3283 3921 et
3314 3884 3524 3935 sermo;

1965 3948 2191 4017 idipsum
2235 3950 2323 4002 ille
2350 3966 2445 4018 per
2481 3952 2803 4019 apostolatus
2838 3970 3027 4008 nomen
3073 3956 3352 4012 efﬁciebat.
3382 3958 3530 4015 Sicut

1962 4040 2101 4092 enim
2134 4040 2197 4104 is,
2217 4040 2305 4109 qui
2326 4039 2454 4093 dicit
2474 4042 2727 4097 visionem
2756 4052 2808 4095 et
2835 4058 3131 4100 sermonem
3156 4047 3267 4109 Dei,
3285 4064 3387 4102 non
3410 4064 3527 4118 pro-

1962 4133 2071 4197 pria
2091 4130 2239 4186 effert
2259 4148 2271 4183 :
2291 4131 2368 4185 sic
2386 4140 2439 4186 et
2461 4132 2548 4200 qui
2562 4134 2790 4203 seipsum
2806 4136 3098 4203 apostolum
3122 4147 3290 4203 vocat,
3311 4155 3411 4193 non
3430 4156 3522 4194 sua

1961 4221 2153 4285 docet,
2190 4222 2284 4277 sed
2310 4239 2369 4278 ea
2396 4239 2514 4293 quas
2537 4224 2694 4293 jussit
2720 4227 2763 4279 is
2789 4228 2876 4297 qui
2904 4228 3062 4283 misit.
3108 4231 3341 4296 Apostoli
3372 4246 3521 4284 nam-

1961 4326 2063 4378 que
2092 4311 2317 4381 dignitas
2358 4323 2440 4367 est
2468 4329 2562 4383 per
2586 4329 2646 4369 se
2684 4316 2811 4369 nihil
2842 4317 3051 4371 offerre.
3081 4318 3280 4373 Idcirco
3312 4320 3526 4377 dicebat

1960 4400 2203 4455 Christus
2240 4417 2252 4453 :
2285 4401 2367 4455 Ne
2404 4404 2581 4456 vacetis
2631 4405 2921 4473 magistrum
2965 4423 3114 4475 super
3151 4419 3525 4467 terram:unus

1961 4493 2090 4544 enim
2119 4501 2188 4544 cst
2210 4493 2443 4561 magister
2466 4501 2641 4561 vester,
2663 4496 2747 4563 qui
2772 4506 2842 4549 est
2867 4497 2919 4549 in
2934 4498 3069 4552 castis
3084 4498 3384 4571 (.Mattli.23.
3410 4504 3524 4571 l0);

1959 4584 2243 4638 ostendens
2279 4598 2438 4639 omne
2484 4584 2787 4655 dogmatum
2834 4599 3129 4643 nostrorum
3186 4592 3521 4661 princtpium,

1958 4674 2187 4728 radicem
2236 4674 2463 4744 desuper
2516 4691 2582 4730 ex
2630 4678 2876 4732 caelorum
2944 4679 3163 4734 Domino
3218 4685 3518 4752 accepisse,

1958 4767 2165 4820 etiamsi
2197 4766 2439 4822 homines
2459 4769 2565 4822 sint
2591 4770 2677 4838 qui
2705 4769 2769 4823 ad
2799 4770 2883 4822 illa
2913 4770 3227 4825 ministrant.
3257 4772 3419 4839 Quam
3443 4777 3520 4827 vi-

1957 4860 2028 4912 dit
2049 4858 2232 4913 Isaias.
2265 4859 2540 4926 Quomodo
2570 4860 2683 4913 bznc
2705 4899 2719 4925 ,
2750 4876 2866 4929 qua:
2905 4860 3082 4916 vident
3126 4865 3415 4933 prophetat,
3444 4866 3522 4920 vi-

1957 4949 2137 5015 deant,
2154 4951 2330 5005 dicere
2348 4965 2451 5003 non
2471 4958 2708 5004 nostrum
2733 4960 2839 5015 est;
2866 4951 3081 5007 visionis
3099 4954 3292 5023 quippe
3310 4954 3521 5009 modum

1962 5057 2066 5097 non
2100 5057 2379 5112 possumus
2403 5042 2770 5111 interpretari;
2800 5044 2892 5098 sed
2921 5044 3009 5098 ille
3050 5045 3218 5098 solum
3259 5047 3398 5101 clare
3427 5063 3523 5101 no-

1960 5136 2054 5195 vit.
2081 5134 2167 5202 qui
2190 5133 2513 5202 experientia
2555 5133 2754 5187 didicit.
2804 5135 3006 5189 Etenim
3047 5135 3088 5188 si
3122 5144 3319 5191 natura:
3358 5152 3518 5206 opera

1958 5231 2012 5277 et
2040 5222 2256 5277 allectus
2282 5237 2424 5292 saepe
2454 5237 2609 5277 nemo
2635 5223 2900 5290 explicare
2933 5233 3122 5291 potest,
3154 5226 3315 5279 multo
3347 5227 3518 5279 minus

1958 5312 2171 5367 modum
2198 5311 2517 5381 operationis
2545 5312 2789 5381 Spiritus.
2835 5313 2982 5378 Quod
3010 5313 3052 5368 si
3080 5314 3315 5369 obscuris
3340 5314 3519 5381 imagi-

1959 5388 2113 5458 nibus
2155 5402 2406 5456 audacter
2445 5403 2563 5471 quis
2590 5403 2640 5456 id
2668 5404 2877 5472 aggredi
2926 5405 3120 5472 possit,
3155 5420 3255 5457 uon
3282 5414 3423 5458 certe
3452 5405 3520 5459 ita

1959 5493 2154 5561 poterit
2181 5501 2235 5545 ut
2263 5491 2461 5546 clarum
2491 5492 2541 5544 id
2571 5493 2785 5560 reddat,
2817 5494 2907 5547 sed
2937 5496 2987 5548 in
3015 5496 3293 5562 a‘nigmate
3321 5495 3369 5547 id
3397 5495 3523 5550 eﬁ‘e-

1958 5596 2057 5639 rct.
2083 5584 2206 5640 Mihi
2235 5585 2447 5655 quidem
2490 5586 2696 5641 videtur
2722 5586 2773 5639 id
2812 5587 2880 5639 ita
2914 5586 3104 5639 factum
3152 5601 3272 5642 esse
3314 5587 3365 5641 in
3394 5602 3521 5655 pro-

1960 5676 2163 5749 phetis,
2194 5684 2250 5731 ut
2272 5689 2394 5732 cum
2420 5691 2567 5748 aqua:
2612 5675 2839 5749 limpidzc
2874 5686 3059 5731 natura
3111 5676 3286 5733 radios
3325 5678 3522 5738 solam
