4152 6474
634 357 697 408 ις»
1348 333 1403 389 s.
1442 333 1717 389 ruamus
1752 324 2218 386 eitursesrom
2255 323 2572 382 ARCIIIEP.
2599 324 3131 384 CONSTANI‘INOP.
3798 333 3863 384 με

614 451 840 519 excepit,
873 459 980 504 tota
1028 449 1348 514 illustratur,
1380 449 1456 503 sic
1485 458 1537 505 et
1570 450 1946 519 prophetarum
1977 447 2181 499 animas

615 540 821 608 propria
854 540 1046 592 virtute
1075 538 1220 605 prius
1248 547 1586 607 expurgatas,
1615 536 1811 590 donum
1840 536 2069 604 Spiritus
2088 547 2182 587 ac-

612 632 791 699 cipere
812 669 825 691 ,
859 638 914 682 et
938 627 1005 683 ad
1034 629 1285 698 fulgorem
1318 629 1461 683 illum
1507 629 1847 681 concinnatas
1874 628 1942 679 ita
1970 626 2186 678 futuro-

613 737 729 774 rum
777 719 1015 773 notitiam
1060 718 1359 771 admittere.
1406 716 1572 770 Filius
1618 717 1789 771 Amos.
1827 715 1936 771 Cur
1980 723 2183 784 patrem

612 810 1030 863 commemorat?
1075 812 1178 863 Aut
1202 808 1269 862 ad
1297 808 1585 863 tollendum
1615 808 1945 877 :equivoeum
1970 846 1985 867 ,
2011 815 2102 859 aut
2128 814 2187 859 ut

681 897 946 952 discamus
975 898 1138 966 patris
1166 899 1415 952 vilitatem
1446 898 1537 952 filii
1583 899 1830 952 virtutem
1857 911 1961 951 non
1984 896 2181 951 obscu-

612 986 733 1044 rare
763 1005 777 1041 :
805 987 1241 1057 nobilitatemque
1268 1003 1388 1042 esse
1426 1001 1533 1042 non
1577 1002 1643 1042 ex
1675 986 1945 1055 prmelaris
1974 984 2187 1054 majori-

615 1076 713 1131 bus
738 1078 903 1142 oriri,
932 1077 1025 1132 sed
1065 1093 1128 1132 ex
1169 1080 1374 1149 propria
1414 1077 1793 1147 magnitudine.
1836 1077 1933 1132 llic
1957 1085 2100 1131 certe
2125 1091 2186 1130 ex

613 1167 827 1237 lgnobili
856 1177 1005 1238 patre
1034 1179 1189 1222 natus
1210 1210 1224 1232 ,
1252 1168 1501 1222 omnibus
1543 1168 1801 1222 illustrior
1828 1167 1997 1222 evasit
2015 1207 2030 1230 ,
2059 1181 2187 1236 pro-

618 1259 749 1328 pria:
797 1260 1003 1331 virtutis
1043 1259 1350 1313 excellentia
1379 1258 1605 1329 fulgens.
1654 1258 1821 1325 Quam
1866 1258 1987 1313 vidi:
2016 1269 2190 1311 contra

616 1348 855 1404 ludteam
879 1361 924 1404 et
952 1363 1126 1405 contra
1162 1351 1462 1404 Jerusalem.

683 1439 737 1493 2.
768 1440 876 1495 Cur
917 1440 1165 1494 distincte
1215 1451 1496 1510 utrumque
1539 1440 1712 1495 locum
1766 1438 2189 1495 commemorat?

616 1530 750 1597 Quia
782 1545 951 1598 pinna:
987 1529 1195 1584 divisim
1247 1530 1457 1587 inflicta:
1482 1539 1639 1597 sunt,
1686 1530 2015 1601 diversisque
2053 1538 2191 1584 tem-

621 1621 859 1689 poribus,
891 1621 998 1676 Deo
1025 1621 1076 1676 id
1108 1623 1375 1691 sapienter
1396 1622 1757 1691 dispensante,
1787 1638 1856 1677 ne
1881 1635 2067 1677 omnes
2086 1635 2190 1674 una

620 1709 875 1778 perirent.
896 1710 988 1764 sed
1012 1711 1206 1764 sensim
1231 1721 1282 1763 et
1306 1712 1555 1779 paulatim
1580 1752 1594 1773 ,
1615 1720 1673 1764 ut
1694 1710 2041 1765 abductorum
2069 1724 2193 1777 sup-

626 1802 787 1871 plicio
831 1801 1011 1856 caeteri
1053 1802 1446 1871 resipiscerent.
1493 1800 1643 1867 Quod
1671 1801 1715 1856 si
1755 1800 2044 1870 pharmace
2085 1814 2190 1853 non

620 1892 844 1956 fuerint,
873 1900 929 1945 ut
956 1907 1051 1961 par
1071 1900 1200 1955 erat,
1234 1893 1348 1956 usi;
1379 1908 1484 1945 non
1512 1891 1723 1955 medici,
1754 1890 1849 1945 sed
1872 1898 2190 1958 :egrotorum

620 1982 775 2051 culpa
801 1982 919 2036 erit.
954 1982 1007 2036 Id
1030 1991 1205 2037 autem
1234 1982 1356 2036 facit
1379 1995 1590 2049 semper
1617 1990 1671 2035 et
1699 1981 1751 2034 in
1780 1979 2000 2049 singulis
2029 1994 2191 2048 gene-

617 2074 929 2137 rationibus,
959 2090 1062 2128 non
1085 2088 1271 2129 omnes
1296 2072 1451 2126 simul
1479 2072 1530 2125 in
1561 2070 1746 2127 eadem
1774 2079 1988 2139 peccata
2018 2069 2194 2138 lapsos

623 2164 893 2233 plectens;
924 2178 1044 2217 nam
1088 2163 1220 2218 alias
1257 2170 1423 2217 totum
1450 2174 1620 2231 genus
1666 2168 1902 2215 nostrum
1928 2159 2036 2227 jam
2066 2159 2194 2212 olim

619 2255 881 2308 sublatum
908 2263 1079 2319 esset;
1112 2254 1204 2309 sed
1226 2255 1292 2308 ab
1311 2254 1430 2308 aliis
1454 2254 1539 2307 hic
1560 2267 1742 2321 pennas
1767 2252 1992 2320 repetit,
2024 2250 2190 2303 levio-

620 2360 732 2399 rem
765 2344 887 2397 hiuc
914 2344 1014 2396 illis
1044 2357 1235 2413 parans
1285 2344 1337 2396 in
1377 2343 1480 2396 alia
1527 2343 1633 2396 vita
1662 2341 2004 2395 cruciatum:
2036 2348 2194 2408 atque

620 2433 909 2503 acqualihus
939 2434 1175 2502 ipsorum
1205 2431 1514 2487 mutationis
1541 2432 1592 2485 in
1618 2430 1810 2485 melius
1830 2443 2072 2498 magnam
2103 2442 2196 2482 oc-

621 2523 891 2577 casionem
920 2522 1222 2592 suppeditat
1254 2540 1267 2576 :
1298 2522 1417 2577 illos
1446 2530 1621 2576 autem
1650 2521 1741 2590 qui
1780 2533 1951 2587 neque
1974 2533 2038 2571 ex
2068 2531 2196 2587 pro-

623 2612 739 2679 prio
773 2621 917 2664 motu
944 2652 959 2676 ,
988 2626 1160 2680 neque
1188 2627 1251 2665 ex
1281 2611 1375 2664 tali
1401 2610 1796 2679 dispensatione
1820 2607 2090 2677 quidpiam
2115 2608 2197 2661 Iu-

621 2700 759 2753 erari
784 2700 1005 2763 volunt,
1049 2700 1116 2754 ad
1160 2699 1516 2754 inevitabilem
1553 2708 1607 2752 et
1650 2696 1986 2752 tremendum
2009 2694 2196 2765 judicii

622 2786 762 2840 diem
791 2798 1039 2842 reservat.
1071 2786 1138 2840 In
1164 2803 1319 2858 regno
1349 2786 1489 2841 Ozias
1506 2795 1553 2840 et
1578 2784 1803 2839 Joathan
1822 2827 1838 2851 ,
1873 2794 1921 2839 et
1962 2784 2133 2837 Actias
2151 2793 2197 2838 et

627 2878 889 2941 Ezechite,
918 2880 1003 2949 qui
1023 2888 1296 2948 regnarunt
1334 2878 1387 2930 in
1410 2878 1614 2931 Judtra.
1641 2875 1949 2946 Opportune
1991 2882 2199 2943 tempus

624 2968 838 3036 adjicit,
872 2969 1163 3022 studiosum
1193 2968 1485 3021 auditorem
1512 2967 1788 3020 remittens
1826 2966 1892 3018 ad
1924 2964 2195 3018 historiam

626 3073 803 3112 rerum
832 3068 1119 3128 gestarum.
1152 3057 1223 3111 Ita
1254 3058 1394 3113 enim
1442 3058 1717 3127 prophetia
1749 3056 1951 3110 facilius
1996 3055 2194 3109 intelli-

623 3157 777 3216 getur
801 3149 1097 3218 clariorque
1122 3148 1244 3211 erit,
1273 3148 1316 3201 si
1343 3147 1609 3201 discamus
1630 3188 1646 3213 ,
1673 3160 1776 3215 qua
1806 3159 1981 3199 rerum
2017 3142 2199 3197 condi-

625 3241 787 3300 tione,
818 3248 873 3292 ct
901 3252 1005 3307 quo
1036 3238 1087 3291 in
1113 3245 1251 3291 statu
1276 3236 1611 3291 Iudaicarum
1649 3236 1938 3305 plagarum,
1969 3230 2200 3302 prophe-

631 3339 699 3383 ta:
727 3326 1009 3397 pharmaca
1035 3327 1419 3382 coneinnarint.
1443 3326 1498 3378 2.
1517 3326 1669 3391 Audi,
1704 3325 1900 3387 aetum,
1932 3332 1978 3376 et
1997 3320 2200 3373 auribus

629 3418 859 3486 percipe,
884 3428 1015 3470 terra
1040 3457 1053 3480 ,
1077 3418 1194 3487 quia
1220 3416 1464 3470 Dominus
1496 3416 1727 3484 loquutus
1765 3421 1856 3467 est.
1904 3411 2059 3466 Multa
2088 3409 2199 3477 ple-

634 3525 760 3563 num
792 3518 873 3563 est
902 3510 977 3561 ira
1005 3507 1106 3562 hoc
1131 3506 1438 3562 exordium.
1464 3505 1573 3559 Nisi
1598 3506 1737 3559 enim
1768 3504 1952 3572 ingens
1981 3509 2124 3555 esset
2148 3509 2201 3553 et

628 3601 908 3658 lnell'abilis
947 3600 1255 3669 indignatio,
1285 3612 1611 3669 nequaquam
1630 3637 1645 3662 ,
1674 3595 1848 3649 utissis
1875 3592 2199 3657 hominibus,

632 3694 702 3747 ad
734 3694 997 3747 elementa
1024 3705 1324 3745 sermonem
1351 3689 1619 3745 vertisset.
1641 3686 1774 3741 Illud
1797 3701 1923 3741 vero
1949 3684 2073 3740 facit
2096 3700 2197 3738 non

634 3783 795 3837 modo
819 3784 910 3835 ira:
937 3779 1271 3836 declaranda:
1315 3794 1497 3845 causa,
1528 3778 1622 3833 sed
1653 3786 1709 3831 ut
1736 3790 1829 3831 eos
1852 3776 1941 3844 qui
1971 3773 2199 3827 audituri

626 3881 802 3938 erant,
834 3872 1029 3942 ingenti
1064 3870 1262 3939 pudore
1290 3868 1636 3933 sulfunderet,
1664 3866 1952 3923 ostendens
1990 3878 2084 3919 eos
2112 3865 2201 3933 qui

629 3965 837 4019 ratione
862 3963 1096 4017 decorati
1123 3971 1301 4018 essent
1326 4002 1341 4028 ,
1369 3963 1520 4031 pejus
1557 3976 1617 4017 se
1647 3960 1842 4015 habere
1864 3998 1879 4023 ,
1908 3971 2063 4028 quam
2094 3954 2203 4010 ele-

628 4068 808 4112 menta
838 4070 996 4109 sensu
1024 4056 1279 4110 carentia.
1308 4054 1363 4108 Id
1389 4053 1527 4122 quod
1552 4054 1709 4106 etiam
1737 4049 1944 4106 ueteris
1969 4046 2203 4119 prophe-

628 4148 698 4201 tis
723 4147 773 4199 in
799 4160 945 4199 more
971 4152 1072 4199 est.
1104 4144 1303 4198 Idcirco
1332 4145 1375 4196 is
1401 4144 1489 4211 qui
1515 4142 1578 4195 ad
1605 4141 1980 4196 Jeroboamum
2008 4139 2204 4193 missus

627 4236 823 4299 fuerat,
856 4235 1055 4288 omisso
1083 4247 1207 4303 rege
1230 4232 1296 4286 ad
1325 4247 1483 4302 quem
1514 4233 1839 4297 mittebatur,
1873 4231 2043 4284 altare
2066 4228 2205 4282 allo-

630 4326 809 4395 quitur
835 4326 853 4393 (
879 4326 932 4380 5.
965 4325 1091 4395 Reg.
1123 4324 1209 4378 15.
1239 4324 1291 4377 1.
1316 4320 1412 4393 2).
1448 4322 1511 4375 Et
1532 4320 1790 4375 Jeremias
1820 4330 2015 4373 terram
2041 4331 2202 4372 voca-

632 4418 725 4470 bat
750 4416 935 4470 dicens
964 4435 976 4470 :
1011 4414 1167 4469 Terra
1191 4456 1207 4479 ,
1239 4423 1401 4478 terra,
1448 4424 1579 4467 terra
1602 4428 1620 4466 :
1641 4412 1797 4466 scribe
1840 4411 1973 4463 hunc
2001 4412 2161 4465 virum
2183 4452 2198 4475 ,

633 4510 793 4561 virum
817 4508 1146 4576 proscriptum
1176 4507 1305 4577 (Jer.
1331 4506 1419 4559 22.
1453 4505 1541 4559 29.
1574 4502 1686 4575 50).
1715 4503 1964 4572 Aliusque
1992 4518 2202 4556 rursum

634 4597 844 4651 diccbat
873 4614 885 4650 :
913 4596 1117 4661 Audite,
1140 4595 1325 4660 valles,
1354 4594 1683 4665 fundamenta
1728 4602 1893 4646 terra.
1926 4591 2087 4645 Filios
2112 4607 2201 4659 ge-

636 4689 726 4741 nui
750 4687 938 4757 (Mich.
970 4686 1022 4741 6.
1052 4685 1145 4755 2).
1174 4684 1288 4739 Non
1317 4698 1598 4739 commune
1624 4682 1871 4738 omnibus
1904 4680 2205 4736 hominibus

643 4780 731 4834 hic
758 4778 905 4848 ponit
932 4776 1245 4832 beneficium
1271 4817 1285 4840 ,
1314 4774 1454 4845 quod
1493 4788 1686 4842 nempe
1730 4772 1852 4827 facti
1873 4780 2053 4828 essent
2072 4813 2088 4837 ,
2110 4770 2205 4825 sed

638 4870 844 4939 insigne
885 4868 1200 4939 quodpiam,
1231 4865 1369 4937 quod
1408 4864 1499 4919 filii
1544 4862 1718 4919 effecti
1742 4870 1943 4917 essent.
1984 4862 2207 4931 Semper

637 4964 778 5017 enim
802 4962 1055 5017 beneficia
1075 4960 1267 5014 inferre
1290 4957 1472 5027 incipit
1489 4956 1649 5011 Deus.
1670 4954 1745 5009 Ac
1762 4951 2203 5023 quemadmodum

636 5070 757 5108 cum
788 5053 1059 5107 hominem
1106 5059 1330 5114 crearet,
1374 5047 1464 5118 qui
1506 5061 1610 5101 non
1639 5054 1761 5099 ante
1789 5044 1976 5105 fuerat,
2006 5057 2125 5095 eum
2153 5042 2203 5113 in

640 5145 902 5216 principio
949 5142 1229 5197 honoravit
1287 5140 1474 5196 dicens
1496 5181 1510 5203 ,
1546 5136 1817 5191 Faciamus
1854 5135 2104 5188 hominem
2140 5131 2206 5183 ad

639 5236 908 5306 imaginem
946 5243 993 5287 et
1036 5232 1411 5285 similitudinem
1453 5238 1676 5283 nostram
1709 5225 1873 5298 (Cen.
1909 5225 1961 5279 1.
1986 5220 2117 5293 26);
2152 5222 2204 5275 in

640 5341 777 5380 nma
814 5332 989 5379 autem
1037 5322 1150 5391 lege
1179 5321 1365 5390 majori
1397 5334 1493 5373 nos
1536 5318 1744 5372 ornavit
1786 5314 2071 5375 beneficio;
2100 5326 2204 5364 non

643 5416 816 5469 Solum
845 5412 985 5468 enim
1018 5410 1272 5465 nihildum
1301 5418 1546 5479 operatos
1567 5447 1581 5473 ,
1606 5407 1700 5462 sed
1728 5406 1886 5460 etiam
1918 5401 2208 5457 innumeris

644 5507 799 5560 malis
822 5513 1043 5559 onustos
1066 5502 1345 5557 honoravit
1364 5516 1460 5569 per
1480 5501 1742 5554 lavacrum
1764 5492 2204 5567 regenerationis:

643 5598 713 5651 ita
744 5606 798 5651 et
818 5598 901 5650 hic
930 5596 1113 5650 videre
1136 5603 1245 5656 est;
1275 5608 1393 5646 nam
1430 5607 1522 5645 cos
1552 5592 1640 5659 qui
1671 5606 1773 5643 non
1815 5587 1971 5641 modo
1997 5587 2047 5637 in
2077 5583 2207 5637 ado-

645 5688 822 5757 ptione
844 5687 969 5741 nihil
992 5688 1115 5742 boni
1138 5694 1372 5757 egerant,
1394 5684 1486 5737 sed
1513 5683 1669 5737 etiam
1706 5680 1835 5749 lapsi
1858 5679 2061 5733 fuerant
2085 5718 2094 5739 ,
2118 5676 2209 5728 ho-

2292 443 2521 496 noravit.
2546 442 2653 496 Nec
2697 456 2821 496 vero
2861 440 2981 510 quia
3018 449 3140 494 ante
3177 438 3385 495 labores
3405 440 3664 494 honorare
3699 441 3854 505 solet.

2293 543 2413 603 post
2440 533 2651 587 labores
2692 532 2933 586 mercede
2960 532 3160 601 privat;
3190 531 3282 585 sed
3315 540 3439 586 tunc
3483 532 3684 601 majora
3726 548 3854 587 cou-

2296 626 2392 678 fert
2412 624 2645 689 prmmia.
2677 623 2739 676 Et
2764 622 2998 676 exultavi.
3029 621 3157 687 Quze
3183 622 3233 675 in
3260 620 3509 691 Egypto,
3532 638 3650 690 qua:
3678 622 3730 677 in
3759 625 3850 676 dcc

2293 726 2457 779 serto,
2480 731 2595 784 qum
2618 717 2665 768 in
2692 714 2967 769 Palmstina
2996 715 3180 783 gessit,
3207 728 3313 767 uno
3339 714 3499 767 verbo
3528 716 3749 782 carptim
3779 726 3852 768 te

2298 809 2433 877 tigit.
2462 808 2572 861 Mos
2600 808 2742 862 enim
2792 806 2902 862 Deo
2930 815 3013 860 est
3039 805 3107 859 ob
3132 805 3511 860 beneficiorum
3552 806 3758 873 copiam
3806 807 3857 860 in

2297 897 2601 952 narratione
2644 903 2915 964 gestorum
2956 909 3063 949 non
3107 894 3403 948 minutatim
3448 895 3716 948 insistere.
3749 894 3858 961 Ipsi

2292 998 2457 1043 autem
2486 996 2775 1055 spreverunt
2805 1001 2902 1040 me.
2931 984 3269 1054 Transgressi
3298 994 3439 1048 sunt,
3468 984 3656 1053 inquit,
3689 983 3858 1052 legem

2293 1094 2487 1145 meam,
2519 1077 2765 1133 mandata
2810 1076 3229 1145 dereliquerunt.
3271 1075 3325 1130 5.
3355 1072 3594 1145 Cognovit
3632 1074 3717 1128 bos
3747 1090 3861 1142 pos-

2293 1186 2531 1225 sessorem
2554 1185 2721 1234 suum,
2748 1177 2797 1223 et
2834 1168 3005 1223 asinus
3032 1182 3254 1236 pra'sepe
3286 1166 3477 1220 domini
3503 1165 3601 1219 sui.
3629 1164 3863 1234 Compa-

2296 1260 2531 1314 rationes
2581 1259 2905 1314 accusationi
2958 1257 3315 1314 accessionem
3364 1264 3585 1327 parant,
3631 1256 3864 1310 maxime

2296 1364 2422 1405 vero
2451 1363 2569 1402 cum
2598 1364 2663 1404 ex
2692 1347 3037 1418 inaequalibus
3060 1347 3445 1401 concinnantur
3478 1362 3491 1399 :
3521 1344 3858 1415 quemadmo-

2295 1442 2422 1497 dum
2446 1451 2499 1497 et
2518 1440 2762 1495 Christus
2790 1441 2861 1494 ait
2891 1458 2903 1494 :
2946 1439 3054 1493 Viri
3078 1437 3319 1492 Ninivitw
3340 1447 3540 1508 surgent
3581 1438 3631 1490 in
3666 1436 3864 1507 judicio

2297 1550 2411 1587 cum
2433 1533 2748 1604 generatione
2774 1532 2889 1597 hac,
2918 1541 2965 1585 et
2987 1530 3386 1585 condemnabunt
3427 1546 3536 1583 eam
3566 1528 3726 1599 (Luc.
3770 1528 3859 1582 11.

2297 1624 2418 1692 52);
2449 1638 2512 1678 ac
2550 1636 2757 1677 rursum
2792 1638 2804 1674 :
2852 1622 3048 1691 Regina
3086 1622 3245 1675 austri
3276 1628 3442 1691 surget
3475 1622 3526 1672 in
3555 1620 3771 1690 judicio,
3816 1627 3865 1671 et

2295 1714 2643 1767 condemnabit
2676 1712 3042 1782 generationem
3069 1712 3219 1771 hanc,
3251 1711 3366 1778 quia
3407 1710 3537 1762 venit
3577 1725 3638 1763 ea:
3680 1709 3865 1777 ﬁnibus

2296 1813 2441 1857 teme
2465 1804 2640 1859 audire
2666 1804 2964 1874 sapientiam
2993 1802 3278 1856 Salomonis
3304 1800 3462 1871 (Ibid.
3495 1817 3539 1854 v.
3568 1799 3680 1871 51).
3723 1799 3862 1852 Rur-

2296 1908 2490 1961 susque
2516 1893 2775 1947 Jeremias
2803 1893 2878 1947 ait
2904 1908 2924 1946 :
2952 1891 3032 1945 Ite
3064 1893 3132 1945 ad
3175 1893 3367 1945 insulas
3396 1890 3604 1945 Chetiim
3632 1900 3679 1943 et
3706 1890 3867 1943 videte

2297 1989 2347 2037 in
2377 1984 2555 2037 Cedar.
2592 1984 2777 2037 Mittite
2805 1994 2851 2037 et
2871 1984 3172 2053 cognoscite,
3197 1983 3239 2035 si
3266 1981 3522 2035 mutabunt
3551 1990 3719 2050 gentes
3742 1981 3866 2031 deos

2299 2092 2415 2129 suos
2437 2092 2454 2128 :
2477 2075 2693 2144 populus
2719 2090 2833 2128 vero
2859 2090 2996 2127 nteus
3026 2073 3230 2125 mutauit
3256 2072 3467 2141 gloriam
3485 2086 3655 2133 suam,
3681 2084 3742 2122 ex
3764 2083 3867 2136 quo

2298 2167 2426 2221 nihil
2450 2166 2672 2236 proﬁciet
2690 2164 2823 2233 (Jer.
2852 2164 3013 2218 2.10.
3043 2164 3152 2232 11).
3175 2162 3341 2216 Docet
3370 2162 3537 2229 legem
3554 2174 3655 2212 non
3677 2158 3866 2211 duram

2299 2275 2438 2328 esse,
2455 2270 2508 2315 et
2524 2267 2779 2328 quantam
2789 2270 3085 2311 mensuram
3108 2252 3358 2322 exigatab
3372 2251 3688 2312 hominibus,
3704 2263 3866 2319 quam

2300 2355 2477 2415 bruta,
2508 2359 2562 2404 et
2604 2350 2758 2404 bruta
2795 2348 3032 2403 omnium
3073 2344 3432 2414 stupidissima
3471 2342 3688 2408 implcrt
3737 2353 3867 2408 pos-

2299 2445 2425 2497 sint.
2454 2441 2557 2497 Sed
2584 2439 2776 2494 dixerit
2796 2437 3079 2507 quiSpiam,
3100 2435 3191 2488 Illa
3218 2434 3269 2487 in
3296 2441 3480 2484 natura
3508 2430 3701 2482 habent
3719 2425 3867 2496 quod

2303 2540 2644 2604 eugnoscant.
2675 2529 2781 2585 Sed
2824 2540 3103 2597 possumus
3144 2537 3344 2591 eaquae
3376 2520 3525 2574 bruta
3566 2534 3630 2572 ex
3679 2526 3868 2571 natura

2300 2640 2391 2680 sua
2420 2624 2614 2677 faciunt
2659 2637 2721 2676 ex
2773 2619 3042 2689 proposito
3072 2613 3352 2669 voluntatis
3391 2611 3630 2679 implere.
3671 2609 3871 2675 Cogno-

2299 2718 2366 2768 vit
2411 2717 2496 2768 bos
2546 2727 2898 2782 possessorem.
2936 2708 3051 2761 Non
3078 2722 3143 2759 ex
3172 2704 3295 2758 doni
3323 2700 3632 2756 excellentia
3666 2698 3717 2752 in
3750 2712 3869 2750 me-

2301 2809 2443 2863 dium
2473 2805 2718 2868 adducit,
2747 2801 2841 2856 sed
2869 2816 2933 2855 ex
2958 2798 3204 2868 nequitiae
3234 2797 3249 2827 ⁸
3277 2791 3620 2848 redundantia
3654 2789 3868 2842 illorum

2307 2969 2421 3046 ruin
2454 2991 2706 3059 pudorem
2748 2986 3012 3041 elementa
3051 2988 3277 3035 evocat.-
3312 2975 3383 3029 ita
3404 2989 3513 3029 non
3536 2969 3867 3034 hominibus,

2302 3084 2394 3137 sed
2422 3081 2590 3136 brutis
2622 3080 2765 3148 ipsos
2811 3083 3103 3142 comparat,
3147 3084 3209 3123 ac
3250 3069 3521 3120 brutorum
3568 3059 3869 3129 stupidissio

2304 3174 2425 3236 mis,
2457 3171 2661 3238 illisque
2692 3166 2899 3236 pejores
2929 3177 3051 3217 esse
3077 3157 3328 3214 ostendit.

2374 3265 2427 3318 5.
2470 3262 2611 3315 Idem
2638 3259 2759 3313 facit
2784 3266 2836 3312 et
2859 3254 3136 3317 Jeremias,
3170 3260 3420 3304 turturem
3452 3254 3507 3301 et
3530 3241 3868 3298 hirundinem

2305 3358 2355 3411 in
2384 3355 2612 3410 medium
2638 3360 2866 3404 evocans
2896 3343 3029 3415 (Jer.
3062 3344 3114 3397 8.
3142 3340 3232 3409 7);
3258 3350 3311 3394 et
3335 3337 3605 3399 Salomon,
3639 3348 3777 3387 nunc
3804 3331 3872 3386 ad

2306 3449 2600 3507 formicam,
2626 3457 2764 3496 nunc
2783 3440 2848 3493 ad
2878 3451 3031 3506 apem
3051 3434 3264 3488 mittens
3294 3444 3411 3484 eum
3438 3430 3524 3495 qui
3555 3425 3720 3478 otiose
3744 3422 3876 3475 vivit

2306 3539 2484 3609 (Prov.
2518 3535 2571 3589 6.
2600 3533 2673 3601 6).
2702 3528 2869 3584 Israel
2889 3536 3057 3579 autem
3086 3538 3164 3575 me
3192 3536 3290 3573 non
3310 3516 3534 3587 cognovit
3560 3510 3728 3581 (Eccli
3777 3511 3871 3563 Il.

2306 3604 2381 3697 3).
2414 3624 2661 3680 Aecessio
2692 3617 2905 3673 malitia:
2928 3625 3029 3681 est,
3058 3627 3175 3667 cum
3208 3610 3240 3663 ii
3270 3608 3357 3677 qui
3387 3604 3668 3659 familiares
3695 3609 3874 3657 erant.

2305 3695 2424 3791 post
2450 3727 2524 3771 tot
2550 3716 2799 3774 honores,
2824 3722 3007 3764 omnes
3035 3701 3309 3760 confertim
3327 3698 3392 3752 ad
3415 3695 3664 3750 malitiam
3684 3701 3878 3760 sponte

2306 3783 2629 3877 confugiunt.
2665 3804 2781 3857 Non
2818 3800 2977 3863 dixit,
3007 3795 3191 3859 Iacob,
3219 3789 3332 3856 sed,
3362 3787 3546 3851 Israel,
3576 3795 3631 3838 ut
3668 3799 3735 3837 ex
3762 3783 3877 3877 vir-

2306 3913 2417 3958 tute
2458 3873 2804 3969 progcuitoris
2850 3893 3105 3959 ingratum
3153 3891 3398 3952 nepotum
3434 3878 3664 3931 animum
3706 3873 3880 3941 magis

2306 3962 2629 4047 ostenderet.
2654 3984 2747 4039 Ille
2782 3982 2919 4037 enim
2953 3977 3112 4032 animi
3155 3975 3345 4026 virtute
3372 3965 3788 4024 benedictionem
3819 3962 3878 4015 in

2307 4080 2523 4137 nomine
2548 4086 2853 4143 expressam
2878 4064 3168 4138 promeruit
3217 4079 3230 4115 :
3276 4060 3345 4113 illi
3376 4071 3502 4111 vero
3534 4055 3602 4108 ob
3633 4049 3881 4119 iniquita-

2310 4182 2415 4227 tem
2453 4140 2633 4238 ipsam
2652 4160 3010 4231 prodiderunt.
3050 4154 3112 4208 Et
3141 4148 3355 4221 populus
3391 4161 3527 4199 meus
3551 4159 3629 4196 me
3662 4156 3761 4238 non
3789 4140 3879 4191 in-

2309 4231 2495 4316 tellexit
2527 4274 2546 4312 :
2575 4254 2680 4320 Me,
2710 4251 2896 4320 inquit,
2928 4248 3041 4300 sole
3070 4242 3365 4297 clariorem.
3389 4237 3446 4290 4.
3484 4233 3571 4287 Va:
3598 4231 3731 4301 genti
3752 4244 3878 4320 pec-

2308 4352 2502 4407 catrici.
2535 4318 2838 4403 Hoc-etiam
2868 4335 3138 4409 prophetis
3183 4334 3234 4385 in
3260 4342 3406 4383 more
3434 4325 3547 4390 fuit,
3579 4330 3635 4375 ut
3670 4332 3763 4374 eos
3788 4318 3881 4371 lu-

2307 4452 2520 4517 gerent,
2552 4441 2642 4510 qui
2670 4432 2942 4492 incurabili
2969 4427 3153 4483 morbo
3180 4424 3497 4476 laborarent.
3530 4414 3693 4517 Sicet
3721 4410 3879 4517 terp-

2310 4499 2442 4592 iiiias
2473 4499 2653 4587 multis
2689 4529 2741 4581 in
2773 4523 2935 4585 locis;
2968 4520 3043 4573 sic
3082 4528 3134 4570 et
3167 4513 3405 4568 Christus
3435 4522 3552 4562 cum
3578 4504 3704 4557 dicit
3734 4519 3754 4592 :7
3775 4499 3885 4592 (Var

2310 4591 2395 4681 ubi
2434 4620 2676 4683 Charaxi,
2718 4630 2793 4670 tne
2827 4612 2913 4666 tibi
2941 4605 3210 4662 Bethsaida
3240 4599 3447 4671 (Matth.
3481 4596 3566 4649 tt.
3604 4593 3716 4663 2t).
3742 4591 3882 4645 Nam

2312 4719 2413 4773 hoc
2457 4715 2614 4769 etiam
2654 4706 2909 4763 doctrinm
2948 4698 3154 4768 species
3178 4701 3279 4748 est.
3317 4690 3483 4756 Quem
3517 4684 3659 4741 enim
3698 4696 3887 4737 sermo

2312 4826 2416 4864 non
2472 4805 2642 4875 potuit
2685 4798 3005 4855 reformare,
3057 4790 3226 4842 luctus
3275 4794 3509 4875 persmpe
3552 4774 3879 4875 emendavit:

2313 4861 2515 4967 I’opulo
2540 4894 2686 4963 pleno
2704 4883 2935 4958 peccatis.
2960 4880 3071 4933 Alia
3093 4869 3442 4928 accusationis
3460 4865 3713 4967 accessio.
3732 4861 3884 4966 quod

2311 4956 2514 5048 omnes,
2541 4956 2683 5053 quod
2705 4956 2989 5032 admodum
3019 4969 3352 5041 [peccatores
3376 4956 3535 5030 sint].
3565 4956 3756 5011 Semini
3784 4969 3885 5053 ne-

2310 5044 2479 5153 quam.
2504 5044 2623 5130 Non
2662 5069 2915 5139 originem
2959 5075 3141 5117 eorum
3185 5058 3472 5153 vituperat,
3514 5044 3886 5153 sedestendit

2312 5137 2404 5228 eos
2432 5188 2461 5225 a
2489 5153 2656 5239 prima
2696 5137 2853 5216 aetate
2875 5153 3142 5226 improbos
3172 5150 3348 5203 fuisse.
3380 5145 3527 5200 Sicut
3554 5137 3878 5239 enim-toan.

2313 5227 2408 5318 nes
2438 5227 2558 5316 cum
2582 5256 2727 5319 dicit,
2765 5252 3053 5318 Serpentes,
3083 5241 3333 5312 genimina
3359 5237 3637 5306 viperarum
3664 5227 3878 5297 (Matth.

2313 5357 2367 5409 3.
2402 5354 2486 5423 7),
2529 5363 2633 5402 nou
2680 5318 2919 5399 naturam
2958 5335 3257 5403 vituperat:
3290 5343 3395 5382 non
3443 5323 3582 5379 enim
3631 5318 3881 5384 dixisset,

2377 5553 2393 5584 ί
2428 5556 2565 5599 Forte
2586 5546 2777 5599 melius.
2801 5548 2960 5588 Graeca
2983 5534 3191 5599 lectione
3214 5530 3504 5599 aliquantum
3526 5525 3750 5599 (mutatam:

2314 5585 2789 5666 modo‘e-Jz‘doiiiip‘s-i's
2809 5585 3017 5666 concessi
3032 5585 3427 5649 r.rcellenti.i,scd
3445 5598 3506 5636 ea:
3525 5585 3764 5644 nequittat.
3781 5585 3881 5626 etc.

2317 5663 2423 5725 luce
2450 5684 2510 5719 ex
2540 5663 2700 5717 Atleno
2722 5663 3000 5712 notat-inus.
