4152 6506
297 400 362 454 17
1630 382 1694 437 ιΝ
1734 376 1885 433 ISAI!

2017 377 2163 433 CAP.
2206 377 2246 430 Ι.

297 500 469 554 Facite
509 501 669 568 igitur
692 506 883 569 fructus
921 502 1096 568 dignos
1130 497 1424 568 pmnitentiar
1446 494 1605 564 (Ibid.
1634 510 1678 547 υ.
1708 492 1787 563 8),
1817 490 1863 545 si

298 604 360 645 ex
390 602 581 645 natura
624 600 679 644 et
717 593 784 643 ah
812 600 930 643 ortu
977 591 1108 642 tales
1151 588 1369 641 fuissent
1402 603 1414 639 :
1443 588 1517 639 sic
1545 594 1597 639 et
1626 585 1726 637 hoe
1751 584 1869 638 loco

300 694 423 734 cum
460 681 633 732 dicit:
669 680 865 734 Semiai
903 695 1135 745 nequam,
1183 693 1285 731 non
1331 685 1505 731 ortum
1548 674 1742 746 probro
1782 673 1871 728 dat

307 768 430 820 illis.
480 767 630 819 Filtis
669 768 941 837 exlcgibus.
985 767 1100 821 Non
1136 766 1300 831 dixit,
1347 764 1866 829 Praevaricatoribus,

308 859 423 923 sed,
464 859 755 929 Exlegibus,
787 860 875 929 qui
912 874 1013 912 non
1038 857 1242 911 meliori
1268 864 1445 910 essent
1474 854 1680 915 alfectu,
1712 868 1866 924 quam

304 949 351 1000 si
384 948 552 1015 legem
601 962 883 1017 numquam
920 946 1268 1013 excepissent.
1296 944 1399 998 Sed
1443 943 1693 1012 prepositi
1724 941 1872 995 αισθ-

308 1038 532 1089 rentiam
560 1036 816 1105 signiﬁcat
848 1038 886 1087 ί.
913 1035 1258 1103 Dereliquistis
1282 1033 1573 1094 Dominum,
1598 1042 1644 1085 et
1672 1031 1739 1084 ad
1767 1033 1873 1084 ira-

304 1126 545 1178 cundiam
586 1125 904 1194 prorocastis.
936 1124 1035 1179 Per
1076 1122 1349 1192 emphasin
1388 1122 1488 1176 hoc
1528 1121 1677 1176 dixit.
1712 1120 1872 1175 Sufﬁ—

307 1217 483 1270 ciebat
511 1216 650 1269 enim
690 1230 879 1269 nomen
920 1215 1006 1267 Dei
1034 1214 1099 1268 ad
1126 1214 1511 1268 accusationem
1548 1230 1561 1265 :
1592 1227 1691 1281 qua
1720 1212 1786 1265 de
1816 1226 1873 1265 re

308 1307 567 1361 Jeremias
602 1306 900 1372 expostulat
940 1304 1121 1358 dicens
1150 1322 1162 1356 :
1198 1303 1328 1367 Quia
1361 1303 1421 1355 ab
1458 1302 1546 1356 illo
1567 1303 1869 1370 defecerunt,

307 1406 355 1448 et
385 1394 695 1447 daemonibus
726 1394 1058 1446 adltteseruut.
1084 1392 1326 1446 Sanctum
1351 1389 1513 1444 Israel
1541 1390 1785 1459 (Baruch.
1814 1391 1869 1445 4.

306 1484 363 1535 ’1.
396 1482 475 1553 8).
512 1482 635 1536 Hmc
672 1498 877 1551 quoque
920 1481 1299 1535 criminationis
1344 1479 1577 1535 acceSsio
1622 1488 1720 1543 est,
1752 1479 1873 1548 quia

307 1588 432 1625 cum
464 1573 758 1626 communis
784 1573 1014 1625 omnium
1041 1571 1292 1624 Dominus
1318 1568 1410 1634 sit,
1443 1570 1567 1637 ipsis
1592 1579 1711 1622 tunc
1733 1568 1874 1640 (pro-

313 1661 451 1728 prie)
493 1669 645 1714 notus
674 1669 807 1713 erat.
838 1659 1117 1712 Abalienati
1156 1669 1267 1712 sunt
1310 1668 1595 1711 retrorsum.
1642 1658 1694 1711 5.
1739 1658 1873 1724 Quid

312 1750 452 1803 ultra
487 1748 826 1818 percutiemini
864 1749 1099 1800 addentes
1146 1747 1612 1815 prwvttricationes?
1654 1746 1872 1799 Maxima

311 1838 603 1900 damnatio,
622 1852 742 1890 cum
765 1851 831 1890 ne
856 1852 922 1890 ex
942 1837 1207 1905 suppliciis
1223 1837 1433 1905 quidem
1460 1838 1701 1890 meliores
1724 1836 1873 1889 ﬁunt.

316 1925 555 1995 llludque
580 1926 783 1994 species
809 1924 1046 1978 beneﬁcii
1078 1935 1209 1988 erat,
1239 1924 1376 1992 quod
1415 1926 1739 1992 punirentur.
1771 1924 1874 1978 Ne-

316 2033 421 2085 que
440 2017 577 2070 enim
606 2016 781 2070 dicere
818 2025 1031 2083 possent
1073 2016 1233 2069 Deum
1275 2016 1562 2069 honorasse
1604 2026 1798 2070 tantum
1824 2023 1876 2069 et

318 2106 590 2159 beneficiis
617 2106 887 2170 affecisse,
921 2114 1198 2173 peccantes
1244 2116 1418 2159 autem
1460 2106 1752 2169 dimisisse;
1783 2105 1875 2159 sed

319 2197 411 2250 ille
441 2196 726 2249 honoribus
759 2194 1084 2259 attrabebat,
1117 2203 1171 2248 et
1198 2194 1570 2264 suppliciorum
1600 2195 1786 2247 timore
1812 2193 1878 2248 ad

319 2285 594 2339 meliorem
630 2285 828 2354 frugem
856 2284 1157 2350 revocabat,
1186 2295 1239 2339 et
1276 2285 1412 2339 inter
1444 2295 1661 2352 utraque
1701 2284 1773 2338 illi
1801 2284 1879 2337 in-

317 2374 543 2427 curabili
572 2374 754 2427 morbo
783 2375 981 2429 detenti
1010 2374 1309 2428 manebant.
1340 2373 1505 2429 Omne
1524 2389 1689 2443 genus
1710 2374 1878 2428 medi-

317 2462 459 2516 cinae
500 2462 761 2527 exhibuit,
795 2477 1012 2526 secans,
1046 2477 1205 2516 urens
1248 2480 1259 2514 :
1303 2462 1516 2515 morbus
1558 2472 1731 2515 tamen
1774 2476 1879 2515 non

318 2554 517 2616 cessit,
549 2554 685 2620 quod
726 2554 949 2605 maxime
976 2553 1179 2621 signum
1220 2561 1295 2604 est
1339 2552 1640 2605 incurabilis
1667 2553 1879 2621 (egritu-

319 2642 483 2700 dinis.
506 2656 623 2693 cum
654 2656 756 2692 non
780 2649 949 2707 potest
975 2641 1090 2708 quis
1116 2640 1403 2695 remedium
1430 2640 1691 2708 accipere.
1724 2640 1884 2694 Omne

320 2740 481 2796 caput
508 2730 572 2781 ad
602 2730 837 2794 laborem,
867 2741 910 2781 et
931 2745 1072 2781 omne
1092 2745 1178 2781 cor
1204 2730 1270 2781 ad
1292 2729 1558 2782 tristitiam.
1588 2728 1639 2784 6.
1669 2729 1713 2781 Α
1738 2730 1882 2799 pedi-

319 2823 415 2873 bus
441 2837 591 2887 usque
612 2821 677 2871 ad
714 2829 863 2888 caput
891 2836 988 2872 non
1028 2830 1098 2872 est
1124 2819 1175 2872 in
1200 2835 1256 2873 eo
1281 2820 1563 2888 integritas,
1596 2835 1749 2888 neque
1773 2819 1883 2872 vul-

322 2930 452 2973 nus,
485 2928 636 2979 neque
662 2912 827 2975 vibex,
864 2928 1018 2980 neque
1045 2912 1194 2982 plaga
1236 2921 1449 2965 tumens.
1482 2911 1680 2965 Deinde
1709 2921 1887 2965 narrat

320 3002 589 3055 cruciatus
628 3010 680 3053 et
720 3002 971 3069 supplicia
1005 3020 1016 3054 :
1051 3016 1219 3070 neque
1256 3004 1395 3056 enim
1435 3004 1608 3057 minor
1647 3002 1758 3057 tunc
1804 3011 1888 3057 est

321 3090 535 3156 species
561 3090 795 3143 benelieii
827 3101 880 3144 et
900 3093 1114 3144 honoris
1138 3092 1262 3159 ipsis
1291 3093 1482 3145 collati.
1506 3092 1699 3147 Omnes
1720 3093 1885 3157 enim,

326 3182 531 3249 inquit,
563 3181 754 3241 afﬂixi,
786 3195 982 3249 eosque
1012 3183 1062 3234 in
1103 3182 1337 3236 dolorem
1376 3183 1597 3249 conjeci.
1634 3182 1687 3236 Si
1731 3198 1888 3239 omne

322 3272 487 3329 caput
527 3263 575 3314 in
619 3263 847 3316 laborem
869 3304 883 3327 ,
928 3264 1193 3332 quomodo
1224 3280 1324 3318 non
1361 3273 1441 3318 est
1466 3266 1653 3319 vulnus
1674 3306 1688 3331 ,
1719 3282 1889 3333 neque

326 3352 523 3406 \‘ibex?
555 3352 770 3416 Vulnus,
812 3353 1016 3421 reliquo
1057 3369 1279 3421 corpore
1318 3370 1445 3409 sano
1466 3398 1481 3421 ,
1515 3365 1637 3411 tunc
1670 3367 1889 3426 apparet

329 3443 522 3497 vulnus
549 3459 561 3493 :
590 3442 728 3511 quod
759 3444 800 3495 si
829 3452 995 3496 totum
1019 3445 1373 3498 exulceratum
1410 3446 1591 3511 fuerit,
1621 3463 1725 3501 non
1757 3448 1888 3502 ultra

326 3532 523 3586 vulnus
549 3534 837 3602 apparebit.
872 3534 981 3587 Hoc
1009 3534 1164 3603 igitur
1189 3536 1463 3603 signiﬁcat,
1498 3545 1660 3591 totum
1699 3554 1893 3608 corpus

329 3623 497 3676 fuisse
526 3623 789 3677 ulceribus
831 3624 1039 3692 plenum
1075 3642 1087 3676 :
1121 3640 1289 3693 neque
1328 3626 1465 3679 aliud
1511 3642 1715 3691 sanum,
1748 3628 1888 3681 aliud

328 3711 620 3763 nlreratum
652 3711 808 3765 fuisse
830 3730 843 3769 ;
868 3713 957 3765 sed
990 3722 1153 3766 totum
1182 3714 1519 3778 intumuisse,
1553 3726 1715 3770 totum
1744 3719 1893 3773 ulcus

330 3814 498 3850 unum
527 3799 704 3851 fuisse.
738 3799 855 3851 Non
896 3810 965 3853 est
1006 3803 1257 3870 malagma
1295 3820 1558 3871 apponere.
1591 3805 1697 3859 Hoc
1721 3808 1895 3873 priore

326 3887 546 3955 gravius
572 3896 669 3940 est.
694 3887 874 3941 Mnbe
909 3890 1047 3943 enim
1094 3890 1332 3945 laborare
1361 3909 1463 3945 non
1496 3894 1563 3946 ita
1596 3910 1753 3964 grave
1790 3906 1891 3963 est,

332 3987 393 4028 ιιι
420 3992 613 4045 rgrum
641 3991 743 4030 non
768 3992 922 4045 posse
959 3979 1131 4033 sanari
1162 3996 1174 4033 :
1200 3982 1487 4048 praesertim
1526 3997 1643 4036 eum
1685 3985 1801 4039 talis
1830 3987 1897 4039 sit

331 4068 594 4120 medicus.
627 4066 800 4135 Neque
838 4068 1023 4133 oleum,
1054 4086 1210 4137 neque
1246 4071 1507 4139 ligamina.
1544 4073 1609 4127 Ut
1636 4089 1756 4127 eum
1788 4091 1897 4129 em-

334 4156 489 4224 phasi
518 4156 780 4224 loquatur,
820 4166 1017 4224 perstat
1043 4158 1094 4210 in
1127 4158 1307 4213 eadem
1340 4162 1641 4228 metaphora
1675 4183 1686 4217 :
1718 4165 1767 4218 in
1799 4165 1899 4221 hoc

331 4245 479 4297 enim
505 4243 599 4296 sita
642 4252 723 4297 est
760 4244 1080 4312 metaphorre
1124 4249 1437 4314 pnestantia.
1468 4250 1523 4303 7.
1552 4250 1706 4304 Terra
1740 4263 1899 4306 vestra

332 4336 553 4388 deserta.
595 4334 718 4389 [lare
739 4350 841 4389 non
863 4345 919 4389 ut
935 4335 1041 4404 jam
1062 4336 1194 4391 facta
1216 4339 1506 4407 annuntiat,
1529 4342 1619 4397 sed
1654 4351 1710 4397 ut
1730 4342 1898 4398 futura

336 4425 631 4491 pmdicit'.
668 4424 777 4478 Hoc
801 4434 1014 4479 utuntur
1043 4441 1191 4481 more
1218 4429 1503 4496 prophetae,
1522 4430 1677 4485 simul
1696 4433 1901 4489 audito-

335 4530 452 4567 rem
486 4522 777 4581 terrentes,
804 4524 857 4569 et
896 4530 1003 4570 sua:
1033 4518 1268 4571 veritatis
1306 4524 1408 4573 vim
1450 4521 1808 4579 ostendentes.
1834 4524 1902 4581 Ut

336 4603 484 4655 enim
514 4619 629 4671 qua:
660 4606 1055 4672 prseterierunt,
1080 4622 1181 4660 non
1218 4619 1436 4676 possunt
1470 4625 1571 4663 non
1600 4611 1729 4665 facta
1761 4628 1897 4678 esse,

335 4692 418 4744 sic
457 4707 574 4758 qua:
615 4691 787 4745 futura
831 4708 859 4744 a
905 4695 1171 4761 prepbctis
1211 4698 1555 4763 praenuntiata
1598 4707 1738 4760 sunt,
1787 4700 1900 4753 ﬁeri

338 4780 526 4847 nequit
555 4790 609 4831 ut
641 4796 744 4831 non
771 4781 1092 4850 contingant,
1126 4783 1223 4837 nisi
1252 4785 1611 4851 pcenitentiam
1638 4798 1794 4856 agant
1822 4789 1899 4843 illi

338 4871 430 4937 qui
458 4869 711 4938 supplicio
731 4877 854 4922 sunt
886 4870 1168 4938 plectendi.
1201 4872 1431 4928 Civitates
1457 4886 1629 4929 vestra:
1652 4894 1903 4933 succensa!

340 4960 470 5029 igni.
499 4958 606 5009 Non
637 4959 775 5011 enim
802 4959 916 5012 illas
946 4961 1161 5013 omnino
1190 4962 1413 5030 delevit,
1450 4964 1543 5019 sed
1583 4969 1820 5035 permisit
1850 4979 1905 5023 ut

341 5047 572 5101 incendii
621 5047 877 5100 barbarici
923 5048 1163 5117 reliquiae
1204 5063 1560 5122 superessent,
1602 5073 1717 5127 quae
1742 5061 1905 5128 magis

336 5137 408 5188 ad
443 5136 749 5189 intuentium
772 5145 1040 5203 aspectum
1060 5140 1353 5210 pertingere
1380 5155 1610 5212 possent.
1635 5147 1904 5216 Regionem

340 5238 556 5279 vestram
580 5243 747 5279 coram
771 5227 904 5279 vobis
929 5227 1077 5280 alieni
1099 5229 1356 5298 devorant,
1384 5244 1428 5286 et
1445 5234 1669 5289 desolata
1694 5248 1764 5291 est
1789 5239 1907 5291 sub-

407 5382 422 5410 ι
459 5379 510 5427 lu
532 5387 711 5453 traice,
738 5396 968 5453 κμφωως
1002 5396 1066 5453 ςιῆν
1103 5392 1271 5447 διαφοράν
1304 5394 1417 5453 δηλοι
1456 5390 1726 5453 Legendum
1751 5393 1906 5453 suspi-

334 5452 518 5514 qamur.
540 5450 733 5514 εηεορριν
754 5458 778 5513 ;,
789 5452 909 5514 tunc
935 5450 1061 5514 enim
1083 5458 1255 5514 sensus
1275 5450 1456 5514 Optime
1473 5450 1746 5511 quadraret,
1764 5450 1909 5514 siqui-

334 5501 451 5547 dum
478 5501 625 5560 esset,
651 5501 893 5563 signiﬁcat
920 5503 1161 5565 voluntatis
1185 5501 1548 5565 corruptionem.

405 5565 430 5631 ’_
456 5566 632 5632 lloistus
659 5567 703 5612 in
731 5564 1063 5632 notissavilii,
1094 5581 1138 5624 p.
1169 5568 1271 5632 l37_,
1299 5569 1558 5630 legendum
1592 5580 1721 5632 putat
1746 5586 1757 5620 ε
1794 5582 1907 5623 mcc

341 5634 393 5667 nt
411 5624 657 5692 iumjanta
681 5626 951 5683 (amantior,
976 5634 1020 5671 at
1039 5639 1133 5692 non
1160 5634 1205 5692 ut
1229 5626 1391 5686 futura
1412 5624 1648 5692 pra-dicit.
1675 5634 1765 5684 sed
1803 5637 1909 5687 οη.

332 5692 480 5738 stimo
509 5686 684 5746 tmauu,
725 5695 777 5735 ut
812 5696 907 5745 cst,
954 5688 1130 5748 optime
1171 5689 1370 5739 habere.

3468 392 3539 443 18

1974 503 2111 541 versa
2138 508 2169 540 ιι
2194 490 2393 559 populis
2426 491 2621 544 alienis.
2649 491 2973 546 Calamitatis
3003 490 3239 545 accessio
3263 499 3372 554 cst,
3410 506 3529 543 cum

1976 578 2198 646 propria:
2240 579 2465 633 miseria:
2506 588 2829 647 spectatores
2871 590 3012 645 sunt,
3060 594 3157 635 nec
3194 581 3310 633 solo
3352 579 3532 631 auditu

1973 666 2115 721 illam
2140 668 2368 723 discunt.
2406 670 2456 723 8.
2487 669 2866 738 Derelinquetur
2890 671 2998 737 ﬁlia
3024 670 3149 723 Sion
3166 709 3180 730 ,
3202 670 3346 733 quasi
3375 678 3534 721 tento—

1973 761 2102 813 rium
2124 762 2175 814 in
2202 763 2363 827 uinea,
2386 771 2431 814 et
2456 762 2581 815 sicut
2607 762 2859 831 tugurium
2885 762 2935 814 in
2955 761 3318 815 cucumerario.

2045 851 2095 903 ι.
2135 850 2370 918 Magnum
2391 850 2656 918 quidpiam
2684 851 2736 903 in
2757 865 2812 903 se
2837 851 3109 904 continent
3130 850 3232 903 illa.I
3253 849 3528 918 imagines,

1974 942 2302 1010 maximeque
2330 943 2380 995 in
2412 942 2678 1012 Scriptura
2698 982 2712 1006 ,
2746 941 2809 995 ad
2837 942 3294 1010 amplificationem
3326 954 3532 993 sermo-

1977 1031 2075 1083 nis.
2102 1030 2390 1085 Jerusalem
2415 1041 2589 1085 autem
2610 1040 2761 1086 vocat
2782 1031 2937 1085 ﬁliam
2964 1031 3109 1093 Sion,
3132 1030 3269 1099 quod
3293 1030 3341 1083 ei
3366 1029 3531 1083 monti

1975 1121 2208 1190 subjecta
2237 1122 2323 1175 sit.
2353 1122 2498 1176 Sicut
2520 1124 2782 1177 tentorium
2805 1124 2857 1175 in
2882 1124 3040 1182 uinea,
3064 1130 3108 1174 et
3128 1122 3253 1174 sicut
3280 1121 3533 1189 tugurium

1974 1210 2026 1261 in
2050 1211 2403 1264 cucumerario.
2437 1210 2654 1265 Sublato
2682 1226 2902 1279 namque
2930 1210 3121 1274 fructu,
3150 1210 3535 1276 summotisque

1975 1301 2210 1366 colonis,
2256 1302 2517 1369 superﬂua
2565 1301 2813 1370 deinceps
2861 1300 3016 1354 fuerit
3059 1308 3319 1353 structura
3367 1298 3533 1351 urbis.

1977 1390 2120 1445 Sicut
2158 1391 2272 1444 urbs
2308 1406 2419 1457 qua:
2456 1390 2722 1445 obsidetur.
2767 1390 2876 1443 Hoc
2900 1390 3227 1458 tenigmatice
3256 1387 3445 1441 dicitur
3467 1386 3533 1440 ad

1978 1480 2331 1535 inﬁrmitatem
2354 1489 2408 1534 et
2430 1479 2825 1534 derelictionem
2851 1478 2963 1547 ejus
2988 1477 3375 1532 declarandam.
3402 1475 3533 1530 Cum

1977 1570 2115 1622 enim
2145 1570 2315 1623 nullus
2343 1579 2422 1622 est
2451 1569 2539 1637 qui
2565 1568 2868 1633 auxilietur,
2898 1577 3021 1621 tunc
3052 1580 3267 1620 necesse
3290 1575 3371 1619 est
3395 1564 3538 1618 obsi-

1977 1660 2086 1714 deri
2116 1676 2228 1726 eos,
2255 1661 2442 1729 quibus
2475 1675 2575 1714 una
2603 1668 2843 1727 superest
2869 1674 3135 1713 murorum
3176 1657 3357 1710 tutela.
3388 1659 3442 1710 9.
3471 1656 3536 1709 Et

1979 1753 2072 1803 nisi
2102 1751 2342 1804 Dominus
2370 1751 2622 1804 Sabbaotlt
2646 1750 2979 1819 dereliquisset
3003 1749 3141 1801 nobis
3168 1760 3332 1801 semen
3352 1787 3366 1807 ,
3392 1747 3536 1807 quasi

1981 1840 2200 1894 Sodoma
2227 1841 2509 1909 fuissemus,
2541 1850 2584 1892 et
2614 1839 2755 1908 quasi
2784 1838 3062 1893 Gomorrlta
3088 1837 3272 1891 similes
3302 1852 3533 1889 essemus.

1979 1929 2087 1981 Mos
2114 1938 2194 1983 est
2235 1943 2444 1996 semper
2483 1928 2751 1996 prophetis
2790 1943 2892 1981 non
2934 1927 3014 1979 illa
3055 1928 3221 1980 solum
3255 1925 3535 1993 praedicere

1980 2018 2134 2079 mala,
2164 2033 2280 2084 qu:e
2310 2018 2511 2086 passuri
2539 2028 2657 2069 sunt
2690 2018 3135 2085 praevaricatores,
3168 2016 3258 2069 sed
3289 2016 3445 2068 etiam
3471 2028 3535 2069 ea

1979 2121 2094 2174 quin
2128 2107 2268 2175 digni
2303 2116 2425 2160 sunt
2464 2111 2697 2175 perpeti,
2731 2114 2786 2159 ut
2815 2107 2863 2158 in
2896 2106 3009 2171 ipso
3035 2106 3271 2174 supplicii
3302 2115 3537 2171 tempore

1983 2199 2171 2252 omitas
2211 2198 2436 2251 habeant
2483 2199 2589 2252 Deo
2629 2198 2861 2265 gratias,
2905 2195 3041 2264 quod
3081 2211 3182 2248 non
3227 2209 3320 2262 pro
3351 2195 3538 2247 merito

1982 2288 2259 2354 scelerum,
2286 2287 2376 2341 sed
2402 2287 2564 2340 multo
2591 2287 2811 2341 leviores
2842 2288 2985 2338 luant
3011 2298 3209 2353 pcenas.
3243 2283 3351 2337 Hoc
3376 2284 3539 2335 etiam

1983 2377 2109 2432 dicit
2146 2377 2245 2430 hoc
2281 2378 2397 2430 loco
2420 2415 2434 2439 ,
2467 2384 2678 2444 peccata
2709 2389 2895 2441 nempe
2929 2388 3109 2426 eorum
3142 2388 3243 2425 non
3275 2387 3335 2424 ea
3364 2371 3537 2424 solum

1982 2483 2097 2536 quze
2124 2467 2261 2520 dicta
2290 2474 2445 2529 sunt,
2474 2465 2564 2519 sed
2590 2465 2747 2518 etiam
2778 2463 3186 2517 internecionem
3216 2460 3497 2528 expetiisse
3520 2499 3537 2523 ,

1984 2558 2342 2623 universeque
2367 2556 2536 2623 gentis
2561 2554 2775 2608 exitium
2805 2570 2817 2605 :
2843 2567 2957 2620 quze
2986 2552 3141 2604 etiam
3170 2552 3219 2602 in
3250 2548 3541 2603 Sodomitis

1984 2646 2330 2713 contigerunt.
2365 2644 2454 2696 Dei
2479 2654 2652 2696 autem
2682 2641 2970 2709 benignitas
2993 2639 3105 2693 luce
3131 2639 3241 2691 ﬁeri
3270 2654 3372 2691 non
3395 2636 3538 2702 sivit,

1986 2733 2076 2787 sed
2103 2747 2307 2801 poenam
2339 2739 2554 2802 peccato
2584 2731 2735 2799 longe
2767 2730 3014 2784 leviorem
3044 2729 3249 2782 inﬂixit.
3291 2727 3420 2793 Quia
3452 2741 3543 2780 ve-

1987 2838 2046 2877 ro
2068 2823 2225 2876 multa
2247 2830 2329 2876 est
2345 2822 2571 2875 aiﬁnitas
2594 2822 2751 2874 Vetus
2774 2821 2908 2874 inter
2932 2830 2985 2875 et
3011 2820 3210 2874 Novum
3234 2819 3543 2872 Testamen-

1990 2919 2118 2975 tum,
2143 2912 2263 2979 jure
2286 2910 2375 2965 illo
2400 2911 2591 2965 Paulus
2610 2921 2690 2964 est
2712 2926 2837 2964 usus
2861 2927 2875 2962 :
2896 2917 2950 2963 et
2967 2908 3363 2964 convenientius
3383 2923 3540 2976 quam

1988 3001 2238 3068 propheta
2280 2999 2428 3052 dixit.
2474 2999 2921 3066 Quemadmodum
2960 2999 3100 3052 enim
3136 2997 3226 3050 illo
3267 3006 3542 3065 tempore,

1990 3089 2089 3142 nisi
2127 3103 2311 3156 magna
2352 3088 2533 3141 fuisset
2568 3088 2657 3142 Dei
2696 3087 3050 3140 misericordia
3077 3127 3093 3151 ,
3133 3101 3318 3139 omnes
3343 3087 3545 3155 abrepti

1991 3178 2209 3232 fuissent
2236 3178 2405 3248 (Rom.
2438 3177 2488 3232 9.
2516 3176 2606 3246 29)
2636 3195 2649 3230 :
2678 3178 2752 3230 sic
2778 3178 2827 3229 in
2861 3185 3097 3245 tempore
3121 3176 3316 3230 Christi
3346 3176 3545 3231 adven-

1993 3280 2096 3335 tus,
2128 3270 2224 3323 nisi
2255 3270 2415 3338 gratia
2443 3270 2786 3337 apparuisset,
2817 3268 3053 3336 graviora
3082 3266 3167 3322 his
3196 3282 3381 3321 onmes
3408 3268 3547 3336 passi

1993 3369 2188 3415 esSent.
2236 3359 2515 3427 Dereliqnit
2550 3369 2722 3411 autem
2771 3356 2921 3409 nobis
2950 3372 3128 3411 semen
3161 3373 3177 3414 τ
3216 3356 3281 3410 de
3310 3356 3373 3409 iis
3401 3358 3489 3425 qui
3519 3372 3550 3410 a

1993 3451 2291 3519 captivitate
2335 3450 2525 3503 servati
2562 3460 2685 3502 sunt
2723 3448 2967 3516 loquitur.
3014 3446 3099 3501 10.
3142 3447 3321 3500 Audite
3353 3448 3550 3499 verbum

1994 3540 2216 3603 Domini,
2246 3539 2490 3607 principes
2519 3538 2871 3602 Sodomorum,
2898 3537 3133 3591 attendite
3155 3539 3312 3608 legem
3340 3536 3433 3590 Dei
3464 3554 3555 3591 no-

1994 3631 2104 3693 stri,
2130 3628 2343 3698 populus
2366 3626 2673 3681 Camenius.
2703 3625 2921 3692 Quando
2942 3625 3071 3680 dixit
3093 3627 3211 3681 illos
3231 3642 3348 3681 esse
3369 3627 3557 3695 dignos

1996 3718 2083 3787 qui
2113 3716 2295 3772 eadem
2336 3724 2669 3785 paterentur,
2702 3731 2818 3784 qua:
2848 3714 3133 3770 Sodomita:
3157 3755 3169 3777 ,
3203 3714 3434 3769 ostendit
3462 3729 3555 3767 eos

1998 3807 2178 3861 eadem
2218 3820 2375 3860 ausos
2404 3820 2518 3859 esse
2544 3822 2660 3874 quae
2686 3805 3001 3859 Sodomitas.
3053 3804 3172 3857 Ideo
3201 3805 3317 3857 illos
3346 3818 3374 3855 a
3403 3818 3551 3856 com-

1999 3897 2143 3948 muni
2173 3896 2520 3963 appellatione
2546 3894 2798 3947 nominat.
2830 3893 2938 3947 Nisi
2960 3894 3097 3947 enim
3130 3892 3230 3945 hoc
3255 3902 3412 3956 esset,
3446 3909 3551 3950 non

2000 3993 2288 4053 Opportuna
2320 3982 2504 4036 fuisset
2532 3982 2795 4051 loquutus.
2837 3982 2985 4047 Quod
3021 3982 3159 4035 enim
3185 3996 3323 4035 nunc
3364 3996 3467 4035 non
3500 3982 3553 4036 in

2000 4072 2293 4126 Sodomitas
2309 4071 2605 4135 invehatur,
2624 4069 2716 4125 sed
2738 4070 2787 4123 in
2808 4070 3036 4134 Judaeos,
3061 4070 3177 4126 illos
3192 4072 3266 4124 sic
3282 4070 3555 4140 appellans

2001 4161 2069 4215 ob
2099 4161 2323 4215 nominis
2351 4160 2767 4215 convenientiam
2791 4200 2807 4226 ,
2837 4175 2952 4229 quae
2981 4169 3269 4229 sequuntur
3302 4160 3554 4213 iudicant.

2002 4251 2129 4305 Nam
2157 4251 2410 4306 sacrillcia
2436 4258 2840 4317 commearent,
2868 4250 3160 4304 oblationes
3185 4248 3451 4316 aliumque
3477 4248 3557 4301 le-

2003 4342 2169 4412 galem
2197 4342 2393 4395 cultum
2417 4381 2432 4404 ,
2462 4340 2610 4408 cujus
2640 4356 2706 4395 ne
2736 4340 3010 4406 vestigium
3039 4337 3250 4407 quidem
3280 4347 3392 4389 erat
3418 4337 3556 4404 apud

2004 4431 2317 4486 Sodomitas.
2350 4427 2529 4497 Legem
2558 4427 2653 4481 Dei
2684 4429 2838 4480 nostri
2864 4427 2915 4480 in
2941 4438 3307 4494 argumentum
3337 4426 3556 4497 profert.

2075 4520 2339 4587 Sacri/icio
2353 4518 2523 4572 veteris
2542 4517 2836 4572 Testamenti
2854 4518 2960 4573 Deo
2976 4536 3064 4588 per
3083 4536 3135 4573 se
3152 4538 3251 4573 non
3269 4520 3526 4589 placebant
3542 4537 3561 4581 ;

2005 4629 2092 4664 cur
2118 4612 2257 4680 fuere
2274 4610 2512 4663 instituta.
2542 4608 2825 4679 Repudium
2854 4612 2904 4663 in
2933 4611 3084 4664 ueteri
3107 4612 3212 4681 lege
3236 4628 3325 4663 cur
3351 4612 3561 4679 permis-

2004 4716 2133 4753 sum.
2173 4729 2241 4739 —
2268 4700 2352 4753 il.
2385 4698 2519 4765 Quid
2546 4700 2667 4752 milii
2696 4700 2959 4753 multitudo
2987 4700 3345 4768 sacriﬁciorum
3378 4710 3562 4752 vestro—

2008 4790 2153 4841 rum?
2180 4788 2297 4841 dicit
2317 4788 2578 4843 Dominus.
2602 4788 2789 4843 Plenus
2809 4806 2915 4842 sum
2934 4789 3234 4843 holocaustis
3258 4789 3488 4849 arietum,
3514 4800 3561 4841 et

2009 4879 2204 4946 adipem
2241 4895 2510 4949 agnorum,
2536 4879 2919 4948 sanguineusque
2952 4889 3207 4931 taurorum
3235 4887 3280 4930 et
3309 4877 3562 4930 hircorum

2011 4972 2143 5023 noto.
2193 4970 2429 5023 Psalmus
2457 4969 2885 5040 quadragesimus
2914 4983 3084 5023 nonus
3114 4979 3255 5023 totus
3292 4969 3416 5022 huic
3452 4970 3568 5023 loco

2012 5061 2195 5115 similis
2220 5069 2319 5124 est,
2343 5061 2457 5115 aliis
2478 5061 2687 5129 quidem
2716 5061 2907 5125 verbis,
2938 5060 3120 5116 eadem
3144 5077 3270 5115 vero
3292 5072 3572 5118 contextus

2012 5150 2285 5203 sententia.
2340 5150 2443 5202 Illis
2487 5150 2626 5203 enim
2652 5189 2665 5213 ,
2705 5149 2973 5202 Advocabit
3013 5152 3189 5205 caelum
3221 5152 3483 5206 desursum
3527 5164 3573 5205 et

2013 5249 2191 5291 terram
2217 5240 2489 5293 discernere
2514 5239 2755 5306 populum
2780 5255 2926 5291 suum
2954 5237 2974 5309 (
2997 5238 3139 5293 Psal.
3168 5241 3256 5295 49.
3280 5242 3314 5295 6
3336 5242 3375 5309 ),
3402 5242 3573 5295 simile

2014 5338 2093 5382 est
2115 5327 2213 5381 hoc
2235 5329 2426 5381 dictum
2452 5346 2462 5380 :
2484 5328 2634 5388 Audi,
2659 5329 2853 5391 caelum,
2881 5339 2929 5380 et
2952 5330 3155 5383 auribus
3180 5331 3395 5400 percipe,
3420 5339 3571 5395 terra,

2013 5420 2129 5487 quia
2158 5418 2398 5471 Dominus
2424 5418 2651 5482 loquutus
2675 5429 2782 5483 est;
2811 5428 2863 5473 et
2888 5430 3075 5475 cetera
3103 5436 3221 5474 cum
3248 5420 3327 5471 his
3352 5434 3576 5474 consen-

2017 5509 2169 5561 tiunt.
2204 5508 2651 5574 Quemadmodum
2684 5509 2823 5563 enim
2858 5510 3017 5565 David
3048 5510 3171 5565 dicit
3198 5526 3214 5563 :
3244 5508 3362 5561 Non
3401 5510 3450 5561 in
3493 5528 3575 5562 sa-

2015 5598 2215 5665 criﬁciis
2247 5600 2340 5651 tuis
2368 5615 2573 5665 arguam
2602 5611 2664 5661 te,
2697 5600 2983 5653 holocausta
3004 5609 3166 5651 autem
3188 5607 3272 5651 tua
3295 5600 3347 5651 in
3370 5616 3577 5667 ωηερε-

2020 5699 2101 5742 ctu
2132 5705 2237 5742 meo
2263 5696 2374 5741 sunt
2402 5704 2594 5758 semper
2627 5690 2644 5755 (
2668 5687 2802 5742 Ibid.
2848 5705 2896 5743 υ.
2942 5689 3013 5760 8)
3041 5705 3053 5741 :
3080 5688 3157 5743 sic
3186 5695 3239 5743 et
3272 5686 3432 5749 lsaias
3453 5690 3527 5747 sit
3557 5706 3576 5746 ε
