4152 6472
660 342 732 398 19
1479 343 1533 398 s.
1565 342 1837 398 JOANNIS
1860 339 2321 396 cunvsosroui
2348 341 2661 398 ARClllEP.
2701 346 3224 409 CONSTANTINOP.
3812 364 3886 415 20

650 462 787 529 Quid
810 461 929 513 mihi
957 456 1224 513 multitudo
1248 458 1605 524 sacriﬁciorum
1632 456 1943 508 vestrorum?
1967 454 2086 505 dicit
2114 452 2210 505 Do-

646 557 830 606 minus.
862 555 935 607 Ac
962 566 1146 605 rursus
1177 549 1336 605 David
1364 549 1488 603 dicit
1516 566 1528 600 :
1563 546 1678 600 Non
1708 548 1950 613 accipiam
1980 547 2041 596 de
2067 544 2214 596 domo

648 654 735 695 tua
763 644 945 695 vitulos
966 682 979 705 ,
1004 657 1157 707 neque
1186 641 1248 693 de
1274 642 1509 709 gregibus
1528 639 1624 690 tuis
1660 639 1824 688 hircos
1854 634 2016 701 (Ibid.
2041 650 2085 686 v.
2117 634 2172 697 9)
2196 650 2210 697 ;

645 731 806 785 lsaias
834 746 961 785 vero
985 746 999 784 :
1027 729 1333 783 Holocausta
1351 727 1570 781 arietum
1597 769 1610 791 ,
1642 736 1687 778 et
1713 727 1911 793 adipem
1937 740 2210 793 agnorum,

642 832 689 875 et
729 822 1023 890 sanguinem
1062 829 1320 872 taurorum
1357 829 1402 872 et
1442 819 1693 870 hircorum
1736 816 1872 868 nolo.
1922 815 2051 867 Nam
2090 815 2210 883 quia

639 913 875 966 accusati
926 910 1257 980 frequenter,
1301 910 1443 977 quod
1485 912 1691 962 ueteris
1737 907 2017 961 virtutibus
2063 907 2210 961 vacui

637 1010 844 1067 essent,
871 1019 963 1070 pro
980 1003 1207 1056 maxima
1232 1001 1537 1057 defensione
1558 1000 1814 1056 sacriﬁcia
1835 999 2207 1063 obtendebant,

637 1103 695 1146 ut
723 1108 840 1162 qua:
867 1092 1168 1162 frequenter
1196 1092 1588 1163 persolvebant,
1620 1093 1808 1146 merito
1837 1101 2057 1161 uterque
2082 1107 2209 1161 pro-

633 1181 796 1249 pheta
822 1222 838 1249 ,
883 1184 990 1237 imo
1035 1184 1205 1251 potius
1245 1184 1423 1237 caeteri
1453 1197 1638 1237 omnes
1666 1182 1733 1236 ab
1764 1183 1862 1237 hac
1902 1182 2209 1237 defensione

637 1275 760 1330 illos
788 1276 1091 1331 exturbant.
1135 1275 1284 1332 Unde
1309 1277 1522 1347 planum
1552 1285 1635 1332 est
1662 1291 1723 1330 ea
1752 1291 1854 1330 non
1886 1291 2005 1331 esse
2032 1291 2124 1344 per
2150 1290 2209 1329 se

635 1366 907 1435 pracipue
930 1367 1235 1431 constituta,
1258 1366 1350 1420 sed
1381 1376 1436 1421 ut
1460 1367 1527 1421 ad
1548 1375 1749 1420 rectum
1772 1366 1892 1419 vita:
1915 1366 2206 1419 institutum

633 1466 969 1526 exterasque
1004 1457 1224 1513 virtutes
1251 1458 1371 1513 illos
1398 1458 1737 1513 deducerent.
1777 1457 1907 1525 Quia
1936 1473 2061 1511 vero
2089 1458 2163 1511 illi
2188 1498 2204 1524 ,

634 1549 849 1602 czcteris
872 1565 990 1618 qua:
1021 1551 1318 1604 necessaria
1347 1560 1499 1605 erant
1525 1549 1797 1619 neglecﬁs,
1828 1550 1909 1603 his
1937 1548 2208 1604 incumbe-

636 1635 785 1702 bant.
822 1655 883 1695 se
922 1640 1009 1694 illa
1050 1639 1262 1694 demum
1300 1656 1404 1694 non
1446 1641 1724 1695 admittere
1765 1641 1892 1695 dicit
1924 1641 2080 1695 Deus.
2117 1640 2204 1695 12.

640 1727 820 1799 Neque
840 1730 1068 1783 veneritis
1096 1739 1150 1782 ut
1175 1732 1464 1800 appareatis
1491 1732 1633 1783 milii.
1664 1729 1717 1785 Si
1745 1731 2096 1797 accesseritis,
2126 1731 2206 1786 in-

634 1819 770 1888 quit,
802 1819 868 1873 ad
902 1820 1172 1889 templum.
1205 1820 1329 1885 Quis
1357 1822 1487 1873 enim
1513 1822 1736 1889 qua-sivit
1764 1822 1869 1873 [uec
1894 1823 1955 1874 de
1979 1821 2205 1875 manibus

637 1910 849 1962 vestris?
876 1909 1032 1963 Certe
1060 1918 1199 1964 totus
1222 1911 1311 1964 ille
1338 1911 1475 1965 liber
1497 1911 1584 1979 qui
1614 1910 1875 1965 Leviticus
1900 1912 2111 1978 dicitur,
2138 1912 2205 1967 de

636 1998 1020 2053 sacriﬁciorum
1057 1999 1390 2054 accuratione
1420 2001 1562 2070 leges
1589 1999 1820 2054 exhibet.
1850 2000 1904 2054 lu
1947 2003 2205 2057 Deutero-

637 2088 815 2140 nomio
852 2102 1060 2157 quoque
1093 2098 1146 2143 et
1177 2088 1226 2141 in
1253 2088 1370 2142 aliis
1405 2089 1641 2157 plurimis
1670 2090 1795 2143 locis
1822 2091 1999 2144 multm
2027 2091 2093 2146 de
2118 2106 2205 2145 sa-

633 2175 849 2229 criﬁciis
880 2191 1078 2243 sparsa:
1106 2186 1229 2229 sunt
1268 2177 1428 2246 leges.
1477 2178 1650 2244 Quare
1680 2178 1835 2247 igitur
1857 2178 1983 2233 dicit
2024 2199 2038 2232 τ
2082 2180 2206 2245 Quis

634 2263 886 2332 requisivit
914 2266 1021 2318 [uec
1043 2266 1106 2319 de
1131 2267 1356 2320 manibus
1384 2268 1593 2320 vestris?
1630 2267 1697 2322 Ut
1725 2267 1895 2321 discas
1922 2268 2064 2321 illam
2100 2284 2202 2323 non

636 2353 797 2408 fuisse
817 2356 1133 2424 pmipuam
1158 2355 1247 2409 Dei
1264 2356 1605 2422 voluntatem,
1628 2365 1686 2409 ut
1706 2356 1829 2410 talia
1850 2360 2198 2423 sancirentur,

635 2444 728 2499 sed
756 2445 824 2499 ab
859 2461 1041 2500 eorum
1082 2446 1384 2502 inﬁrmitate
1421 2448 1625 2501 initium
1655 2448 1769 2502 illas
1798 2448 1940 2518 leges
1968 2449 2201 2504 duxisse.

636 2537 1089 2601 Quemadmodum
1129 2537 1272 2593 cnim
1314 2537 1527 2593 nolebat
1565 2538 1836 2593 mulierem
1884 2539 2047 2593 semel
2093 2540 2205 2594 viro

635 2625 969 2694 eonjunctam
987 2627 1274 2695 repudiari;
1292 2629 1533 2696 graviora
1556 2636 1729 2681 tamen
1753 2628 1885 2681 mala
1905 2628 2200 2694 succidens,

635 2721 704 2768 ne
733 2714 1008 2782 repudiare
1033 2716 1210 2778 vetiti,
1241 2716 1353 2770 illas
1380 2716 1572 2769 invisas
1604 2730 1793 2770 uxores
1822 2716 1959 2770 intus
1992 2716 2201 2786 jugula-

638 2812 791 2866 rent,
838 2803 1012 2857 minus
1050 2803 1244 2857 malum
1276 2805 1511 2875 permisit
1542 2822 1555 2857 :
1584 2804 1659 2859 sic
1683 2815 1736 2859 et
1761 2805 1898 2859 circa
1930 2821 2038 2859 rem
2069 2805 2204 2859 hanc

639 2888 760 2948 fecit
784 2935 797 2955 ,
844 2903 900 2949 ut
934 2894 1264 2950 daemonibus
1308 2896 1582 2952 immolare
1618 2894 1937 2966 prohiberet,
1977 2896 2027 2950 id
2066 2895 2203 2966 quod

638 2985 852 3038 minimc
873 2986 1079 3039 volebat
1097 2986 1327 3052 admisit,
1352 2996 1407 3041 ut
1426 2988 1565 3057 quod
1587 2988 1795 3043 volebat
1814 2998 2200 3059 assequerctur.

640 3076 751 3130 lloc
776 3077 945 3147 ipsum
975 3093 1156 3133 rursus
1183 3080 1344 3133 Amos
1370 3079 1625 3149 propheta
1651 3080 1925 3134 declarans
1954 3080 2161 3135 dicebat
2189 3100 2202 3137 :

639 3164 780 3218 Num
813 3167 1032 3222 victimas
1051 3179 1098 3222 et
1134 3169 1321 3223 hostias
1348 3171 1592 3223 obtulislis
1616 3171 1738 3224 mihi
1761 3171 2091 3241 quadraginta
2116 3188 2207 3225 an-

639 3255 754 3310 nis!
791 3257 911 3309 dicit
938 3256 1182 3312 Dominus
1218 3259 1413 3327 (Amos
1446 3261 1498 3314 5.
1550 3260 1619 3314 25
1643 3260 1683 3328 ).
1717 3259 1974 3314 Jeremias
1998 3275 2206 3328 quoque

637 3344 711 3399 ait
744 3363 758 3399 :
791 3344 911 3399 Non
936 3355 1050 3399 sunt
1077 3348 1182 3400 haec
1206 3363 1316 3415 qua:
1341 3348 1575 3402 mandavi
1601 3348 1823 3418 patribus
1861 3349 2033 3403 vestris
2059 3348 2202 3419 (Jcr.

637 3434 689 3488 7.
720 3434 833 3503 εξ).

708 3524 761 3577 5.
802 3523 1057 3590 Quoniam
1096 3524 1236 3578 enim
1274 3526 1542 3580 dmmones
1583 3525 1684 3581 hoc
1719 3526 1841 3581 culti
1874 3538 1997 3581 sunt
2026 3528 2202 3591 modo,

640 3613 776 3680 ipse,
818 3628 886 3667 ne
910 3615 1171 3683 quaepiam
1205 3615 1327 3667 hinc
1365 3616 1741 3670 inﬁrmioribus
1772 3618 2020 3685 perniciei
2050 3633 2205 3671 oeca-

637 3703 718 3757 sio
742 3705 990 3768 oriretur,
1026 3705 1135 3758 limc
1158 3704 1459 3774 frequenter
1480 3722 1574 3775 per
1596 3706 1879 3775 prophetas
1904 3722 2089 3761 omnes
2115 3710 2209 3762 de-

639 3796 864 3847 nuntiat.
899 3794 1022 3849 llaec
1048 3809 1169 3848 cum
1209 3810 1313 3848 non
1340 3796 1611 3861 darentur,
1659 3797 1733 3849 illi
1781 3796 2203 3863 indignabantur,

634 3896 701 3935 ac
736 3882 1040 3951 frequenter
1078 3883 1362 3951 instabant,
1405 3884 1641 3940 nidorem
1685 3893 1739 3939 et
1762 3884 1962 3940 fumum
1988 3886 2209 3954 exigen-

640 3981 740 4037 tes,
768 3973 1109 4043 dicentesque
1134 3992 1147 4028 :

943 4096 993 4134 τδ
1014 4096 1081 4147 τδρ
1100 4096 1254 4148 uiam
1275 4099 1375 4149 τινας
1398 4099 1497 4146 aut.
1521 4086 1787 4211 (gmw)

640 4244 759 4315 Ipse
782 4259 911 4302 vero
942 4246 992 4301 id
1038 4263 1207 4317 neque
1236 4248 1303 4303 ab
1341 4249 1493 4304 initio
1521 4252 1690 4320 petiit,
1722 4262 1776 4307 et
1800 4252 2010 4323 quando
2029 4254 2207 4322 jussit,

640 4337 870 4393 ostendit
891 4353 948 4393 se
978 4354 1081 4395 non
1114 4339 1361 4394 libentem
1385 4339 1499 4396 hinc
1530 4343 1873 4411 permittere;
1910 4360 2078 4415 neque
2107 4346 2207 4401 hoc

642 4436 847 4484 tantum
874 4429 994 4483 hinc
1016 4439 1179 4498 patet,
1209 4430 1302 4485 sed
1332 4433 1490 4486 etiam
1516 4432 1637 4502 quia
1663 4434 1768 4487 cilo
1797 4435 1976 4501 solvit,
2006 4446 2061 4491 et
2088 4438 2205 4505 quia

637 4533 759 4571 cum
786 4518 873 4571 illa
903 4521 1265 4585 persolverent
1294 4538 1397 4577 non
1439 4523 1690 4578 admisit:
1718 4534 1874 4595 atque
1910 4540 2014 4580 uno
2050 4526 2210 4581 verbo

640 4623 738 4676 per
774 4607 950 4661 omnia
994 4608 1329 4677 signiﬁcavit,
1362 4612 1662 4681 hujusmodi
1710 4615 1909 4669 cultum
1958 4625 2011 4669 et
2050 4616 2209 4669 ritum

642 4698 920 4768 majestate
944 4714 1037 4753 sua
1069 4700 1223 4769 longe
1261 4700 1531 4769 indignum
1561 4718 1699 4757 esse.
1742 4703 1852 4758 Hoc
1878 4705 2055 4773 itaque
2094 4706 2207 4759 ait:

641 4790 866 4861 Propter
893 4804 988 4846 vos
1020 4791 1134 4844 haec
1155 4790 1393 4856 toleravi,
1426 4806 1599 4859 neque
1628 4792 1708 4845 bis
1732 4808 1865 4859 Opus
1887 4794 2065 4849 habui.
2095 4795 2211 4849 Cat-

639 4900 757 4937 eare
793 4884 979 4937 atrium
1018 4899 1182 4936 meum
1228 4898 1327 4935 non
1382 4883 1661 4951 apponetis.
1710 4883 1812 4935 Aut
1856 4888 2210 4952 captivitatem

644 4977 899 5041 prrdicit,
942 4986 1033 5029 aut
1069 4976 1227 5029 etiam
1259 4976 1359 5029 hoc
1398 4984 1557 5037 vetat,
1598 4976 1719 5044 quia
1760 4990 1863 5029 non
1903 4990 2021 5029 cum
2068 4987 2213 5032 recto

640 5065 823 5118 animo
862 5066 1316 5136 ingrediebantur.
1360 5067 1446 5120 13.
1479 5066 1537 5120 Si
1566 5066 1786 5132 offeratis
1814 5068 1937 5119 milii
1972 5068 2209 5136 similam,

640 5168 845 5208 bonum.
877 5156 1240 5211 Mandatorum
1283 5157 1423 5211 enim
1468 5158 1569 5210 alia
1602 5166 1816 5226 prapter
1854 5173 1912 5211 se
1944 5158 2078 5228 ipsa,
2109 5161 2210 5213 alia

644 5247 800 5301 aliam
844 5246 913 5300 ob
943 5262 1155 5302 causam
1201 5249 1689 5313 constituebantur;
1736 5258 1791 5302 ut
1822 5249 1985 5303 Deum
2031 5265 2207 5316 nos~e,

646 5355 749 5393 non
795 5338 1061 5402 occidere,
1113 5353 1217 5392 non
1265 5338 1541 5406 mmeharl,
1585 5348 1637 5392 et
1680 5355 2023 5409 quaecumque
2067 5340 2209 5406 talia,

702 5451 774 5511 (o)
803 5448 1083 5515 umectum
1113 5449 1335 5515 hortm-em
1356 5464 1439 5500 nos
1459 5450 1612 5515 sortiti
1631 5464 1807 5501 smnus.
1833 5460 1926 5503 Hoc
1948 5455 2015 5501 ait
2035 5456 2216 5515 Jupiter

638 5509 1328 5575 iunonemualloquenglliad.
1363 5513 1520 5575 ess,
1555 5516 1767 5573 itemque
1799 5518 1979 5575 Jupiter
2016 5509 2215 5564 deorum

639 5581 816 5620 tantum
841 5572 1109 5629 alloquens,
1142 5572 1272 5618 Iliaci.
1300 5588 1343 5628 ο,
1376 5573 1453 5629 70,
1474 5586 1581 5621 cum
1604 5575 1665 5621 de
1686 5572 1982 5623 restituendo
2002 5579 2216 5626 ﬂecteris

642 5586 816 5620 unum
841 5586 902 5619 alt
971 5586 1109 5626 tiens,
1142 5586 1272 5618 tuan.
1300 5588 1343 5628 ο,
1376 5586 1453 5629 ‘lU,
1474 5586 1581 5621 cum
1604 5586 1665 5621 ue
1686 5586 1982 5623 restituendo
2002 5586 2216 5626 Hectoris

642 5636 877 5681 vitavere
905 5586 1170 5694 0aieretur.
1197 5640 1293 5698 Hoc
1315 5634 1618 5698 hemistieliio
1640 5639 1787 5684 utitur
1809 5638 1919 5685 alibi
1946 5636 2216 5698 ClirysOsto-

639 5705 763 5753 Inus,
789 5701 843 5745 ut
861 5693 1004 5756 supra
1022 5729 1037 5755 ,
1067 5697 1115 5743 in
1140 5693 1317 5743 t‘salmo
1341 5693 1418 5742 49.

2322 464 2539 522 propter
2566 458 2843 513 utilitatem
2890 462 3012 518 inde
3050 467 3445 531 provenicntem
3483 472 3884 538 saneicbantur;

2320 545 2622 601 sacriﬁcare
2663 559 2860 615 autem,
2894 552 3168 607 incensum
3197 556 3413 623 oﬁ‘erre,
3460 560 3735 615 sabbatum
3774 578 3885 617 ser-

2320 650 2463 700 vare,
2496 645 2548 690 et
2593 638 2779 693 similia
2811 656 3040 707 rursum,
3071 660 3177 699 non
3204 657 3260 700 ut
3283 646 3397 702 hate
3425 650 3611 705 ﬁerent
3637 654 3887 721 simplici-

2318 733 2419 790 ter,
2467 729 2557 779 scd
2598 736 2655 781 ut
2697 745 2763 783 ex
2809 746 2993 785 eorum
3038 736 3292 791 exercitio
3337 752 3367 791 a
3403 736 3701 794 daemonum
3740 743 3885 795 cultu

2316 814 2727 872 abducerentur.
2762 819 2894 885 Quia
2924 822 3080 891 igitur
3108 824 3219 878 time
3244 826 3456 894 quidem
3488 830 3883 898 persolvebant,

2314 904 2408 959 sed
2446 906 2644 961 nullam
2683 907 2806 963 inde
2850 911 3125 967 utilitatem
3154 915 3535 984 percipiebant,
3572 918 3664 972 sed
3709 918 3887 974 adhuc

2313 994 2641 1052 daemonibus
2678 997 2873 1055 addicti
2914 1012 3084 1070 erant,
3111 1003 3232 1073 jure
3267 1004 3380 1061 hare
3407 1022 3618 1077 quoque
3662 1008 3887 1077 ejiciun-

2315 1098 2400 1143 tur
2429 1104 2443 1142 :
2473 1090 2896 1161 quandoquidem
2920 1095 3110 1149 merito
3136 1097 3254 1166 quis
3279 1098 3522 1153 arborem
3552 1100 3779 1159 excidat.
3806 1099 3887 1153 lo-

2311 1177 2396 1232 liis
2424 1187 2478 1233 et
2511 1182 2674 1236 ramis
2700 1194 2961 1248 ornatam,
2998 1184 3091 1239 sed
3118 1184 3290 1241 fructu
3318 1202 3557 1241 vacuam.
3586 1187 3715 1243 Nam
3739 1189 3887 1243 colo-

2312 1282 2411 1322 nus
2464 1283 2677 1326 omnem
2733 1287 2913 1327 curam
2962 1274 3101 1329 circa
3163 1278 3408 1332 arborem
3456 1276 3707 1342 adhibet,
3774 1295 3884 1333 non

2310 1362 2523 1416 corticis
2556 1371 2649 1416 aut
2687 1365 2857 1419 trunci
2901 1380 3078 1429 causa.
3118 1367 3212 1420 sed
3243 1377 3299 1421 ut
3338 1366 3567 1423 fructum
3606 1369 3883 1437 decerpat.

2310 1449 2578 1505 Incensum
2603 1453 2905 1509 abominatio
2927 1458 3047 1510 mihi
3076 1467 3165 1511 est.
3202 1457 3387 1512 Yiden‘
3410 1474 3532 1513 eum
3559 1475 3663 1513 non
3690 1459 3757 1514 de
3788 1475 3885 1513 na-

2310 1549 2427 1594 tura
2465 1556 2648 1596 eorum
2675 1558 2793 1612 qua:
2832 1544 2934 1599 sibi
2963 1545 3324 1601 ollerebantur
3347 1548 3585 1616 gavisum
3615 1563 3753 1615 esse,
3783 1549 3881 1604 sed

2308 1629 2641 1686 oﬁ‘erentium
2690 1643 2920 1689 mentem
2975 1635 3369 1705 esploravisse?
3414 1637 3535 1693 ldeo
3583 1636 3783 1693 fumum
3826 1649 3885 1693 et

2308 1721 2547 1778 nidorem
2574 1738 2640 1778 ex
2682 1723 2939 1779 sacriﬁcio
2968 1725 3079 1779 Noe
3122 1736 3424 1796 surgentem
3454 1727 3670 1783 odorem
3699 1729 3881 1782 suavi-

2308 1816 2431 1871 tatis
2460 1816 2686 1881 vocavit,
2712 1816 2983 1871 incensum
3012 1832 3141 1872 vero
3177 1819 3623 1873 abominationem
3652 1818 3875 1888 (Gen.8.

2308 1899 2423 1973 ει).
2471 1905 2624 1971 Nam,
2654 1914 2710 1959 ut
2748 1905 3011 1973 dicebam,
3045 1922 3150 1960 non
3190 1916 3429 1961 naturam
3457 1907 3739 1974 donorum,
3779 1910 3879 1964 sed

2306 1994 2550 2050 allectum
2576 1995 2908 2051 olTerentium
2947 1997 3187 2065 requirit.
3233 1999 3317 2053 14.
3349 1997 3654 2053 Neomenias
3690 2010 3879 2053 vestras

2313 2095 2358 2139 et
2387 2086 2613 2139 sabbata.
2660 2085 3055 2142 Observandum
3085 2098 3168 2143 est
3204 2103 3323 2144 eum
3355 2089 3486 2143 nihil
3530 2104 3713 2144 eorum
3756 2106 3877 2160 qua:

2306 2177 2602 2229 necessaria
2625 2184 2747 2229 sunt
2769 2176 3079 2243 excludere,
3107 2178 3199 2233 sed
3222 2178 3355 2242 haec,
3387 2194 3505 2247 qua:
3533 2179 3690 2233 etiam
3718 2179 3877 2233 Clari-

2304 2274 2419 2318 stus
2451 2265 2737 2321 adveniens
2779 2266 3068 2336 abrogavit.
3105 2268 3458 2335 Quamobrem
3491 2269 3682 2323 Paulus
3709 2269 3877 2323 vehe-

2306 2356 2565 2410 mentiore
2604 2371 2731 2411 usus
2758 2372 3026 2423 sermone,
3066 2374 3186 2412 cum
3226 2368 3409 2413 contra
3436 2359 3647 2414 Judmos
3669 2375 3874 2429 pugna-

2306 2454 2410 2510 ret,
2440 2459 2545 2499 non
2577 2446 2691 2501 hare
2710 2446 2901 2513 solum,
2936 2448 3028 2502 sed
3053 2458 3106 2502 et
3130 2448 3232 2501 alia
3265 2447 3346 2503 his
3371 2449 3595 2517 plurima
3623 2448 3874 2515 aﬁ‘erens,

2305 2550 2417 2601 eos,
2457 2537 2545 2606 qui
2586 2536 2715 2590 nihil
2754 2552 2819 2592 ex
2851 2553 2910 2592 se
2937 2538 3189 2609 (virtutis)
3214 2539 3548 2605 exhiberem,
3583 2538 3710 2592 nihil
3740 2539 3868 2594 inde

2307 2623 2440 2679 lucri
2487 2624 2688 2681 referre
2725 2626 2880 2691 dixit,
2913 2627 2993 2681 bis
3017 2626 3192 2681 verbis
3221 2646 3236 2682 :
3265 2627 3325 2682 Si
3365 2638 3531 2680 autem
3572 2638 3626 2679 tu
3661 2626 3874 2681 Indicus

2304 2714 2694 2781 cognominaris,
2731 2724 2779 2766 et
2804 2716 3068 2784 requiescis
3094 2716 3146 2768 in
3183 2717 3312 2786 lege,
3337 2728 3384 2769 et
3412 2717 3645 2787 gloriaris
3665 2717 3715 2768 ii:
3742 2715 3870 2781 Deo,

2305 2813 2351 2856 et
2378 2804 2508 2856 nosti
2534 2804 2835 2857 voluntatem
2875 2807 3002 2873 ejus,
3035 2815 3081 2858 et
3112 2806 3293 2875 probas
3335 2808 3559 2871 utiliora,
3605 2808 3875 2859 instructus

2307 2910 2395 2960 per
2424 2895 2580 2964 legem
2607 2895 2780 2967 (Rom.
2824 2896 2878 2950 2.
2921 2898 3006 2950 17.
3050 2897 3158 2967 18).
3204 2898 3270 2951 Et
3300 2912 3519 2953 rursus:
3552 2898 3874 2951 Circumcisio

2305 2985 2503 3054 quidem
2524 2984 2744 3055 prodest,
2777 2987 2822 3040 si
2849 2987 3005 3056 legem
3034 2988 3289 3050 observes;
3318 2988 3547 3041 siautem
3578 2990 3877 3054 praevarica-

2308 3084 2386 3128 tor
2399 3075 2490 3141 sis,
2508 3075 2817 3130 circumcisio
2836 3087 2921 3129 tua
2934 3079 3232 3147 praeputium
3263 3082 3396 3147 facta
3420 3088 3491 3132 est
3514 3076 3560 3145 (1
3571 3078 3671 3130 bid.
3691 3094 3737 3130 v.
3754 3077 3872 3147 ‘25).

2309 3162 2416 3219 Nec
2441 3165 2706 3234 quidpiam
2738 3164 2939 3220 fruetus
2965 3182 3057 3222 eos
3090 3167 3212 3222 inde
3254 3168 3523 3237 percipere
3551 3168 3698 3233 dixit,
3732 3170 3874 3237 quod

2309 3253 2393 3307 lex
2423 3254 2500 3308 eis
2525 3255 2827 3310 concredita
2853 3256 2939 3320 sit,
2968 3257 3088 3325 quia
3120 3272 3223 3311 non
3258 3257 3595 3313 crediderunt
3619 3277 3633 3313 :
3658 3259 3705 3311 id
3734 3260 3875 3330 quod

2307 3344 2412 3399 alio
2464 3347 2623 3400 modo
2683 3348 2843 3401 David
2899 3348 3239 3402 subindicans
3302 3348 3508 3404 dicebat
3558 3366 3570 3401 :
3618 3349 3877 3403 Peccatori

2308 3444 2473 3486 autem
2516 3436 2643 3488 dixit
2692 3436 2827 3490 Deus
2865 3438 3077 3502 :Quare
3130 3447 3182 3491 tu
3225 3455 3428 3492 cnarras
3468 3441 3694 3508 jnstitias
3740 3457 3877 3493 incus

2308 3523 2481 3591 (Psal.
2515 3526 2603 3581 49.
2652 3525 2778 3597 l6)?
2811 3528 2942 3592 Quia
2984 3529 3123 3583 enim
3159 3528 3226 3581 de
3268 3530 3442 3582 audita
3484 3530 3707 3583 lectione
3746 3529 3880 3598 legis

2308 3631 2466 3684 supra
2494 3617 2707 3670 modum
2737 3619 2843 3672 alte
2872 3618 3169 3672 sentiebant
3197 3633 3312 3672 cum
3340 3618 3587 3687 cperibus
3615 3621 3761 3673 vacui
3790 3636 3851 3674 cs

2311 3716 2451 3769 seat,
2481 3721 2546 3759 ex
2580 3706 2680 3759 hac
2714 3707 2965 3775 jactnntia
3006 3708 3162 3760 etiam
3193 3708 3386 3762 Paulus
3428 3709 3545 3762 illos
3576 3709 3882 3764 deturbavit

2310 3794 2494 3849 dicens
2524 3812 2536 3848 :
2568 3796 2666 3861 Qui
2691 3813 2807 3867 ergo
2830 3798 2984 3850 alium
3010 3798 3178 3863 doces,
3210 3799 3422 3867 teipsum
3449 3816 3546 3852 non
3578 3801 3764 3853 doces?
3789 3804 3878 3869 qui

2314 3887 2556 3954 prtrdicas
2599 3904 2699 3940 non
2737 3888 3045 3957 furandum,
3087 3889 3273 3956 furoris
3321 3888 3495 3957 (Rom.
3542 3890 3596 3944 2.
3641 3889 3771 3954 21)?
3816 3892 3885 3944 Et

2313 3975 2474 4029 David
2519 3976 2761 4031 similiter
2807 3977 3028 4031 dicens:
3064 3977 3125 4031 Si
3175 3978 3373 4031 videbas
3420 3983 3603 4049 furem,
3648 3981 3885 4034 currebas

2313 4084 2426 4120 cum
2476 4083 2560 4129 eo,
2605 4078 2649 4120 et
2702 4084 2815 4121 cum
2858 4067 3100 4121 adulteris
3145 4070 3420 4135 portionem
3468 4079 3606 4121 tuam
3659 4070 3879 4137 ponebas

2314 4155 2489 4225 (Psal.
2514 4157 2601 4212 49.
2631 4155 2739 4227 18).
2778 4155 2845 4210 Et
2872 4156 3003 4210 diem
3032 4173 3267 4227 magnum
3300 4174 3397 4210 non
3424 4158 3651 4210 admitto.
3685 4159 3882 4213 Pente-

2312 4254 2493 4300 costen
2525 4246 2672 4313 dicit,
2704 4247 3109 4317 Scenopegiam,
3143 4248 3363 4313 Pascha,
3395 4258 3447 4303 et
3478 4249 3706 4318 reliquas
3731 4250 3883 4303 cele-

2312 4337 2553 4392 britates.
2580 4337 2844 4407 Jejunium
2869 4348 2913 4391 et
2942 4340 3247 4391 vacationem
3274 4339 3335 4392 ab
3362 4356 3527 4409 apere,
3562 4348 3607 4393 et
3635 4341 3883 4408 festivita-

2315 4439 2385 4481 tes
2407 4438 2594 4482 vestras
2624 4429 2727 4481 odit
2756 4429 2925 4482 animo
2965 4446 3092 4483 mea.
3122 4429 3364 4483 Humano
3399 4445 3549 4484 more
3580 4430 3722 4497 ipsos
3747 4430 3883 4483 allo-

2314 4517 2513 4586 quitur.
2557 4516 2705 4569 Facti
2733 4518 2847 4570 estis
2890 4517 3013 4570 mihi
3041 4518 3107 4570 ad
3143 4518 3417 4570 satietatem
3440 4533 3459 4570 :
3486 4516 3552 4571 ad
3593 4517 3884 4584 fastidium,

2314 4606 2379 4660 ad
2417 4606 2618 4661 odium.
2663 4606 2719 4661 Id
2759 4607 2875 4675 ejus
2917 4606 3232 4661 ineﬁ‘abilem
3278 4606 3586 4675 patientiam
3626 4606 3881 4672 ostendit,

2316 4699 2455 4769 quod
2503 4714 2646 4769 saepe
2696 4708 2976 4768 peccantes
3024 4700 3222 4767 tulerit,
3266 4714 3364 4753 nec
3406 4700 3551 4768 prius
3595 4699 3885 4753 vindictam

2318 4791 2621 4861 sumpserit,
2656 4807 2812 4861 quam
2849 4791 3096 4860 nequitia:
3137 4790 3496 4860 magnitudine
3522 4792 3690 4861 ipsum
3715 4792 3888 4845 scele-

2319 4883 2383 4935 sti
2411 4882 2700 4935 evocarint.
2733 4880 2851 4933 Non
2880 4881 3013 4934 ultra
3048 4881 3296 4934 remittam
3322 4892 3527 4948 peccata
3554 4892 3731 4936 vestra.
3766 4881 3886 4936 Non

2320 4970 2453 5022 ultra
2482 4968 2669 5037 patiar.
2699 4969 2927 5039 ldipsum
2962 4979 3040 5023 est
3070 4974 3119 5023 id
3144 4970 3285 5040 quod
3314 4972 3389 5025 ait
3416 4971 3581 5026 David
3608 4989 3622 5025 :
3653 4969 3776 5023 Hcec
3801 4973 3885 5040 [c-

2317 5058 2448 5121 cisti,
2468 5066 2513 5109 et
2541 5059 2673 5111 tacui
2696 5057 2863 5127 (Psal.
2888 5060 2976 5113 49.
3000 5058 3117 5125 21).

2391 5146 2563 5199 Oratio
2584 5147 2772 5200 inutilis
2801 5156 2869 5199 est
2894 5163 3007 5199 cum
3030 5150 3139 5215 quis
3162 5161 3434 5218 perseverat
3455 5150 3507 5202 in
3533 5149 3767 5218 peccatis.
3798 5174 3872 5190 κ

2319 5236 2353 5291 5
2367 5276 2377 5285 .
2390 5234 2513 5291 Cum
2538 5236 2850 5291 extenderitis
2871 5254 3049 5291 manus
3066 5252 3251 5294 vestras
3268 5241 3334 5293 ad
3358 5256 3451 5303 me,
3474 5250 3693 5293 avertam
3712 5248 3891 5294 ocutos

2320 5342 2452 5380 meos
2478 5344 2509 5379 tt
2544 5327 2677 5381 vobis
2701 5343 2719 5381 :
2747 5336 2792 5381 et
2819 5328 2862 5381 si
2877 5330 3319 5399 multiplicaveritis
3344 5330 3760 5398 deprecationem,
3784 5345 3897 5383 non

2321 5416 2607 5469 exaudiam.
2648 5416 2773 5471 Inde
2814 5417 2977 5487 liquet
3005 5419 3202 5474 nullam
3232 5432 3350 5473 esse
3388 5418 3641 5471 orationis
3689 5418 3886 5471 utilita—

2323 5518 2427 5563 tem
2448 5549 2463 5573 ,
2512 5509 2893 5577 quantumlibet
2915 5512 3063 5581 longa
3091 5513 3159 5567 sit
3204 5510 3413 5582 quando
3438 5512 3484 5567 is
3507 5511 3597 5581 qui
3622 5520 3886 5580 precatur,

2326 5600 2375 5653 in
2420 5601 2648 5668 peccatis
2678 5613 2996 5670 perseverat.
3028 5604 3165 5657 Niliil
3211 5606 3350 5659 enim
3408 5605 3583 5659 virtuti
3622 5619 3714 5671 par
3761 5612 3884 5671 est,

2323 5704 2528 5744 necnon
2578 5690 2691 5747 voci
2740 5708 2857 5763 qua:
2908 5709 3003 5764 per
3049 5710 3207 5765 opera
3255 5696 3643 5767 comprobatur.
3686 5692 3882 5749 Manus
