4152 6522
280 478 349 533 21
1579 456 1640 511 IN
1682 451 1925 512 ISMAM.
1967 451 2114 506 CAP.
2157 450 2198 507 Ι.
3455 471 3526 525 22

291 580 423 631 enim
445 588 625 633 restria
639 579 878 650 sanguine
901 580 1063 648 plena:
1085 584 1200 631 sunt
1224 592 1240 629 :
1272 574 1369 628 hoc
1399 582 1478 628 est
1498 616 1510 638 ,
1541 567 1816 625 homicida:
1844 583 1861 622 ι

292 677 348 720 at
378 682 483 721 non
515 667 683 731 dixit,
715 668 1021 731 Homicidre,
1053 666 1176 727 sed,
1214 665 1386 718 Plena:
1421 661 1698 731 sanguine,
1726 656 1866 709 indi-

294 770 422 809 cans
451 756 573 809 illos
600 756 844 810 meditate
872 756 1099 824 peccatis
1120 755 1359 808 addictos
1389 752 1568 814 fuisse,
1597 756 1650 804 et
1677 747 1868 814 ubique

294 862 415 901 cum
442 847 795 901 vehementia.

371 936 425 990 6.
453 937 650 1006 Estque
672 937 798 990 illud
828 934 1242 989 mansuetudinis
1284 933 1397 1001 ejus
1427 931 1696 993 indicium,
1728 928 1868 999 quod

301 1040 421 1078 cum
449 1026 815 1091 comminatur,
847 1026 1101 1077 rationem
1136 1022 1338 1077 aﬂ‘erat.
1385 1022 1582 1075 Causas
1618 1020 1757 1073 enim
1778 1018 1872 1072 ad-

298 1113 400 1181 dit,
432 1130 526 1168 cur
548 1130 650 1168 non
678 1115 917 1168 admittat
942 1115 1255 1167 orationem.
1278 1112 1360 1167 16.
1390 1110 1670 1175 Lavamiui,
1697 1108 1872 1161 mundi

299 1217 472 1259 estote.
504 1206 630 1269 Cur,
657 1220 774 1259 cum
798 1205 1012 1268 dixerit,
1047 1202 1166 1257 Non
1213 1202 1347 1256 ultra
1381 1203 1628 1255 remittam
1672 1209 1872 1268 peccata

300 1307 488 1360 vestra,
509 1296 780 1351 consilium
802 1296 911 1357 dat,
935 1304 988 1349 et
1011 1309 1130 1348 cum
1148 1293 1438 1347 ostenderit
1478 1293 1620 1359 ipsos
1661 1291 1868 1341 incura-

301 1387 397 1441 bili
430 1386 610 1441 morbo
641 1386 899 1448 laborare,
932 1384 1353 1439 emendationem
1385 1380 1627 1434 inducit?
1658 1380 1770 1432 Mos
1790 1388 1872 1432 est

303 1478 449 1543 Deo,
478 1478 633 1531 etiam
661 1492 779 1531 cum
810 1477 1165 1531 comminatur
1185 1515 1198 1536 .
1244 1474 1311 1529 de
1352 1473 1521 1527 salute
1548 1470 1873 1539 desperatio-

301 1581 427 1621 nem
454 1566 659 1631 eﬂ‘erre,
710 1575 766 1620 ut
814 1574 1002 1635 augeat
1053 1574 1273 1629 metum,
1312 1578 1481 1632 neque
1510 1562 1595 1615 hic
1624 1559 1871 1630 loquendi

302 1656 464 1711 linem
489 1656 681 1720 facere,
724 1666 778 1709 ut
805 1656 994 1710 bonam
1022 1669 1172 1723 spem
1199 1653 1459 1721 subjiciat,
1490 1660 1544 1704 et
1563 1654 1637 1705 sic
1663 1664 1870 1704 rursum

300 1750 370 1803 ad
392 1749 751 1819 paenitentiam
770 1756 1005 1801 revocet.
1029 1746 1190 1814 ldque
1212 1745 1404 1813 ubique
1421 1743 1532 1797 ﬁeri
1559 1743 1737 1795 videre
1766 1750 1868 1793 est.

300 1840 442 1908 Erga
470 1838 721 1892 Ninivitas
743 1846 885 1892 certe
907 1835 959 1890 id
989 1850 1093 1889 non
1121 1835 1315 1899 verbis,
1342 1834 1431 1886 sed
1454 1831 1699 1899 operibus
1731 1830 1869 1883 fecit.

304 1929 494 1983 Verbis
522 1928 659 1983 enim
687 1927 817 1981 nihil
844 1927 965 1981 boni
991 1926 1279 1995 pollicitus,
1313 1924 1403 1978 sed
1450 1924 1618 1977 solum
1669 1922 1872 1989 suppli-

300 2019 446 2072 cium
496 2027 614 2085 post
659 2016 1121 2071 comminationem
1168 2014 1355 2068 adesse
1401 2020 1721 2075 monstrans,
1751 2011 1871 2079 quia

299 2108 514 2162 barbari
537 2122 740 2173 omnes,
764 2122 881 2175 qua:
918 2121 1132 2159 suarum
1154 2105 1379 2173 partium
1408 2112 1578 2167 erant,
1609 2102 1872 2171 praestite-

303 2206 453 2260 runt,
473 2197 600 2250 iram
622 2197 727 2250 cito
749 2195 968 2249 sedavit.
992 2194 1080 2250 Sic
1104 2204 1158 2249 et
1175 2209 1357 2248 rursus
1384 2194 1434 2247 in
1454 2192 1662 2246 Psalmo
1680 2191 1870 2244 David:

298 2287 411 2354 jam
440 2285 576 2339 enim
608 2285 716 2338 dixi
744 2286 913 2353 ipsum
941 2286 1004 2337 iis
1032 2297 1247 2352 prorsus
1269 2283 1460 2337 similia
1489 2282 1653 2350 loqui,
1681 2296 1797 2350 quae
1822 2281 1872 2332 in

304 2379 409 2428 hoc
442 2375 694 2443 prommio
724 2373 983 2428 habentur
1011 2374 1026 2404 ⁸
1058 2390 1071 2425 :
1102 2387 1168 2428 ac
1189 2374 1326 2427 sicut
1356 2372 1440 2425 hic
1462 2372 1534 2424 ait
1558 2369 1870 2433 :Laumuini,

305 2464 487 2516 mundi
534 2472 703 2527 estote.
751 2471 866 2531 post
910 2462 1349 2516 comminationes
1381 2478 1394 2514 :
1423 2463 1500 2514 sic
1528 2469 1578 2513 et
1617 2460 1704 2512 ille
1731 2467 1875 2526 post-

304 2570 467 2623 quam
496 2553 719 2619 dixerat,
755 2555 977 2623 Arguam
1020 2564 1067 2606 te
1118 2563 1166 2606 et
1214 2563 1429 2605 statuam
1472 2562 1645 2605 contra
1697 2551 1876 2618 {aciem

307 2654 451 2696 tuam
477 2642 756 2711 iniquitates
777 2651 909 2703 tuas,
937 2640 1138 2695 addidit
1177 2659 1189 2694 :
1224 2641 1545 2708 Sacri/icium
1589 2640 1754 2691 laudis
1782 2640 1876 2689 ho-

306 2733 589 2799 noriﬁcabit
615 2748 711 2797 me,
758 2742 802 2786 et
828 2734 930 2785 illic
973 2733 1088 2797 iter,
1134 2747 1231 2799 quo
1278 2730 1535 2783 ostendam
1557 2730 1626 2782 eis
1659 2728 1879 2781 salutare

308 2822 406 2875 Dei
450 2820 631 2893 (Psat.
685 2820 773 2876 49.
824 2821 913 2876 2|.
963 2820 1100 2889 23);
1133 2820 1339 2874 laudem
1376 2833 1565 2872 vocans
1599 2833 1750 2882 eam,
1777 2832 1878 2885 qua

309 2926 407 2980 per
431 2926 591 2979 opera
614 2910 779 2980 gloria
805 2912 913 2965 Deo
934 2909 1160 2964 refertur
1180 2949 1196 2975 ,
1242 2917 1297 2964 et
1342 2907 1691 2977 cognitionem
1742 2905 1879 2959 divi-

308 3016 409 3056 nor
414 3015 520 3054 um.

383 3090 548 3144 Liberi
575 3091 765 3144 arbitrii
802 3098 1036 3157 potestas.
1074 3088 1283 3141 Virtutis
1308 3086 1595 3140 exercenda:
1618 3085 1881 3154 di/ficulta—

308 3192 404 3234 tes.
425 3209 495 3221 —
514 3180 582 3235 Ut
608 3196 733 3234 vero
758 3194 875 3233 cum
905 3179 1167 3241 audirent,
1200 3178 1479 3242 Lavamini,
1505 3176 1677 3229 mundi
1706 3185 1876 3239 estote,

310 3288 419 3327 non
448 3271 627 3325 solitas
664 3270 780 3324 illas
823 3270 1215 3339 purilicationes
1240 3269 1531 3337 COgitarent
1554 3308 1568 3332 ,
1618 3267 1878 3333 subjecit:

308 3363 519 3430 Auferte
534 3360 748 3414 malitias
764 3360 822 3413 ab
835 3359 1095 3412 animabus
1110 3359 1279 3411 uestris
1299 3374 1330 3409 α
1350 3367 1607 3425 conspectu
1627 3358 1883 3410 oculorum

307 3470 536 3508 meorum
555 3493 570 3518 ,
592 3462 778 3506 cessate
807 3469 838 3504 a
863 3452 1094 3519 nequitiis
1116 3453 1308 3505 vestris.
1336 3449 1553 3502 Virtutis
1578 3450 1881 3505 facilitatem

310 3542 564 3606 ostendit,
605 3550 659 3597 et
698 3542 970 3611 potestatis
1016 3540 1325 3606 arbitrium,
1372 3542 1492 3611 quia
1539 3556 1701 3611 penes
1740 3541 1883 3609 ipsos

309 3643 504 3688 eratut
530 3642 873 3687 mutarentur.
923 3633 1009 3686 l7.
1057 3631 1245 3686 Discite
1279 3632 1459 3685 bonum
1501 3635 1682 3701 facere.
1708 3630 1884 3699 Usque

310 3724 450 3778 adeo
462 3740 522 3777 ex
542 3724 733 3793 ingenti
756 3724 945 3776 malitia
963 3724 1175 3776 virtutis
1197 3723 1546 3790 cognitionem
1560 3722 1880 3788 abjecerant.

308 3814 399 3867 Sic
420 3822 475 3867 et
509 3812 763 3882 propheta
795 3811 955 3866 David
995 3811 1123 3865 dicit
1151 3828 1167 3864 :
1208 3810 1395 3873 Venite,
1427 3811 1541 3876 ﬁlii,
1581 3810 1751 3861 audite
1772 3825 1845 3860 me
1866 3825 1884 3861 :

313 3904 542 3954 timorem
595 3901 795 3953 Domini
847 3901 1028 3953 docebo
1070 3916 1155 3952 vos
1202 3899 1389 3970 (Psal.
1440 3901 1527 3953 53.
1579 3897 1701 3968 l2).
1730 3897 1884 3951 Omni

312 3993 511 4061 quippe
540 3990 756 4045 scientia
786 3992 897 4043 haec
925 3990 1165 4059 superior
1199 3998 1300 4055 est,
1327 4004 1441 4057 quae
1467 4003 1532 4041 eo
1560 3988 1743 4056 majori
1767 3996 1887 4056 eget

311 4082 511 4145 studio,
538 4080 674 4151 quod
701 4080 1053 4150 plurahabeat
1074 4080 1680 4149 impedimenta,uatur:e
1697 4093 1888 4146 nempe

314 4172 670 4243 tyrannidem,
702 4172 849 4225 liberi
870 4172 1071 4225 arbitrii
1102 4171 1383 4240 ignaviam.
1430 4170 1729 4223 daemonum
1762 4168 1889 4221 insi-

311 4262 453 4325 dias,
501 4260 822 4328 negotiorum
872 4259 1098 4312 turbam.
1139 4258 1224 4311 Sic
1254 4267 1308 4311 et
1336 4256 1537 4310 Baruch
1572 4273 1585 4310 :
1618 4254 1714 4306 Hic
1751 4253 1889 4306 Deus

315 4361 518 4415 noster;
563 4368 662 4404 non
704 4350 1013 4421 reputabitur
1036 4350 1166 4401 alius
1204 4348 1272 4399 ad
1297 4364 1408 4401 eum
1431 4364 1447 4399 :
1470 4346 1650 4399 invenit
1694 4360 1889 4397 onmem

314 4446 449 4496 viam
477 4443 711 4495 scientire.
740 4439 1000 4507 Exquirite
1023 4439 1266 4503 iudicium
1297 4436 1551 4507 (Baruclt.
1582 4436 1635 4489 5.
1655 4436 1740 4488 56.
1766 4435 1830 4487 57
1849 4436 1887 4501 ).

319 4536 433 4588 lloc
467 4544 566 4598 est,
599 4532 801 4601 injuriis
845 4531 1061 4583 allectos
1088 4529 1289 4590 ulcisci,
1319 4544 1418 4597 qua
1445 4530 1495 4581 in
1527 4542 1582 4580 re
1610 4526 1773 4579 multo
1811 4528 1890 4577 la-

320 4629 451 4680 bore
480 4635 533 4679 et
562 4624 697 4692 vigili
734 4624 910 4675 animo
951 4630 1033 4674 est
1055 4635 1207 4687 opus.
1245 4618 1363 4672 Ideo
1410 4620 1563 4682 dixit,
1609 4616 1888 4681 Exquirite.

317 4718 481 4771 Multa
528 4717 668 4769 enim
712 4723 850 4777 sunt,
902 4727 1019 4781 qum
1059 4710 1313 4779 justitiam
1358 4710 1660 4771 obscurent,
1706 4720 1893 4774 nempe

318 4812 494 4872 dona,
530 4805 816 4875 ignorantia
838 4846 852 4865 ,
894 4803 1146 4870 potentia,
1179 4800 1347 4869 pudor
1368 4841 1382 4865 ,
1416 4801 1606 4863 timor,
1640 4814 1891 4867 persona-

321 4914 440 4954 rum
489 4897 690 4957 cultus;
739 4909 801 4947 ac
843 4892 1006 4945 multa
1052 4905 1188 4958 Opus
1230 4900 1311 4944 cst
1353 4890 1638 4958 vigilantia.
1671 4888 1894 4940 Liberale

322 5005 438 5044 eum
465 4987 551 5056 qui
580 4984 763 5051 injuria
814 4982 1041 5050 afﬁcitur.
1075 4980 1184 5033 Iloc
1211 4979 1380 5047 majus
1421 4989 1501 5032 est
1544 4979 1717 5046 priore
1751 4992 1892 5031 :nou

320 5081 464 5135 enim
490 5078 647 5146 exigit
675 5086 728 5129 ut
749 5075 889 5143 juSIa
931 5072 1303 5136 decernantur,
1348 5071 1439 5125 sed
1487 5081 1544 5124 ut
1588 5070 1654 5123 ad
1697 5070 1894 5124 exitum

321 5173 486 5227 etiam
518 5167 883 5238 perducantur.
935 5163 1169 5215 Judicate
1214 5163 1478 5231 pupillum,
1532 5171 1577 5213 et
1620 5161 1897 5230 justi/icate

323 5264 543 5316 viduam.
575 5258 786 5312 Multam
821 5253 979 5307 habet
1003 5254 1260 5307 rationem
1308 5253 1465 5317 Deus,
1518 5267 1585 5304 ne
1635 5249 1893 5318 quiSpiam

324 5355 463 5409 male
489 5354 744 5423 patiatur;
770 5346 1021 5416 majorem
1047 5360 1191 5409 vero,
1221 5359 1336 5398 cum
1359 5344 1391 5396 ii
1418 5343 1504 5411 qui
1538 5342 1669 5395 male
1693 5340 1898 5409 patiun-

388 5514 405 5545 Ι
439 5512 494 5562 In
514 5519 691 5567 στω,
728 5519 831 5569 ἶγοην
854 5514 921 5565 τὰρ
945 5514 1080 5569 -ιξπὼν,
1116 5510 1175 5569 ἦν.
1324 5506 1371 5547 δι’
1395 5508 1483 5569 ὅλοιῖ
1501 5514 1551 5555 τῷ
1585 5508 1755 5557 προοιμίῳ
1787 5508 1896 5543 τοῦτο

322 5560 512 5634 «μσὼρ
537 5560 699 5629 Porro,
719 5560 1103 5634 jux'ta'Boisium,
1131 5560 1507 5634 legendum‘es‘t,
1528 5569 1632 5627 ῥλος.
1652 5569 1753 5626 Pro,
1771 5566 1897 5634 eius.

836 5667 848 5685 ,
877 5632 928 5696 et
951 5627 1020 5692 sic
1252 5621 1410 5696 evadit
1430 5619 1615 5674 clarior,
1656 5615 1896 5696 Siquidem

318 5680 558 5748 talis-:03}
585 5680 701 5744 :Ian't
723 5680 847 5742 enini
870 5684 983 5737 dixi
1006 5684 1133 5748 quod
1157 5689 1278 5731 totus
1304 5680 1535 5748 Paulinus,
1569 5690 1746 5748 nempe
1772 5682 1895 5723 XLIX

318 5696 425 5748 talis
449 5696 521 5746 est
546 5711 558 5744 :
585 5703 701 5744 Jam
723 5696 847 5742 enim
870 5696 983 5737 du‘t
1006 5696 1133 5793 quoa
1157 5696 1278 5731 tatus
1304 5696 1535 5747 Psaunus,
1570 5696 1746 5737 uequ
1775 5696 1893 5723 man

317 5759 378 5810 de
398 5769 653 5870 quosulira
685 5756 868 5803 locutus
892 5755 992 5805 est,
1037 5743 1130 5794 tuic
1148 5741 1374 5807 mammia
1391 5739 1559 5792 sumtis
1584 5739 1644 5790 sit
1672 5750 1688 5787 :
1716 5748 1893 5798 uetnpe

318 5833 539 5870 crocum
583 5831 720 5869 sata».

318 5820 539 5881 vrod‘utio
562 5820 720 5870 lsaiai.

1975 572 2078 628 tur,
2109 565 2207 622 alia
2236 565 2541 621 circumdati
2568 577 2688 622 sunt
2708 569 3023 623 calamitate.
3065 571 3293 627 viduitas
3312 579 3450 627 enim
3477 587 3533 631 et

1974 657 2238 725 pupillaris
2274 665 2398 710 actas
2426 673 2520 726 per
2547 672 2604 712 se
2632 669 2753 713 sunt
2774 660 3127 714 intolerabiles
3156 679 3169 717 :
3203 677 3320 717 cum
3350 666 3532 713 autem

1973 750 2038 799 ab
2065 749 2179 800 aliis
2206 750 2395 802 damno
2422 750 2719 803 afﬁciuntur
2740 792 2751 812 ,
2804 761 2924 804 tunc
2969 752 3160 819 duplex
3199 763 3281 807 est
3322 756 3534 808 naufra-

1974 840 2133 907 gium.
2170 840 2252 893 18.
2287 840 2350 891 Et
2390 842 2576 903 venite,
2627 851 2673 892 et
2712 841 3057 908 disceptemus,
3108 844 3225 895 dicit
3269 842 3527 896 Dominus.

1974 930 2365 983 Observandum
2396 940 2475 984 est
2506 931 2694 998 ubique
2720 930 2851 999 apud
2890 932 3170 997 prolihetas
3200 931 3326 986 nihil
3373 934 3531 986 Deum

1977 1025 2045 1077 ita
2067 1026 2353 1089 requirere.
2386 1038 2539 1092 quam
2565 1031 2619 1075 ut
2653 1022 2838 1090 injuria
2875 1022 3041 1075 affecti
3073 1023 3417 1079 vindicentur.
3449 1025 3532 1079 Si:-

1976 1124 2028 1167 et
2079 1112 2234 1173 alibi,
2285 1121 2341 1165 ut
2388 1112 2521 1178 apud
2577 1112 2846 1164 liiicliazam
2872 1111 3166 1165 dicentibus
3207 1113 3399 1167 Judteis
3432 1130 3444 1165 :
3476 1115 3535 1168 Si

1976 1202 2103 1253 dabo
2130 1202 2451 1269 primogenita
2482 1217 2588 1252 mea
2615 1217 2705 1267 pro
2746 1201 2993 1266 impietate
3017 1218 3144 1265 mea,
3172 1205 3385 1272 fructum
3411 1208 3538 1257 uteri

1976 1292 2070 1345 mei
2096 1307 2186 1359 pro
2208 1300 2407 1357 peccato
2430 1291 2608 1342 animte
2637 1305 2757 1341 mere
2778 1289 2954 1357 (Mica.
2981 1290 3032 1343 6.
3056 1292 3106 1344 7.
3133 1292 3210 1361 8),
3234 1293 3531 1360 subjunxit:

1978 1382 2292 1435 Annuntiaba
2320 1382 2423 1445 tibi,
2454 1382 2618 1444 homo,
2644 1382 2760 1447 quid
2780 1382 2842 1432 sit
2867 1382 3064 1443 bonum,
3088 1394 3133 1435 et
3155 1384 3273 1452 quid
3298 1384 3536 1436 Dominus

1977 1476 2193 1544 requirat
2228 1492 2257 1525 a
2288 1484 2350 1534 te,
2381 1473 2476 1525 nisi
2504 1483 2555 1523 ut
2582 1473 2739 1542 facias
2754 1473 3023 1540 judicium,
3055 1483 3101 1524 et
3136 1475 3315 1543 diligas
3341 1476 3533 1527 miseri-

1977 1564 2219 1627 cordiam,
2246 1574 2292 1615 et
2319 1572 2523 1631 paratus
2549 1566 2615 1613 sis
2642 1560 2707 1612 ad
2729 1561 3085 1613 ambulandum
3115 1574 3224 1629 post
3267 1562 3534 1616 Dominum

1978 1654 2137 1707 Deum
2159 1664 2315 1705 tamn.
2346 1656 2419 1706 Ac
2449 1667 2628 1705 rursus
2679 1652 2927 1719 propheta
2963 1652 3120 1705 David
3164 1653 3369 1706 dicebat
3397 1670 3407 1704 :
3437 1652 3536 1705 Mi-

1977 1746 2295 1798 sericordiam
2330 1754 2373 1796 et
2410 1744 2657 1811 judicium
2701 1742 2906 1794 cantabo
2960 1744 3064 1804 tibi,
3121 1742 3331 1795 Domine
3358 1743 3532 1814 (Psal.

1981 1839 2099 1891 100.
2142 1838 2223 1905 Ι).
2258 1835 2324 1888 Ει
2354 1836 2528 1888 venite.
2560 1834 2837 1901 Postquam
2881 1834 3341 1899 justilicationilius
3394 1849 3537 1887 corn-

1982 1930 2219 1991 munivit,
2246 1938 2365 1980 tunc
2410 1925 2475 1979 ad
2506 1925 2728 1978 tribunal
2759 1923 2913 1976 trahit
2944 1940 2956 1977 ι
2987 1932 3036 1975 et
3063 1932 3333 1991 postquam
3362 1926 3537 1977 docuit

1979 2020 2241 2090 quomodo
2269 2019 2485 2072 erimina
2509 2025 2721 2079 exuant,
2758 2022 2875 2067 tunc
2924 2015 3150 2066 rationes
3184 2016 3440 2080 exposuit,
3472 2030 3537 2068 ne

1982 2112 2097 2164 illos
2125 2110 2428 2162 defensione
2471 2108 2746 2160 destitutos
2787 2104 3174 2172 reprehendens
3204 2104 3535 2157 condeumet.

1985 2202 2046 2253 Et
2074 2201 2417 2267 disceptemus.
2458 2199 2659 2251 Judieio
2684 2196 3077 2258 contendamus,
3117 2196 3187 2247 ait
3216 2196 3250 2246 ⁸.
3276 2195 3372 2261 Qui
3396 2196 3536 2262 judi-

1980 2293 2061 2345 cio
2082 2291 2347 2344 contendit
2388 2290 2445 2341 lit
2475 2298 2723 2355 patronus
2767 2296 2818 2339 et
2865 2286 3115 2338 medicus.
3174 2286 3369 2339 Deinde
3419 2300 3538 2339 eunt

1982 2383 2302 2436 declarasset
2332 2394 2427 2431 nos
2453 2379 2656 2432 etiamsi
2700 2392 2881 2445 magna
2914 2390 3070 2442 opera
3118 2375 3414 2437 fecerimus,
3443 2377 3531 2427 ad-

1982 2474 2082 2526 huc
2109 2472 2220 2539 ejus
2250 2468 2523 2523 clementia
2551 2483 2682 2535 opus
2705 2466 2916 2529 habere,
2951 2476 3007 2517 nt
3056 2479 3084 2517 a
3135 2464 3359 2531 peccatis
3411 2464 3484 2515 lib
3503 2485 3539 2502 --

1982 2576 2178 2622 remur,
2210 2560 2281 2611 ait
2313 2576 2324 2609 :
2357 2558 2415 2611 Si
2445 2558 2625 2626 fuerint
2667 2566 2864 2625 peccata
2891 2564 3048 2606 vestra
3076 2554 3200 2605 sicut
3228 2554 3537 2614 vermiculus,

1981 2651 2123 2721 quasi
2144 2650 2298 2701 uicem
2335 2646 2573 2700 dealbabo
2601 2660 2617 2697 :
2642 2660 2704 2698 ex
2735 2645 2991 2696 diametro
3019 2643 3284 2711 Oppositus
3318 2641 3538 2709 qualita-

1984 2753 2063 2796 tes
2088 2754 2377 2801 assumens,
2424 2736 2783 2805 pollicitusque
2817 2749 2875 2787 se
2903 2734 2952 2785 iu
2980 2733 3304 2785 contrarium
3349 2731 3397 2783 id
3430 2748 3542 2781 littl-

1985 2841 2227 2885 taturum.
2261 2830 2320 2882 Si
2351 2839 2513 2880 autem
2539 2838 2588 2879 ut
2630 2825 2901 2887 coccinum,
2923 2824 3063 2892 quasi
3091 2824 3257 2875 lanam
3284 2821 3539 2873 dealbubo.

1984 2923 2166 2989 Magna
2213 2920 2289 2972 vis
2345 2916 2568 2987 praesidii
2623 2929 2744 2981 erga
2793 2914 2973 2965 viduas
3001 2910 3235 2966 exhibiti.
3286 2910 3540 2977 siquidem

1984 3014 2210 3068 animam
2240 3012 2303 3063 ita
2331 3008 2615 3064 sordidam.
2660 3014 2715 3057 ut
2754 3002 2997 3071 nequitiae
3028 3002 3301 3055 tineturaui
3331 3016 3545 3069 accepe-

1986 3108 2073 3171 rit,
2106 3120 2209 3158 non
2238 3104 2394 3156 modo
2426 3102 2606 3153 liberat
2636 3114 2664 3150 a
2691 3096 2905 3157 malitia,
2948 3094 3040 3148 sed
3078 3095 3232 3147 etiam
3279 3095 3343 3145 ita
3371 3094 3547 3161 splen-

1986 3198 2159 3252 didam
2198 3198 2372 3250 ellicit.
2405 3194 2487 3249 l9.
2522 3192 2584 3244 Et
2626 3192 2669 3243 si
2713 3188 2996 3251 volueritis,
3021 3196 3065 3239 et
3093 3186 3410 3239 emauduritis
3447 3202 3544 3245 me,

1987 3292 2115 3344 bona
2167 3302 2311 3341 terrte
2354 3284 2634 3338 comedetis.
2669 3281 2756 3333 90.
2815 3278 2874 3332 Si
2921 3286 3087 3328 autem
3140 3275 3415 3336 nolueritis,
3462 3291 3548 3325 nec

1988 3380 2305 3435 exaudieritis
2325 3394 2419 3438 me,
2452 3375 2648 3445 gladius
2669 3368 2918 3423 devorabit
2946 3382 3049 3419 vos.
3085 3366 3153 3417 Os
3178 3366 3306 3417 enim
3348 3363 3550 3415 Domini

1990 3475 2248 3538 loquutunt
2299 3480 2368 3521 est
2400 3470 2521 3520 haec.
2568 3465 2698 3530 Quia
2752 3463 2890 3514 enim
2940 3454 3284 3511 crassioribus
3329 3471 3429 3507 non
3482 3456 3548 3506 ita

1989 3562 2217 3631 optabile
2243 3569 2292 3614 et
2315 3556 2601 3627 jucundum
2630 3553 2832 3606 videtur
2852 3548 3060 3603 liberari
3082 3562 3109 3600 a
3140 3546 3548 3613 pccc:llis.t|tlam

1991 3654 2054 3707 iis
2076 3652 2172 3705 l'rui
2219 3651 2389 3712 bonis,
2421 3663 2536 3715 qua:
2573 3646 2623 3697 in
2668 3641 2910 3711 praxsenti
2943 3639 3042 3690 vita
3072 3636 3193 3689 talia
3220 3649 3336 3688 esse
3366 3633 3550 3685 viden-

1992 3753 2107 3805 tur,
2139 3756 2257 3795 eum
2289 3738 2390 3791 illis
2421 3736 2532 3789 lucc
2563 3734 2720 3787 etiam
2765 3727 3016 3799 promittit
3044 3744 3057 3779 :
3087 3739 3203 3777 nam
3236 3726 3331 3776 hoc
3374 3737 3436 3775 ex
3465 3721 3553 3773 illo

1990 3832 2201 3902 pendet.

2062 3926 2111 3977 7.
2158 3920 2351 3975 Deinde
2379 3916 2662 3972 ostendens
2690 3927 2843 3981 quam
2872 3909 3037 3962 facilis
3060 3908 3127 3961 sit
3157 3907 3317 3957 virtus
3342 3946 3357 3967 ,
3380 3904 3429 3955 in
3462 3917 3555 3953 vo-

1994 4014 2193 4067 luntate
2217 4018 2416 4062 tantum
2450 4008 2588 4059 illam
2620 4003 2785 4072 poliil.
2821 4000 2884 4053 Ut
2912 4015 2977 4051 ne
3001 4007 3173 4049 autem
3207 4011 3267 4047 ex
3298 3995 3553 4045 bonorum

1992 4099 2492 4158 commemoratione
2519 4095 2723 4147 animos
2759 4091 3009 4148 solveret,
3039 4101 3217 4140 rursus
3259 4085 3306 4135 in
3342 4082 3551 4137 terribi-

1994 4195 2129 4250 libus
2151 4203 2447 4245 sermonem
2476 4183 2829 4239 eoucludens,
2860 4180 3016 4231 [idem
3049 4176 3171 4229 facit
3202 4175 3311 4241 ejus
3340 4172 3510 4225 virtuti
3538 4214 3552 4237 ,

1995 4286 2080 4354 qui
2124 4283 2236 4335 haec
2281 4274 2651 4347 pronuntiavit.
2699 4271 2789 4324 2|.
2836 4265 3095 4335 Quomodo
3134 4269 3263 4334 facta
3297 4272 3367 4315 est
3403 4278 3558 4314 ntere-

1997 4352 2095 4430 tria:
2124 4376 2294 4427 civitas
2320 4370 2482 4438 ﬁdelis
2512 4366 2678 4420 Sion?
2704 4359 3009 4429 Hujusmodi
3051 4356 3271 4424 quaestio
3299 4364 3350 4406 et
3377 4352 3556 4404 dicen-

1997 4468 2062 4521 tis
2091 4464 2351 4525 dolorem,
2376 4468 2429 4513 et
2464 4461 2729 4525 ingentem
2757 4451 3057 4505 Judmornm
3085 4444 3439 4512 stnpiditatem
3462 4440 3554 4493 de-

1995 4560 2175 4617 clarat,
2196 4568 2408 4622 remque
2436 4560 2625 4618 praeter
2649 4559 2793 4612 spem
2824 4541 3075 4594 accidisse
3103 4536 3288 4589 immit.
3310 4533 3560 4587 Similiter

1998 4648 2189 4703 Paulus
2212 4646 2348 4697 circa
2378 4633 2592 4694 Galatas
2616 4634 2807 4687 dubius
2834 4627 3090 4697 exquirit:
3121 4625 3277 4677 Miror
3304 4623 3434 4689 quod
3460 4632 3559 4673 tum

1996 4736 2093 4791 cito
2118 4730 2469 4800 transferimini
2503 4724 2707 4797 (Galat.
2742 4722 2791 4774 l.
2821 4719 2887 4787 6)
2915 4737 2927 4772 :
2962 4718 3011 4770 id
3036 4716 3173 4785 quod
3204 4712 3477 4767 accusandi
3510 4724 3561 4763 et

2000 4825 2239 4881 hortandi
2281 4819 2483 4888 species
2512 4824 2593 4870 est
2632 4823 2687 4866 ut
2714 4812 2777 4865 ad
2804 4810 3050 4862 virtutem
3080 4812 3315 4859 revocet.
3347 4800 3558 4854 Etiamsi

1999 4918 2138 4971 enim
2170 4916 2358 4967 mirum
2380 4919 2463 4965 est
2482 4908 2531 4961 id
2553 4904 2691 4976 quod
2718 4904 2928 4965 dicitur,
2958 4897 3111 4951 laude
3135 4907 3309 4949 tamen
3343 4893 3559 4945 mixtum

2000 5016 2099 5069 est,
2133 5006 2207 5058 sic
2236 5001 2624 5056 accusationem
2655 4992 2989 5047 accusatione
3024 4986 3316 5055 graviorem
3346 4984 3558 5035 iaciens.

2000 5097 2113 5150 Non
2141 5096 2278 5149 enim
2309 5093 2376 5145 ita
2406 5089 2727 5156 exagitamus
2758 5095 2851 5135 eos
2878 5080 2963 5148 qui
2994 5077 3189 5129 nullius
3220 5083 3341 5126 sunt
3388 5073 3562 5141 pretii,

2002 5187 2262 5254 vitamque
2290 5185 2472 5250 ignave
2503 5185 2681 5247 agunt,
2717 5182 2774 5227 ut
2811 5186 2903 5226 eos
2927 5169 3013 5239 qui
3043 5168 3184 5237 prius
3214 5167 3418 5218 virtutis
3444 5175 3556 5216 stu-

2003 5279 2134 5332 diosi
2182 5275 2509 5333 videbantur,
2561 5278 2613 5323 et
2665 5264 3022 5333 improborum
3069 5260 3316 5326 deinceps
3359 5272 3559 5309 morem

2002 5368 2205 5437 sequuti
2234 5374 2371 5419 sunt.
2405 5360 2731 5417 Meretricem
2757 5367 2932 5411 autem
2956 5354 3038 5407 hic
3061 5362 3231 5417 vocat,
3257 5368 3359 5405 non
3380 5365 3567 5419 corpo-

2055 5608 2069 5636 1
2099 5603 2151 5649 In
2192 5602 2311 5653 Reg.
2338 5600 2447 5655 post
2478 5603 2629 5655 graét‘a
2648 5586 2810 5655 verba
2835 5584 3153 5655 δικοεσώμεθα,
3178 5580 3333 5653 φῃσίνῖ
3367 5574 3498 5646 addit
3524 5589 3534 5620 :

1990 5667 2083 5713 Καὶ
2118 5664 2194 5709 ἐὰν
2389 5642 2519 5713 {audin
2549 5654 2595 5715 ai
2639 5647 2879 5715 ᾲμαρςτίαι,
2917 5648 2979 5713 ᾡς
3014 5642 3293 5715 ἓςιινιτξοῖένἰ
3307 5642 3385 5715 ὡς.
3408 5642 3541 5715 nova.

2239 5699 2430 5764 wVerani
2453 5725 2543 5758 nec
2570 5709 2617 5757 in
2643 5699 2792 5773 S'avil:
2822 5699 3183 5773 necuin‘Morel.
3211 5699 3469 5756 habentur,
3492 5702 3545 5745 et

1993 5765 2349 5845 supervacanea
2376 5777 2453 5823 hic
2477 5784 2587 5821 esse
2609 5782 2668 5817 ex
2692 5766 2822 5817 serie
2849 5765 3093 5815 videntur.
