4152 6466
646 439 722 493 23
1386 420 1444 477 S.
1482 416 1758 475 JOANNIS
1794 403 2267 469 CHRYSOSTOMI
2304 403 2620 461 ARCHIEP.
2659 405 3184 462 CONSTANTINOP.
3498 428 3501 431 ν
3784 418 3856 470 24

639 556 783 597 ream
806 540 1145 596 subindicans
1170 533 1568 599 lasciviam,sed
1599 533 1856 602 ingratum
1885 543 2007 597 erga
2036 527 2200 581 Deum

643 632 895 694 animum,
927 644 1046 698 qua:
1080 627 1358 683 fornicatlo
1385 626 1593 695 gravior
1630 633 1710 678 est
1753 623 1858 676 illa.
1913 621 2021 674 Illic
2062 620 2203 673 enim

645 719 803 773 homo
840 718 1157 772 contumelia
1186 715 1432 781 afficitur,
1466 714 1551 768 hic
1578 714 1719 767 Deus
1748 710 2114 766 contemnitur.
2150 707 2202 761 ld

645 819 818 861 autem
862 816 915 861 et
962 807 1049 861 hic
1097 816 1150 864 et
1180 806 1268 859 alii
1298 818 1483 859 omnes
1522 802 1790 873 propheta:
1828 800 2018 855 faciunt
2047 797 2202 867 :quia

653 895 789 951 Deus
819 896 989 950 mariti
1022 896 1139 949 loco
1178 893 1299 949 huic
1343 893 1539 946 civitati
1592 890 1834 959 dignatus
1876 897 1956 942 est
2001 885 2201 948 haberi,

648 986 962 1041 inell‘abilem
1015 1000 1163 1040 suam
1215 998 1338 1053 erga
1394 983 1513 1036 illos
1557 980 1888 1035 dilectionem
1936 992 2206 1032 common-

648 1087 857 1129 strans:
890 1074 1070 1143 illlque
1097 1083 1152 1128 ut
1176 1074 1242 1127 de
1268 1074 1381 1127 viro
1408 1080 1461 1126 et
1490 1086 1653 1125 uxore
1673 1084 1812 1139 szepe
1834 1069 2203 1135 loquebantur,

649 1181 752 1219 non
781 1173 835 1218 ut
860 1164 911 1217 in
956 1163 1236 1217 humanam
1270 1162 1561 1217 crassitiem
1600 1174 1898 1213 sermonem
1938 1157 2205 1226 deprime-

648 1262 786 1317 rent,
816 1252 909 1308 sed
939 1260 995 1307 ut
1028 1252 1144 1306 illos
1183 1266 1277 1320 per
1304 1265 1390 1305 res
1419 1250 1518 1305 sibi
1547 1248 1831 1303 familiares
1856 1246 1920 1299 ad
1951 1246 2208 1316 cognitio-

649 1358 768 1397 nem
795 1343 991 1397 amoris
1035 1342 1126 1397 Dei
1155 1341 1475 1396 deducerent
1501 1355 1517 1404 ;
1546 1339 1699 1393 simul
1720 1352 1846 1393 vero
1872 1336 2206 1406 turpitudinis

641 1433 993 1503 appellatione
1022 1432 1138 1487 illos
1160 1432 1425 1487 incessere
1446 1429 1708 1485 volebant.
1736 1428 1965 1493 Fidelis;
1998 1427 2097 1482 hoc
2124 1436 2206 1482 est

645 1523 750 1590 pia,
778 1531 830 1578 et
849 1523 990 1577 omni
1014 1522 1204 1578 virtute
1228 1521 1405 1592 plena,
1434 1520 1573 1577 unde
1602 1520 1759 1575 etiam
1789 1520 1961 1588 palam
1983 1528 2064 1574 est
2084 1533 2204 1574 eum

646 1628 751 1668 non
791 1613 857 1669 de
886 1614 1228 1669 fornicatione
1272 1627 1524 1683 corporea
1559 1612 1743 1682 loqui;
1773 1612 1901 1666 alias
1947 1612 2087 1665 enim
2126 1612 2209 1663 di-

644 1706 829 1772 xisset,
856 1704 1051 1761 Civitas
1078 1714 1254 1770 casta;
1284 1703 1337 1759 id
1364 1704 1506 1759 enim
1535 1704 1718 1759 fuisset
1739 1704 2001 1758 meretrici
2039 1717 2206 1773 oppo-

648 1797 850 1849 situm:
880 1811 1019 1851 nunc
1062 1808 1236 1851 autem
1278 1795 1563 1851 ostendens
1600 1809 1660 1849 se
1685 1810 1778 1863 per
1806 1794 2205 1849 fornicationem

644 1885 977 1940 subindicare
1020 1886 1362 1953 impietatem,
1396 1884 1550 1940 ﬁdem
1588 1884 1686 1953 ipsi
1725 1883 2082 1939 adversariam
2109 1899 2206 1954 po-

645 1975 767 2028 suit.
816 1974 979 2029 Plena
1015 1975 1237 2045 judicii;
1279 1975 1330 2029 id
1376 1984 1476 2039 est,
1529 1976 1683 2043 plena
1726 1976 1961 2043 justitiaa.
2005 1976 2208 2031 Rursus

648 2063 931 2116 maximum
958 2064 1180 2131 crimen,
1210 2080 1314 2118 non
1337 2064 1473 2133 quod
1503 2064 1568 2118 ad
1597 2064 1896 2119 universam
1923 2065 2206 2133 nequitiam

649 2149 1001 2215 defecissent,
1050 2153 1141 2207 sed
1176 2153 1317 2222 quod
1352 2154 1643 2207 universam
1670 2154 1916 2207 virtutem
1947 2155 2205 2221 prodidis-

649 2248 785 2300 sent.
809 2248 861 2294 et
884 2256 1067 2296 onmes
1093 2242 1350 2297 bonorum
1380 2242 1586 2297 divitias
1606 2241 1883 2297 confertim
1907 2259 1937 2297 e
1966 2244 2209 2297 manibus

650 2329 982 2397 ahjecissent,
1022 2332 1086 2385 ad
1126 2342 1415 2387 extremam
1443 2335 1699 2387 malorum
1730 2343 2089 2402 paupertatem
2119 2336 2210 2389 de-

650 2420 793 2487 jecti.
820 2420 883 2474 In
917 2438 1014 2489 qua
1049 2423 1249 2492 justitia
1286 2423 1519 2491 requievit
1562 2426 1614 2476 in
1658 2440 1736 2477 ea.
1774 2424 1978 2486 Mansit,
2021 2426 2206 2491 inquit,

653 2508 921 2574 habitavit,
963 2511 1013 2565 id
1060 2520 1161 2577 est,
1210 2512 1440 2580 plantata
1484 2520 1583 2577 est,
1624 2514 1826 2567 radices
1863 2516 2060 2583 posuit,
2090 2531 2209 2569 cum

652 2598 919 2654 alacritate
961 2602 1027 2655 ab
1062 2602 1303 2656 omnibus
1340 2602 1543 2656 civibus
1585 2604 1945 2658 exercebatur.
1980 2605 2033 2657 In
2067 2608 2207 2673 prio-

655 2690 795 2743 ribus
818 2691 1052 2745 laudibus
1073 2693 1400 2755 immoratur,
1415 2694 1570 2747 simul
1602 2708 1797 2762 augens
1823 2698 2208 2749 accusationem

653 2779 721 2833 de
742 2782 1043 2846 mutatione,
1064 2790 1115 2836 et
1131 2782 1319 2836 bonam
1337 2796 1482 2851 spem
1504 2782 1807 2851 subjiciens,
1822 2786 2212 2854 ostendensque

656 2867 809 2923 facile
834 2869 975 2936 ipsos
1002 2883 1154 2938 posse
1183 2871 1234 2925 in
1266 2872 1545 2941 pristinum
1577 2880 1770 2926 statum
1804 2875 2027 2928 restitui.
2063 2876 2214 2929 Nunc

654 2969 819 3012 autem
843 2960 1195 3028 interfectores.
1227 2961 1513 3016 Homicida:
1536 3004 1550 3027 ,
1582 2962 1672 3017 ait.
1701 2962 1789 3016 22.
1823 2964 2095 3034 Argentum
2129 2983 2210 3020 ve-

654 3056 814 3101 strum
850 3050 1129 3117 reprobum.
1159 3050 1213 3104 Id
1243 3059 1342 3116 est,
1370 3052 1505 3105 male
1530 3052 1789 3121 signatum
1810 3092 1823 3115 ,
1848 3053 2172 3121 illegitimum
2194 3097 2208 3121 ,

657 3140 865 3194 falsum.
897 3141 1156 3211 Caupones
1191 3143 1260 3195 tui
1282 3143 1486 3196 miscent
1511 3144 1676 3196 vinum
1702 3159 1851 3212 aqua.
1884 3142 2015 3210 Quia
2045 3144 2096 3199 in
2121 3161 2214 3200 cx-

655 3230 807 3284 ordio
830 3246 1011 3286 eorum
1044 3232 1326 3301 nequitiam
1361 3246 1464 3285 non
1496 3232 1763 3301 speciatim
1788 3235 2087 3301 recensuit;
2119 3236 2212 3289 sed

655 3320 730 3373 ait
756 3320 871 3374 illos
897 3319 1277 3389 contempsisse
1296 3360 1311 3386 ,
1343 3336 1523 3376 semen
1564 3320 1859 3388 improbum
1885 3337 2004 3378 esse
2025 3364 2040 3386 ,
2073 3332 2126 3377 et
2154 3325 2214 3377 fi—

656 3411 755 3464 lios
792 3410 1028 3479 iniquos,
1064 3410 1199 3477 quod
1226 3411 1516 3465 convicium
1543 3411 1814 3465 videbatur
1851 3427 1969 3466 esse
2007 3416 2176 3482 potius

656 3518 811 3570 quam
851 3502 1113 3555 accusatio
1146 3518 1160 3556 :
1201 3500 1287 3556 hic
1328 3502 1690 3557 accusationes
1736 3504 2005 3572 speciatim
2050 3520 2214 3559 enun-

659 3592 779 3657 tiat,
806 3602 860 3645 et
897 3590 1099 3659 primo,
1131 3591 1268 3660 quod
1301 3600 1382 3647 est
1409 3600 1462 3645 et
1490 3592 1713 3660 primum
1738 3594 1993 3647 malorum
2020 3602 2071 3648 et
2102 3610 2214 3649 me-

658 3682 800 3736 dium
828 3691 880 3736 et
901 3691 1192 3737 extremum
1214 3723 1229 3747 ,
1261 3683 1530 3737 avaritiam
1553 3724 1565 3746 ,
1597 3692 1651 3739 et
1679 3684 1816 3738 circa
1848 3694 1996 3753 pacta
2024 3700 2215 3753 caupo-

660 3774 856 3825 nariam
883 3781 1067 3825 artem.
1098 3772 1166 3826 At
1189 3772 1397 3839 quidam
1430 3773 1744 3827 ineffabilem
1771 3773 1861 3827 Dei
1903 3774 2212 3841 sapientiam

660 3877 762 3915 non
799 3862 1165 3927 intelligentes,
1210 3861 1309 3917 hoc
1334 3877 1426 3931 per
1455 3877 1725 3931 anagogen
1760 3862 1955 3917 dictum
1997 3878 2218 3931 accepe-

659 3962 797 4005 runt.
847 3952 1027 4022 Neque
1072 3954 1235 4013 enim.
1286 3953 1450 4018 aiunt,
1496 3969 1714 4023 magnus
1750 3954 1835 4007 ille
1883 3962 1937 4008 et
1977 3955 2215 4009 sublimis

660 4040 818 4095 Isaias
833 4042 897 4096 de
921 4042 1384 4097 nummulariorum
1402 4041 1625 4107 vafritie,
1640 4054 1689 4097 et
1707 4047 1770 4097 de
1790 4058 2083 4112 cauponum
2101 4060 2218 4098 cor-

660 4131 860 4197 ruptela
886 4131 1126 4199 loquutus
1153 4131 1335 4184 fuisset
1365 4148 1379 4183 :
1420 4130 1511 4184 sed
1539 4139 1813 4199 argentum
1848 4132 1929 4186 hic
1951 4134 2080 4186 dicit
2106 4134 2217 4187 elo-

662 4220 780 4285 quia
811 4219 900 4271 Dei
927 4258 939 4274 .
970 4228 1021 4271 et
1050 4219 1227 4272 vinum
1256 4218 1549 4273 doctrinam
1573 4258 1589 4283 ,
1629 4234 1784 4286 quam
1830 4222 2217 4288 permiscebant

660 4322 782 4361 suas
819 4308 1073 4362 addentes
1098 4310 1417 4378 disciplinas.
1455 4309 1567 4378 Ego
1594 4326 1721 4365 vero
1750 4311 1884 4366 hanc
1904 4316 2214 4383 explicatio-

661 4413 778 4451 nem
826 4412 929 4451 non
978 4398 1251 4465 improbo,
1283 4398 1375 4452 sed
1416 4400 1590 4453 aliam
1617 4401 1875 4454 veriorem
1917 4419 2033 4457 esse
2073 4405 2214 4459 dico.

660 4486 771 4540 Non
801 4486 959 4540 modo
983 4487 1121 4541 enim
1150 4502 1253 4541 non
1284 4487 1553 4557 indignum
1579 4490 1835 4558 prapheta
1858 4500 1910 4544 et
1938 4492 2002 4545 de
2029 4495 2218 4547 talibus

664 4578 825 4645 loqui,
856 4577 945 4630 sed
974 4577 1124 4632 valde
1146 4577 1357 4646 dignum
1388 4587 1440 4632 et
1470 4579 1557 4632 illo
1585 4588 1642 4633 et
1674 4578 1766 4633 Dei
1793 4580 2134 4649 benignitate.
2155 4584 2219 4638 Et

660 4666 784 4735 quid
828 4680 958 4735 opus
998 4675 1082 4720 est
1125 4668 1284 4720 multa
1323 4667 1548 4722 dicere?
1577 4668 1707 4722 Cum
1752 4669 1891 4723 enim
1919 4671 2219 4739 unigenitus

664 4758 752 4811 Dei
777 4757 938 4810 Filius
964 4757 1240 4811 sublimem
1262 4757 1487 4811 affet-ens
1506 4758 1794 4813 doctrinam
1818 4760 2048 4827 advenit,
2072 4778 2221 4815 cum-

660 4862 761 4915 que
786 4847 1075 4915 angelicum
1100 4846 1223 4900 vitae
1261 4846 1554 4900 institutum
1595 4848 2031 4904 disseminaturus
2053 4861 2215 4915 esset,

663 4952 764 4988 non
811 4950 970 5003 pauca
1020 4944 1071 4988 et
1100 4937 1209 5003 ipse
1252 4934 1317 4989 de
1364 4936 1628 4991 mensuris
1664 4938 1927 4999 disseruit,
1962 4941 2129 5009 deque
2158 4943 2219 4995 iis

662 5041 777 5089 qtttl’.
820 5026 1003 5077 viliora
1056 5026 1370 5080 videbantur
1404 5042 1543 5091 esse,
1590 5028 1657 5081 de
1704 5030 2123 5094 salutationibus,
2152 5034 2219 5086 de

661 5116 833 5169 medio
884 5117 999 5169 loco
1036 5117 1131 5185 (a),
1178 5117 1244 5171 de
1293 5119 1463 5186 primo
1505 5120 1766 5173 accubitu.
1807 5120 1934 5174 Nam
1966 5122 2075 5176 haec
2103 5140 2219 5191 qua:

661 5209 843 5275 exigua
878 5208 1126 5261 videntur
1148 5224 1283 5271 esse,
1319 5212 1361 5263 si
1404 5212 1748 5280 negligantur,
1779 5216 1947 5282 magni
1981 5227 2221 5283 peccato-

662 5312 776 5349 rum
811 5298 1015 5352 fomites
1052 5308 1190 5352 sunt.
1224 5300 1373 5365 Quod
1402 5302 1444 5353 si
1490 5301 1539 5353 in
1571 5302 1715 5355 Novo
1746 5303 2080 5357 Testamento
2109 5306 2221 5359 lucc

724 5430 793 5488 (α)
828 5429 879 5476 ln
901 5437 1074 5483 armet).
1099 5450 1295 5491 μιπσιιῦν.
1321 5439 1428 5479 "me
1451 5441 1584 5479 recte
1612 5442 1739 5481 notat
1763 5436 1956 5483 savilius
1978 5437 2064 5483 hoc
2082 5437 2182 5484 loro
2206 5453 2217 5485 :

668 5506 689 5531 ι
934 5491 1111 5554 medios
1136 5493 1340 5542 incessus
1378 5493 1611 5551 signiticet
1640 5509 1649 5541 :
1680 5496 1759 5554 qui
1811 5495 1938 5543 locus
1984 5506 2055 5544 est
2099 5500 2220 5545 inter

662 5548 995 5614 ambulandum
1022 5548 1441 5601 ιιυιιιιιιίιιὶδδὶιιιιιδξ
1469 5555 1578 5601 inde
1609 5548 1721 5601 illud
1753 5556 2051 5614 Imperatoris
2075 5559 2129 5604 atl
2167 5562 2221 5604 h-

663 5610 851 5655 ln-rtum
876 5624 1011 5657 suum
1039 5614 1163 5659 inter
1187 5614 1306 5661 duos
1328 5622 1579 5661 senatores
1619 5610 1829 5662 medium
1859 5618 2180 5666 ambulantem
2207 5634 2218 5666 :

666 5682 820 5775 2'mnon
844 5678 887 5778 ἴε
912 5672 1054 5763 pug/vt
1076 5671 1197 5721 inter
1220 5687 1297 5723 cos
1327 5674 1531 5722 medium
1564 5676 1801 5729 incedere,
1828 5690 2026 5739 quorum
2063 5693 2127 5727 scr
2144 5694 2223 5729 rus

694 5743 763 5777 sse
780 5744 841 5778 υο
859 5744 951 5778 eris
972 5768 984 5778 .
1018 5748 1039 5775 ι

694 5743 763 5777 sse
779 5743 951 5791 poteris
972 5743 995 5781 .'
1018 5748 1039 5775 ι

2312 517 2582 588 dirigenda
2609 528 2780 585 erant,
2811 520 2977 574 multo
3006 522 3175 589 magis
3201 521 3252 575 in
3276 519 3474 587 Veteri,
3500 521 3714 593 quando
3733 537 3886 577 cras-

2308 611 2478 664 siores
2506 612 2774 665 auditores
2803 619 2978 677 erant,
3006 620 3061 667 et
3090 620 3195 667 tota
3218 612 3427 667 illorum
3450 614 3570 668 vitae
3590 615 3727 670 ratio
3751 615 3885 673 hinc

2312 700 2607 769 regebatur,
2631 714 2749 753 cum
2773 701 2997 768 populus
3026 701 3110 755 his
3134 702 3301 770 magis
3324 700 3643 769 erudiretur,
3666 713 3723 757 ut
3752 720 3887 772 pro-

2309 791 2393 842 cul
2414 790 2558 842 omni
2589 789 2820 857 nequitia
2850 799 3013 856 esset,
3040 800 3093 846 et
3122 792 3174 845 in
3219 791 3365 846 nullo
3402 794 3697 861 proximum
3730 789 3883 844 frau-

2309 878 2479 940 daret,
2515 894 2686 948 neque
2722 895 2816 948 per
2854 881 3044 934 malam
3074 882 3216 935 illam
3262 883 3632 952 cauponariam
3674 896 3883 952 paupe-

2311 968 2478 1022 riores
2498 971 2839 1038 opprimeret.

2380 1057 2432 1111 8.
2462 1057 2554 1112 His
2591 1074 2817 1129 namque
2859 1059 3112 1130 neglectis
3156 1075 3297 1131 saepe
3324 1062 3559 1118 civitates
3586 1066 3885 1129 subversae,

2311 1157 2364 1200 et
2393 1147 2654 1216 principes
2681 1148 2748 1202 de
2774 1149 2908 1203 solio
2930 1150 3192 1205 deturbati
3214 1161 3355 1217 sunt,
3379 1152 3617 1222 bellaque
3646 1154 3890 1222 inexpia-

2314 1236 2435 1290 bilia
2485 1238 2733 1292 suscitata
2776 1256 2790 1292 :
2826 1240 3271 1308 quemadmodum
3312 1241 3394 1297 his
3435 1243 3725 1299 observatis
3774 1262 3883 1315 pax

2312 1328 2474 1381 multa
2501 1338 2554 1384 et
2583 1330 2931 1399 tranquillitas
2961 1330 3076 1395 fuit,
3104 1346 3308 1388 necnon
3337 1334 3591 1390 securitas
3618 1336 3684 1390 ad
3714 1337 3885 1391 virtu-

2312 1427 2418 1475 tem
2462 1420 2747 1476 deducens.
2790 1420 2880 1476 23.
2915 1421 3178 1492 Principes
3221 1425 3295 1478 tui
3335 1424 3702 1496 inobsequentes
3738 1439 3881 1484 sunt.

2312 1510 2549 1566 Maxima:
2614 1512 2938 1582 aegritudinis
2981 1520 3036 1567 et
3087 1516 3441 1583 perversitatis
3500 1518 3705 1586 signum
3757 1531 3879 1587 est,

2312 1603 2520 1673 quando
2541 1602 2730 1658 medici
2759 1607 2973 1660 morbos
2996 1604 3256 1675 adaugent
3279 1606 3377 1678 (a).
3404 1608 3703 1678 Principum
3735 1612 3881 1664 enim

2312 1704 2393 1751 est
2421 1696 2594 1765 populi
2623 1697 2907 1751 dissolutos
2945 1712 3123 1752 mores
3150 1714 3504 1769 compescere,
3550 1711 3691 1757 recte
3737 1703 3887 1757 ordi-

2312 1802 2459 1851 nare,
2484 1788 2756 1858 ipsumque
2778 1789 2980 1857 legibus
3002 1789 3447 1859 obtemperantem
3476 1793 3732 1848 reddere:
3757 1808 3881 1850 cum

2312 1885 2485 1931 autem
2517 1879 2611 1944 ipsi
2633 1879 2786 1947 primi
2816 1880 2958 1948 leges
2985 1881 3455 1949 transgrediuntur,
3476 1883 3739 1953 quomodo
3758 1885 3883 1939 aliis

2311 1964 2554 2019 doctores
2597 1967 2823 2022 fuerint?
2870 1969 2997 2021 Illud
3033 1971 3198 2037 enim,
3244 1970 3621 2041 Inobsequentes
3658 1984 3792 2041 sunt,
3824 1976 3882 2029 id

2313 2068 2411 2122 est,
2443 2059 2554 2113 Non
2584 2060 2943 2129 obsequuntur
2972 2062 3094 2130 legi,
3128 2072 3385 2131 prmcepta
3408 2079 3513 2118 non
3542 2075 3789 2119 servant:
3824 2066 3879 2120 id

2312 2149 2451 2217 quod
2475 2150 2630 2203 etiam
2663 2150 2854 2205 Paulus
2879 2152 3005 2219 ipsis
3033 2152 3237 2205 crimini
3265 2152 3353 2205 dat
3378 2153 3557 2208 dicens
3587 2172 3599 2207 :
3635 2154 3731 2221 Qui
3757 2172 3883 2225 ergo

2312 2238 2467 2290 alium
2491 2239 2655 2301 doces,
2684 2243 2893 2305 teipsum
2926 2255 3026 2293 non
3052 2241 3197 2293 doces
3224 2240 3391 2311 (Rom.
3416 2243 3469 2295 2.
3494 2234 3553 2295 21
3570 2244 3629 2309 )τ
3656 2244 3882 2311 Quando

2313 2342 2440 2395 ergo
2471 2328 2618 2381 radix
2645 2337 2891 2396 corrupta
2922 2328 3096 2391 fuerit.
3128 2330 3194 2384 de
3232 2332 3392 2387 ramis
3415 2332 3538 2401 quid
3571 2332 3689 2388 boni
3712 2335 3883 2401 conji-

2314 2416 2461 2468 cias?
2488 2416 2626 2469 Socii
2654 2421 2843 2484 furum.
2877 2418 3127 2472 Accessio
3150 2419 3400 2485 criminis,
3425 2421 3562 2490 quod
3582 2437 3683 2476 non
3705 2424 3881 2479 solum

2317 2506 2451 2558 mala
2484 2520 2583 2559 non
2615 2517 2911 2570 coerceant,
2955 2507 3047 2562 sed
3087 2518 3306 2563 conatus
3332 2509 3385 2563 in
3411 2513 3727 2567 contrarium
3756 2529 3884 2569 ver-

2317 2603 2445 2660 tant,
2488 2612 2589 2649 non
2623 2598 2778 2649 modo
2817 2598 2957 2651 fures
3004 2614 3107 2653 non
3150 2610 3469 2671 oppugnent,
3519 2604 3611 2659 sed
3658 2614 3709 2659 et
3751 2606 3882 2675 ipsis

2311 2684 2617 2753 jungantur,
2649 2702 2712 2739 ex
2741 2686 3000 2741 diametro
3038 2690 3333 2757 oppositam
3370 2692 3547 2746 virtuti
3588 2694 3881 2763 principum

2318 2776 2598 2841 nequitiam
2630 2776 2903 2831 adeuntes.
2938 2776 3209 2847 Diligentes
3237 2796 3463 2833 munera.
3502 2782 3676 2838 Altera
3707 2786 3883 2854 gravis

2317 2862 2520 2929 species
2545 2861 2695 2918 famis
2718 2865 2851 2928 auri,
2883 2880 2999 2933 qua
3028 2866 3257 2920 fueatum
3286 2870 3495 2937 quidem
3538 2872 3695 2927 habet
3727 2889 3887 2943 argu-

2318 2960 2571 3017 mentum,
2606 2953 2699 3008 sed
2747 2954 3121 3009 benevolentia:
3150 2957 3365 3011 obtentu
3392 2969 3679 3015 extremam
3713 2966 3887 3018 avari-

2319 3043 2441 3095 tiam
2490 3043 2684 3112 prodit.
2738 3043 3095 3113 Persequentes
3139 3047 3530 3104 retributionem.
3578 3050 3881 3107 Memoriam

2318 3132 2624 3200 injuriarum
2651 3149 2774 3204 erga
2824 3134 3065 3193 inimicos
3093 3148 3383 3204 servantes,
3414 3141 3550 3195 mala
3594 3143 3884 3201 retribuere

2317 3233 2573 3278 conantur
2602 3225 2665 3279 iis
2690 3226 2775 3294 qui
2803 3240 2860 3280 se
2888 3226 3075 3296 injuria
3103 3228 3406 3296 affecerunt,
3433 3247 3550 3301 quae
3596 3244 3676 3289 est
3700 3235 3885 3307 ingens

2319 3314 2528 3367 malitia:
2573 3316 2775 3381 species
2814 3333 2828 3369 :
2867 3318 3210 3384 quamobrem
3257 3335 3359 3374 non
3402 3322 3453 3376 in
3496 3322 3641 3378 Novo
3684 3335 3884 3383 tantum

2319 3404 2676 3468 Testamento,
2708 3406 2800 3460 sed
2825 3407 2979 3460 etiam
3012 3408 3063 3462 in
3094 3409 3292 3475 Veteri,
3324 3427 3511 3481 magno
3540 3416 3712 3469 studio
3734 3432 3885 3472 coer-

2319 3504 2485 3547 cetur.
2518 3494 2767 3547 Malitiam
2791 3497 2955 3561 enim,
2994 3497 3181 3565 inquit,
3228 3502 3443 3568 proximi
3474 3504 3551 3556 sui
3593 3521 3654 3557 ne
3696 3517 3887 3561 revocet

2319 3586 2524 3653 quisque
2552 3594 2763 3638 vestrum
2804 3586 2857 3638 in
2905 3588 3056 3640 corde
3089 3605 3179 3641 suo
3216 3589 3393 3657 (lacn.
3427 3592 3477 3643 7.
3514 3592 3623 3661 10).
3667 3595 3745 3648 Αἱ)
3787 3596 3889 3653 hoc

2320 3674 2459 3725 enim
2490 3675 2733 3743 nequitia:
2762 3689 2955 3742 genere
2989 3691 3178 3744 purum
3219 3693 3335 3735 esse
3367 3690 3577 3748 Oportet
3614 3684 3885 3753 populum,

2320 3764 2591 3833 multoque
2619 3766 2785 3833 magis
2831 3767 3142 3836 principem,
3190 3771 3276 3839 qui
3323 3772 3543 3827 subditis
3593 3775 3643 3829 in
3688 3775 3890 3845 judicio

2324 3853 2609 3920 praecipere
2636 3854 2811 3915 debet,
2842 3866 2897 3907 ut
2924 3867 3118 3923 ponant
3150 3858 3466 3927 inimicitias,
3506 3878 3571 3918 ne
3617 3874 3799 3933 portus
3832 3867 3887 3921 in

2322 3942 2595 4008 scopulum
2622 3950 2872 3995 vertatur.
2909 3943 3129 4013 Pupillis
3157 3964 3255 4001 non
3278 3950 3579 4013 iudicantes.
3610 3954 3663 4008 Id
3694 3966 3795 4017 est,
3823 3956 3890 4010 iis

2323 4046 2426 4084 non
2453 4033 2863 4100 patrocinantes,
2894 4043 2947 4086 nt
2971 4034 3057 4102 jus
3094 4051 3244 4090 suum
3275 4039 3563 4095 oh'ineant.
3611 4043 3892 4115 Etjndicio

2323 4121 2581 4172 viduarum
2607 4137 2704 4173 non
2733 4123 3058 4176 attendentes.

2397 4212 2514 4265 Non
2539 4212 2685 4265 modo
2720 4214 2907 4265 malum
2936 4226 3239 4284 perpetrare,
3287 4217 3373 4270 sed
3396 4218 3542 4272 etiam
3578 4220 3759 4275 bonum
3790 4242 3893 4279 non

2324 4319 2468 4371 agere
2496 4303 2691 4355 crimini
2718 4304 2886 4356 datur.
2912 4333 2983 4343 —
3006 4304 3422 4373 Observandum,
3462 4325 3568 4364 non
3599 4314 3754 4366 modo
3781 4330 3896 4368 ma-

2325 4392 2431 4443 lum
2464 4401 2784 4459 perpetrare,
2817 4393 2907 4446 sed
2935 4394 3091 4447 etiam
3124 4395 3319 4450 bonum
3348 4414 3451 4453 non
3481 4415 3655 4471 agere,
3684 4404 3892 4459 crimini

2324 4481 2456 4545 dari,
2488 4481 2929 4549 quemadmodum
2950 4484 3107 4536 etiam
3138 4486 3185 4537 in
3218 4486 3363 4542 Novo
3384 4489 3736 4546 Testamento.
3759 4493 3894 4551 Nam

2325 4572 2414 4640 qui
2440 4572 2756 4626 esurientem
2788 4587 2892 4625 non
2916 4573 3080 4637 alunt,
3112 4589 3213 4627 non
3246 4578 3363 4644 quia
3388 4578 3556 4632 aliena
3584 4593 3887 4650 rapuerunt,

2326 4663 2416 4715 sed
2443 4663 2559 4731 quia
2592 4677 2684 4715 sua
2710 4662 2891 4731 egenis
2918 4677 3022 4715 non
3044 4675 3344 4732 erogarunt,
3369 4666 3418 4720 in
3439 4668 3693 4736 gehennae
3717 4672 3891 4741 ignem

2327 4753 2637 4805 mittuntur:
2676 4752 2752 4805 sic
2778 4751 2937 4820 igitur
2972 4751 3023 4805 hi
3065 4767 3205 4807 nunc
3248 4754 3569 4824 incusantur,
3613 4773 3716 4814 non
3750 4763 3890 4830 quod

2326 4843 2508 4895 alienis
2531 4842 2681 4894 bonis
2711 4842 2930 4906 inhient,
2964 4858 3068 4896 non
3098 4844 3235 4912 quod
3266 4845 3455 4913 injuste
3485 4852 3712 4917 potentia
3741 4861 3892 4905 utan-

2328 4941 2425 4993 tur,
2460 4932 2548 4983 sed
2578 4932 2717 4999 quod
2754 4931 2932 5001 egenis
2959 4931 3246 4986 officiosam
3278 4950 3487 4990 manuni
3518 4953 3620 4991 non
3652 4940 3889 4996 tendant.

2326 5021 2411 5073 24.
2452 5020 2662 5087 I’r0pter
2700 5021 2791 5072 ItOC
2836 5021 2941 5072 hwc
2978 5022 3098 5073 dicit
3143 5021 3436 5077 Dominator
3466 5025 3711 5081 Dominus
3754 5026 3891 5082 Sab—

2326 5110 2492 5172 baot/r,
2528 5120 2696 5176 potens
2724 5109 2888 5162 Israel
2918 5125 2936 5161 :
2967 5110 3013 5163 id
3054 5120 3153 5175 est,
3199 5115 3393 5181 pepuli.
3432 5114 3544 5169 Non
3584 5118 3697 5169 sine
3732 5133 3890 5174 causa

2329 5201 2473 5261 illud,
2510 5201 2715 5264 Potens,
2740 5201 2933 5269 posuit,
2966 5200 3057 5253 scd
3090 5202 3139 5254 in
3171 5204 3473 5256 memoriam
3508 5219 3759 5259 revocans
3787 5208 3894 5263 illis

2390 5381 2460 5438 (τι)
2490 5380 2541 5427 ln
2558 5386 2730 5435 Graeco,
2745 5392 2809 5441 κάς
2833 5391 3210 5441 νίσουςγιπιτρῑςυσιν.
3225 5379 3494 5441 ἰ’ἰγιηιαηηυδ
3508 5382 3666 5434 vertit.
3684 5380 3892 5441 inferunt

2326 5441 2526 5487 morbos.
2547 5442 2633 5487 Sed
2662 5440 2834 5487 melius
2858 5440 3159 5502 intelligitur,
3184 5441 3228 5488 ni
3263 5439 3410 5502 fallor,
3428 5440 3610 5488 morbos
3632 5439 3888 5502 adaugent.

2328 5503 2451 5568 ut__i_n
2469 5502 2749 5568 diuturnius
2774 5509 2963 5568 tempus
2988 5501 3269 5555 extrahant;
3298 5501 3372 5568 vel
3404 5502 3525 5548 forte
3550 5503 3619 5549 sic
3636 5501 3889 5568 jmsiljtt?

2329 5560 2499 5615 telligi.
2530 5562 2574 5606 in
2600 5559 2771 5623 morbis
2795 5559 2885 5623 ipsi
2905 5569 3179 5619 rersmztnr;
3204 5576 3312 5623 qua!
3344 5559 3677 5623 interiretatio
3717 5564 3893 5613 melius

2328 5624 2561 5680 quadrare
2588 5622 2778 5683 videtur
2801 5622 2855 5667 ad
2891 5634 2947 5683 ea
2970 5635 3078 5683 quzc
3103 5622 3500 5683 sequ’tmturrstnl
3534 5624 3570 5669 si
3612 5623 3680 5669 sic
3710 5624 3892 5672 intelli-

2330 5683 2538 5736 gendum
2564 5688 2713 5735 esset,
2740 5680 2911 5741 aliquid
2938 5680 3083 5729 seriei
3124 5680 3296 5730 Graeca)
3318 5682 3585 5730 addendum
3625 5683 3893 5743 videretur,

2332 5743 2463 5789 verbi
2493 5743 2661 5803 gratia,
2689 5755 2733 5798 tt;
2758 5756 2820 5797 τὰς
2844 5756 2964 5799 νέως
2988 5756 3221 5804 temptem...
