4152 6476
238 427 311 483 25

252 541 332 589 ea,
363 542 488 596 quae
518 542 731 599 prseter
757 547 904 603 Spem
933 537 1239 604 consequuti
1269 542 1411 601 sunt,
1434 534 1705 599 beneﬁcia,
1736 550 1853 604 gra-

263 634 483 689 vesque,
511 637 655 692 quas
688 624 829 694 passi
850 634 991 690 sunt,
1020 641 1221 693 poenas.
1249 626 1379 691 Quia
1407 627 1547 681 enim
1574 642 1691 679 cum
1714 640 1852 694 sa-pc

267 720 323 764 ct
350 713 515 766 multa
563 725 899 783 peccassent,
930 725 981 770 et
1012 731 1251 786 magnam
1293 717 1384 771 Dei
1416 716 1715 785 patientiam
1755 732 1849 769 ex-

277 804 411 872 perti
453 813 655 871 essent,
714 805 768 859 in
818 805 1072 875 ignaviam
1123 805 1434 869 inciderunt,
1481 806 1531 860 id
1572 815 1715 860 certe
1743 806 1852 857 vult

277 894 571 959 declarare,
602 896 745 964 quod
774 896 1015 951 videlicet
1047 897 1233 965 possit,
1276 897 1484 966 quando
1518 897 1645 958 vult,
1677 896 1847 950 vindi-

278 996 423 1039 ctam
454 1002 683 1050 sumere,
732 988 847 1041 siue
888 988 991 1040 ulla
1021 996 1231 1041 servata
1271 989 1519 1057 temporis
1556 988 1635 1041 vel
1659 1002 1849 1057 oppor-

284 1076 525 1129 tunitatis
548 1078 846 1139 occasione,
880 1077 969 1130 sed
999 1077 1172 1131 omnia
1218 1078 1316 1133 sibi
1357 1092 1565 1146 semper
1595 1088 1769 1146 parata
1796 1088 1848 1130 ct

280 1166 351 1219 ad
383 1182 593 1222 manum
620 1182 757 1223 esse.
792 1167 877 1220 Vw
898 1170 1105 1236 fortibus
1132 1167 1298 1223 Israel
1321 1185 1339 1222 :
1365 1186 1463 1223 non
1488 1170 1617 1223 enim
1641 1169 1845 1222 cessabit

280 1258 431 1325 furor
456 1275 589 1311 meus
625 1270 797 1311 contra
823 1259 1053 1312 inimicos
1093 1275 1245 1313 meos.
1275 1259 1407 1325 Quid
1436 1260 1572 1313 enim
1604 1259 1847 1314 miserius

279 1347 371 1408 iis,
400 1348 487 1415 qui
513 1349 672 1402 Deum
703 1348 895 1403 habent
920 1349 1224 1403 inimicum?
1251 1348 1369 1403 Non
1397 1349 1623 1412 cessabit,
1658 1350 1842 1419 inquit,

278 1457 391 1493 non
432 1449 491 1493 ut
528 1441 577 1495 in
620 1440 1036 1508 desperationem
1078 1440 1352 1509 conjiciat,
1394 1441 1483 1495 sed
1513 1449 1568 1493 ut
1606 1442 1844 1495 timorem

276 1546 485 1600 augens
509 1531 570 1583 ad
602 1532 956 1599 pmnitentiam
981 1541 1151 1586 vocet.
1188 1531 1315 1585 Nam
1349 1532 1457 1594 illo,
1490 1531 1609 1586 Non
1640 1532 1846 1586 cessabit

275 1624 451 1690 furor,
482 1622 760 1677 terribilius
788 1631 868 1676 est
891 1622 1035 1687 illud,
1064 1622 1249 1675 Contra
1275 1622 1498 1675 inimicos
1523 1639 1676 1677 meos.
1702 1622 1842 1676 Nihil

275 1712 424 1765 enim
462 1714 529 1765 ita
561 1713 722 1766 Deum
768 1711 833 1765 ad
882 1713 1009 1765 iram
1055 1713 1319 1766 concitare
1366 1712 1519 1774 solet,
1552 1725 1605 1765 ut
1655 1714 1843 1781 injuria

274 1802 600 1869 [uaporibus
644 1802 798 1855 facta.
859 1800 942 1855 Vae
990 1809 1164 1855 autem
1210 1802 1419 1871 fortibus
1464 1802 1701 1869 dicebat,
1739 1818 1842 1858 non

273 1890 421 1959 quod
453 1892 755 1959 potentiam,
785 1893 875 1946 sed
905 1892 1043 1961 quod
1068 1894 1350 1961 potentiam
1381 1894 1446 1949 ad
1476 1894 1670 1949 malum
1696 1896 1849 1951 adhi-

275 1982 445 2035 bitam
474 1982 853 2036 criminaretur.
901 1983 1279 2039 Fortitudinem
1322 2000 1449 2039 vero
1477 1985 1562 2040 hic
1591 2001 1693 2041 non
1726 2002 1846 2042 eor-

271 2072 425 2140 poris
450 2072 589 2131 dicit.
622 2072 716 2127 sed
742 2087 859 2127 eam
892 2074 1171 2141 potentiam
1199 2089 1314 2143 qua:
1339 2089 1405 2130 ex
1440 2075 1595 2130 rebus
1622 2078 1848 2132 circum-

271 2163 539 2215 stantibus
570 2163 789 2230 paritur.
822 2163 887 2215 Et
902 2164 1150 2231 judicium
1178 2166 1359 2233 faciam
1384 2166 1446 2219 de
1470 2166 1679 2221 inimicis
1701 2169 1839 2222 meis.

271 2252 509 2307 Pleetam
540 2253 776 2308 inimicos
806 2268 973 2319 meos,
1020 2254 1260 2311 inimicos
1298 2271 1421 2311 suos
1444 2271 1639 2312 vocans
1667 2259 1841 2314 inimi-

268 2356 371 2397 cos
411 2357 721 2412 pauperum,
762 2345 849 2414 qui
899 2344 999 2399 illis
1038 2345 1283 2400 damnum
1327 2346 1559 2402 inferunt
1592 2366 1605 2400 :
1637 2348 1686 2403 id
1718 2365 1843 2405 vero

267 2433 487 2487 dicebat
517 2444 572 2487 ut
598 2433 770 2488 discas
797 2434 1063 2504 injustitia:
1093 2437 1525 2507 magnitudinem.
1550 2438 1636 2495 25.
1669 2439 1735 2494 Et
1762 2441 1842 2494 in-

267 2526 462 2578 ducant
497 2543 696 2579 manum
736 2542 896 2581 meam
931 2545 1082 2597 super
1123 2537 1187 2596 te,
1216 2539 1262 2584 et
1287 2547 1558 2599 excoquam
1589 2542 1634 2586 te
1658 2535 1724 2586 ad
1750 2550 1843 2603 pu-

266 2633 409 2669 rum.
444 2616 511 2672 Ut
549 2618 739 2683 discas,
768 2618 1161 2688 qualiscumque
1186 2620 1255 2673 sit
1281 2620 1354 2673 ira
1396 2621 1485 2675 Dei
1512 2632 1564 2675 et
1590 2622 1836 2689 vindicta,

266 2722 391 2759 eam
424 2722 525 2761 non
556 2707 604 2759 in
634 2707 845 2767 malum.
876 2715 929 2762 et
967 2717 1023 2762 ut
1052 2723 1221 2777 patore
1252 2709 1540 2764 inferantur
1564 2712 1733 2766 solum
1761 2713 1843 2766 in-

267 2800 403 2868 ﬂigi,
434 2802 524 2855 sed
567 2810 623 2854 ut
667 2801 701 2855 ii
746 2802 831 2870 qui
878 2802 1162 2871 puniuntur
1207 2802 1273 2857 ad
1324 2802 1590 2859 meliorem
1636 2803 1836 2869 frugem

267 2902 607 2945 revocentur.
644 2891 711 2944 Et
740 2908 1009 2959 excoquam
1051 2902 1116 2957 te,
1148 2892 1335 2963 inquit,
1380 2892 1448 2946 ad
1480 2910 1677 2963 purum.
1722 2895 1836 2949 Non

261 2994 400 3049 ergo
427 2995 543 3033 cum
570 2982 905 3049 castigamur,
936 2980 1029 3035 sed
1061 2995 1180 3035 cum
1223 2995 1517 3047 peccamus,
1538 2997 1631 3038 nos
1658 2983 1840 3039 dolere

262 3084 367 3138 par
391 3080 470 3124 est
503 3088 517 3124 :
547 3070 671 3124 illud
708 3072 848 3125 enim
884 3071 1089 3137 sordes,
1136 3070 1237 3125 hoc
1274 3073 1631 3142 purgationem
1677 3077 1834 3144 parit.

259 3162 404 3229 Quid
436 3170 609 3215 autem
638 3170 738 3225 est,
768 3161 848 3214 Ad
876 3161 1095 3230 purum?
1127 3161 1191 3217 Ut
1219 3177 1285 3217 ne
1315 3164 1593 3233 vestigium
1624 3166 1833 3235 quidem

258 3251 444 3305 sordis
472 3251 521 3304 in
554 3260 603 3304 te
631 3260 858 3305 maneat.
899 3251 1050 3319 Quod
1093 3252 1232 3307 enim
1266 3267 1395 3307 auro
1438 3256 1571 3325 ignis
1601 3265 1703 3322 est,
1737 3257 1837 3312 hoc

258 3343 471 3413 ignavis
495 3344 830 3412 supplicium.
880 3343 1228 3399 Inobedientes
1268 3362 1381 3400 vero
1412 3348 1634 3416 perdant,
1665 3358 1712 3402 et
1737 3366 1833 3402 au-

256 3438 427 3504 feram
450 3450 616 3488 omnes
641 3435 866 3489 inimicos
886 3452 917 3489 a
942 3444 1007 3503 te,
1031 3446 1078 3489 et
1099 3453 1266 3491 omnes
1280 3438 1516 3506 superbos
1537 3439 1829 3495 ltumiliabo.

256 3522 369 3589 Qui
396 3524 555 3583 enim.
590 3524 777 3594 inquit,
821 3524 1180 3579 insanabiliter
1204 3536 1477 3596 aegrotant,
1514 3544 1611 3584 nec
1638 3532 1836 3599 suppli-

253 3613 363 3669 ciis
395 3613 607 3679 cedunt,
644 3614 693 3668 hi
724 3616 985 3684 peribunt.
1014 3615 1141 3669 Nam
1178 3630 1294 3685 quae
1339 3618 1532 3671 utilitas
1556 3633 1620 3672 ex
1647 3633 1829 3673 eorum

252 3704 389 3767 vita,
421 3705 650 3770 quando,
676 3705 799 3759 dum
830 3706 1031 3768 vivunt,
1062 3715 1117 3760 et
1143 3706 1240 3759 sibi
1265 3716 1319 3761 et
1345 3707 1461 3761 aliis
1486 3708 1831 3763 insidiantur?

252 3795 361 3860 Qui
390 3804 563 3849 autem
590 3812 653 3850 ex
676 3812 858 3851 eorum
887 3796 1141 3867 supplicio
1170 3796 1410 3852 meliores
1446 3799 1554 3853 fieri
1590 3809 1827 3868 possunt,

252 3888 293 3942 ii
350 3887 658 3941 manebunt.
713 3887 811 3942 ilic
857 3902 1016 3958 porro
1057 3886 1183 3942 mihi
1227 3888 1430 3942 videtur
1474 3890 1828 3958 captivitatem

249 3976 619 4031 subindieare.
649 3978 737 4031 26.
772 3977 835 4031 Et
861 3978 1131 4046 prwﬁciam
1147 3977 1347 4046 judices
1370 3988 1499 4042 tuos,
1524 3980 1649 4033 sicut
1668 3981 1826 4051 prius,

248 4079 303 4122 et
334 4068 647 4121 consiliarios
670 4077 799 4134 tuos,
832 4069 955 4121 sicut
985 4068 1046 4121 ab
1072 4069 1232 4121 initio.

332 4160 383 4209 9.
416 4157 511 4211 llic
537 4157 760 4210 reditum
788 4158 1078 4211 annuntiat.
1108 4159 1173 4211 iis
1199 4160 1336 4212 enim
1359 4160 1443 4228 qui
1468 4160 1829 4215 insanabiliter

248 4249 589 4315 :rgrotahant
610 4248 845 4312 sublatis,
872 4259 924 4303 et
946 4250 1008 4303 iis
1027 4249 1113 4317 qui
1138 4248 1547 4318 resipiscentiam
1578 4250 1829 4306 exhibere

249 4347 504 4409 poterant
546 4338 875 4403 emendatis,
920 4348 1212 4407 opportune
1251 4340 1503 4408 reliquam
1544 4342 1829 4395 curationis

248 4430 492 4497 Speciem
536 4428 748 4483 adhibet
780 4446 793 4482 :
824 4443 885 4483 ea
927 4438 1008 4483 est
1044 4430 1377 4498 probatorum
1409 4432 1697 4502 principum
1728 4434 1825 4487 do-

248 4520 509 4583 minatus,
533 4528 583 4573 ct
606 4519 1023 4574 consiliariorum
1046 4518 1301 4574 bonorum
1322 4521 1500 4591 copia;
1530 4532 1587 4577 ut
1605 4538 1828 4592 corpore

249 4611 510 4666 remediis
554 4610 803 4677 cedente,
844 4611 1163 4682 medicisque
1205 4612 1417 4681 optimis
1462 4613 1824 4679 adstantibus,

247 4702 403 4755 urbis
435 4711 611 4769 partes
638 4701 865 4769 undique
894 4701 956 4753 ad
986 4702 1264 4756 sanitatem
1290 4715 1679 4759 revocarentur.
1709 4706 1823 4760 Non

247 4794 397 4847 enim
428 4807 646 4860 parvum
690 4791 931 4846 beneficii
969 4808 1133 4861 genus
1162 4803 1275 4860 est,
1307 4795 1568 4864 principes
1595 4798 1824 4850 nancisci

245 4885 443 4938 bonos.
473 4882 537 4935 Et
562 4894 669 4951 post
691 4884 796 4937 hare
819 4884 1068 4937 vocaberis
1087 4885 1259 4938 ciuitas
1278 4886 1511 4953 justitiaz,
1538 4888 1824 4953 metropolis

246 4975 384 5029 Sion
426 4974 610 5041 fidelis.
656 4973 814 5041 Atqui
861 4987 1114 5041 nu5quam
1161 4974 1455 5043 reperimus
1500 4976 1598 5030 hoc
1630 4992 1821 5031 nomen

246 5066 369 5121 urbi
414 5064 866 5134 Jerosolymorum
899 5063 1137 5118 inditum.
1171 5064 1305 5129 Quid
1341 5080 1465 5134 ergo
1491 5066 1822 5121 dixerimus?

246 5158 402 5212 llanc
433 5154 840 5225 appellationem
870 5169 937 5208 ex
963 5154 1121 5208 rebus
1152 5155 1277 5223 ipsis
1307 5155 1377 5208 illi
1404 5156 1659 5210 attribuit.

320 5245 619 5299 Jldworum
641 5245 908 5312 objectioni
926 5246 1266 5313 respondetur.
1287 5276 1353 5284 —
1372 5245 1498 5299 illud
1521 5261 1643 5300 vero
1670 5246 1821 5300 nobis

243 5351 354 5392 non
378 5352 561 5407 parum
593 5337 717 5388 utile
744 5335 866 5397 erit,
895 5348 1012 5388 cum
1042 5335 1206 5389 Judcei
1234 5350 1261 5387 a
1294 5335 1443 5391 nobis
1471 5346 1648 5404 petent
1676 5339 1820 5391 vocis

246 5428 557 5482 Emmanuel
618 5426 1132 5495 interpretationem.
1198 5426 1355 5480 lsaias
1410 5441 1634 5495 namque
1690 5427 1821 5481 dixit

240 5521 505 5574 Christum
535 5520 613 5573 sic
645 5516 941 5570 vocandum
973 5515 1115 5577 fore,
1149 5527 1199 5570 ct
1232 5528 1404 5570 tamen
1435 5530 1717 5585 numquam
1744 5517 1818 5571 sic

239 5622 453 5665 vocatus
478 5622 580 5676 est,
616 5607 1039 5677 reSpondeatnus
1066 5608 1210 5675 ipsis,
1242 5623 1360 5662 eum
1391 5608 1604 5670 dixisse,
1640 5624 1815 5661 rerum

237 5704 672 5773 significationem
723 5699 891 5768 ipsius
938 5712 1125 5752 nomen
1171 5713 1287 5753 esse
1330 5698 1478 5763 (lsai.
1510 5700 1560 5752 7.
1604 5700 1681 5766 4).
1730 5699 1817 5753 Sic

230 5795 380 5849 ttiam
411 5797 497 5851 hic
526 5791 864 5849 faciendum.
897 5788 984 5841 27.
1016 5788 1138 5841 Cum
1164 5788 1360 5857 judicio
1387 5788 1516 5841 enim
1545 5787 1813 5842 salvabitur

1576 422 1639 477 lN
1678 420 1924 479 lSAIAlll.
1966 424 2109 478 eui.
2152 424 2190 477 l.
3432 444 3504 498 26

1959 540 2221 603 captivitas
2244 543 2367 612 ejus,
2409 549 2455 594 et
2494 555 2607 592 cum
2654 538 3013 593 misericordia.
3050 536 3174 592 Cum
3199 536 3417 605 judicio.
3450 534 3502 589 id

1954 642 2029 683 est
2053 670 2066 690 .
2106 646 2227 686 eum
2252 634 2476 687 vindicta
2497 674 2512 696 ,
2540 631 2773 685 cruciatu
2800 640 2852 685 et
2876 628 3134 701 supplicio
3158 628 3520 685 inimicorum.

1953 716 2078 771 Cum
2102 723 2439 775 misericordia
2462 764 2475 786 ,
2522 721 2623 775 hoc
2659 728 2776 786 est,
2817 735 2935 774 eum
2977 720 3136 773 multa
3169 719 3520 790 benignitate.

1955 812 2065 865 Duo
2103 812 2186 865 hic
2216 814 2341 881 ipsis
2372 815 2592 867 maxima
2622 813 2758 866 dona
2790 813 3066 882 pollicetur
3088 853 3103 877 ,
3153 810 3351 865 scilicet
3389 819 3511 865 tunc

1951 916 2135 969 poenas
2170 902 2384 956 daturos
2429 918 2520 956 eos
2550 904 2635 970 qui
2677 918 2733 955 se
2777 902 3137 969 abduxeraat,
3184 912 3407 972 tuncque
3451 916 3512 956 se

1952 992 2114 1045 multa
2157 990 2409 1047 fruiturus
2457 1008 2575 1047 esse
2625 992 2907 1057 felicitate,
2954 1008 3175 1061 quorum
3231 1003 3510 1062 utrttmqno

1950 1082 2171 1136 seorsim
2199 1097 2439 1151 magnam
2472 1090 2643 1151 potest
2669 1082 2856 1137 afferre
2883 1082 3203 1150 volupta'em
3230 1100 3241 1135 :
3265 1097 3382 1137 eum
3413 1096 3510 1135 an-

1954 1183 2058 1228 tem
2085 1173 2241 1226 ambo
2266 1175 2661 1239 concurrerint,
2708 1173 3072 1227 inenarrabilis
3116 1173 3293 1227 lmtitia
3332 1173 3508 1227 fuerit.

1950 1264 2175 1318 Aliunde
2200 1278 2326 1318 vero
2354 1264 2636 1320 ostendere
2666 1264 2877 1331 volens,
2909 1274 3026 1333 post
3057 1265 3258 1334 longam
3288 1266 3511 1333 captivi-

1953 1360 2111 1405 tatem
2142 1368 2254 1418 eos,
2280 1368 2382 1406 non
2411 1353 2547 1422 quod
2568 1353 2752 1422 dignas
2775 1368 2957 1422 pmnas
2976 1352 3233 1420 dederint,
3255 1367 3350 1407 nec
3369 1354 3508 1421 quod

1952 1450 2160 1509 peccata
2208 1458 2301 1496 sua
2344 1442 2684 1512 expiavcrint,
2732 1442 2823 1497 sed
2872 1452 3090 1512 propter
3140 1444 3509 1513 benignitatem

1952 1536 2063 1599 Dei,
2093 1538 2143 1590 'm
2172 1552 2317 1590 suam
2345 1537 2522 1592 reduci
2550 1547 2760 1593 terram.
2791 1552 2907 1605 quzc
2938 1536 3081 1590 salus
3111 1536 3275 1605 magis
3302 1544 3383 1590 est
3412 1536 3481 1589 mi

1949 1628 2271 1693 sericortlim,
2301 1644 2458 1698 quam
2489 1627 2844 1681 retributionis
2874 1627 2950 1680 vel
2977 1626 3175 1697 prrcmii
3198 1667 3213 1692 ,
3244 1626 3361 1681 ideo
3388 1626 3511 1681 sub-

1943 1716 2134 1786 junxit,
2168 1716 2231 1770 Et
2263 1734 2374 1771 cum
2400 1716 2753 1771 misericordia.
2784 1715 2871 1771 28.
2918 1716 2981 1770 Et
3019 1726 3326 1770 conterentur
3354 1716 3511 1785 iniqui

1948 1820 1991 1862 et
2018 1818 2296 1878 peccatores
2338 1810 2509 1864 simul.
2538 1809 2712 1865 Tertia
2745 1810 2856 1862 hcce
2887 1818 2967 1863 est
2992 1809 3193 1876 species
3224 1808 3462 1864 beneficii
3490 1851 3504 1874 ,

1946 1902 2084 1971 quod
2112 1915 2269 1957 nemo
2294 1902 2363 1956 sit
2388 1902 2476 1970 qtti
2505 1901 2729 1956 abducat
2756 1909 2809 1954 et
2836 1902 2885 1953 in
2922 1898 3157 1953 fraudem
3190 1900 3390 1964 trahat,
3419 1899 3510 1953 sed

1947 1992 2190 2060 nequitia:
2215 1992 2459 2047 doctores
2495 1992 2561 2045 de
2606 1991 2776 2045 medio
2803 1990 2989 2044 sublati
3018 1990 3142 2043 sint.
3172 1989 3236 2042 Et
3264 1990 3346 2059 qui
3375 1990 3515 2042 a’ere-

1946 2080 2195 2148 liquerunt
2218 2080 2529 2145 Dominum,
2579 2080 3073 2134 consummabuntur.
3115 2078 3262 2150 Impii
3300 2091 3509 2141 autem,

1946 2170 2135 2239 inquit,
2158 2170 2424 2240 peribunt.

2012 2262 2328 2318 Idololatria:
2372 2265 2628 2333 turpitudo
2664 2274 2707 2317 et
2744 2262 2955 2317 vanitas.
2984 2292 3051 2301 —
3073 2261 3162 2317 29.
3208 2261 3338 2328 Quia
3380 2277 3515 2314 nunc

1944 2353 2311 2424 confundentur
2334 2354 2387 2407 in
2414 2355 2562 2407 idolis
2583 2356 2707 2419 suis,
2730 2369 2839 2423 qua:
2860 2354 2956 2422 ipsi
2982 2352 3257 2406 voluerunt.
3288 2352 3509 2419 Quidam

1944 2443 2058 2497 haec
2087 2443 2224 2497 dicta
2258 2444 2377 2498 huic
2408 2445 2627 2513 tempori
2669 2455 2847 2512 aptare
2876 2453 3135 2497 Conantur
3163 2462 3175 2497 :
3203 2454 3251 2496 at
3284 2458 3377 2496 nos
3408 2458 3511 2495 non

1942 2532 2331 2587 confuta’bimus
2357 2534 2494 2593 illos.
2519 2533 2609 2588 sed
2632 2534 2821 2587 seriem
2848 2548 3149 2601 sequemur.
3178 2533 3298 2587 Haec
3317 2533 3514 2601 quippe

1943 2631 2097 2689 sunt,
2142 2639 2257 2691 qum
2284 2634 2533 2677 eventura
2566 2623 2692 2677 dicit
2742 2625 2790 2677 in
2840 2624 3066 2677 hostium
3114 2624 3344 2677 incursu.
3374 2622 3507 2676 Cum

1942 2715 2079 2766 enim
2100 2754 2115 2776 ,
2145 2713 2368 2767 barbaro
2396 2723 2586 2768 terram
2616 2714 2917 2768 ineursante
2945 2753 2958 2777 ,
2992 2714 3174 2767 urbem
3203 2712 3510 2776 obsidente,

1943 2812 1996 2857 et
2018 2816 2202 2858 omnes
2232 2804 2377 2874 quasi
2407 2804 2606 2858 retibus
2636 2804 2861 2859 inclusos
2889 2814 3097 2859 tenente
3116 2847 3131 2869 ,
3177 2819 3332 2858 nemo
3359 2804 3512 2858 fuerit

1940 2892 2029 2962 qui
2052 2893 2318 2957 defendat,
2342 2903 2393 2949 et
2421 2895 2613 2949 nubem
2641 2894 2780 2948 illam
2811 2895 3053 2963 depellat,
3088 2910 3152 2948 eo
3180 2894 3319 2964 quod
3346 2909 3375 2948 a
3400 2895 3508 2947 Dco

1940 2983 2175 3038 derclieti
2207 2983 2421 3047 fuerint,
2442 2985 2557 3054 jure
2578 3000 2638 3037 ex
2669 2986 2778 3054 ipsa
2808 3002 2984 3040 rerum
3010 2986 3357 3054 experientia,
3388 2995 3512 3038 tunc

1941 3091 2131 3145 magno
2174 3076 2373 3145 pudore
2420 3078 2784 3131 sulTundeutur
2833 3079 2864 3131 ii
2908 3078 2994 3147 qui
3041 3078 3318 3132 eoluerttnt
3347 3076 3507 3129 idola.

1944 3167 2069 3233 Qua:
2094 3167 2387 3233 voluerunt,
2416 3167 2579 3236 inquit
2600 3208 2614 3231 ,
2663 3168 2712 3220 in
2745 3168 2933 3234 quibus
2958 3166 3129 3220 studia
3155 3181 3245 3220 sua
3273 3166 3491 3220 colloca-

1938 3266 2077 3311 runt.
2108 3257 2173 3309 Et
2210 3258 2494 3311 erubescent
2534 3258 2584 3310 in
2623 3257 2935 3326 sculptilibus
2974 3258 3078 3310 suis
3105 3272 3218 3320 aute
3259 3257 3503 3325 fecerunt.

1938 3348 2211 3402 Narrantis
2261 3362 2408 3401 more
2459 3349 2847 3403 accusationem
2907 3348 3146 3401 instituit.
3205 3347 3508 3402 Sufficiebat

1936 3439 2075 3492 enim
2101 3439 2259 3492 etiam
2288 3447 2411 3493 ante
2435 3438 2686 3493 inilictum
2718 3439 2929 3504 vulnus,
2960 3438 3039 3492 vel
3070 3438 3179 3506 ipse
3207 3436 3341 3492 idola
3371 3450 3504 3489 eou-

1940 3530 2147 3585 iieiendi
2174 3530 2362 3584 modus
2389 3529 2453 3583 ad
2484 3545 2577 3585 eos
2612 3529 2811 3598 pudore
2850 3529 3175 3583 afficiendos.
3202 3527 3334 3595 Quid
3361 3527 3501 3580 enim

1937 3623 2159 3691 turpius,
2188 3638 2342 3692 quam
2371 3622 2468 3676 sibi
2494 3622 2589 3691 ipsi
2619 3621 2775 3675 deum
2802 3620 3011 3675 facere?
3046 3620 3108 3672 Et
3137 3619 3503 3688 confundcntur

1933 3730 2083 3782 super
2111 3715 2267 3767 [tortis
2295 3715 2418 3777 suis,
2450 3729 2560 3785 qua:
2588 3715 2989 3783 concupiverunt.
3020 3712 3131 3766 Non
3161 3712 3328 3765 solum
3360 3712 3499 3765 enim

1933 3803 2194 3872 sculptilia
2222 3804 2528 3867 adorabant,
2558 3804 2648 3859 sed
2672 3805 2828 3858 etiam
2854 3802 3069 3857 arbores
3091 3802 3140 3856 in
3165 3801 3333 3856 hortis
3358 3802 3501 3856 cole.

1932 3893 2078 3948 bant.
2106 3894 2194 3950 30.
2235 3892 2400 3947 Erunt
2434 3896 2564 3948 enim
2594 3896 2737 3964 quasi
2768 3894 3086 3958 terebinthus,
3123 3908 3233 3960 qua:
3258 3893 3380 3960 folia
3409 3908 3501 3943 sua

1932 3987 2118 4040 amisit.
2148 3986 2361 4042 Scilicet
2392 3985 2527 4040 idola
2550 4027 2563 4049 ,
2603 3987 2683 4039 vel
2712 3985 2869 4039 etiam
2900 3998 2993 4038 eos
3021 3983 3107 4051 qui
3136 3982 3319 4035 urbem
3349 3981 3499 4034 ineo-

1934 4078 2167 4133 lebant'.
2200 4077 2481 4146 imaginem
2514 4091 2667 4144 porro
2696 4075 2898 4129 arboris
2928 4073 3083 4142 hujus
3110 4071 3350 4136 induxit,
3377 4073 3498 4141 quia

1932 4169 1984 4223 in
2015 4168 2099 4223 illa
2142 4168 2357 4238 regione
2397 4166 2706 4219 nascebatur
2743 4175 2798 4219 et
2840 4166 3083 4235 frequens
3120 4171 3262 4225 erat,
3295 4173 3347 4218 et
3376 4164 3497 4232 quia

1931 4258 2211 4313 admodum
2255 4259 2405 4311 ﬂoret
2432 4265 2485 4310 et
2522 4256 2683 4310 densa
2731 4256 2865 4309 foliis
2906 4264 3020 4321 est,
3065 4254 3189 4310 dum
3237 4255 3405 4316 viret,
3447 4264 3502 4305 et

1932 4363 2224 4406 extremam
2254 4350 2637 4405 deformitatem
2668 4364 2776 4419 prae
2806 4365 2863 4404 se
2894 4350 3043 4411 ferat,
3069 4362 3188 4402 cum
3222 4346 3341 4399 folia
3367 4345 3499 4397 ami-

1930 4444 2080 4498 serit.
2132 4442 2198 4496 Et
2246 4443 2369 4497 sicut
2414 4442 2587 4494 [tortus
2631 4457 2728 4493 non
2785 4440 2969 4493 habens
3012 4455 3211 4507 aquant.
3255 4436 3497 4492 Secunda

1932 4535 2104 4603 imago
2131 4533 2305 4602 priore
2334 4531 2527 4584 clarior
2552 4538 2665 4589 est.
2715 4538 2769 4585 et
2810 4529 2964 4584 tidem
3012 4529 3132 4582 facit
3162 4530 3253 4592 iis,
3296 4544 3412 4589 qua:
3443 4529 3495 4581 in

1930 4624 2106 4693 priore
2137 4623 2274 4675 dicta
2307 4631 2448 4675 sunt.
2476 4620 2612 4674 Nihil
2644 4619 2782 4672 enim
2810 4629 2891 4672 est
2911 4618 3064 4672 horto
3089 4617 3499 4681 virentejucun-

1928 4714 2065 4774 dius,
2094 4712 2221 4764 nihil
2249 4712 2401 4765 horto
2429 4712 2510 4764 his
2535 4711 2788 4764 destituto
2816 4708 3165 4778 iujucundius,
3195 4723 3309 4777 qua:
3334 4708 3495 4761 ambo

1929 4805 2000 4857 illi
2034 4804 2308 4871 metropoli
2345 4804 2694 4873 contigerunt.
2736 4801 2957 4872 Semper
2996 4802 3134 4856 enim
3160 4799 3353 4869 optima
3379 4805 3494 4852 erat

1928 4906 1981 4950 et
2022 4896 2444 4964 Splendidissima
2472 4935 2486 4957 ,
2537 4895 2827 4948 innumeris
2866 4893 3109 4948 decorata
3142 4887 3493 4948 ornamentis.

1927 4996 1981 5041 et
2021 4987 2255 5041 omnium
2298 4987 2544 5041 vilissima
2593 4985 2996 5053 turpissimaque
3041 4982 3174 5035 facta
3219 4988 3319 5046 est,
3372 4992 3493 5033 cum

1929 5089 2099 5134 tantas
2155 5078 2441 5146 derepente
2492 5087 2919 5130 ornamentorum
2960 5071 3167 5126 divitias
3208 5068 3491 5124 amisisset.

1926 5172 1983 5226 5i
2000 5208 2013 5223 .
2039 5170 2103 5224 Et
2123 5172 2214 5224 erit
2235 5169 2475 5240 fortitudo
2500 5185 2668 5221 eorum
2692 5166 2835 5234 quasi
2855 5165 3037 5234 stipula
3058 5171 3267 5234 stuppae.
3286 5162 3497 5217 Priures

1926 5262 2135 5329 quidem
2165 5260 2417 5328 imagines
2463 5258 2527 5312 ad
2572 5257 2911 5326 injucundum
2944 5253 3295 5324 spectaculum
3324 5260 3491 5321 capta:

1924 5360 2066 5417 sunt,
2099 5350 2212 5404 brec
2239 5362 2367 5403 vero
2390 5347 2456 5402 ad
2490 5347 2845 5401 infirmitatem
2875 5342 3241 5399 declarandam
3267 5359 3282 5396 :
3310 5354 3493 5395 omnes

1924 5450 2097 5495 autem
2144 5438 2425 5493 admodum
2468 5440 2756 5508 perspicuae
2784 5447 2936 5501 sunt,
2972 5436 3237 5504 multaque
3262 5431 3496 5502 gaudent

1923 5533 2158 5586 claritate
2204 5540 2257 5586 et
2300 5531 2556 5600 emphasi.
2596 5531 2749 5597 Quasi
2801 5530 2987 5594 stipula
3030 5535 3241 5595 stuppa,
3284 5523 3334 5576 id
3378 5530 3491 5580 est.

1925 5621 2235 5676 imbecilles.
2270 5620 2337 5673 Et
2376 5638 2527 5691 Opera
2556 5637 2728 5674 eorum
2770 5619 2911 5689 quasi
2952 5615 3168 5672 scintilla
3212 5613 3359 5683 ignis.
3401 5610 3495 5666 Hic

1985 5736 2001 5765 ι
2040 5734 2093 5781 In
2115 5732 2253 5795 savil.
2281 5741 2331 5795 et
2366 5733 2811 5795 Reg.,gquibusdam
2834 5730 3041 5789 omissis,
3067 5728 3138 5777 sic
3162 5725 3373 5789 legitur:
3396 5714 3495 5767 δά-

1922 5795 2028 5845 licct
2053 5795 2088 5845 ii
2111 5793 2193 5855 qui
2216 5794 2379 5845 urbem
2400 5793 2681 5845 incolebant.
