4152 6478
621 392 692 448 27
1288 384 1336 441 S.
1376 385 1650 442 JOANNIS
1691 387 2155 445 CHRYSOSTOMI
2196 387 2511 446 ARCHIEP.
2550 388 3071 447 CONSTANTINOP.

621 504 851 562 ostendit
880 518 943 559 ex
972 502 1161 571 scipsis
1192 502 1327 557 mala
1360 502 1617 571 prodiisse
1640 542 1657 569 ,
1704 502 1951 571 ipsosque
1976 502 2075 557 sibi
2101 518 2191 557 ωε

622 595 921 667 ptivitatcm
948 592 1235 663 peperisse,
1257 599 1310 647 et
1330 590 1596 647 fornacem
1624 590 1979 647 succendisse.
2002 592 2193 659 Quem-

623 683 910 740 admodum
964 682 1105 738 enim
1164 681 1403 737 scintillae
1454 682 1654 751 illapsu:
1698 681 1873 751 ignem
1923 682 2190 747 excitant,

622 776 695 831 ita
729 782 942 845 peccata
981 787 1166 829 eorum
1211 780 1459 841 congesta
1501 772 1595 826 Dei
1641 770 1773 825 iram
1818 769 2189 825 accenderunt.

622 864 693 919 Et
720 866 833 936 igne
857 872 1209 919 consumentur
1233 861 1392 931 iniqui
1420 871 1466 915 et
1495 870 1777 932 peccatores
1808 860 1992 927 simul,
2022 869 2068 913 et
2094 876 2193 913 non

619 957 712 1010 erit
731 956 817 1027 qui
837 957 1137 1028 exstinguat.
1157 955 1360 1009 Rursus
1382 953 1607 1024 denegat
1625 954 1846 1009 salutem
1865 952 1933 1007 ob
1952 951 2192 1008 eamdem

621 1046 791 1115 ipsam
821 1060 1032 1103 causam
1056 1087 1072 1113 ,
1119 1061 1224 1101 non
1253 1055 1309 1101 ut
1335 1044 1641 1115 desperent,
1668 1044 1761 1100 scd
1788 1053 1843 1098 ut
1869 1043 1992 1098 hinc
2019 1042 2193 1098 valido

621 1140 813 1196 timore
842 1138 1101 1210 perculsi,
1131 1138 1398 1209 ingentem
1430 1136 1687 1208 ignaviam
1718 1135 2008 1191 excutiant.
2035 1133 2191 1189 Aliud

618 1244 830 1300 quoque
856 1229 944 1286 hic
968 1228 1297 1295 subindicat,
1330 1228 1494 1299 ipsius
1524 1241 1713 1297 nempe
1738 1223 2191 1296 inexpugnabilem

620 1322 909 1391 potentiam
929 1361 945 1389 ,
971 1320 1222 1392 quodque
1247 1321 1362 1390 ipso
1392 1319 1643 1390 puniente
1663 1360 1678 1384 ,
1710 1326 1764 1374 et
1787 1316 2070 1373 vindictam
2097 1332 2191 1372 su-

622 1420 820 1477 mente,
853 1426 1010 1469 nemo
1039 1412 1207 1482 possit
1235 1410 1484 1468 resistere
1514 1420 1564 1466 et
1594 1409 1733 1466 mala
1760 1408 1986 1466 solvere.

1247 1541 1473 1601 CAPUT
1524 1539 1588 1595 ll.

698 1653 933 1723 Verbum,
956 1656 1090 1725 quod
1112 1657 1303 1725 factum
1333 1666 1400 1709 est
1428 1656 1495 1708 ad
1535 1654 1726 1708 Isaiam
1756 1655 1921 1723 [ilium
1948 1658 2115 1707 Amos.

692 1769 743 1822 1.
786 1768 919 1824 lline
961 1769 1124 1839 liquet
1166 1768 1452 1839 prophetas
1489 1784 1592 1823 non
1636 1784 1741 1823 uno
1787 1778 2025 1836 tempore
2071 1782 2191 1836 pro.

621 1858 826 1927 phctias
849 1858 1067 1925 dixisse,
1091 1858 1185 1914 sed
1214 1858 1437 1913 diversis
1457 1859 1660 1915 alilatos
1694 1858 2039 1927 temporibus,
2074 1873 2191 1927 par-

620 1958 699 2003 tes
727 1948 979 2018 quasdam
1010 1949 1370 2015 antiuntiasse,
1394 1965 1512 2019 quae
1530 1949 1741 2004 domum
1755 1950 1908 2004 simul
1929 1950 2189 2016 collectas,

620 2048 786 2094 totum
819 2039 1009 2094 librum
1037 2039 1342 2097 effecerunt.
1373 2040 1495 2095 ldeo
1520 2042 1597 2097 sic
1633 2041 1831 2111 incipit.
1864 2041 2043 2111 Neque
2070 2041 2192 2096 hinc

622 2140 820 2185 tantum
863 2132 912 2185 id
943 2132 1114 2202 palam
1143 2132 1294 2187 nobis
1331 2142 1413 2188 est
1451 2140 1505 2186 et
1544 2134 1800 2202 liquidum
1822 2175 1837 2199 ,
1861 2132 1954 2188 sed
1989 2134 2110 2202 quia
2139 2133 2188 2187 in

621 2222 965 2291 sequentibus
991 2230 1226 2291 tempora
1258 2222 1516 2293 significat
1539 2264 1553 2287 ,
1584 2237 1724 2277 nunc
1768 2222 1953 2278 dicens
1981 2238 1995 2276 :
2021 2223 2185 2286 Anno,

620 2328 717 2379 quo
734 2312 986 2383 ingrrssus
1012 2323 1081 2367 est
1106 2312 1312 2366 Nat/mn
1337 2313 1408 2383 (ιι)
1426 2313 1797 2383 AzotumUsai.
1819 2313 1986 2383 20.1)
2013 2333 2027 2379 ;
2056 2331 2193 2369 nunc

618 2417 751 2456 vero
783 2420 796 2455 :
834 2401 900 2455 Et
928 2407 1115 2472 factum
1146 2413 1216 2457 est
1249 2406 1300 2455 in
1346 2420 1479 2455 anno
1515 2404 1567 2456 in
1606 2419 1704 2471 quo
1746 2413 1972 2457 mortuus
2011 2414 2080 2457 est
2104 2420 2193 2459 rex

624 2493 795 2560 Ozias,
826 2494 927 2547 vidi
956 2494 1227 2549 Dominum
1271 2495 1521 2549 sedentem
1545 2511 1694 2563 super
1734 2495 1916 2549 solium
1945 2496 2193 2549 excelsum

619 2596 666 2639 et
712 2585 955 2639 eleuatum
1003 2584 1151 2653 (lsai.
1184 2584 1215 2639 6
1289 2586 1361 2654 1).
1412 2584 1525 2639 Νοη
1561 2586 1701 2640 enim
1751 2585 2190 2655 quemadmodum

623 2676 771 2731 Pauli
821 2676 1069 2745 Epistolas
1097 2686 1146 2731 et
1182 2676 1463 2746 Evangelia
1503 2678 1553 2730 in
1591 2693 1750 2731 unum
1779 2679 1999 2732 collecta
2047 2690 2189 2743 sunt,

622 2767 692 2821 ita
724 2776 776 2824 et
802 2768 1113 2837 prophetia},
1137 2768 1229 2823 sed
1262 2768 1398 2839 quod
1428 2767 1558 2833 dixi,
1587 2768 1810 2823 diversis
1842 2769 2190 2837 temporibus.

622 2856 776 2912 Unde
801 2857 867 2913 ab
893 2859 996 2913 alio
1020 2858 1241 2912 exordio
1279 2868 1592 2925 praesentem
1621 2858 1634 2889 ¹
1669 2874 1967 2913 sermonem
1988 2859 2190 2927 incipit.

620 2948 803 3017 Neque
854 2947 971 3002 ideo
1007 2957 1231 3011 tantum,
1262 2947 1354 3002 sed
1386 2948 1506 3017 quia
1549 2958 1938 3019 argumentum,
1974 2948 2041 3004 de
2090 2965 2194 3019 quo

624 3039 937 3109 loquuturus
976 3048 1077 3104 est,
1110 3039 1267 3108 longo
1292 3040 1462 3107 spatio
1491 3038 1651 3093 distat
1671 3054 1700 3092 a
1730 3038 2152 3108 praecedentibus
2175 3082 2189 3107 ,

622 3131 1001 3201 sublimiusque
1019 3140 1119 3186 cst.
1152 3131 1272 3199 Agit
1294 3131 1434 3185 enim
1458 3131 1524 3185 de
1543 3131 1774 3200 gentium
1803 3133 2099 3199 vocatione,
2128 3132 2194 3188 de

624 3222 1013 3291 prmdicationis
1032 3222 1281 3288 adventu,
1314 3222 1380 3277 de
1400 3222 1697 3292 cognitione
1720 3238 1812 3290 per
1825 3232 1988 3277 totum
2011 3224 2193 3278 orbem

622 3320 956 3377 extensa,ct
996 3311 1062 3367 de
1112 3326 1240 3381 pace
1279 3313 1459 3367 orbem
1499 3322 1832 3380 occupatura.
1879 3312 2029 3380 Quod
2057 3314 2099 3367 si
2127 3314 2195 3369 de

625 3401 818 3457 talibus
846 3411 1160 3456 tractaturus
1185 3402 1539 3472 dogmatibus,
1565 3401 1798 3457 Judaeam
1826 3412 1878 3457 et
1899 3402 2192 3459 Jerusalem

620 3503 903 3559 memorat,
932 3494 1058 3549 nihil
1088 3495 1299 3548 mirum.
1323 3494 1470 3561 Quod
1502 3494 1641 3548 enim
1661 3492 1937 3548 dicebatur
1965 3493 2197 3563 prophe-

626 3587 699 3640 tia
752 3585 995 3646 erat,liis
1050 3586 1324 3641 nominum
1372 3585 1817 3654 appellationibus
1864 3585 2191 3641 adumbrata.

622 3675 1061 3746 Quandoquidem
1090 3676 1250 3731 David
1298 3677 1562 3731 Psalmnm
1609 3677 2053 3747 septuagesimum
2086 3679 2197 3747 pri-

624 3782 769 3825 mum
796 3767 1202 3837 compositurus,
1234 3766 1382 3821 illum
1414 3766 2052 3836 Salomouiinscripsit,et
2077 3782 2200 3837 pro-

624 3876 841 3932 gressus
881 3861 1039 3931 longe
1068 3859 1265 3929 majora
1306 3859 1601 3915 Salomonis
1626 3859 1915 3927 dignitate,
1952 3860 2058 3913 imo
2098 3876 2201 3927 po-

627 3952 732 4007 tius
763 3960 870 4006 tota
907 3950 1176 4005 hominum
1210 3958 1391 4003 natura
1417 3948 1537 4003 vidit
1556 3950 1597 4001 ².
1624 3947 1752 4002 Illud
1780 3950 1941 4015 enim,
1968 3949 2096 4001 Ante
2121 3966 2201 4002 so-

627 4045 727 4097 lem
763 4053 1015 4113 permanet
1039 4058 1219 4096 nomen
1244 4042 1352 4111 eius
1375 4084 1389 4107 ,
1409 4050 1495 4103 et,
1525 4042 1652 4095 Ante
1678 4040 1847 4093 lunam
1872 4040 2080 4095 thronus
2096 4042 2203 4111 ejus

628 4132 803 4204 (Psal.
826 4135 913 4188 71.
940 4135 1022 4187 17.
1049 4133 1154 4202 5),
1186 4133 1515 4201 similiaque,
1552 4146 1708 4186 nemo
1754 4134 1910 4187 etiam
1953 4147 2016 4187 ex
2068 4132 2200 4186 insi-

629 4225 976 4297 pientioribus
1023 4224 1215 4279 dixerit
1252 4223 1319 4278 de
1360 4222 1583 4276 humana
1640 4232 1820 4275 natura
1869 4224 2204 4292 pronuntiata

630 4318 813 4372 fuisse.
868 4314 1034 4371 Jacob
1072 4329 1312 4385 quoque,
1348 4329 1467 4367 cum
1497 4312 1629 4376 hare,
1660 4328 1776 4381 quae
1804 4328 1940 4366 nunc
1971 4314 2205 4369 dicturus

633 4418 717 4463 εει
738 4407 919 4470 Isaias,
949 4405 1054 4459 imo
1075 4404 1156 4458 his
1184 4404 1332 4477 plura
1352 4401 1901 4473 prarnuntiabatux'en.
1924 4402 2014 4470 49)
2040 4420 2054 4467 ;
2084 4418 2205 4456 nam

636 4515 758 4553 cum
788 4497 1021 4567 gentium
1046 4498 1320 4551 vocatione
1351 4502 1573 4547 mortem
1603 4493 1759 4546 etiam
1782 4502 1833 4545 et
1865 4493 2209 4548 resurrectio-

636 4604 758 4644 nem
785 4588 941 4651 dixit,
963 4596 1271 4655 tempusque
1291 4600 1396 4654 quo
1414 4581 1697 4655 [Christus]
1721 4582 1783 4635 ad
1793 4594 2043 4638 venturus
2058 4593 2173 4638 erat
2191 4602 2205 4649 ;

636 4696 742 4736 non
775 4690 950 4733 tamen
978 4677 1064 4732 ille
1094 4677 1208 4729 haec
1234 4675 1371 4729 nude
1403 4672 1637 4742 protulit,
1669 4672 1759 4727 sed
1780 4688 2002 4742 persona
2030 4684 2082 4730 et
2111 4690 2213 4729 no-

640 4772 785 4826 mine
815 4769 930 4823 Filii
972 4768 1051 4824 sui
1090 4767 1176 4821 illa
1226 4765 1477 4835 obtegens
1516 4780 1633 4831 qua:
1682 4766 1915 4819 dicturus
1968 4776 2101 4832 erat,
2134 4766 2211 4821 sic

637 4859 1032 4931 praenuntiavit,
1059 4856 1207 4927 quasi
1237 4870 1298 4910 ea
1324 4869 1438 4924 qua:
1462 4852 1612 4908 Iuda:
1636 4864 1885 4909 eventura
1914 4866 2065 4910 erant
2097 4870 2211 4911 me-

640 4965 890 5014 morans;
924 4957 983 5003 ut
1029 4957 1203 5002 autem
1254 4960 1430 5001 rerum
1466 4952 1686 4999 eventus
1737 4945 2067 5013 testificatur,
2092 4962 2213 5017 qua:

638 5043 881 5102 Christus
928 5040 1137 5109 egregie
1183 5038 1416 5092 facturus
1465 5047 1577 5091 erat
1627 5035 1963 5105 prredicebat.
2036 5036 2216 5110 Neque

642 5135 783 5190 enim
806 5131 969 5187 ludas
995 5129 1089 5184 fuit
1124 5128 1445 5198 ex5peclatio
1474 5127 1706 5197 gentium
1733 5169 1747 5191 ,
1773 5144 1941 5199 neque
1968 5138 2093 5183 tunc
2122 5132 2215 5184 tri-

643 5226 745 5280 bus
771 5221 1126 5292 rcSplenduit,
1154 5235 1275 5281 cum
1306 5232 1490 5274 eorum
1537 5219 1831 5288 respublica
1864 5221 2093 5287 defecit;
2125 5225 2218 5279 sed

648 5317 762 5370 haec
790 5312 968 5368 omnia
992 5322 1114 5365 tunc
1136 5318 1284 5379 gesta
1309 5316 1451 5373 sunt,
1480 5324 1600 5363 cum
1631 5308 1870 5366 Christus
1891 5312 2124 5366 advenit.

705 5454 721 5482 ι
746 5448 869 5508 Vox,
891 5451 1173 5508 prementem
1196 5446 1298 5506 (Gr.
1312 5444 1581 5507 παρόντος),
1596 5441 1740 5491 deest
1761 5443 1807 5489 in
1822 5440 1944 5501 Reg.
1969 5439 2205 5497 etSavtl.,

642 5510 733 5560 sed
753 5515 831 5557 est
854 5507 905 5556 in
926 5507 1173 5556 Bavarico.

3804 398 3881 452 28

2379 502 2556 556 Multa:
2586 502 2860 573 prophetia:
2893 506 2956 557 de
3004 502 3313 557 Pntriarrltis
3351 506 3517 575 edita,
3544 524 3645 564 non
3678 512 3777 567 nisi
3804 514 3865 565 in

2304 608 2470 644 eorum
2498 592 2757 660 nepotibus
2781 593 2998 663 impleue
3021 603 3154 647 sunt.
3182 624 3250 633 —
3274 594 3425 662 Quod
3455 598 3500 653 si
3534 600 3879 670 impudenter

2301 682 2651 750 agantludtei,
2669 683 2803 739 hanc
2823 685 3109 754 prophetire
3127 686 3292 755 legem
3315 701 3588 757 perperam
3607 692 3875 760 explican-

2302 786 2401 840 tes,
2432 792 2497 831 cx
2518 776 2583 831 iis
2605 778 2833 832 maxime
2856 792 2973 848 qua:
2998 776 3137 831 dicta
3168 788 3291 831 sunt
3320 778 3471 834 facile
3498 779 3875 847 confutaverit,

2300 872 2343 925 si
2373 872 2491 941 quis
2518 882 2762 929 accurate
2788 874 3089 943 prophetias
3112 874 3402 944 explicans,
3430 884 3484 930 et
3504 875 3678 929 omnia
3705 874 3877 929 verba

2298 977 2419 1016 cum
2448 963 2625 1018 debita
2657 966 2946 1020 attentione
2973 967 3306 1028 examinans,
3329 965 3463 1020 dicta
3486 964 3636 1019 factis
3661 978 3851 1019 necom

2299 1052 2495 1107 niodct.
2545 1052 2623 1108 Ex
2646 1055 2933 1109 abundanti
2968 1057 3141 1125 itaque
3171 1056 3402 1125 ipsorum
3451 1070 3544 1109 ora
3584 1054 3870 1117 obturans,

2301 1156 2404 1197 non
2430 1159 2495 1198 ex
2517 1143 2580 1198 iis
2608 1159 2727 1213 quae
2750 1144 2817 1200 de
2840 1144 3054 1200 Christo
3074 1144 3210 1201 dicta
3234 1154 3358 1199 sunt
3376 1186 3390 1210 ,
3415 1144 3509 1200 sed
3535 1159 3601 1200 ex
3639 1144 3703 1198 iis
3742 1158 3869 1213 qum

2300 1245 2423 1289 sunt
2450 1233 2516 1290 de
2542 1236 2855 1304 patriarchis
2882 1237 3117 1307 ipsorum
3156 1237 3502 1307 prmnuntiata
3522 1277 3537 1303 ,
3569 1236 3670 1291 hoc
3698 1237 3874 1304 ipsum

2299 1326 2440 1381 clare
2466 1325 2834 1383 demonstrare
2860 1328 3116 1395 conabor,
3148 1329 3435 1383 ostendens
3462 1344 3527 1383 ex
3573 1327 3876 1397 prophetiis

2300 1414 2491 1469 multas
2511 1414 2680 1470 dictas
2705 1416 2864 1471 fuisse
2888 1417 2956 1472 de
2986 1417 3215 1472 tribuum
3246 1417 3687 1487 progenitoribus,
3708 1416 3757 1468 in
3776 1430 3875 1468 eo-

2298 1522 2520 1577 rumque
2548 1509 2823 1572 nepotibus
2849 1510 3089 1579 impletas
3138 1524 3276 1563 esse.
3334 1511 3399 1564 Et
3440 1508 3668 1577 exempli
3708 1521 3874 1561 causa

2299 1612 2401 1651 una
2429 1598 2659 1653 alterave
2684 1599 2839 1654 allata
2870 1600 3104 1664 historia,
3124 1616 3233 1655 rem
3258 1599 3578 1669 propositam
3593 1599 3873 1667 attingam.

2300 1686 2504 1740 Etenim
2534 1702 2654 1742 cum
2674 1686 2991 1760 Symeonem
3018 1698 3071 1744 et
3097 1689 3225 1744 Levi
3251 1698 3488 1744 vocasset
3513 1687 3696 1750 Jacoh,
3730 1702 3873 1754 pra:-

2298 1778 2546 1833 nnntians
2573 1793 2636 1834 ea
2663 1794 2822 1848 ,qua:
2845 1779 2974 1849 ipsis
3015 1787 3267 1834 eventura
3310 1788 3498 1834 erant.
3539 1779 3615 1833 sic
3660 1777 3877 1831 dicebat

2299 1868 2519 1937 Symeon
2538 1878 2585 1923 et
2610 1868 2727 1924 Levi
2753 1873 2934 1939 fratres
2956 1868 3201 1940 (Geu.49.
3222 1870 3297 1938 5),
3317 1878 3371 1923 et
3394 1869 3625 1923 incusata
3654 1868 3872 1922 illorum

2298 1959 2590 2029 iniquitate,
2614 1960 2913 2031 iujustaque
2937 1960 3305 2016 Sicemitarum
3353 1963 3527 2023 etede.
3556 1961 3609 2014 in
3645 1974 3878 2028 sequen-

2300 2050 2437 2104 tibus
2459 2050 2533 2104 ait
2563 2067 2576 2103 :
2603 2048 2841 2104 Dividam
2865 2067 2948 2105 eos
2971 2051 3024 2105 in
3048 2051 3208 2106 Jacob
3229 2092 3244 2117 ,
3273 2060 3320 2105 et
3349 2051 3633 2121 dispergant
3661 2050 3775 2104 illos
3811 2052 3871 2104 in

2297 2140 2464 2195 Israel
2492 2138 2652 2211 (Ibid.
2672 2158 2719 2195 υ.
2747 2141 2823 2211 7).
2854 2140 2966 2197 Hoc
3007 2151 3182 2196 autem
3235 2155 3391 2195 nemo
3417 2140 3612 2194 dixerit
3655 2140 3705 2193 in
3760 2138 3869 2194 Le-

2298 2233 2347 2285 vi
2374 2242 2429 2287 ct
2453 2231 2718 2304 Symeone
2760 2231 2955 2287 factum
2984 2246 3138 2298 esse,
3173 2231 3266 2287 sed
3300 2233 3349 2285 in
3390 2230 3631 2285 tribubus
3676 2244 3744 2284 ex
3788 2231 3874 2284 eis

2300 2321 2606 2390 progenitis.
2632 2321 2767 2376 Nam
2796 2320 2963 2376 tribus
2983 2321 3112 2376 Levi
3141 2321 3379 2388 diSpersa
3405 2330 3517 2384 est,
3545 2320 3614 2374 ita
3640 2328 3697 2374 ut
3718 2318 3869 2374 deci-

2300 2425 2439 2463 mam
2470 2420 2674 2478 partem
2704 2408 2819 2479 ejus
2847 2424 3175 2478 unaquaeque
3215 2410 3385 2464 tribus
3412 2409 3629 2463 haberet
3654 2426 3672 2465 ι
3700 2408 3873 2461 tribus

2300 2502 2423 2555 item
2470 2500 2750 2571 Symeonis
2786 2516 2907 2573 quae
2952 2500 3181 2570 idipsum
3225 2500 3337 2554 fere
3376 2508 3591 2570 experta
3630 2508 3728 2563 cst,
3777 2514 3875 2568 per

2297 2606 2483 2647 omnes
2510 2591 2627 2646 illas
2653 2598 2868 2647 extensa
2900 2605 2993 2660 per
3018 2599 3214 2645 sortem
3240 2632 3254 2652 .
3286 2604 3388 2645 non
3419 2588 3870 2661 quemadmodum

2298 2683 2435 2748 aliae,
2466 2682 2803 2751 conjunctam
2828 2691 2883 2738 et
2906 2682 3061 2736 simul
3088 2682 3455 2751 conglobatam
3498 2680 3678 2734 habuit
3708 2678 3872 2733 here-

2298 2770 2537 2826 ditatem.
2563 2770 2725 2825 Jacob
2752 2772 2912 2825 etiam
2941 2786 3003 2825 ex
3032 2772 3259 2838 acceptis
3301 2786 3328 2823 a
3366 2779 3515 2839 patre
3545 2770 3876 2825 benedictio-

2300 2860 2473 2924 nibus,
2506 2858 2703 2914 nullam
2733 2859 2846 2929 ipse
2865 2870 3221 2929 consequutus
3248 2870 3345 2913 cst.
3374 2859 3528 2913 Pater
3547 2860 3686 2913 enim
3706 2860 3876 2928 ipsius

2300 2952 2512 3021 longam
2539 2952 2940 3021 prosperitatcm
2969 2952 3066 3021 ipsi
3100 2952 3433 3021 pra-dixerat,
3467 2960 3523 3005 et
3559 2959 3877 3019 perpetuum

2299 3044 2349 3099 in
2382 3045 2521 3099 Esau
2548 3044 2893 3110 dominatum,
2918 3046 2964 3098 is
2998 3059 3125 3098 vero
3164 3042 3213 3097 in
3240 3058 3417 3097 rerum
3457 3043 3877 3097 necessariarum

2301 3136 2520 3205 penuria
2562 3144 2712 3204 erat,
2749 3137 3211 3204 mercenariusque
3255 3134 3532 3200 alebatur,
3562 3140 3877 3202 tantumque

2300 3230 2484 3283 aberat
2522 3237 2580 3283 ut
2627 3229 2906 3299 imperium
2944 3228 3162 3282 haberet
3205 3228 3254 3280 in
3284 3226 3523 3292 fratrem,
3558 3234 3611 3279 ut
3645 3225 3714 3279 de
3764 3226 3877 3279 vita

2302 3320 2708 3391 periclitaretur,
2732 3328 2785 3375 et
2831 3318 2997 3375 semel
3029 3319 3100 3372 illi
3129 3318 3314 3373 obvius
3339 3332 3458 3371 cum
3490 3316 3657 3370 multo
3683 3316 3878 3370 timore

2302 3411 2489 3476 factus,
2513 3410 2650 3467 bene
2672 3424 2852 3465 secum
2869 3418 3043 3465 actum
3076 3411 3284 3478 putarit,
3320 3406 3458 3477 quod
3498 3407 3723 3472 potuerit
3757 3421 3875 3461 ma-

2302 3518 2402 3557 nus
2445 3503 2559 3573 ejus
2590 3501 2841 3573 effugere.
2886 3500 3022 3568 Quid
3062 3500 3215 3571 igitur
3244 3500 3310 3553 ad
3339 3500 3453 3553 haec
3487 3499 3765 3552 dicamus?
3807 3514 3878 3551 an

2304 3596 2608 3650 mendaeem
2629 3609 2746 3651 esse
2770 3592 3141 3665 prophetiam?
3171 3593 3317 3647 Absit
3352 3609 3364 3643 :
3392 3591 3485 3646 sed
3532 3592 3647 3659 ejus
3673 3605 3880 3645 morem

2305 3688 2445 3742 hunc
2471 3701 2611 3756 saepe
2639 3701 2778 3752 esse,
2801 3694 2860 3740 ut
2882 3700 2942 3740 ea
2972 3700 3088 3753 qua:
3124 3693 3245 3737 sunt
3285 3683 3404 3737 aliis
3447 3692 3726 3747 eventura,
3758 3681 3880 3736 aliis

2305 3779 2545 3849 personis
2572 3778 2869 3842 adscribat,
2904 3788 2953 3832 et
2985 3777 3084 3830 alia
3119 3791 3213 3845 pro
3237 3776 3353 3829 aliis
3382 3774 3687 3829 nominibus
3716 3788 3879 3826 usur-

2308 3880 2395 3939 pet
2426 3888 2441 3925 :
2475 3870 2526 3924 id
2556 3869 2696 3939 quod
2733 3870 2891 3924 etiam
2922 3870 2973 3922 in
3016 3867 3300 3923 Chanaano
3341 3868 3533 3921 factum
3566 3876 3667 3920 est.
3696 3864 3882 3933 Neque

2307 3961 2448 4016 enim
2479 3961 2721 4017 videmus
2749 3960 2893 4014 illum
2929 3959 3210 4014 servivisse
3243 3957 3493 4013 fratribus
3528 3958 3657 4020 suis,
3704 3970 3884 4023 neque

2307 4053 2466 4107 etiam
2492 4050 2912 4105 maledictionem
2935 4048 3228 4114 excidisse,
3260 4047 3354 4102 sed
3381 4050 3430 4101 in
3462 4046 3767 4101 Gabaonitis
3815 4060 3882 4099 ex

2307 4142 2592 4198 Chanaano
2620 4141 2751 4196 ortis
2777 4142 2931 4196 linem
2958 4141 3245 4209 accepisse.
3278 4138 3408 4194 Nam
3430 4138 3481 4192 id
3508 4138 3646 4208 quod
3668 4137 3885 4192 diceba-

2311 4244 2395 4289 tur
2422 4232 2694 4304 prophetia
2724 4240 2865 4296 erat,
2896 4230 3282 4286 maledictionis
3322 4229 3489 4283 forma
3516 4229 3739 4298 prolata.

2380 4327 2434 4379 2.
2476 4326 2607 4380 Cum
2634 4336 2711 4378 tot
2730 4340 2854 4392 ergo
2884 4324 3108 4391 taliaque
3140 4322 3426 4374 habeamus
3452 4319 3693 4388 exempla
3716 4359 3731 4383 ,
3760 4318 3886 4386 qui-

2313 4418 2410 4472 bus
2441 4416 2707 4485 probatur,
2741 4413 2903 4468 niulta
2932 4428 3049 4481 quae
3067 4414 3313 4466 dicuntur
3340 4410 3405 4465 de
3427 4410 3545 4465 aliis
3571 4406 3890 4479 proferri,et

2315 4510 2366 4562 in
2396 4509 2511 4562 aliis
2540 4506 2781 4560 accidere
2801 4546 2815 4569 ,
2844 4513 2895 4558 ct
2921 4503 3220 4557 nominibus
3254 4502 3331 4556 sic
3361 4514 3484 4555 usos
3509 4514 3628 4554 esse
3656 4498 3890 4568 prepbe-

2316 4610 2417 4666 las,
2447 4598 2570 4669 quid
2592 4600 2783 4652 mirum
2826 4596 2869 4650 si
2905 4609 3043 4649 mine
3066 4609 3256 4647 nomen
3287 4593 3483 4647 Judzea:
3507 4602 3561 4646 et
3592 4590 3892 4645 Jerusalem

2318 4693 2569 4763 propheta
2596 4703 2876 4757 usurpans,
2906 4688 2972 4741 de
2996 4687 3230 4741 Ecclesia
3248 4686 3558 4740 vaticinetur
3579 4684 3601 4737 ?
3620 4682 3750 4737 Nam
3767 4683 3891 4749 quia

2319 4783 2538 4854 ingratis
2594 4780 2931 4851 loquebatur,
2982 4778 3268 4848 prephetas
3308 4774 3687 4839 occidentibus,
3725 4772 3894 4826 libros

2318 4873 2765 4936 comburentibus,
2786 4886 2905 4926 aras
2924 4869 3344 4929 sulTodientibus,
3361 4867 3479 4935 jure
3503 4864 3741 4919 velamen
3763 4862 3897 4932 ipsis

2321 4965 2620 5034 impositum
2652 4971 2765 5017 erat
2806 4962 2855 5015 in
2902 4960 3129 5014 lectione
3174 4956 3378 5011 Veteris
3405 4952 3763 5015 Tcstamenti,
3799 4966 3896 5004 se-

2321 5056 2548 5112 cundum
2591 5055 2799 5108 beatum
2845 5051 3056 5103 Paulum
3091 5049 3175 5115 (2.
3208 5046 3325 5102 Cor.
3367 5047 3419 5101 5.
3468 5046 3595 5114 14).
3646 5041 3899 5109 Alioquin

2323 5150 2483 5203 libros
2500 5143 2854 5205 sustulissent,
2880 5142 2922 5193 si
2944 5140 3230 5208 prophetia:
3256 5135 3544 5192 deChristo
3560 5134 3666 5188 vim
3686 5133 3899 5186 intelle-

2325 5237 2681 5296 xissent.Cum
2694 5235 2833 5291 enim
2851 5242 3165 5303 prtesentem
3182 5232 3349 5299 ipsum
3362 5227 3614 5283 miracula
3626 5224 3900 5291 edentem,

2327 5330 2716 5400 perfectamque
2730 5323 2979 5395 potentiae
2998 5338 3108 5377 suze
3124 5331 3174 5376 et
3190 5334 3481 5376 consensus
3496 5314 3904 5385 concordiaque

2326 5435 2444 5474 cum
2488 5419 2644 5473 Patre
2672 5412 3179 5471 demonstrationem
3209 5410 3576 5473 exhibentem,
3606 5420 3713 5460 non
3744 5420 3906 5460 reve-

2329 5511 2416 5566 riti
2449 5511 2582 5575 sint,
2615 5521 2787 5578 neque
2812 5504 3113 5575 quieverint
3150 5503 3319 5571 donec
3342 5516 3462 5556 eum
3493 5497 3905 5558 crucifixissent,

708 5567 903 5631 :5an].
924 5570 971 5617 in
994 5578 1151 5631 marg.
1193 5568 1326 5631 notat
1348 5565 1471 5631 torte
1497 5563 1756 5631 legendum
1784 5574 1913 5624 esse,
1951 5564 2094 5625 dixit,
2120 5579 2224 5629 pro,

646 5629 785 5680 cidit.
813 5630 1009 5679 Alienus
1032 5625 1296 5688 legendum
1321 5630 1474 5683 putat,
1499 5625 1687 5672 cecinit.

714 5713 788 5774 (τι)
820 5711 923 5761 Vox
964 5710 1196 5758 Hebraica
1231 5718 1325 5761 est,
1344 5708 1499 5787 ῘΤΠΠ,
1530 5706 1750 5763 Thartan,
1778 5709 1824 5755 in
1853 5707 2027 5766 Bibliis,
2053 5725 2228 5773 τανάιαν,

648 5805 780 5857 unde
806 5806 955 5867 prima
976 5804 1169 5864 dempta
1193 5804 1371 5863 syllaba
1396 5802 1589 5860 factum,
1619 5812 1750 5855 Νάθα-ι,
1777 5800 1975 5850 Nullum.

2332 5605 2414 5658 vix
2446 5602 2803 5673 pepercissent
2826 5599 2910 5664 iis,
2950 5597 3039 5666 qui
3066 5596 3133 5650 de
3164 5595 3278 5665 ipso
3307 5591 3505 5662 loquuti
3532 5595 3745 5652 essent,
3772 5602 3913 5656 quos

2335 5693 2673 5749 nihilominus
2708 5691 3009 5758 irequenter
3048 5685 3367 5754 lapidabant.
3409 5679 3532 5734 Ideo
3580 5675 3809 5749 propriis
3853 5685 3909 5731 et

2340 5788 2476 5842 mitis
2517 5784 2616 5839 sibi
2657 5781 2954 5839 nominibus
3003 5778 3229 5836 libenter
3262 5779 3492 5838 utentes,
3543 5769 3639 5823 hac
3680 5780 3914 5842 persona
