4056 6464
186 412 254 465 27
1526 409 1588 465 ΙΝ
1628 409 1813 464 ΙΒΑΙΛΪ

1918 410 2067 465 CAP.
2108 409 2178 464 ll.
3504 428 3576 483 28

181 532 433 599 ἐργασίαι
464 530 662 585 αὐτῶν
700 528 779 594 ὠς
804 524 1064 595 σπινθὴρ
1094 525 1298 593 πυρός.
1329 524 1590 579 Ἐνταῦθα
1614 524 1816 577 δείκνυ-

184 638 263 671 σιν
291 620 366 671 ὅτι
395 618 601 670 οἴκοθεν
647 616 715 669 τά
771 615 937 681 κακά,
972 615 1063 667 καὶ
1111 613 1262 667 αὐτοὶ
1314 612 1411 683 τὴν
1450 611 1817 682 αἰχμαλωσίαν

181 707 373 769 ἔτεκον,
404 706 493 758 καὶ
525 704 623 774 τὴν
653 703 877 772 κάμινον
908 702 1133 772 ἀνῆψαν.
1154 701 1365 770 Ὠσπερ
1392 700 1498 770 γὰρ
1525 698 1817 769 σπινθῆρες

183 790 525 857 ἐμπίπτοντες
566 788 679 857 πῦρ
724 786 1108 856 ἀνεγείρουσιν,
1153 783 1295 838 οὕτω
1344 783 1413 836 τὰ
1455 783 1822 855 ἁμαρτήματα

180 877 375 928 τούτων
430 875 763 943 συναχθέντα
803 873 893 927 τοῦ
941 873 1072 925 Θεοῦ
1123 872 1223 943 τὴν
1272 870 1441 942 ὀργὴν
1482 870 1673 940 ἀνῆψε.
1709 868 1820 921 Καὶ

191 960 736 1024 κατακαυθήσονται
770 962 824 1013 οἰ
878 960 1083 1026 ἄνομοι
1117 958 1216 1011 καί
1252 960 1305 1010 οἰ
1324 956 1655 1025 ἁμαρτωλοί
1682 956 1819 1025 ἅμα,

183 1048 273 1099 καὶ
292 1051 397 1103 οὐκ
422 1047 589 1099 ἔσται
610 1049 643 1099 ό
665 1046 916 1099 σϐέσων.
947 1044 1111 1099 Πάλιν
1152 1042 1482 1114 ἀπαγορεύει
1506 1043 1604 1114 τὴν
1647 1058 1820 1112 σωτη-

187 1135 301 1201 ρίαν
348 1134 431 1186 δεά
474 1133 569 1203 τὴν
603 1133 768 1205 αὐτὴν
812 1133 970 1186 πάλιν
1003 1131 1211 1195 αἰτίαν,
1250 1131 1348 1201 οὐχ
1382 1130 1468 1185 ἵνα
1492 1130 1817 1198 ἀπογνῶσιν,

185 1218 294 1269 ἀλλ’
324 1220 407 1271 ἴνα
451 1220 619 1291 ταύτῃ
660 1221 789 1287 γοῦν
835 1219 1150 1290 ἀκμάζοντα
1196 1218 1288 1271 τὸν
1320 1217 1481 1287 φόϐον
1518 1218 1817 1287 δεξάμενοι,

185 1304 276 1370 τὴν
301 1305 492 1374 πολλὴν
519 1306 944 1368 ἀποτινάξωνται
976 1304 1262 1373 ρᾳθυμίαν.
1316 1305 1424 1357 Καὶ
1467 1304 1647 1373 ἕτερον
1678 1301 1736 1354 δέ
1765 1318 1818 1352 τι

184 1390 405 1443 ἐνταῦθα
435 1392 745 1455 αἰνίττεται,
769 1391 829 1442 τδ
846 1391 1053 1459 ἄμαχον
1078 1389 1240 1442 αὐτοῦ
1261 1390 1361 1457 τῆς
1396 1387 1693 1456 δυνάμεως,
1726 1386 1818 1437 καὶ

182 1476 258 1529 ὅτι
287 1477 597 1541 κολάζοντος
630 1477 815 1542 αὑτοῦ,
846 1477 939 1532 καὶ
992 1476 1420 1547 τιμωρουμένου,
1463 1472 1634 1534 οὐδεὶς
1669 1473 1815 1524 ἀντι-

183 1564 365 1633 στῆναι
398 1565 486 1615 καὶ
511 1562 813 1617 καταλῦσαι
840 1563 1123 1632 δυνήσεται
1154 1562 1223 1615 τά
1243 1560 1409 1613 δεινά.

812 1664 1062 1718 ΚΕΦΛΛ.
1104 1663 1179 1715 B'.

190 1764 249 1817 Ὀ
272 1767 447 1833 λόγος
472 1767 506 1820 ὁ
541 1767 861 1836 γενόμενος
896 1764 1045 1834 πρὸς
1079 1763 1328 1818 Ἡσαΐαν
1363 1760 1497 1815 υἱὸν
1533 1761 1747 1830 Ἀμμώς
1768 1772 1815 1816 ⁸.

243 1874 312 1921 α’.
341 1869 610 1921 Ἐντεῦθεν
632 1870 789 1939 δῆλον
810 1869 884 1931 ὡς
910 1868 970 1920 ού
995 1866 1171 1930 πάσας
1188 1867 1275 1934 ὑφ’
1294 1867 1350 1919 ἐν
1370 1866 1467 1929 τάς
1491 1866 1821 1937 προφητείας

180 1956 473 2023 εἰρήκασιν,
495 1955 629 2008 ἀλλά
663 1956 803 2007 κατά
845 1955 1129 2026 διαφόρους
1166 1955 1523 2025 ἐμπνεόμενοι
1575 1954 1816 2022 καιροὺς,

182 2042 471 2108 περικοπάς
520 2058 670 2103 τινας
715 2041 1071 2111 ἀπήγγελλον,
1101 2042 1157 2095 αἶ
1211 2042 1542 2095 συντεθεῖσαι
1595 2042 1818 2108 ῦστερον

181 2127 263 2193 ὑφ’
309 2127 385 2189 ἐν,
434 2128 721 2199 ὁλόκληρον
776 2129 973 2197 βιϐλίον
1027 2130 1307 2200 ἐποίησαν.
1364 2130 1455 2181 Διὸ
1503 2129 1595 2182 καί
1647 2126 1819 2190 οῦτως

182 2211 415 2279 ἄρχεται.
449 2214 560 2266 Οὐκ
596 2215 843 2268 ἐντεῦθεν
878 2216 935 2268 δὲ
975 2216 1131 2285 μόνον
1158 2214 1313 2268 τοῦτο
1356 2214 1510 2283 δῆλον
1536 2213 1683 2266 ἔσται
1727 2214 1820 2266 καὶ

183 2301 340 2366 σαφὲς
367 2303 512 2369 ἡμῖν.
548 2302 662 2355 ἀλλ’
689 2303 745 2369 ἐξ
774 2297 846 2356 ὧν
876 2304 1078 2372 προῖὼν
1102 2304 1196 2357 καὶ
1222 2304 1346 2363 τοὺς
1381 2303 1601 2375 καιροὺς
1624 2303 1819 2370 ἐπιση-

184 2383 443 2449 μαίνεται,
490 2386 583 2438 νῦν
626 2389 725 2456 μὲν
761 2388 952 2455 λέγων,
1000 2388 1111 2440 Τοῦ
1144 2386 1436 2449 ἐνιαυτοῦ,
1472 2382 1543 2441 οὗ
1578 2384 1820 2453 εἰσῆλθε

181 2470 377 2524 Νάθαν
403 2473 486 2536 εἰς
529 2471 809 2532 Ἀζωτονο
854 2473 946 2526 νῦν
974 2474 1030 2525 δὲ
1072 2472 1275 2541 λέγων’
1307 2472 1415 2526 Καὶ
1452 2472 1683 2541 ἐγένετο
1714 2473 1819 2526 τοῦ

181 2555 463 2619 ἐνιαυτοῦ,
494 2554 565 2613 οὗ
596 2559 893 2613 ἀπέθανεν
921 2559 1100 2624 Ὸζῖας
1128 2561 1160 2612 ὁ
1185 2558 1504 2622 βασιλεὺς,
1526 2559 1686 2611 εἶδον
1712 2559 1819 2611 τὸν

184 2644 390 2709 Κύριον
422 2644 756 2713 καθήμενον
791 2645 886 2697 ἐπὶ
916 2647 1127 2712 θρόνου
1162 2645 1404 2712 ὑψηλοῦ
1436 2645 1533 2697 καί
1564 2644 1816 2713 ἐπηρμέ-

182 2745 303 2781 νου.
341 2730 411 2781 Οὺ
464 2729 571 2801 γὰρ
604 2730 790 2802 ὥσπερ
840 2733 896 2783 αἰ
929 2732 1235 2784 Ἐπιστολαί
1276 2733 1331 2783 αἰ
1378 2732 1588 2784 Παύλου
1623 2731 1715 2783 καὶ
1751 2730 1818 2783 τὰ

182 2816 474 2882 Εὐαγγέλια
504 2820 593 2886 ὑφ’
622 2818 680 2872 ἒν
713 2819 1090 2889 συνετέθησαν,
1113 2819 1253 2872 οῦτω
1275 2820 1336 2890 δὴ
1366 2821 1457 2873 καὶ
1475 2821 1817 2889 προφητεῖαι,

181 2900 286 2950 ἀλλ’
313 2903 445 2971 ὅπερ
480 2903 648 2972 ἔφθην
685 2904 872 2968 εἰπὼν,
909 2906 964 2957 ἐν
984 2906 1257 2975 διαφόροις
1285 2908 1510 2975 καιροῖς.
1540 2905 1702 2958 Ὅθεν
1726 2906 1819 2957 καὶ

181 2987 267 3037 ἀπ’
299 2990 467 3058 ἀρχῆς
506 2990 698 3059 ἐτέρας
738 2991 962 3060 ἄρχεται
993 2991 1086 3044 τοῦ
1119 2991 1381 3061 παρόντος
1404 2992 1578 3060 λόγου.
1618 2992 1727 3045 Καὶ
1757 2992 1817 3044 ού

181 3070 259 3124 διά
282 3074 432 3126 τοῦτο
472 3076 629 3144 μόνον
648 3117 663 3141 ,
690 3076 823 3129 ἀλλά
856 3077 949 3129 καὶ
979 3076 1067 3130 διά
1095 3078 1155 3130 τὸ
1182 3076 1278 3147 τὴν
1302 3078 1571 3143 ὑπόθεσιν,
1604 3078 1731 3149 περί
1750 3074 1817 3150 ἧς

185 3159 355 3225 μέλλει
383 3160 744 3229 διαλέγεσθαι,
786 3163 990 3234 σφόδρα
1034 3162 1375 3234 ἀπηρτῆσθαι
1424 3164 1530 3216 τῶν
1563 3182 1818 3236 προειρη-

186 3245 369 3311 μένων,
397 3249 488 3301 καί
521 3248 854 3319 ὑψηλοτέραν
886 3244 1046 3303 εἶναι.
1083 3249 1215 3321 Περὶ
1243 3249 1347 3320 γάρ
1373 3251 1468 3319 τῆς
1512 3252 1616 3304 τῶν
1651 3250 1816 3303 ἐθνῶν

185 3332 428 3401 κλήσεως,
455 3338 547 3389 καί.
570 3337 670 3406 τῆς
694 3336 784 3389 τοῦ
811 3337 1159 3406 κηρύγματος
1186 3339 1562 3407 περιφανείας,
1590 3340 1681 3391 καὶ
1716 3338 1817 3406 τῆς

179 3421 439 3489 ⁴κιινταχοῦ
467 3424 566 3491 τῆς
591 3424 912 3492 οἰκουμένης
946 3423 1263 3492 ἐκταθείοης
1286 3424 1536 3490 γνώσεως
1555 3461 1570 3486 ,
1599 3424 1691 3475 καὶ
1720 3424 1815 3493 τῆς

184 3504 616 3575 καταληψομένης
646 3507 743 3577 τὴν
778 3508 881 3577 γῆν
901 3508 1119 3577 εἰρήνης
1150 3508 1278 3577 ἡμῖν
1302 3508 1623 3575 διαλέγεται.
1665 3510 1725 3560 Εἰ
1759 3509 1815 3561 δὲ

185 3590 377 3657 μέλλων
407 3592 662 3645 τοιούτων
686 3593 951 3646 ἅπτεσθαι
982 3593 1283 3662 δογμάτων,
1327 3594 1577 3656 ἰουδαίας
1608 3594 1813 3665 μέμνη-

182 3693 262 3729 ται
293 3680 382 3731 καί
419 3680 807 3750 Ἰερουσαλὴμ,
842 3679 988 3744 ξένον
1029 3680 1200 3733 οὐδέν.
1239 3680 1545 3752 Προφητεία
1594 3682 1699 3749 γάρ
1748 3676 1816 3751 ἦν

185 3764 238 3815 :6
273 3766 576 3835 λεγόμενον,
616 3766 1043 3838 συνεσκιασμένη
1078 3768 1216 3829 τέως
1262 3770 1376 3828 ταῖς
1403 3769 1511 3819 τῶν
1540 3768 1816 3836 ὀνομάτων

183 3854 555 3922 προσηγορίαις
589 3854 639 3907 δ.
695 3854 848 3906 Ἐπεὶ
907 3852 1001 3905 καὶ
1050 3854 1143 3906 τὸν
1194 3854 1406 3922 ψαλμὸν
1466 3854 1556 3907 τὸν
1597 3855 1816 3925 ἑϐδομη-

183 3938 355 3988 κοστὸν
382 3939 595 4007 πρῶτον
644 3942 673 3992 6
699 3939 857 3993 Δαυῒδ
897 3939 1197 3993 συντιθέναι
1234 3940 1458 4009 μέλλων,
1512 3941 1815 4011 ἐπέγραψεν

181 4022 325 4073 αὑτὸν
384 4025 462 4092 τῷ
519 4025 842 4094 Σολομῶντι,
889 4027 983 4078 καὶ
1034 4025 1237 4093 προῖὼν
1276 4027 1450 4096 πολλῷ
1469 4027 1685 4096 μείζονα
1718 4030 1815 4097 τῆς

181 4105 503 4175 Σολομῶντος
535 4110 710 4175 ἀξίας,
747 4110 942 4179 μᾶλλον
970 4110 1025 4163 δὲ
1054 4112 1147 4164 καὶ
1186 4110 1284 4180 τῆς
1326 4113 1575 4164 ἀπάντων
1601 4113 1808 4183 ἀνθρώ-

182 4194 512 4261 πωνφύσεως
554 4195 725 4251 ῐδενο.
774 4196 845 4249 T6
875 4198 1002 4264 γάρ,
1034 4197 1151 4265 Πρὸ
1195 4197 1294 4249 τοῦ
1340 4197 1520 4263 ἡλίου
1555 4198 1812 4267 διαμένει

183 4277 240 4329 τὸ
285 4279 465 4349 ὄνομα
504 4280 714 4344 αὐτοῦ,
773 4282 885 4345 καὶ,
938 4283 1054 4350 Πρὸ
1090 4282 1199 4349 τῆς
1242 4284 1507 4354 σελήνης
1537 4288 1570 4338 ὀ
1605 4288 1813 4352 θρόνος

181 4365 370 4429 αὑτοῦ,
427 4368 520 4419 καὶ
557 4368 655 4420 ὃσα
704 4368 943 4432 τοιαῦτα,
995 4369 1167 4432 οὐδεὶς
1213 4370 1277 4423 ἃν
1318 4372 1435 4423 οὐδὲ
1476 4372 1579 4424 τῶν
1612 4373 1812 4441 σφόδρα

181 4449 401 4520 ἀνοήτων
442 4454 568 4523 περὶ
610 4454 953 4525 ἀνθρωπίνης
981 4457 1120 4508 εῖποι
1149 4456 1396 4524 λέγεσθαι
1434 4458 1662 4526 φύσεως.
1706 4460 1812 4510 Καὶ

180 4535 205 4584 6
234 4536 416 4589 Ἰακὼϐ
447 4540 523 4601 δὲ,
561 4541 723 4609 ἡνίκα
749 4540 939 4604 ταῦτα,
973 4542 1009 4595 ἀ
1050 4544 1228 4611 μέλλει
1256 4544 1349 4595 νῦν
1373 4546 1400 4596 6
1437 4543 1549 4614 [19]
1589 4545 1811 4607 Ἡσαΐας

181 4618 340 4688 λέγειν
354 4623 407 4687 ἀ,
444 4625 537 4677 καὶ
587 4624 805 4679 πλείονα
850 4626 1051 4680 τούτων
1102 4631 1485 4697 προανεφώνει·
1530 4630 1665 4699 μετὰ
1704 4630 1812 4701 γὰρ

180 4706 265 4773 τῆς
290 4708 394 4760 τῶν
419 4710 585 4762 ἐθνῶν
612 4710 853 4779 κλήσεως
887 4712 983 4764 καὶ
1009 4712 1099 4764 τὸν
1148 4713 1372 4765 θάνατον
1418 4710 1536 4766 εἰπε
1578 4716 1670 4766 καὶ
1713 4716 1811 4786 τὴν

181 4792 471 4859 ἀνάστασιν,
524 4796 731 4849 καὶτὸν
763 4798 950 4869 καιρὸν
984 4798 1105 4851 καθ’
1130 4799 1188 4851 ὃν
1222 4799 1410 4868 ἔμελλε
1440 4803 1768 4870 παρέσεσθαι
1795 4819 1809 4832 ·

181 4879 282 4932 ὡδὶ
325 4884 525 4946 ἐκεῖνος
577 4884 978 4953 ἀπογυμνώσας
1030 4886 1167 4938 αὑτά
1220 4886 1491 4951 τέθεικεν,
1544 4889 1677 4941 ἀλλά
1730 4890 1809 4959 τῷ

181 4969 482 5039 προσωπείῳ
518 4980 541 5009 ο
580 4971 680 5038 τῆς
732 4973 1095 5041 προσηγορίας
1159 4973 1255 5026 τοῦ
1324 4975 1449 5027 Υἰοῦ
1503 4976 1711 5045 κρύψας
1773 4978 1808 5031 ἃ

182 5052 378 5118 ἔμελλεν
404 5054 565 5122 ἐρεῖν,
597 5056 767 5118 οὕτως
798 5058 936 5111 αὐτά
963 5060 1399 5130 προανεφώνησε,
1421 5064 1494 5134 τῷ
1518 5066 1616 5133 μὲν
1634 5064 1806 5117 δοκεῖν

179 5138 235 5187 τά
291 5142 669 5213 συμϐησόμενα
707 5143 785 5214 τῷ
825 5143 993 5216 Ἰούδᾳ
1032 5144 1235 5213 λέγων·
1276 5148 1455 5211 καθὼς
1498 5150 1555 5201 δὲ
1592 5150 1651 5201 τὸ
1702 5150 1806 5203 τῶν

181 5232 497 5301 πραγμάτων
540 5235 806 5304 μαρτυρεῖ
844 5234 1016 5299 τέλος,
1054 5234 1195 5307 ἀπερ
1237 5236 1427 5307 ἔμελλε
1462 5240 1752 5309 κατορθοῦν
1777 5242 1806 5292 6

232 5370 345 5438 f§ic
367 5371 419 5420 In
437 5372 665 5438 omnibug
684 5375 1040 5438 exegnplaribus
1062 5388 1151 5437 pro
1183 5375 1354 5438 Ἀμώς.

232 5428 395 5506 6!!ng
417 5438 616 5506 τῆςτῶν
648 5428 888 5506 ὀχομάτὸγ
924 5428 1261 5506 προσηγορίαςῖ,
1296 5428 1503 5487 Alienus
1542 5440 1804 5502 legendum

182 5498 300 5547 putat
319 5495 416 5548 ταῖς
436 5495 618 5541 τούτων
634 5496 728 5541 τῶν
1005 5495 1350 5561 προσηγορίαις.
1594 5495 1620 5502 ’

182 5608 192 5623 1
233 5553 251 5579 ε
287 5552 449 5623 κρῖ-ει.
474 5554 839 5623 wn._Sav._gI_6¢
863 5576 874 5605 :
901 5558 979 5623 h|_c
1000 5565 1164 5623 autem
1190 5561 1235 5607 in
1260 5562 1478 5623 margipe
1508 5566 1641 5623 notat
1665 5560 1803 5623 Δτοι-ιο

182 5608 418 5719 ignauum
438 5628 552 5664 esse
578 5614 694 5663 εἷπι.
716 5616 921 5666 Alienus
955 5618 1217 5681 legendum
1240 5608 1502 5682 ρυιαῗῇεε,
1525 5608 1709 5681 εοείὴίι,
1742 5608 1801 5670 ab

205 5733 257 5798 -4
279 5735 388 5803 Reg.
416 5733 794 5804 ql_Sa\’il._xqi_6
821 5738 991 5788 Ἰακὼϐ
1023 5742 1092 5804 δὲ,
1112 5742 1250 5797 ἡνίκα
1272 5744 1327 5790 ἆν
1361 5746 1387 5791 6
1416 5742 1613 5798 Ἡσαΐας
1647 5746 1799 5804 μέλλει

184 5807 249 5837 νυν
270 5798 407 5842 ταῦτα
434 5798 485 5844 λέ
519 5814 602 5843 ειν.
638 5799 819 5848 Boisius
840 5804 942 5849 vult
982 5798 1085 5850 alio
1099 5804 1240 5851 modo
1264 5807 1472 5853 restitui.
1516 5806 1613 5851 Sed
1648 5798 1800 5851 'lcclio

187 5850 460 5905 Morellianx
488 5814 726 5906 Iidiliouis
766 5860 891 5906 bene
934 5862 1116 5906 habere
1146 5865 1351 5906 “deum
1394 5873 1441 5906 m
1487 5865 1532 5906 in
1576 5866 1799 5906 "zn'nril‘n

186 5850 460 5962 ξίῖιιὲιηίαηαι
488 5850 726 5906 Ειίἰιίοιιὶς
766 5860 891 5910 bene
934 5862 1116 5911 habere
1146 5850 1532 5923 ιίιίοίυιῖξοίγὶιι
1564 5850 1799 5914 bay-mbo

212 5931 262 5959 ,Η
313 5931 380 5962 υτ-

200 5928 380 5965 unctor.

233 5976 249 5995 ⁸
277 5979 386 6039 ιιι-ε.
416 5985 468 6029 cl
495 5980 603 6028 5.1V.
634 5982 685 6027 τὸ
712 5985 1024 6046 προσωπεῖον,
1050 5987 1208 6036 minus
1231 5993 1381 6036 rule.

1924 523 2156 594 Χριστὸς
2213 524 2629 593 προαναφωνιῖνι.
2701 525 2832 579 Οῦτε
2895 529 2999 597 γὰρ
3061 527 3349 594 προσδοκία
3409 525 3576 577 ἐθνῶν

1934 611 2129 674 Ἰούδας
2157 612 2395 679 γέγονεν,
2430 613 2551 665 οὕτε
2583 612 2699 665 τότε
2720 612 2952 682 ἔλαμψεν
2975 616 3005 684 ἠ
3042 614 3199 683 φυλὴ,
3227 614 3309 666 ὅτε
3333 613 3575 678 ἐξέλιπεν

1923 698 2155 766 αύτῶνή
2209 699 2480 752 πολιτεία*
2512 700 2644 753 ἀλλὰ
2680 700 2846 752 ταῦτα
2891 700 3093 761 πάντα,
3143 703 3228 754 ὅτε
3265 703 3292 754 6
3346 702 3576 771 Χριστὸς

1921 784 2269 852 παρεγένετο,
2298 785 2534 852 γέγονεν.

1990 870 2051 920 Εἰ
2080 868 2135 921 δὲ
2164 872 2561 939 ἀναισχυντοῖεον
2601 870 2837 924 Ἰουδαῖοι
2882 871 3068 924 τοῦτον
3114 873 3575 943 παρακρουόμενοι

1919 954 2018 1020 τῆς
2058 958 2389 1024 προφητείας
2437 956 2527 1009 τὸν
2578 957 2758 1027 νόμον,
2790 958 3019 1027 μάλιστα
3074 957 3170 1025 μὲν
3231 954 3322 1010 οὖν
3372 958 3467 1011 καὶ
3513 959 3572 1024 ἐξ

1919 1040 2097 1093 αὐτῶν
2123 1040 2227 1095 τῶν
2258 1042 2555 1112 εἰρημένων
2592 1042 2782 1113 ῥαδίως
2818 1043 3191 1112 διελεγχθεῖεν,
3224 1045 3275 1096 εἴ
3311 1060 3394 1107 τις
3436 1044 3573 1112 μετά

1918 1126 2201 1197 ἀκριϐείας
2245 1129 2344 1193 τάς
2391 1130 2723 1201 προφητείας
2788 1131 3100 1197 ἐξαπλώσας
3136 1129 3194 1197 ί,
3245 1132 3337 1183 καὶ
3393 1133 3572 1185 πᾶσαν

1921 1215 2078 1284 ῥῆσιν
2126 1216 2264 1284 μετά
2321 1218 2420 1286 τῆς
2490 1216 2869 1285 προσηκούσης
2929 1218 3193 1282 ἐξετάζων
3248 1217 3570 1287 προσοχῆς,

1918 1300 2145 1370 ἁρμόζοι
2170 1302 2235 1354 τὰ
2267 1304 2527 1374 εἰρημένα
2560 1306 2670 1367 τοῖς
2695 1305 3092 1372 γεγενημένοις.
3120 1306 3278 1356 Ὥστε
3303 1306 3357 1357 δὲ
3388 1307 3478 1356 καὶ
3507 1307 3571 1357 ἐκ

1920 1389 2235 1457 περιουσίας
2262 1391 2435 1442 αὐτῶν
2474 1391 2786 1461 ἀπορράψαι
2818 1391 2886 1442 τά
2916 1390 3172 1458 στόματα,
3210 1391 3306 1443 οὐκ
3332 1392 3437 1443 ἀπὸ
3463 1391 3570 1442 τῶν

1919 1474 1997 1533 εἰς
2036 1474 2123 1524 τὸν
2153 1476 2381 1543 Χριστὸν
2396 1478 2716 1545 εἰρημένων,
2741 1476 2851 1529 ἀλλ’
2879 1476 2987 1527 ἀπὸ
3008 1476 3111 1527 τῶν
3136 1479 3212 1538 εἰς
3240 1480 3360 1539 τοὺς
3391 1477 3568 1528 αὐτῶν

1920 1558 2257 1627 πατριάρχας
2282 1560 2777 1629 προφητευθέντων,
2802 1560 2957 1613 τοῦτο
2992 1562 3318 1631 πειράσομαι
3345 1563 3567 1632 ποιῆσαι

1920 1644 2391 1713 φανερὸν,δεικνὺς
2412 1647 2491 1699 δτι
2515 1649 2567 1699 αἱ
2602 1648 2790 1699 πολλαὶ
2821 1648 2927 1699 τῶν
2957 1646 3294 1716 προφητειῶν
3326 1648 3567 1716 εἴρηνται

1923 1730 2021 1799 μὲν
2041 1731 2117 1793 εἰς
2132 1731 2255 1792 τοὺς
2285 1730 2605 1801 φυλάρχους,
2631 1732 2961 1800 ἐξέϐησανδὲ
2990 1734 3067 1794 εἰς
3086 1734 3209 1794 τοὺς
3238 1731 3296 1795 ἐξ
3325 1733 3564 1785 ἐκείνων.

1921 1817 2029 1869 Καὶ
2072 1816 2504 1887 παραδείγματος
2531 1818 2712 1871 ’ἐνεκεν
2744 1818 2869 1887 μίαν
2900 1821 2930 1885 ἢ
2974 1820 3063 1871 καὶ
3111 1818 3367 1888 δευτέραν
3402 1817 3566 1871 εἰπὼν

1922 1901 2180 1972 ἱστορίαν,
2214 1901 2415 1971 ἅψομαι
2470 1903 2577 1955 τῶν
2626 1904 3019 1975 προκειμένων.
3052 1904 3159 1955 Καὶ
3211 1905 3317 1974 γάρ
3356 1906 3441 1957 ὅτε
3476 1904 3566 1957 τὸν

1920 1987 2142 2057 Συμεὼν
2161 1988 2254 2042 καὶ
2280 1989 2370 2041 τὸν
2396 1990 2522 2043 Λευί
2548 1990 2775 2052 καλέσας
2798 1992 2825 2043 6
2865 1989 3073 2053 Ἰακὼϐ,
3107 1993 3479 2059 προαναφωνεῖ
3500 1992 3567 2044 τὰ

1921 2076 2304 2146 συμϐησόμενα
2334 2077 2531 2142 αὐτοῖς,
2576 2076 2744 2143 οὕτως
2786 2078 2968 2148 ἔλεγε·
3012 2079 3252 2147 Συμεὼν
3281 2079 3377 2131 καὶ
3426 2079 3567 2133 Λευί

1918 2164 2183 2232 ἀδελφοὶ,
2210 2164 2303 2217 καὶ
2332 2168 2705 2237 κατηγορήσας
2735 2166 2911 2219 αὐτῶν
2940 2167 3035 2236 τῆς
3063 2166 3428 2235 παρανομίας.
3473 2168 3567 2219 καὶ

1918 2251 2015 2319 τῆς
2040 2250 2223 2303 ἀδίκου
2255 2252 2466 2320 σφαγῆς
2490 2253 2584 2322 τῆς
2606 2254 2685 2315 εἰς
2711 2254 2835 2315 τοὺς
2858 2253 3150 2322 Σικημίτας
3180 2252 3564 2321 γεγενημένης,

1921 2337 2121 2407 προϊών
2155 2355 2286 2407 φησι
2306 2356 2320 2369 ·
2364 2338 2637 2409 Διαμεριῶ
2688 2340 2907 2406 αὐτοὺς
2948 2341 3017 2392 ἐν
3061 2340 3257 2394 Ἰακὼϐ
3272 2380 3285 2403 ,
3318 2341 3413 2393 καί
3445 2340 3567 2393 δια-

1920 2423 2117 2491 σπερῶ
2141 2424 2358 2490 αὐτοὺς
2378 2426 2445 2477 ἐν
2488 2426 2743 2494 Ἰσραήλ.
2785 2426 2954 2479 Τοῦτο
2983 2426 3037 2479 δὲ
3065 2428 3153 2479 ἐπὶ
3184 2426 3275 2479 τοῦ
3305 2425 3433 2481 Λευὶ
3476 2427 3567 2480 καὶ

1917 2508 2011 2561 τοῦ
2050 2509 2270 2579 Συμεὼν
2318 2510 2484 2573 οὐδεὶς
2521 2512 2585 2565 ἂν
2622 2510 2717 2564 ἴδοι
2772 2513 3149 2582 γεγενημένον,
3176 2514 3285 2566 ἀλλ’
3326 2514 3418 2566 ἐπὶ
3454 2514 3563 2565 τῶν

1918 2593 2095 2661 φυλῶν
2114 2594 2220 2647 τῶν
2251 2595 2309 2659 ἐξ
2334 2596 2532 2651 αὐτῶν.
2570 2596 2678 2650 Καὶ
2704 2596 2809 2666 γάρ
2838 2599 2868 2665 ὴ
2891 2597 2983 2649 τοῦ
3021 2596 3148 2651 Λευί
3180 2598 3315 2668 φυλὴ
3341 2598 3565 2651 διεσπάο

1920 2697 2008 2749 ρη.
2052 2680 2114 2733 τὸ
2142 2682 2364 2735 δέκατον
2415 2683 2574 2753 μέρος
2621 2683 2788 2752 αὐτῆς
2831 2684 3065 2753 ἑκάστης
3104 2685 3271 2753 φυλῆς
3304 2684 3563 2755 ἐχούσηςσ

1915 2766 1951 2832 ἦ
1982 2782 2041 2817 τε
2087 2766 2178 2818 τοῦ
2216 2766 2458 2836 Συμεὼν,
2504 2769 2623 2836 ἥτις
2668 2768 2729 2820 τὸ
2769 2769 2899 2821 αὐτὸ
2926 2770 3108 2837 σχεδὸν
3146 2770 3333 2832 ἔπαθε,
3368 2770 3569 2832 πάσαις

1918 2854 2103 2915 αὑταῖς
2148 2854 2546 2924 παρεκταθεῖσα
2603 2856 2739 2909 κατά
2790 2856 2881 2907 τὴν
2936 2856 3156 2924 κλῆρον,
3202 2857 3295 2909 καὶ
3348 2857 3466 2926 οὐχ,
3494 2856 3569 2921 ώς

1918 2940 2119 3010 ἑκάστη
2153 2940 2259 2993 τῶν
2306 2940 2500 3005 ἄλλων,
2533 2943 2879 3012 συνημμένην
2905 2941 3065 2994 έλαϐε
3103 2942 3198 3012 τὴν
3222 2942 3566 3013 κληρουχίαν,

1916 3027 2012 3079 καὶ
2039 3027 2172 3097 πρὸς
2198 3027 2392 3097 ἑαυτὴν
2426 3029 2955 3099 συγκεκροτημένην.
2983 3031 3089 3083 Καὶ
3120 3032 3148 3082 6
3190 3028 3384 3083 Ἰακὼϐ
3414 3029 3571 3094 6555.-

1918 3131 2077 3183 μενος
2108 3114 2352 3183 εὐλογίας
2389 3114 2539 3185 παρά
2570 3114 2662 3168 τοῦ
2697 3117 2897 3186 πατρὸς
2930 3117 3181 3185 οὐδεμιᾶς
3226 3117 3402 3169 αὐτῶν
3461 3118 3568 3171 ἀπ-

1916 3202 2145 3271 ήλαυσεν
2168 3202 2347 3265 αὑτός.
2366 3203 2422 3255 ’0
2446 3201 2545 3271 μὲν
2566 3202 2673 3271 γὰρ
2699 3204 2877 3273 πατὴρ
2894 3202 3055 3256 αὑτοῦ
3071 3202 3361 3273 προῦλεγεν
3386 3204 3569 3273 εὐετη-

1916 3291 2038 3360 ρίαν
2071 3292 2288 3361 πολλὴν,
2316 3292 2409 3345 καί.
2444 3292 2659 3362 διηνεκῆ
2688 3292 2999 3345 δεσποτείαν
3035 3292 3129 3344 τοῦ
3178 3292 3348 3345 Ἠσαῦ
3370 3310 3384 3323 ο
3417 3287 3568 3355 οὗτος

1914 3376 1971 3429 δὲ
2008 3377 2100 3429 καί
2131 3378 2237 3429 τῶν
2265 3377 2571 3443 ἀναγκαίων
2611 3378 2825 3447 ἠπόρει,
2861 3377 2954 3430 καὶ
3010 3377 3246 3446 θητεύων
3290 3379 3566 3447 ἐτρέφετο,

1916 3461 2009 3514 καὶ
2033 3462 2281 3514 τοσοῦτον
2306 3462 2509 3530 ἀπέσχε
2544 3462 2810 3532 κρατῆσαι
2838 3462 3117 3529 τάδελφοῦ,
3135 3464 3214 3516 ὅτι
3242 3463 3306 3532 δὴ
3335 3464 3427 3517 καὶ
3443 3465 3569 3535 περί

1915 3549 2091 3601 αὐτῶν
2118 3548 2416 3602 ἐκινδύνευε
2451 3548 2559 3602 τῶν
2598 3551 2835 3619 ἐσχάτων
2855 3590 2869 3613 ,
2898 3549 2988 3603 καὶ
3018 3550 3163 3614 ἆπαξ
3192 3552 3337 3621 αὐτῷ
3378 3570 3569 3605 συντυ-

1915 3636 2025 3705 χὼν
2080 3637 2237 3705 μόνον
2296 3637 2431 3705 μετά
2462 3637 2653 3690 πολλοῦ
2701 3637 2793 3691 τοῦ
2822 3637 3004 3701 δέους,
3041 3638 3291 3709 ἠγάπησε
3322 3640 3382 3691 τὸ
3412 3640 3568 3709 δυνη-

1916 3722 2362 3791 θῆναιδιαφυγὼν
2390 3724 2549 3775 αὐτὸν
2587 3724 2680 3776 καὶ
2713 3724 2965 3794 σωθῆναι.
2994 3726 3059 3777 Τί
3088 3722 3177 3777 οὖν
3218 3726 3284 3778 ἂν
3322 3726 3567 3795 εἴποιμεν

1914 3810 2049 3878 πρὸς
2085 3808 2286 3872 ταῦτα;
2312 3810 2390 3861 ὅτι
2413 3809 2601 3878 ψεῦδος
2631 3810 2664 3879 ἡ
2698 3811 3030 3881 προφητείας
3066 3813 3307 3876 Ἄπαγε·
3342 3813 3453 3865 ἀλλ’
3485 3815 3567 3867 ὅτι

1914 3895 2148 3948 τοιοῦτον
2173 3896 2340 3964 αὐτῆς
2359 3894 2622 3964 πολλαχοῦ
2656 3896 2715 3948 τὸ
2752 3896 2887 3960 ἔθος,
2921 3896 2987 3949 τὰ
3017 3897 3100 3963 ἐφ’
3133 3897 3372 3966 ἐτέρωνκ
3404 3898 3567 3968 ἐκϐης

1916 3984 2115 4051 σόμενα
2168 3983 2365 4052 ἐτέρων
2425 3984 2793 4051 ὑποκειμένων
2848 3985 3155 4052 προσώπων
3207 3986 3402 4051 λέγειν,
3472 3988 3565 4039 καὶ

1914 4069 2312 4139 ἀποκεχρῆσθαι
2342 4070 2593 4139 ὀνόμασιν
2636 4070 2815 4132 ἄλλοις
2861 4070 2975 4122 ἀνθ’
3006 4071 3238 4139 ἐτέρων·
3274 4070 3302 4123 ὃ
3334 4074 3428 4124 καί¹
3472 4073 3564 4124 ἐπὶ

1911 4154 2005 4207 τοῦ
2037 4156 2247 4207 Χαναὰν
2280 4156 2515 4221 γέγονεν.
2548 4155 2679 4207 Οὐδὲ
2725 4155 2834 4225 γὰρ
2861 4158 3072 4225 δρῶμεν
3113 4160 3314 4210 ἐκεῖνον
3352 4158 3564 4212 δουλεύ-

1916 4258 2080 4294 σαντα
2107 4244 2216 4302 τοῖς
2242 4242 2503 4308 ἀδελφοῖς,
2521 4242 2581 4293 ού
2614 4242 2718 4311 μὴν
2745 4242 2863 4294 οὐδὲ
2884 4244 2979 4311 τὴν
3014 4243 3149 4313 ἀράν
3182 4244 3560 4310 διαπεσοῦσαν,

1914 4327 2025 4379 ἀλλ’
2061 4328 2150 4377 ἐπὶ
2176 4326 2282 4379 τῶν
2301 4326 2659 4379 Γαϐαιονιτῶν
2684 4326 2950 4382 λαϐοῦσαν
2981 4330 3041 4382 τὸ
3065 4331 3211 4393 τέλος
3234 4331 3339 4383 τῶν
3361 4333 3423 4384 ἐκ
3465 4331 3559 4385 τοῦ

1914 4412 2130 4465 Χαναὰν
2182 4412 2493 4479 γεγονότων.
2527 4415 2632 4467 Καὶ
2673 4415 2778 4484 γάρ
2806 4416 2864 4467 ἐν
2909 4416 3053 4481 τάξει
3082 4418 3220 4485 ἀρᾶς
3257 4419 3559 4488 προφητεία

1912 4498 1973 4549 τὸ
1996 4498 2280 4567 λεγόμενον
2302 4495 2391 4568 ἧν.

1984 4602 2098 4674 [20]
2138 4603 2203 4671 β’.
2242 4603 2517 4657 Τοσούτων
2553 4606 2726 4657 τοίνυν
2764 4606 2856 4658 καί
2886 4608 3134 4659 τοιούτων
3171 4609 3337 4659 ὅντων
3380 4624 3557 4680 παρα-

1910 4690 2216 4760 δειγμάτων
2257 4690 2364 4743 τῶν
2405 4690 2831 4744 ἀποδεικνύντων
2862 4694 2990 4760 ἡμῖν
3015 4732 3029 4754 ,
3088 4693 3167 4744 ὅτι
3229 4694 3397 4745 πολλά
3450 4696 3556 4749 τῶν

1911 4778 2209 4845 εἰρημένων
2259 4777 2469 4844 λέγεται
2531 4778 2627 4845 μὲν
2691 4779 2773 4845 ἐφ’
2831 4779 3047 4848 ἐτέρων,
3084 4779 3319 4832 ἐκϐαίνει
3369 4782 3424 4833 δὲ
3468 4784 3554 4834 ἐπ’

1909 4863 2100 4925 ἄλλων,
2161 4863 2251 4914 καὶ
2297 4864 2549 4931 ὀνόμασιν
2606 4863 3001 4933 άποκέχρηνται
3049 4866 3097 4917 οἱ
3148 4866 3450 4935 προφῆται,
3501 4869 3555 4921 τί

1909 4949 2213 5017 θαυμαστὸν
2245 4949 2291 4999 εἰ
2323 4949 2411 4999 καὶ
2464 4947 2554 5000 νῦν
2594 4948 2652 5001 τὸ
2690 4950 2783 5018 τῆς
2828 4948 3077 5012 Ἰουδαίας
3108 4952 3196 5003 καί
3229 4955 3323 5020 τῆς
3361 4954 3554 5021 Ἰερου-

1909 5036 2087 5103 σαλὴμ
2117 5036 2333 5103 προθεὶς
2353 5035 2518 5103 ὄνομα
2550 5038 2577 5088 6
2602 5038 2905 5105 προφήτης,
2945 5038 3069 5106 περὶ
3099 5040 3194 5106 τῆς
3234 5039 3555 5108 Ἐκκλησίας

1906 5124 2310 5190 προαναζωνεῖς
2346 5122 2452 5173 Καὶ
2484 5124 2590 5191 γὰρ
2623 5123 2803 5192 ἐπειδὴ
2838 5122 2969 5191 πρὸς
3004 5122 3316 5192 ἀγνώμονας
3346 5128 3373 5177 6
3400 5126 3553 5193 λόγος

1902 5203 1970 5277 ἦν
2006 5207 2169 5276 αὐτῷ,
2200 5209 2473 5277 πραρήτας
2507 5206 2875 5277 ἀναιροῦντας,
2899 5211 2963 5261 τά
2986 5208 3160 5277 βιϐλία
3191 5211 3456 5275 καίοντας,
3482 5212 3550 5264 τὰ

1906 5294 2260 5363 θυσιαστήρια
2313 5294 2788 5358 κατασκάπτοντας
2822 5334 2835 5359 ,
2904 5297 3122 5360 εἰκότως
3172 5298 3231 5350 τὸ
3292 5298 3548 5367 κάλυμμα

1904 5380 2079 5432 ἔκειτο
2116 5381 2207 5432 ἐπὶ
2248 5384 2314 5450 τῇ
2363 5381 2658 5447 ἀναγνώσει
2699 5383 2795 5451 τῆς
2826 5382 3057 5446 παλαιᾶς
3088 5384 3377 5455 Διαθήκης,
3409 5387 3547 5437 κατά

1903 5467 1993 5518 τὸν
2044 5468 2305 5537 μακάριον
2375 5468 2599 5521 Παῦλον.
2658 5465 2732 5521 Ἦ
2788 5471 2893 5539 γάρ
2942 5471 3006 5524 ἂν
3049 5474 3141 5523 καὶ
3176 5474 3440 5541 ἠφάνισαν
3483 5475 3547 5525 τά

1906 5553 2105 5622 βιϐλία,
2142 5556 2189 5605 εἰ
2247 5556 2483 5622 συνῆκαν
2534 5556 2629 5625 τῆς
2681 5559 3009 5626 προφητείας
3048 5560 3144 5629 τὴν
3186 5560 3413 5627 δύναμιν
3447 5561 3545 5628 τῆς

1906 5644 2031 5711 περί
2062 5642 2154 5693 τοῦ
2184 5643 2435 5712 Χριστοῦ.
2472 5645 2640 5697 Ὅπου
2668 5645 2773 5713 γάρ
2804 5645 3039 5715 παρόντα
3073 5647 3251 5709 αὑτὸν,
3302 5648 3393 5698 καί
3419 5646 3544 5697 θαυ-

1907 5728 2326 5798 ματουργοῦντα,
2360 5731 2448 5781 καὶ
2478 5731 2660 5800 ἐντελῆ
2690 5732 2785 5796 τῆς
2810 5733 3007 5794 οἰκείας
3035 5732 3309 5802 δυνάμεως
3333 5734 3423 5785 καί
3448 5733 3545 5802 τῆς

1970 5871 1983 5907 ί
2020 5871 2164 5917 Smil.
2193 5876 2237 5915 (ιί
2268 5872 2383 5932 Reg.
2411 5871 2487 5923 τὰς
2512 5874 2785 5931 mammia;
2806 5875 3159 5935 ἀναπληρώσας,
3182 5873 3321 5922 male.
3350 5873 3543 5923 navari—

1902 5948 1984 5979 ms
2009 5940 2060 5975 ul
2085 5936 2129 5975 in
2158 5938 2309 5977 lc-xlu.

1966 5997 1987 6030 li
2033 5994 2538 6053 ‘L'g‘ézigwadccatm
2562 5995 2690 6042 Suul
2739 6003 2786 6043 cl
2812 5996 2932 6056 Reg.
