  <div class='ocr_page' id='page_1' title='image "/cluster/home/n/w/nwhite01/storage/ocr_20150623/56/uva.x004697988/039.png"; bbox 0 0 4056 6512; ppageno 0'>
   <div class='ocr_carea' id='block_1_1' title="bbox 464 413 3858 499">
    <p class='ocr_par' dir='ltr' id='par_1_1' title="bbox 464 413 3858 499">
     <span class='ocr_line' id='line_1_1' title="bbox 464 413 3858 499; baseline 0.006 -31"><span class='ocrx_word' id='word_1_1' title='bbox 464 413 542 469; x_wconf 83' lang='lat'>29</span> <span class='ocrx_word' id='word_1_2' title='bbox 1223 417 1281 472; x_wconf 89' lang='lat' dir='ltr'>S.</span> <span class='ocrx_word' id='word_1_3' title='bbox 1321 417 1602 474; x_wconf 79' lang='lat' dir='ltr'>JOANNIS</span> <span class='ocrx_word' id='word_1_4' title='bbox 1633 417 2114 475; x_wconf 81' lang='lat' dir='ltr'>CIIRYSOSTOMI</span> <span class='ocrx_word' id='word_1_5' title='bbox 2151 417 2466 480; x_wconf 75' lang='lat' dir='ltr'>ARCHIEP.</span> <span class='ocrx_word' id='word_1_6' title='bbox 2506 426 3044 486; x_wconf 78' lang='lat' dir='ltr'>CONSTANTINOP.</span> <span class='ocrx_word' id='word_1_7' title='bbox 3784 443 3858 499; x_wconf 89' lang='lat'>30</span> 
     </span>
    </p>
   </div>
   <div class='ocr_carea' id='block_1_2' title="bbox 456 521 2101 598">
    <p class='ocr_par' dir='ltr' id='par_1_2' title="bbox 456 521 2101 598">
     <span class='ocr_line' id='line_1_2' title="bbox 456 521 2101 598; baseline -0.008 -8"><span class='ocrx_word' id='word_1_8' title='bbox 456 523 594 591; x_wconf 69' lang='grc' dir='ltr'>πρδς</span> <span class='ocrx_word' id='word_1_9' title='bbox 641 522 730 574; x_wconf 73' lang='grc' dir='ltr'>τὸν</span> <span class='ocrx_word' id='word_1_10' title='bbox 779 521 990 592; x_wconf 77' lang='grc' dir='ltr'>Πατέρα</span> <span class='ocrx_word' id='word_1_11' title='bbox 1030 525 1340 593; x_wconf 75' lang='grc' dir='ltr'>συμφωνίας</span> <span class='ocrx_word' id='word_1_12' title='bbox 1381 545 1438 580; x_wconf 89' lang='grc' dir='ltr'>τε</span> <span class='ocrx_word' id='word_1_13' title='bbox 1470 529 1563 580; x_wconf 81' lang='grc' dir='ltr'>καὶ</span> <span class='ocrx_word' id='word_1_14' title='bbox 1588 528 1836 598; x_wconf 81' lang='grc' dir='ltr'>ὁμονοίας</span> <span class='ocrx_word' id='word_1_15' title='bbox 1873 525 2101 596; x_wconf 85' lang='grc' dir='ltr'>παρεχό-</span> 
     </span>
    </p>
   </div>
   <div class='ocr_carea' id='block_1_3' title="bbox 459 605 2100 680">
    <p class='ocr_par' dir='ltr' id='par_1_3' title="bbox 459 605 2100 680">
     <span class='ocr_line' id='line_1_3' title="bbox 459 605 2100 680; baseline 0.002 -22"><span class='ocrx_word' id='word_1_16' title='bbox 459 623 617 678; x_wconf 86' lang='grc' dir='ltr'>μενον</span> <span class='ocrx_word' id='word_1_17' title='bbox 656 606 754 674; x_wconf 79' lang='grc' dir='ltr'>τὴν</span> <span class='ocrx_word' id='word_1_18' title='bbox 801 605 1066 670; x_wconf 83' lang='grc' dir='ltr'>ἀπόδειξιν</span> <span class='ocrx_word' id='word_1_19' title='bbox 1100 609 1195 661; x_wconf 83' lang='grc' dir='ltr'>οὐκ</span> <span class='ocrx_word' id='word_1_20' title='bbox 1244 611 1575 680; x_wconf 72' lang='grc' dir='ltr'>ᾐδέσθησαν,</span> <span class='ocrx_word' id='word_1_21' title='bbox 1623 612 1741 663; x_wconf 78' lang='grc' dir='ltr'>οὐδὲ</span> <span class='ocrx_word' id='word_1_22' title='bbox 1794 612 2100 679; x_wconf 88' lang='grc' dir='ltr'>ἀπέστησαν</span> 
     </span>
    </p>
   </div>
   <div class='ocr_carea' id='block_1_4' title="bbox 455 694 2096 769">
    <p class='ocr_par' dir='ltr' id='par_1_4' title="bbox 455 694 2096 769">
     <span class='ocr_line' id='line_1_4' title="bbox 455 694 2096 769; baseline 0.002 -24"><span class='ocrx_word' id='word_1_23' title='bbox 455 695 560 756; x_wconf 78' lang='grc' dir='ltr'>ἓως</span> <span class='ocrx_word' id='word_1_24' title='bbox 589 694 952 764; x_wconf 77' lang='grc' dir='ltr'>ἐσταύρωσαν.</span> <span class='ocrx_word' id='word_1_25' title='bbox 990 696 1148 766; x_wconf 79' lang='grc' dir='ltr'>σχολῇ</span> <span class='ocrx_word' id='word_1_26' title='bbox 1178 713 1239 764; x_wconf 93' lang='grc' dir='ltr'>γε</span> <span class='ocrx_word' id='word_1_27' title='bbox 1278 698 1343 749; x_wconf 82' lang='grc' dir='ltr'>ἂν</span> <span class='ocrx_word' id='word_1_28' title='bbox 1372 697 1477 750; x_wconf 88' lang='grc' dir='ltr'>τῶν</span> <span class='ocrx_word' id='word_1_29' title='bbox 1503 710 1530 738; x_wconf 77' lang='grc' dir='ltr'>ι</span> <span class='ocrx_word' id='word_1_30' title='bbox 1574 700 1698 769; x_wconf 80' lang='grc' dir='ltr'>περὶ</span> <span class='ocrx_word' id='word_1_31' title='bbox 1727 698 1888 752; x_wconf 83' lang='grc' dir='ltr'>αὑτοῦ</span> <span class='ocrx_word' id='word_1_32' title='bbox 1913 697 2096 764; x_wconf 78' lang='grc' dir='ltr'>λεγόν-</span> 
     </span>
    </p>
   </div>
   <div class='ocr_carea' id='block_1_5' title="bbox 455 779 2103 851">
    <p class='ocr_par' dir='ltr' id='par_1_5' title="bbox 455 779 2103 851">
     <span class='ocr_line' id='line_1_5' title="bbox 455 779 2103 851; baseline 0.003 -21"><span class='ocrx_word' id='word_1_33' title='bbox 455 797 563 831; x_wconf 92' lang='grc' dir='ltr'>των</span> <span class='ocrx_word' id='word_1_34' title='bbox 609 780 906 846; x_wconf 70' lang='grc' dir='ltr'>ἐφείσαντο,</span> <span class='ocrx_word' id='word_1_35' title='bbox 948 779 1039 843; x_wconf 80' lang='grc' dir='ltr'>οῦς</span> <span class='ocrx_word' id='word_1_36' title='bbox 1068 781 1160 835; x_wconf 76' lang='grc' dir='ltr'>καὶ</span> <span class='ocrx_word' id='word_1_37' title='bbox 1192 782 1356 851; x_wconf 75' lang='grc' dir='ltr'>χωρὶς</span> <span class='ocrx_word' id='word_1_38' title='bbox 1402 783 1584 836; x_wconf 83' lang='grc' dir='ltr'>τούτου</span> <span class='ocrx_word' id='word_1_39' title='bbox 1633 786 1915 837; x_wconf 88' lang='grc' dir='ltr'>κατέλευον</span> <span class='ocrx_word' id='word_1_40' title='bbox 1984 801 2103 836; x_wconf 83' lang='grc' dir='ltr'>συν-</span> 
     </span>
    </p>
   </div>
   <div class='ocr_carea' id='block_1_6' title="bbox 456 866 2100 940">
    <p class='ocr_par' dir='ltr' id='par_1_6' title="bbox 456 866 2100 940">
     <span class='ocr_line' id='line_1_6' title="bbox 456 866 2100 940; baseline 0.002 -23"><span class='ocrx_word' id='word_1_41' title='bbox 456 866 613 936; x_wconf 91' lang='grc' dir='ltr'>εχῶς.</span> <span class='ocrx_word' id='word_1_42' title='bbox 635 867 729 919; x_wconf 84' lang='grc' dir='ltr'>Διά</span> <span class='ocrx_word' id='word_1_43' title='bbox 757 866 910 919; x_wconf 91' lang='grc' dir='ltr'>τοῦτο</span> <span class='ocrx_word' id='word_1_44' title='bbox 930 871 1036 931; x_wconf 88' lang='grc' dir='ltr'>τοῖς</span> <span class='ocrx_word' id='word_1_45' title='bbox 1057 867 1272 929; x_wconf 78' lang='grc' dir='ltr'>οἰκείοις</span> <span class='ocrx_word' id='word_1_46' title='bbox 1301 869 1392 921; x_wconf 76' lang='grc' dir='ltr'>καὶ</span> <span class='ocrx_word' id='word_1_47' title='bbox 1417 870 1706 940; x_wconf 71' lang='grc' dir='ltr'>γνωρίμοις</span> <span class='ocrx_word' id='word_1_48' title='bbox 1735 869 1913 931; x_wconf 84' lang='grc' dir='ltr'>αὐτοῖς</span> <span class='ocrx_word' id='word_1_49' title='bbox 1942 872 2100 938; x_wconf 75' lang='grc' dir='ltr'>ἐμφι-</span> 
     </span>
    </p>
   </div>
   <div class='ocr_carea' id='block_1_7' title="bbox 455 950 2103 1023">
    <p class='ocr_par' dir='ltr' id='par_1_7' title="bbox 455 950 2103 1023">
     <span class='ocr_line' id='line_1_7' title="bbox 455 950 2103 1023; baseline 0.002 -21"><span class='ocrx_word' id='word_1_50' title='bbox 455 950 812 1021; x_wconf 88' lang='grc' dir='ltr'>λοχωροῦντες</span> <span class='ocrx_word' id='word_1_51' title='bbox 858 952 1098 1020; x_wconf 87' lang='grc' dir='ltr'>ὀνόμασι,</span> <span class='ocrx_word' id='word_1_52' title='bbox 1145 951 1242 1014; x_wconf 82' lang='grc' dir='ltr'>τὰς</span> <span class='ocrx_word' id='word_1_53' title='bbox 1277 954 1603 1023; x_wconf 81' lang='grc' dir='ltr'>προφητείας</span> <span class='ocrx_word' id='word_1_54' title='bbox 1657 952 1829 1022; x_wconf 85' lang='grc' dir='ltr'>τούτῳ</span> <span class='ocrx_word' id='word_1_55' title='bbox 1890 955 2103 1006; x_wconf 81' lang='grc' dir='ltr'>συσκιά-</span> 
     </span>
    </p>
   </div>
   <div class='ocr_carea' id='block_1_8' title="bbox 457 1035 2099 1109">
    <p class='ocr_par' dir='ltr' id='par_1_8' title="bbox 457 1035 2099 1109">
     <span class='ocr_line' id='line_1_8' title="bbox 457 1035 2099 1109; baseline 0.002 -21"><span class='ocrx_word' id='word_1_56' title='bbox 457 1035 608 1099; x_wconf 81' lang='grc' dir='ltr'>ζουσι</span> <span class='ocrx_word' id='word_1_57' title='bbox 636 1037 713 1107; x_wconf 82' lang='grc' dir='ltr'>τῷ</span> <span class='ocrx_word' id='word_1_58' title='bbox 737 1036 1026 1108; x_wconf 82' lang='grc' dir='ltr'>προσώπῳ.</span> <span class='ocrx_word' id='word_1_59' title='bbox 1052 1037 1172 1088; x_wconf 74' lang='grc' dir='ltr'>Ὀτι</span> <span class='ocrx_word' id='word_1_60' title='bbox 1202 1037 1307 1108; x_wconf 87' lang='grc' dir='ltr'>γὰρ</span> <span class='ocrx_word' id='word_1_61' title='bbox 1337 1039 1395 1090; x_wconf 90' lang='lat' dir='ltr'><em>o6</em></span> <span class='ocrx_word' id='word_1_62' title='bbox 1425 1038 1551 1109; x_wconf 78' lang='grc' dir='ltr'>περὶ</span> <span class='ocrx_word' id='word_1_63' title='bbox 1589 1038 1687 1106; x_wconf 80' lang='grc' dir='ltr'>τῆς</span> <span class='ocrx_word' id='word_1_64' title='bbox 1722 1037 1974 1103; x_wconf 78' lang='grc' dir='ltr'>Ἰουδαίας</span> <span class='ocrx_word' id='word_1_65' title='bbox 2007 1040 2099 1092; x_wconf 74' lang='grc' dir='ltr'>καὶ</span> 
     </span>
    </p>
   </div>
   <div class='ocr_carea' id='block_1_9' title="bbox 468 1121 2102 1194">
    <p class='ocr_par' dir='ltr' id='par_1_9' title="bbox 468 1121 2102 1194">
     <span class='ocr_line' id='line_1_9' title="bbox 468 1121 2102 1194; baseline 0.006 -21"><span class='ocrx_word' id='word_1_66' title='bbox 468 1121 818 1192; x_wconf 82' lang='grc' dir='ltr'>Ἰερουσαλὴμ</span> <span class='ocrx_word' id='word_1_67' title='bbox 861 1123 889 1174; x_wconf 99' lang='lat'>6</span> <span class='ocrx_word' id='word_1_68' title='bbox 929 1121 1113 1189; x_wconf 91' lang='grc' dir='ltr'>λόγος,</span> <span class='ocrx_word' id='word_1_69' title='bbox 1159 1123 1389 1194; x_wconf 70' lang='grc' dir='ltr'>ἑκάστην</span> <span class='ocrx_word' id='word_1_70' title='bbox 1440 1123 1770 1194; x_wconf 74' lang='grc' dir='ltr'>παράγοντες</span> <span class='ocrx_word' id='word_1_71' title='bbox 1818 1123 1958 1188; x_wconf 81' lang='grc' dir='ltr'>λέξιν</span> <span class='ocrx_word' id='word_1_72' title='bbox 2022 1127 2102 1183; x_wconf 84' lang='grc' dir='ltr'>εἰς</span> 
     </span>
    </p>
   </div>
   <div class='ocr_carea' id='block_1_10' title="bbox 461 1207 1780 1280">
    <p class='ocr_par' dir='ltr' id='par_1_10' title="bbox 461 1207 1780 1280">
     <span class='ocr_line' id='line_1_10' title="bbox 461 1207 1780 1280; baseline 0.003 -21"><span class='ocrx_word' id='word_1_73' title='bbox 461 1207 623 1274; x_wconf 80' lang='grc' dir='ltr'>μέσον</span> <span class='ocrx_word' id='word_1_74' title='bbox 655 1207 788 1276; x_wconf 88' lang='grc' dir='ltr'>μετά</span> <span class='ocrx_word' id='word_1_75' title='bbox 816 1207 1096 1277; x_wconf 88' lang='grc' dir='ltr'>ἀκριϐείας</span> <span class='ocrx_word' id='word_1_76' title='bbox 1126 1209 1376 1278; x_wconf 74' lang='grc' dir='ltr'>εἰσόμεθα</span> <span class='ocrx_word' id='word_1_77' title='bbox 1409 1211 1477 1263; x_wconf 87' lang='grc' dir='ltr'>τά</span> <span class='ocrx_word' id='word_1_78' title='bbox 1503 1210 1780 1280; x_wconf 88' lang='grc' dir='ltr'>εἰρημένα.</span> 
     </span>
    </p>
   </div>
   <div class='ocr_carea' id='block_1_11' title="bbox 529 1360 2098 1432">
    <p class='ocr_par' dir='ltr' id='par_1_11' title="bbox 529 1360 2098 1432">
     <span class='ocr_line' id='line_1_11' title="bbox 529 1360 2098 1432; baseline 0.003 -18"><span class='ocrx_word' id='word_1_79' title='bbox 529 1360 656 1414; x_wconf 81' lang='grc' dir='ltr'>Ὀτι</span> <span class='ocrx_word' id='word_1_80' title='bbox 706 1362 875 1417; x_wconf 81' lang='grc' dir='ltr'>ἔσται</span> <span class='ocrx_word' id='word_1_81' title='bbox 913 1363 982 1414; x_wconf 77' lang='grc' dir='ltr'>ἑν</span> <span class='ocrx_word' id='word_1_82' title='bbox 1011 1363 1136 1427; x_wconf 85' lang='grc' dir='ltr'>ταῖς</span> <span class='ocrx_word' id='word_1_83' title='bbox 1161 1363 1444 1430; x_wconf 84' lang='grc' dir='ltr'>ἐσχάταις</span> <span class='ocrx_word' id='word_1_84' title='bbox 1483 1363 1726 1431; x_wconf 77' lang='grc' dir='ltr'>ἡμέραις</span> <span class='ocrx_word' id='word_1_85' title='bbox 1747 1364 2005 1432; x_wconf 75' lang='grc' dir='ltr'>ἐμφανὲς</span> <span class='ocrx_word' id='word_1_86' title='bbox 2037 1367 2098 1418; x_wconf 86' lang='grc' dir='ltr'>τὸ</span> 
     </span>
    </p>
   </div>
   <div class='ocr_carea' id='block_1_12' title="bbox 460 1445 2099 1519">
    <p class='ocr_par' dir='ltr' id='par_1_12' title="bbox 460 1445 2099 1519">
     <span class='ocr_line' id='line_1_12' title="bbox 460 1445 2099 1519; baseline 0.002 -22"><span class='ocrx_word' id='word_1_87' title='bbox 460 1445 596 1512; x_wconf 80' lang='grc' dir='ltr'>ὄρος</span> <span class='ocrx_word' id='word_1_88' title='bbox 624 1448 858 1514; x_wconf 82' lang='grc' dir='ltr'>Κυρίου.</span> <span class='ocrx_word' id='word_1_89' title='bbox 887 1447 1026 1516; x_wconf 85' lang='grc' dir='ltr'>Ὅρα</span> <span class='ocrx_word' id='word_1_90' title='bbox 1045 1446 1322 1516; x_wconf 89' lang='grc' dir='ltr'>ἀκρίϐειαν</span> <span class='ocrx_word' id='word_1_91' title='bbox 1349 1449 1644 1515; x_wconf 75' lang='grc' dir='ltr'>προφήτου,</span> <span class='ocrx_word' id='word_1_92' title='bbox 1670 1448 1730 1500; x_wconf 85' lang='lat'>06</span> <span class='ocrx_word' id='word_1_93' title='bbox 1747 1448 1815 1500; x_wconf 87' lang='grc' dir='ltr'>τά</span> <span class='ocrx_word' id='word_1_94' title='bbox 1841 1451 2099 1519; x_wconf 85' lang='grc' dir='ltr'>πράγμα-</span> 
     </span>
    </p>
   </div>
   <div class='ocr_carea' id='block_1_13' title="bbox 458 1531 2097 1604">
    <p class='ocr_par' dir='ltr' id='par_1_13' title="bbox 458 1531 2097 1604">
     <span class='ocr_line' id='line_1_13' title="bbox 458 1531 2097 1604; baseline 0.004 -23"><span class='ocrx_word' id='word_1_95' title='bbox 458 1547 525 1582; x_wconf 84' lang='grc' dir='ltr'>τα</span> <span class='ocrx_word' id='word_1_96' title='bbox 568 1531 809 1599; x_wconf 86' lang='grc' dir='ltr'>λέγοντος</span> <span class='ocrx_word' id='word_1_97' title='bbox 853 1534 1028 1602; x_wconf 90' lang='grc' dir='ltr'>μόνον,</span> <span class='ocrx_word' id='word_1_98' title='bbox 1067 1533 1200 1585; x_wconf 89' lang='grc' dir='ltr'>ἀλλά</span> <span class='ocrx_word' id='word_1_99' title='bbox 1235 1534 1327 1585; x_wconf 79' lang='grc' dir='ltr'>καὶ</span> <span class='ocrx_word' id='word_1_100' title='bbox 1361 1532 1451 1584; x_wconf 80' lang='grc' dir='ltr'>τὸν</span> <span class='ocrx_word' id='word_1_101' title='bbox 1506 1533 1692 1604; x_wconf 90' lang='grc' dir='ltr'>χρόνον</span> <span class='ocrx_word' id='word_1_102' title='bbox 1747 1535 2097 1603; x_wconf 83' lang='grc' dir='ltr'>ἐπισημαινο-</span> 
     </span>
    </p>
   </div>
   <div class='ocr_carea' id='block_1_14' title="bbox 462 1615 2100 1687">
    <p class='ocr_par' dir='ltr' id='par_1_14' title="bbox 462 1615 2100 1687">
     <span class='ocr_line' id='line_1_14' title="bbox 462 1615 2100 1687; baseline 0.004 -20"><span class='ocrx_word' id='word_1_103' title='bbox 462 1615 641 1683; x_wconf 84' lang='grc' dir='ltr'>μένου.</span> <span class='ocrx_word' id='word_1_104' title='bbox 673 1617 846 1686; x_wconf 89' lang='grc' dir='ltr'>Ὅπερ</span> <span class='ocrx_word' id='word_1_105' title='bbox 876 1618 983 1686; x_wconf 86' lang='grc' dir='ltr'>γάρ</span> <span class='ocrx_word' id='word_1_106' title='bbox 1023 1633 1184 1687; x_wconf 87' lang='grc' dir='ltr'>φησιν</span> <span class='ocrx_word' id='word_1_107' title='bbox 1217 1619 1245 1670; x_wconf 94' lang='lat'>6</span> <span class='ocrx_word' id='word_1_108' title='bbox 1293 1616 1526 1681; x_wconf 79' lang='grc' dir='ltr'>Παῦλος,</span> <span class='ocrx_word' id='word_1_109' title='bbox 1560 1618 1696 1671; x_wconf 76' lang='grc' dir='ltr'>Ὅτε</span> <span class='ocrx_word' id='word_1_110' title='bbox 1727 1617 1794 1670; x_wconf 72' lang='grc' dir='ltr'>δὲ</span> <span class='ocrx_word' id='word_1_111' title='bbox 1840 1615 1986 1687; x_wconf 73' lang='grc' dir='ltr'>ἦλθε</span> <span class='ocrx_word' id='word_1_112' title='bbox 2033 1619 2100 1674; x_wconf 84' lang='grc' dir='ltr'>τὸ</span> 
     </span>
    </p>
   </div>
   <div class='ocr_carea' id='block_1_15' title="bbox 458 1699 2102 1772">
    <p class='ocr_par' dir='ltr' id='par_1_15' title="bbox 458 1699 2102 1772">
     <span class='ocr_line' id='line_1_15' title="bbox 458 1699 2102 1772; baseline 0.003 -20"><span class='ocrx_word' id='word_1_113' title='bbox 458 1699 743 1768; x_wconf 76' lang='grc' dir='ltr'>πλήρωμα</span> <span class='ocrx_word' id='word_1_114' title='bbox 789 1700 907 1754; x_wconf 83' lang='grc' dir='ltr'>τῶν</span> <span class='ocrx_word' id='word_1_115' title='bbox 937 1701 1172 1769; x_wconf 74' lang='grc' dir='ltr'>καιρῶν,</span> <span class='ocrx_word' id='word_1_116' title='bbox 1206 1702 1298 1756; x_wconf 75' lang='grc' dir='ltr'>καὶ</span> <span class='ocrx_word' id='word_1_117' title='bbox 1340 1703 1561 1772; x_wconf 75' lang='grc' dir='ltr'>ἑτέρωθι</span> <span class='ocrx_word' id='word_1_118' title='bbox 1605 1702 1785 1766; x_wconf 90' lang='grc' dir='ltr'>πάλιν,</span> <span class='ocrx_word' id='word_1_119' title='bbox 1828 1706 1928 1769; x_wconf 78' lang='grc' dir='ltr'>Εἰς</span> <span class='ocrx_word' id='word_1_120' title='bbox 1951 1705 2102 1757; x_wconf 84' lang='grc' dir='ltr'>οἰκο-</span> 
     </span>
    </p>
   </div>
   <div class='ocr_carea' id='block_1_16' title="bbox 458 1785 2100 1859">
    <p class='ocr_par' dir='ltr' id='par_1_16' title="bbox 458 1785 2100 1859">
     <span class='ocr_line' id='line_1_16' title="bbox 458 1785 2100 1859; baseline 0.004 -24"><span class='ocrx_word' id='word_1_121' title='bbox 458 1785 672 1852; x_wconf 78' lang='grc' dir='ltr'>νομίαν</span> <span class='ocrx_word' id='word_1_122' title='bbox 701 1785 804 1838; x_wconf 85' lang='grc' dir='ltr'>τοῦ</span> <span class='ocrx_word' id='word_1_123' title='bbox 849 1785 1233 1854; x_wconf 76' lang='grc' dir='ltr'>πληρώματος</span> <span class='ocrx_word' id='word_1_124' title='bbox 1291 1787 1408 1840; x_wconf 77' lang='grc' dir='ltr'>τῶν</span> <span class='ocrx_word' id='word_1_125' title='bbox 1449 1786 1684 1854; x_wconf 76' lang='grc' dir='ltr'>καιρῶν,</span> <span class='ocrx_word' id='word_1_126' title='bbox 1707 1787 1862 1841; x_wconf 86' lang='grc' dir='ltr'>τοῦτο</span> <span class='ocrx_word' id='word_1_127' title='bbox 1888 1789 1916 1841; x_wconf 92' lang='lat'>6</span> <span class='ocrx_word' id='word_1_128' title='bbox 1970 1805 2100 1859; x_wconf 89' lang='grc' dir='ltr'>προ-</span> 
     </span>
    </p>
   </div>
   <div class='ocr_carea' id='block_1_17' title="bbox 459 1869 2099 1945">
    <p class='ocr_par' dir='ltr' id='par_1_17' title="bbox 459 1869 2099 1945">
     <span class='ocr_line' id='line_1_17' title="bbox 459 1869 2099 1945; baseline 0.004 -25"><span class='ocrx_word' id='word_1_129' title='bbox 459 1869 636 1938; x_wconf 72' lang='grc' dir='ltr'>φήτης</span> <span class='ocrx_word' id='word_1_130' title='bbox 674 1873 856 1940; x_wconf 79' lang='grc' dir='ltr'>φησὶν,</span> <span class='ocrx_word' id='word_1_131' title='bbox 902 1873 1004 1925; x_wconf 79' lang='grc' dir='ltr'>Ἐν</span> <span class='ocrx_word' id='word_1_132' title='bbox 1045 1873 1171 1938; x_wconf 82' lang='grc' dir='ltr'>ταῖς</span> <span class='ocrx_word' id='word_1_133' title='bbox 1208 1871 1495 1940; x_wconf 77' lang='grc' dir='ltr'>ἐσχάταις</span> <span class='ocrx_word' id='word_1_134' title='bbox 1539 1874 1799 1941; x_wconf 69' lang='grc' dir='ltr'>ἡμέραις.</span> <span class='ocrx_word' id='word_1_135' title='bbox 1846 1875 2007 1945; x_wconf 86' lang='grc' dir='ltr'>Ὄρος</span> <span class='ocrx_word' id='word_1_136' title='bbox 2041 1875 2099 1928; x_wconf 76' lang='grc' dir='ltr'>δὲ</span> 
     </span>
    </p>
   </div>
   <div class='ocr_carea' id='block_1_18' title="bbox 457 1953 2099 2026">
    <p class='ocr_par' dir='ltr' id='par_1_18' title="bbox 457 1953 2099 2026">
     <span class='ocr_line' id='line_1_18' title="bbox 457 1953 2099 2026; baseline 0.005 -21"><span class='ocrx_word' id='word_1_137' title='bbox 457 1953 558 2022; x_wconf 82' lang='grc' dir='ltr'>τὴν</span> <span class='ocrx_word' id='word_1_138' title='bbox 603 1953 918 2023; x_wconf 81' lang='grc' dir='ltr'>Ἐκκλησίαν</span> <span class='ocrx_word' id='word_1_139' title='bbox 969 1956 1061 2008; x_wconf 86' lang='grc' dir='ltr'>καὶ</span> <span class='ocrx_word' id='word_1_140' title='bbox 1102 1956 1162 2008; x_wconf 79' lang='lat'>16</span> <span class='ocrx_word' id='word_1_141' title='bbox 1198 1955 1304 2008; x_wconf 88' lang='grc' dir='ltr'>τῶν</span> <span class='ocrx_word' id='word_1_142' title='bbox 1342 1955 1617 2026; x_wconf 83' lang='grc' dir='ltr'>δογμάτων</span> <span class='ocrx_word' id='word_1_143' title='bbox 1661 1957 2099 2026; x_wconf 86' lang='grc' dir='ltr'>ἀκαταγώνιστον</span> 
     </span>
    </p>
   </div>
   <div class='ocr_carea' id='block_1_19' title="bbox 459 2037 2099 2117">
    <p class='ocr_par' dir='ltr' id='par_1_19' title="bbox 459 2037 2099 2117">
     <span class='ocr_line' id='line_1_19' title="bbox 459 2037 2099 2117; baseline 0.005 -26"><span class='ocrx_word' id='word_1_144' title='bbox 459 2037 630 2092; x_wconf 81' lang='grc' dir='ltr'>καλεῖ.</span> <span class='ocrx_word' id='word_1_145' title='bbox 655 2039 917 2111; x_wconf 79' lang='grc' dir='ltr'>Καθάπερ</span> <span class='ocrx_word' id='word_1_146' title='bbox 939 2040 1043 2111; x_wconf 81' lang='grc' dir='ltr'>γὰρ</span> <span class='ocrx_word' id='word_1_147' title='bbox 1065 2041 1213 2108; x_wconf 76' lang='grc' dir='ltr'>ὄρεσι</span> <span class='ocrx_word' id='word_1_148' title='bbox 1258 2041 1361 2095; x_wconf 74' lang='grc' dir='ltr'>κᾶν</span> <span class='ocrx_word' id='word_1_149' title='bbox 1391 2043 1557 2114; x_wconf 84' lang='grc' dir='ltr'>μυρία</span> <span class='ocrx_word' id='word_1_150' title='bbox 1586 2044 1894 2117; x_wconf 73' lang='grc' dir='ltr'>προσϐάλλῃ</span> <span class='ocrx_word' id='word_1_151' title='bbox 1935 2062 2099 2116; x_wconf 86' lang='grc' dir='ltr'>στρα-</span> 
     </span>
    </p>
   </div>
   <div class='ocr_carea' id='block_1_20' title="bbox 457 2123 2098 2203">
    <p class='ocr_par' dir='ltr' id='par_1_20' title="bbox 457 2123 2098 2203">
     <span class='ocr_line' id='line_1_20' title="bbox 457 2123 2098 2203; baseline 0.005 -27"><span class='ocrx_word' id='word_1_152' title='bbox 457 2123 673 2189; x_wconf 84' lang='grc' dir='ltr'>τόπεδα,</span> <span class='ocrx_word' id='word_1_153' title='bbox 698 2125 825 2192; x_wconf 75' lang='grc' dir='ltr'>τίξα</span> <span class='ocrx_word' id='word_1_154' title='bbox 849 2126 1107 2191; x_wconf 80' lang='grc' dir='ltr'>τείνοντα,</span> <span class='ocrx_word' id='word_1_155' title='bbox 1141 2129 1233 2181; x_wconf 79' lang='grc' dir='ltr'>καὶ</span> <span class='ocrx_word' id='word_1_156' title='bbox 1250 2127 1444 2197; x_wconf 86' lang='grc' dir='ltr'>δόρατα</span> <span class='ocrx_word' id='word_1_157' title='bbox 1467 2129 1710 2198; x_wconf 80' lang='grc' dir='ltr'>ἀφιέντα,</span> <span class='ocrx_word' id='word_1_158' title='bbox 1737 2131 2098 2203; x_wconf 85' lang='grc' dir='ltr'>μηχανήματα</span> 
     </span>
    </p>
   </div>
   <div class='ocr_carea' id='block_1_21' title="bbox 461 2213 2096 2288">
    <p class='ocr_par' dir='ltr' id='par_1_21' title="bbox 461 2213 2096 2288">
     <span class='ocr_line' id='line_1_21' title="bbox 461 2213 2096 2288; baseline 0.004 -23"><span class='ocrx_word' id='word_1_159' title='bbox 461 2213 820 2281; x_wconf 83' lang='grc' dir='ltr'>προσάγοντα,</span> <span class='ocrx_word' id='word_1_160' title='bbox 863 2215 1042 2266; x_wconf 79' lang='grc' dir='ltr'>ἐκεῖνα</span> <span class='ocrx_word' id='word_1_161' title='bbox 1072 2215 1169 2283; x_wconf 83' lang='grc' dir='ltr'>μὲν</span> <span class='ocrx_word' id='word_1_162' title='bbox 1211 2215 1330 2268; x_wconf 77' lang='grc' dir='ltr'>οὐδὲ</span> <span class='ocrx_word' id='word_1_163' title='bbox 1381 2217 1726 2287; x_wconf 77' lang='grc' dir='ltr'>παραϐλάψαι</span> <span class='ocrx_word' id='word_1_164' title='bbox 1761 2218 2096 2288; x_wconf 81' lang='grc' dir='ltr'>δυνήσονται,</span> 
     </span>
    </p>
   </div>
   <div class='ocr_carea' id='block_1_22' title="bbox 458 2300 2098 2375">
    <p class='ocr_par' dir='ltr' id='par_1_22' title="bbox 458 2300 2098 2375">
     <span class='ocr_line' id='line_1_22' title="bbox 458 2300 2098 2375; baseline 0.003 -22"><span class='ocrx_word' id='word_1_165' title='bbox 458 2300 555 2369; x_wconf 71' lang='grc' dir='ltr'>τὴν</span> <span class='ocrx_word' id='word_1_166' title='bbox 581 2301 637 2354; x_wconf 70' lang='grc' dir='ltr'>δέ</span> <span class='ocrx_word' id='word_1_167' title='bbox 663 2303 862 2355; x_wconf 77' lang='grc' dir='ltr'>οἰκείαν</span> <span class='ocrx_word' id='word_1_168' title='bbox 887 2303 1302 2357; x_wconf 73' lang='grc' dir='ltr'>καταλύσανταδ</span> <span class='ocrx_word' id='word_1_169' title='bbox 1329 2306 1477 2375; x_wconf 77' lang='grc' dir='ltr'>ἰσχὺν</span> <span class='ocrx_word' id='word_1_170' title='bbox 1509 2305 1891 2361; x_wconf 77' lang='grc' dir='ltr'>ἀπελεύσονται</span> <span class='ocrx_word' id='word_1_171' title='bbox 1910 2323 1925 2338; x_wconf 73' lang='grc' dir='ltr'><strong>ο</strong></span> <span class='ocrx_word' id='word_1_172' title='bbox 1957 2305 2098 2358; x_wconf 89' lang='grc' dir='ltr'>οῦτω</span> 
     </span>
    </p>
   </div>
   <div class='ocr_carea' id='block_1_23' title="bbox 457 2383 2097 2462">
    <p class='ocr_par' dir='ltr' id='par_1_23' title="bbox 457 2383 2097 2462">
     <span class='ocr_line' id='line_1_23' title="bbox 457 2383 2097 2462; baseline 0.005 -25"><span class='ocrx_word' id='word_1_173' title='bbox 457 2383 523 2453; x_wconf 79' lang='grc' dir='ltr'>δὴ</span> <span class='ocrx_word' id='word_1_174' title='bbox 552 2388 643 2438; x_wconf 80' lang='grc' dir='ltr'>καὶ</span> <span class='ocrx_word' id='word_1_175' title='bbox 669 2390 716 2439; x_wconf 85' lang='grc' dir='ltr'>οἱ</span> <span class='ocrx_word' id='word_1_176' title='bbox 748 2391 812 2457; x_wconf 75' lang='grc' dir='ltr'>τῇ</span> <span class='ocrx_word' id='word_1_177' title='bbox 855 2388 1141 2459; x_wconf 77' lang='grc' dir='ltr'>Ἐκκλησία</span> <span class='ocrx_word' id='word_1_178' title='bbox 1173 2390 1569 2460; x_wconf 75' lang='grc' dir='ltr'>πολεμήσαντες</span> <span class='ocrx_word' id='word_1_179' title='bbox 1600 2394 1862 2457; x_wconf 82' lang='grc' dir='ltr'>ἀπαντες,</span> <span class='ocrx_word' id='word_1_180' title='bbox 1898 2392 2097 2462; x_wconf 88' lang='grc' dir='ltr'>ταύτην</span> 
     </span>
    </p>
   </div>
   <div class='ocr_carea' id='block_1_24' title="bbox 462 2468 2098 2546">
    <p class='ocr_par' dir='ltr' id='par_1_24' title="bbox 462 2468 2098 2546">
     <span class='ocr_line' id='line_1_24' title="bbox 462 2468 2098 2546; baseline 0.004 -24"><span class='ocrx_word' id='word_1_181' title='bbox 462 2468 562 2538; x_wconf 70' lang='grc' dir='ltr'>μὶν</span> <span class='ocrx_word' id='word_1_182' title='bbox 599 2473 697 2524; x_wconf 86' lang='grc' dir='ltr'>οὐκ</span> <span class='ocrx_word' id='word_1_183' title='bbox 749 2472 977 2531; x_wconf 78' lang='grc' dir='ltr'>ἔσεισαν,</span> <span class='ocrx_word' id='word_1_184' title='bbox 1021 2475 1118 2543; x_wconf 75' lang='grc' dir='ltr'>τὴν</span> <span class='ocrx_word' id='word_1_185' title='bbox 1148 2474 1204 2526; x_wconf 76' lang='grc' dir='ltr'>δὲ</span> <span class='ocrx_word' id='word_1_186' title='bbox 1224 2475 1429 2527; x_wconf 77' lang='grc' dir='ltr'>οἰκείαν</span> <span class='ocrx_word' id='word_1_187' title='bbox 1480 2475 1833 2539; x_wconf 85' lang='grc' dir='ltr'>ἀπολέσαντες</span> <span class='ocrx_word' id='word_1_188' title='bbox 1874 2476 2098 2546; x_wconf 85' lang='grc' dir='ltr'>δύναμιν</span> 
     </span>
    </p>
   </div>
   <div class='ocr_carea' id='block_1_25' title="bbox 459 2556 2099 2631">
    <p class='ocr_par' dir='ltr' id='par_1_25' title="bbox 459 2556 2099 2631">
     <span class='ocr_line' id='line_1_25' title="bbox 459 2556 2099 2631; baseline 0.005 -25"><span class='ocrx_word' id='word_1_189' title='bbox 459 2556 921 2628; x_wconf 77' lang='grc' dir='ltr'>κατῃσχύνθησαν,</span> <span class='ocrx_word' id='word_1_190' title='bbox 962 2560 1017 2612; x_wconf 82' lang='grc' dir='ltr'>ἐν</span> <span class='ocrx_word' id='word_1_191' title='bbox 1073 2558 1148 2628; x_wconf 84' lang='grc' dir='ltr'>τῷ</span> <span class='ocrx_word' id='word_1_192' title='bbox 1191 2560 1370 2612; x_wconf 86' lang='grc' dir='ltr'>παίειν</span> <span class='ocrx_word' id='word_1_193' title='bbox 1395 2559 1747 2629; x_wconf 81' lang='grc' dir='ltr'>διαλυόμενοι,</span> <span class='ocrx_word' id='word_1_194' title='bbox 1790 2561 1882 2613; x_wconf 83' lang='grc' dir='ltr'>καὶ</span> <span class='ocrx_word' id='word_1_195' title='bbox 1917 2562 1974 2614; x_wconf 80' lang='grc' dir='ltr'>ἐν</span> <span class='ocrx_word' id='word_1_196' title='bbox 2021 2560 2099 2631; x_wconf 81' lang='grc' dir='ltr'>τῷ</span> 
     </span>
    </p>
   </div>
   <div class='ocr_carea' id='block_1_26' title="bbox 462 2640 2098 2717">
    <p class='ocr_par' dir='ltr' id='par_1_26' title="bbox 462 2640 2098 2717">
     <span class='ocr_line' id='line_1_26' title="bbox 462 2640 2098 2717; baseline 0.006 -26"><span class='ocrx_word' id='word_1_197' title='bbox 462 2640 672 2709; x_wconf 78' lang='grc' dir='ltr'>βάλλειν</span> <span class='ocrx_word' id='word_1_198' title='bbox 702 2643 1062 2709; x_wconf 79' lang='grc' dir='ltr'>ἀσθενοῦντες,</span> <span class='ocrx_word' id='word_1_199' title='bbox 1086 2645 1178 2697; x_wconf 80' lang='grc' dir='ltr'>καὶ</span> <span class='ocrx_word' id='word_1_200' title='bbox 1201 2647 1256 2697; x_wconf 79' lang='grc' dir='ltr'>ἐν</span> <span class='ocrx_word' id='word_1_201' title='bbox 1283 2645 1359 2715; x_wconf 82' lang='grc' dir='ltr'>τῷ</span> <span class='ocrx_word' id='word_1_202' title='bbox 1399 2648 1566 2698; x_wconf 83' lang='grc' dir='ltr'>ποιεῖν</span> <span class='ocrx_word' id='word_1_203' title='bbox 1594 2645 1699 2699; x_wconf 84' lang='lat'><em>61:6</em></span> <span class='ocrx_word' id='word_1_204' title='bbox 1731 2647 1842 2700; x_wconf 90' lang='grc' dir='ltr'>τῶν</span> <span class='ocrx_word' id='word_1_205' title='bbox 1868 2647 2098 2717; x_wconf 86' lang='grc' dir='ltr'>πασχόν-</span> 
     </span>
    </p>
   </div>
   <div class='ocr_carea' id='block_1_27' title="bbox 457 2727 2093 2803">
    <p class='ocr_par' dir='ltr' id='par_1_27' title="bbox 457 2727 2093 2803">
     <span class='ocr_line' id='line_1_27' title="bbox 457 2727 2093 2803; baseline 0.005 -25"><span class='ocrx_word' id='word_1_206' title='bbox 457 2742 566 2779; x_wconf 84' lang='grc' dir='ltr'>των</span> <span class='ocrx_word' id='word_1_207' title='bbox 592 2727 901 2798; x_wconf 65' lang='grc' dir='ltr'>νικώμενον</span> <span class='ocrx_word' id='word_1_208' title='bbox 929 2731 1062 2801; x_wconf 81' lang='grc' dir='ltr'>ὅπερ</span> <span class='ocrx_word' id='word_1_209' title='bbox 1100 2733 1192 2784; x_wconf 74' lang='grc' dir='ltr'>καὶ</span> <span class='ocrx_word' id='word_1_210' title='bbox 1223 2731 1516 2802; x_wconf 82' lang='grc' dir='ltr'>παράδοξος</span> <span class='ocrx_word' id='word_1_211' title='bbox 1541 2733 1694 2803; x_wconf 84' lang='grc' dir='ltr'>νίκης</span> <span class='ocrx_word' id='word_1_212' title='bbox 1733 2734 1928 2803; x_wconf 89' lang='grc' dir='ltr'>τρόπος</span> <span class='ocrx_word' id='word_1_213' title='bbox 1960 2735 2093 2798; x_wconf 75' lang='grc' dir='ltr'>ἐστὶ,</span> 
     </span>
    </p>
   </div>
   <div class='ocr_carea' id='block_1_28' title="bbox 460 2812 2096 2890">
    <p class='ocr_par' dir='ltr' id='par_1_28' title="bbox 460 2812 2096 2890">
     <span class='ocr_line' id='line_1_28' title="bbox 460 2812 2096 2890; baseline 0.005 -26"><span class='ocrx_word' id='word_1_214' title='bbox 460 2812 554 2864; x_wconf 73' lang='grc' dir='ltr'>καὶ</span> <span class='ocrx_word' id='word_1_215' title='bbox 581 2814 677 2865; x_wconf 83' lang='grc' dir='ltr'>οὐκ</span> <span class='ocrx_word' id='word_1_216' title='bbox 728 2815 1045 2884; x_wconf 85' lang='grc' dir='ltr'>ἀνθρώποις,</span> <span class='ocrx_word' id='word_1_217' title='bbox 1078 2817 1210 2870; x_wconf 87' lang='grc' dir='ltr'>ἀλλά</span> <span class='ocrx_word' id='word_1_218' title='bbox 1240 2817 1355 2887; x_wconf 84' lang='grc' dir='ltr'>Θεῷ</span> <span class='ocrx_word' id='word_1_219' title='bbox 1406 2819 1560 2886; x_wconf 89' lang='grc' dir='ltr'>μόνον</span> <span class='ocrx_word' id='word_1_220' title='bbox 1586 2817 1823 2881; x_wconf 82' lang='grc' dir='ltr'>δυνατός.</span> <span class='ocrx_word' id='word_1_221' title='bbox 1878 2819 1950 2872; x_wconf 86' lang='lat' dir='ltr'><em>T6</em></span> <span class='ocrx_word' id='word_1_222' title='bbox 1985 2819 2096 2890; x_wconf 82' lang='grc' dir='ltr'>γὰρ</span> 
     </span>
    </p>
   </div>
   <div class='ocr_carea' id='block_1_29' title="bbox 460 2893 2096 2970">
    <p class='ocr_par' dir='ltr' id='par_1_29' title="bbox 460 2893 2096 2970">
     <span class='ocr_line' id='line_1_29' title="bbox 460 2893 2096 2970; baseline 0.005 -24"><span class='ocrx_word' id='word_1_223' title='bbox 460 2893 770 2964; x_wconf 84' lang='grc' dir='ltr'>θαυμαστὸν</span> <span class='ocrx_word' id='word_1_224' title='bbox 812 2899 905 2966; x_wconf 82' lang='grc' dir='ltr'>τῆς</span> <span class='ocrx_word' id='word_1_225' title='bbox 947 2900 1292 2970; x_wconf 83' lang='grc' dir='ltr'>Ἐκκλησίας,</span> <span class='ocrx_word' id='word_1_226' title='bbox 1318 2901 1413 2970; x_wconf 86' lang='grc' dir='ltr'>ούχ</span> <span class='ocrx_word' id='word_1_227' title='bbox 1443 2901 1524 2952; x_wconf 80' lang='grc' dir='ltr'>ὅτι</span> <span class='ocrx_word' id='word_1_228' title='bbox 1568 2901 1833 2970; x_wconf 74' lang='grc' dir='ltr'>ἐνίκησεν,</span> <span class='ocrx_word' id='word_1_229' title='bbox 1865 2901 1976 2954; x_wconf 87' lang='grc' dir='ltr'>ἀλλ’</span> <span class='ocrx_word' id='word_1_230' title='bbox 2013 2903 2096 2954; x_wconf 85' lang='grc' dir='ltr'>ὅτι</span> 
     </span>
    </p>
   </div>
   <div class='ocr_carea' id='block_1_30' title="bbox 459 2982 2099 3057">
    <p class='ocr_par' dir='ltr' id='par_1_30' title="bbox 459 2982 2099 3057">
     <span class='ocr_line' id='line_1_30' title="bbox 459 2982 2099 3057; baseline 0.004 -24"><span class='ocrx_word' id='word_1_231' title='bbox 459 2982 555 3033; x_wconf 77' lang='grc' dir='ltr'>καί</span> <span class='ocrx_word' id='word_1_232' title='bbox 578 2982 746 3045; x_wconf 79' lang='grc' dir='ltr'>οὕτως</span> <span class='ocrx_word' id='word_1_233' title='bbox 772 2985 1034 3054; x_wconf 77' lang='grc' dir='ltr'>ἐνίκησεν.</span> <span class='ocrx_word' id='word_1_234' title='bbox 1079 2985 1432 3055; x_wconf 82' lang='grc' dir='ltr'>Ἐλαυνομένη</span> <span class='ocrx_word' id='word_1_235' title='bbox 1458 2987 1594 3055; x_wconf 83' lang='grc' dir='ltr'>γάρ,</span> <span class='ocrx_word' id='word_1_236' title='bbox 1635 2986 1967 3057; x_wconf 84' lang='grc' dir='ltr'>διωκομένη.</span> <span class='ocrx_word' id='word_1_237' title='bbox 2000 3005 2099 3056; x_wconf 68' lang='grc' dir='ltr'>μυε-</span> 
     </span>
    </p>
   </div>
   <div class='ocr_carea' id='block_1_31' title="bbox 461 3067 2097 3142">
    <p class='ocr_par' dir='ltr' id='par_1_31' title="bbox 461 3067 2097 3142">
     <span class='ocr_line' id='line_1_31' title="bbox 461 3067 2097 3142; baseline 0.006 -24"><span class='ocrx_word' id='word_1_238' title='bbox 461 3067 595 3138; x_wconf 88' lang='grc' dir='ltr'>ρίοις</span> <span class='ocrx_word' id='word_1_239' title='bbox 618 3072 1056 3140; x_wconf 84' lang='grc' dir='ltr'>κατακοπτομένη</span> <span class='ocrx_word' id='word_1_240' title='bbox 1082 3072 1318 3142; x_wconf 89' lang='grc' dir='ltr'>τρόποις,</span> <span class='ocrx_word' id='word_1_241' title='bbox 1336 3074 1395 3124; x_wconf 86' lang='lat'>06</span> <span class='ocrx_word' id='word_1_242' title='bbox 1422 3074 1578 3142; x_wconf 89' lang='grc' dir='ltr'>μόνον</span> <span class='ocrx_word' id='word_1_243' title='bbox 1604 3074 1703 3125; x_wconf 81' lang='grc' dir='ltr'>οὐκ</span> <span class='ocrx_word' id='word_1_244' title='bbox 1727 3073 2097 3142; x_wconf 80' lang='grc' dir='ltr'>ὴλαττονοῦτο,</span> 
     </span>
    </p>
   </div>
   <div class='ocr_carea' id='block_1_32' title="bbox 458 3152 2102 3224">
    <p class='ocr_par' dir='ltr' id='par_1_32' title="bbox 458 3152 2102 3224">
     <span class='ocr_line' id='line_1_32' title="bbox 458 3152 2102 3224; baseline 0.002 -18"><span class='ocrx_word' id='word_1_245' title='bbox 458 3152 592 3206; x_wconf 83' lang='grc' dir='ltr'>ἀλλὰ</span> <span class='ocrx_word' id='word_1_246' title='bbox 635 3156 728 3206; x_wconf 69' lang='grc' dir='ltr'>καὶ</span> <span class='ocrx_word' id='word_1_247' title='bbox 775 3154 971 3224; x_wconf 76' lang='grc' dir='ltr'>μείζων</span> <span class='ocrx_word' id='word_1_248' title='bbox 1022 3156 1247 3222; x_wconf 86' lang='grc' dir='ltr'>ἐγίνετο,</span> <span class='ocrx_word' id='word_1_249' title='bbox 1279 3156 1368 3207; x_wconf 78' lang='grc' dir='ltr'>καὶ</span> <span class='ocrx_word' id='word_1_250' title='bbox 1410 3157 1535 3216; x_wconf 76' lang='grc' dir='ltr'>τοὺς</span> <span class='ocrx_word' id='word_1_251' title='bbox 1574 3158 1746 3209; x_wconf 84' lang='grc' dir='ltr'>ταῦτα</span> <span class='ocrx_word' id='word_1_252' title='bbox 1783 3160 1950 3210; x_wconf 83' lang='grc' dir='ltr'>ποιεῖν</span> <span class='ocrx_word' id='word_1_253' title='bbox 1982 3159 2102 3209; x_wconf 83' lang='grc' dir='ltr'>ἐπι-</span> 
     </span>
    </p>
   </div>
   <div class='ocr_carea' id='block_1_33' title="bbox 460 3239 2099 3312">
    <p class='ocr_par' dir='ltr' id='par_1_33' title="bbox 460 3239 2099 3312">
     <span class='ocr_line' id='line_1_33' title="bbox 460 3239 2099 3312; baseline 0.001 -21"><span class='ocrx_word' id='word_1_254' title='bbox 460 3239 772 3310; x_wconf 81' lang='grc' dir='ltr'>χειροῦντας</span> <span class='ocrx_word' id='word_1_255' title='bbox 835 3240 962 3292; x_wconf 66' lang='grc' dir='ltr'>αὐτὸ</span> <span class='ocrx_word' id='word_1_256' title='bbox 1015 3240 1076 3292; x_wconf 83' lang='lat'>16</span> <span class='ocrx_word' id='word_1_257' title='bbox 1123 3241 1347 3310; x_wconf 77' lang='grc' dir='ltr'>πάσχειν</span> <span class='ocrx_word' id='word_1_258' title='bbox 1409 3241 1564 3310; x_wconf 84' lang='grc' dir='ltr'>μόνον</span> <span class='ocrx_word' id='word_1_259' title='bbox 1605 3243 1890 3295; x_wconf 80' lang='grc' dir='ltr'>κατέλυενο</span> <span class='ocrx_word' id='word_1_260' title='bbox 1963 3244 2099 3312; x_wconf 82' lang='grc' dir='ltr'>ὅπερ</span> 
     </span>
    </p>
   </div>
   <div class='ocr_carea' id='block_1_34' title="bbox 456 3325 2099 3398">
    <p class='ocr_par' dir='ltr' id='par_1_34' title="bbox 456 3325 2099 3398">
     <span class='ocr_line' id='line_1_34' title="bbox 456 3325 2099 3398; baseline 0.002 -21"><span class='ocrx_word' id='word_1_261' title='bbox 456 3325 666 3393; x_wconf 74' lang='grc' dir='ltr'>ἀδάμας</span> <span class='ocrx_word' id='word_1_262' title='bbox 695 3328 834 3377; x_wconf 79' lang='grc' dir='ltr'>ποιεῖ</span> <span class='ocrx_word' id='word_1_263' title='bbox 861 3327 986 3395; x_wconf 83' lang='grc' dir='ltr'>περί</span> <span class='ocrx_word' id='word_1_264' title='bbox 1015 3327 1104 3379; x_wconf 84' lang='grc' dir='ltr'>τὸν</span> <span class='ocrx_word' id='word_1_265' title='bbox 1138 3327 1370 3396; x_wconf 84' lang='grc' dir='ltr'>σίδηρον,</span> <span class='ocrx_word' id='word_1_266' title='bbox 1412 3327 1488 3396; x_wconf 83' lang='grc' dir='ltr'>τῷ</span> <span class='ocrx_word' id='word_1_267' title='bbox 1524 3327 1776 3380; x_wconf 89' lang='grc' dir='ltr'>παίεσθαι</span> <span class='ocrx_word' id='word_1_268' title='bbox 1801 3328 1957 3398; x_wconf 88' lang='grc' dir='ltr'>μόνον</span> <span class='ocrx_word' id='word_1_269' title='bbox 1985 3329 2099 3382; x_wconf 84' lang='grc' dir='ltr'>δια-</span> 
     </span>
    </p>
   </div>
   <div class='ocr_carea' id='block_1_35' title="bbox 457 3405 2099 3479">
    <p class='ocr_par' dir='ltr' id='par_1_35' title="bbox 457 3405 2099 3479">
     <span class='ocr_line' id='line_1_35' title="bbox 457 3405 2099 3479; baseline 0.002 -23"><span class='ocrx_word' id='word_1_270' title='bbox 457 3405 596 3458; x_wconf 85' lang='grc' dir='ltr'>λύων</span> <span class='ocrx_word' id='word_1_271' title='bbox 644 3407 736 3459; x_wconf 88' lang='grc' dir='ltr'>τοῦ</span> <span class='ocrx_word' id='word_1_272' title='bbox 791 3408 1038 3470; x_wconf 78' lang='grc' dir='ltr'>παίοντος</span> <span class='ocrx_word' id='word_1_273' title='bbox 1086 3408 1182 3478; x_wconf 81' lang='grc' dir='ltr'>τήν</span> <span class='ocrx_word' id='word_1_274' title='bbox 1223 3408 1398 3477; x_wconf 87' lang='grc' dir='ltr'>ἰσχύν·</span> <span class='ocrx_word' id='word_1_275' title='bbox 1444 3409 1536 3461; x_wconf 81' lang='grc' dir='ltr'>καὶ</span> <span class='ocrx_word' id='word_1_276' title='bbox 1578 3409 1774 3479; x_wconf 80' lang='grc' dir='ltr'>κέντρα</span> <span class='ocrx_word' id='word_1_277' title='bbox 1814 3409 1949 3479; x_wconf 81' lang='grc' dir='ltr'>πρὸς</span> <span class='ocrx_word' id='word_1_278' title='bbox 1975 3409 2099 3470; x_wconf 84' lang='grc' dir='ltr'>τοὺς</span> 
     </span>
    </p>
   </div>
   <div class='ocr_carea' id='block_1_36' title="bbox 456 3493 2095 3564">
    <p class='ocr_par' dir='ltr' id='par_1_36' title="bbox 456 3493 2095 3564">
     <span class='ocr_line' id='line_1_36' title="bbox 456 3493 2095 3564; baseline 0.002 -20"><span class='ocrx_word' id='word_1_279' title='bbox 456 3493 821 3556; x_wconf 72' lang='grc' dir='ltr'>λακτίζοντας,</span> <span class='ocrx_word' id='word_1_280' title='bbox 873 3494 1011 3546; x_wconf 86' lang='grc' dir='ltr'>αύτά</span> <span class='ocrx_word' id='word_1_281' title='bbox 1044 3495 1139 3563; x_wconf 81' lang='grc' dir='ltr'>μὲν</span> <span class='ocrx_word' id='word_1_282' title='bbox 1169 3494 1318 3545; x_wconf 73' lang='grc' dir='ltr'>οὐδὲν</span> <span class='ocrx_word' id='word_1_283' title='bbox 1347 3493 1654 3564; x_wconf 85' lang='grc' dir='ltr'>ἀμϐλύτερα</span> <span class='ocrx_word' id='word_1_284' title='bbox 1687 3494 1928 3548; x_wconf 81' lang='grc' dir='ltr'>ἐντεῦθεν</span> <span class='ocrx_word' id='word_1_285' title='bbox 1949 3496 2095 3564; x_wconf 83' lang='grc' dir='ltr'>γινό-</span> 
     </span>
    </p>
   </div>
   <div class='ocr_carea' id='block_1_37' title="bbox 458 3580 2094 3652">
    <p class='ocr_par' dir='ltr' id='par_1_37' title="bbox 458 3580 2094 3652">
     <span class='ocr_line' id='line_1_37' title="bbox 458 3580 2094 3652; baseline 0.001 -21"><span class='ocrx_word' id='word_1_286' title='bbox 458 3597 613 3647; x_wconf 85' lang='grc' dir='ltr'>μενα,</span> <span class='ocrx_word' id='word_1_287' title='bbox 659 3582 781 3643; x_wconf 80' lang='grc' dir='ltr'>τοὺς</span> <span class='ocrx_word' id='word_1_288' title='bbox 828 3580 885 3633; x_wconf 83' lang='grc' dir='ltr'>δὲ</span> <span class='ocrx_word' id='word_1_289' title='bbox 938 3581 1279 3644; x_wconf 81' lang='grc' dir='ltr'>λακτίζοντας</span> <span class='ocrx_word' id='word_1_290' title='bbox 1332 3580 1663 3649; x_wconf 88' lang='grc' dir='ltr'>αἰμάσσοντα</span> <span class='ocrx_word' id='word_1_291' title='bbox 1697 3581 1880 3639; x_wconf 87' lang='grc' dir='ltr'>πόδας.</span> <span class='ocrx_word' id='word_1_292' title='bbox 1905 3581 2002 3634; x_wconf 89' lang='grc' dir='ltr'>Διά</span> <span class='ocrx_word' id='word_1_293' title='bbox 2032 3582 2094 3652; x_wconf 82' lang='grc' dir='ltr'>δὴ</span> 
     </span>
    </p>
   </div>
   <div class='ocr_carea' id='block_1_38' title="bbox 454 3668 2097 3740">
    <p class='ocr_par' dir='ltr' id='par_1_38' title="bbox 454 3668 2097 3740">
     <span class='ocr_line' id='line_1_38' title="bbox 454 3668 2097 3740; baseline -0.001 -19"><span class='ocrx_word' id='word_1_294' title='bbox 454 3669 610 3722; x_wconf 88' lang='grc' dir='ltr'>τοῦτο</span> <span class='ocrx_word' id='word_1_295' title='bbox 647 3669 769 3740; x_wconf 79' lang='grc' dir='ltr'>ὅρος</span> <span class='ocrx_word' id='word_1_296' title='bbox 792 3669 1062 3722; x_wconf 72' lang='grc' dir='ltr'>ἐκάλεσεν.</span> <span class='ocrx_word' id='word_1_297' title='bbox 1101 3670 1160 3719; x_wconf 80' lang='grc' dir='ltr'>Εἰ</span> <span class='ocrx_word' id='word_1_298' title='bbox 1180 3668 1236 3720; x_wconf 79' lang='grc' dir='ltr'>δὲ</span> <span class='ocrx_word' id='word_1_299' title='bbox 1258 3668 1355 3720; x_wconf 85' lang='grc' dir='ltr'>ούκ</span> <span class='ocrx_word' id='word_1_300' title='bbox 1379 3669 1626 3736; x_wconf 82' lang='grc' dir='ltr'>ἀνέχεται</span> <span class='ocrx_word' id='word_1_301' title='bbox 1673 3669 1770 3737; x_wconf 84' lang='grc' dir='ltr'>τῆς</span> <span class='ocrx_word' id='word_1_302' title='bbox 1792 3671 2097 3737; x_wconf 75' lang='grc' dir='ltr'>μεταφοράς</span> 
     </span>
    </p>
   </div>
   <div class='ocr_carea' id='block_1_39' title="bbox 455 3755 2097 3825">
    <p class='ocr_par' dir='ltr' id='par_1_39' title="bbox 455 3755 2097 3825">
     <span class='ocr_line' id='line_1_39' title="bbox 455 3755 2097 3825; baseline -0.002 -15"><span class='ocrx_word' id='word_1_303' title='bbox 455 3759 485 3810; x_wconf 91' lang='lat'>6</span> <span class='ocrx_word' id='word_1_304' title='bbox 528 3757 1018 3820; x_wconf 82' lang='grc' dir='ltr'>Ἰουδαῖος,οίκοθεν</span> <span class='ocrx_word' id='word_1_305' title='bbox 1057 3757 1214 3809; x_wconf 88' lang='grc' dir='ltr'>πάλιν</span> <span class='ocrx_word' id='word_1_306' title='bbox 1241 3755 1470 3825; x_wconf 80' lang='grc' dir='ltr'>δεχέσθω</span> <span class='ocrx_word' id='word_1_307' title='bbox 1529 3756 1621 3807; x_wconf 83' lang='grc' dir='ltr'>τὸν</span> <span class='ocrx_word' id='word_1_308' title='bbox 1659 3755 1896 3825; x_wconf 76' lang='grc' dir='ltr'>ἔλεγχον.</span> <span class='ocrx_word' id='word_1_309' title='bbox 1928 3756 2097 3819; x_wconf 80' lang='grc' dir='ltr'>Αὐτὸς</span> 
     </span>
    </p>
   </div>
   <div class='ocr_carea' id='block_1_40' title="bbox 456 3837 2096 3914">
    <p class='ocr_par' dir='ltr' id='par_1_40' title="bbox 456 3837 2096 3914">
     <span class='ocr_line' id='line_1_40' title="bbox 456 3837 2096 3914; baseline -0.002 -19"><span class='ocrx_word' id='word_1_310' title='bbox 456 3844 564 3914; x_wconf 89' lang='grc' dir='ltr'>γάρ</span> <span class='ocrx_word' id='word_1_311' title='bbox 601 3837 750 3907; x_wconf 71' lang='grc' dir='ltr'>οὗτος</span> <span class='ocrx_word' id='word_1_312' title='bbox 793 3845 822 3895; x_wconf 88' lang='lat'>6</span> <span class='ocrx_word' id='word_1_313' title='bbox 871 3845 1145 3913; x_wconf 81' lang='grc' dir='ltr'>προφήτης</span> <span class='ocrx_word' id='word_1_314' title='bbox 1204 3842 1395 3904; x_wconf 83' lang='grc' dir='ltr'>λύκους</span> <span class='ocrx_word' id='word_1_315' title='bbox 1445 3843 1536 3895; x_wconf 74' lang='grc' dir='ltr'>καὶ</span> <span class='ocrx_word' id='word_1_316' title='bbox 1587 3842 1754 3910; x_wconf 83' lang='grc' dir='ltr'>ἄρνας</span> <span class='ocrx_word' id='word_1_317' title='bbox 1797 3841 1964 3911; x_wconf 74' lang='grc' dir='ltr'>ἔφησε</span> <span class='ocrx_word' id='word_1_318' title='bbox 2000 3842 2096 3910; x_wconf 85' lang='grc' dir='ltr'>τῆς</span> 
     </span>
    </p>
   </div>
   <div class='ocr_carea' id='block_1_41' title="bbox 454 3926 2097 3998">
    <p class='ocr_par' dir='ltr' id='par_1_41' title="bbox 454 3926 2097 3998">
     <span class='ocr_line' id='line_1_41' title="bbox 454 3926 2097 3998; baseline -0.002 -16"><span class='ocrx_word' id='word_1_319' title='bbox 454 3929 624 3998; x_wconf 79' lang='grc' dir='ltr'>αὐτῆς</span> <span class='ocrx_word' id='word_1_320' title='bbox 656 3929 822 3998; x_wconf 82' lang='grc' dir='ltr'>νομῆς</span> <span class='ocrx_word' id='word_1_321' title='bbox 846 3929 1208 3997; x_wconf 77' lang='grc' dir='ltr'>κοινωνήσειν,</span> <span class='ocrx_word' id='word_1_322' title='bbox 1240 3929 1332 3980; x_wconf 75' lang='grc' dir='ltr'>καὶ</span> <span class='ocrx_word' id='word_1_323' title='bbox 1367 3927 1548 3996; x_wconf 89' lang='grc' dir='ltr'>μυίαις</span> <span class='ocrx_word' id='word_1_324' title='bbox 1601 3927 1691 3979; x_wconf 86' lang='grc' dir='ltr'>τὸν</span> <span class='ocrx_word' id='word_1_325' title='bbox 1724 3926 1853 3978; x_wconf 75' lang='grc' dir='ltr'>Θεὸν</span> <span class='ocrx_word' id='word_1_326' title='bbox 1896 3927 2097 3996; x_wconf 89' lang='grc' dir='ltr'>συριεῖν</span> 
     </span>
    </p>
   </div>
   <div class='ocr_carea' id='block_1_42' title="bbox 456 4013 2098 4085">
    <p class='ocr_par' dir='ltr' id='par_1_42' title="bbox 456 4013 2098 4085">
     <span class='ocr_line' id='line_1_42' title="bbox 456 4013 2098 4085; baseline -0.004 -15"><span class='ocrx_word' id='word_1_327' title='bbox 456 4017 550 4070; x_wconf 72' lang='grc' dir='ltr'>καὶ</span> <span class='ocrx_word' id='word_1_328' title='bbox 579 4019 695 4077; x_wconf 87' lang='grc' dir='ltr'>ταῖς</span> <span class='ocrx_word' id='word_1_329' title='bbox 726 4015 1018 4085; x_wconf 85' lang='grc' dir='ltr'>μελίσσαις,</span> <span class='ocrx_word' id='word_1_330' title='bbox 1058 4015 1151 4066; x_wconf 80' lang='grc' dir='ltr'>καὶ</span> <span class='ocrx_word' id='word_1_331' title='bbox 1198 4015 1433 4083; x_wconf 85' lang='grc' dir='ltr'>ποταμὸν</span> <span class='ocrx_word' id='word_1_332' title='bbox 1463 4014 1680 4081; x_wconf 84' lang='grc' dir='ltr'>ἀνάγειν</span> <span class='ocrx_word' id='word_1_333' title='bbox 1725 4013 1973 4081; x_wconf 78' lang='grc' dir='ltr'>ῥαγδαῖον</span> <span class='ocrx_word' id='word_1_334' title='bbox 2007 4013 2098 4064; x_wconf 76' lang='grc' dir='ltr'>ἐπὶ</span> 
     </span>
    </p>
   </div>
   <div class='ocr_carea' id='block_1_43' title="bbox 455 4100 2098 4172">
    <p class='ocr_par' dir='ltr' id='par_1_43' title="bbox 455 4100 2098 4172">
     <span class='ocr_line' id='line_1_43' title="bbox 455 4100 2098 4172; baseline -0.003 -14"><span class='ocrx_word' id='word_1_335' title='bbox 455 4107 582 4168; x_wconf 79' lang='grc' dir='ltr'>τοῦς</span> <span class='ocrx_word' id='word_1_336' title='bbox 632 4103 934 4165; x_wconf 88' lang='grc' dir='ltr'>Ἰουδαίους,</span> <span class='ocrx_word' id='word_1_337' title='bbox 960 4103 1044 4154; x_wconf 85' lang='grc' dir='ltr'>διά</span> <span class='ocrx_word' id='word_1_338' title='bbox 1081 4103 1140 4154; x_wconf 87' lang='lat'>16</span> <span class='ocrx_word' id='word_1_339' title='bbox 1184 4103 1255 4172; x_wconf 86' lang='grc' dir='ltr'>μὴ</span> <span class='ocrx_word' id='word_1_340' title='bbox 1281 4101 1556 4171; x_wconf 83' lang='grc' dir='ltr'>βούλεσθαι</span> <span class='ocrx_word' id='word_1_341' title='bbox 1583 4100 1696 4170; x_wconf 72' lang='lat'>[9.1]</span> <span class='ocrx_word' id='word_1_342' title='bbox 1730 4101 1920 4162; x_wconf 79' lang='grc' dir='ltr'>αὐτοὺς</span> <span class='ocrx_word' id='word_1_343' title='bbox 1958 4100 2098 4168; x_wconf 75' lang='grc' dir='ltr'>ἔχειν</span> 
     </span>
    </p>
   </div>
   <div class='ocr_carea' id='block_1_44' title="bbox 455 4186 2098 4260">
    <p class='ocr_par' dir='ltr' id='par_1_44' title="bbox 455 4186 2098 4260">
     <span class='ocr_line' id='line_1_44' title="bbox 455 4186 2098 4260; baseline -0.004 -16"><span class='ocrx_word' id='word_1_344' title='bbox 455 4192 516 4244; x_wconf 88' lang='lat'>16</span> <span class='ocrx_word' id='word_1_345' title='bbox 570 4192 711 4260; x_wconf 88' lang='grc' dir='ltr'>ῦδωρ</span> <span class='ocrx_word' id='word_1_346' title='bbox 760 4191 850 4243; x_wconf 81' lang='grc' dir='ltr'>τοῦ</span> <span class='ocrx_word' id='word_1_347' title='bbox 911 4189 1144 4258; x_wconf 80' lang='grc' dir='ltr'>Σιλωάμ.</span> <span class='ocrx_word' id='word_1_348' title='bbox 1188 4189 1363 4258; x_wconf 78' lang='grc' dir='ltr'>Ἀπερ</span> <span class='ocrx_word' id='word_1_349' title='bbox 1415 4187 1467 4238; x_wconf 82' lang='grc' dir='ltr'>εί</span> <span class='ocrx_word' id='word_1_350' title='bbox 1517 4186 1722 4248; x_wconf 84' lang='grc' dir='ltr'>τιςέπί</span> <span class='ocrx_word' id='word_1_351' title='bbox 1765 4186 1873 4239; x_wconf 91' lang='grc' dir='ltr'>τῶν</span> <span class='ocrx_word' id='word_1_352' title='bbox 1904 4187 2098 4249; x_wconf 83' lang='grc' dir='ltr'>λέξεων</span> 
     </span>
    </p>
   </div>
   <div class='ocr_carea' id='block_1_45' title="bbox 457 4272 2100 4346">
    <p class='ocr_par' dir='ltr' id='par_1_45' title="bbox 457 4272 2100 4346">
     <span class='ocr_line' id='line_1_45' title="bbox 457 4272 2100 4346; baseline -0.003 -17"><span class='ocrx_word' id='word_1_353' title='bbox 457 4277 696 4340; x_wconf 82' lang='grc' dir='ltr'>ἐκλάϐοι,</span> <span class='ocrx_word' id='word_1_354' title='bbox 726 4277 857 4330; x_wconf 84' lang='grc' dir='ltr'>πολὺ</span> <span class='ocrx_word' id='word_1_355' title='bbox 890 4277 950 4329; x_wconf 85' lang='lat'>16</span> <span class='ocrx_word' id='word_1_356' title='bbox 977 4277 1323 4346; x_wconf 84' lang='grc' dir='ltr'>ἀπερινόητον</span> <span class='ocrx_word' id='word_1_357' title='bbox 1346 4274 1486 4343; x_wconf 73' lang='grc' dir='ltr'>ἔχει·</span> <span class='ocrx_word' id='word_1_358' title='bbox 1523 4272 1656 4326; x_wconf 87' lang='grc' dir='ltr'>ἀλλά</span> <span class='ocrx_word' id='word_1_359' title='bbox 1678 4273 1760 4325; x_wconf 89' lang='grc' dir='ltr'>δεῖ</span> <span class='ocrx_word' id='word_1_360' title='bbox 1787 4273 1855 4324; x_wconf 84' lang='grc' dir='ltr'>τά</span> <span class='ocrx_word' id='word_1_361' title='bbox 1884 4274 1948 4325; x_wconf 84' lang='grc' dir='ltr'>ἐκ</span> <span class='ocrx_word' id='word_1_362' title='bbox 1978 4273 2100 4324; x_wconf 85' lang='grc' dir='ltr'>τού-</span> 
     </span>
    </p>
   </div>
   <div class='ocr_carea' id='block_1_46' title="bbox 457 4358 2099 4433">
    <p class='ocr_par' dir='ltr' id='par_1_46' title="bbox 457 4358 2099 4433">
     <span class='ocr_line' id='line_1_46' title="bbox 457 4358 2099 4433; baseline -0.002 -18"><span class='ocrx_word' id='word_1_363' title='bbox 457 4381 567 4415; x_wconf 85' lang='grc' dir='ltr'>των</span> <span class='ocrx_word' id='word_1_364' title='bbox 599 4362 966 4433; x_wconf 87' lang='grc' dir='ltr'>σημαινόμενα</span> <span class='ocrx_word' id='word_1_365' title='bbox 997 4363 1312 4430; x_wconf 85' lang='grc' dir='ltr'>δεχομένους</span> <span class='ocrx_word' id='word_1_366' title='bbox 1343 4360 1482 4412; x_wconf 70' lang='lat'><em>0610)</em></span> <span class='ocrx_word' id='word_1_367' title='bbox 1522 4358 1811 4412; x_wconf 85' lang='grc' dir='ltr'>ποικίλλειν</span> <span class='ocrx_word' id='word_1_368' title='bbox 1839 4359 1946 4411; x_wconf 92' lang='grc' dir='ltr'>τῶν</span> <span class='ocrx_word' id='word_1_369' title='bbox 1977 4377 2099 4427; x_wconf 88' lang='grc' dir='ltr'>νοη-</span> 
     </span>
    </p>
   </div>
   <div class='ocr_carea' id='block_1_47' title="bbox 462 4443 2101 4520">
    <p class='ocr_par' dir='ltr' id='par_1_47' title="bbox 462 4443 2101 4520">
     <span class='ocr_line' id='line_1_47' title="bbox 462 4443 2101 4520; baseline -0.005 -17"><span class='ocrx_word' id='word_1_370' title='bbox 462 4450 645 4519; x_wconf 85' lang='grc' dir='ltr'>μάτων</span> <span class='ocrx_word' id='word_1_371' title='bbox 669 4450 766 4520; x_wconf 76' lang='grc' dir='ltr'>τήν</span> <span class='ocrx_word' id='word_1_372' title='bbox 794 4448 1123 4502; x_wconf 87' lang='grc' dir='ltr'>ἀκολουθίαν.</span> <span class='ocrx_word' id='word_1_373' title='bbox 1159 4447 1222 4500; x_wconf 87' lang='grc' dir='ltr'>Τί</span> <span class='ocrx_word' id='word_1_374' title='bbox 1245 4443 1335 4500; x_wconf 81' lang='grc' dir='ltr'>οὖν</span> <span class='ocrx_word' id='word_1_375' title='bbox 1355 4447 1466 4498; x_wconf 81' lang='grc' dir='ltr'>ἐστι</span> <span class='ocrx_word' id='word_1_376' title='bbox 1492 4447 1560 4499; x_wconf 90' lang='grc' dir='ltr'>τά</span> <span class='ocrx_word' id='word_1_377' title='bbox 1580 4449 1642 4498; x_wconf 88' lang='grc' dir='ltr'>ἐκ</span> <span class='ocrx_word' id='word_1_378' title='bbox 1674 4446 1872 4499; x_wconf 88' lang='grc' dir='ltr'>τούτων</span> <span class='ocrx_word' id='word_1_379' title='bbox 1904 4463 2101 4515; x_wconf 73' lang='grc' dir='ltr'>σημαι-</span> 
     </span>
    </p>
   </div>
   <div class='ocr_carea' id='block_1_48' title="bbox 459 4532 2099 4606">
    <p class='ocr_par' dir='ltr' id='par_1_48' title="bbox 459 4532 2099 4606">
     <span class='ocr_line' id='line_1_48' title="bbox 459 4532 2099 4606; baseline -0.002 -18"><span class='ocrx_word' id='word_1_380' title='bbox 459 4537 689 4606; x_wconf 85' lang='grc' dir='ltr'>νόμενα;</span> <span class='ocrx_word' id='word_1_381' title='bbox 719 4536 816 4588; x_wconf 82' lang='grc' dir='ltr'>Διά</span> <span class='ocrx_word' id='word_1_382' title='bbox 864 4535 959 4604; x_wconf 74' lang='grc' dir='ltr'>μὲν</span> <span class='ocrx_word' id='word_1_383' title='bbox 1012 4535 1119 4587; x_wconf 88' lang='grc' dir='ltr'>τῶν</span> <span class='ocrx_word' id='word_1_384' title='bbox 1171 4534 1346 4586; x_wconf 86' lang='grc' dir='ltr'>λύκων</span> <span class='ocrx_word' id='word_1_385' title='bbox 1387 4535 1476 4586; x_wconf 79' lang='grc' dir='ltr'>καὶ</span> <span class='ocrx_word' id='word_1_386' title='bbox 1517 4533 1625 4584; x_wconf 90' lang='grc' dir='ltr'>τῶν</span> <span class='ocrx_word' id='word_1_387' title='bbox 1670 4533 1865 4602; x_wconf 80' lang='grc' dir='ltr'>ἀρνῶν,</span> <span class='ocrx_word' id='word_1_388' title='bbox 1912 4534 1961 4584; x_wconf 90' lang='grc' dir='ltr'>οἱ</span> <span class='ocrx_word' id='word_1_389' title='bbox 1987 4532 2099 4584; x_wconf 89' lang='grc' dir='ltr'>τῶν</span> 
     </span>
    </p>
   </div>
   <div class='ocr_carea' id='block_1_49' title="bbox 461 4617 2100 4692">
    <p class='ocr_par' dir='ltr' id='par_1_49' title="bbox 461 4617 2100 4692">
     <span class='ocr_line' id='line_1_49' title="bbox 461 4617 2100 4692; baseline -0.004 -16"><span class='ocrx_word' id='word_1_390' title='bbox 461 4621 761 4692; x_wconf 85' lang='grc' dir='ltr'>ἀνθρώπων</span> <span class='ocrx_word' id='word_1_391' title='bbox 795 4621 980 4690; x_wconf 85' lang='grc' dir='ltr'>τρόποι</span> <span class='ocrx_word' id='word_1_392' title='bbox 1016 4621 1064 4672; x_wconf 90' lang='grc' dir='ltr'>οί</span> <span class='ocrx_word' id='word_1_393' title='bbox 1090 4618 1369 4689; x_wconf 82' lang='grc' dir='ltr'>θηριώδεις</span> <span class='ocrx_word' id='word_1_394' title='bbox 1413 4619 1504 4670; x_wconf 76' lang='grc' dir='ltr'>καί</span> <span class='ocrx_word' id='word_1_395' title='bbox 1535 4618 1728 4686; x_wconf 74' lang='grc' dir='ltr'>ἥμεροι</span> <span class='ocrx_word' id='word_1_396' title='bbox 1749 4634 1761 4647; x_wconf 89' lang='grc'>·</span> <span class='ocrx_word' id='word_1_397' title='bbox 1791 4617 1876 4669; x_wconf 88' lang='grc' dir='ltr'>διὰ</span> <span class='ocrx_word' id='word_1_398' title='bbox 1906 4617 1961 4670; x_wconf 79' lang='grc' dir='ltr'>δὲ</span> <span class='ocrx_word' id='word_1_399' title='bbox 1993 4617 2100 4670; x_wconf 91' lang='grc' dir='ltr'>τῶν</span> 
     </span>
    </p>
   </div>
   <div class='ocr_carea' id='block_1_50' title="bbox 465 4703 2100 4778">
    <p class='ocr_par' dir='ltr' id='par_1_50' title="bbox 465 4703 2100 4778">
     <span class='ocr_line' id='line_1_50' title="bbox 465 4703 2100 4778; baseline -0.004 -17"><span class='ocrx_word' id='word_1_400' title='bbox 465 4709 678 4778; x_wconf 83' lang='grc' dir='ltr'>μυιῶν,</span> <span class='ocrx_word' id='word_1_401' title='bbox 718 4707 780 4759; x_wconf 86' lang='grc' dir='ltr'>τὸ</span> <span class='ocrx_word' id='word_1_402' title='bbox 823 4707 1168 4774; x_wconf 87' lang='grc' dir='ltr'>ἀναίσχυντον</span> <span class='ocrx_word' id='word_1_403' title='bbox 1224 4705 1330 4757; x_wconf 89' lang='grc' dir='ltr'>τῶν</span> <span class='ocrx_word' id='word_1_404' title='bbox 1379 4705 1714 4770; x_wconf 78' lang='grc' dir='ltr'>Αίγυπτίων·</span> <span class='ocrx_word' id='word_1_405' title='bbox 1761 4703 1848 4756; x_wconf 86' lang='grc' dir='ltr'>διὰ</span> <span class='ocrx_word' id='word_1_406' title='bbox 1898 4703 1955 4755; x_wconf 85' lang='grc' dir='ltr'>δὲ</span> <span class='ocrx_word' id='word_1_407' title='bbox 2008 4704 2100 4755; x_wconf 82' lang='grc' dir='ltr'>τοῦ</span> 
     </span>
    </p>
   </div>
   <div class='ocr_carea' id='block_1_51' title="bbox 462 4789 2104 4863">
    <p class='ocr_par' dir='ltr' id='par_1_51' title="bbox 462 4789 2104 4863">
     <span class='ocr_line' id='line_1_51' title="bbox 462 4789 2104 4863; baseline -0.003 -16"><span class='ocrx_word' id='word_1_408' title='bbox 462 4793 728 4863; x_wconf 84' lang='grc' dir='ltr'>ποταμοῦ,</span> <span class='ocrx_word' id='word_1_409' title='bbox 760 4793 820 4844; x_wconf 84' lang='grc' dir='ltr'>τὸ</span> <span class='ocrx_word' id='word_1_410' title='bbox 847 4792 1070 4863; x_wconf 79' lang='grc' dir='ltr'>σφοδρὸν</span> <span class='ocrx_word' id='word_1_411' title='bbox 1111 4791 1208 4859; x_wconf 79' lang='grc' dir='ltr'>τῆς</span> <span class='ocrx_word' id='word_1_412' title='bbox 1242 4791 1520 4860; x_wconf 84' lang='grc' dir='ltr'>στρατείας</span> <span class='ocrx_word' id='word_1_413' title='bbox 1549 4789 1641 4842; x_wconf 88' lang='grc' dir='ltr'>τοῦ</span> <span class='ocrx_word' id='word_1_414' title='bbox 1672 4789 1943 4860; x_wconf 81' lang='grc' dir='ltr'>βαρϐάρου</span> <span class='ocrx_word' id='word_1_415' title='bbox 1964 4806 1976 4818; x_wconf 80' lang='lat'><strong><em>°</em></strong></span> <span class='ocrx_word' id='word_1_416' title='bbox 2014 4789 2104 4842; x_wconf 83' lang='grc' dir='ltr'>διὰ</span> 
     </span>
    </p>
   </div>
   <div class='ocr_carea' id='block_1_52' title="bbox 459 4877 2099 4948">
    <p class='ocr_par' dir='ltr' id='par_1_52' title="bbox 459 4877 2099 4948">
     <span class='ocr_line' id='line_1_52' title="bbox 459 4877 2099 4948; baseline -0.004 -15"><span class='ocrx_word' id='word_1_417' title='bbox 459 4881 516 4933; x_wconf 77' lang='grc' dir='ltr'>δέ</span> <span class='ocrx_word' id='word_1_418' title='bbox 545 4881 637 4933; x_wconf 87' lang='grc' dir='ltr'>τοῦ</span> <span class='ocrx_word' id='word_1_419' title='bbox 667 4879 900 4948; x_wconf 83' lang='grc' dir='ltr'>Σιλωὰμ,</span> <span class='ocrx_word' id='word_1_420' title='bbox 917 4879 976 4930; x_wconf 89' lang='lat'>16</span> <span class='ocrx_word' id='word_1_421' title='bbox 996 4880 1165 4947; x_wconf 80' lang='grc' dir='ltr'>πρᾶον</span> <span class='ocrx_word' id='word_1_422' title='bbox 1187 4879 1280 4930; x_wconf 76' lang='grc' dir='ltr'>καὶ</span> <span class='ocrx_word' id='word_1_423' title='bbox 1297 4879 1528 4939; x_wconf 76' lang='grc' dir='ltr'>ἐπιεικὲς</span> <span class='ocrx_word' id='word_1_424' title='bbox 1556 4877 1647 4930; x_wconf 88' lang='grc' dir='ltr'>τοῦ</span> <span class='ocrx_word' id='word_1_425' title='bbox 1677 4878 1798 4929; x_wconf 88' lang='grc' dir='ltr'>τότε</span> <span class='ocrx_word' id='word_1_426' title='bbox 1822 4877 2099 4946; x_wconf 80' lang='grc' dir='ltr'>ἄρχοντος,</span> 
     </span>
    </p>
   </div>
   <div class='ocr_carea' id='block_1_53' title="bbox 459 4963 2104 5034">
    <p class='ocr_par' dir='ltr' id='par_1_53' title="bbox 459 4963 2104 5034">
     <span class='ocr_line' id='line_1_53' title="bbox 459 4963 2104 5034; baseline -0.005 -14"><span class='ocrx_word' id='word_1_427' title='bbox 459 4966 552 5021; x_wconf 89' lang='grc' dir='ltr'>τοῦ</span> <span class='ocrx_word' id='word_1_428' title='bbox 598 4967 706 5020; x_wconf 87' lang='grc' dir='ltr'>τῶν</span> <span class='ocrx_word' id='word_1_429' title='bbox 763 4966 1022 5019; x_wconf 83' lang='grc' dir='ltr'>Ἰουδαίων</span> <span class='ocrx_word' id='word_1_430' title='bbox 1050 4963 1326 5034; x_wconf 79' lang='grc' dir='ltr'>βασιλέως.</span> <span class='ocrx_word' id='word_1_431' title='bbox 1361 4965 1464 5015; x_wconf 71' lang='grc' dir='ltr'>Καὶ</span> <span class='ocrx_word' id='word_1_432' title='bbox 1493 4964 1661 5020; x_wconf 65' lang='grc' dir='ltr'>οὐδεὶς</span> <span class='ocrx_word' id='word_1_433' title='bbox 1689 4965 1807 5015; x_wconf 71' lang='grc' dir='ltr'>οὐδὲ</span> <span class='ocrx_word' id='word_1_434' title='bbox 1835 4963 1942 5014; x_wconf 87' lang='grc' dir='ltr'>τῶν</span> <span class='ocrx_word' id='word_1_435' title='bbox 1977 4963 2104 5030; x_wconf 75' lang='grc' dir='ltr'>σφό-</span> 
     </span>
    </p>
   </div>
   <div class='ocr_carea' id='block_1_54' title="bbox 459 5045 2103 5123">
    <p class='ocr_par' dir='ltr' id='par_1_54' title="bbox 459 5045 2103 5123">
     <span class='ocr_line' id='line_1_54' title="bbox 459 5045 2103 5123; baseline -0.004 -18"><span class='ocrx_word' id='word_1_436' title='bbox 459 5053 559 5123; x_wconf 87' lang='grc' dir='ltr'>δρα</span> <span class='ocrx_word' id='word_1_437' title='bbox 584 5055 820 5120; x_wconf 87' lang='grc' dir='ltr'>ἀνοήτων</span> <span class='ocrx_word' id='word_1_438' title='bbox 847 5052 979 5122; x_wconf 81' lang='grc' dir='ltr'>πρὸς</span> <span class='ocrx_word' id='word_1_439' title='bbox 998 5051 1165 5103; x_wconf 84' lang='grc' dir='ltr'>ταῦτα</span> <span class='ocrx_word' id='word_1_440' title='bbox 1193 5052 1322 5120; x_wconf 76' lang='grc' dir='ltr'>ἡμῖν</span> <span class='ocrx_word' id='word_1_441' title='bbox 1355 5051 1582 5118; x_wconf 81' lang='grc' dir='ltr'>ἀντερεῖ.</span> <span class='ocrx_word' id='word_1_442' title='bbox 1613 5050 1820 5117; x_wconf 85' lang='grc' dir='ltr'>Ὥσπερ</span> <span class='ocrx_word' id='word_1_443' title='bbox 1861 5051 1966 5118; x_wconf 76' lang='grc' dir='ltr'>γὰρ</span> <span class='ocrx_word' id='word_1_444' title='bbox 2012 5045 2103 5099; x_wconf 78' lang='grc' dir='ltr'>οὖν</span> 
     </span>
    </p>
   </div>
   <div class='ocr_carea' id='block_1_55' title="bbox 459 5134 2103 5208">
    <p class='ocr_par' dir='ltr' id='par_1_55' title="bbox 459 5134 2103 5208">
     <span class='ocr_line' id='line_1_55' title="bbox 459 5134 2103 5208; baseline -0.004 -16"><span class='ocrx_word' id='word_1_445' title='bbox 459 5141 642 5192; x_wconf 64' lang='grc' dir='ltr'>ἐκεῖνα</span> <span class='ocrx_word' id='word_1_446' title='bbox 689 5139 890 5208; x_wconf 78' lang='grc' dir='ltr'>ἑτέροις</span> <span class='ocrx_word' id='word_1_447' title='bbox 929 5137 1149 5206; x_wconf 82' lang='grc' dir='ltr'>ὀνόμασι</span> <span class='ocrx_word' id='word_1_448' title='bbox 1203 5136 1548 5206; x_wconf 84' lang='grc' dir='ltr'>παρεδηλώθη</span> <span class='ocrx_word' id='word_1_449' title='bbox 1575 5175 1589 5198; x_wconf 88' lang='grc'>,</span> <span class='ocrx_word' id='word_1_450' title='bbox 1651 5134 1789 5186; x_wconf 79' lang='grc' dir='ltr'>οὓτω</span> <span class='ocrx_word' id='word_1_451' title='bbox 1849 5137 1939 5186; x_wconf 71' lang='grc' dir='ltr'>καὶ</span> <span class='ocrx_word' id='word_1_452' title='bbox 2005 5135 2103 5203; x_wconf 80' lang='grc' dir='ltr'>τῆς</span> 
     </span>
    </p>
   </div>
   <div class='ocr_carea' id='block_1_56' title="bbox 472 5219 2104 5294">
    <p class='ocr_par' dir='ltr' id='par_1_56' title="bbox 472 5219 2104 5294">
     <span class='ocr_line' id='line_1_56' title="bbox 472 5219 2104 5294; baseline -0.005 -15"><span class='ocrx_word' id='word_1_453' title='bbox 472 5225 792 5293; x_wconf 86' lang='grc' dir='ltr'>Ἐκκλησίας</span> <span class='ocrx_word' id='word_1_454' title='bbox 834 5225 894 5277; x_wconf 91' lang='lat'>16</span> <span class='ocrx_word' id='word_1_455' title='bbox 932 5225 1172 5294; x_wconf 73' lang='grc' dir='ltr'>στερρὸν,</span> <span class='ocrx_word' id='word_1_456' title='bbox 1214 5223 1271 5276; x_wconf 77' lang='lat'>16</span> <span class='ocrx_word' id='word_1_457' title='bbox 1316 5224 1566 5291; x_wconf 87' lang='grc' dir='ltr'>ἀκίνητον</span> <span class='ocrx_word' id='word_1_458' title='bbox 1593 5232 1638 5284; x_wconf 74' lang='grc' dir='ltr'>ο,</span> <span class='ocrx_word' id='word_1_459' title='bbox 1669 5219 1729 5272; x_wconf 87' lang='grc' dir='ltr'>τὸ</span> <span class='ocrx_word' id='word_1_460' title='bbox 1785 5221 2002 5287; x_wconf 72' lang='grc' dir='ltr'>ὑψηλὸν,</span> <span class='ocrx_word' id='word_1_461' title='bbox 2044 5222 2104 5271; x_wconf 83' lang='grc' dir='ltr'>τὺ</span> 
     </span>
    </p>
   </div>
   <div class='ocr_carea' id='block_1_57' title="bbox 459 5309 2105 5384">
    <p class='ocr_par' dir='ltr' id='par_1_57' title="bbox 459 5309 2105 5384">
     <span class='ocr_line' id='line_1_57' title="bbox 459 5309 2105 5384; baseline -0.004 -17"><span class='ocrx_word' id='word_1_462' title='bbox 459 5315 751 5384; x_wconf 87' lang='grc' dir='ltr'>ἀχείρωτον</span> <span class='ocrx_word' id='word_1_463' title='bbox 774 5314 861 5367; x_wconf 83' lang='grc' dir='ltr'>διά</span> <span class='ocrx_word' id='word_1_464' title='bbox 884 5314 981 5382; x_wconf 81' lang='grc' dir='ltr'>τῆς</span> <span class='ocrx_word' id='word_1_465' title='bbox 1016 5312 1106 5365; x_wconf 89' lang='grc' dir='ltr'>τοῦ</span> <span class='ocrx_word' id='word_1_466' title='bbox 1139 5312 1296 5382; x_wconf 77' lang='grc' dir='ltr'>ὄρους</span> <span class='ocrx_word' id='word_1_467' title='bbox 1326 5313 1538 5381; x_wconf 71' lang='grc' dir='ltr'>ᾐνίξατο</span> <span class='ocrx_word' id='word_1_468' title='bbox 1570 5311 1952 5380; x_wconf 82' lang='grc' dir='ltr'>προσηγορίας.</span> <span class='ocrx_word' id='word_1_469' title='bbox 1996 5309 2105 5363; x_wconf 76' lang='grc' dir='ltr'>Καὶ</span> 
     </span>
    </p>
   </div>
   <div class='ocr_carea' id='block_1_58' title="bbox 522 5513 2103 5576">
    <p class='ocr_par' dir='ltr' id='par_1_58' title="bbox 522 5513 2103 5576">
     <span class='ocr_line' id='line_1_58' title="bbox 522 5513 2103 5576; baseline 0.001 -13"><span class='ocrx_word' id='word_1_470' title='bbox 522 5515 540 5538; x_wconf 85' lang='grc'><strong>⁸</strong></span> <span class='ocrx_word' id='word_1_471' title='bbox 562 5516 683 5574; x_wconf 78' lang='lat' dir='ltr'>Reg.</span> <span class='ocrx_word' id='word_1_472' title='bbox 710 5515 856 5576; x_wconf 82' lang='grc' dir='ltr'>σχολῇ</span> <span class='ocrx_word' id='word_1_473' title='bbox 880 5513 966 5574; x_wconf 75' lang='grc' dir='ltr'>γάρ</span> <span class='ocrx_word' id='word_1_474' title='bbox 985 5515 1094 5561; x_wconf 83' lang='grc' dir='ltr'>τῶν.</span> <span class='ocrx_word' id='word_1_475' title='bbox 1120 5513 1267 5562; x_wconf 80' lang='lat' dir='ltr'>Savil.</span> <span class='ocrx_word' id='word_1_476' title='bbox 1295 5515 1442 5576; x_wconf 81' lang='grc' dir='ltr'>σχολῇ</span> <span class='ocrx_word' id='word_1_477' title='bbox 1483 5530 1535 5574; x_wconf 89' lang='grc' dir='ltr'>γε</span> <span class='ocrx_word' id='word_1_478' title='bbox 1556 5516 1665 5562; x_wconf 84' lang='grc' dir='ltr'>τῶν.</span> <span class='ocrx_word' id='word_1_479' title='bbox 1711 5515 1914 5564; x_wconf 63' lang='grc' dir='ltr'>Ρτωειει</span> <span class='ocrx_word' id='word_1_480' title='bbox 1958 5515 2103 5564; x_wconf 72' lang='lat' dir='ltr'>lectio</span> 
     </span>
    </p>
   </div>
   <div class='ocr_carea' id='block_1_59' title="bbox 461 5574 1556 5630">
    <p class='ocr_par' dir='ltr' id='par_1_59' title="bbox 461 5574 1556 5630">
     <span class='ocr_line' id='line_1_59' title="bbox 461 5574 1556 5630; baseline -0.003 -3"><span class='ocrx_word' id='word_1_481' title='bbox 461 5574 1041 5630; x_wconf 33' lang='lat' dir='ltr'>liorenianaé’lidiliouis,</span> <span class='ocrx_word' id='word_1_482' title='bbox 1068 5581 1118 5621; x_wconf 79' lang='lat' dir='ltr'><strong>et</strong></span> <span class='ocrx_word' id='word_1_483' title='bbox 1139 5581 1214 5622; x_wconf 74' lang='lat' dir='ltr'>est</span> <span class='ocrx_word' id='word_1_484' title='bbox 1238 5577 1284 5622; x_wconf 78' lang='lat' dir='ltr'><strong>in</strong></span> <span class='ocrx_word' id='word_1_485' title='bbox 1313 5574 1556 5624; x_wconf 81' lang='lat' dir='ltr'>Bavarioo.</span> 
     </span>
    </p>
   </div>
   <div class='ocr_carea' id='block_1_60' title="bbox 526 5635 2102 5697">
    <p class='ocr_par' dir='ltr' id='par_1_60' title="bbox 526 5635 2102 5697">
     <span class='ocr_line' id='line_1_60' title="bbox 526 5635 2102 5697; baseline 0 -12"><span class='ocrx_word' id='word_1_486' title='bbox 526 5638 552 5675; x_wconf 64' lang='grc' dir='ltr'>δ</span> <span class='ocrx_word' id='word_1_487' title='bbox 580 5637 698 5695; x_wconf 72' lang='lat' dir='ltr'>Reg.</span> <span class='ocrx_word' id='word_1_488' title='bbox 727 5642 772 5683; x_wconf 82' lang='lat' dir='ltr'>el</span> <span class='ocrx_word' id='word_1_489' title='bbox 795 5635 944 5682; x_wconf 81' lang='lat' dir='ltr'>Savil.</span> <span class='ocrx_word' id='word_1_490' title='bbox 968 5637 1241 5689; x_wconf 84' lang='grc' dir='ltr'>τείνοντες...</span> <span class='ocrx_word' id='word_1_491' title='bbox 1280 5636 1538 5695; x_wconf 77' lang='grc' dir='ltr'>ἀφιέντες...</span> <span class='ocrx_word' id='word_1_492' title='bbox 1573 5638 1880 5697; x_wconf 82' lang='grc' dir='ltr'>προσάγοντες</span> <span class='ocrx_word' id='word_1_493' title='bbox 1905 5675 1934 5685; x_wconf 94' lang='grc'>..</span> <span class='ocrx_word' id='word_1_494' title='bbox 1962 5656 2102 5684; x_wconf 84' lang='grc' dir='ltr'>κατα·</span> 
     </span>
    </p>
   </div>
   <div class='ocr_carea' id='block_1_61' title="bbox 461 5697 2102 5755">
    <p class='ocr_par' dir='ltr' id='par_1_61' title="bbox 461 5697 2102 5755">
     <span class='ocr_line' id='line_1_61' title="bbox 461 5697 2102 5755; baseline -0.001 -7"><span class='ocrx_word' id='word_1_495' title='bbox 461 5701 700 5754; x_wconf 81' lang='grc' dir='ltr'>λύσαντες,</span> <span class='ocrx_word' id='word_1_496' title='bbox 746 5709 854 5755; x_wconf 67' lang='lat' dir='ltr'><strong>quae</strong></span> <span class='ocrx_word' id='word_1_497' title='bbox 889 5697 1033 5742; x_wconf 74' lang='lat' dir='ltr'><strong>etiam</strong></span> <span class='ocrx_word' id='word_1_498' title='bbox 1060 5698 1201 5742; x_wconf 72' lang='lat' dir='ltr'>lectio</span> <span class='ocrx_word' id='word_1_499' title='bbox 1228 5699 1445 5754; x_wconf 77' lang='lat' dir='ltr'>quadrat,</span> <span class='ocrx_word' id='word_1_500' title='bbox 1486 5706 1538 5744; x_wconf 66' lang='lat' dir='ltr'>et</span> <span class='ocrx_word' id='word_1_501' title='bbox 1580 5699 1850 5747; x_wconf 71' lang='lat' dir='ltr'>innumeris</span> <span class='ocrx_word' id='word_1_502' title='bbox 1890 5700 2102 5746; x_wconf 77' lang='lat' dir='ltr'>ﬁrmatur</span> 
     </span>
    </p>
   </div>
   <div class='ocr_carea' id='block_1_62' title="bbox 463 5756 2100 5817">
    <p class='ocr_par' dir='ltr' id='par_1_62' title="bbox 463 5756 2100 5817">
     <span class='ocr_line' id='line_1_62' title="bbox 463 5756 2100 5817; baseline -0.001 -11"><span class='ocrx_word' id='word_1_503' title='bbox 463 5759 730 5817; x_wconf 72' lang='lat' dir='ltr'>exempiis;</span> <span class='ocrx_word' id='word_1_504' title='bbox 753 5757 840 5804; x_wconf 75' lang='lat' dir='ltr'>sed</span> <span class='ocrx_word' id='word_1_505' title='bbox 862 5769 967 5804; x_wconf 89' lang='lat' dir='ltr'>cum</span> <span class='ocrx_word' id='word_1_506' title='bbox 996 5756 1158 5817; x_wconf 76' lang='lat' dir='ltr'>Mqrel.</span> <span class='ocrx_word' id='word_1_507' title='bbox 1209 5757 1352 5817; x_wconf 69' lang='lat' dir='ltr'>etiam</span> <span class='ocrx_word' id='word_1_508' title='bbox 1374 5757 1520 5805; x_wconf 79' lang='lat' dir='ltr'>lectio</span> <span class='ocrx_word' id='word_1_509' title='bbox 1555 5758 1681 5806; x_wconf 84' lang='lat' dir='ltr'>bene</span> <span class='ocrx_word' id='word_1_510' title='bbox 1705 5761 1896 5814; x_wconf 78' lang='lat' dir='ltr'>habeat.</span> <span class='ocrx_word' id='word_1_511' title='bbox 1926 5760 2100 5807; x_wconf 81' lang='grc' dir='ltr'>τείνον·</span> 
     </span>
    </p>
   </div>
   <div class='ocr_carea' id='block_1_63' title="bbox 463 5815 2098 5878">
    <p class='ocr_par' dir='ltr' id='par_1_63' title="bbox 463 5815 2098 5878">
     <span class='ocr_line' id='line_1_63' title="bbox 463 5815 2098 5878; baseline 0 -11"><span class='ocrx_word' id='word_1_512' title='bbox 463 5837 579 5868; x_wconf 77' lang='grc' dir='ltr'>τα...</span> <span class='ocrx_word' id='word_1_513' title='bbox 603 5815 794 5878; x_wconf 75' lang='grc' dir='ltr'>ἀφιέντα</span> <span class='ocrx_word' id='word_1_514' title='bbox 817 5826 934 5874; x_wconf 84' lang='lat' dir='ltr'>elc.,</span> <span class='ocrx_word' id='word_1_515' title='bbox 961 5823 1013 5864; x_wconf 74' lang='lat' dir='ltr'>et.</span> <span class='ocrx_word' id='word_1_516' title='bbox 1049 5815 1162 5865; x_wconf 86' lang='lat' dir='ltr'>Cod.</span> <span class='ocrx_word' id='word_1_517' title='bbox 1205 5816 1428 5866; x_wconf 77' lang='lat' dir='ltr'>Bavarico</span> <span class='ocrx_word' id='word_1_518' title='bbox 1465 5819 1700 5877; x_wconf 74' lang='lat' dir='ltr'>ﬁrmetur,</span> <span class='ocrx_word' id='word_1_519' title='bbox 1743 5833 1847 5868; x_wconf 86' lang='lat' dir='ltr'><strong>eam</strong></span> <span class='ocrx_word' id='word_1_520' title='bbox 1884 5824 2098 5868; x_wconf 69' lang='lat' dir='ltr'>relixwre</span> 
     </span>
    </p>
   </div>
   <div class='ocr_carea' id='block_1_64' title="bbox 467 5881 737 5930">
    <p class='ocr_par' dir='ltr' id='par_1_64' title="bbox 467 5881 737 5930">
     <span class='ocr_line' id='line_1_64' title="bbox 467 5881 737 5930; baseline -0.011 -4"><span class='ocrx_word' id='word_1_521' title='bbox 467 5881 620 5930; x_wconf 79' lang='lat' dir='ltr'>visum</span> <span class='ocrx_word' id='word_1_522' title='bbox 645 5885 737 5924; x_wconf 72' lang='lat' dir='ltr'>est.</span> 
     </span>
    </p>
   </div>
   <div class='ocr_carea' id='block_1_65' title="bbox 527 5937 1849 6000">
    <p class='ocr_par' dir='ltr' id='par_1_65' title="bbox 527 5937 1849 6000">
     <span class='ocr_line' id='line_1_65' title="bbox 527 5937 1849 6000; baseline 0.001 -11"><span class='ocrx_word' id='word_1_523' title='bbox 527 5946 548 5971; x_wconf 69' lang='grc' dir='ltr'><strong>ε</strong></span> <span class='ocrx_word' id='word_1_524' title='bbox 571 5939 645 5990; x_wconf 76' lang='lat' dir='ltr'>lla</span> <span class='ocrx_word' id='word_1_525' title='bbox 664 5939 782 6000; x_wconf 70' lang='lat' dir='ltr'>119g.</span> <span class='ocrx_word' id='word_1_526' title='bbox 812 5945 858 5988; x_wconf 71' lang='lat' dir='ltr'>et</span> <span class='ocrx_word' id='word_1_527' title='bbox 885 5937 1028 5988; x_wconf 60' lang='lat' dir='ltr'>Savil.</span> <span class='ocrx_word' id='word_1_528' title='bbox 1057 5937 1109 5986; x_wconf 87' lang='lat' dir='ltr'>In</span> <span class='ocrx_word' id='word_1_529' title='bbox 1155 5938 1321 5988; x_wconf 79' lang='lat' dir='ltr'>Morel.</span> <span class='ocrx_word' id='word_1_530' title='bbox 1359 5939 1407 5986; x_wconf 61' lang='grc' dir='ltr'>τί</span> <span class='ocrx_word' id='word_1_531' title='bbox 1437 5939 1638 5995; x_wconf 62' lang='grc' dir='ltr'>ἆγὶνηισ.</span> <span class='ocrx_word' id='word_1_532' title='bbox 1667 5941 1849 5990; x_wconf 70' lang='lat' dir='ltr'>docnt.</span> 
     </span>
    </p>
   </div>
   <div class='ocr_carea' id='block_1_66' title="bbox 2205 532 3862 610">
    <p class='ocr_par' dir='ltr' id='par_1_66' title="bbox 2205 532 3862 610">
     <span class='ocr_line' id='line_1_66' title="bbox 2205 532 3862 610; baseline 0.008 -27"><span class='ocrx_word' id='word_1_533' title='bbox 2205 532 2311 601; x_wconf 83' lang='grc' dir='ltr'>γὰρ</span> <span class='ocrx_word' id='word_1_534' title='bbox 2337 533 2518 603; x_wconf 72' lang='grc' dir='ltr'>ἕτερος</span> <span class='ocrx_word' id='word_1_535' title='bbox 2546 539 2826 606; x_wconf 73' lang='grc' dir='ltr'>προφήτης</span> <span class='ocrx_word' id='word_1_536' title='bbox 2849 539 2972 599; x_wconf 85' lang='grc' dir='ltr'>τοὺς</span> <span class='ocrx_word' id='word_1_537' title='bbox 2995 536 3317 597; x_wconf 81' lang='grc' dir='ltr'>πεποιθότας</span> <span class='ocrx_word' id='word_1_538' title='bbox 3349 535 3439 588; x_wconf 76' lang='grc' dir='ltr'>ἐπὶ</span> <span class='ocrx_word' id='word_1_539' title='bbox 3463 538 3553 589; x_wconf 74' lang='grc' dir='ltr'>τὸν</span> <span class='ocrx_word' id='word_1_540' title='bbox 3585 537 3714 592; x_wconf 77' lang='grc' dir='ltr'>Θεὸν</span> <span class='ocrx_word' id='word_1_541' title='bbox 3735 541 3862 610; x_wconf 72' lang='grc' dir='ltr'>ὄρει</span> 
     </span>
    </p>
   </div>
   <div class='ocr_carea' id='block_1_67' title="bbox 2205 619 3860 694">
    <p class='ocr_par' dir='ltr' id='par_1_67' title="bbox 2205 619 3860 694">
     <span class='ocr_line' id='line_1_67' title="bbox 2205 619 3860 694; baseline 0.007 -27"><span class='ocrx_word' id='word_1_542' title='bbox 2205 619 2569 687; x_wconf 83' lang='grc' dir='ltr'>παραϐάλλει.</span> <span class='ocrx_word' id='word_1_543' title='bbox 2626 623 2684 674; x_wconf 88' lang='lat'>16</span> <span class='ocrx_word' id='word_1_544' title='bbox 2724 623 3152 689; x_wconf 85' lang='grc' dir='ltr'>ἀκαταγώνιστον</span> <span class='ocrx_word' id='word_1_545' title='bbox 3205 621 3384 675; x_wconf 78' lang='grc' dir='ltr'>αὐτῶν</span> <span class='ocrx_word' id='word_1_546' title='bbox 3431 624 3860 694; x_wconf 86' lang='grc' dir='ltr'>ἐνδεικνύμενος.</span> 
     </span>
    </p>
   </div>
   <div class='ocr_carea' id='block_1_68' title="bbox 2219 703 3863 779">
    <p class='ocr_par' dir='ltr' id='par_1_68' title="bbox 2219 703 3863 779">
     <span class='ocr_line' id='line_1_68' title="bbox 2219 703 3863 779; baseline 0.005 -24"><span class='ocrx_word' id='word_1_547' title='bbox 2219 703 2525 772; x_wconf 64' lang='grc' dir='ltr'>Ἐμφανέᾳ</span> <span class='ocrx_word' id='word_1_548' title='bbox 2548 706 2716 760; x_wconf 90' lang='grc' dir='ltr'>Τοῦτο</span> <span class='ocrx_word' id='word_1_549' title='bbox 2741 708 2860 760; x_wconf 79' lang='grc' dir='ltr'>οὐδὲ</span> <span class='ocrx_word' id='word_1_550' title='bbox 2887 709 2983 777; x_wconf 80' lang='grc' dir='ltr'>τῆς</span> <span class='ocrx_word' id='word_1_551' title='bbox 3009 709 3113 764; x_wconf 81' lang='grc' dir='ltr'>ἀπὸ</span> <span class='ocrx_word' id='word_1_552' title='bbox 3147 708 3238 761; x_wconf 90' lang='grc' dir='ltr'>τοῦ</span> <span class='ocrx_word' id='word_1_553' title='bbox 3271 708 3428 777; x_wconf 88' lang='grc' dir='ltr'>λόγου</span> <span class='ocrx_word' id='word_1_554' title='bbox 3467 707 3648 760; x_wconf 83' lang='grc' dir='ltr'>λοιπὸν</span> <span class='ocrx_word' id='word_1_555' title='bbox 3683 712 3863 779; x_wconf 78' lang='grc' dir='ltr'>ἑρμη-</span> 
     </span>
    </p>
   </div>
   <div class='ocr_carea' id='block_1_69' title="bbox 2203 791 3862 864">
    <p class='ocr_par' dir='ltr' id='par_1_69' title="bbox 2203 791 3862 864">
     <span class='ocr_line' id='line_1_69' title="bbox 2203 791 3862 864; baseline 0.003 -23"><span class='ocrx_word' id='word_1_556' title='bbox 2203 791 2350 854; x_wconf 89' lang='grc' dir='ltr'>νείας</span> <span class='ocrx_word' id='word_1_557' title='bbox 2377 793 2561 846; x_wconf 89' lang='grc' dir='ltr'>δεῖται.</span> <span class='ocrx_word' id='word_1_558' title='bbox 2593 793 2776 856; x_wconf 86' lang='grc' dir='ltr'>υῦτως</span> <span class='ocrx_word' id='word_1_559' title='bbox 2804 793 2940 863; x_wconf 80' lang='grc' dir='ltr'>αὑτὴ</span> <span class='ocrx_word' id='word_1_560' title='bbox 2973 795 3077 846; x_wconf 92' lang='grc' dir='ltr'>τῶν</span> <span class='ocrx_word' id='word_1_561' title='bbox 3099 795 3437 864; x_wconf 84' lang='grc' dir='ltr'>πραγμάτων</span> <span class='ocrx_word' id='word_1_562' title='bbox 3467 796 3500 864; x_wconf 83' lang='grc' dir='ltr'>ή</span> <span class='ocrx_word' id='word_1_563' title='bbox 3525 794 3684 863; x_wconf 83' lang='grc' dir='ltr'>φύσις</span> <span class='ocrx_word' id='word_1_564' title='bbox 3721 797 3862 848; x_wconf 81' lang='grc' dir='ltr'>σάλ-</span> 
     </span>
    </p>
   </div>
   <div class='ocr_carea' id='block_1_70' title="bbox 2204 879 3862 952">
    <p class='ocr_par' dir='ltr' id='par_1_70' title="bbox 2204 879 3862 952">
     <span class='ocr_line' id='line_1_70' title="bbox 2204 879 3862 952; baseline 0.004 -25"><span class='ocrx_word' id='word_1_565' title='bbox 2204 894 2396 944; x_wconf 89' lang='grc' dir='ltr'>πιγγος</span> <span class='ocrx_word' id='word_1_566' title='bbox 2442 879 2820 950; x_wconf 88' lang='grc' dir='ltr'>λαμπροτέραν</span> <span class='ocrx_word' id='word_1_567' title='bbox 2877 879 3057 949; x_wconf 83' lang='grc' dir='ltr'>φωνὴν</span> <span class='ocrx_word' id='word_1_568' title='bbox 3125 881 3362 950; x_wconf 82' lang='grc' dir='ltr'>ἀφίησι,</span> <span class='ocrx_word' id='word_1_569' title='bbox 3436 880 3498 934; x_wconf 85' lang='lat'>16</span> <span class='ocrx_word' id='word_1_570' title='bbox 3557 884 3862 952; x_wconf 79' lang='grc' dir='ltr'>περιφανὲς</span> 
     </span>
    </p>
   </div>
   <div class='ocr_carea' id='block_1_71' title="bbox 2201 961 3864 1037">
    <p class='ocr_par' dir='ltr' id='par_1_71' title="bbox 2201 961 3864 1037">
     <span class='ocr_line' id='line_1_71' title="bbox 2201 961 3864 1037; baseline 0.004 -23"><span class='ocrx_word' id='word_1_571' title='bbox 2201 961 2575 1034; x_wconf 80' lang='grc' dir='ltr'>ὲνδεικνυμένη</span> <span class='ocrx_word' id='word_1_572' title='bbox 2637 965 2734 1034; x_wconf 80' lang='grc' dir='ltr'>τῆς</span> <span class='ocrx_word' id='word_1_573' title='bbox 2782 965 3119 1035; x_wconf 86' lang='grc' dir='ltr'>Ἐκκλησίας.</span> <span class='ocrx_word' id='word_1_574' title='bbox 3183 967 3256 1018; x_wconf 86' lang='lat' dir='ltr'><em>U6</em></span> <span class='ocrx_word' id='word_1_575' title='bbox 3310 966 3418 1037; x_wconf 86' lang='grc' dir='ltr'>γὰρ</span> <span class='ocrx_word' id='word_1_576' title='bbox 3470 968 3647 1032; x_wconf 86' lang='grc' dir='ltr'>οῦτως</span> <span class='ocrx_word' id='word_1_577' title='bbox 3701 968 3864 1036; x_wconf 79' lang='grc' dir='ltr'>ἥλιος</span> 
     </span>
    </p>
   </div>
   <div class='ocr_carea' id='block_1_72' title="bbox 2203 1047 3864 1125">
    <p class='ocr_par' dir='ltr' id='par_1_72' title="bbox 2203 1047 3864 1125">
     <span class='ocr_line' id='line_1_72' title="bbox 2203 1047 3864 1125; baseline 0.005 -26"><span class='ocrx_word' id='word_1_578' title='bbox 2203 1047 2387 1113; x_wconf 82' lang='grc' dir='ltr'>φανὸς,</span> <span class='ocrx_word' id='word_1_579' title='bbox 2419 1049 2534 1101; x_wconf 75' lang='grc' dir='ltr'>οὐδὲ</span> <span class='ocrx_word' id='word_1_580' title='bbox 2569 1049 2628 1102; x_wconf 85' lang='grc' dir='ltr'>τὸ</span> <span class='ocrx_word' id='word_1_581' title='bbox 2656 1050 2720 1103; x_wconf 88' lang='grc' dir='ltr'>ἐκ</span> <span class='ocrx_word' id='word_1_582' title='bbox 2772 1049 2960 1102; x_wconf 86' lang='grc' dir='ltr'>τούτου</span> <span class='ocrx_word' id='word_1_583' title='bbox 3011 1051 3144 1118; x_wconf 85' lang='grc' dir='ltr'>φῶς,</span> <span class='ocrx_word' id='word_1_584' title='bbox 3187 1051 3261 1112; x_wconf 89' lang='grc' dir='ltr'>ώς</span> <span class='ocrx_word' id='word_1_585' title='bbox 3296 1053 3392 1122; x_wconf 82' lang='grc' dir='ltr'>τῆς</span> <span class='ocrx_word' id='word_1_586' title='bbox 3428 1054 3760 1125; x_wconf 82' lang='grc' dir='ltr'>Ἐκκλησίας</span> <span class='ocrx_word' id='word_1_587' title='bbox 3790 1052 3864 1106; x_wconf 80' lang='grc' dir='ltr'>τὰ</span> 
     </span>
    </p>
   </div>
   <div class='ocr_carea' id='block_1_73' title="bbox 2201 1131 3859 1208">
    <p class='ocr_par' dir='ltr' id='par_1_73' title="bbox 2201 1131 3859 1208">
     <span class='ocr_line' id='line_1_73' title="bbox 2201 1131 3859 1208; baseline 0.007 -26"><span class='ocrx_word' id='word_1_588' title='bbox 2201 1131 2514 1201; x_wconf 84' lang='grc' dir='ltr'>πράγματα.</span> <span class='ocrx_word' id='word_1_589' title='bbox 2539 1135 2647 1187; x_wconf 78' lang='grc' dir='ltr'>Καὶ</span> <span class='ocrx_word' id='word_1_590' title='bbox 2683 1134 2789 1204; x_wconf 80' lang='grc' dir='ltr'>γὰρ</span> <span class='ocrx_word' id='word_1_591' title='bbox 2815 1139 2847 1189; x_wconf 83' lang='grc' dir='ltr'>ό</span> <span class='ocrx_word' id='word_1_592' title='bbox 2879 1133 3043 1201; x_wconf 76' lang='grc' dir='ltr'>οἶκος</span> <span class='ocrx_word' id='word_1_593' title='bbox 3072 1136 3176 1190; x_wconf 86' lang='grc' dir='ltr'>τοῦ</span> <span class='ocrx_word' id='word_1_594' title='bbox 3214 1137 3358 1190; x_wconf 84' lang='grc' dir='ltr'>Θεοῦ</span> <span class='ocrx_word' id='word_1_595' title='bbox 3384 1139 3473 1191; x_wconf 81' lang='grc' dir='ltr'>ἐπ’</span> <span class='ocrx_word' id='word_1_596' title='bbox 3500 1140 3696 1208; x_wconf 75' lang='grc' dir='ltr'>ἄκρων</span> <span class='ocrx_word' id='word_1_597' title='bbox 3727 1140 3859 1195; x_wconf 80' lang='grc' dir='ltr'>τῶν</span> 
     </span>
    </p>
   </div>
   <div class='ocr_carea' id='block_1_74' title="bbox 2201 1216 2402 1285">
    <p class='ocr_par' dir='ltr' id='par_1_74' title="bbox 2201 1216 2402 1285">
     <span class='ocr_line' id='line_1_74' title="bbox 2201 1216 2402 1285; baseline 0.02 -17"><span class='ocrx_word' id='word_1_598' title='bbox 2201 1216 2402 1285; x_wconf 77' lang='grc' dir='ltr'>ὀρέων.</span> 
     </span>
    </p>
   </div>
   <div class='ocr_carea' id='block_1_75' title="bbox 2268 1356 3857 1432">
    <p class='ocr_par' dir='ltr' id='par_1_75' title="bbox 2268 1356 3857 1432">
     <span class='ocr_line' id='line_1_75' title="bbox 2268 1356 3857 1432; baseline 0.006 -25"><span class='ocrx_word' id='word_1_599' title='bbox 2268 1361 2337 1420; x_wconf 83' lang='grc' dir='ltr'>γ’.</span> <span class='ocrx_word' id='word_1_600' title='bbox 2378 1356 2498 1416; x_wconf 82' lang='grc' dir='ltr'>Πῶς</span> <span class='ocrx_word' id='word_1_601' title='bbox 2526 1356 2592 1409; x_wconf 83' lang='grc' dir='ltr'>ἂν</span> <span class='ocrx_word' id='word_1_602' title='bbox 2628 1356 2781 1408; x_wconf 87' lang='grc' dir='ltr'>τοῦτο</span> <span class='ocrx_word' id='word_1_603' title='bbox 2809 1358 3185 1428; x_wconf 81' lang='grc' dir='ltr'>ἐρμηνεύσειεν</span> <span class='ocrx_word' id='word_1_604' title='bbox 3212 1360 3242 1411; x_wconf 91' lang='lat'>6</span> <span class='ocrx_word' id='word_1_605' title='bbox 3284 1360 3559 1424; x_wconf 86' lang='grc' dir='ltr'>Ἰουδαῖος;</span> <span class='ocrx_word' id='word_1_606' title='bbox 3592 1361 3857 1432; x_wconf 83' lang='grc' dir='ltr'>Οῦδαμοῦ</span> 
     </span>
    </p>
   </div>
   <div class='ocr_carea' id='block_1_76' title="bbox 2200 1438 3857 1516">
    <p class='ocr_par' dir='ltr' id='par_1_76' title="bbox 2200 1438 3857 1516">
     <span class='ocr_line' id='line_1_76' title="bbox 2200 1438 3857 1516; baseline 0.007 -27"><span class='ocrx_word' id='word_1_607' title='bbox 2200 1438 2306 1507; x_wconf 80' lang='grc' dir='ltr'>γάρ</span> <span class='ocrx_word' id='word_1_608' title='bbox 2342 1440 2428 1491; x_wconf 85' lang='grc' dir='ltr'>ἐπ’</span> <span class='ocrx_word' id='word_1_609' title='bbox 2456 1441 2637 1508; x_wconf 78' lang='grc' dir='ltr'>ἄκρων</span> <span class='ocrx_word' id='word_1_610' title='bbox 2663 1440 2770 1494; x_wconf 87' lang='grc' dir='ltr'>τῶν</span> <span class='ocrx_word' id='word_1_611' title='bbox 2795 1441 2962 1509; x_wconf 84' lang='grc' dir='ltr'>ὀρέων</span> <span class='ocrx_word' id='word_1_612' title='bbox 2999 1445 3027 1495; x_wconf 93' lang='lat'>6</span> <span class='ocrx_word' id='word_1_613' title='bbox 3056 1444 3181 1505; x_wconf 89' lang='grc' dir='ltr'>ναός</span> <span class='ocrx_word' id='word_1_614' title='bbox 3221 1445 3398 1496; x_wconf 85' lang='grc' dir='ltr'>ἐστιν·</span> <span class='ocrx_word' id='word_1_615' title='bbox 3443 1447 3475 1516; x_wconf 88' lang='grc' dir='ltr'>ή</span> <span class='ocrx_word' id='word_1_616' title='bbox 3521 1447 3699 1514; x_wconf 89' lang='grc' dir='ltr'>μέντοι</span> <span class='ocrx_word' id='word_1_617' title='bbox 3746 1448 3857 1516; x_wconf 76' lang='grc' dir='ltr'>τῆς</span> 
     </span>
    </p>
   </div>
   <div class='ocr_carea' id='block_1_77' title="bbox 2214 1525 3859 1601">
    <p class='ocr_par' dir='ltr' id='par_1_77' title="bbox 2214 1525 3859 1601">
     <span class='ocr_line' id='line_1_77' title="bbox 2214 1525 3859 1601; baseline 0.006 -25"><span class='ocrx_word' id='word_1_618' title='bbox 2214 1525 2531 1595; x_wconf 84' lang='grc' dir='ltr'>Ἐκκλησίας</span> <span class='ocrx_word' id='word_1_619' title='bbox 2569 1525 2794 1596; x_wconf 86' lang='grc' dir='ltr'>δύναμις</span> <span class='ocrx_word' id='word_1_620' title='bbox 2846 1527 3025 1580; x_wconf 71' lang='grc' dir='ltr'>αὐτῶν</span> <span class='ocrx_word' id='word_1_621' title='bbox 3077 1529 3249 1597; x_wconf 77' lang='grc' dir='ltr'>ἥψατο</span> <span class='ocrx_word' id='word_1_622' title='bbox 3289 1531 3395 1582; x_wconf 90' lang='grc' dir='ltr'>τῶν</span> <span class='ocrx_word' id='word_1_623' title='bbox 3438 1533 3699 1601; x_wconf 74' lang='grc' dir='ltr'>οὐρανῶν.</span> <span class='ocrx_word' id='word_1_624' title='bbox 3739 1534 3859 1587; x_wconf 79' lang='grc' dir='ltr'>Καὶ</span> 
     </span>
    </p>
   </div>
   <div class='ocr_carea' id='block_1_78' title="bbox 2199 1606 3856 1683">
    <p class='ocr_par' dir='ltr' id='par_1_78' title="bbox 2199 1606 3856 1683">
     <span class='ocr_line' id='line_1_78' title="bbox 2199 1606 3856 1683; baseline 0.007 -22"><span class='ocrx_word' id='word_1_625' title='bbox 2199 1608 2397 1662; x_wconf 68' lang='grc' dir='ltr'>ὡσανεὶ</span> <span class='ocrx_word' id='word_1_626' title='bbox 2428 1606 2572 1674; x_wconf 74' lang='grc' dir='ltr'>οἰκος</span> <span class='ocrx_word' id='word_1_627' title='bbox 2614 1611 2752 1681; x_wconf 79' lang='grc' dir='ltr'>ὑπὲρ</span> <span class='ocrx_word' id='word_1_628' title='bbox 2783 1614 3026 1681; x_wconf 76' lang='grc' dir='ltr'>κορυφῆς</span> <span class='ocrx_word' id='word_1_629' title='bbox 3061 1613 3203 1681; x_wconf 85' lang='grc' dir='ltr'>ὀρῶν</span> <span class='ocrx_word' id='word_1_630' title='bbox 3245 1615 3491 1683; x_wconf 82' lang='grc' dir='ltr'>κείμενος</span> <span class='ocrx_word' id='word_1_631' title='bbox 3532 1620 3694 1672; x_wconf 80' lang='grc' dir='ltr'>πᾶσίν</span> <span class='ocrx_word' id='word_1_632' title='bbox 3727 1621 3856 1674; x_wconf 82' lang='grc' dir='ltr'>ἐστι</span> 
     </span>
    </p>
   </div>
   <div class='ocr_carea' id='block_1_79' title="bbox 2200 1694 3858 1771">
    <p class='ocr_par' dir='ltr' id='par_1_79' title="bbox 2200 1694 3858 1771">
     <span class='ocr_line' id='line_1_79' title="bbox 2200 1694 3858 1771; baseline 0.007 -26"><span class='ocrx_word' id='word_1_633' title='bbox 2200 1694 2511 1763; x_wconf 80' lang='grc' dir='ltr'>κατάδηλος,</span> <span class='ocrx_word' id='word_1_634' title='bbox 2538 1695 2680 1748; x_wconf 79' lang='grc' dir='ltr'>οὕτω</span> <span class='ocrx_word' id='word_1_635' title='bbox 2709 1697 2802 1749; x_wconf 80' lang='grc' dir='ltr'>καὶ</span> <span class='ocrx_word' id='word_1_636' title='bbox 2834 1695 3012 1766; x_wconf 80' lang='grc' dir='ltr'>πολλῷ</span> <span class='ocrx_word' id='word_1_637' title='bbox 3044 1697 3204 1750; x_wconf 87' lang='grc' dir='ltr'>πλέον</span> <span class='ocrx_word' id='word_1_638' title='bbox 3243 1700 3378 1769; x_wconf 81' lang='grc' dir='ltr'>αὑτὴ</span> <span class='ocrx_word' id='word_1_639' title='bbox 3409 1703 3705 1771; x_wconf 81' lang='grc' dir='ltr'>περιφανὴς</span> <span class='ocrx_word' id='word_1_640' title='bbox 3740 1707 3858 1756; x_wconf 78' lang='grc' dir='ltr'>πά-</span> 
     </span>
    </p>
   </div>
   <div class='ocr_carea' id='block_1_80' title="bbox 2201 1773 3860 1854">
    <p class='ocr_par' dir='ltr' id='par_1_80' title="bbox 2201 1773 3860 1854">
     <span class='ocr_line' id='line_1_80' title="bbox 2201 1773 3860 1854; baseline 0.007 -24"><span class='ocrx_word' id='word_1_641' title='bbox 2201 1795 2284 1831; x_wconf 91' lang='grc' dir='ltr'>σιν</span> <span class='ocrx_word' id='word_1_642' title='bbox 2316 1779 2616 1850; x_wconf 89' lang='grc' dir='ltr'>ἀνθρώποις</span> <span class='ocrx_word' id='word_1_643' title='bbox 2643 1782 2851 1850; x_wconf 86' lang='grc' dir='ltr'>γέγονε.</span> <span class='ocrx_word' id='word_1_644' title='bbox 2879 1784 2989 1836; x_wconf 81' lang='grc' dir='ltr'>Καὶ</span> <span class='ocrx_word' id='word_1_645' title='bbox 3015 1782 3396 1851; x_wconf 71' lang='grc' dir='ltr'>ὑψωθήσεται</span> <span class='ocrx_word' id='word_1_646' title='bbox 3426 1773 3697 1854; x_wconf 69' lang='grc' dir='ltr'>ὑπεράνω</span> <span class='ocrx_word' id='word_1_647' title='bbox 3727 1787 3860 1841; x_wconf 73' lang='grc' dir='ltr'>τῶν</span> 
     </span>
    </p>
   </div>
   <div class='ocr_carea' id='block_1_81' title="bbox 2192 1865 3855 1942">
    <p class='ocr_par' dir='ltr' id='par_1_81' title="bbox 2192 1865 3855 1942">
     <span class='ocr_line' id='line_1_81' title="bbox 2192 1865 3855 1942; baseline 0.005 -24"><span class='ocrx_word' id='word_1_648' title='bbox 2192 1865 2454 1928; x_wconf 74' lang='grc' dir='ltr'>βουνῶν.</span> <span class='ocrx_word' id='word_1_649' title='bbox 2476 1867 2546 1920; x_wconf 87' lang='lat' dir='ltr'><em>T6</em></span> <span class='ocrx_word' id='word_1_650' title='bbox 2565 1868 2692 1921; x_wconf 78' lang='grc' dir='ltr'>αὐτὸ</span> <span class='ocrx_word' id='word_1_651' title='bbox 2717 1869 2870 1922; x_wconf 90' lang='grc' dir='ltr'>τοῦτο</span> <span class='ocrx_word' id='word_1_652' title='bbox 2892 1869 3050 1924; x_wconf 88' lang='grc' dir='ltr'>πάλιν</span> <span class='ocrx_word' id='word_1_653' title='bbox 3078 1871 3436 1940; x_wconf 88' lang='grc' dir='ltr'>ήρμήνευσεν,</span> <span class='ocrx_word' id='word_1_654' title='bbox 3459 1871 3592 1942; x_wconf 83' lang='grc' dir='ltr'>ὅπερ</span> <span class='ocrx_word' id='word_1_655' title='bbox 3622 1873 3714 1925; x_wconf 75' lang='grc' dir='ltr'>ἐπὶ</span> <span class='ocrx_word' id='word_1_656' title='bbox 3750 1873 3855 1926; x_wconf 87' lang='grc' dir='ltr'>τοῦ</span> 
     </span>
    </p>
   </div>
   <div class='ocr_carea' id='block_1_82' title="bbox 2198 1947 3853 2026">
    <p class='ocr_par' dir='ltr' id='par_1_82' title="bbox 2198 1947 3853 2026">
     <span class='ocr_line' id='line_1_82' title="bbox 2198 1947 3853 2026; baseline 0.005 -25"><span class='ocrx_word' id='word_1_657' title='bbox 2198 1947 2325 2002; x_wconf 89' lang='grc' dir='ltr'>ναοῦ</span> <span class='ocrx_word' id='word_1_658' title='bbox 2357 1949 2604 2003; x_wconf 78' lang='grc' dir='ltr'>οὐδέποτε</span> <span class='ocrx_word' id='word_1_659' title='bbox 2635 1951 2850 2022; x_wconf 89' lang='grc' dir='ltr'>συνέϐη,</span> <span class='ocrx_word' id='word_1_660' title='bbox 2880 1952 2999 2005; x_wconf 79' lang='grc' dir='ltr'>οὐδὲ</span> <span class='ocrx_word' id='word_1_661' title='bbox 3022 1953 3182 2023; x_wconf 86' lang='grc' dir='ltr'>ήνίκα</span> <span class='ocrx_word' id='word_1_662' title='bbox 3205 1955 3399 2023; x_wconf 84' lang='grc' dir='ltr'>ἀριστα</span> <span class='ocrx_word' id='word_1_663' title='bbox 3431 1955 3689 2026; x_wconf 88' lang='grc' dir='ltr'>πράττειν</span> <span class='ocrx_word' id='word_1_664' title='bbox 3723 1957 3853 2009; x_wconf 74' lang='grc' dir='ltr'>ἐδό-</span> 
     </span>
    </p>
   </div>
   <div class='ocr_carea' id='block_1_83' title="bbox 2199 2037 3855 2109">
    <p class='ocr_par' dir='ltr' id='par_1_83' title="bbox 2199 2037 3855 2109">
     <span class='ocr_line' id='line_1_83' title="bbox 2199 2037 3855 2109; baseline 0.005 -21"><span class='ocrx_word' id='word_1_665' title='bbox 2199 2053 2301 2089; x_wconf 87' lang='grc' dir='ltr'>κει.</span> <span class='ocrx_word' id='word_1_666' title='bbox 2350 2037 2472 2101; x_wconf 89' lang='grc' dir='ltr'>Πῶς</span> <span class='ocrx_word' id='word_1_667' title='bbox 2507 2038 2635 2109; x_wconf 81' lang='grc' dir='ltr'>γὰρ,</span> <span class='ocrx_word' id='word_1_668' title='bbox 2667 2039 2799 2093; x_wconf 79' lang='grc' dir='ltr'>ὅπου</span> <span class='ocrx_word' id='word_1_669' title='bbox 2832 2055 2896 2107; x_wconf 88' lang='grc' dir='ltr'>γε</span> <span class='ocrx_word' id='word_1_670' title='bbox 2940 2039 3034 2093; x_wconf 74' lang='grc' dir='ltr'>καὶ</span> <span class='ocrx_word' id='word_1_671' title='bbox 3072 2041 3162 2093; x_wconf 82' lang='grc' dir='ltr'>ὑπ’</span> <span class='ocrx_word' id='word_1_672' title='bbox 3205 2040 3382 2094; x_wconf 82' lang='grc' dir='ltr'>αὐτῶν</span> <span class='ocrx_word' id='word_1_673' title='bbox 3421 2043 3529 2095; x_wconf 89' lang='grc' dir='ltr'>τῶν</span> <span class='ocrx_word' id='word_1_674' title='bbox 3575 2041 3855 2097; x_wconf 81' lang='grc' dir='ltr'>Ἰουδαίων</span> 
     </span>
    </p>
   </div>
   <div class='ocr_carea' id='block_1_84' title="bbox 2198 2122 3854 2197">
    <p class='ocr_par' dir='ltr' id='par_1_84' title="bbox 2198 2122 3854 2197">
     <span class='ocr_line' id='line_1_84' title="bbox 2198 2122 3854 2197; baseline 0.002 -21"><span class='ocrx_word' id='word_1_675' title='bbox 2198 2122 2451 2186; x_wconf 81' lang='grc' dir='ltr'>πολλάκις</span> <span class='ocrx_word' id='word_1_676' title='bbox 2475 2125 2783 2195; x_wconf 75' lang='grc' dir='ltr'>ήτιμάζετο,</span> <span class='ocrx_word' id='word_1_677' title='bbox 2804 2126 2898 2180; x_wconf 76' lang='grc' dir='ltr'>καὶ</span> <span class='ocrx_word' id='word_1_678' title='bbox 2919 2124 3022 2179; x_wconf 75' lang='lat'><em>611:6</em></span> <span class='ocrx_word' id='word_1_679' title='bbox 3046 2125 3391 2197; x_wconf 83' lang='grc' dir='ltr'>βαρϐαρικῶν</span> <span class='ocrx_word' id='word_1_680' title='bbox 3415 2128 3704 2196; x_wconf 73' lang='grc' dir='ltr'>ἠφανίζετο</span> <span class='ocrx_word' id='word_1_681' title='bbox 3730 2146 3854 2197; x_wconf 82' lang='grc' dir='ltr'>χει-</span> 
     </span>
    </p>
   </div>
   <div class='ocr_carea' id='block_1_85' title="bbox 2198 2209 3854 2284">
    <p class='ocr_par' dir='ltr' id='par_1_85' title="bbox 2198 2209 3854 2284">
     <span class='ocr_line' id='line_1_85' title="bbox 2198 2209 3854 2284; baseline 0.004 -22"><span class='ocrx_word' id='word_1_682' title='bbox 2198 2209 2306 2280; x_wconf 91' lang='grc' dir='ltr'>ρῶν</span> <span class='ocrx_word' id='word_1_683' title='bbox 2326 2227 2341 2274; x_wconf 89' lang='lat'><strong>;</strong></span> <span class='ocrx_word' id='word_1_684' title='bbox 2369 2211 2431 2264; x_wconf 82' lang='grc' dir='ltr'>Ἡ</span> <span class='ocrx_word' id='word_1_685' title='bbox 2451 2211 2507 2264; x_wconf 79' lang='grc' dir='ltr'>δὲ</span> <span class='ocrx_word' id='word_1_686' title='bbox 2528 2211 2628 2282; x_wconf 84' lang='grc' dir='ltr'>τῆς</span> <span class='ocrx_word' id='word_1_687' title='bbox 2652 2213 2972 2284; x_wconf 79' lang='grc' dir='ltr'>ἐκκλησίας</span> <span class='ocrx_word' id='word_1_688' title='bbox 3003 2213 3154 2283; x_wconf 85' lang='grc' dir='ltr'>ἰσχὺς</span> <span class='ocrx_word' id='word_1_689' title='bbox 3184 2213 3490 2284; x_wconf 74' lang='grc' dir='ltr'>ἐπολεμήθη</span> <span class='ocrx_word' id='word_1_690' title='bbox 3513 2215 3609 2284; x_wconf 83' lang='grc' dir='ltr'>μὲν</span> <span class='ocrx_word' id='word_1_691' title='bbox 3629 2216 3854 2269; x_wconf 70' lang='grc' dir='ltr'>ἐκείνου</span> 
     </span>
    </p>
   </div>
   <div class='ocr_carea' id='block_1_86' title="bbox 2195 2295 3856 2367">
    <p class='ocr_par' dir='ltr' id='par_1_86' title="bbox 2195 2295 3856 2367">
     <span class='ocr_line' id='line_1_86' title="bbox 2195 2295 3856 2367; baseline 0.002 -18"><span class='ocrx_word' id='word_1_692' title='bbox 2195 2295 2566 2367; x_wconf 75' lang='grc' dir='ltr'>χαλεπώτερον</span> <span class='ocrx_word' id='word_1_693' title='bbox 2597 2298 2688 2350; x_wconf 76' lang='grc' dir='ltr'>καὶ</span> <span class='ocrx_word' id='word_1_694' title='bbox 2720 2298 2910 2351; x_wconf 77' lang='grc' dir='ltr'>πλέον’</span> <span class='ocrx_word' id='word_1_695' title='bbox 2937 2296 3045 2363; x_wconf 78' lang='grc' dir='ltr'>εῐξε</span> <span class='ocrx_word' id='word_1_696' title='bbox 3077 2299 3133 2351; x_wconf 83' lang='grc' dir='ltr'>δὲ</span> <span class='ocrx_word' id='word_1_697' title='bbox 3161 2299 3413 2352; x_wconf 81' lang='grc' dir='ltr'>οὐδέποτε</span> <span class='ocrx_word' id='word_1_698' title='bbox 3442 2302 3563 2362; x_wconf 90' lang='grc' dir='ltr'>ταῖς</span> <span class='ocrx_word' id='word_1_699' title='bbox 3592 2299 3699 2352; x_wconf 89' lang='grc' dir='ltr'>τῶν</span> <span class='ocrx_word' id='word_1_700' title='bbox 3739 2317 3856 2353; x_wconf 80' lang='grc' dir='ltr'>πο-</span> 
     </span>
    </p>
   </div>
   <div class='ocr_carea' id='block_1_87' title="bbox 2195 2381 3854 2458">
    <p class='ocr_par' dir='ltr' id='par_1_87' title="bbox 2195 2381 3854 2458">
     <span class='ocr_line' id='line_1_87' title="bbox 2195 2381 3854 2458; baseline 0.003 -25"><span class='ocrx_word' id='word_1_701' title='bbox 2195 2381 2500 2451; x_wconf 83' lang='grc' dir='ltr'>λεμούντων</span> <span class='ocrx_word' id='word_1_702' title='bbox 2529 2384 2711 2454; x_wconf 72' lang='grc' dir='ltr'>χερσὶν</span> <span class='ocrx_word' id='word_1_703' title='bbox 2733 2424 2750 2450; x_wconf 93' lang='grc'>,</span> <span class='ocrx_word' id='word_1_704' title='bbox 2782 2384 2895 2439; x_wconf 84' lang='grc' dir='ltr'>ἀλλ’</span> <span class='ocrx_word' id='word_1_705' title='bbox 2927 2385 3228 2455; x_wconf 74' lang='grc' dir='ltr'>ὑψηλοτέρα</span> <span class='ocrx_word' id='word_1_706' title='bbox 3263 2386 3356 2438; x_wconf 80' lang='grc' dir='ltr'>καὶ</span> <span class='ocrx_word' id='word_1_707' title='bbox 3407 2388 3854 2458; x_wconf 80' lang='grc' dir='ltr'>περιφανεστέρα</span> 
     </span>
    </p>
   </div>
   <div class='ocr_carea' id='block_1_88' title="bbox 2199 2470 3854 2547">
    <p class='ocr_par' dir='ltr' id='par_1_88' title="bbox 2199 2470 3854 2547">
     <span class='ocr_line' id='line_1_88' title="bbox 2199 2470 3854 2547; baseline 0.005 -26"><span class='ocrx_word' id='word_1_708' title='bbox 2199 2470 2429 2536; x_wconf 83' lang='grc' dir='ltr'>μάλιστα</span> <span class='ocrx_word' id='word_1_709' title='bbox 2451 2471 2553 2524; x_wconf 81' lang='grc' dir='ltr'>ὑπὸ</span> <span class='ocrx_word' id='word_1_710' title='bbox 2576 2471 2684 2524; x_wconf 91' lang='grc' dir='ltr'>τῶν</span> <span class='ocrx_word' id='word_1_711' title='bbox 2703 2472 2973 2542; x_wconf 82' lang='grc' dir='ltr'>πολεμίων</span> <span class='ocrx_word' id='word_1_712' title='bbox 3003 2474 3223 2541; x_wconf 86' lang='grc' dir='ltr'>ἐγίνετο.</span> <span class='ocrx_word' id='word_1_713' title='bbox 3248 2475 3379 2527; x_wconf 81' lang='grc' dir='ltr'>Τότε</span> <span class='ocrx_word' id='word_1_714' title='bbox 3401 2476 3529 2543; x_wconf 87' lang='grc' dir='ltr'>γοῦν</span> <span class='ocrx_word' id='word_1_715' title='bbox 3555 2476 3665 2529; x_wconf 90' lang='grc' dir='ltr'>τῶν</span> <span class='ocrx_word' id='word_1_716' title='bbox 3699 2495 3854 2547; x_wconf 86' lang='grc' dir='ltr'>μαρ-</span> 
     </span>
    </p>
   </div>
   <div class='ocr_carea' id='block_1_89' title="bbox 2195 2553 3853 2630">
    <p class='ocr_par' dir='ltr' id='par_1_89' title="bbox 2195 2553 3853 2630">
     <span class='ocr_line' id='line_1_89' title="bbox 2195 2553 3853 2630; baseline 0.007 -27"><span class='ocrx_word' id='word_1_717' title='bbox 2195 2553 2372 2621; x_wconf 84' lang='grc' dir='ltr'>τύρων</span> <span class='ocrx_word' id='word_1_718' title='bbox 2403 2555 2453 2605; x_wconf 87' lang='grc' dir='ltr'>οί</span> <span class='ocrx_word' id='word_1_719' title='bbox 2484 2555 2640 2625; x_wconf 83' lang='grc' dir='ltr'>δῆμοι</span> <span class='ocrx_word' id='word_1_720' title='bbox 2659 2596 2674 2615; x_wconf 86' lang='grc'><strong>.</strong></span> <span class='ocrx_word' id='word_1_721' title='bbox 2705 2558 2823 2609; x_wconf 85' lang='grc' dir='ltr'>τότε</span> <span class='ocrx_word' id='word_1_722' title='bbox 2863 2560 2972 2610; x_wconf 87' lang='grc' dir='ltr'>τῶν</span> <span class='ocrx_word' id='word_1_723' title='bbox 2998 2558 3340 2628; x_wconf 84' lang='grc' dir='ltr'>δμολογητῶν</span> <span class='ocrx_word' id='word_1_724' title='bbox 3375 2561 3442 2612; x_wconf 89' lang='grc' dir='ltr'>τά</span> <span class='ocrx_word' id='word_1_725' title='bbox 3486 2560 3684 2630; x_wconf 85' lang='grc' dir='ltr'>πλήθη,</span> <span class='ocrx_word' id='word_1_726' title='bbox 3715 2562 3853 2614; x_wconf 83' lang='grc' dir='ltr'>τότε</span> 
     </span>
    </p>
   </div>
   <div class='ocr_carea' id='block_1_90' title="bbox 2198 2643 3855 2715">
    <p class='ocr_par' dir='ltr' id='par_1_90' title="bbox 2198 2643 3855 2715">
     <span class='ocr_line' id='line_1_90' title="bbox 2198 2643 3855 2715; baseline 0.004 -22"><span class='ocrx_word' id='word_1_727' title='bbox 2198 2644 2252 2694; x_wconf 89' lang='grc' dir='ltr'>αί</span> <span class='ocrx_word' id='word_1_728' title='bbox 2294 2643 2506 2712; x_wconf 83' lang='grc' dir='ltr'>σιδήρου</span> <span class='ocrx_word' id='word_1_729' title='bbox 2545 2643 2891 2714; x_wconf 75' lang='grc' dir='ltr'>στερρότεραι</span> <span class='ocrx_word' id='word_1_730' title='bbox 2930 2645 3310 2698; x_wconf 86' lang='grc' dir='ltr'>ἀπεδείκνυντο</span> <span class='ocrx_word' id='word_1_731' title='bbox 3353 2646 3558 2715; x_wconf 75' lang='grc' dir='ltr'>ψυχαὶ,</span> <span class='ocrx_word' id='word_1_732' title='bbox 3601 2648 3697 2699; x_wconf 81' lang='grc' dir='ltr'>καὶ</span> <span class='ocrx_word' id='word_1_733' title='bbox 3731 2648 3855 2700; x_wconf 78' lang='grc' dir='ltr'>τῶν</span> 
     </span>
    </p>
   </div>
   <div class='ocr_carea' id='block_1_91' title="bbox 2198 2729 3855 2803">
    <p class='ocr_par' dir='ltr' id='par_1_91' title="bbox 2198 2729 3855 2803">
     <span class='ocr_line' id='line_1_91' title="bbox 2198 2729 3855 2803; baseline 0.004 -23"><span class='ocrx_word' id='word_1_734' title='bbox 2198 2729 2438 2798; x_wconf 86' lang='grc' dir='ltr'>ἀστέρων</span> <span class='ocrx_word' id='word_1_735' title='bbox 2468 2729 2644 2781; x_wconf 81' lang='grc' dir='ltr'>αὐτῶν</span> <span class='ocrx_word' id='word_1_736' title='bbox 2671 2729 3054 2800; x_wconf 87' lang='grc' dir='ltr'>ἀκριϐέστερον</span> <span class='ocrx_word' id='word_1_737' title='bbox 3081 2730 3338 2799; x_wconf 74' lang='grc' dir='ltr'>ἔλαμπον,</span> <span class='ocrx_word' id='word_1_738' title='bbox 3372 2731 3481 2784; x_wconf 86' lang='grc' dir='ltr'>τῶν</span> <span class='ocrx_word' id='word_1_739' title='bbox 3515 2731 3614 2800; x_wconf 82' lang='grc' dir='ltr'>μὲν</span> <span class='ocrx_word' id='word_1_740' title='bbox 3653 2734 3855 2803; x_wconf 86' lang='grc' dir='ltr'>σωμά-</span> 
     </span>
    </p>
   </div>
   <div class='ocr_carea' id='block_1_92' title="bbox 2197 2815 3852 2886">
    <p class='ocr_par' dir='ltr' id='par_1_92' title="bbox 2197 2815 3852 2886">
     <span class='ocr_line' id='line_1_92' title="bbox 2197 2815 3852 2886; baseline 0.004 -20"><span class='ocrx_word' id='word_1_741' title='bbox 2197 2833 2303 2868; x_wconf 91' lang='grc' dir='ltr'>των</span> <span class='ocrx_word' id='word_1_742' title='bbox 2335 2817 2511 2878; x_wconf 73' lang='grc' dir='ltr'>αῦτοῖς</span> <span class='ocrx_word' id='word_1_743' title='bbox 2553 2815 3058 2884; x_wconf 81' lang='grc' dir='ltr'>κατακοπτομένων,</span> <span class='ocrx_word' id='word_1_744' title='bbox 3096 2815 3194 2884; x_wconf 81' lang='grc' dir='ltr'>τῆς</span> <span class='ocrx_word' id='word_1_745' title='bbox 3224 2815 3445 2886; x_wconf 85' lang='grc' dir='ltr'>γνώμης</span> <span class='ocrx_word' id='word_1_746' title='bbox 3477 2817 3532 2869; x_wconf 70' lang='grc' dir='ltr'>δὲ</span> <span class='ocrx_word' id='word_1_747' title='bbox 3579 2819 3640 2870; x_wconf 86' lang='lat'>06</span> <span class='ocrx_word' id='word_1_748' title='bbox 3673 2836 3852 2872; x_wconf 85' lang='grc' dir='ltr'>νικω-</span> 
     </span>
    </p>
   </div>
   <div class='ocr_carea' id='block_1_93' title="bbox 2200 2899 3856 2972">
    <p class='ocr_par' dir='ltr' id='par_1_93' title="bbox 2200 2899 3856 2972">
     <span class='ocr_line' id='line_1_93' title="bbox 2200 2899 3856 2972; baseline 0.004 -20"><span class='ocrx_word' id='word_1_749' title='bbox 2200 2903 2384 2970; x_wconf 86' lang='grc' dir='ltr'>μένης,</span> <span class='ocrx_word' id='word_1_750' title='bbox 2406 2901 2540 2954; x_wconf 86' lang='grc' dir='ltr'>ἀλλά</span> <span class='ocrx_word' id='word_1_751' title='bbox 2565 2901 2869 2972; x_wconf 84' lang='grc' dir='ltr'>κρατούσης</span> <span class='ocrx_word' id='word_1_752' title='bbox 2897 2903 2989 2955; x_wconf 80' lang='grc' dir='ltr'>καὶ</span> <span class='ocrx_word' id='word_1_753' title='bbox 3019 2904 3466 2972; x_wconf 83' lang='grc' dir='ltr'>στεφανουμένης.</span> <span class='ocrx_word' id='word_1_754' title='bbox 3487 2903 3578 2966; x_wconf 88' lang='grc' dir='ltr'>Τίς</span> <span class='ocrx_word' id='word_1_755' title='bbox 3605 2899 3738 2966; x_wconf 79' lang='grc' dir='ltr'>εἶδε,</span> <span class='ocrx_word' id='word_1_756' title='bbox 3759 2907 3856 2969; x_wconf 81' lang='grc' dir='ltr'>τίς</span> 
     </span>
    </p>
   </div>
   <div class='ocr_carea' id='block_1_94' title="bbox 2196 2989 3855 3060">
    <p class='ocr_par' dir='ltr' id='par_1_94' title="bbox 2196 2989 3855 3060">
     <span class='ocr_line' id='line_1_94' title="bbox 2196 2989 3855 3060; baseline 0.002 -20"><span class='ocrx_word' id='word_1_757' title='bbox 2196 2989 2393 3056; x_wconf 79' lang='grc' dir='ltr'>ήκουσε</span> <span class='ocrx_word' id='word_1_758' title='bbox 2420 2990 2577 3057; x_wconf 83' lang='grc' dir='ltr'>φόνον</span> <span class='ocrx_word' id='word_1_759' title='bbox 2603 2990 2858 3058; x_wconf 81' lang='grc' dir='ltr'>στέφανον</span> <span class='ocrx_word' id='word_1_760' title='bbox 2880 2989 3130 3059; x_wconf 79' lang='grc' dir='ltr'>φέροντα,</span> <span class='ocrx_word' id='word_1_761' title='bbox 3150 2992 3246 3041; x_wconf 75' lang='grc' dir='ltr'>καὶ</span> <span class='ocrx_word' id='word_1_762' title='bbox 3273 2991 3485 3057; x_wconf 79' lang='grc' dir='ltr'>σφαγὴν</span> <span class='ocrx_word' id='word_1_763' title='bbox 3508 2990 3660 3058; x_wconf 89' lang='grc' dir='ltr'>νίκην</span> <span class='ocrx_word' id='word_1_764' title='bbox 3681 2992 3855 3060; x_wconf 73' lang='grc' dir='ltr'>ἐργαο</span> 
     </span>
    </p>
   </div>
   <div class='ocr_carea' id='block_1_95' title="bbox 2197 3073 3855 3144">
    <p class='ocr_par' dir='ltr' id='par_1_95' title="bbox 2197 3073 3855 3144">
     <span class='ocr_line' id='line_1_95' title="bbox 2197 3073 3855 3144; baseline 0.002 -20"><span class='ocrx_word' id='word_1_765' title='bbox 2197 3074 2450 3143; x_wconf 79' lang='grc' dir='ltr'>ζομένην,</span> <span class='ocrx_word' id='word_1_766' title='bbox 2471 3076 2566 3127; x_wconf 75' lang='grc' dir='ltr'>καὶ</span> <span class='ocrx_word' id='word_1_767' title='bbox 2595 3076 2712 3127; x_wconf 84' lang='grc' dir='ltr'>τότε</span> <span class='ocrx_word' id='word_1_768' title='bbox 2737 3076 2799 3126; x_wconf 88' lang='lat'>16</span> <span class='ocrx_word' id='word_1_769' title='bbox 2829 3075 3184 3144; x_wconf 79' lang='grc' dir='ltr'>στρατόπεδον</span> <span class='ocrx_word' id='word_1_770' title='bbox 3214 3073 3587 3144; x_wconf 85' lang='grc' dir='ltr'>λαμπρότερον</span> <span class='ocrx_word' id='word_1_771' title='bbox 3619 3077 3855 3144; x_wconf 76' lang='grc' dir='ltr'>γινόμε-</span> 
     </span>
    </p>
   </div>
   <div class='ocr_carea' id='block_1_96' title="bbox 2196 3159 3855 3230">
    <p class='ocr_par' dir='ltr' id='par_1_96' title="bbox 2196 3159 3855 3230">
     <span class='ocr_line' id='line_1_96' title="bbox 2196 3159 3855 3230; baseline 0.001 -20"><span class='ocrx_word' id='word_1_772' title='bbox 2196 3176 2304 3220; x_wconf 90' lang='grc' dir='ltr'>νον,</span> <span class='ocrx_word' id='word_1_773' title='bbox 2349 3160 2437 3211; x_wconf 81' lang='grc' dir='ltr'>ὅτε</span> <span class='ocrx_word' id='word_1_774' title='bbox 2488 3160 2700 3223; x_wconf 88' lang='grc' dir='ltr'>πλείους</span> <span class='ocrx_word' id='word_1_775' title='bbox 2729 3161 2781 3212; x_wconf 86' lang='grc' dir='ltr'>οἰ</span> <span class='ocrx_word' id='word_1_776' title='bbox 2826 3160 3179 3229; x_wconf 74' lang='grc' dir='ltr'>σφαττόμενοι</span> <span class='ocrx_word' id='word_1_777' title='bbox 3225 3159 3376 3228; x_wconf 86' lang='grc' dir='ltr'>παρά</span> <span class='ocrx_word' id='word_1_778' title='bbox 3416 3159 3521 3212; x_wconf 86' lang='grc' dir='ltr'>τῶν</span> <span class='ocrx_word' id='word_1_779' title='bbox 3561 3160 3855 3230; x_wconf 85' lang='grc' dir='ltr'>πολεμίων</span> 
     </span>
    </p>
   </div>
   <div class='ocr_carea' id='block_1_97' title="bbox 2197 3246 2504 3313">
    <p class='ocr_par' dir='ltr' id='par_1_97' title="bbox 2197 3246 2504 3313">
     <span class='ocr_line' id='line_1_97' title="bbox 2197 3246 2504 3313; baseline 0.007 -17"><span class='ocrx_word' id='word_1_780' title='bbox 2197 3246 2471 3313; x_wconf 75' lang='grc' dir='ltr'>ἐφαίνοντο</span> <span class='ocrx_word' id='word_1_781' title='bbox 2488 3263 2504 3310; x_wconf 86' lang='lat'><strong>;</strong></span> 
     </span>
    </p>
   </div>
   <div class='ocr_carea' id='block_1_98' title="bbox 2265 3378 3858 3449">
    <p class='ocr_par' dir='ltr' id='par_1_98' title="bbox 2265 3378 3858 3449">
     <span class='ocr_line' id='line_1_98' title="bbox 2265 3378 3858 3449; baseline 0.002 -15"><span class='ocrx_word' id='word_1_782' title='bbox 2265 3382 2369 3435; x_wconf 81' lang='grc' dir='ltr'>Καί</span> <span class='ocrx_word' id='word_1_783' title='bbox 2415 3381 2669 3448; x_wconf 70' lang='grc' dir='ltr'>ἥξουσιν</span> <span class='ocrx_word' id='word_1_784' title='bbox 2707 3381 2802 3434; x_wconf 70' lang='grc' dir='ltr'>ἐπ’</span> <span class='ocrx_word' id='word_1_785' title='bbox 2847 3378 3006 3444; x_wconf 81' lang='grc' dir='ltr'>αὐτῷ</span> <span class='ocrx_word' id='word_1_786' title='bbox 3052 3379 3247 3433; x_wconf 70' lang='grc' dir='ltr'>πάντα</span> <span class='ocrx_word' id='word_1_787' title='bbox 3285 3378 3356 3432; x_wconf 78' lang='grc' dir='ltr'>τὰ</span> <span class='ocrx_word' id='word_1_788' title='bbox 3405 3379 3568 3446; x_wconf 72' lang='grc' dir='ltr'>ἔθνη.</span> <span class='ocrx_word' id='word_1_789' title='bbox 3627 3379 3858 3449; x_wconf 77' lang='grc' dir='ltr'>Προϊὼν</span> 
     </span>
    </p>
   </div>
   <div class='ocr_carea' id='block_1_99' title="bbox 2197 3465 3858 3538">
    <p class='ocr_par' dir='ltr' id='par_1_99' title="bbox 2197 3465 3858 3538">
     <span class='ocr_line' id='line_1_99' title="bbox 2197 3465 3858 3538; baseline 0.001 -20"><span class='ocrx_word' id='word_1_790' title='bbox 2197 3468 2520 3538; x_wconf 82' lang='grc' dir='ltr'>σαφέστερος</span> <span class='ocrx_word' id='word_1_791' title='bbox 2555 3468 2584 3519; x_wconf 94' lang='lat'>6</span> <span class='ocrx_word' id='word_1_792' title='bbox 2617 3467 2896 3537; x_wconf 77' lang='grc' dir='ltr'>προφήτης</span> <span class='ocrx_word' id='word_1_793' title='bbox 2938 3466 3163 3534; x_wconf 87' lang='grc' dir='ltr'>γίνεται,</span> <span class='ocrx_word' id='word_1_794' title='bbox 3201 3466 3296 3518; x_wconf 84' lang='grc' dir='ltr'>καὶ</span> <span class='ocrx_word' id='word_1_795' title='bbox 3334 3465 3531 3536; x_wconf 79' lang='grc' dir='ltr'>μᾶλλον</span> <span class='ocrx_word' id='word_1_796' title='bbox 3567 3466 3858 3520; x_wconf 86' lang='grc' dir='ltr'>ἀνακαλύ-</span> 
     </span>
    </p>
   </div>
   <div class='ocr_carea' id='block_1_100' title="bbox 2195 3550 3860 3622">
    <p class='ocr_par' dir='ltr' id='par_1_100' title="bbox 2195 3550 3860 3622">
     <span class='ocr_line' id='line_1_100' title="bbox 2195 3550 3860 3622; baseline -0.001 -17"><span class='ocrx_word' id='word_1_797' title='bbox 2195 3570 2316 3605; x_wconf 83' lang='grc' dir='ltr'>πτει</span> <span class='ocrx_word' id='word_1_798' title='bbox 2363 3553 2453 3605; x_wconf 80' lang='grc' dir='ltr'>τὸν</span> <span class='ocrx_word' id='word_1_799' title='bbox 2495 3553 2669 3619; x_wconf 89' lang='grc' dir='ltr'>λόγον,</span> <span class='ocrx_word' id='word_1_800' title='bbox 2712 3552 2806 3605; x_wconf 81' lang='grc' dir='ltr'>καὶ</span> <span class='ocrx_word' id='word_1_801' title='bbox 2852 3551 3170 3621; x_wconf 84' lang='grc' dir='ltr'>τρανότερον</span> <span class='ocrx_word' id='word_1_802' title='bbox 3214 3550 3449 3603; x_wconf 87' lang='grc' dir='ltr'>δείκνυσι</span> <span class='ocrx_word' id='word_1_803' title='bbox 3486 3551 3586 3620; x_wconf 83' lang='grc' dir='ltr'>τὴν</span> <span class='ocrx_word' id='word_1_804' title='bbox 3629 3569 3860 3622; x_wconf 83' lang='grc' dir='ltr'>προφη-</span> 
     </span>
    </p>
   </div>
   <div class='ocr_carea' id='block_1_101' title="bbox 2194 3635 3860 3708">
    <p class='ocr_par' dir='ltr' id='par_1_101' title="bbox 2194 3635 3860 3708">
     <span class='ocr_line' id='line_1_101' title="bbox 2194 3635 3860 3708; baseline 0.001 -20"><span class='ocrx_word' id='word_1_805' title='bbox 2194 3639 2362 3702; x_wconf 89' lang='grc' dir='ltr'>τείαν,</span> <span class='ocrx_word' id='word_1_806' title='bbox 2398 3639 2490 3690; x_wconf 71' lang='grc' dir='ltr'>καὶ</span> <span class='ocrx_word' id='word_1_807' title='bbox 2521 3638 2901 3708; x_wconf 87' lang='grc' dir='ltr'>ἀκριϐέστερον</span> <span class='ocrx_word' id='word_1_808' title='bbox 2936 3637 3275 3706; x_wconf 82' lang='grc' dir='ltr'>ἀπορράπτει</span> <span class='ocrx_word' id='word_1_809' title='bbox 3318 3635 3426 3688; x_wconf 89' lang='grc' dir='ltr'>τῶν</span> <span class='ocrx_word' id='word_1_810' title='bbox 3473 3636 3738 3689; x_wconf 89' lang='grc' dir='ltr'>Ἰουδαίων</span> <span class='ocrx_word' id='word_1_811' title='bbox 3779 3638 3860 3690; x_wconf 70' lang='grc' dir='ltr'>τὰ</span> 
     </span>
    </p>
   </div>
   <div class='ocr_carea' id='block_1_102' title="bbox 2198 3723 3861 3794">
    <p class='ocr_par' dir='ltr' id='par_1_102' title="bbox 2198 3723 3861 3794">
     <span class='ocr_line' id='line_1_102' title="bbox 2198 3723 3861 3794; baseline -0.002 -15"><span class='ocrx_word' id='word_1_812' title='bbox 2198 3726 2455 3794; x_wconf 86' lang='grc' dir='ltr'>στόματα.</span> <span class='ocrx_word' id='word_1_813' title='bbox 2486 3725 2653 3777; x_wconf 86' lang='grc' dir='ltr'>Τοῦτο</span> <span class='ocrx_word' id='word_1_814' title='bbox 2683 3725 2791 3794; x_wconf 85' lang='grc' dir='ltr'>γὰρ</span> <span class='ocrx_word' id='word_1_815' title='bbox 2809 3763 2824 3787; x_wconf 93' lang='grc'>,</span> <span class='ocrx_word' id='word_1_816' title='bbox 2864 3725 2956 3776; x_wconf 76' lang='grc' dir='ltr'>καὶ</span> <span class='ocrx_word' id='word_1_817' title='bbox 2995 3725 3044 3775; x_wconf 84' lang='grc' dir='ltr'>εἰ</span> <span class='ocrx_word' id='word_1_818' title='bbox 3084 3723 3288 3792; x_wconf 83' lang='grc' dir='ltr'>σφόδρα</span> <span class='ocrx_word' id='word_1_819' title='bbox 3319 3723 3716 3791; x_wconf 87' lang='grc' dir='ltr'>ἀναισχυντοῖεν</span> <span class='ocrx_word' id='word_1_820' title='bbox 3734 3763 3748 3783; x_wconf 89' lang='grc'>,</span> <span class='ocrx_word' id='word_1_821' title='bbox 3787 3725 3861 3775; x_wconf 83' lang='grc' dir='ltr'>οὐ</span> 
     </span>
    </p>
   </div>
   <div class='ocr_carea' id='block_1_103' title="bbox 2195 3807 3861 3880">
    <p class='ocr_par' dir='ltr' id='par_1_103' title="bbox 2195 3807 3861 3880">
     <span class='ocr_line' id='line_1_103' title="bbox 2195 3807 3861 3880; baseline 0 -19"><span class='ocrx_word' id='word_1_822' title='bbox 2195 3811 2506 3879; x_wconf 85' lang='grc' dir='ltr'>δυνήσονται</span> <span class='ocrx_word' id='word_1_823' title='bbox 2545 3810 2622 3880; x_wconf 81' lang='grc' dir='ltr'>τῷ</span> <span class='ocrx_word' id='word_1_824' title='bbox 2650 3810 2824 3862; x_wconf 83' lang='grc' dir='ltr'>αὐτῶν</span> <span class='ocrx_word' id='word_1_825' title='bbox 2851 3809 2963 3878; x_wconf 86' lang='grc' dir='ltr'>ναῷ</span> <span class='ocrx_word' id='word_1_826' title='bbox 2990 3809 3227 3878; x_wconf 81' lang='grc' dir='ltr'>ἁρμόσαι</span> <span class='ocrx_word' id='word_1_827' title='bbox 3251 3807 3300 3860; x_wconf 70' lang='grc' dir='ltr'>ά.</span> <span class='ocrx_word' id='word_1_828' title='bbox 3335 3809 3443 3859; x_wconf 77' lang='grc' dir='ltr'>Καὶ</span> <span class='ocrx_word' id='word_1_829' title='bbox 3475 3807 3581 3875; x_wconf 89' lang='grc' dir='ltr'>γάρ</span> <span class='ocrx_word' id='word_1_830' title='bbox 3610 3808 3704 3858; x_wconf 77' lang='grc' dir='ltr'>καὶ</span> <span class='ocrx_word' id='word_1_831' title='bbox 3735 3809 3861 3861; x_wconf 83' lang='grc' dir='ltr'>ἀπ-</span> 
     </span>
    </p>
   </div>
   <div class='ocr_carea' id='block_1_104' title="bbox 2197 3886 3863 3960">
    <p class='ocr_par' dir='ltr' id='par_1_104' title="bbox 2197 3886 3863 3960">
     <span class='ocr_line' id='line_1_104' title="bbox 2197 3886 3863 3960; baseline -0.001 -17"><span class='ocrx_word' id='word_1_832' title='bbox 2197 3893 2474 3960; x_wconf 88' lang='grc' dir='ltr'>ηγόρευτο,</span> <span class='ocrx_word' id='word_1_833' title='bbox 2520 3892 2612 3944; x_wconf 80' lang='grc' dir='ltr'>καὶ</span> <span class='ocrx_word' id='word_1_834' title='bbox 2655 3889 2770 3959; x_wconf 83' lang='grc' dir='ltr'>μεθ’</span> <span class='ocrx_word' id='word_1_835' title='bbox 2820 3888 3122 3958; x_wconf 81' lang='grc' dir='ltr'>ὑπερϐολῆς</span> <span class='ocrx_word' id='word_1_836' title='bbox 3168 3886 3438 3940; x_wconf 88' lang='grc' dir='ltr'>κεκώλυτο</span> <span class='ocrx_word' id='word_1_837' title='bbox 3475 3886 3598 3954; x_wconf 74' lang='grc' dir='ltr'>ἔθνη</span> <span class='ocrx_word' id='word_1_838' title='bbox 3637 3889 3720 3948; x_wconf 87' lang='grc' dir='ltr'>εἰς</span> <span class='ocrx_word' id='word_1_839' title='bbox 3755 3887 3863 3942; x_wconf 82' lang='grc' dir='ltr'>τὸν</span> 
     </span>
    </p>
   </div>
   <div class='ocr_carea' id='block_1_105' title="bbox 2196 3971 3863 4040">
    <p class='ocr_par' dir='ltr' id='par_1_105' title="bbox 2196 3971 3863 4040">
     <span class='ocr_line' id='line_1_105' title="bbox 2196 3971 3863 4040; baseline -0.002 -12"><span class='ocrx_word' id='word_1_840' title='bbox 2196 3977 2318 4029; x_wconf 83' lang='grc' dir='ltr'>ναὸν</span> <span class='ocrx_word' id='word_1_841' title='bbox 2347 3977 2586 4030; x_wconf 88' lang='grc' dir='ltr'>εἰσιέναι.</span> <span class='ocrx_word' id='word_1_842' title='bbox 2620 3975 2729 4028; x_wconf 72' lang='grc' dir='ltr'>Καὶ</span> <span class='ocrx_word' id='word_1_843' title='bbox 2771 3974 2823 4025; x_wconf 91' lang='grc' dir='ltr'>τί</span> <span class='ocrx_word' id='word_1_844' title='bbox 2864 3974 3005 4040; x_wconf 86' lang='grc' dir='ltr'>λέγω</span> <span class='ocrx_word' id='word_1_845' title='bbox 3037 3975 3115 4034; x_wconf 88' lang='grc' dir='ltr'>εἰς</span> <span class='ocrx_word' id='word_1_846' title='bbox 3143 3972 3233 4024; x_wconf 83' lang='grc' dir='ltr'>τὸν</span> <span class='ocrx_word' id='word_1_847' title='bbox 3264 3971 3388 4024; x_wconf 80' lang='grc' dir='ltr'>ναὸν</span> <span class='ocrx_word' id='word_1_848' title='bbox 3425 3971 3667 4032; x_wconf 84' lang='grc' dir='ltr'>εἰσιέναι,</span> <span class='ocrx_word' id='word_1_849' title='bbox 3709 3973 3863 4025; x_wconf 80' lang='grc' dir='ltr'>ὅπου</span> 
     </span>
    </p>
   </div>
   <div class='ocr_carea' id='block_1_106' title="bbox 2195 4055 3866 4132">
    <p class='ocr_par' dir='ltr' id='par_1_106' title="bbox 2195 4055 3866 4132">
     <span class='ocr_line' id='line_1_106' title="bbox 2195 4055 3866 4132; baseline -0.002 -19"><span class='ocrx_word' id='word_1_850' title='bbox 2195 4077 2259 4128; x_wconf 90' lang='grc' dir='ltr'>γε</span> <span class='ocrx_word' id='word_1_851' title='bbox 2302 4063 2395 4114; x_wconf 78' lang='grc' dir='ltr'>καὶ</span> <span class='ocrx_word' id='word_1_852' title='bbox 2431 4062 2608 4124; x_wconf 83' lang='grc' dir='ltr'>αὐτοῖς</span> <span class='ocrx_word' id='word_1_853' title='bbox 2650 4063 2784 4132; x_wconf 86' lang='grc' dir='ltr'>μετά</span> <span class='ocrx_word' id='word_1_854' title='bbox 2829 4060 3025 4129; x_wconf 83' lang='grc' dir='ltr'>πολλῆς</span> <span class='ocrx_word' id='word_1_855' title='bbox 3072 4061 3168 4128; x_wconf 85' lang='grc' dir='ltr'>τῆς</span> <span class='ocrx_word' id='word_1_856' title='bbox 3201 4058 3426 4126; x_wconf 85' lang='grc' dir='ltr'>ἀπειλῆς</span> <span class='ocrx_word' id='word_1_857' title='bbox 3469 4055 3580 4127; x_wconf 72' lang='lat'>[9.2]</span> <span class='ocrx_word' id='word_1_858' title='bbox 3619 4059 3646 4109; x_wconf 89' lang='lat'>6</span> <span class='ocrx_word' id='word_1_859' title='bbox 3679 4059 3866 4126; x_wconf 84' lang='grc' dir='ltr'>νόμος</span> 
     </span>
    </p>
   </div>
   <div class='ocr_carea' id='block_1_107' title="bbox 2197 4144 3864 4218">
    <p class='ocr_par' dir='ltr' id='par_1_107' title="bbox 2197 4144 3864 4218">
     <span class='ocr_line' id='line_1_107' title="bbox 2197 4144 3864 4218; baseline -0.002 -18"><span class='ocrx_word' id='word_1_860' title='bbox 2197 4148 2500 4218; x_wconf 89' lang='grc' dir='ltr'>ἀπηγόρευε</span> <span class='ocrx_word' id='word_1_861' title='bbox 2534 4149 2628 4210; x_wconf 85' lang='grc' dir='ltr'>τὰς</span> <span class='ocrx_word' id='word_1_862' title='bbox 2653 4147 2760 4200; x_wconf 90' lang='grc' dir='ltr'>τῶν</span> <span class='ocrx_word' id='word_1_863' title='bbox 2800 4147 2964 4199; x_wconf 81' lang='grc' dir='ltr'>ἐθνῶν</span> <span class='ocrx_word' id='word_1_864' title='bbox 3005 4145 3315 4214; x_wconf 78' lang='grc' dir='ltr'>ἐπιμιξίας,</span> <span class='ocrx_word' id='word_1_865' title='bbox 3347 4146 3440 4199; x_wconf 79' lang='grc' dir='ltr'>καὶ</span> <span class='ocrx_word' id='word_1_866' title='bbox 3480 4146 3577 4213; x_wconf 83' lang='grc' dir='ltr'>τὴν</span> <span class='ocrx_word' id='word_1_867' title='bbox 3617 4144 3864 4212; x_wconf 73' lang='grc' dir='ltr'>ἔσχατον</span> 
     </span>
    </p>
   </div>
   <div class='ocr_carea' id='block_1_108' title="bbox 2199 4228 3865 4303">
    <p class='ocr_par' dir='ltr' id='par_1_108' title="bbox 2199 4228 3865 4303">
     <span class='ocr_line' id='line_1_108' title="bbox 2199 4228 3865 4303; baseline -0.004 -18"><span class='ocrx_word' id='word_1_868' title='bbox 2199 4234 2335 4303; x_wconf 85' lang='grc' dir='ltr'>ὑπὲρ</span> <span class='ocrx_word' id='word_1_869' title='bbox 2356 4234 2558 4286; x_wconf 88' lang='grc' dir='ltr'>τούτων</span> <span class='ocrx_word' id='word_1_870' title='bbox 2587 4233 2778 4302; x_wconf 81' lang='grc' dir='ltr'>ἀπῄτει</span> <span class='ocrx_word' id='word_1_871' title='bbox 2806 4232 2991 4300; x_wconf 89' lang='grc' dir='ltr'>δίκην;</span> <span class='ocrx_word' id='word_1_872' title='bbox 3036 4231 3092 4282; x_wconf 86' lang='lat'>&#39;0</span> <span class='ocrx_word' id='word_1_873' title='bbox 3118 4229 3245 4296; x_wconf 88' lang='grc' dir='ltr'>γοῦν</span> <span class='ocrx_word' id='word_1_874' title='bbox 3276 4231 3553 4298; x_wconf 79' lang='grc' dir='ltr'>προφήτης</span> <span class='ocrx_word' id='word_1_875' title='bbox 3591 4228 3865 4294; x_wconf 84' lang='grc' dir='ltr'>Ἀγγαῖος</span> 
     </span>
    </p>
   </div>
   <div class='ocr_carea' id='block_1_109' title="bbox 2198 4312 3863 4388">
    <p class='ocr_par' dir='ltr' id='par_1_109' title="bbox 2198 4312 3863 4388">
     <span class='ocr_line' id='line_1_109' title="bbox 2198 4312 3863 4388; baseline -0.006 -17"><span class='ocrx_word' id='word_1_876' title='bbox 2198 4319 2410 4372; x_wconf 74' lang='grc' dir='ltr'>ἃπασαν</span> <span class='ocrx_word' id='word_1_877' title='bbox 2431 4322 2509 4382; x_wconf 90' lang='grc' dir='ltr'>εἰς</span> <span class='ocrx_word' id='word_1_878' title='bbox 2537 4319 2692 4371; x_wconf 84' lang='grc' dir='ltr'>τοῦτο</span> <span class='ocrx_word' id='word_1_879' title='bbox 2719 4318 3058 4388; x_wconf 87' lang='grc' dir='ltr'>κατηνάλωσε</span> <span class='ocrx_word' id='word_1_880' title='bbox 3079 4316 3175 4386; x_wconf 80' lang='grc' dir='ltr'>τὴν</span> <span class='ocrx_word' id='word_1_881' title='bbox 3195 4314 3546 4384; x_wconf 73' lang='grc' dir='ltr'>προφητείαν,</span> <span class='ocrx_word' id='word_1_882' title='bbox 3573 4312 3863 4378; x_wconf 81' lang='grc' dir='ltr'>ἐγκαλῶν,</span> 
     </span>
    </p>
   </div>
   <div class='ocr_carea' id='block_1_110' title="bbox 2198 4399 3866 4472">
    <p class='ocr_par' dir='ltr' id='par_1_110' title="bbox 2198 4399 3866 4472">
     <span class='ocr_line' id='line_1_110' title="bbox 2198 4399 3866 4472; baseline -0.006 -16"><span class='ocrx_word' id='word_1_883' title='bbox 2198 4405 2454 4470; x_wconf 87' lang='grc' dir='ltr'>ἀπειλῶν,</span> <span class='ocrx_word' id='word_1_884' title='bbox 2475 4405 2698 4466; x_wconf 81' lang='grc' dir='ltr'>εὐθύνας</span> <span class='ocrx_word' id='word_1_885' title='bbox 2717 4403 2958 4456; x_wconf 88' lang='grc' dir='ltr'>ἀπαιτῶν</span> <span class='ocrx_word' id='word_1_886' title='bbox 2983 4403 3078 4472; x_wconf 82' lang='grc' dir='ltr'>τῆς</span> <span class='ocrx_word' id='word_1_887' title='bbox 3106 4402 3166 4453; x_wconf 90' lang='lat'>06</span> <span class='ocrx_word' id='word_1_888' title='bbox 3199 4399 3575 4470; x_wconf 82' lang='grc' dir='ltr'>προσηκούσης</span> <span class='ocrx_word' id='word_1_889' title='bbox 3607 4400 3866 4466; x_wconf 75' lang='grc' dir='ltr'>ἐπιγαμ-</span> 
     </span>
    </p>
   </div>
   <div class='ocr_carea' id='block_1_111' title="bbox 2199 4480 3864 4557">
    <p class='ocr_par' dir='ltr' id='par_1_111' title="bbox 2199 4480 3864 4557">
     <span class='ocr_line' id='line_1_111' title="bbox 2199 4480 3864 4557; baseline -0.005 -18"><span class='ocrx_word' id='word_1_890' title='bbox 2199 4489 2375 4557; x_wconf 80' lang='grc' dir='ltr'>ϐρίας.</span> <span class='ocrx_word' id='word_1_891' title='bbox 2411 4489 2546 4541; x_wconf 84' lang='grc' dir='ltr'>Ἀλλ’</span> <span class='ocrx_word' id='word_1_892' title='bbox 2583 4490 2644 4540; x_wconf 90' lang='lat'>06</span> <span class='ocrx_word' id='word_1_893' title='bbox 2681 4488 2747 4540; x_wconf 88' lang='grc' dir='ltr'>τά</span> <span class='ocrx_word' id='word_1_894' title='bbox 2783 4489 3019 4557; x_wconf 80' lang='grc' dir='ltr'>ἡμέτερα</span> <span class='ocrx_word' id='word_1_895' title='bbox 3045 4483 3289 4544; x_wconf 87' lang='grc' dir='ltr'>τοιαῦτα,</span> <span class='ocrx_word' id='word_1_896' title='bbox 3326 4484 3460 4534; x_wconf 90' lang='grc' dir='ltr'>ἀλλά</span> <span class='ocrx_word' id='word_1_897' title='bbox 3497 4480 3631 4549; x_wconf 87' lang='grc' dir='ltr'>μετά</span> <span class='ocrx_word' id='word_1_898' title='bbox 3659 4480 3864 4543; x_wconf 82' lang='grc' dir='ltr'>ἀδείας</span> 
     </span>
    </p>
   </div>
   <div class='ocr_carea' id='block_1_112' title="bbox 2202 4567 3866 4643">
    <p class='ocr_par' dir='ltr' id='par_1_112' title="bbox 2202 4567 3866 4643">
     <span class='ocr_line' id='line_1_112' title="bbox 2202 4567 3866 4643; baseline -0.004 -18"><span class='ocrx_word' id='word_1_899' title='bbox 2202 4575 2416 4643; x_wconf 88' lang='grc' dir='ltr'>ἀπάσης</span> <span class='ocrx_word' id='word_1_900' title='bbox 2445 4576 2824 4628; x_wconf 83' lang='grc' dir='ltr'>ἀναπετάσασα</span> <span class='ocrx_word' id='word_1_901' title='bbox 2846 4573 2969 4634; x_wconf 77' lang='grc' dir='ltr'>τοὺς</span> <span class='ocrx_word' id='word_1_902' title='bbox 2991 4572 3215 4632; x_wconf 87' lang='grc' dir='ltr'>κόλπους</span> <span class='ocrx_word' id='word_1_903' title='bbox 3248 4571 3280 4637; x_wconf 91' lang='grc' dir='ltr'>ή</span> <span class='ocrx_word' id='word_1_904' title='bbox 3318 4567 3625 4634; x_wconf 83' lang='grc' dir='ltr'>Ἐκκλησία,</span> <span class='ocrx_word' id='word_1_905' title='bbox 3657 4567 3866 4634; x_wconf 75' lang='grc' dir='ltr'>χερσὶν</span> 
     </span>
    </p>
   </div>
   <div class='ocr_carea' id='block_1_113' title="bbox 2201 4651 3866 4727">
    <p class='ocr_par' dir='ltr' id='par_1_113' title="bbox 2201 4651 3866 4727">
     <span class='ocr_line' id='line_1_113' title="bbox 2201 4651 3866 4727; baseline -0.005 -14"><span class='ocrx_word' id='word_1_906' title='bbox 2201 4661 2417 4723; x_wconf 77' lang='grc' dir='ltr'>ὑπτίαις</span> <span class='ocrx_word' id='word_1_907' title='bbox 2448 4661 2659 4712; x_wconf 74' lang='grc' dir='ltr'>ἅπαντα</span> <span class='ocrx_word' id='word_1_908' title='bbox 2683 4659 2749 4710; x_wconf 77' lang='grc' dir='ltr'>τὰ</span> <span class='ocrx_word' id='word_1_909' title='bbox 2769 4659 2862 4727; x_wconf 86' lang='grc' dir='ltr'>τῆς</span> <span class='ocrx_word' id='word_1_910' title='bbox 2894 4659 3040 4708; x_wconf 87' lang='grc' dir='ltr'>οίκου</span> <span class='ocrx_word' id='word_1_911' title='bbox 3051 4657 3211 4724; x_wconf 79' lang='grc' dir='ltr'>μένης</span> <span class='ocrx_word' id='word_1_912' title='bbox 3230 4653 3345 4705; x_wconf 79' lang='grc' dir='ltr'>καθ’</span> <span class='ocrx_word' id='word_1_913' title='bbox 3369 4652 3599 4719; x_wconf 76' lang='grc' dir='ltr'>ἑκάστην</span> <span class='ocrx_word' id='word_1_914' title='bbox 3630 4651 3866 4719; x_wconf 70' lang='grc' dir='ltr'>ἡμέραν</span> 
     </span>
    </p>
   </div>
   <div class='ocr_carea' id='block_1_114' title="bbox 2201 4736 3868 4815">
    <p class='ocr_par' dir='ltr' id='par_1_114' title="bbox 2201 4736 3868 4815">
     <span class='ocr_line' id='line_1_114' title="bbox 2201 4736 3868 4815; baseline -0.007 -16"><span class='ocrx_word' id='word_1_915' title='bbox 2201 4748 2513 4815; x_wconf 86' lang='grc' dir='ltr'>ὑποδέχεται</span> <span class='ocrx_word' id='word_1_916' title='bbox 2546 4746 2694 4814; x_wconf 72' lang='grc' dir='ltr'>ἔθνη.</span> <span class='ocrx_word' id='word_1_917' title='bbox 2727 4745 2894 4796; x_wconf 87' lang='grc' dir='ltr'>Τοῦτο</span> <span class='ocrx_word' id='word_1_918' title='bbox 2930 4744 3035 4811; x_wconf 86' lang='grc' dir='ltr'>γάρ</span> <span class='ocrx_word' id='word_1_919' title='bbox 3069 4743 3159 4793; x_wconf 77' lang='grc' dir='ltr'>καὶ</span> <span class='ocrx_word' id='word_1_920' title='bbox 3193 4743 3241 4791; x_wconf 93' lang='grc' dir='ltr'>οἰ</span> <span class='ocrx_word' id='word_1_921' title='bbox 3273 4738 3476 4806; x_wconf 86' lang='grc' dir='ltr'>πρῶτοι</span> <span class='ocrx_word' id='word_1_922' title='bbox 3507 4737 3613 4788; x_wconf 89' lang='grc' dir='ltr'>τῶν</span> <span class='ocrx_word' id='word_1_923' title='bbox 3639 4736 3868 4805; x_wconf 83' lang='grc' dir='ltr'>δογμά-</span> 
     </span>
    </p>
   </div>
   <div class='ocr_carea' id='block_1_115' title="bbox 2202 4821 3863 4902">
    <p class='ocr_par' dir='ltr' id='par_1_115' title="bbox 2202 4821 3863 4902">
     <span class='ocr_line' id='line_1_115' title="bbox 2202 4821 3863 4902; baseline -0.004 -19"><span class='ocrx_word' id='word_1_924' title='bbox 2202 4851 2306 4886; x_wconf 91' lang='grc' dir='ltr'>των</span> <span class='ocrx_word' id='word_1_925' title='bbox 2347 4832 2648 4885; x_wconf 81' lang='grc' dir='ltr'>διδάσκαλοι</span> <span class='ocrx_word' id='word_1_926' title='bbox 2699 4831 2844 4902; x_wconf 89' lang='grc' dir='ltr'>παρά</span> <span class='ocrx_word' id='word_1_927' title='bbox 2890 4828 2980 4882; x_wconf 86' lang='grc' dir='ltr'>τοῦ</span> <span class='ocrx_word' id='word_1_928' title='bbox 3033 4825 3361 4892; x_wconf 84' lang='grc' dir='ltr'>Μονογενοῦς</span> <span class='ocrx_word' id='word_1_929' title='bbox 3413 4821 3863 4891; x_wconf 77' lang='grc' dir='ltr'>ἐκελεύσθησαν,</span> 
     </span>
    </p>
   </div>
   <div class='ocr_carea' id='block_1_116' title="bbox 2201 4909 3868 4988">
    <p class='ocr_par' dir='ltr' id='par_1_116' title="bbox 2201 4909 3868 4988">
     <span class='ocr_line' id='line_1_116' title="bbox 2201 4909 3868 4988; baseline -0.005 -17"><span class='ocrx_word' id='word_1_930' title='bbox 2201 4921 2397 4988; x_wconf 88' lang='grc' dir='ltr'>ταύτην</span> <span class='ocrx_word' id='word_1_931' title='bbox 2422 4921 2617 4980; x_wconf 82' lang='grc' dir='ltr'>εὐθέως</span> <span class='ocrx_word' id='word_1_932' title='bbox 2642 4919 2963 4976; x_wconf 84' lang='grc' dir='ltr'>ἀκούσαντες</span> <span class='ocrx_word' id='word_1_933' title='bbox 2985 4915 3080 4983; x_wconf 84' lang='grc' dir='ltr'>τὴν</span> <span class='ocrx_word' id='word_1_934' title='bbox 3105 4915 3303 4981; x_wconf 67' lang='grc' dir='ltr'>φωνήνο</span> <span class='ocrx_word' id='word_1_935' title='bbox 3330 4909 3716 4976; x_wconf 74' lang='grc' dir='ltr'>Πορευθέντες</span> <span class='ocrx_word' id='word_1_936' title='bbox 3739 4927 3868 4977; x_wconf 79' lang='grc' dir='ltr'>μα-</span> 
     </span>
    </p>
   </div>
   <div class='ocr_carea' id='block_1_117' title="bbox 2203 4993 3866 5068">
    <p class='ocr_par' dir='ltr' id='par_1_117' title="bbox 2203 4993 3866 5068">
     <span class='ocr_line' id='line_1_117' title="bbox 2203 4993 3866 5068; baseline -0.005 -12"><span class='ocrx_word' id='word_1_937' title='bbox 2203 5007 2524 5068; x_wconf 84' lang='grc' dir='ltr'>θητεύσατε</span> <span class='ocrx_word' id='word_1_938' title='bbox 2550 5001 2743 5054; x_wconf 79' lang='grc' dir='ltr'>πάντα</span> <span class='ocrx_word' id='word_1_939' title='bbox 2779 5003 2850 5053; x_wconf 81' lang='grc' dir='ltr'>τὰ</span> <span class='ocrx_word' id='word_1_940' title='bbox 2874 5000 3033 5065; x_wconf 75' lang='grc' dir='ltr'>ἔθνη.</span> <span class='ocrx_word' id='word_1_941' title='bbox 3073 4997 3266 5048; x_wconf 89' lang='grc' dir='ltr'>Σκόπει</span> <span class='ocrx_word' id='word_1_942' title='bbox 3297 4997 3353 5048; x_wconf 85' lang='grc' dir='ltr'>δέ</span> <span class='ocrx_word' id='word_1_943' title='bbox 3387 5011 3474 5062; x_wconf 88' lang='grc' dir='ltr'>μοι</span> <span class='ocrx_word' id='word_1_944' title='bbox 3503 4993 3616 5055; x_wconf 85' lang='grc' dir='ltr'>πῶς</span> <span class='ocrx_word' id='word_1_945' title='bbox 3645 4993 3705 5044; x_wconf 88' lang='lat' dir='ltr'><em>o6</em></span> <span class='ocrx_word' id='word_1_946' title='bbox 3744 4995 3866 5064; x_wconf 84' lang='grc' dir='ltr'>τὴν</span> 
     </span>
    </p>
   </div>
   <div class='ocr_carea' id='block_1_118' title="bbox 2205 5079 3867 5158">
    <p class='ocr_par' dir='ltr' id='par_1_118' title="bbox 2205 5079 3867 5158">
     <span class='ocr_line' id='line_1_118' title="bbox 2205 5079 3867 5158; baseline -0.005 -16"><span class='ocrx_word' id='word_1_947' title='bbox 2205 5092 2392 5158; x_wconf 83' lang='grc' dir='ltr'>κλῆσιν</span> <span class='ocrx_word' id='word_1_948' title='bbox 2414 5090 2521 5142; x_wconf 88' lang='grc' dir='ltr'>τῶν</span> <span class='ocrx_word' id='word_1_949' title='bbox 2549 5088 2712 5141; x_wconf 88' lang='grc' dir='ltr'>ἐθνῶν</span> <span class='ocrx_word' id='word_1_950' title='bbox 2741 5087 2953 5155; x_wconf 77' lang='grc' dir='ltr'>ᾐνίξατο</span> <span class='ocrx_word' id='word_1_951' title='bbox 2988 5086 3142 5154; x_wconf 82' lang='grc' dir='ltr'>μόνον</span> <span class='ocrx_word' id='word_1_952' title='bbox 3181 5086 3208 5135; x_wconf 91' lang='lat'>6</span> <span class='ocrx_word' id='word_1_953' title='bbox 3248 5084 3547 5151; x_wconf 71' lang='grc' dir='ltr'>προφήτης,</span> <span class='ocrx_word' id='word_1_954' title='bbox 3585 5079 3718 5131; x_wconf 75' lang='grc' dir='ltr'>ἀλλὰ</span> <span class='ocrx_word' id='word_1_955' title='bbox 3753 5081 3867 5135; x_wconf 71' lang='grc' dir='ltr'>καὶ</span> 
     </span>
    </p>
   </div>
   <div class='ocr_carea' id='block_1_119' title="bbox 2203 5160 3863 5245">
    <p class='ocr_par' dir='ltr' id='par_1_119' title="bbox 2203 5160 3863 5245">
     <span class='ocr_line' id='line_1_119' title="bbox 2203 5160 3863 5245; baseline -0.005 -18"><span class='ocrx_word' id='word_1_956' title='bbox 2203 5178 2299 5244; x_wconf 78' lang='grc' dir='ltr'>τὴν</span> <span class='ocrx_word' id='word_1_957' title='bbox 2354 5177 2489 5245; x_wconf 88' lang='grc' dir='ltr'>μετά</span> <span class='ocrx_word' id='word_1_958' title='bbox 2531 5174 2830 5244; x_wconf 89' lang='grc' dir='ltr'>προθυμίας</span> <span class='ocrx_word' id='word_1_959' title='bbox 2868 5170 3043 5225; x_wconf 70' lang='grc' dir='ltr'>αὐτῶν</span> <span class='ocrx_word' id='word_1_960' title='bbox 3091 5169 3354 5236; x_wconf 70' lang='grc' dir='ltr'>ὑπακοήν.</span> <span class='ocrx_word' id='word_1_961' title='bbox 3391 5167 3464 5219; x_wconf 79' lang='lat' dir='ltr'><em>O6</em></span> <span class='ocrx_word' id='word_1_962' title='bbox 3510 5165 3616 5234; x_wconf 83' lang='grc' dir='ltr'>γὰρ</span> <span class='ocrx_word' id='word_1_963' title='bbox 3665 5160 3863 5232; x_wconf 77' lang='grc' dir='ltr'>εἶπεν,</span> 
     </span>
    </p>
   </div>
   <div class='ocr_carea' id='block_1_120' title="bbox 2204 5251 3866 5330">
    <p class='ocr_par' dir='ltr' id='par_1_120' title="bbox 2204 5251 3866 5330">
     <span class='ocr_line' id='line_1_120' title="bbox 2204 5251 3866 5330; baseline -0.005 -18"><span class='ocrx_word' id='word_1_964' title='bbox 2204 5261 2552 5330; x_wconf 83' lang='grc' dir='ltr'>ἀχθήσονται,</span> <span class='ocrx_word' id='word_1_965' title='bbox 2601 5260 2764 5322; x_wconf 81' lang='grc' dir='ltr'>ἀλλὰ,</span> <span class='ocrx_word' id='word_1_966' title='bbox 2797 5259 3111 5318; x_wconf 73' lang='grc' dir='ltr'>Ἦξουσινο</span> <span class='ocrx_word' id='word_1_967' title='bbox 3149 5256 3283 5323; x_wconf 81' lang='grc' dir='ltr'>ὅπερ</span> <span class='ocrx_word' id='word_1_968' title='bbox 3332 5253 3510 5320; x_wconf 80' lang='grc' dir='ltr'>ἐτερος</span> <span class='ocrx_word' id='word_1_969' title='bbox 3558 5251 3866 5322; x_wconf 83' lang='grc' dir='ltr'>προφήτης</span> 
     </span>
    </p>
   </div>
   <div class='ocr_carea' id='block_1_121' title="bbox 2206 5333 3872 5413">
    <p class='ocr_par' dir='ltr' id='par_1_121' title="bbox 2206 5333 3872 5413">
     <span class='ocr_line' id='line_1_121' title="bbox 2206 5333 3872 5413; baseline -0.004 -19"><span class='ocrx_word' id='word_1_970' title='bbox 2206 5345 2528 5413; x_wconf 67' lang='grc' dir='ltr'>σαιρέστερον</span> <span class='ocrx_word' id='word_1_971' title='bbox 2558 5341 2956 5411; x_wconf 77' lang='grc' dir='ltr'>ἐνδεικνύμενος</span> <span class='ocrx_word' id='word_1_972' title='bbox 2975 5340 3124 5406; x_wconf 78' lang='grc' dir='ltr'>ἔλεγε</span> <span class='ocrx_word' id='word_1_973' title='bbox 3148 5355 3160 5367; x_wconf 94' lang='grc'><strong>·</strong></span> <span class='ocrx_word' id='word_1_974' title='bbox 3187 5339 3290 5390; x_wconf 84' lang='grc' dir='ltr'>Καὶ</span> <span class='ocrx_word' id='word_1_975' title='bbox 3313 5339 3383 5389; x_wconf 80' lang='grc' dir='ltr'>οὐ</span> <span class='ocrx_word' id='word_1_976' title='bbox 3407 5335 3489 5404; x_wconf 78' lang='grc' dir='ltr'>μὴ</span> <span class='ocrx_word' id='word_1_977' title='bbox 3519 5333 3872 5388; x_wconf 73' lang='grc' dir='ltr'>διδάξωσιν</span> 
     </span>
    </p>
   </div>
   <div class='ocr_carea' id='block_1_122' title="bbox 2202 5420 3868 5494">
    <p class='ocr_par' dir='ltr' id='par_1_122' title="bbox 2202 5420 3868 5494">
     <span class='ocr_line' id='line_1_122' title="bbox 2202 5420 3868 5494; baseline -0.005 -10"><span class='ocrx_word' id='word_1_978' title='bbox 2202 5424 2450 5494; x_wconf 79' lang='grc' dir='ltr'>ἕκαστος</span> <span class='ocrx_word' id='word_1_979' title='bbox 2481 5431 2582 5481; x_wconf 83' lang='grc' dir='ltr'>τὸν</span> <span class='ocrx_word' id='word_1_980' title='bbox 2606 5430 2860 5494; x_wconf 72' lang='grc' dir='ltr'>πολίτην</span> <span class='ocrx_word' id='word_1_981' title='bbox 2886 5426 3089 5488; x_wconf 84' lang='grc' dir='ltr'>αὑτοῦ,</span> <span class='ocrx_word' id='word_1_982' title='bbox 3127 5425 3222 5476; x_wconf 79' lang='grc' dir='ltr'>καί</span> <span class='ocrx_word' id='word_1_983' title='bbox 3255 5423 3505 5486; x_wconf 70' lang='grc' dir='ltr'>ἕκαστος</span> <span class='ocrx_word' id='word_1_984' title='bbox 3532 5421 3637 5473; x_wconf 81' lang='grc' dir='ltr'>τὸν</span> <span class='ocrx_word' id='word_1_985' title='bbox 3663 5420 3868 5476; x_wconf 70' lang='grc' dir='ltr'>ἀδελ-</span> 
     </span>
    </p>
   </div>
   <div class='ocr_carea' id='block_1_123' title="bbox 2201 5506 3869 5584">
    <p class='ocr_par' dir='ltr' id='par_1_123' title="bbox 2201 5506 3869 5584">
     <span class='ocr_line' id='line_1_123' title="bbox 2201 5506 3869 5584; baseline -0.004 -15"><span class='ocrx_word' id='word_1_986' title='bbox 2201 5517 2317 5584; x_wconf 64' lang='grc' dir='ltr'>φὸν</span> <span class='ocrx_word' id='word_1_987' title='bbox 2356 5517 2554 5578; x_wconf 81' lang='grc' dir='ltr'>αὐτοῦ,</span> <span class='ocrx_word' id='word_1_988' title='bbox 2593 5517 2802 5584; x_wconf 69' lang='grc' dir='ltr'>λέγων,</span> <span class='ocrx_word' id='word_1_989' title='bbox 2847 5511 3036 5567; x_wconf 83' lang='grc' dir='ltr'>Γνῶθι</span> <span class='ocrx_word' id='word_1_990' title='bbox 3083 5512 3187 5564; x_wconf 76' lang='grc' dir='ltr'>τὸν</span> <span class='ocrx_word' id='word_1_991' title='bbox 3215 5511 3448 5576; x_wconf 76' lang='grc' dir='ltr'>Κύριον,</span> <span class='ocrx_word' id='word_1_992' title='bbox 3495 5507 3582 5560; x_wconf 73' lang='grc' dir='ltr'>ὅτι</span> <span class='ocrx_word' id='word_1_993' title='bbox 3621 5506 3869 5577; x_wconf 77' lang='grc' dir='ltr'>πάντες</span> 
     </span>
    </p>
   </div>
   <div class='ocr_carea' id='block_1_124' title="bbox 2201 5592 3868 5670">
    <p class='ocr_par' dir='ltr' id='par_1_124' title="bbox 2201 5592 3868 5670">
     <span class='ocr_line' id='line_1_124' title="bbox 2201 5592 3868 5670; baseline -0.003 -16"><span class='ocrx_word' id='word_1_994' title='bbox 2201 5603 2512 5666; x_wconf 71' lang='grc' dir='ltr'>εἱδήσουσί</span> <span class='ocrx_word' id='word_1_995' title='bbox 2537 5619 2611 5670; x_wconf 82' lang='grc' dir='ltr'>με</span> <span class='ocrx_word' id='word_1_996' title='bbox 2648 5602 2761 5653; x_wconf 75' lang='grc' dir='ltr'>ἀπὸ</span> <span class='ocrx_word' id='word_1_997' title='bbox 2789 5598 3003 5667; x_wconf 77' lang='grc' dir='ltr'>μικροῦ</span> <span class='ocrx_word' id='word_1_998' title='bbox 3032 5597 3137 5660; x_wconf 81' lang='grc' dir='ltr'>ἕως</span> <span class='ocrx_word' id='word_1_999' title='bbox 3161 5596 3424 5664; x_wconf 75' lang='grc' dir='ltr'>μεγάλου</span> <span class='ocrx_word' id='word_1_1000' title='bbox 3460 5592 3673 5646; x_wconf 71' lang='grc' dir='ltr'>αὐτῶν.</span> <span class='ocrx_word' id='word_1_1001' title='bbox 3718 5593 3868 5649; x_wconf 73' lang='grc' dir='ltr'>Ἐπὶ</span> 
     </span>
    </p>
   </div>
   <div class='ocr_carea' id='block_1_125' title="bbox 2206 5679 3870 5758">
    <p class='ocr_par' dir='ltr' id='par_1_125' title="bbox 2206 5679 3870 5758">
     <span class='ocr_line' id='line_1_125' title="bbox 2206 5679 3870 5758; baseline -0.003 -20"><span class='ocrx_word' id='word_1_1002' title='bbox 2206 5691 2300 5757; x_wconf 69' lang='grc' dir='ltr'>μὲν</span> <span class='ocrx_word' id='word_1_1003' title='bbox 2333 5692 2436 5758; x_wconf 79' lang='grc' dir='ltr'>γὰρ</span> <span class='ocrx_word' id='word_1_1004' title='bbox 2466 5690 2569 5740; x_wconf 88' lang='grc' dir='ltr'>τῶν</span> <span class='ocrx_word' id='word_1_1005' title='bbox 2603 5687 2867 5741; x_wconf 85' lang='grc' dir='ltr'>Ἰουδαίων</span> <span class='ocrx_word' id='word_1_1006' title='bbox 2896 5686 2982 5737; x_wconf 78' lang='grc' dir='ltr'>καὶ</span> <span class='ocrx_word' id='word_1_1007' title='bbox 3013 5687 3045 5754; x_wconf 81' lang='grc' dir='ltr'><strong>ἡ</strong></span> <span class='ocrx_word' id='word_1_1008' title='bbox 3075 5684 3242 5745; x_wconf 71' lang='grc' dir='ltr'>κτίσις</span> <span class='ocrx_word' id='word_1_1009' title='bbox 3276 5679 3718 5749; x_wconf 82' lang='grc' dir='ltr'>άνεστοιχειοῦτο,</span> <span class='ocrx_word' id='word_1_1010' title='bbox 3753 5686 3870 5739; x_wconf 76' lang='grc' dir='ltr'>καὶ</span> 
     </span>
    </p>
   </div>
   <div class='ocr_carea' id='block_1_126' title="bbox 2257 5868 3864 5935">
    <p class='ocr_par' dir='ltr' id='par_1_126' title="bbox 2257 5868 3864 5935">
     <span class='ocr_line' id='line_1_126' title="bbox 2257 5868 3864 5935; baseline 0.001 -13"><span class='ocrx_word' id='word_1_1011' title='bbox 2257 5875 2280 5914; x_wconf 73' lang='grc' dir='ltr'>ἀ</span> <span class='ocrx_word' id='word_1_1012' title='bbox 2307 5879 2418 5935; x_wconf 65' lang='lat' dir='ltr'>Roga</span> <span class='ocrx_word' id='word_1_1013' title='bbox 2450 5876 2501 5921; x_wconf 76' lang='grc' dir='ltr'>ού</span> <span class='ocrx_word' id='word_1_1014' title='bbox 2526 5873 2795 5928; x_wconf 68' lang='grc' dir='ltr'>δυνήσονται</span> <span class='ocrx_word' id='word_1_1015' title='bbox 2816 5873 2908 5935; x_wconf 83' lang='grc' dir='ltr'>τῶν</span> <span class='ocrx_word' id='word_1_1016' title='bbox 2932 5869 3082 5935; x_wconf 67' lang='grc' dir='ltr'>αὐτῶν</span> <span class='ocrx_word' id='word_1_1017' title='bbox 3119 5868 3363 5935; x_wconf 26' lang='grc' dir='ltr'>Α’ίουδαίωε.</span> <span class='ocrx_word' id='word_1_1018' title='bbox 3398 5871 3622 5934; x_wconf 71' lang='grc' dir='ltr'>ἁρμόσαι,</span> <span class='ocrx_word' id='word_1_1019' title='bbox 3660 5883 3864 5934; x_wconf 66' lang='lat' dir='ltr'>perpe-</span> 
     </span>
    </p>
   </div>
   <div class='ocr_carea' id='block_1_127' title="bbox 2203 5931 3329 5998">
    <p class='ocr_par' dir='ltr' id='par_1_127' title="bbox 2203 5931 3329 5998">
     <span class='ocr_line' id='line_1_127' title="bbox 2203 5931 3329 5998; baseline -0.005 -14"><span class='ocrx_word' id='word_1_1020' title='bbox 2203 5952 2314 5987; x_wconf 50' lang='grc' dir='ltr'>Μαι.</span> <span class='ocrx_word' id='word_1_1021' title='bbox 2346 5931 2490 5986; x_wconf 63' lang='grc' dir='ltr'>ξιᾶιὶι.</span> <span class='ocrx_word' id='word_1_1022' title='bbox 2519 5939 2582 5998; x_wconf 68' lang='grc' dir='ltr'>τῷ</span> <span class='ocrx_word' id='word_1_1023' title='bbox 2607 5937 2702 5997; x_wconf 76' lang='grc' dir='ltr'>ναῷ</span> <span class='ocrx_word' id='word_1_1024' title='bbox 2728 5936 2816 5980; x_wconf 72' lang='grc' dir='ltr'>τῶν</span> <span class='ocrx_word' id='word_1_1025' title='bbox 2852 5931 3086 5981; x_wconf 63' lang='grc' dir='ltr'>Ἰουδαίων</span> <span class='ocrx_word' id='word_1_1026' title='bbox 3110 5932 3329 5992; x_wconf 67' lang='grc' dir='ltr'>ἁρμόσαι.</span> 
     </span>
    </p>
   </div>
  </div>
