4152 6466
271 388 354 445 29

270 498 604 565 prnpliettas
661 501 1065 556 adumbrabant.
1114 498 1263 565 Quod
1294 514 1433 553 enim
1472 510 1573 551 non
1602 495 1670 550 de
1698 492 1878 548 Judzea

278 587 424 642 etde
449 586 762 645 Jerusalem
790 606 963 645 sermo
989 600 1145 653 esset,
1181 589 1382 657 singula
1411 588 1545 641 dicta
1574 586 1624 639 in
1653 582 1885 638 medium

288 678 653 746 adducentes,
689 693 931 736 accurate
955 681 1458 735 demonstrabimus.

369 769 506 835 Quid
534 772 822 841 signi/irent
852 773 1013 833 verba,
1048 790 1065 822 ι
1095 772 1146 823 in
1168 770 1446 823 novissimis
1466 767 1637 820 diebus
1660 785 1704 818 ι.
1736 765 1884 819 Mons

315 858 515 914 Domini
562 860 799 914 Ecclesia
843 875 945 925 est;
991 860 1221 914 Ecclesia
1264 870 1437 912 vexata
1487 859 1600 910 vicit
1646 867 1691 911 et
1736 866 1883 909 aucta

306 961 397 1000 est.
428 977 501 987 —
542 949 595 1002 2.
648 949 759 1002 Erit
801 953 851 1003 in
896 950 1174 1003 novissimis
1210 950 1380 1002 diebus
1410 950 1700 1018 manifestus
1742 964 1883 1001 mons

312 1037 536 1092 Domini.
561 1039 694 1094 Vide
720 1042 986 1109 propheta:
1016 1041 1430 1103 accurationem,
1459 1040 1548 1108 qui
1581 1054 1686 1091 non
1712 1038 1883 1093 solum

310 1147 421 1185 rem
450 1132 614 1196 dicit,
664 1133 756 1187 sed
800 1143 1003 1201 tempus
1042 1133 1199 1187 etiam
1240 1132 1516 1201 significat.
1564 1131 1713 1198 Quod
1744 1132 1881 1185 enim

305 1223 437 1277 dicit
481 1223 707 1282 Paulus.
755 1224 880 1277 Cum
922 1233 1085 1275 autent
1130 1224 1258 1276 venit
1304 1221 1559 1290 plenitudo
1603 1231 1884 1290 temporum

307 1314 451 1383 (Gal.
492 1314 547 1367 4.
592 1315 673 1381 4).
700 1324 752 1368 et
778 1314 898 1368 alibi
946 1329 1174 1376 rursum,
1207 1311 1273 1364 In
1320 1311 1742 1380 dispensationem
1770 1311 1881 1379 ple-

306 1405 550 1457 nitudinis
579 1413 854 1473 temporum
895 1404 1109 1472 (Ep/tes.
1140 1405 1191 1458 1.
1223 1402 1310 1471 10)
1334 1441 1348 1467 ,
1402 1402 1502 1456 hoc
1529 1402 1605 1457 sic
1631 1403 1879 1471 exprimit

308 1492 597 1561 propheta,
643 1492 707 1545 In
733 1494 1010 1546 novissimis
1038 1492 1229 1546 diebus.
1261 1492 1491 1546 Montem
1530 1501 1703 1546 autem
1734 1501 1885 1546 vocat

308 1582 602 1636 Ecclesiam
629 1624 643 1648 ,
687 1592 738 1637 et
768 1582 1189 1650 inexpugnabilia
1215 1581 1479 1651 dogmata.
1530 1581 1883 1647 Quemadmo-

302 1670 432 1724 dum
460 1671 601 1726 enim
626 1672 667 1725 si
695 1672 811 1740 quis
826 1672 1075 1725 adversus
1098 1680 1304 1726 montes
1335 1672 1639 1726 innumeros
1668 1672 1883 1740 objiciat

302 1761 570 1814 exercitus
593 1801 608 1825 ,
637 1777 789 1816 arens
821 1763 1114 1827 tendentes,
1147 1766 1323 1817 hastas
1351 1763 1618 1817 vibrantes
1637 1802 1653 1828 ,
1686 1764 1884 1817 maelii-

305 1866 401 1904 nas
430 1851 777 1906 admoventes
800 1892 815 1917 ,
862 1852 977 1906 illos
1020 1853 1232 1921 quidem
1272 1854 1418 1906 nullo
1446 1853 1638 1907 damno
1668 1853 1882 1909 afficere

303 1952 571 2011 poterunt,
606 1944 696 1997 sed
718 1954 1025 2012 consumpta
1055 1946 1264 2014 propria
1284 1944 1585 1999 fortitudine
1602 1947 1877 1999 recedent:

302 2035 382 2086 sic
430 2043 484 2088 et
532 2034 849 2103 quicumque
897 2036 1180 2089 Eeclesiam
1229 2037 1696 2104 impugnaveruut,
1746 2038 1882 2092 hanc

302 2122 517 2186 quidem
566 2137 669 2175 non
716 2123 1002 2188 laeserunt,
1045 2123 1139 2176 sed
1185 2139 1277 2177 sua
1304 2125 1496 2178 amissa
1526 2127 1755 2193 potentia
1786 2143 1881 2195 pu-

301 2212 433 2265 dore
458 2220 581 2265 sunt
608 2211 798 2277 allecti,
830 2212 953 2266 dum
984 2212 1203 2267 ferirent
1229 2213 1421 2278 soluti,
1472 2214 1598 2268 dum
1641 2216 1755 2269 telis
1780 2217 1880 2270 im-

302 2310 545 2368 tmterent
574 2301 844 2368 infirmati,
868 2301 989 2356 dum
1015 2318 1231 2373 agerent
1254 2320 1282 2357 a
1314 2305 1631 2375 patientibus
1651 2306 1877 2363 devicti:

300 2392 390 2460 qui
427 2400 510 2446 est
552 2407 681 2447 sane
727 2393 1024 2461 inopinatus
1070 2395 1302 2449 victoria:
1332 2397 1553 2461 modus,
1585 2413 1741 2467 quem
1771 2414 1876 2454 non

305 2484 546 2539 homines
572 2486 801 2554 assequi,
824 2487 915 2540 sed
950 2486 1086 2540 Deus
1116 2487 1257 2541 solus
1278 2497 1468 2556 potest.
1497 2489 1625 2543 Nam
1651 2501 1795 2545 certe
1826 2492 1875 2545 in

305 2574 542 2629 Ecclesia
569 2577 808 2631 mirabile
834 2588 948 2642 est,
985 2594 1087 2631 non
1115 2579 1253 2646 quod
1288 2580 1486 2642 vicerit,
1520 2581 1612 2633 scd
1637 2581 1776 2649 quod
1805 2581 1875 2634 ita

304 2665 508 2719 vicerit.
555 2666 781 2736 lmpulsa
820 2668 991 2729 enim,
1042 2677 1249 2733 vexata,
1306 2670 1592 2723 innumeris
1620 2685 1875 2725 concussa

302 2753 496 2819 modis,
529 2768 631 2807 non
660 2756 817 2807 modo
845 2770 946 2808 tt0n
979 2757 1334 2822 minuebatur,
1358 2759 1449 2811 sed
1484 2758 1654 2827 major
1679 2759 1874 2814 evade-

301 2845 411 2910 bat,
457 2853 513 2899 et
552 2859 646 2899 eos
674 2846 763 2914 qui
798 2847 846 2899 id
878 2846 1047 2901 facere
1076 2849 1346 2902 tentabant
1389 2849 1634 2919 patiendo
1673 2859 1874 2904 tantum

303 2933 649 3001 proﬂigabat;
682 2934 735 2988 id
758 2935 895 3003 quod
914 2937 1125 2989 adamas
1154 2938 1293 2990 ferro
1318 2938 1582 3006 impetitus
1596 2938 1872 3000 facit,dum

300 3037 587 3089 percussus
616 3032 815 3077 tantum
846 3026 1000 3077 solvit
1044 3027 1382 3092 percutientis
1410 3027 1601 3091 robur;
1644 3028 1873 3081 stimuli-

297 3128 403 3177 que
434 3113 828 3166 calcitrantibus
869 3114 1055 3181 obieeti
1079 3156 1092 3179 ,
1140 3132 1243 3167 non
1274 3116 1571 3170 obtusiores
1603 3117 1723 3172 inde
1747 3118 1871 3172 red-

296 3204 514 3265 duntur,
544 3202 636 3256 sed
666 3203 1049 3257 calcitrantiuin
1084 3207 1241 3272 pedes
1268 3217 1564 3261 cruentant.
1594 3209 1716 3263 ideo
1744 3225 1873 3265 sane

299 3303 538 3345 montem
564 3292 786 3345 vocavit.
834 3292 983 3359 Quod
1024 3295 1066 3348 si
1107 3297 1469 3365 metaphoram
1501 3314 1603 3352 non
1631 3300 1873 3355 admittat

295 3381 545 3444 Judaius,
596 3382 936 3437 domesticam
986 3386 1207 3454 accipiat
1263 3390 1697 3444 confutationem.
1757 3391 1873 3459 Ipse

298 3473 552 3541 propheta
580 3473 706 3527 dicit
730 3474 879 3543 lupos
910 3485 963 3528 et
986 3492 1151 3546 agnos
1177 3480 1476 3532 communia
1509 3495 1699 3549 pascua
1723 3481 1873 3537 habi-

298 3574 446 3617 turos
468 3606 484 3630 ,
527 3574 581 3618 et
627 3566 819 3619 muscis
859 3566 1152 3637 opibusque
1177 3569 1341 3623 Deum
1370 3572 1704 3627 sibilaturum
1726 3616 1739 3640 ,
1769 3574 1870 3630 {luo

294 3657 544 3725 viumque
564 3657 930 3711 vehementem
946 3659 1291 3714 adducturum
1322 3662 1371 3715 in
1392 3661 1622 3729 Judaeos,
1650 3680 1715 3720 eo
1730 3667 1871 3736 quod

296 3744 396 3810 ipsi
447 3744 643 3799 habere
684 3746 947 3799 noluerint
986 3763 1177 3818 aquam
1205 3749 1401 3805 Siloam
1448 3750 1599 3823 (Isai.
1627 3756 1714 3809 11.
1744 3756 1797 3811 6.
1822 3767 1868 3812 et

294 3835 385 3888 05.
417 3835 524 3898 25;
556 3836 606 3887 7.
644 3836 741 3892 i8:
773 3836 825 3891 8.
856 3837 908 3891 6.
939 3839 1011 3907 7).
1062 3839 1193 3905 Quae
1221 3842 1265 3894 si
1293 3842 1409 3909 quis
1446 3843 1512 3896 ad
1541 3845 1755 3899 verbum
1782 3862 1881 3902 at.»

290 3928 530 3994 ceperit,
558 3942 684 3981 sane
715 3929 1056 3999 intelligibilia
1089 3948 1192 3986 non
1236 3945 1361 3988 sunt
1392 3954 1405 3989 :
1438 3952 1621 3991 verum
1663 3950 1871 4009 oportet

292 4031 353 4067 ea
378 4031 495 4082 qua:
518 4017 598 4070 his
619 4018 978 4088 signiﬁcantur
994 4024 1255 4092 accipere,
1286 4026 1463 4095 sicque
1488 4032 1866 4085 sententiarum

291 4110 489 4162 seriem
522 4111 664 4165 varie
709 4110 1018 4181 intelligere.
1066 4115 1317 4179 Qumnam
1364 4118 1521 4186 igitur
1560 4120 1641 4174 his
1668 4123 1869 4191 signitio

292 4198 531 4250 cantur?
578 4198 679 4253 Per
721 4200 872 4269 lupos
899 4213 950 4256 et
986 4218 1182 4272 agnos,
1231 4206 1501 4262 hominum
1538 4226 1717 4265 mores
1746 4228 1864 4268 cum

294 4286 492 4340 ferinos
535 4296 644 4341 tum
678 4300 978 4347 mansuetos
1008 4293 1240 4359 indicat;
1292 4311 1385 4365 per
1422 4314 1631 4353 muscas
1652 4342 1664 4366 ,
1696 4302 1867 4371 impu-

290 4374 913 4448 dentiamEgyptiorum
940 4397 953 4445 ;
983 4398 1076 4451 per
1103 4385 1337 4451 fluvium,
1369 4389 1669 4445 violentiam
1702 4409 1866 4448 exer-

290 4470 431 4523 citus
459 4471 700 4535 barbari;
746 4490 839 4543 per
865 4475 1061 4530 Siloam
1082 4520 1093 4541 ,
1129 4481 1582 4536 mansuetudinem
1616 4487 1863 4539 modera-

293 4560 597 4623 tionemque
623 4562 757 4631 ejus,
785 4565 871 4632 qni
896 4574 1017 4620 tunc
1042 4568 1353 4637 imperabat,
1384 4573 1521 4641 regis
1540 4573 1863 4632 Judmorum.

287 4648 562 4720 Numaque
585 4654 664 4706 vel
686 4669 747 4707 ex
778 4654 1222 4724 iusipientioribus
1244 4664 1378 4715 circa
1414 4667 1525 4718 haec
1556 4668 1707 4721 nobis
1732 4685 1861 4723 con-

290 4737 533 4791 tradicat.
560 4741 1007 4806 Quemadmodum
1042 4750 1197 4817 igitur
1227 4752 1310 4803 illa
1330 4754 1443 4807 aliis
1466 4766 1584 4808 sunt
1617 4774 1862 4825 expressa

289 4826 613 4893 nominibus,
646 4832 723 4883 sic
751 4832 839 4886 ille
871 4835 1120 4889 Ecclesia:
1154 4840 1451 4895 lirntitatem
1474 4884 1488 4906 ,
1522 4845 1861 4902 intmohilita-

288 4926 438 4980 tem,
485 4918 898 4988 sublimitatem,
955 4926 1357 4997 inexpugnabile
1413 4935 1611 4999 robur,
1669 4940 1863 4995 montis

286 5006 503 5059 nomine
531 5008 897 5066 subindieavit.
928 5014 993 5067 Et
1017 5017 1150 5070 alius
1182 5020 1439 5087 propheta
1472 5024 1590 5079 illos
1618 5027 1704 5095 qui
1729 5045 1858 5084 con-

289 5097 458 5153 ﬁdunt
500 5100 549 5153 in
593 5101 817 5158 Domino
860 5108 1024 5161 monti
1053 5122 1355 5181 comparat,
1402 5115 1645 5170 invictam
1677 5135 1859 5176 eorum

286 5188 645 5246 fortitudinem
668 5196 955 5251 ostendens
985 5199 1151 5269 (Psat.
1188 5203 1305 5256 iii.
1342 5206 1415 5274 1).
1453 5207 1769 5278 Manifestus.
1808 5212 1861 5267 id

283 5281 425 5333 nulla
453 5281 701 5353 deinceps
730 5284 1163 5353 interpretatione
1185 5293 1397 5362 indiget.
1432 5296 1517 5350 Sic
1543 5298 1652 5366 ipsa
1684 5317 1859 5357 rerum

281 5382 465 5425 natura
514 5375 634 5429 tuba
680 5376 960 5431 clariorem
1009 5382 1200 5435 emittit
1252 5399 1467 5451 vocem,
1522 5389 1857 5456 Splendorem

278 5466 561 5521 ostendens
602 5468 880 5524 Ecclesia}.
935 5471 1141 5527 Etenim
1174 5491 1345 5545 neque
1388 5480 1464 5532 sol
1509 5480 1576 5533 ita
1621 5483 1858 5549 splendi-

265 5550 372 5622 ‘dqs
396 5596 409 5618 ,
440 5570 611 5627 neque
639 5560 757 5628 ejus
786 5560 874 5641 lux
918 5560 985 5613 ita
1012 5566 1157 5617 clara
1176 5578 1255 5620 est
1276 5553 1300 5629 ξ
1320 5578 1373 5620 ut
1401 5579 1523 5623 sunt
1554 5586 1637 5625 res
1664 5574 1727 5626 ad
1761 5576 1859 5629 lie-

269 5643 484 5709 cicaiant
507 5662 857 5723 "spectantes.
907 5652 1041 5708 Nam
1070 5655 1263 5711 Domus
1295 5658 1389 5713 Dci
1436 5677 1589 5731 supra
1632 5666 1858 5721 verticem

273 5743 527 5796 monmmt.
556 5750 557 5753 ‘

1614 380 1677 435 l.\‘
1709 377 1955 441 lSAlAlll,
1996 378 2149 433 CAP.
2193 380 2255 433 η.
2718 411 2722 414 .
3504 418 3575 473 30

2061 492 2110 545 3.
2134 492 2410 559 Quomodo
2430 493 2544 551 lure
2563 494 2938 568 interpretatus
2961 501 3115 558 fuerit
3139 507 3387 564 Indicus?
3412 514 3573 567 Tem-

1990 585 2131 652 plum
2176 586 2317 639 enim
2358 602 2463 640 non
2503 598 2585 644 est
2630 604 2788 660 supra
2836 597 3086 649 verticem
3128 602 3385 656 montium
3418 623 3432 657 :
3467 606 3571 660 Ec-

1989 677 2163 730 clesia:
2191 688 2367 732 autem
2401 689 2631 747 potestas
2672 685 2813 752 ipsos
2849 688 3055 757 attingit
3091 692 3271 747 cmhis.
3317 696 3379 749 Et
3422 702 3570 767 quasi

1987 765 2178 820 domus
2215 782 2372 837 supra
2416 771 2666 826 verticem
2714 777 2969 830 montium
3012 780 3178 846 posita
3220 765 3466 839 omnibus
3492 798 3574 841 est

1990 856 2287 922 manifesta,
2318 860 2396 914 sic
2424 870 2478 914 et
2506 864 2672 917 multo
2699 866 2865 935 magis
2893 870 3140 925 onmibus
3167 876 3447 942 con5picna
3478 877 3573 930 lto-

1989 948 2218 1002 minibns
2257 950 2344 1003 illa
2384 954 2570 1007 evasit.
2617 954 2681 1007 Et
2720 958 3022 1013 exaltabitur
3059 978 3209 1029 super
3244 966 3417 1021 colles.
3463 970 3573 1025 Hoc

1989 1038 2157 1107 ipsum
2188 1055 2371 1095 rursus
2400 1043 2772 1113 interpretatus
2792 1058 2892 1115 est,
2922 1053 3060 1120 quod
3087 1057 3281 1126 templo
3304 1059 3390 1113 illo
3416 1076 3572 1116 num-

1988 1142 2145 1195 quam
2175 1130 2429 1199 contigit,
2459 1148 2632 1204 neque
2658 1151 2777 1191 cum
2806 1140 3033 1196 maxime
3065 1142 3253 1201 ﬂorere
3279 1149 3563 1207 videretur.

1987 1217 2265 1282 Quomodo
2286 1221 2428 1275 enim
2455 1223 2521 1277 de
2545 1227 2741 1296 templo
2767 1228 3164 1300 intelligeretur,
3186 1238 3328 1306 quod
3349 1241 3415 1296 ab
3442 1242 3569 1311 ipsis

1987 1306 2185 1361 Judaris
2213 1322 2356 1377 smpe
2384 1311 2821 1385 inhonorabatur,
2851 1319 3299 1396 barbarorumque
3326 1306 3569 1389 manibus

1987 1399 2333 1457 diruebatur?
2381 1404 2633 1462 Ecclesia
2680 1419 2855 1465 autem
2906 1413 3159 1471 fortitudo
3205 1419 3569 1481 vehementius

1986 1493 2284 1563 saepiusque
2312 1511 2468 1565 quam
2500 1502 2751 1569 templum
2783 1503 3081 1575 impugnata
3112 1508 3209 1564 fuit
3238 1528 3250 1563 :
3280 1528 3566 1584 numquam

1989 1598 2114 1637 vero
2147 1586 2307 1640 cessit
2345 1602 2404 1642 se
2443 1593 2857 1660 oppugnantium
2886 1598 3157 1665 manibus,
3187 1602 3279 1656 sed
3308 1605 3570 1663 excelsior

1988 1675 2345 1746 iliustriorque
2373 1681 2607 1736 maxime
2626 1682 2694 1736 ab
2716 1683 2951 1742 hostibus
2977 1687 3111 1744 facta
3132 1699 3234 1747 est.
3259 1694 3407 1751 Tune
3428 1712 3568 1752 utar-

1990 1773 2161 1835 tyrum
2192 1778 2385 1835 coetus,
2412 1779 2534 1825 tunc
2558 1774 2919 1830 confessorum
2946 1780 3248 1850 multitudo,
3277 1793 3399 1841 tunc
3424 1787 3566 1847 ferro

1988 1858 2247 1914 firmiores
2267 1860 2459 1915 animae
2480 1864 2917 1934 ostendebantur,
2947 1870 3175 1942 ipsisque
3197 1875 3362 1931 stellis
3386 1879 3564 1948 splen,

1985 1948 2218 2004 didiores
2258 1962 2441 2016 erant,
2478 1955 2707 2009 concisis
2742 1960 3083 2028 corporibus,
3116 1964 3307 2020 animis
3346 1969 3564 2027 minime

1986 2038 2168 2105 victis,
2198 2042 2293 2095 sed
2329 2042 2661 2099 vincentibus
2699 2054 2754 2100 et
2787 2050 3071 2106 coronatis.
3099 2052 3229 2119 Quis
3255 2056 3412 2124 vidit,
3443 2062 3564 2130 quis

1983 2129 2184 2183 audivit
2209 2131 2408 2186 caedem
2439 2141 2648 2202 gestare
2680 2151 2953 2207 coronam,
2980 2140 3361 2212 jugulatiouem
3391 2129 3561 2206 vieto-

1983 2220 2116 2275 riam
2148 2232 2536 2293 reportantem,
2569 2238 2799 2301 tuncque
2824 2235 3110 2290 exercitum
3148 2240 3559 2309 splendidiorem

1982 2311 2249 2379 effectum,
2281 2331 2401 2370 cum
2433 2317 2613 2386 plures
2641 2319 2736 2375 visi
2762 2331 2887 2377 sunt
2908 2323 2975 2378 ab
3001 2324 3239 2385 hostibus
3261 2332 3526 2403 jugulari?

2064 2402 2301 2459 Validum
2324 2418 2501 2461 contra
2526 2408 2735 2466 Judwos
2766 2414 2937 2468 telum.
2961 2446 3031 2456 —
3052 2417 3116 2470 Et
3140 2402 3345 2475 venienti
3356 2426 3424 2477 ad
3449 2443 3559 2479 eam

1982 2510 2152 2548 onmes
2195 2507 2385 2565 gentes.
2426 2498 2716 2570 Progressu
2759 2504 2956 2558 clarior
2997 2507 3222 2563 efficitur
3260 2514 3513 2583 prOpheta
3540 2558 3555 2581 ,

1981 2600 2282 2640 sermonem
2334 2590 2501 2658 magis
2549 2593 2776 2663 retegit,
2825 2595 3298 2669 dilueidioremque
3344 2604 3559 2662 exhibet

1983 2676 2347 2745 prophetiam,
2389 2683 2792 2751 accuratiusque
2837 2685 3140 2743 Iudaeorum
3184 2694 3392 2747 consuit
3439 2711 3553 2751 ora.

1980 2765 2091 2820 lloe
2119 2768 2291 2833 enim,
2333 2770 2539 2825 etiamsi
2577 2772 2862 2830 admodum
2907 2780 3236 2849 impudentes
3271 2786 3408 2854 sint,
3450 2804 3554 2844 non

1982 2865 2227 2923 poterunt
2252 2858 2317 2913 ad
2348 2859 2599 2930 templum
2625 2879 2776 2920 suum
2804 2868 3023 2925 referre.
3058 2876 3125 2927 At
3152 2876 3291 2930 enim
3322 2879 3556 2948 prohibi-

1982 2957 2089 3000 tum
2112 2959 2245 3013 erat,
2272 2949 2428 3020 idque
2446 2955 2842 3012 accuratissime
2863 2959 3258 3029 observabatur,
3283 2982 3349 3021 ne
3372 2980 3556 3048 gentes

1980 3037 2032 3090 in
2070 3040 2322 3108 templum
2357 3042 2653 3099 introirent.
2700 3046 2899 3118 Ecquid
2939 3050 3058 3108 dico
3094 3054 3147 3109 in
3186 3037 3434 3127 templum
3469 3037 3556 3117 iu-

1979 3130 2140 3183 troire
2165 3170 2180 3195 ,
2225 3134 2437 3200 quando
2478 3136 2605 3205 ipsis
2652 3138 2735 3193 lex
2777 3155 2897 3195 cum
2946 3146 3089 3212 gravi
3130 3146 3558 3211 interminatione

1978 3219 2290 3285 prohibebat
2327 3238 2393 3278 ne
2422 3239 2542 3278 eum
2572 3228 2818 3295 gentibus
2854 3235 3355 3306 commiscerentur,
3384 3253 3435 3297 et
3461 3260 3556 3298 cx-

1979 3318 2173 3363 tremas
2201 3310 2267 3365 de
2298 3311 2380 3366 his
2418 3314 2662 3385 exigebat
2700 3321 2916 3387 pmnas‘l
2950 3321 3107 3379 Certe
3147 3328 3401 3397 propheta
3447 3335 3556 3404 Ag-

1975 3418 2119 3471 gzeus
2148 3412 2310 3458 totam
2348 3404 2446 3460 hac
2482 3408 2533 3461 iu
2566 3424 2624 3463 re
2659 3424 2807 3464 suam
2838 3419 3163 3486 consumpsit
3194 3422 3557 3493 prophetiam,

1978 3494 2245 3561 incusans,
2274 3496 2625 3563 comminans,
2660 3514 2842 3568 ptenas
2872 3514 3115 3572 repetens
3141 3507 3206 3562 de
3236 3510 3412 3565 illicita
3442 3514 3556 3567 afti-

1977 3585 2161 3639 nitate.
2206 3589 2274 3640 At
2321 3598 2498 3642 nostra
2546 3589 2667 3644 talia
2714 3606 2818 3646 non
2858 3605 3009 3661 sunt,
3039 3598 3133 3652 sed
3171 3601 3405 3658 Ecclesia
3436 3620 3555 3661 cum

1976 3681 2118 3733 omni
2148 3680 2395 3736 facilitate
2423 3684 2599 3738 sinum
2638 3700 2793 3741 suum
2832 3690 3167 3758 expandens,
3198 3693 3401 3763 supinis
3439 3713 3555 3751 mae

1978 3771 2129 3823 nibus
2153 3786 2339 3827 onmes
2361 3773 2504 3827 orbis
2532 3776 2689 3830 totius
2713 3787 2895 3847 gentes
2922 3781 3156 3849 quotidie
3181 3786 3417 3854 suscipit.
3444 3788 3555 3844 [loc

1975 3865 2113 3916 enim
2142 3866 2292 3933 primi
2320 3866 2393 3922 illi
2420 3867 2724 3938 dogmatum
2747 3871 2988 3928 doctores
3013 3876 3079 3929 ab
3102 3874 3380 3945 Unigenito
3406 3896 3555 3932 lttall~

1974 3956 2154 4011 datum
2193 3969 2547 4029 acceperunt,
2584 3960 2681 4015 hac
2722 3962 2899 4017 statim
2942 3965 3115 4018 audita
3158 3981 3284 4021 voce
3320 3986 3329 4019 :
3364 3969 3553 4024 Enntes

1975 4049 2142 4100 docete
2171 4065 2338 4101 omnes
2375 4061 2543 4119 gentes
2572 4052 2590 4119 (
2617 4051 2801 4105 Matth.
2841 4052 2932 4107 28.
2963 4054 3086 4125 19).
3121 4057 3352 4113 Advorte
3378 4070 3554 4115 autem

1972 4140 2239 4207 quomodo
2270 4155 2371 4194 non
2404 4150 2603 4195 tantum
2632 4143 2961 4197 vocationem
2992 4147 3225 4214 gentium
3259 4150 3555 4205 suliindica-

1973 4233 2046 4285 vit
2085 4233 2338 4302 propheta
2357 4276 2370 4297 ,
2402 4234 2494 4288 sed
2523 4236 2679 4288 etiam
2708 4250 2887 4290 earum
2921 4250 3217 4308 promptam
3245 4250 3297 4294 et
3324 4242 3553 4297 alacrem

1973 4323 2395 4392 obsequentium.
2423 4325 2535 4380 Non
2564 4327 2704 4381 enim
2732 4327 2883 4393 dixit,
2914 4328 3273 4394 Adducentnr,
3304 4332 3418 4395 sed,
3460 4332 3555 4386 Ve-

1972 4414 2107 4467 nient
2135 4430 2152 4466 :
2180 4415 2229 4468 id
2269 4414 2410 4484 quod
2448 4416 2584 4469 alius
2623 4416 2876 4484 propheta
2915 4417 3106 4470 clarius
3144 4419 3431 4475 ostendens
3470 4422 3555 4475 di-

1971 4507 2123 4561 cebat
2148 4525 2158 4559 :
2186 4507 2254 4559 Et
2284 4524 2382 4560 non
2409 4506 2651 4560 docebunt
2676 4508 3012 4576 unusquisque
3036 4510 3286 4563 concivent
3317 4528 3483 4573 suum,
3508 4523 3556 4566 et

1972 4600 2303 4668 unusquisque
2331 4599 2540 4665 fratrem
2568 4614 2710 4651 suum
2739 4599 2938 4665 dicens,
2967 4599 3220 4669 Cognosce
3246 4602 3551 4670 Dominum,

1969 4693 2086 4759 quia
2115 4707 2283 4743 omnes
2317 4691 2471 4743 scient
2505 4707 2583 4743 me
2616 4708 2646 4743 α
2680 4709 2832 4759 paruo
2861 4709 3018 4763 usque
3042 4696 3110 4748 ad
3138 4713 3372 4766 magnum
3401 4698 3548 4764 (Jer.

1970 4782 2055 4834 5i.
2097 4781 2224 4848 54).
2259 4780 2408 4847 Quod
2447 4781 2511 4835 ad
2550 4781 2764 4837 Judzeos
2805 4786 2944 4838 enim
2985 4788 3257 4854 spectabat
3292 4800 3552 4844 creatura:

1968 4870 2207 4925 ordinem
2246 4885 2397 4925 suum
2437 4872 2709 4927 mutabant
2740 4874 2836 4945 (α),
2866 4875 3085 4929 aderant
3115 4874 3420 4945 frequentes
3449 4881 3551 4931 iiii-

1970 4979 2072 5027 ηπ,
2104 4964 2361 5033 supplicia
2386 4964 2622 5031 assidua,
2651 4965 2837 5020 crebra
2867 4966 3136 5029 miracula,
3171 4967 3548 5036 prophetarum

1969 5055 2270 5119 discursus,
2304 5055 2622 5126 legislatoris
2661 5057 2851 5122 timor,
2884 5057 3339 5115 interminationes
3376 5060 3549 5116 bello-

2032 5216 2102 5276 (α)
2141 5215 2193 5263 In
2217 5220 2395 5278 Grieco,
2418 5224 2716 5278 ἀνιστοιχιιοῡτο.
2745 5214 2951 5278 obseura
2979 5215 3106 5278 vocis
3136 5216 3431 5278 Signiﬁcatio.
3454 5221 3551 5267 'I‘il-

1968 5273 2168 5325 manuus
2192 5276 2377 5346 vertit_:
2404 5273 2627 5323 creatura
2652 5273 2796 5322 etiam
2834 5277 2938 5348 ipsa
2975 5274 3024 5347 in
3058 5273 3294 5348 primaria
3319 5279 3549 5348 elementa

1966 5339 2171 5387 resoluta
2196 5343 2279 5409 est.
2307 5338 2387 5409 Hie
2409 5344 2571 5383 autem
2587 5348 2748 5406 sermo
2774 5346 2849 5385 est
2866 5335 2929 5385 de
2947 5335 3549 5409 signisncastigationibus,

1967 5400 2170 5460 aliisque
2194 5398 2250 5445 ad
2271 5397 2458 5444 ludens
2476 5398 2865 5457 praevaricatores
2883 5397 3354 5507 perterrefaciendos
3378 5397 3549 5449 minus;

1967 5464 2062 5507 sis:
2090 5459 2385 5507 nt.exemnli
2404 5470 2563 5507 causa.
2582 5470 2689 5505 cum
2713 5466 2860 5507 teme
2899 5462 3013 5507 iiatu
3039 5461 3159 5507 Core
3187 5470 3235 5507 et
3253 5462 3449 5507 asseclm
3470 5464 3549 5507 ah.

1966 5464 2062 5519 sis;
2090 5459 2385 5565 lll,eXCllll)ll
2404 5470 2563 5513 causa,
2582 5470 2689 5505 cum
2713 5466 2860 5508 terra:
2883 5459 3013 5508 hiatu
3039 5461 3159 5510 Core
3187 5470 3235 5509 et
3253 5462 3453 5532 assecltn
3470 5464 3549 5535 at}.

1967 5524 2114 5565 snrnti
2140 5528 2265 5565 sunt.
2294 5533 2317 5565 a
2343 5520 2470 5565 iioue
2495 5520 2611 5565 iane
2635 5522 2891 5565 absumpti-
2916 5535 3022 5565 cum
3041 5528 3298 5565 sementes
3330 5536 3544 5565 immissr

1967 5524 2114 5582 sorpti
2140 5520 2470 5583 sunt,‘aliique
2495 5520 2611 5580 igne
2635 5522 2891 5583 absumpti,
2916 5535 3022 5569 cum
3041 5528 3298 5583 serpentes
3330 5525 3547 5581 immissi,

1967 5580 2073 5633 cum
2098 5580 2316 5646 samuele
2340 5581 2653 5631 concionante
2678 5580 2824 5633 voces
2849 5592 2899 5632 et
2942 5580 3258 5644 pluviag'datze
3283 5591 3412 5646 sunt,
3438 5580 3547 5646 quae

1969 5645 2192 5707 populum
2224 5649 2599 5707 exterruernnt;
2642 5658 2736 5693 uno
2760 5646 2909 5693 verbo
2943 5659 3049 5692 cum
3086 5651 3267 5691 natura?
3303 5644 3546 5696 elementa

1970 5705 2183 5755 ordinem
2207 5717 2346 5751 suum
2371 5705 2640 5763 mutabant;
2668 5716 2718 5754 et
2752 5708 2840 5755 hoc
2872 5709 3009 5755 inotJo
3036 5721 3217 5765 vocent,
3242 5717 3544 5768 ἀνιστοιιυθῦιυ.

1975 5769 2261 5819 reddendam
2288 5777 2400 5814 esse
2427 5767 2579 5814 visum
2604 5768 2741 5818 nobis
2766 5775 2855 5819 est.
