4056 6450
173 354 233 407 31
1541 348 1606 402 ΙΝ
1642 350 1893 422 ISAIAM,
1930 357 2079 412 CAP.
2113 360 2175 416 ιι.

176 447 375 500 ἀπειλαὶ
408 452 670 518 συνεχεῖς,
698 455 793 505 καλ⁸
827 456 1072 521 κολάσεις
1102 459 1395 528 διηνεκεῖς,
1427 462 1519 513 καὶ
1554 462 1803 533 θαύματα

174 533 451 603 ἐπάλληλα,
484 539 575 589 καὶ
607 542 895 609 προφητῶν
927 545 1135 614 δρόμοι.
1177 549 1269 599 καὶ
1304 549 1587 617 νομοθέτου
1619 553 1801 618 φόδοέ,

175 620 271 706 καὶ,
286 621 527 689 πολέμων
554 624 798 687 ἀπειλαὶ,
827 630 918 679 καὶ
950 629 1235 699 βαρϐάρων
1275 633 1447 699 ἔφοδοι
1467 672 1481 695 ,
1524 636 1615 687 καὶ
1643 639 1802 706 ὀργαὶ

172 704 423 789 θεήλατοι,
450 708 543 758 καὶ
565 709 808 773 κολάσεις
830 712 893 763 ἐκ
920 714 1026 767 τῶν
1048 717 1286 783 οὐρανῶν
1312 704 1685 789 πεμπόμεναιλ
1713 723 1805 773 καὶ

172 788 350 855 έμενον
377 790 829 863 σκληροτράχηλοι
871 799 961 850 καὶ
990 800 1350 871 ἀπερίτμητοι
1374 788 1542 866 ὄντες,
1574 804 1751 865 καθὼς
1777 807 1806 856 6

173 872 425 939 Στέφανος
465 876 683 943 ἔλεγεν,
722 880 928 942 ἀτενεῖς
966 884 1061 935 καὶ
1110 884 1422 940 δυσένδοτοιο
1474 888 1565 940 ἐπὶ
1610 888 1665 940 δέ
1697 887 1805 941 τῶν

171 957 331 1009 ἐθνῶν
369 960 565 1029 ἤρκεσε
597 963 748 1033 ῥῆμα
786 966 937 1034 ψιλὸν
975 971 1070 1022 καὶ
1107 971 1243 1041 ἀκοὴ
1280 973 1433 1042 μόνη,
1471 975 1564 1026 καὶ
1608 974 1805 1038 πάντες

171 1043 360 1108 εὐθέως
381 1048 769 1119 προσέδραμον.
791 1053 966 1124 Ὅπερ
982 1051 1075 1108 οὖν
1094 1057 1186 1109 καὶ
1208 1059 1238 1110 6
1259 1057 1419 1111 Aau’l6
1445 1062 1805 1129 αἰνιττόμενος

170 1129 311 1195 ελεγι
336 1149 349 1161 ·
377 1134 551 1198 Λαὸς.
593 1134 666 1187 δν
692 1138 800 1190 οὐκ
837 1138 1045 1207 ἔγνων,
1074 1141 1398 1195 ἐδούλευσέ
1428 1161 1559 1212 μοι·
1594 1145 1687 1199 καὶ
1714 1144 1804 1197 τὸν

168 1215 358 1281 τρόπον
393 1219 490 1285 τῆς
520 1220 759 1290 ὑπακοῆς
789 1222 1081 1292 θαυμάζων
1108 1228 1445 1296 προσετίθει·
1486 1231 1587 1294 Εις
1613 1231 1805 1296 ἀκοὴν

166 1300 333 1354 ὠτίου
360 1303 666 1367 ἐπήκουσέ
697 1324 835 1375 μου.
878 1310 1047 1362 Τοῦτο
1082 1312 1213 1365 αὐτὸ
1254 1314 1347 1365 καὶ
1373 1316 1401 1366 6
1433 1314 1623 1367 Ἰακὼὸ
1662 1318 1803 1369 αίνι-

168 1390 598 1459 γματωδέστερον
637 1392 912 1461 ἐμφαίνων
948 1395 1137 1464 ἔλεγε*
1177 1400 1487 1465 Δεσμεύων
1514 1401 1662 1466 πρὸς
1697 1402 1804 1470 ἆμ-

168 1474 345 1524 κελον
371 1474 476 1527 τὸν
502 1474 706 1530 πῶλον
725 1480 927 1541 αὑτοῦ.
955 1482 1051 1535 καί
1073 1481 1147 1550 τῇ
1162 1483 1315 1537 ἕλικι
1338 1484 1444 1537 τὸν
1467 1485 1670 1538 πῶλον
1694 1484 1804 1553 τῆς

167 1556 302 1610 ἰνου
325 1561 525 1614 αὐτοῦ.
555 1564 743 1616 Καίτοι
774 1566 856 1628 τίς
881 1562 1020 1620 εἶδεν
1043 1567 1183 1621 ἐλικι
1212 1569 1391 1621 πῶλον
1418 1569 1799 1641 δεσμούμενον,

168 1641 252 1693 καὶ
300 1647 617 1713 παρεστῶτα
660 1649 973 1720 ἁμπέλῳι,
1026 1654 1121 1706 καὶ
1155 1653 1230 1723 μὴ
1281 1654 1667 1723 λυμαινόμενον
1709 1656 1802 1708 τὸν

166 1728 397 1795 καρπόνς
436 1732 556 1785 ἐπὶ
596 1734 695 1803 μέν
720 1734 827 1805 γὰρ
864 1735 972 1789 τῶν
1008 1737 1215 1806 ἀλόγων
1247 1740 1438 1803 οὐδεὶς,
1480 1742 1571 1793 ἐπὶ
1599 1741 1656 1793 δέ
1693 1742 1802 1794 τῶν

165 1812 454 1882 ἀνθρώπων
502 1818 639 1885 μετά
685 1820 885 1889 πολλῆς
927 1820 1086 1875 τοῦτο
1131 1822 1320 1891 γέγονε
1356 1826 1454 1894 τῆς
1498 1827 1799 1895 ἀκριδείας.

166 1898 220 1948 οι
245 1898 461 1969 μὲνγὰρ
488 1900 722 1956 Ἰουδαῖοι
745 1906 955 1975 μυρίοις
971 1907 1211 1972 δεθέντες
1231 1910 1462 1979 δεσμοῖς,
1483 1912 1802 1982 συνέτριψαν

164 1982 245 2069 τδν
272 1982 449 2051 ζυγὸν,
480 1987 765 2059 διέρρηξαν
789 1990 880 2043 τὸν
903 1993 1119 2062 δεσμὸν,
1144 1994 1321 2057 καθὼς
1344 1998 1372 2048 6
1396 1998 1678 2066 προφήτης
1701 2015 1804 2069 φη-

168 2066 239 2117 σί·
256 2071 324 2121 τὰ
341 2070 396 2121 δέ
417 2072 538 2142 ἔθνη
560 2074 781 2143 οὐδεμιᾷ
803 2076 1020 2147 τοιαύτῃ
1041 2078 1257 2132 δεθέντα
1280 2081 1491 2152 ἀνάγκῃ
1507 2083 1555 2146 δ,
1575 2066 1803 2152 ἑτοίμως

165 2151 481 2220 ὑπήκουσαν,
513 2156 590 2219 ὡς
632 2159 697 2211 ἂν
729 2160 866 2213 ἐλικι
897 2162 1075 2226 πῶλος
1114 2151 1495 2236 δεσμούμενος,
1528 2170 1619 2221 καὶ
1651 2151 1801 2223 οῦδὲν

165 2236 481 2306 ἐλυμήναντο
531 2243 640 2295 τῶν
684 2244 1105 2315 ἐπιταγμάτων,
1154 2251 1290 2303 ἀλλά
1350 2256 1802 2322 παρειστήκεισαν

166 2322 353 2390 πολλὴν
395 2327 779 2399 ἐνδεικνύμενοι
820 2332 919 2401 τὴν
962 2333 1225 2406 ὑπακοήν.
1262 2337 1367 2389 Kal
1410 2340 1803 2405 πορεύσονται

162 2408 285 2460 .laol
316 2412 545 2476 πολλοὶ,
576 2414 673 2467 καὶ
698 2416 900 2483 ἐροῦσι
921 2434 934 2447 ·
956 2419 1149 2482 Δεῦτε,
1176 2421 1276 2474 καὶ
1299 2422 1605 2491 ἀναδῶμεν
1627 2427 1713 2489 είς
1735 2426 1799 2478 τὸ

164 2492 285 2557 ὅρος
313 2496 415 2549 τοῦ
443 2499 680 2564 Κυρίου.
716 2502 812 2553 καὶ
838 2506 924 2567 εις
952 2503 1063 2557 τὸν
1087 2502 1254 2558 οἶκον
1278 2508 1384 2560 τοῦ
1412 2509 1555 2561 Θεοῦ
1582 2510 1797 2562 Ἰακώϐ.

166 2577 298 2645 Ὅρα
349 2582 662 2651 χορεύοντας
711 2587 805 2638 καὶ
867 2590 1326 2659 πανηγυρίζοντας
1350 2630 1364 2654 ,
1424 2593 1514 2644 καὶ
1556 2593 1800 2663 ἀλλήλοις

164 2663 614 2735 ἐγκελευομένους,
631 2670 724 2722 καὶ
745 2670 951 2735 πάντας
973 2674 1321 2740 διδασκάλους
1343 2679 1651 2748 γινομένους
1669 2697 1681 2710 ·
1709 2683 1802 2733 καὶ

164 2750 248 2817 οὐχ
278 2751 355 2810 ἓν,
387 2753 475 2805 καὶ
512 2753 778 2825 δεύτερον,
822 2760 914 2811 καὶ
945 2760 1146 2830 τρίτον,
1179 2762 1313 2815 ἀλλά
1350 2763 1445 2816 καὶ
1482 2764 1644 2817 πολλά
1675 2766 1799 2835 ἐονη

165 2837 525 2904 συντρέχοντα.
561 2840 784 2904 Ἥξουσι
831 2842 969 2913 γάρ,
998 2846 1160 2914 φησὶ,
1203 2847 1322 2900 λαοὶ
1362 2849 1570 2911 πολλοὶ,
1605 2852 1698 2902 καὶ
1739 2854 1802 2904 ἐκ

163 2917 419 2991 διαφόρων
448 2926 659 2996 χωρῶν,
688 2929 819 2998 ὅπερ
849 2931 941 2982 ἐπὶ
976 2931 1084 2984 τῶν
1130 2932 1396 2986 Ἰουδαίων
1433 2936 1680 2988 οὐδέποτε
1706 2937 1799 3003 γέ-

163 3019 305 3069 γονεν
327 3024 343 3039 ’
380 3010 489 3061 ἀλλ’
527 3014 577 3062 εί
609 3014 700 3065 καί
740 3030 881 3077 τινες
916 3018 1236 3086 προσῆλθον,
1267 3020 1432 3085 ὀλίγοι
1466 3022 1593 3073 ποτὲ
1633 3039 1801 3092 προσ-

168 3092 359 3155 ήλυτοι,
385 3095 526 3163 μετά
572 3097 768 3165 πολλῆς
802 3100 893 3150 καὶ
940 3101 1091 3153 αὐτοὶ
1123 3103 1220 3171 τῆς
1258 3103 1369 3174 [25]
1404 3108 1799 3174 πραγματείας,

166 3177 247 3229 καὶ
276 3178 523 3231 οὐδέποτε
550 3180 675 3251 ἐθνη
708 3183 1033 3253 ἐκλήθησαν,
1070 3186 1205 3240 ἀλλὰ
1236 3190 1581 3258 προσήλυτοι,
1610 3195 1801 3257 Προσ-

164 3260 360 3326 ήλυτοι
396 3265 503 3333 γὰρ
546 3265 645 3318 ἐπί
683 3268 757 3320 σὲ
805 3269 1244 3338 διελεύσονται,
1290 3276 1388 3328 καί
1414 3293 1510 3328 σοι
1562 3276 1803 3330 ἔσονται

164 3345 374 3432 δοῦλοι,
407 3351 588 3419 φησίν.
615 3352 676 3405 El
696 3354 751 3407 δέ
777 3355 1026 3424 ἐπιμένει
1051 3359 1116 3428 τῇ
1151 3362 1429 3430 μεταφορᾷ
1449 3362 1477 3413 ὁ
1499 3363 1798 3432 προφήτης,

163 3430 275 3519 δρος
307 3436 483 3519 καλῶν
513 3439 605 3490 καὶ
651 3436 793 3493 οἶκον
839 3442 931 3495 τοῦ
962 3444 1096 3497 Θεοῦ
1142 3444 1353 3507 Ἰακὼϐ,
1387 3448 1461 3518 μὴ
1497 3430 1797 3519 θαυμᾶσῄς.

168 3511 332 3585 ὐπερ
374 3518 482 3586 γὰρ
526 3520 692 3591 ἔφθην
728 3522 918 3589 εἰπὼν,
954 3524 1049 3578 νῦν
1099 3526 1197 3595 μὲν
1236 3511 1571 3598 παρανοίγει,
1602 3511 1804 3582 νῦν-’δέ

167 3601 430 3664 συσκιάξει
452 3604 549 3674 τὴν
575 3610 906 3676 προφητείαν
925 3628 939 3641 ο
964 3610 1024 3663 16
1048 3612 1166 3682 μὲν,
1186 3614 1271 3667 ἵνα
1292 3617 1401 3677 τοῖς
1425 3616 1804 3686 συνετωτέροις

164 3686 402 3755 ἀφορμὰς
437 3692 702 3762 παράσχοι
732 3695 824 3746 τοῦ
856 3698 1081 3749 συνιδεῖν
1113 3699 1182 3752 τὰ
1202 3700 1465 3768 λεγόμενα
1484 3718 1498 3731 ·
1527 3701 1585 3753 16
1609 3702 1683 3767 δὲ,
1717 3705 1805 3757 ἴνα

166 3771 262 3822 τῶν
288 3774 612 3844 ἀγνωμόνων
642 3781 898 3850 κατάσχοι
927 3782 1023 3851 τὴν
1055 3785 1285 3839 ἄτακτον
1309 3788 1484 3856 ῥύμην
1504 3805 1516 3816 ·
1550 3790 1644 3841 καὶ
1672 3806 1805 3843 παν-

165 3858 377 3925 ταχόθεν
402 3862 663 3916 ποικίλλει
690 3866 780 3918 τὸν
810 3867 985 3936 λόγον.

225 3994 283 4048 6'.
314 3998 375 4049 El
405 3999 460 4051 δὲ
493 4001 640 4055 Θεοῦ
668 4002 868 4056 Ἰακὼσ
898 4003 1036 4070 εἷπε,
1074 4007 1147 4077 μή
1174 4007 1493 4079 θορυϐηθῇς,
1522 4009 1801 4078 ἀγαπητέ·

168 4082 249 4131 καὶ
291 4084 399 4152 γάρ
438 4087 466 4137 ό
522 4089 809 4159 μονογενὴς
842 4090 969 4152 Υίδς
1011 4091 1104 4143 τοῦ
1138 4093 1270 4144 Θεοῦ
1314 4094 1441 4155 Θεὸς
1488 4094 1676 4145 Ἰακὼϐ
1714 4090 1803 4163 ἦν.

167 4166 321 4228 Αὐτὸς
365 4170 471 4239 γὰρ
507 4172 599 4223 καὶ
631 4173 721 4225 τὸν
767 4175 929 4244 νόμον
962 4176 1163 4242 έδωκε,
1194 4180 1289 4230 καὶ
1333 4180 1400 4231 τά
1452 4181 1569 4231 κατ’
1610 4181 1805 4241 αὐτοὺς

168 4250 662 4326 ἐθαυματούργησεν
707 4258 918 4313 ἅπαντα
942 4279 957 4294 ·
998 4263 1091 4314 καὶ
1131 4264 1290 4315 τοῦτο
1320 4266 1382 4316 ἐκ
1419 4267 1517 4333 τῆς
1563 4266 1804 4328 Παλαιᾶς

166 4337 320 4406 αὐτῆς
356 4342 585 4409 μάλιστα
622 4340 766 4397 ἐστιν
791 4346 938 4413 ίδείν,
978 4348 1164 4418 ἐπειδὴ
1204 4350 1300 4419 τῆς
1334 4353 1537 4421 Καινῆς
1567 4353 1685 4403 οὐδὲ
1726 4349 1805 4414 εἷς

178 4423 431 4489 Ἰουδαίοις
478 4430 653 4497 λόγος.
697 4432 755 4483 'U
792 4429 880 4485 οὖν
928 4435 1194 4504 Ἱερεμίας
1236 4438 1398 4507 φησί’
1448 4438 1805 4506 Διαθήσομαι

167 4510 294 4573 ὑμῖν
329 4514 623 4582 διαθήκην
657 4519 890 4585 καινὴν,
934 4524 1006 4575 οὐ
1036 4522 1183 4575 κατὰ
1225 4523 1337 4589 τήν
1376 4523 1695 4591 διαθήκην,
1728 4527 1807 4592 ἣν

168 4594 425 4666 διεθέμην
458 4605 582 4669 τοῖς
628 4607 921 4672 ⁴πατράσιν
952 4609 1149 4677 ὑμῶν·
1181 4611 1392 4673 δεικνὺς
1421 4615 1499 4665 δτι
1535 4615 1807 4683 ἑκατέρων

166 4685 259 4735 τῶν
290 4689 462 4754 νόμων
484 4692 645 4752 αὐτὸς
674 4694 701 4743 ὁ
728 4694 1019 4763 νομοθέτης
1045 4692 1134 4765 ἦν.
1160 4698 1283 4748 Ὅτι
1312 4700 1366 4749 δέ
1394 4700 1484 4749 καὶ
1515 4700 1610 4767 τῆς
1639 4700 1805 4765 Αἰγύ-

170 4785 287 4821 πτου
315 4774 472 4836 αὐτὸς
508 4777 830 4845 ἀπήλλαξεν,
864 4782 1168 4849 ἐπήγαγεν
1205 4784 1298 4833 Ἐν
1321 4784 1507 4849 ἡμέρᾳ
1535 4786 1807 4836 ἐπιλαϐο-

163 4857 332 4921 μένου
346 4877 462 4927 μου
485 4860 592 4928 τῆς
608 4865 801 4929 χειρὸς
819 4866 1032 4931 αὐτῶν,
1051 4867 1360 4935 ἐξαγαγεῖν
1376 4871 1593 4934 αὐτοὺς
1608 4871 1674 4922 ἐκ
1698 4869 1806 4939 γῆς

172 4946 471 5010 Αἰγύπτου.
497 4948 558 4999 Εἰ
589 4949 644 4999 δὲ
682 4950 839 5012 αὐτὸς
880 4952 1113 5021 ἐξήγαγε
1135 4996 1149 5019 ,
1178 4955 1270 5007 καὶ
1303 4956 1476 5007 πάντα
1520 4957 1699 5007 ἐκεῖνα
1739 4956 1806 5008 16

168 5028 216 5077 ἐν
246 5033 305 5097 τῇ
338 5033 593 5102 Αἰγύπτῳ
623 5036 713 5086 καὶ
741 5036 805 5087 τά
840 5038 895 5089 ἐν
922 5042 986 5107 τῇ
1019 5041 1206 5109 ἐρήμῳ
1232 5042 1390 5103 αὐτὸς
1425 5041 1644 5110 ἐποίησε
1676 5041 1804 5094 θαύ-

170 5129 316 5178 ματα.
353 5118 456 5169 Kal
488 5120 802 5187 ἀναγγελεῖ
840 5123 981 5189 ἡμῖν
1021 5124 1133 5189 τὴν
1162 5126 1306 5178 ὁδὸν
1337 5126 1541 5188 αὑτοῦ,
1579 5128 1673 5179 καὶ
1706 5145 1809 5179 πο-

160 5204 481 5269 ρευσόμεθα
514 5205 584 5256 ἐν
621 5206 789 5273 αὐτῇ.
828 5208 986 5277 Ὁρᾷς
1032 5210 1215 5280 ἔτερόν
1263 5230 1381 5265 τινα
1422 5212 1807 5282 ἐπιζητοῦντας

166 5283 347 5375 νόμοη
382 5289 528 5375 ὐδδν
556 5290 663 5358 γάρ
712 5295 743 5361 ή
778 5294 961 5363 Γραφὴ
992 5296 1090 5357 τὰς
1118 5297 1332 5360 ἐντολὰς
1363 5298 1454 5350 τοῦ
1488 5299 1621 5350 Θεοῦ
1652 5299 1805 5351 εἴωθε

167 5368 353 5455 λέγειν·
387 5374 434 5423 εί
469 5374 524 5426 δέ
552 5376 642 5426 ἐπὶ
667 5377 765 5447 τῆς
805 5381 1073 5450 προτέρας
1109 5382 1257 5451 ἔλεγε
1296 5386 1586 5455 Διαθήκης,
1614 5387 1709 5437 οὐκ
1742 5385 1806 5436 ἂν

166 5450 322 5521 εἶπεν,
359 5461 689 5528 Ἆναγγελεῖ
725 5466 899 5534 ἡμῖν’
933 5467 1063 5538 δήλη
1105 5469 1213 5541 γὰρ
1260 5468 1327 5541 ἦν
1368 5450 1461 5525 καί
1494 5450 1668 5541 σαφὴς
1717 5474 1807 5524 καὶ

167 5546 424 5618 γνώριμος
458 5550 647 5603 ἅπασι.

219 5750 240 5818 ξ
265 5746 379 5818 “eg.
404 5756 457 5794 cl
482 5751 627 5818 ani‘l‘.
654 5759 932 5818 παρεστῶτα
953 5759 1176 5818 ἄμπελον,
1206 5765 1347 5811 male.

218 5804 892 5891 δεγίιᾴέούδεμιᾶς
922 5804 1141 5878 τοίαύτης
1165 5804 1364 5873 ’δεθέντα
1390 5827 1610 5888 ἀνάγκης,
1660 5831 1802 5891 mdo,

170 5871 211 5908 ul
234 5871 328 5925 Ipse
348 5871 433 5918 δυ
448 5871 499 5919 ιι.
537 5871 801 5933 suspicatus
821 5886 915 5927 est.

3480 393 3552 447 32

1977 474 2084 525 Kal.
2130 474 2209 525 ὅτι
2245 474 2304 525 οὐ
2345 474 2683 543 σοφιζόμενοι
2717 472 2888 526 ταῦτά
2917 490 3120 542 φαμεν,
3156 473 3221 526 16
3260 475 3358 543 μὲν
3396 477 3547 546 είρη-

1908 562 2042 629 μένα
2078 564 2171 615 καὶ
2216 564 2339 625 τοὺς
2380 564 2580 633 σφόδρα
2616 562 3092 631 ἀναισχυντοῦντας
3142 563 3297 615 ἱκανὰ
3343 567 3542 619 πεῖσαι.

1922 652 2135 722 Ἐπειδὴ
2185 652 2293 722 γάρ
2344 652 2461 704 ὁδοῦ
2517 654 2672 722 μόνον
2726 654 2997 723 ἐμνήσθη,
3047 653 3191 720 λέγει
3249 655 3340 705 καὶ
3390 656 3547 719 ποίας

1908 741 2047 801 ὀδοῦ,
2076 743 2169 794 καὶ
2199 742 2364 795 πολλὰ
2386 742 2594 812 τίθησιν
2624 743 2789 811 αὐτῆς
2816 742 2883 794 16
2917 744 3235 812 παράσημα.
3274 744 3548 812 Ἑπήγαγε

1908 827 2037 893 γοῦν
2084 828 2284 896 λέγων·
2330 830 2429 881 Ἐκ
2463 831 2570 897 γὰρ
2611 827 2760 881 Σιὼν
2786 827 3163 891 ἐξελεύσεται
3205 830 3407 895 νόμος.
3445 829 3548 883 καί

1908 919 2086 984 λόγος
2108 918 2322 984 Κυρίου
2342 918 2407 981 ἐξ
2437 918 2843 986 Ἰερουσαλήμ.
2867 918 3007 987 Πρὸς
3031 918 3202 970 ταῦτα
3233 919 3323 971 καὶ⁸
3351 919 3551 989 σφόδρα

1908 1006 2381 1075 ἀναισχυντοῦντες
2419 1006 2683 1060 Ἰουδαίων
2712 1008 2892 1069 παῖδες
2933 1008 3049 1059 οὐδὲ
3076 1008 3255 1076 διᾶραι
3282 1008 3344 1061 16
3380 1008 3553 1077 στόμα

1907 1094 2237 1166 δυνήσονται.
2270 1098 2387 1149 ’Ότι
2430 1097 2534 1168 γὰρ
2583 1099 2707 1168 περὶ
2751 1098 2849 1166 τῆς
2889 1098 3089 1167 Καινῆς
3128 1098 3296 1149 ταῦτα
3340 1098 3552 1169 εἴρηται

1908 1186 2198 1253 Διαθήκης,
2230 1186 2324 1237 καὶ
2354 1186 2459 1237 6116
2494 1186 2585 1237 τοῦ
2620 1187 2807 1257 τόπου,
2835 1188 2928 1239 καὶ
2954 1186 3059 1239 ἀπὸ
3087 1186 3175 1237 τοῦ
3216 1186 3423 1256 χρόνου,
3457 1189 3552 1240 καὶ

1907 1278 2011 1329 ἀπὺ
2040 1278 2147 1329 τῶν
2174 1276 2473 1344 δεξαμένων
2508 1276 2599 1327 16v
2626 1276 2807 1343 νόμον,
2841 1276 2930 1326 καὶ
2963 1276 3068 1326 6116
3100 1275 3191 1327 τοῦ
3231 1276 3549 1344 πράγματος

1905 1365 2000 1418 τοῦ
2029 1366 2166 1435 μετὰ
2193 1365 2372 1434 νόμον,
2412 1365 2503 1417 καὶ
2532 1365 2790 1416 πάντοθεν
2815 1365 2995 1427 ἁπλῶς
3026 1364 3137 1415 ἐστι
3175 1364 3421 1415 συνιδεῖν.
3442 1363 3552 1415 Καὶ

1908 1455 2122 1524 πρῶτον
2143 1454 2250 1507 ἀπὸ
2276 1455 2368 1507 τοῦ
2399 1454 2583 1515 τόπου,
2608 1452 2699 1504 τοῦ
2722 1453 2857 1503 Σιὼν
2884 1452 3062 1521 ὅρους.
3086 1452 3143 1503 '0
3171 1449 3279 1519 γὰρ
3308 1449 3397 1503 διὰ
3423 1451 3552 1505 Μω-

1909 1544 2044 1606 σέως
2084 1545 2244 1614 νόμος
2292 1547 2348 1596 ἐν
2377 1545 2453 1615 τῷ
2499 1543 2691 1612 Σιναίῳ
2737 1544 2851 1613 δρει
2898 1545 3011 1604 τοῖς
3052 1543 3333 1613 προγόνοις
3378 1540 3555 1595 αὐτῶν

1907 1633 2081 1702 ἐδόθη.
2101 1634 2224 1696 Πῶς
2249 1629 2339 1686 οὖν
2369 1632 2595 1685 ἐνταῦθα
2631 1633 2723 1684 Ἐκ
2756 1631 2906 1684 Σιών
2932 1648 3062 1701 φησι
3084 1648 3098 1696 ;
3132 1634 3239 1685 Καὶ
3264 1633 3364 1685 οὐκ
3390 1631 3557 1701 ἠρκέ-

1910 1722 2009 1793 σθη
2038 1724 2210 1792 τούτῳ
2240 1722 2418 1791 μόνον,
2448 1722 2581 1775 ἀλλά
2613 1723 2705 1774 καὶ
2734 1722 2823 1773 τὸν
2850 1722 3036 1790 χρόνον
3061 1721 3458 1792 προστέθεικεν.
3477 1722 3554 1774 Οὐ

1908 1817 2015 1885 γὰρ
2047 1810 2228 1881 εἶπεν,
2264 1814 2481 1883 Ἐξῆλθε
2515 1814 2697 1884 νόμος,
2732 1814 2867 1877 ἀλλ’,
2916 1813 3315 1878 Ἐξελεύσεται
3351 1814 3554 1882 νόμος,

1908 1908 2042 1978 ὅπερ
2078 1908 2167 1960 ἐπὶ
2195 1907 2472 1976 μέλλοντος
2493 1905 2703 1974 χρόνου,
2727 1906 2818 1956 καὶ
2845 1904 3162 1974 πράγματος
3179 1904 3386 1957 οὐδέπω
3407 1921 3557 1971 γεγε-

1906 1995 2159 2065 νημένου.
2200 1997 2327 2047 Ὀτε
2361 1994 2417 2047 δὲ
2444 1996 2471 2046 6
2500 1996 2779 2063 προφήτης
2804 1992 2971 2045 ταῦτα
2999 1994 3171 2062 ἔλεγε,
3204 1994 3310 2065 πρὸ
3345 1994 3555 2049 πολλῶν

1907 2085 2041 2137 ἐτῶν
2073 2080 2140 2154 ἦν
2184 2084 2460 2153 δεδομένος
2501 2086 2529 2136 6
2572 2083 2765 2152 v6p.o;°
2812 2084 2841 2135 6
2882 2083 2939 2136 δὲ
2966 2082 3066 2152 τῆς
3111 2082 3318 2151 Καινῆς
3364 2082 3556 2152 ἐμελλε

1911 2181 2046 2249 μετά
2073 2182 2166 2249 ἐτη
2201 2180 2415 2233 πλείονα
2456 2179 2707 2231 δίδοσθαι.
2742 2178 2839 2230 Διά
2881 2177 3039 2230 τοῦτο
3068 2178 3167 2229 οὑκ
3192 2174 3359 2238 εἶπεν,
3399 2177 3557 2245 ἐξῆλο

1909 2266 2017 2330 θεν,
2040 2267 2172 2328 ἀλλ’.
2211 2266 2638 2329 Ἐξελεύσεται.
2666 2264 2928 2326 τουτέστι,
2953 2264 3087 2333 μετὰ
3114 2263 3303 2316 ταῦτα.
3328 2264 3433 2315 Καὶ
3450 2263 3557 2316 πά-

1906 2354 1987 2406 λιν
2015 2355 2105 2406 ἐπὶ
2131 2354 2219 2405 τὸν
2247 2354 2409 2405 τόπον
2433 2353 2594 2405 αὐτὸν
2628 2351 2955 2417 καταφεύγει
2996 2350 3166 2416 λέγων
3187 2365 3198 2377 ⁸
3234 2349 3344 2403 Kal
3374 2350 3555 2415 λόγιος

1906 2439 2123 2503 Κυρίου
2148 2437 2216 2498 ἐξ
2239 2435 2636 2503 Ἰερουσαλήμ.
2661 2435 2807 2486 Μετὰ
2836 2434 3115 2505 ἀκριϐείας
3144 2436 3273 2501 ήμίν
3300 2433 3359 2485 16
3381 2434 3555 2501 παρά-

1906 2539 2076 2591 σημον
2104 2522 2198 2587 τῆς
2226 2521 2410 2589 καινῆς
2436 2520 2704 2588 Διαθήκης
2729 2518 2957 2571 ἐνταῦθα
2985 2519 3181 2587 τίθησι.
3199 2518 3306 2570 Καὶ
3332 2519 3439 2588 γάρ
3458 2518 3553 2571 νῦν

1909 2607 2004 2677 μὲν
2030 2608 2088 2657 ἐν
2118 2605 2193 2675 τῷ
2230 2606 2343 2675 δρει
2387 2605 2711 2674 καθήμενος,
2739 2603 2807 2656 16
2831 2603 3009 2673 ὑψηλὰ
3043 2602 3133 2655 καὶ
3167 2604 3275 2654 τῶν
3310 2603 3554 2673 οὐρανῶν

1905 2694 2029 2759 ἄξια
2076 2694 2469 2763 προστάγματα
2508 2692 2841 2762 ἐνομοθέτει,
2886 2690 2978 2745 νῦν
3024 2690 3081 2743 δὲ
3113 2691 3170 2743 ἐν
3210 2690 3555 2761 Ἰερουσαλὴμ

1904 2779 2208 2849 διατρίϐων.
2238 2777 2421 2831 Εἰπὼν
2459 2778 2638 2831 τοίνυν
2668 2777 2760 2831 καὶ
2791 2776 2881 2829 τὸν
2912 2776 3074 2830 τόπον
3107 2775 3198 2828 καὶ
3225 2776 3315 2829 τὸν
3344 2776 3553 2846 χρόνον,

1906 2866 2223 2935 προστίθησι
2249 2864 2365 2936 [24]
2398 2866 2490 2917 καὶ
2522 2866 2646 2927 τοὺς
2679 2864 3031 2933 ὑποδέχεσθαι
3057 2862 3216 2915 αὐτὸν
3246 2862 3552 2933 μέλλοντας,

1904 2951 2235 3019 πανταχόθεν
2256 2952 2626 3021 άπορῤάπτων
2654 2950 2762 3002 τῶν
2794 2949 3172 3015 ἀντιλεγόντων
3196 2948 3263 3001 16
3293 2948 3550 3016 στόματα.

1906 3037 2059 3097 Τίνες
2101 3032 2193 3088 οῦν
2245 3037 2295 3087 οἱ
2342 3036 2624 3102 μέλλοντες
2674 3035 2835 3088 αὑτὸν
2870 3034 3253 3103 ὑποδέχεσθαις
3296 3029 3405 3103 ἄρα
3445 3033 3555 3089 τῶν

1917 3123 2177 3191 Ἐϐραίων
2204 3126 2231 3175 6
2262 3124 2427 3191 δῆμος
2461 3124 2551 3175 καὶ
2590 3123 2856 3175 Ἰουδαίων
2889 3124 3102 3186 παῖδες;
3132 3122 3412 3189 Οὐδαμῶς,
3439 3124 3555 3175 ἀλλ’

1905 3211 1953 3262 οἱ
1982 3211 2038 3275 ἐξ
2071 3209 2259 3261 ἐθνῶν.
2300 3208 2391 3262 Διὸ
2426 3212 2518 3261 καὶ
2558 3210 2801 3278 ἐπήγαγε
2822 3226 2834 3240 ο
2865 3209 2973 3263 Kal
3008 3209 3195 3277 κρινεῖ
3224 3208 3339 3262 ἀνὰ
3363 3210 3558 3276 μέσον

1904 3298 2112 3354 ἐθνῶν.
2141 3298 2310 3350 Τοῦτο
2342 3298 2448 3367 γὰρ
2489 3298 2717 3366 μάλιστα
2745 3298 2929 3366 νόμου,
2958 3298 3017 3348 τὸ
3045 3297 3281 3360 δικάζειν
3300 3300 3411 3359 τοῖς
3447 3315 3554 3365 μα-

1906 3386 2151 3455 χομένοις
2172 3384 2330 3438 αὐτόν
2353 3394 2399 3435 ν.
2424 3384 2541 3435 Ὀτι
2570 3383 2625 3434 δὲ
2662 3383 2721 3434 οὐ
2758 3382 2885 3452 περὶ
2923 3382 3021 3450 τῆς
3057 3382 3293 3444 Παλαιᾶς
3315 3385 3343 3434 6
3380 3382 3553 3449 λόγος,

1906 3472 2061 3540 δῆλον
2098 3470 2204 3523 6116
2230 3470 2337 3523 τῶν
2375 3471 2710 3541 πραγμάτιον
2729 3468 2924 3521 αὐτῶν.
2948 3468 3085 3521 Οὔτε
3110 3467 3216 3537 γὰρ
3242 3467 3558 3531 σαϐϐατίζο-

1911 3575 2027 3627 μεν,
2043 3559 2103 3609 οὐ
2128 3558 2426 3626 περιτομὴν
2452 3556 2766 3626 ἐδεξάμεθα,
2787 3556 2845 3607 ού
2867 3556 2964 3618 τὰς
2987 3556 3177 3624 ἐορτάς
3196 3556 3435 3617 ἐκείνων,
3458 3556 3559 3610 οὐκ

1906 3643 2032 3696 ἄλλο
2052 3642 2156 3694 τῶν
2179 3642 2425 3694 παλαιῶν
2440 3641 2610 3696 οὐδέν.
2649 3640 2984 3710 Ἦκούσαμεν
3002 3640 3107 3709 γὰρ
3136 3640 3343 3693 Παύλου
3379 3641 3560 3709 λέγον-

1907 3746 2017 3791 τος,
2041 3730 2121 3781 ὅτι
2144 3731 2276 3781 Ἐὰν
2301 3729 2744 3795 περιτέμνησθε,
2762 3726 3008 3793 Χριστὸς
3033 3726 3185 3793 ὑμᾶς
3210 3726 3391 3780 οὐδὲν
3409 3728 3559 3795 61508-

1907 3816 2084 3882 λὴσει
2101 3832 2113 3844 ⁸
2135 3816 2244 3878 καὶ,
2263 3813 2500 3880 Ἡμέρας
2520 3813 2969 3879 παρατηρεῖσθε,
2992 3812 3086 3863 καὶ
3101 3810 3313 3879 μῆνας,
3329 3812 3422 3864 καί
3441 3828 3560 3865 και-

1900 3902 2066 3968 ροὺς,
2090 3901 2183 3953 καί
2206 3900 2547 3962 ἐνιαυτούς;
2569 3898 2859 3965 Φοϐοῦμαι
2876 3896 3101 3964 μήπως
3131 3896 3258 3963 εικῆ
3287 3899 3561 3950 κεκοπία-

1909 4004 1987 4039 κα
2008 3989 2092 4050 εὶς
2111 3986 2449 4053 ὑμᾶς.’⁹Οθεν
2471 3984 2627 4052 δῆλον
2647 3985 2727 4035 ὅτι
2753 3985 2878 4052 περὶ
2902 3985 2999 4053 τῆς
3022 3983 3226 4050 Καινῆς
3243 3986 3270 4035 6
3289 3984 3462 4051 λόγος,
3477 3986 3561 4039 ὅτι

1909 4073 2011 4125 ἀνὰ
2034 4074 2195 4141 μέσον
2225 4071 2390 4124 ἐθνῶν
2410 4071 2588 4139 ἔκρινε
2602 4071 2651 4131 ἀ,
2684 4070 2863 4132 καθὼς
2884 4073 2974 4123 καὶ
2994 4074 3021 4123 6
3035 4071 3240 4133 Παῦλός
3258 4089 3418 4140 φησιν
3438 4093 3445 4101 υ
3465 4074 3562 4126 Ἐν

1908 4155 2116 4223 ἡμέρᾳ,
2139 4156 2233 4207 ὅτε
2259 4155 2442 4221 κρινεῖ
2473 4156 2505 4207 ό
2540 4154 2683 4218 Θεὸς
2720 4154 2791 4205 τὰ
2822 4155 3049 4220 κρυπτὰ
3075 4153 3192 4206 τῶν
3217 4154 3557 4221 ἀνθρώπων.

1911 4240 2031 4300 Πῶς
2055 4242 2224 4307 κρινεί
2246 4255 2259 4301 ;
2286 4237 2405 4290 είπέ
2436 4255 2524 4306 μοι
2545 4254 2558 4266 ·
2592 4238 2733 4290 κατά
2753 4238 2849 4305 τὴν
2879 4237 3110 4290 παλαιὰν
3129 4238 3426 4306 Διαθήκην;
3459 4239 3564 4292 Οὑ-

1909 4325 2112 4393 δαμῶς,
2137 4325 2271 4376 ἀλλά
2308 4325 2464 4377 Κατὰ
2496 4323 2561 4375 τό
2589 4322 2953 4391 Εὺαπέλιόν
2981 4340 3117 4389 μου.
3150 4319 3300 4384 Εἶδες
3330 4323 3561 4393 διάφορα

1914 4411 2010 4479 μὲν
2041 4410 2107 4461 τὰ
2142 4413 2378 4480 ῥήματα,
2422 4407 2808 4475 συμφωνοῦντα
2832 4407 2887 4457 δὲ
2917 4406 2984 4458 16
3013 4410 3252 4478 νοήματα
3277 4426 3291 4473 ;
3334 4409 3560 4475 ἸΙσαῖας

1913 4496 2077 4565 φησί’
2129 4494 2331 4561 Κρινεῖ
2366 4492 2479 4546 ἀνὰ
2503 4492 2695 4559 μέσον
2733 4490 2849 4543 τῶν
2888 4492 3107 4546 ἐθνῶν·
3154 4495 3359 4558 Παῦλός
3390 4513 3520 4565 φησι
3542 4512 3557 4527 ·

1912 4582 2106 4647 Κρινεῖ
2141 4580 2285 4631 κατὰ
2320 4578 2383 4629 τὸ
2425 4577 2789 4643 Εὐαγγέλιόν
2814 4595 2952 4645 μου.
3000 4578 3107 4631 Kal
3137 4580 3365 4650 ἐλέγξει
3407 4582 3564 4635 λαόν

1910 4666 2104 4719 πολύν
2124 4682 2136 4695 ο
2169 4664 2291 4724 τοὺς
2327 4663 2661 4731 μαχομένους
2691 4664 2782 4714 καὶ
2806 4664 3251 4734 παραϐαίνοντας.
3273 4668 3378 4719 Καὶ
3404 4668 3562 4720 τοῦτο

1908 4752 2079 4819 δηλῶν
2108 4752 2134 4802 6
2154 4750 2379 4819 Χριστὸς
2408 4750 2619 4817 ελεγεψ
2657 4753 2777 4803 οὐκ
2801 4751 2913 4819 ἐγὼ
2951 4752 3129 4819 κρινῶ
3156 4751 3330 4820 ὑμᾶς,
3353 4754 3491 4805 ἀλλ’
3526 4758 3559 4807 ὀ

1911 4841 2109 4904 λόγος,
2137 4838 2206 4889 ὃν
2226 4836 2519 4902 ἐλάλησα,
2555 4838 2783 4902 ἐκεῖνος
2812 4839 3001 4905 κρινεῖ
3022 4838 3190 4907 ὑμᾶς.
3216 4839 3321 4892 Kal
3347 4841 3562 4907 συγχό-

1908 4928 2096 4992 ψουσι
2130 4924 2235 4989 τὰς
2274 4928 2571 4992 μαχαίρας
2602 4924 2795 4978 αὐτῶν
2830 4928 2915 4990 εις
2944 4925 3178 4991 ἄροτρα,
3215 4926 3311 4977 καί
3351 4926 3455 4990 τὰς
3486 4927 3561 4985 (c—

1911 5014 2093 5075 6ύνας
2118 5010 2312 5063 αὐτῶν
2340 5014 2423 5075 εις
2456 5010 2734 5079 δρέπανα.
2778 5012 2886 5063 Καὶ
2932 5012 2992 5063 οὑ
3035 5010 3258 5081 λήψεται
3291 5012 3439 5074 ἔθνος
3474 5015 3561 5065 ἐπ’

1911 5100 2054 5159 ἔθνος
2072 5099 2356 5167 μάχαιραν,
2373 5100 2459 5149 καί
2475 5099 2535 5148 οὐ
2560 5098 2632 5166 μὴ
2654 5097 2890 5165 μάθωσιν
2902 5096 2979 5148 ἔτι
2994 5098 3118 5149 πολε
3126 5102 3262 5166 μεῖν.
3279 5101 3391 5151 υύκ
3406 5101 3561 5169 ἠρκέ-

1916 5184 2011 5252 σθη
2048 5184 2287 5251 σημείοις
2314 5185 2423 5245 τοῖς
2449 5182 2726 5252 προτέροις
2754 5185 2781 5233 6
2809 5184 3108 5253 προφήτης.
3133 5184 3303 5254 Πολλὴ
3334 5186 3441 5255 γὰρ
3464 5188 3560 5255 τῆς

1913 5270 2158 5337 ἀληθείας
2182 5272 2213 5339 ή
2244 5270 2543 5338 περιουσία.
2574 5270 2671 5321 Διά
2698 5269 2853 5321 τοῦτο
2892 5271 2983 5323 καὶ
3012 5271 3189 5341 ἓτερον
3222 5272 3399 5339 τίθησι
3421 5271 3559 5338 γνῶ-¹

1917 5372 2081 5425 ρισμα
2104 5356 2199 5423 τῆς
2224 5356 2411 5424 καινῆς
2433 5355 2701 5424 Διαθήκης
2728 5357 2866 5408 κατὰ
2892 5359 2989 5427 τὴν
3008 5358 3325 5427 οίκουμένην
3348 5357 3561 5423 λάμπον

1914 5442 2144 5495 ἃπασαν.
2175 5441 2237 5493 Τί
2263 5440 2319 5491 δέ
2351 5440 2507 5492 τοῦτό
2541 5441 2721 5507 ἐστιν;
2755 5443 2957 5513 Εἰρήνη
3000 5444 3093 5496 καὶ⁵
3126 5443 3370 5511 πολέμων
3404 5440 3557 5493 άναία

1974 5656 1995 5682 ⁸
2022 5652 2170 5700 Forte
2197 5652 2372 5699 melius
2394 5652 2490 5705 τοῖς
2510 5653 2789 5713 μαχομένοις
2828 5650 2939 5711 πρὸς
2961 5650 3110 5697 αὐτόν.
3154 5648 3362 5713 Allcnus
3382 5644 3555 5713 proba-

1909 5712 2010 5761 bile
2037 5720 2169 5773 pulal
2196 5713 2454 5772 legendum
2480 5708 2875 5774 θεδίῖδὲχομένοις
2895 5724 2981 5771 pro
3024 5712 3317 5771 μαχομένοις,
3340 5708 3428 5755 sed
3462 5720 3557 5754 ma-

1914 5777 1992 5821 lim
2020 5779 2294 5833 μαχομένοις
2320 5775 2432 5834 πρὸς
2452 5774 2607 5821 αὐτόν.

1972 5835 1997 5872 d
2022 5829 2155 5890 Ἰίιλῇζξ
2182 5838 2251 5881 ὅτι
2290 5829 2375 5893 γὰρ
2408 5837 2495 5881 ἀνὰ
2519 5836 2660 5895 μέσον
2684 5836 2848 5894 ἔκρινε,
2887 5837 3029 5881 male.
3069 5830 3159 5881 llic
3187 5831 3308 5880 forte
3335 5829 3555 5879 videatur

1914 5896 2174 5957 ιροωαυω
2200 5899 2267 5943 ὅτι
2292 5897 2380 5944 ἀνα
2400 5902 2541 5957 μέσον
2562 5900 2699 5947 ἐθνῶν
2728 5896 2884 5957 κρινεῖ.
