4056 6474
589 366 660 421 33
1327 368 1383 425 S.
1420 367 1698 426 JOANNIS
1724 365 2167 424 CIIRYSOSTOII

2268 367 2548 424 \RCIIIEP.
2594 365 3125 425 CONSTANTINOP.

570 492 738 546 μοις.
758 476 922 532 Ὅταν
945 472 1051 550 7&9
1073 479 1239 535 ταῦτα
1265 481 1502 551 γένηται,
1529 481 1680 552 φησὶ,
1707 480 1936 548 τοσαύτη
1969 478 2189 548 λήψεται

567 561 790 630 εὐνομία
817 563 914 633 τὴν
930 565 1263 636 οἰκουμένην,
1288 565 1363 628 ὡς
1394 567 1486 618 καὶ
1519 566 1656 619 αὐτὰ
1680 565 1747 617 τά
1775 564 1912 616 ὅπλα
1944 564 2010 616 τά
2038 565 2190 614 πολε-

569 645 704 714 μικά
747 647 824 709 εἰς
853 649 1123 718 γεωργικά
1157 649 1505 718 χαλκεύεσθαι
1531 649 1762 719 ϐργαναο
1801 649 1934 717 ὅπερ
1961 649 2052 700 ἐπὶ
2077 647 2185 700 τῶν

568 729 772 800 καιρῶν
797 732 902 785 τῶν
929 733 1190 787 Ἰουδαίων
1220 733 1318 786 οὐκ
1333 733 1398 787 ἀν
1423 749 1503 795 τις
1529 733 1625 786 ῐόοι
1653 731 2027 801 γεγενημένον,
2054 731 2186 784 ἀλλὰ

564 815 864 870 τούναντίον
882 817 1044 872 ἀπαν.
1063 819 1136 872 οὐ
1156 819 1262 890 7&9
1279 819 1538 872 διέλειπον
1557 818 1768 872 ἀπαντα
1795 816 1894 886 τῆς
1921 815 2186 878 πολιτείας

566 899 741 952 αὐτῶν
771 899 862 954 τὸν
896 902 1080 973 καιρὸν
1121 903 1474 974 πολεμοῦντες
1516 903 1609 956 καὶ
1639 900 2051 972 πολεμούμενοι,
2090 902 2182 953 καὶ

562 981 648 1036 διά
679 985 886 1055 μακροῦ
917 987 1008 1040 καὶ
1044 987 1111 1043 δι’
1147 987 1321 1056 όλίγου
1352 988 1459 1040 τῶν
1490 986 1756 1056 πολεμίων
1791 986 1967 1047 αὐτοῖς
2002 985 2180 1038 ἐπιόν-

563 1083 690 1122 των.
725 1069 832 1122 Καὶ
864 1069 970 1141 γὰρ
1005 1073 1055 1126 οι
1083 1074 1141 1126 ἐν
1169 1073 1304 1144 αὐτῇ
1337 1074 1402 1142 τῇ
1443 1071 1770 1144 Παλαιστίνῃ
1795 1068 2002 1140 χαλεπά
2039 1069 2180 1140 πρά-

561 1168 744 1222 γματα
763 1155 1026 1227 παρέσχον
1047 1158 1223 1221 αὐτοῖς
1245 1156 1518 1221 πολλάκις,
1546 1157 1639 1211 καὶ
1659 1155 1786 1226 περὶ
1810 1153 1916 1207 τῶν
1945 1154 2181 1222 ἐσχάτων

569 1238 947 1310 ἐπεκρέμασαν
972 1240 1206 1295 κίνδυνον
1227 1253 1276 1296 ι.

627 1398 691 1444 ε’.
722 1391 830 1444 Καὶ
853 1391 1020 1445 ταῦτα
1048 1392 1197 1462 δηλοῖ
1227 1392 1324 1462 μέν
1353 1393 1390 1465 ή
1407 1392 1514 1445 τῶν
1542 1390 1823 1462 βασιλειῶν
1848 1389 2050 1459 ίστορία
2081 1404 2174 1442 σσ-

557 1474 695 1544 φῶς,
719 1475 812 1546 δλη
841 1477 910 1530 δι’
945 1477 1072 1547 δλης
1103 1479 1168 1532 ἐκ
1207 1477 1452 1548 πολέμων
1485 1477 1810 1547 ὑφαινομένη
1835 1493 1850 1508 ο
1877 1475 2091 1544 δηλοῦσι
2121 1474 2178 1527 δέ

553 1559 605 1612 οἰ
633 1560 901 1630 προφῆται
928 1561 1144 1625 πάντες,
1165 1561 1236 1614 τά
1254 1561 1513 1632 γενόμενα
1537 1560 1956 1628 ἀπαγγέλλοντες
1983 1558 2174 1619 ταῦτα,

555 1645 646 1698 καὶ
679 1646 806 1715 πρὶν
831 1645 864 1715 ῆ
885 1645 1128 1714 γενέσθαι
1151 1645 1649 1716 προαναφωνοῦντες
1665 1660 1681 1678 ο
1705 1645 1798 1698 καὶ
1820 1643 1878 1708 ἐξ
1901 1644 2086 1712 αὐτῆς,
2101 1643 2174 1706 ὡς

555 1731 746 1793 εἰπεῖν,
771 1730 868 1801 τῆς
892 1731 1115 1802 ήμέρας,
1136 1727 1205 1803 ῆς
1231 1730 1616 1800 ἀπηλλάγησαν
1637 1730 1737 1799 τῆς
1757 1729 2062 1796 Αἰγυπτίων
2085 1744 2173 1780 τυο

555 1815 817 1884 ραννίδος,
841 1816 900 1868 ἐν
936 1815 1184 1886 πολέμοις
1212 1815 1300 1868 τὸν
1325 1814 1539 1869 ἀπαντα
1564 1812 1751 1884 χρόνον
1782 1813 2034 1868 ἐϐίωσαν.

635 1965 770 2018 ’ἀλλ’
805 1966 922 2036 οὐχὶ
947 1965 1040 2020 νῦν
1075 1965 1260 2030 οὕτως,
1289 1965 1423 2020 ἀλλά
1448 1963 1610 2036 πολλὴ
1633 1963 1771 2017 κατά
1799 1962 1896 2033 τὴν
1921 1963 2172 2033 οίκουμέ-

551 2067 650 2121 νην
673 2052 879 2122 εἰρήνη.
894 2051 956 2105 El
973 2051 1027 2106 δέ
1044 2067 1186 2114 τινες
1211 2051 1446 2120 γίνονται
1465 2049 1704 2119 πόλεμοι,
1722 2047 1833 2101 ἀλλ’
1855 2048 1952 2117 οὐχ
1979 2048 2175 2116 ὁμοίως

551 2133 628 2197 ὡς
649 2135 928 2206 πρότερον.
943 2136 1072 2189 Τότε
1099 2137 1194 2206 μέν
1215 2135 1323 2205 γάρ
1347 2135 1440 2188 καὶ
1458 2134 1640 2196 πόλεις
1661 2133 1864 2197 πόλεσι,
1886 2135 1978 2184 καὶ
2003 2132 2172 2202 χῶραι

551 2219 772 2290 χώραις,
802 2221 894 2273 καὶ
925 2221 1084 2289 δῆμοι
1125 2221 1548 2291 συνερρήγνυντο
1576 2219 1785 2290 δήμοις,
1815 2218 1906 2270 καὶ
1937 2218 2083 2278 ἐθνος
2113 2217 2172 2269 ἐν

549 2305 630 2368 εἰς
658 2303 827 2356 πολλά
853 2303 1151 2374 διετέμνετο
1178 2304 1331 2374 μέρη.
1529 2303 1637 2356 Καὶ
1673 2301 1764 2354 τοῦ
1799 2301 1968 2369 ’1ησοῦ
2002 2300 2063 2353 τδ
2093 2300 2172 2368 βιο

549 2388 692 2442 ϐλίον
713 2405 798 2452 τις
830 2389 1088 2456 ἀναγνοὺς
1124 2390 1218 2443 καὶ
1255 2389 1362 2442 τῶν
1407 2386 1638 2457 Κριτῶν,
1671 2385 1869 2439 εἵσεται
1905 2385 2098 2447 πόσους
2133 2386 2166 2453 ή

550 2473 869 2543 Παλαιστίνη
893 2474 950 2526 ἐν
980 2473 1168 2544 βραχεί
1187 2473 1448 2542 πολέμους
1473 2472 1593 2524 τότε
1621 2470 1832 2536 ἐδέξατο
1851 2469 2042 2539 καιρῷ.
2063 2470 2171 2522 Καὶ

547 2560 610 2613 οὐ
637 2558 792 2612 τοῦτο
816 2559 972 2628 μόνον
987 2554 1056 2629 ῆν
1081 2557 1141 2611 τδ
1171 2558 1421 2629 χαλεπὸν,
1443 2556 1555 2610 ἀλλ’
1579 2557 1661 2610 δτι
1697 2555 1901 2618 πάντας
1929 2554 2064 2607 δπλα
2091 2553 2171 2607 τί-

548 2642 774 2696 θεσθαιδ
791 2644 820 2696 6
845 2643 1002 2712 νόμος
1029 2642 1295 2707 ἐκέλευσε,
1323 2642 1418 2695 καὶ
1444 2640 1614 2702 οὐδεὶς
1638 2639 1831 2708 ἀτελὴς
1847 2638 2046 2706 ταύτης
2070 2640 2169 2708 τῆς

544 2726 877 2800 λειτουργίας
907 2722 994 2800 ῆν.
1032 2727 1139 2781 Καὶ
1165 2727 1225 2781 ού
1252 2727 1401 2798 παρά
1444 2725 1708 2788 Ἰουδαίοις
1756 2723 1911 2793 μόνον
1953 2718 2104 2786 οὗτος
2138 2725 2168 2778 6

544 2813 704 2882 νόμος
733 2813 966 2884 ἐκράτει,
985 2812 1117 2868 ἀλλά
1135 2814 1226 2867 καὶ
1247 2811 1515 2880 πανταχοῦ
1537 2813 1634 2880 τῆς
1659 2809 1976 2878 οίκουμένης
1995 2825 2010 2840 ·
2034 2811 2164 2862 ὅπου

543 2915 608 2966 γε
629 2899 721 2951 καὶ
748 2899 970 2969 ῥήτορες
993 2899 1083 2951 καὶ
1105 2897 1372 2966 φιλόσοφοι
1393 2895 1648 2965 ἐξωμίδος
1667 2893 1826 2947 πλέον
1851 2893 1999 2946 ούδέν
2023 2893 2168 2962 έχον-

542 3000 653 3047 τες,
681 2982 910 3053 πολέμου
937 2982 1238 3045 καλοῦντος,
1266 2981 1358 3036 καὶ
1384 2980 1579 3034 ἀσπίδα
1605 2979 2047 3051 μετεχειρίςοντο,
2071 2980 2164 3032 κα

541 3069 632 3122 ἐπὶ
659 3067 1004 3140 παρατάξεως
1035 3069 1264 3122 ῐσταντο.
1299 3067 1358 3120 '0
1401 3065 1530 3134 γοῦν
1565 3065 1694 3136 παρ’
1732 3064 2026 3135 ’Δθηναίοις
2058 3064 2162 3134 μά-

541 3152 697 3207 λιστα
718 3153 932 3223 λάμψας
955 3150 1374 3224 ἀπραγμοσύνης
1391 3151 1574 3204 ἐνεκεν
1596 3151 1690 3204 καὶ
1723 3148 2027 3219 φιλοσοφίας
2056 3150 2164 3202 Σω-

543 3237 746 3307 κράτης
764 3239 793 3290 6
806 3237 1172 3306 Σωφρονίσκου
1203 3237 1294 3290 καὶ
1318 3235 1459 3300 ἀπαξ
1490 3235 1583 3288 καὶ
1606 3235 1686 3298 δὶς
1701 3233 1794 3288 ἐπὶ
1813 3233 2164 3304 παρατάξεως

539 3320 687 3392 ιστη.
718 3321 826 3374 Καὶ
854 3321 962 3373 τῶν
1006 3320 1244 3390 ρητόρων
1273 3319 1380 3372 τῶν
1425 3319 1549 3388 παρ’
1579 3319 1758 3380 αὐτοῖς
1783 3317 1845 3370 τὸ
1879 3318 2164 3385 κεφάλαιον

538 3406 883 3477 Δημοσθένης
929 3405 1034 3459 ἀπὸ
1073 3405 1166 3458 τοῦ
1219 3404 1456 3475 βήματος
1485 3403 1576 3455 ἐπὶ
1614 3403 1705 3456 τὸν
1746 3401 1974 3472 πόλεμον
2019 3402 2162 3474 ἐξῄει

539 3492 813 3555 πολλάκις.
843 3493 905 3545 El
926 3490 984 3544 δέ
1016 3491 1247 3562 ῥήτορας
1274 3490 1369 3543 καὶ
1401 3489 1714 3557 φιλοσόφους
1738 3488 1909 3551 οὐδεὶς
1936 3488 2161 3559 ἐξῄρητο

538 3579 700 3648 νόμος
721 3576 814 3630 τοῦ
844 3576 1110 3646 πολεμεῖν,
1137 3574 1296 3646 σχολῇ
1324 3591 1387 3642 γε
1413 3573 1594 3643 ἐτερός
1617 3589 1700 3636 τις
1723 3572 1816 3626 τοῦ
1837 3573 2006 3644 δήμου
2030 3573 2161 3626 ταύ-

537 3679 638 3734 της
665 3661 940 3733 ἀπήλαυσε
967 3663 1065 3732 τῆς
1089 3661 1350 3724 ἀτελείας.
1379 3659 1513 3713 Ἀλλ’
1532 3659 1648 3729 ούχὶ
1673 3658 1874 3712 τούτων
1895 3660 2042 3713 οὐδὲν
2069 3660 2161 3714 νῦν

537 3749 815 3820 γινόμενον
865 3747 962 3800 ῖδοι
998 3764 1082 3810 τις
1106 3748 1191 3802 ἀν.
1231 3747 1446 3816 Ἐπειδὴ
1483 3746 1588 3813 7&9
1623 3747 1652 3798 6
1690 3748 1789 3816 τῆς
1825 3745 2160 3815 δικαιοσύνης

538 3833 772 3904 ιλαμψεν
808 3833 974 3903 ῆλιος,
1015 3833 1108 3886 καὶ
1141 3831 1320 3896 πόλεις
1362 3833 1456 3885 καὶ
1499 3833 1655 3901 δῆμοι
1698 3830 1789 3883 καὶ
1821 3830 1944 3900 ἐθνη
1987 3832 2161 3886 πάντα

537 3917 784 3972 τοσοῦτον
823 3917 1079 3986 ἀπέχουσι
1115 3915 1209 3969 τοῦ
1243 3917 1340 3986 ζῇν
1382 3918 1438 3969 ἐν
1479 3914 1738 3976 κινδύνοις
1775 3913 2051 3978 τοιούτοις,
2080 3917 2160 3968 ὅτι

536 4003 657 4056 ούδέ
679 3999 1138 4070 μεταχειρίζεσθαί
1161 4018 1212 4052 τι
1233 4001 1340 4054 τῶν
1364 4001 1666 4069 πολεμικῶν
1689 4000 1882 4063 ῖσασιν,
1902 4000 2014 4052 ἀλλ’
2033 4000 2161 4052 είσω

537 4087 744 4140 πόλεων
769 4085 860 4138 καὶ
885 4085 1075 4154 τειχῶν
1099 4085 1390 4154 καθήμενοι
1405 4123 1422 4148 ,
1452 4085 1638 4155 πόρρω
1663 4084 1731 4138 τά
1766 4084 1875 4136 τῶν
1912 4083 2161 4153 πολέμων

540 4171 861 4243 μανθάνουσι
889 4171 1198 4240 πράγματα,
1219 4169 1312 4221 καὶ
1335 4170 1499 4238 δῆμος
1527 4169 1669 4232 ἀπας
1691 4171 1746 4221 ἐν
1771 4169 2044 4240 ἐλευθερίᾳ
2071 4169 2157 4238 ζῇ,

537 4261 630 4314 καὶ
667 4259 878 4330 ἀτελείᾳ
916 4259 1010 4325 τῆς
1048 4258 1370 4328 πικροτάτης
1404 4257 1604 4326 ταύτης
1630 4259 1982 4327 λειτουργίας.
2013 4261 2074 4312 Et
2103 4258 2159 4310 δέ

538 4361 639 4398 που
670 4344 760 4398 καὶ
785 4342 877 4396 νῦν
907 4344 1175 4411 γίγνονται
1202 4343 1442 4412 πόλεμοι,
1471 4343 1655 4411 πόρρω
1685 4359 1782 4395 που
1821 4344 1912 4396 καὶ
1943 4345 2072 4414 πρὸς
2093 4344 2159 4396 τά

537 4429 735 4499 ἐσχατα
757 4433 854 4500 τῆς
879 4429 1158 4500 Ῥωμαίων
1183 4430 1374 4500 ἀρχῆς,
1399 4428 1459 4480 ού
1492 4428 1628 4480 κατά
1661 4427 1810 4481 πόλιν
1836 4428 1927 4480 καὶ
1959 4429 2155 4498 χώραν,

535 4515 612 4578 ὡς
643 4515 957 4584 ἐμπροσθεν.
993 4515 1122 4567 Τότε
1154 4515 1248 4584 μέν
1280 4514 1406 4584 γάρ,
1445 4512 1518 4575 ὡς
1545 4512 1709 4582 ἔφθην
1753 4512 1940 4575 εἰπὼν,
1983 4515 2074 4566 καὶ
2103 4515 2158 4565 ἐν

536 4599 616 4652 ἐνὶ
650 4596 788 4650 ἐθνει
823 4597 1006 4666 μυρίαι
1042 4599 1272 4666 συνεχῶς
1307 4599 1692 4660 ἐπαναστάσεις
1729 4598 2026 4666 ἐγίγνοντο,
2066 4599 2158 4652 καὶ

537 4682 942 4754 πολυπρόσωποι
971 4683 1218 4750 πόλεμοι·
1254 4684 1368 4736 νυνὶ
1403 4683 1460 4735 δὲ
1487 4684 1615 4752 ὅσην
1663 4683 1810 4752 ήλιος
1860 4686 2026 4755 ἐφορᾷ
2058 4686 2157 4754 γῆν

534 4767 642 4824 ἀπὸ
675 4767 768 4822 τοῦ
802 4766 1060 4839 τίγρητος
1091 4767 1182 4818 ἐπὶ
1223 4766 1322 4828 τάς
1369 4767 1725 4836 Βρεττανικὰς
1767 4770 1976 4838 νήσους,
2023 4770 2158 4840 αὐτὴ

536 4853 701 4914 πᾶσα,
721 4849 812 4903 καὶ
837 4849 968 4920 μετά
986 4847 1182 4917 ταύτης
1206 4847 1395 4915 Λιϐύη,
1418 4849 1508 4898 καὶ
1536 4849 1822 4914 Αἴγυπτος,
1852 4851 1942 4902 καὶ
1966 4851 2160 4902 Παλαι-

535 4938 728 4991 στινῶν
771 4936 945 5002 ἔθνος,
984 4934 1177 5004 μᾶλλον
1223 4933 1277 4986 δέ
1322 4933 1463 4984 άπαν
1504 4932 1564 4984 τὸ
1603 4933 1704 4984 ὑπὸ
1747 4934 1841 5002 τὴν
1883 4936 2159 5002 Ῥωμαίων

535 5022 704 5093 ἀρχὴν
746 5021 1068 5092 κείμενονοο
1108 5020 1218 5072 ίστε
1249 5019 1305 5072 δὲ
1339 5017 1412 5080 ὡς
1458 5011 1611 5070 αὗται
1659 5019 1713 5071 αί
1757 5018 1935 5081 πόλεις
1979 5020 2156 5081 ἀδείας

537 5108 860 5164 ἀπολαύουσι
895 5111 1108 5173 πάσης,
1151 5111 1284 5180 ἀκοῇ
1333 5107 1455 5170 τοὺς
1501 5106 1762 5175 πολέμους
1805 5109 2157 5178 μανθάνουσαι

595 5343 624 5374 ⁸
649 5339 776 5415 αρε..
799 5340 902 5415 περὶ
928 5342 1264 5415 τὸν-Δισχατον.
1282 5343 1599 5415 ἐπεκρέμασαν
1622 5341 1856 5415 ,κίνδυνοι
1882 5340 2156 5415 ngliqlnqn

533 5402 822 5466 apernexida.
852 5402 948 5449 Sed
985 5402 1136 5471 alipta
1176 5404 1376 5451 retineri
1398 5402 1406 5405 ⁷
1424 5411 1598 5463 potest.
1622 5402 1770 5450 Paulo
1808 5411 1911 5461 post
1938 5402 2082 5472 ξαν-ῆι.
2107 5404 2158 5449 ἐκ

534 5464 784 5524 πολεμίων,
826 5463 912 5509 sed
948 5462 1122 5511 melius
1160 5462 1213 5508 έκ
1255 5463 1489 5523 πολέμων,
1561 5468 1613 5511 ut
1657 5463 1762 5522 ipse
1789 5468 1919 5509 uolut
1943 5473 1990 5509 ιιι
2037 5476 2161 5510 mar-

532 5524 804 5648 mge'buh
823 5581 1019 5629 τίθεσθαι
1043 5581 1231 5630 videtur
1271 5580 1562 5648 gigpiﬂcare,
1603 5594 1741 5631 arma
1761 5595 1930 5648 ponerp
1954 5587 2043 5648 ;_a_t
2081 5581 2161 5628 hic

532 5646 628 5699 est,
653 5654 788 5691 arma
807 5654 1008 5700 sumere,
1044 5653 1143 5690 sese
1164 5640 1592 5709 armis'inglruere,
1639 5649 1690 5689 ut
1716 5640 1777 5688 ei
1819 5645 1947 5690 serie
1989 5643 2156 5702 liquet.

548 5699 741 5748 Ἐεωαίς
763 5702 881 5748 infra
902 5709 977 5748 est
997 5699 1151 5748 abolla
1173 5713 1260 5747 seu
1291 5700 1488 5748 nautam
1509 5700 1907 5748 nhtlosonhorwn.

560 5701 741 5808 Εεωῐμίς
763 5702 881 5750 infra
902 5709 977 5749 est
997 5701 1151 5750 abolla
1173 5713 1260 5768 se}:
1290 5701 1488 5760 pallium
1509 5701 1907 5770 ρὴἱιοεορίιοιςιωι.
2041 5701 2052 5702 “
2115 5763 2123 5770 _

564 5819 576 5829 _
601 5761 658 5829 ‘J
689 5767 764 5807 οδέ
784 5763 989 5829 κείμενον
1008 5762 1147 5808 deest
1171 5760 1367 5819 aliquid.
1392 5767 1444 5829 Aul
1469 5763 1514 5807 έν
1546 5762 1699 5829 εἰρήνῃ
1739 5761 1899 5822 διαγει,
1934 5762 2007 5810 vel
2044 5773 2157 5821 quia

536 5819 714 5881 αωιιο,
736 5819 867 5882 (mod
884 5836 968 5870 uos
989 5834 1311 5876 expregsunus
1337 5819 1720 5881 Iulcrprcmndo.

3865 384 3938 437 34

2291 480 2468 546 μόνον.
2504 483 2756 534 Ἦδύνατο
2807 481 2902 550 μὶν
2934 481 3042 550 γάρ
3087 479 3279 534 καὶτά
3324 482 3552 551 λείψανα
3598 487 3851 541 καθελεῖν
3890 491 3922 543 6

2286 566 2532 632 Χριστὸς,
2575 565 2686 618 ἀλλ’
2714 565 2889 632 ἀφῆκε
2936 566 3305 636 σωφρονισμοῦ
3337 585 3475 630 τινος
3505 569 3758 623 ὑπόθεσιν
3801 577 3922 634 τοῖς

2285 651 2597 719 ῥᾳθυμοῦσι,
2619 652 2710 704 καὶ
2738 651 2840 702 ὑπὸ
2861 650 2957 718 τῆς
2978 651 3196 721 είρήνης
3227 655 3557 720 χαυνοτέροις
3581 658 3917 724 γινομένοις,

2280 737 2387 786 τῶν
2412 735 2693 805 βαρϐάρων
2722 730 2857 788 εἶναι
2887 735 2982 796 τὰς
3014 735 3325 804 ἐπιδρομάς.
3355 738 3459 788 Καὶ
3487 738 3516 788 6
3542 743 3825 809 προφήτης
3857 743 3918 794 δέ

2280 821 2390 880 τοῖς
2430 820 2738 888 δυναμένοις
2776 819 3011 890 ἀκριϐῶς
3063 819 3288 871 συνιδεῖν
3319 822 3448 872 αὐτὸ
3477 823 3628 876 τοῦτο
3664 827 3913 894 ᾐνίξατο,

2283 904 2417 972 ὅπερ
2437 904 2602 972 έφθην
2647 903 2830 967 εἰπὼν,
2860 904 2919 955 τὸ
2974 904 3164 972 μηκέτι
3192 904 3290 966 τάς
3325 905 3388 956 δι’
3417 906 3592 972 ὀλίγου
3624 910 3914 974 γίγνεσθαι

2281 989 2683 1051 ἐπαναστάσεις.
2713 989 2787 1040 Οὐ
2814 987 2920 1057 γὰρ
2955 982 3124 1048 εἶπεν,
3143 989 3257 1043 Οὐκ
3279 990 3424 1040 ἐσται
3450 991 3676 1060 πόλεμος
3701 1011 3878 1046 παντε
3895 1025 3914 1037 .

2279 1071 2406 1135 λῶς,
2436 1072 2568 1125 ἀλλά
2583 1074 2668 1138 cf;
2699 1075 2780 1126 οὐ
2797 1073 2882 1141 μὴ
2901 1073 3014 1139 ἄρῃ
3032 1073 3204 1137 εθνος
3225 1073 3314 1124 έπ-
3343 1074 3514 1140 εθνυς
3535 1077 3910 1145 μάχαιραγά.

2277 1158 2370 1211 καὶ
2399 1157 2494 1227 τὴν
2525 1159 2630 1211 τῶν
2654 1159 2835 1227 δήμων
2867 1158 3168 1229 ἐλευθερίαν
3198 1160 3566 1228 προστέθεικεν
3595 1165 3782 1226 εἰπὼν,
3821 1169 3911 1219 Οὐ

2273 1241 2356 1310 μὴ
2378 1243 2646 1310 μάθωσιν
2670 1243 2754 1294 ἔτι
2782 1243 3092 1310 πολεμεῖν,
3126 1244 3260 1311 πλὴν
3287 1244 3476 1311 ὀλίγων
3510 1245 3614 1297 τῶν
3639 1249 3718 1310 είς
3745 1249 3912 1301 τοῦτο

2273 1330 2611 1396 τεταγμένων
2655 1329 3012 1397 στρατιωτῶν.
3049 1329 3159 1381 Καὶ
3207 1330 3320 1382 νῦν
3367 1330 3449 1383 σὺ
3470 1369 3485 1392 ,
3519 1333 3554 1383 ό
3582 1329 3744 1397 οἶκος
3796 1335 3911 1388 τοῦ

2285 1411 2492 1466 Ἰακὼϐ
2506 1454 2519 1475 ,
2557 1412 2755 1478 δεῦτε,
2802 1413 2897 1465 καί
2944 1412 3906 1490 πορευθῶμενὲντῷφωτικυρίου,

2286 1496 2496 1560 ’Λνῆκε
2525 1496 2633 1564 γὰρ
2659 1497 2764 1550 τὸν
2787 1497 2938 1550 λαὸν
2971 1499 3152 1551 αὑτοῦ
3171 1537 3188 1561 ,
3215 1499 3320 1552 τὸν
3349 1497 3512 1553 οἰκον
3539 1502 3644 1555 τοῦ
3669 1504 3906 1561 Ἰακώϐ.

2286 1580 2608 1648 ’Δπαρτίσας
2631 1581 2727 1650 τὴν
2756 1583 2880 1652 περὶ
2900 1583 2994 1650 τῆς
3024 1583 3341 1652 Ἐκκλησίας
3365 1587 3712 1655 προφητείαν,
3734 1589 3909 1641 πάλιν

2271 1666 2362 1718 ἐπὶ
2397 1667 2493 1734 τήν
2522 1666 2756 1734 ἱστορίαν
2781 1667 3108 1734 μεταϐαίνει,
3138 1668 3290 1739 ῶςδὴ
3318 1669 3424 1722 τῶν
3449 1669 3560 1741 [26]
3593 1672 3908 1725 ἀκολούὼυν

2273 1751 2525 1819 ἐχόμενος
2563 1752 2836 1820 ῥημάτων.
2882 1753 3131 1806 Τοιοῦτον
3161 1756 3269 1825 γάρ
3303 1755 3420 1818 [θος
3457 1756 3669 1820 αὐτοῖς,
3721 1758 3799 1826 μὴ
3833 1761 3903 1827 τῇ

2272 1835 2376 1888 τῶν
2394 1835 2690 1905 εἰρημένων
2718 1837 2979 1908 ἀσφαλείᾳ
3001 1849 3026 1877 ο
3049 1839 3224 1908 μόνον,
3257 1841 3388 1893 ἀλλά
3421 1843 3514 1894 καὶ
3543 1841 3620 1911 τῷ
3655 1845 3904 1912 σχήματι

2267 1920 2369 1989 Ιιιῆς
2397 1919 2707 1982 ἀκολουθίας
2729 1922 3034 1985 συσκιάζειν
3064 1921 3160 1992 τὴν
3183 1924 3530 1993 προφητείαν.
3559 1925 3754 1996 Διόπερ
3777 1927 3907 1981 ούδδ

2272 2005 2667 2074 ἀπηρτισμένον
2696 2007 2836 2057 ποιεῖ
2858 2005 2945 2056 τὸν
2971 2005 3144 2072 λόγον,
3182 2007 3313 2060 ἀλλά
3339 2007 3414 2070 ὡς
3439 2008 3566 2077 μίαν
3581 2011 3699 2063 τινά
3721 2011 3906 2063 ἕλκων

2271 2087 2474 2157 σειράν,
2515 2087 2657 2141 οὕτω
2685 2088 2814 2158 πρὸς
2857 2089 2953 2160 τὴν
2988 2089 3096 2143 τῶν
3135 2091 3394 2144 Ἰουδαίων
3427 2091 3697 2145 νουθεσίαν
3728 2111 3904 2162 μετα-

2270 2171 2438 2224 ϐαίνει
2453 2172 2734 2234 πάλιν,καί
2753 2189 2910 2242 φησι·
2929 2173 3036 2230 Καὶ
3058 2174 3174 2228 νῦν
3193 2174 3295 2236 σὺ,
3311 2178 3344 2228 ό
3363 2175 3524 2241 οἰκος
3536 2177 3640 2230 τοῦ
3668 2178 3901 2242 Ἰακὼϐ,

2266 2254 2456 2317 δεῦτε,
2483 2256 2580 2309 καί
2611 2257 2980 2326 πορευθιῖψεν
3000 2259 3070 2312 έν
3094 2258 3174 2324 τῷ
3203 2261 3343 2327 φωτί
3367 2262 3580 2328 Κυρίου
3593 2277 3608 2290 ·
3630 2263 3900 2325 τουτέστι,

2265 2342 2383 2402 ταῖς
2423 2341 2657 2403 ἐντολαῖς
2694 2342 2875 2405 αὑτοῦ,
2910 2341 2987 2411 τῷ
3015 2345 3162 2413 νόμῳ
3187 2345 3380 2397 αὐτοῦ’
3403 2347 3635 2412 Λύχνος
3662 2347 3770 2417 γὰρ
3797 2349 3902 2400 ὲν·-

2266 2423 2412 2491 τολὴ
2441 2427 2646 2492 νόμου,
2671 2426 2766 2478 καί
2792 2425 2915 2492 φῶς
2948 2425 3046 2480 καί
3067 2427 3197 2494 ζωὴ,
3227 2429 3324 2481 καί
3345 2428 3589 2497 ἔλεγχος
3630 2433 3724 2482 καί
3758 2448 3902 2486 παι·-

2267 2510 2420 2562 δειαο
2456 2511 2588 2562 καὶὸ
2619 2510 2779 2564 Δαυ⁴ἰδ
2812 2511 2970 2563 πάλιν
3001 2511 3189 2580 φησίν·
3225 2513 3286 2567 Ἡ
3311 2513 3524 2580 ἐνεολὴ
3550 2515 3765 2581 Κυρίου
3796 2533 3900 2582 τη-

2268 2593 2516 2663 λαυγὴς,
2554 2594 2880 2662 φωτίζουσα
2921 2597 3292 2664 ὀφθαλμούς·
3330 2598 3442 2660 καὶ,
3488 2599 3720 2666 Λύχνος
3768 2600 3900 2666 τοῖς

2264 2680 2412 2733 ποσί
2442 2696 2560 2748 μου
2601 2681 2635 2736 ό
2679 2680 2859 2748 νόμος
2891 2694 3029 2744 σου,
3066 2679 3164 2734 καί
3196 2680 3319 2749 φῶς
3348 2681 3475 2745 ταῖς
3500 2682 3715 2748 τρίϐυις
3747 2701 3893 2751 μου.

2263 2765 2372 2818 Καὶ
2391 2763 2660 2832 πανταχοῦ
2684 2764 2823 2816 οὕτω
2842 2765 2932 2816 τὸν
2957 2765 3117 2834 νόμον
3139 2765 3461 2834 καλούμενον
3480 2766 3678 2819 κατίδοι
3699 2783 3780 2828 τις
3802 2769 3893 2821 ἀν.

2263 2847 2416 2901 Οὕτω
2441 2849 2534 2900 καὶ
2559 2848 2764 2910 Παῦλός
2789 2865 2920 2916 φησι
2940 2866 2954 2879 ·
2986 2848 3277 2913 Πέποιθάς
3295 2865 3358 2901 τε
3390 2851 3645 2903 σεαυτὸν
3670 2849 3897 2918 ὁδηγὸν

2261 2928 2410 2986 εἶναι
2441 2931 2700 3000 τυφλῶν,
2738 2932 2860 3000 φῶς
2883 2932 3000 2986 τῶν
3023 2933 3093 2985 έν
3114 2935 3332 2995 σκότει,
3364 2933 3686 3001 παιδευτὴν
3716 2936 3896 3002 ἀφρό-

2261 3037 2400 3072 νων.
2423 3021 2496 3071 Ού
2527 3019 2632 3087 γάρ
2662 3016 2832 3081 οὕτως
2863 3020 2918 3071 al
2946 3017 3038 3070 τοῦ
3063 3019 3209 3088 ήλίου
3237 3019 3447 3082 ἀκτῖνες
3470 3019 3896 3089 χειμγωγοῦσεν

2261 3105 2415 3174 ήμῶν
2444 3103 2537 3157 τοῦ
2568 3103 2813 3174 σώματος
2853 3105 2977 3166 τοὺς
3007 3102 3341 3171 ὀφθαλμοὺς,
3387 3103 3460 3165 Cu;
3489 3104 3545 3156 αι
3588 3103 3682 3156 τοῦ
3721 3105 3893 3174 νόμου

2259 3193 2466 3247 ἐντολαὶ
2493 3191 2886 3260 κακυγάζουσι
2917 3190 2981 3244 τά
3011 3191 3108 3261 τῆς
3137 3189 3310 3260 ψυχῆς
3337 3191 3572 3260 δμματα.

2329 3344 2404 3410 ς’.
2439 3345 2659 3409 Δεικνὺς
2683 3345 2857 3398 τοίνυν
2880 3347 2909 3398 6
2941 3345 3238 3416 προφήτης,
3276 3345 3356 3397 ὅτι
3387 3343 3479 3396 καὶ
3504 3342 3606 3414 πρδ
3633 3343 3730 3412 τῆς
3748 3345 3892 3397 ἀντι·

2257 3429 2470 3494 δόσεως,
2509 3429 2600 3482 καὶ
2629 3429 2735 3499 πρὸ
2763 3430 2860 3498 τῆς
2891 3428 3136 3498 ἀμοιϐῆς,
3174 3430 3232 3480 ἐν
3258 3427 3402 3495 αύτῷ
3433 3427 3509 3495 τῷ
3551 3426 3892 3496 πληροῦσθαι

2257 3515 2354 3584 τὴν
2401 3514 2632 3584 ἀμοιϐὴν
2676 3513 2998 3582 παρέχουσιν
3027 3514 3159 3580 ήμῖν
3198 3511 3254 3564 αἰ
3298 3509 3522 3572 ἐντολαὶ,
3563 3510 3677 3578 φῶς
3717 3512 3892 3576 αὑτάς

2257 3598 2528 3652 ἐκάλεσεν.
2553 3598 2760 3667 Ὠσπερ
2793 3597 2897 3666 γάρ
2915 3594 3183 3664 ὀφθαλμὸς
3205 3596 3262 3646 ἐν
3289 3593 3434 3663 αύτῷ
3459 3593 3536 3662 τῷ
3563 3594 3888 3661 φωτίζεσθαι

2258 3683 2541 3754 κερδαίνει,
2570 3681 2710 3736 οὕτω
2748 3683 2840 3736 καὶ
2873 3681 3015 3751 ψυχὴ
3065 3683 3124 3734 ἐν
3164 3679 3311 3750 αύτῷ
3360 3678 3435 3749 τῷ
3481 3679 3756 3732 πείθεσθαι
3803 3680 3886 3750 τῷ

2258 3771 2402 3838 νόμῳ
2433 3769 2499 3821 τά
2534 3767 2760 3837 μέγιστα
2809 3766 3130 3837 καρποῦται,
3161 3763 3606 3834 ἐκκαθαιρομένη.
3646 3764 3738 3817 καὶ
3780 3782 3887 3818 κα-

2259 3855 2380 3918 κίας
2427 3853 2884 3923 ἀπαλλαττομένη,
2933 3852 3026 3906 καὶ
3072 3852 3206 3921 πρὸς
3255 3851 3422 3921 αὐτὴν
3483 3849 3724 3902 ἀναϐᾶσα
3785 3851 3888 3920 τὴν

2259 3941 2454 4010 ἀρετήν
2478 3955 2492 3969 ⁸
2542 3939 2724 4008 ῶσπερ
2758 3934 2849 3990 οὖν
2899 3937 3203 3990 τούναντίον
3236 3937 3286 3989 οί
3334 3935 3750 4004 παραϐαίνοντες
3786 3936 3888 3988 καὶ

2258 4026 2362 4094 πρὸ
2409 4025 2502 4092 τῆς
2531 4023 2796 4084 κολάσεως
2826 4024 2882 4074 ἐν
2918 4020 3064 4092 αὐτῷ
3091 4020 3170 4090 τῷ
3202 4019 3554 4090 παραϐαίνειν
3603 4019 3756 4088 δίκην
3799 4019 3886 4072 δι·

2257 4110 2424 4172 δόασι,
2453 4109 2558 4160 τῶν
2601 4110 2657 4160 ἐν
2697 4107 2871 4160 σκότει
2901 4105 3216 4176 καθημένων
3254 4103 3571 4172 ἀθλιώτερον
3604 4105 3886 4171 διακείμε-

2258 4213 2357 4257 νοι,
2379 4195 2540 4263 φόϐου
2570 4194 2660 4247 καὶ
2680 4193 2876 4264 τρόμου
2908 4192 3000 4246 καὶ
3026 4191 3260 4260 πονηροῦ
3283 4190 3538 4258 γέμοντες
3564 4189 3883 4251 συνειδότος,

2259 4282 2352 4334 καὶ
2384 4282 2440 4332 ἐν
2463 4279 2771 4349 μεσημϐρίᾳ
2799 4278 2937 4349 μέσῃ
2967 4277 3260 4338 δεδοικότες
3291 4277 3381 4328 καὶ
3403 4275 3685 4344 τρέμοντες
3712 4274 3887 4326 an”.

2257 4381 2372 4425 τας,
2395 4366 2516 4425 τοὺς
2548 4361 3002 4423 συνειδότας,τοὺς
3021 4360 3170 4412 ούδέν
3191 4360 3508 4421 συνειδότας.
3541 4358 3745 4425 ’Δνῆκε
3775 4361 3886 4426 γὰρ

2256 4449 2362 4500 τὸν
2409 4448 2560 4500 λαὸν
2607 4446 2811 4506 αὐτοῦ,
2851 4444 2955 4496 τὸν
2987 4440 3153 4497 οἷκον
3178 4443 3284 4496 τοῦ
3333 4441 3525 4496 Ἰακώϐ
3543 4458 3556 4472 ·
3588 4443 3882 4507 τουτέστιν,

2257 4533 2453 4594 είασεν,
2488 4531 2681 4598 ἀφῆκε,
2712 4529 2951 4598 παρεῖδε,
2981 4528 3079 4596 τῆς
3098 4527 3261 4580 αὐτοῦ
3284 4527 3528 4596 προνοίας
3549 4527 3880 4594 ἐγύμνωσεν.

2258 4614 2386 4668 Εἶτα
2411 4617 2666 4684 φοϐήσας,
2697 4613 2850 4684 λέγει.
2890 4611 3116 4684 καὶ-τὴν
3147 4611 3342 4684 αἰτίαν,
3369 4610 3502 4684 ὥστε
3531 4611 3720 4684 αύτοίις
3746 4612 3882 4684 6:09-

2259 4675 2434 4736 θῶσαι
2474 4675 2544 4735 ti
2589 4675 2940 4749 γεγενημένα.
2980 4675 3085 4740 τιξ
3119 4675 3211 4732 οὖν
3259 4682 3403 4730 ἐστιν
3444 4680 3476 4746 ἡ
3529 4679 3703 4745 αἰτίας
3752 4675 3883 4732 Ὅτι

2255 4768 2592 4833 ἐνεπλήσθη
2617 4771 2652 4835 ἡ
2688 4767 2840 4834 χώρα
2878 4763 3072 4818 αὐτῶν
3101 4761 3535 4831 κλῃδονισμὼν,
3579 4765 3658 4828 ὡς
3689 4764 3728 4828 ἠ
3768 4765 3885 4816 τόν

2256 4855 2633 4922 ἀλλοφύλων.
2661 4851 2998 4920 Ἐμπροσθεν
3021 4849 3116 4918 μὲν
3147 4850 3254 4918 γάρ
3276 4849 3571 4917 καπηλείαν
3591 4849 3768 4909 αὐτοῖς
3789 4852 3884 4901 καὶ

2258 4939 2612 5009 φιλαργυρίαν
2641 4939 2733 4990 καὶ
2764 4937 2868 4988 τῶν
2909 4936 3089 5004 χηρῶν
3137 4935 3431 5004 ὑπεροψίαν
3467 4935 3702 4986 ἐνεκάλει
3727 4951 3742 4965 ο
3792 4937 3878 4987 ἐν·

2258 5023 2427 5076 ταῦθα
2447 5023 2501 5074 δὲ
2529 5024 2619 5074 καὶ
2664 5022 2902 5089 δόγματα
2940 5019 3168 5090 πονηρά,
3218 5021 3306 5070 καὶ
3345 5017 3589 5080 ἀσεϐείας
3640 5018 3878 5085 λείψανα,

2256 5108 2394 5161 κατά
2440 5107 2627 5176 μικρὸν
2665 5106 2854 5166 αὐτοὺς
2887 5103 3220 5171 ύποσύροντα
3252 5103 3382 5173 πρὸς
3422 5103 3516 5169 τὴν
3556 5102 3662 5153 τῶν
3691 5102 3881 5172 δαιμό-

2255 5210 2358 5244 νων
2403 5193 2624 5259 πλάνην.
2650 5185 2779 5242 Εἶτα
2808 5188 3223 5257 καθικνούμενος
3249 5186 3444 5247 αὐτῶν,
3488 5186 3584 5237 ούκ
3622 5181 3768 5237 εἶπεν
3798 5189 3880 5240 ὅτι

2258 5277 2645 5350 κλῃδουίζονται
2695 5274 2892 5336 ἁπλῶς,
2948 5273 3058 5326 ἀλλ’
3105 5275 3184 5326 ὅτι
3245 5269 3611 5334 Ἐνεδιίήσοη
3650 5271 3688 5337 ἠ
3723 5273 3881 5338 χώρα

2255 5364 2467 5417 αὐτῶν.
2516 5363 2666 5416 Μετὰ
2694 5361 2887 5430 πολλῆς
2913 5359 3212 5431 ὑπερϐολῆς
3244 5358 3275 5426 ή
3315 5355 3474 5406 κακία
3502 5355 3678 5407 αὐτῶν
3723 5357 3880 5408 πάλιν

2258 5451 2466 5520 ηὔξετο,
2498 5448 2677 5518 φησίν.
2703 5447 2909 5516 Ὥσπερ
2934 5445 3186 5514 ἀνωτέρω
3209 5443 3378 5508 ἔλεγε,
3398 5440 3554 5503 Λαὸς,
3578 5441 3673 5509 οὐχ
3698 5441 3878 5506 ἀπλῶς

2319 5702 2345 5739 τι
2376 5703 2494 5807 Ιὶοῗ.
2531 5706 2580 5748 et
2619 5701 2763 5748 Savil.
2806 5699 2894 5760 ἄρῃ
2933 5699 3056 5750 ἔθνος
3091 5697 3162 5744 ἐπ’
3187 5696 3307 5750 ἔθνος
3344 5693 3589 5756 μάχαιραν,
3630 5699 3774 5741 rccic.
3830 5691 3878 5739 In

2319 5767 2425 5807 πρε.
2471 5760 2673 5807 Milium}
2697 5761 2765 5805 ἐπ’
2787 5760 2907 5807 ἔθνος
2929 5759 3112 5804 deerat.

2262 5765 2431 5825 βίοι-σιξ.Δ
2456 5759 2673 5825 I‘Itlilionc
2697 5761 2765 5825 ἐπέ
2787 5760 2907 5812 ἔθνος
2929 5759 3112 5825 ιΙρεςτιι.
3180 5816 3189 5825 ,

2321 5831 2336 5844 ⁸
2359 5821 2562 5870 Λιίεῐιυδ
2587 5822 2840 5878 legendum
2865 5826 2998 5879 putat
3021 5820 3238 5876 ἀσαφεῖφ.
