4152 6474
682 378 754 433 35
1431 368 1488 425 S.
1520 368 1789 424 JOANNIS
1825 368 2292 426 CIIRYSOSTOMI
2333 371 2646 429 ARCIIIEP.
2686 376 3212 442 CONSTANTINOP.
3834 412 3909 467 36

673 477 886 540 probrm
911 491 1071 547 prava
1102 478 1368 549 dogmata,
1397 490 1452 534 et
1477 481 1762 549 impietatis
1799 481 2079 549 reliquias,
2111 497 2228 550 qua:

673 565 923 632 paulatim
955 567 1100 635 ipsos
1127 569 1192 621 ad
1219 569 1522 624 diemonum
1548 585 1832 625 erroneum
1872 573 2071 626 cultmu
2112 587 2231 640 per-

671 653 971 708 trahcbant.
1004 655 1119 710 Mox
1167 658 1288 711 illos
1316 659 1609 722 incessens,
1641 673 1745 713 non
1782 659 1939 715 modo
1966 660 2098 714 dicit
2136 675 2229 714 eos

669 745 902 812 auguriis
924 761 1141 815 operam
1173 748 1333 813 dare,
1363 747 1457 802 sed
1488 749 1743 817 repletam
1769 749 1834 803 iis
1873 763 1991 804 esse
2033 759 2225 803 terram

667 846 850 887 eorum
878 834 1031 903 (Isai.
1067 837 1114 889 l.
1143 837 1218 906 ι).
1251 837 1421 904 Supra
1477 839 1691 893 modum
1713 879 1729 905 ,
1773 839 1970 908 inquit,
2001 841 2230 894 accrevit

669 924 897 991 nequitia
935 940 1142 979 eorum.
1174 925 1628 991 Quemadmodum
1657 942 1816 996 supra
1861 927 2070 983 dicebat
2091 970 2107 994 ,
2136 945 2228 999 po-

667 1013 889 1081 pulum,
941 1029 1046 1068 non
1099 1024 1386 1086 utcumque
1435 1026 1803 1086 peccatorem,
1849 1019 1940 1072 sed
2015 1019 2225 1088 plenum

667 1104 928 1169 peccatis;
951 1104 1028 1158 sic
1057 1114 1111 1158 et
1137 1105 1238 1160 hoc
1267 1107 1385 1162 loco
1409 1147 1425 1172 ,
1459 1106 1672 1176 Repleta
1698 1115 1788 1161 est.
1818 1107 2019 1164 Exinde
2043 1124 2227 1164 rursus

664 1192 915 1258 probrum
968 1194 1295 1262 amplificans
1349 1196 1589 1261 addidit,
1622 1195 1765 1250 Sicut
1809 1213 1842 1250 a
1886 1199 2151 1267 principio.
2181 1201 2226 1253 Α

663 1285 911 1353 principio
931 1325 945 1348 ,
974 1286 1350 1354 quandonam'l
1374 1287 1594 1352 Quando
1617 1288 1782 1342 Deum
1808 1289 2041 1343 nondum
2066 1305 2227 1347 nove-

666 1383 816 1436 rant,
848 1377 1058 1444 quando
1103 1377 1271 1446 legem
1323 1377 1557 1430 nondum
1610 1390 1970 1446 acceperant,
2013 1381 2226 1448 quando

664 1465 1042 1521 beneficiorum
1068 1469 1182 1536 ejus
1211 1469 1590 1536 experientiam
1644 1469 1870 1529 nondum
1921 1469 2223 1538 habebant,

661 1560 870 1625 quando
884 1574 1004 1612 cum
1029 1561 1276 1629 gentibus
1293 1563 1557 1629 vivebant,
1575 1563 1714 1631 quod
1737 1572 1986 1618 extrema:
2007 1564 2226 1617 damna-

660 1648 822 1702 tionis
855 1659 994 1714 erat,
1019 1649 1159 1719 quod
1191 1666 1295 1704 non
1326 1652 1513 1705 melius
1540 1661 1668 1707 tunc
1693 1667 1752 1708 se
1785 1652 2074 1720 baberent,
2107 1661 2227 1721 post

659 1747 857 1793 tantam
879 1741 1260 1809 providentiam
1290 1754 1343 1797 et
1372 1752 1568 1798 tantam
1596 1745 2032 1810 sollicitudinem,
2065 1761 2222 1815 quam

659 1830 694 1882 ii
741 1831 829 1898 qui
873 1831 1003 1886 nihil
1029 1848 1215 1886 eorum
1252 1837 1565 1904 consequuti
1608 1846 1780 1891 erant.
1833 1837 1938 1892 Sed
1981 1853 2086 1892 non
2139 1839 2226 1892 hic

654 1921 1014 1983 stetit,vcrum
1039 1923 1214 1976 denuo
1235 1926 1674 1992 perterrefaciens
1696 1941 1790 1982 eos
1815 1927 2044 1997 adjecit:
2067 1929 2226 1993 Quasi

656 2018 792 2062 terra
835 2009 1226 2080 alienigenarum
1253 2028 1273 2066 :
1319 2013 1418 2067 hac
1461 2017 1858 2084 comparatione
1926 2019 2223 2085 graviorem

656 2099 1050 2155 accusationem
1103 2116 1316 2170 parans.
1367 2104 1516 2170 Quod
1568 2114 1623 2159 et
1678 2106 1868 2161 Paulus
1923 2108 2225 2178 frequenter

655 2188 834 2244 facere
880 2191 1052 2255 solet;
1083 2203 1140 2247 ut
1183 2202 1238 2246 et
1283 2195 1497 2263 quando
1544 2196 1708 2251 dicit:
1745 2197 1822 2251 De
1871 2197 2224 2254 dormientibus

650 2293 817 2336 autent
843 2283 960 2338 nolo
986 2300 1070 2337 vos
1093 2287 1325 2355 ignorare
1345 2326 1360 2352 ,
1389 2287 1594 2353 fratres,
1625 2299 1679 2341 ut
1709 2305 1807 2342 non
1839 2289 2218 2358 contristemini,

650 2373 781 2424 sicut
805 2383 850 2425 et
875 2375 1041 2426 caueri
1066 2377 1151 2442 qui
1187 2391 1327 2443 spem
1373 2393 1473 2430 non
1507 2378 1685 2431 habent
1705 2378 1780 2448 (Ι.
1812 2379 1986 2435 Thess.
2012 2382 2066 2436 4.
2092 2381 2217 2452 12);

652 2476 716 2514 ac
747 2477 958 2514 rursum
990 2481 1002 2516 :
1040 2463 1108 2517 Ut
1150 2467 1274 2516 sciat
1323 2468 1659 2535 unusquisque
1700 2479 1913 2521 vestrum
1962 2486 2048 2523 vas
2076 2486 2221 2523 suum

651 2554 906 2622 possidere
929 2558 979 2606 in
1009 2557 1403 2624 sanctiﬁcatione
1428 2568 1474 2611 et
1512 2559 1730 2623 honore,
1759 2575 1860 2612 non
1897 2562 1950 2613 in
1991 2561 2222 2629 passione

652 2645 888 2696 desiderii
915 2644 1076 2707 (Ibid.
1104 2661 1151 2698 υ.
1174 2648 1248 2714 4).
1283 2647 1463 2716 Neque
1506 2647 1606 2702 hoc
1656 2658 1934 2704 contentus
1963 2650 2091 2714 fttit,
2126 2650 2220 2705 sed

649 2733 878 2800 adjecit:
901 2734 1336 2794 Quemadmodum
1363 2747 1410 2790 et
1437 2738 1644 2808 reliqua!
1663 2749 1831 2808 gentes
1853 2756 1963 2808 qua:
1985 2742 2220 2810 ignorant

653 2821 817 2875 Deum
839 2822 998 2890 (Ibid.
1027 2842 1074 2876 υ.
1104 2825 1182 2894 ὸ).
1214 2825 1309 2879 llic
1336 2826 1532 2894 quippe
1564 2828 1753 2882 modus
1781 2832 2044 2884 sermonis
2071 2847 2216 2884 mor-

651 2913 780 2966 dere
806 2915 942 2968 solet
969 2916 1134 2968 etiam
1164 2931 1258 2970 eos
1283 2918 1371 2986 qui
1407 2917 1694 2971 admodum
1723 2919 1854 2989 lapsi
1887 2930 2030 2974 sunt.
2064 2923 2214 2986 Quod

647 3002 692 3056 si
738 3002 905 3057 .ludzci
944 3004 1012 3058 de
1064 3006 1255 3058 talibus
1296 3017 1633 3071 accusantur,
1665 3023 1820 3076 quam
1872 3025 1968 3064 nos
2003 3011 2215 3065 veniam

646 3108 1058 3163 consequemur,
1081 3111 1237 3164 quam
1282 3097 1668 3163 defensionem,
1702 3099 1789 3167 qui
1842 3109 1960 3168 post
2014 3109 2214 3155 tantam

645 3185 870 3253 gratiam
899 3192 956 3237 et
986 3183 1306 3239 ineffabilem
1339 3185 1618 3249 honorem,
1648 3202 1903 3256 spemque
1936 3191 2213 3245 immorta-

647 3276 792 3338 lem,
842 3275 893 3328 in
947 3290 1156 3344 parem,
1212 3291 1368 3343 quam
1419 3277 1514 3340 illi,
1556 3277 1851 3333 decidimus
1892 3280 2213 3351 iuopiam‘l

644 3365 787 3418 Multi
814 3381 1038 3434 namque
1059 3365 1166 3433 jam
1195 3376 1351 3432 sunt,
1381 3369 1468 3436 qui
1501 3367 1601 3422 hoc
1627 3370 1810 3424 morbo
1839 3370 2099 3438 laborant,
2123 3375 2212 3442 qui

647 3456 811 3508 vitam
861 3469 1012 3508 suam
1064 3455 1411 3521 labefactant,
1444 3458 1529 3525 qui
1579 3474 1833 3527 augurum
1887 3459 2106 3515 insania:
2153 3477 2212 3516 se

642 3546 865 3610 dedunt,
890 3546 1161 3615 Deumque
1181 3545 1473 3610 offendunt,
1491 3557 1544 3599 et
1570 3549 1865 3616 superﬂuos
1885 3549 2095 3604 dolores
2112 3551 2209 3604 sibi

644 3635 1113 3704 lucrantur,atque
1141 3638 1190 3689 in
1219 3636 1489 3691 laboribus
1519 3654 1613 3706 pro
1640 3644 1833 3693 virtute
1856 3642 2209 3709 suscipiendis

639 3725 1024 3779 dissolvuntur.
1056 3725 1167 3778 Hoc
1207 3726 1350 3779 enim
1395 3730 1612 3781 omnino
1651 3739 1803 3782 curat
1857 3729 2121 3795 diabolus,
2152 3741 2210 3784 ut

642 3817 1096 3887 iusipientioribus
1124 3817 1378 3880 suadeat,
1409 3835 1512 3872 non
1546 3835 1709 3888 penes
1740 3835 1798 3874 se
1829 3835 1948 3875 esse
1984 3831 2074 3875 aut
2106 3823 2207 3875 vir-

641 3917 808 3962 tutem
857 3918 949 3960 aut
995 3907 1389 3975 improbitatem
1439 3910 1624 3974 adire,
1654 3925 1824 3979 nequc
1864 3925 1924 3965 se
1967 3911 2208 3966 libertate

641 3997 870 4066 quadam
898 3997 1104 4051 arbitrii
1137 3997 1428 4053 honoratos
1455 4014 1595 4063 esse,
1624 3999 1735 4053 hmc
1763 4000 1868 4054 duo
1903 4000 2206 4070 turpissima

640 4090 899 4159 perficere
928 4090 1143 4154 volens,
1167 4100 1226 4143 ut
1255 4091 1466 4145 labores
1498 4105 1592 4159 pro
1622 4091 1814 4146 virtute
1841 4093 2206 4161 suscipiendos

641 4181 845 4247 solvat,
876 4190 931 4235 et
957 4183 1243 4236 maximum
1287 4183 1411 4236 illud
1452 4183 1710 4237 libertatis
1734 4182 1931 4237 donum
1977 4185 2200 4239 auferat.

641 4272 751 4325 lloc
780 4286 876 4341 per
905 4274 1146 4342 auguria,
1179 4274 1278 4328 hoc
1306 4289 1399 4342 per
1419 4275 1599 4327 omina
1628 4273 1740 4344 (ιι),
1772 4274 1872 4328 hoc
1897 4290 1992 4345 per
2017 4276 2203 4329 obsor-

638 4363 905 4415 vationem
932 4363 1159 4428 diermn,
1192 4364 1290 4417 hoc
1321 4380 1415 4431 per
1447 4382 1663 4433 pravum
1694 4367 1782 4420 fati
1810 4366 1999 4437 dogma
2019 4408 2035 4433 ,
2062 4369 2202 4423 hunc

639 4469 856 4521 gravem
895 4455 1137 4508 morbum
1188 4470 1282 4523 per
1319 4457 1422 4510 alia
1469 4459 1631 4509 multa
1665 4461 1716 4511 in
1762 4459 1921 4514 vitam
1966 4462 2197 4526 invexit,

701 4634 716 4660 ⁸
745 4629 796 4676 1η
814 4638 993 4687 (ξι-ωοο,
1013 4643 1097 4691 πρὸς
1120 4646 1185 4689 τήν
1206 4644 1316 4691 αὐτ-ἧν
1347 4645 1486 4687 ltitiam;
1520 4647 1664 4680 ιαταπὶτ
1681 4659 1795 4690 nnc;
1817 4647 1950 4684 ςινίιν.
1974 4641 2108 4683 Putat
2122 4635 2200 4682 ΛΙ-

634 4692 778 4739 lenus
801 4691 1062 4752 legendum
1087 4707 1203 4763 esse
1222 4694 1694 4765 uen,p}cm,_itumitum1
1712 4708 1804 4765 non
1821 4708 1952 4765 ταξιφ,
1973 4694 2198 4765 inopiam.

633 4758 686 4800 Et
729 4765 848 4800 vere
881 4767 1047 4812 «mea...
1078 4755 1270 4800 omnino
1312 4753 1577 4802 desiderari
1620 4754 1829 4803 videtur.
1872 4763 1980 4803 Nam
2020 4753 2096 4802 hic
2135 4759 2202 4806 ait

633 4811 996 4879 Chrysostomus
1020 4827 1031 4860 :
1065 4814 1196 4871 (mod
1220 4813 1263 4861 si
1283 4813 1446 4862 Judwi
1466 4815 1528 4879 de
1549 4811 1716 4879 talibus
1738 4823 2036 4879 accusatuur,
2058 4829 2201 4879 quam

631 4887 716 4922 nos
733 4871 922 4940 ueniam
945 4887 1297 4940 conscqttfmur,
1322 4888 1465 4940 quam
1489 4875 1820 4935 defensionem,
1843 4877 1926 4940 qui
1961 4871 2201 4940 positaa-

629 4941 730 4987 tam
751 4934 957 4996 gratiam
979 4942 1023 4981 ct
1046 4932 1344 5042 ine/[ubitam
1358 4932 1597 4991 honorem.
1621 4932 1842 5004 spemque
1858 4932 2195 4997 'inm'tormlcm,

629 4994 680 5042 in
722 5006 889 5042 narem
923 5007 1062 5042 auum
1107 4993 1180 5042 ili
1225 4993 1490 5042 decidimus
1524 5010 1643 5042 nam
1677 5009 1773 5042 sive
1803 5000 2008 5042 κον-κοῖανῖ
2043 4999 2092 5042 Id
2125 5008 2195 5042 Ps!

629 4994 680 5057 in
722 4993 889 5057 parem
923 5007 1062 5056 quant
1107 4993 1180 5057 illi
1225 4993 1490 5044 decidimus
1524 4993 1654 5045 τινα(
1677 4993 1774 5045 sive
1803 5000 2008 5057 πονηρίανῖ
2041 4999 2092 5047 Id
2125 4993 2200 5049 est

629 5054 856 5114 inopiam,
870 5054 952 5103 aut
973 5056 1246 5118 nequitiam.
1262 5063 1367 5103 Utra
1393 5070 1509 5104 vero
1532 5056 1674 5104 lectio
1695 5058 1846 5118 magis
1866 5054 2069 5118 quadret
2089 5061 2199 5110 hinc

632 5117 970 5180 perspicietur,
994 5118 1035 5164 si
1077 5117 1380 5180 advertamus
1421 5118 1497 5165 hic
1539 5119 1630 5180 sibi
1665 5117 1793 5180 velle
1815 5117 2198 5180 Chrysostomum

629 5190 717 5225 nos
741 5178 786 5224 in
812 5190 974 5236 parem
997 5185 1143 5238 atque
1185 5176 1333 5225 Jttdzt-i
1365 5186 1537 5226 statum
1559 5178 1803 5226 decidere.
1823 5176 1932 5235 Quis
1956 5194 2073 5229 vero
2114 5182 2197 5231 ille

630 5239 911 5303 status-est?
938 5238 1027 5286 llle
1052 5239 1174 5303 haud
1207 5239 1354 5286 dubie
1378 5240 1422 5286 in
1447 5253 1591 5300 quem
1614 5252 1755 5303 supra
1776 5240 1897 5288 dixit
1926 5239 2198 5303 Chrysosto-

631 5309 737 5362 mus
773 5297 996 5362 delapsos
1026 5299 1214 5348 Judacos
1238 5312 1365 5355 esse,
1402 5303 1447 5347 in
1465 5297 1808 5359 ’cattponariam
1833 5297 2198 5362 nempe,'avari-

633 5358 763 5426 tiam,
786 5357 1061 5426 doginatttm
1102 5362 1487 5426 perversitatem,
1531 5357 1832 5426 pra’stigias:
1870 5357 2045 5422 quibus
2077 5379 2198 5426 pne-

631 5418 792 5465 missis
813 5418 932 5467 sane
959 5418 1146 5482 videtur
1171 5435 1319 5481 πονηρία
1341 5424 1493 5482 magis
1523 5418 1775 5481 quadrare,
1799 5418 1940 5482 quam
1963 5418 2091 5473 tuin...
2114 5427 2198 5474 At-

631 5485 789 5547 tamen
814 5480 1160 5547 exemplarium
1183 5480 1394 5547 omnium
1418 5480 1699 5530 auctet-nate
1722 5480 1850 5541 moti,
1873 5482 1995 5532 hanc
2018 5493 2198 5547 postre-

629 5551 757 5602 tnatn
778 5539 1032 5588 lectionem
1056 5543 1246 5602 sequuti
1269 5555 1447 5590 sumus.

694 5600 767 5664 (rt)
800 5603 914 5656 ouid
940 5604 1036 5664 sint
1076 5600 1351 5664 illaomina,
1391 5603 1603 5662 pluribus
1642 5602 1722 5650 ille
1751 5602 1959 5664 explicat
1984 5607 2028 5654 in
2061 5607 2194 5657 Cate-

629 5657 772 5725 clntsi
803 5663 1014 5725 secunda
1057 5657 1485 5725 adgilluminaudos,
1517 5672 1648 5713 'I'out.
1676 5664 1737 5712 ll.
1781 5657 1860 5714 Ubi
1900 5674 2028 5717 totus
2066 5669 2197 5719 locus

628 5729 736 5768 Ctuu
762 5720 850 5769 hoc
872 5722 1190 5771 oonfercudus
1213 5731 1302 5770 est.

2338 483 2539 538 nullam
2570 485 2634 539 ad
2667 486 2766 542 hoc
2791 503 2897 542 non
2939 491 3235 549 machinam
3277 512 3513 555 movens.
3543 503 3900 570 Quamobrem

2335 573 2589 640 pr0plteta
2643 576 2984 634 vehementer
3027 581 3188 637 instat
3235 587 3519 656 incusans,
3548 602 3606 648 ut
3656 601 3899 654 morbum

2333 662 2583 716 radicitus
2603 665 2812 719 evellat.
2844 666 2906 720 Et
2932 670 3029 736 ﬁlii
3052 674 3197 727 multi
3223 676 3514 747 alienigena
3537 685 3641 736 nati
3664 697 3779 740 sunt
3804 690 3897 743 eis.

2403 753 2455 806 7.
2497 752 2632 818 Quid
2667 763 2768 819 est,
2795 754 2920 810 Filii
2941 760 3281 832 alienigena!
3310 765 3414 821 Lex
3459 769 3563 824 illis
3607 783 3723 827 erat
3766 778 3898 833 olim

2333 841 2434 894 lata
2486 854 2706 912 propter
2747 847 2910 902 animi
2954 848 3322 921 fragilitatem,
3353 868 3408 914 et
3447 873 3676 918 mentem
3724 867 3898 924 fraudi

2331 942 2715 1001 opportunam,
2771 946 2828 990 ut
2875 953 2995 993 cum
3049 944 3195 997 nullo
3246 948 3566 1018 reliquorum
3621 953 3898 1012 hominum

2331 1018 2640 1106 affinitatem
2687 1026 3100 1096 contraherent,
3143 1048 3210 1088 ne
3265 1036 3565 1106 bujusmodi
3609 1044 3900 1102 affinitates

2332 1103 2617 1175 impietatis
2648 1109 2777 1179 ipsis
2800 1118 3012 1172 occasio
3039 1131 3237 1176 essent.
3267 1103 3398 1191 Quia
3426 1129 3566 1185 enim
3597 1148 3701 1187 non
3731 1135 3899 1191 modo

2330 1196 2463 1248 alios
2486 1199 2755 1268 corrigere
2777 1219 2880 1260 non
2911 1216 3179 1277 poterant,
3204 1214 3296 1267 sed
3318 1231 3491 1286 neque
3506 1219 3893 1280 detrimentum

2329 1287 2397 1341 ab
2436 1289 2588 1356 aliis,
2617 1293 2934 1365 quicumque
2975 1311 3192 1367 essent,
3238 1306 3339 1359 sibi
3401 1307 3741 1377 importatum
3796 1316 3898 1370 de-

2331 1377 2560 1444 pellere,
2586 1380 2698 1450 lege
2727 1382 2869 1452 ipsos
2906 1389 3126 1455 vallans,
3156 1401 3212 1446 et
3246 1394 3314 1448 ab
3343 1397 3601 1454 affinitate
3625 1417 3746 1458 cum
3773 1407 3898 1462 aliis

2328 1468 2630 1537 abducens,
2663 1474 2887 1529 seorsim
2928 1477 3048 1532 illos
3093 1481 3405 1541 ell‘ormabat
3435 1500 3488 1543 et
3537 1492 3892 1551 instituebat:

2329 1561 2560 1626 optabile
2587 1563 2731 1617 enim
2757 1564 3080 1638 difficileque
3109 1583 3225 1627 erat
3252 1585 3311 1630 ut
3335 1579 3418 1633 vel
3443 1581 3521 1635 sic
3545 1582 3688 1638 ducti
3711 1625 3728 1651 ,
3764 1603 3896 1656 pos.

2327 1660 2445 1703 sent
2491 1666 2706 1710 servare
2746 1656 3077 1728 disciplinam
3111 1677 3139 1716 a
3172 1665 3281 1720 Deo
3328 1668 3425 1722 sibi
3472 1674 3739 1730 traditam.
3784 1679 3893 1734 Sed

2327 1741 2770 1830 quemadmodum
2795 1749 2898 1803 alia
2930 1764 3193 1822 praecepta
3220 1763 3538 1829 transgressi
3563 1776 3708 1830 sunt,
3735 1769 3811 1823 sic
3835 1780 3899 1824 ct

2328 1826 2430 1883 hoc
2453 1842 2778 1904 contempto,
2805 1841 3130 1898 transierunt
3159 1845 3225 1899 ad
3257 1826 3570 1906 affinitatem
3608 1826 3728 1910 cum
3758 1858 3895 1911 vici-

2327 1919 2410 1973 nis
2437 1925 2852 1982 contrahendam
2875 1972 2890 1995 ,
2921 1940 2974 1985 ct
2999 1935 3251 1990 Uxoribus
3280 1938 3404 1993 inde
3430 1941 3602 1998 ductis
3627 1985 3642 2007 ,
3675 1961 3704 2000 a
3748 1947 3897 2002 Moa-

2327 2007 2454 2064 bitis
2483 2012 2746 2082 videlicet,
2773 2017 2841 2072 ab
2868 2022 3207 2090 Ammonitis,
3235 2036 3290 2081 et
3319 2028 3386 2082 ab
3412 2031 3529 2085 aliis
3555 2033 3734 2103 impiis
3762 2054 3896 2106 gen-

2328 2100 2466 2156 tibus
2481 2143 2495 2167 ,
2519 2104 2755 2175 aliasque
2783 2112 3128 2180 cognationes
3147 2117 3373 2185 amplexi
3391 2159 3406 2183 ,
3429 2100 3678 2178 doctores
3704 2100 3896 2194 ueluti-

2329 2194 2414 2247 tia:
2442 2196 2790 2263 admiserunt,
2811 2212 2866 2256 ct
2887 2203 3180 2260 nobilitatis
3203 2208 3450 2262 decorem
3482 2210 3892 2271 labefactarunt.

2327 2285 2438 2339 lloc
2467 2286 2641 2356 itaque
2684 2305 2803 2345 cum
2847 2293 2967 2347 aliis
3018 2296 3275 2364 propheta
3315 2299 3517 2355 crimen
3559 2302 3804 2358 intentat.
3837 2307 3890 2358 7.

2323 2371 2542 2442 [inpleta
2566 2390 2639 2430 est
2677 2382 2807 2433 enim
2832 2383 2968 2452 regio
2993 2400 3187 2452 eorum,
3217 2388 3413 2457 inquit,
3438 2403 3643 2461 argento
3669 2404 3714 2445 et
3738 2411 3892 2459 aura,

2321 2473 2371 2516 et
2399 2480 2499 2516 non
2526 2476 2630 2519 erat
2656 2485 2888 2524 numerus
2917 2472 3261 2530 thesaurorum
3289 2495 3478 2532 eorum.
3511 2480 3564 2536 8.
3594 2480 3661 2534 Et
3685 2484 3897 2552 impleta

2322 2559 2393 2605 est
2430 2562 2564 2605 terra
2593 2571 2763 2608 eorum
2791 2560 2961 2626 equis,
2996 2572 3044 2614 et
3085 2579 3185 2617 non
3225 2577 3331 2618 erat
3370 2585 3604 2623 numerus
3650 2588 3897 2625 curruum

2322 2656 2514 2696 eorum.
2545 2644 2760 2714 Ecquod
2798 2649 3000 2703 crimen
3036 2651 3137 2707 hoc
3155 2695 3170 2719 ,
3197 2653 3393 2710 dixerit
3422 2658 3556 2714 forte
3585 2662 3847 2730 quispiam
3871 2703 3892 2729 ,

2320 2732 2531 2787 divitias
2577 2734 2792 2804 habere,
2819 2748 2872 2794 et
2909 2755 3076 2811 equos
3115 2746 3416 2815 possidere,
3442 2766 3504 2805 ea
3554 2753 3894 2820 potissimum

2319 2831 2498 2890 artate,
2521 2828 2729 2895 quando
2751 2845 2855 2883 non
2881 2840 3081 2887 tantum
3104 2845 3218 2889 erat
3246 2837 3594 2909 pltilOSOphitu
3617 2844 3893 2900 studium?

2317 2914 2454 2980 Quid
2473 2931 2601 2984 ergo
2622 2918 2950 2976 dixerimus?
2975 2923 3190 2980 Scilicet
3214 2942 3320 2982 non
3353 2946 3502 2984 usum
3530 2933 3890 3002 improbabat,

2318 3004 2412 3059 sed
2435 3007 2667 3062 animum
2696 3025 2801 3064 non
2834 3012 2896 3065 iis
2937 3022 2994 3066 ttt
3019 3017 3302 3082 oportebat
3333 3030 3592 3076 utentem.
3621 3026 3893 3092 Quemad-

2321 3095 2536 3149 modum
2570 3098 2712 3151 enim
2743 3115 2867 3154 cum
2905 3101 3068 3169 dicit,
3116 3105 3200 3159 Vw
3225 3109 3308 3174 qui
3338 3119 3558 3176 potentes
3584 3115 3698 3167 estis
3727 3114 3889 3184 (lsai.

2318 3185 2371 3238 'l.
2399 3184 2513 3254 ξι),
2539 3201 2644 3240 non
2688 3190 2870 3259 utique
2918 3194 3209 3259 potentiam
3239 3197 3330 3250 dat
3371 3200 3616 3266 crimini,
3651 3205 3745 3258 sed
3793 3221 3894 3262 eos

2315 3275 2404 3341 qui
2463 3277 2696 3342 potentia
2749 3281 2886 3335 tnale
2918 3291 3141 3338 utuntur
3173 3306 3188 3340 ε
3221 3287 3299 3342 sic
3330 3298 3382 3342 et
3429 3289 3530 3345 hoc
3574 3293 3691 3346 loco
3717 3335 3732 3359 ,
3777 3312 3891 3351 non

2314 3364 2454 3432 quod
2498 3369 2748 3434 pecunias
2799 3372 3167 3439 possiderent,
3198 3378 3291 3431 sed
3331 3381 3470 3447 quod
3518 3396 3638 3435 cum
3688 3385 3891 3454 ingenti

2314 3457 2462 3525 copia
2485 3499 2499 3522 ,
2531 3470 2584 3510 et
2613 3460 2743 3513 ultra
2792 3465 3161 3520 necchitatetn
3193 3467 3310 3522 illas
3348 3485 3716 3539 congererent.
3765 3475 3893 3531 Non

2311 3559 2446 3610 erat,
2483 3551 2668 3618 inquit,
2700 3570 2932 3607 numerus
2959 3556 3305 3612 thesaurorum
3334 3578 3525 3616 eorum.
3557 3561 3743 3635 Neque
3783 3568 3891 3624 hoc

2311 3639 2480 3691 solum
2505 3681 2518 3704 ,
2551 3642 2642 3695 sed
2672 3645 2810 3712 quod
2841 3645 2908 3699 de
2936 3646 3131 3703 divitiis
3157 3659 3211 3704 et
3239 3651 3307 3705 de
3332 3667 3588 3720 equorum
3613 3658 3762 3723 copia
3799 3658 3887 3715 itt-

2312 3728 2422 3782 llati
2443 3772 2458 3796 ,
2490 3734 2734 3799 paulatim
2763 3753 2791 3788 a
2820 3752 2914 3805 spc
2957 3738 3008 3793 in
3052 3740 3217 3794 Deum
3258 3744 3710 3811 abstraltcreutttr,
3741 3751 3890 3816 quod

2313 3819 2438 3887 ipsis
2463 3821 2620 3875 etiam
2651 3825 2772 3877 alibi
2804 3827 3054 3895 pr0plteta
3094 3829 3304 3885 dicebat
3333 3849 3345 3884 :
3384 3832 3472 3887 Vw
3498 3836 3580 3904 qui
3620 3839 3890 3906 conﬁdunt

2309 3909 2361 3961 in
2410 3911 2588 3965 uirtute
2622 3929 2713 3967 sua
2741 3954 2754 3978 ,
2798 3927 2844 3970 et
2885 3918 2936 3971 in
2988 3920 3305 3976 multitudine
3355 3925 3642 3980 divitiarum
3677 3945 3889 3984 suarum

2309 4002 2588 4069 gloriantur
2615 4004 2782 4074 (Psal.
2817 4009 2904 4062 48.
2938 4010 3014 4076 7).
3043 4013 3119 4066 Ac
3146 4029 3352 4068 rursum
3383 4016 3504 4070 alibi
3533 4034 3544 4067 :
3568 4018 3684 4071 Non
3706 4022 3886 4074 salva-

2311 4100 2394 4142 tur
2416 4109 2503 4145 rea:
2533 4110 2620 4160 per
2649 4097 2853 4149 multam
2880 4099 3128 4165 virtutem,
3153 4113 3198 4155 et
3224 4105 3363 4172 gigas
3398 4121 3496 4158 non
3525 4108 3799 4160 salvabitur
3830 4113 3887 4165 in

2308 4183 2626 4238 multitudine
2667 4188 2861 4240 virtutis
2899 4191 3189 4259 sute(Psal.
3216 4195 3302 4248 52.
3335 4195 3447 4265 16).
3484 4198 3780 4268 lterumquc
3829 4204 3883 4256 in

2307 4273 2411 4326 alio
2438 4275 2646 4330 Psalmo
2676 4293 2690 4330 :
2727 4277 2843 4331 Non
2871 4281 2920 4332 in
2947 4283 3239 4350 fortitudine
3259 4287 3370 4355 equi
3400 4288 3699 4342 voluntate»:
3728 4292 3885 4346 habe-

2305 4360 2408 4428 bit,
2441 4380 2528 4416 nec
2557 4366 2606 4418 iu
2633 4368 2762 4420 tibiis
2789 4370 2882 4421 viri
2903 4370 3263 4438 beneplacitum
3290 4376 3381 4427 erit
3405 4379 3467 4429 ei.
3496 4377 3883 4446 Benrplacitum

2305 4464 2376 4504 est
2417 4452 2630 4507 Domino
2673 4474 2822 4525 super
2855 4460 3078 4514 timentes
3120 4479 3251 4514 eum.
3294 4465 3357 4517 Et
3385 4467 3598 4535 impleta
3631 4480 3701 4521 est
3743 4479 3883 4526 terra

2305 4545 2748 4601 abominationibus
2777 4567 2981 4614 operum
3013 4570 3252 4607 manuum
3277 4573 3482 4610 suarum
3501 4601 3515 4620 ,
3543 4569 3589 4611 et
3623 4562 3880 4616 adoravi:-

2302 4645 2417 4687 runt
2442 4653 2553 4705 qua:
2572 4641 2792 4706 fecerunt
2820 4642 2964 4709 digiti
2995 4659 3166 4695 eorum
3193 4644 3360 4715 (Psal.
3388 4647 3505 4702 140.
3535 4650 3644 4715 10).
3675 4651 3742 4705 Ut
3783 4667 3879 4705 sa-

2305 4726 2452 4791 piens
2479 4728 2732 4790 mcdicus,
2764 4731 3014 4798 propheta
3045 4734 3211 4787 morbi
3239 4750 3450 4789 causam
3479 4739 3624 4801 dicit,
3652 4753 3708 4794 et
3753 4743 3879 4794 fon-

2307 4821 2407 4865 tem
2436 4816 2625 4867 morbi.
2644 4818 2771 4870 Cum
2804 4821 2941 4871 enim
2970 4837 3154 4875 eorum
3185 4824 3502 4892 impietatem
3531 4839 3881 4887 accusttnrus

2304 4915 2466 4972 esset,
2495 4909 2800 4964 occasiones
2824 4911 2989 4965 morbi
3020 4914 3164 4980 prius
3191 4913 3341 4980 dixit,
3373 4917 3683 4984 avaritiam,
3715 4936 3878 4976 arro~

2303 4997 2532 5062 gantiam
2555 5038 2570 5062 ,
2599 5001 2976 5053 connubiorum
3007 5002 3290 5058 affinitates
3316 5019 3419 5059 non
3460 5007 3624 5061 licitas
3644 5049 3656 5066 ,
3687 5010 3876 5065 decla-

2303 5101 2426 5140 rans
2446 5102 2538 5142 eos
2561 5089 2680 5143 hinc
2706 5092 2951 5159 paulatim
2979 5095 3342 5162 supplantatos
3370 5097 3418 5150 in
3438 5097 3699 5163 perniciei
3719 5102 3879 5156 bara-

2305 5175 2477 5230 tltrum
2521 5182 2815 5245 corruisse,
2847 5191 2900 5234 et
2942 5181 3079 5235 idola
3119 5183 3386 5239 adorasse.
3422 5187 3619 5242 Deinde
3660 5190 3877 5246 illorum

2302 5269 2496 5322 cultum
2526 5272 2821 5338 traducens,
2841 5273 3110 5343 subjungit
3134 5317 3146 5338 ,
3179 5275 3396 5345 Operam
3419 5295 3652 5330 manuum
3675 5296 3872 5334 eorum.

2301 5358 2434 5425 Quid
2463 5362 2602 5413 enim
2648 5363 2752 5415 risu
2791 5362 3000 5432 dignius
3050 5364 3207 5418 fuerit
3251 5382 3405 5434 quam
3444 5382 3561 5420 cum
3589 5368 3748 5421 homo
3777 5369 3868 5424 dei

2299 5459 2508 5503 creator
2535 5451 2798 5506 efficitur?
2827 5455 3284 5509 Abominationcm
3311 5471 3434 5510 vero
3464 5457 3729 5525 Scriptura
3767 5474 3872 5511 vo-

2301 5553 2422 5593 care
2476 5542 2610 5595 solet
2658 5542 2838 5596 idola:
2886 5544 3111 5613 indeque
3161 5547 3479 5600 ahominatio
3528 5547 3876 5603 dcsolationis

2303 5642 2517 5685 vorantur
2544 5643 2714 5687 statua
2755 5635 2806 5687 in
2836 5637 3029 5704 templo
3055 5648 3248 5689 erecta.
3284 5637 3406 5689 Cum
3448 5639 3576 5690 enim
3607 5637 3826 5688 uideritis
3848 5674 3868 5702 ,

2309 5721 2506 5790 inquit,
2561 5724 2973 5779 abominationem
3019 5727 3335 5781 desolatiouis
3385 5736 3604 5779 stantem
3645 5727 3697 5778 in
3741 5726 3855 5782 loco
