4056 6482
206 427 264 481 35
1530 407 1595 463 IN
1635 404 1883 471 ISMAM,
1922 406 2071 463 CAP.
2113 406 2176 461 11.
3507 436 3579 492 36

200 532 508 605 ἁμαρτωλὸς,
540 531 699 595 ἀλλά,
720 529 938 603 Πλήρῆς
957 526 1262 599 ἁμαρτιῶν,
1290 526 1430 579 οὕτω
1453 525 1545 577 καὶ
1573 520 1825 584 ἐνταῦθα,

211 630 582 697 ἐνεπλήσθη.
614 625 748 682 Εἶτα
772 628 933 683 πάλιν
952 626 1233 680 ἐπιτείνων
1247 624 1307 678 τὸ
1334 623 1531 686 ὖνειδος
1554 620 1823 691 προσέθη-

199 749 293 791 κεν,
330 731 418 794 Ὠς
447 729 514 782 τὸ
548 729 650 782 ἀπ’
673 725 886 796 ἀρχῆς.
931 726 1045 780 Ἀπ’
1064 724 1273 792 ἀρχῆς,
1315 721 1472 787 πότε;
1518 720 1647 771 Ὅτε
1686 715 1818 769 Θεὸν

198 831 278 883 οὐκ
300 827 644 896 ἐγνώκεισαν,
673 827 761 879 ὅτε
779 825 940 895 νόμον
965 824 1063 876 οὐκ
1088 823 1417 893 είλήφεισαν,
1442 820 1531 872 ὅτε
1553 817 1649 887 τῆς
1675 814 1822 885 εὐερ-

198 929 358 995 γεσίας
380 924 540 979 αὑτοῦ
576 928 769 994 πεῖραν
800 924 1079 994 εἰληφότες
1110 922 1208 975 οὐκ
1235 916 1392 992 ἦσαν,
1418 919 1506 971 ὅτε
1552 913 1688 987 μετά
1713 913 1820 966 τῶν

200 1026 337 1079 ἐθνῶν
382 1024 538 1088 ἔζων,
592 1026 731 1091 ὅπερ
783 1022 1017 1093 ἐσχάτης
1061 1020 1452 1090 καταγνώσεως
1508 1013 1595 1088 ἦν,
1656 1013 1819 1085 μηδὲν

198 1126 387 1193 ἄμεινον
411 1124 710 1177 διακεῖσθαι
739 1122 851 1188 νῦν,
887 1121 1024 1192 μετὰ
1050 1119 1147 1191 τὴν
1168 1120 1435 1192 τοσαύτην
1473 1121 1726 1192 πρόνοιάν
1761 1138 1820 1174 τε

199 1224 272 1274 καὶ
307 1225 637 1293 ἐπιμέλειαν,
679 1223 786 1277 τῶν
839 1221 1063 1293 μηδενὸς
1106 1222 1308 1275 τούτων
1354 1220 1819 1275 ἀπολελαυκότων.

200 1324 417 1376 Καὶούδέ
446 1323 677 1378 ἐνταῦθα
705 1323 855 1390 ἔστη,
898 1321 1033 1376 ἀλλά
1075 1321 1464 1390 καταπλήττων
1497 1321 1690 1384 αὐτοὺς
1718 1321 1821 1375 πά-

200 1421 267 1473 λιν
313 1421 692 1490 προστέθεικεν
716 1439 731 1451 ·
781 1419 898 1493 [27]
953 1420 1051 1486 Ὠς
1090 1420 1129 1487 ἡ
1174 1418 1293 1471 τῶν
1328 1419 1723 1486 ἀλλοφύλων·
1752 1422 1818 1489 τῇ

199 1522 453 1591 συγκρίσει
480 1522 574 1575 τοῦ
606 1522 895 1593 προσώπω
927 1520 1028 1590 τὴν
1065 1518 1396 1589 κατηγορίαν
1440 1516 1821 1588 χαλεπωτέραν

198 1620 359 1672 πικῶν.
396 1622 457 1673 '0
489 1622 582 1673 καὶ
611 1618 819 1682 Παῦλος
853 1616 1040 1671 εἴωθεν
1073 1616 1402 1687 ἐργάζεσθαι
1444 1614 1681 1684 συνεχῶς
1702 1631 1715 1645 ·
1745 1616 1820 1680 ὡς

198 1720 304 1772 ὅταν
332 1720 491 1790 λέγῃ*
524 1719 663 1786 Περὶ
695 1719 763 1771 δὲ
786 1717 904 1771 τῶν
931 1717 1372 1785 κεκοιμημένων
1400 1718 1470 1769 οὐ
1496 1716 1646 1769 θέλω
1671 1714 1821 1784 ὑμᾶς

196 1819 426 1888 ἀγνοεῖν,
454 1820 722 1887 ἀδελφοὶ,
744 1820 844 1872 ἵνα
860 1818 944 1887 μὴ
976 1817 1274 1883 λυπῆσθε,
1300 1818 1377 1881 ὡς
1399 1817 1495 1869 καὶ
1538 1821 1591 1870 οί
1622 1818 1820 1870 λοιποί

196 1920 241 1971 oi
257 1916 332 1986 μὴ
360 1918 601 1983 ἔχοντες
627 1916 863 1969 ἐλπίδα*
888 1914 983 1968 καὶ
1006 1914 1166 1967 πάλιν
1185 1930 1199 1945 ·
1224 1914 1455 1969 Είδέναι
1480 1912 1738 1968 ἕκαστον
1755 1917 1819 1970 τό

196 2017 389 2070 ἑαυτοῦ
416 2015 638 2080 σκεῦος
662 2013 911 2069 κτᾶσθαι
939 2013 1010 2066 ἐν
1038 2011 1306 2081 ἁγιασμῷ
1329 2014 1427 2066 καί
1454 2013 1611 2083 τιμῇ.
1628 2014 1713 2082 μὴ
1746 2015 1819 2069 ἐν

196 2117 339 2169 πάθει
355 2114 682 2181 ἐπιθυμίας.
716 2113 823 2165 Καὶ
846 2113 945 2165 οὐκ
962 2110 1203 2182 ἠρκέσθη
1231 2112 1419 2183 τούτῳ,
1436 2113 1570 2166 ἀλλά
1594 2114 1820 2184 προστέ-

194 2221 319 2272 θεικε
347 2221 534 2287 λέγων,
560 2216 765 2281 Καθὼς
795 2216 894 2269 καί
933 2220 1004 2269 τὰ
1032 2215 1211 2269 λοιπὰ
1237 2218 1378 2285 ἔθνη
1419 2218 1488 2271 τὰ
1511 2219 1594 2287 μὴ
1624 2219 1820 2272 εἰδότα

192 2321 281 2373 τόν
304 2322 463 2372 Θεόν.
495 2318 744 2371 Μάλιστα
767 2316 874 2385 γὰρ
894 2310 1045 2377 οὗτος
1074 2316 1102 2367 6
1122 2315 1275 2382 λόγος
1303 2315 1516 2368 δάκνειν
1542 2318 1696 2369 εἴωθε
1727 2319 1820 2371 καὶ

191 2420 299 2483 τοὺς
330 2420 527 2490 σφόδρα
556 2416 1033 2479 ἀναπεπτωκότας.
1076 2417 1135 2470 El
1161 2416 1216 2470 δέ
1259 2418 1495 2471 Ἰουδαῖοι
1535 2418 1705 2472 ταῦτα
1730 2420 1821 2487 ἐγ-

193 2520 471 2587 καλοῦνται,
518 2518 666 2580 τίνος
698 2516 763 2571 ἂν
794 2516 1051 2587 τύχοιμεν
1094 2516 1421 2589 συγγνώμης
1446 2520 1628 2587 ἡμεῖς,
1662 2519 1822 2581 ποίας

193 2617 479 2686 ἀπολογίας,
512 2618 562 2671 οί
588 2615 725 2686 μετά
756 2615 919 2685 χάριν
944 2614 1233 2684 τοσαύτην,
1277 2617 1370 2667 καὶ
1394 2615 1560 2685 τιμὴν
1590 2615 1814 2683 ἄφατον,

194 2717 271 2767 καὶ
300 2716 389 2778 τὰς
437 2714 736 2775 ἀθανάτους
770 2712 1008 2775 ἐλπίδας,
1061 2711 1196 2781 πρὸς
1239 2711 1336 2783 τὴν
1373 2713 1541 2784 αὐτὴν
1593 2714 1819 2779 ἐκείνοις

193 2815 597 2876 καταπίπτοντες
632 2812 853 2879 πενίαν;
894 2813 1005 2867 Καὶ
1051 2813 1158 2884 γὰρ
1207 2813 1389 2866 πολλοὶ
1418 2813 1514 2867 καὶ
1559 2813 1654 2870 νῦν
1712 2816 1818 2870 είσι

193 2911 256 2979 τῷ
281 2912 533 2981 νοσήματι
565 2908 890 2979 κεχρημένοι
913 2898 1104 2979 τούτῳ,
1128 2909 1332 2963 καὶτὸν
1360 2911 1566 2964 ἑαυτῶν
1587 2911 1823 2981 διαφθεί-

198 3026 358 3076 ροντες
393 3010 523 3077 βίον,
549 3008 599 3061 οἶ
623 3010 690 3077 τῇ
712 3007 819 3061 τῶν
850 3008 1118 3078 κλῃδόνων
1148 3008 1339 3079 ἀλογίᾳ
1370 3010 1665 3075 ἐκδιδόντες
1694 3013 1821 3067 ἐαυ⁴

192 3110 316 3172 τοὺς,
341 3110 471 3179 μετά
496 3107 591 3161 τοῦ
611 3106 689 3177 τῷ
705 3106 823 3176 Θεῷ
855 3106 1234 3177 προσκρούειν,
1264 3109 1519 3179 περιττάς
1547 3111 1819 3182 καρποῦν-

192 3224 268 3261 ται
297 3209 483 3271 λύπας,
529 3208 625 3260 καὶ
658 3206 793 3277 πρὸς
822 3206 950 3268 τοὺς
988 3206 1127 3275 ὑπὲρ
1160 3206 1260 3275 τῆς
1296 3208 1494 3278 ἀρετῆς
1540 3210 1819 3265 ἐκλύονται

194 3307 385 3370 πόνους.
431 3308 542 3361 Καὶ
603 3307 710 3378 γὰρ
749 3306 1077 3359 ἐσπούδακεν
1118 3306 1147 3359 6
1190 3306 1434 3369 διάϐολος
1471 3308 1562 3363 διὰ
1606 3311 1821 3365 πάντων

194 3410 332 3463 τοῦτο
362 3413 540 3462 πεῖσαι
563 3420 589 3449 ι
618 3407 745 3469 τοὺς
776 3407 1178 3477 ἀνοητοτέρους,
1204 3407 1285 3460 ὅτι
1310 3407 1408 3460 οὐκ
1433 3408 1519 3461 ἐπ’
1548 3409 1729 3475 αὐτοῖς
1754 3412 1823 3465 τά

196 3513 276 3581 τῆς
306 3512 497 3582 ἀρετῆς
551 3509 647 3562 καὶ
683 3506 754 3561 τὰ
793 3508 892 3578 τῆς
942 3506 1158 3573 κακίας,
1208 3508 1326 3562 ούδέ
1378 3508 1658 3581 ἐλευθερίᾳ
1715 3513 1823 3565 τινὶ

195 3608 542 3680 προαιρέσεώς
560 3610 667 3661 είσι
694 3607 1065 3678 τετιμημένοι,
1095 3605 1258 3661 δύοδέ
1283 3606 1454 3662 ταῦτα
1477 3608 1544 3661 τὰ
1571 3608 1822 3678 αἴσχιστα

196 3708 511 3777 κατορθῶσαι
571 3706 913 3777 βουλόμενος,
953 3705 1049 3759 καὶ
1102 3706 1230 3769 τοὺς
1287 3706 1424 3775 ὑπὲρ
1474 3707 1573 3777 τῆς
1622 3707 1821 3779 ἀρετῆς

198 3807 396 3861 ἐκλῦσαι
433 3808 649 3869 πόνους,
698 3806 792 3859 καὶ
831 3804 893 3857 τὸ
939 3804 1191 3876 μέγιστον
1226 3806 1325 3875 τῆς
1367 3805 1677 3878 ἐλευθερίας
1720 3808 1823 3877 ἀφ-

197 3906 387 3959 ελέσθαι
406 3906 599 3977 δῶρον.
620 3902 791 3957 Τοῦτο
813 3902 901 3956 διά
926 3902 1216 3974 κλῃδόνων,
1238 3901 1392 3955 τοῦτο
1406 3902 1494 3957 διὰ
1518 3904 1821 3976 συμϐόλων,

195 4004 333 4058 τοῦτο
375 4004 459 4058 διὰ
493 4003 923 4075 παρατηρήσεως
955 4000 1196 4073 ἡμερῶν,
1223 3999 1380 4054 τοῦτο
1414 4001 1502 4056 διὰ
1535 4002 1628 4055 τοῦ
1659 4020 1823 4074 πονηο

200 4106 278 4175 ροῦ
304 4107 391 4175 τῆς
421 4107 465 4157 εί
475 4103 759 4175 μαρμένης
786 4102 1072 4174 δόγματος,
1099 4100 1256 4155 τοῦτο
1284 4102 1352 4155 δι’
1378 4102 1576 4172 ἐτέρων
1612 4103 1821 4157 πολλῶν

198 4209 265 4269 είς
299 4207 383 4258 τὸν
413 4205 522 4275 βίον
553 4205 815 4273 είσήγαγε
852 4202 912 4256 τὸ
952 4202 1186 4272 χαλεπὸν
1232 4202 1464 4273 νόσημα,
1511 4204 1686 4256 πάντα
1711 4204 1823 4258 ἀνω

198 4306 279 4356 καὶ
302 4304 442 4357 κάτω
466 4303 654 4355 ποιῶν.
686 4302 764 4353 Δι’
794 4300 823 4353 6
846 4299 910 4370 δὴ
941 4300 1037 4354 καὶ
1067 4301 1096 4353 6
1128 4302 1412 4372 προφήτης
1433 4301 1678 4373 σφοδρῶς
1695 4302 1822 4374 ἐστη

199 4403 514 4472 κατηγορῶν,
561 4400 703 4453 ὥστε
735 4399 1029 4470 πρόρριζον
1053 4399 1361 4453 ἀνασπάσαι
1390 4400 1450 4453 τὸ
1478 4400 1667 4465 πάθος.
1715 4403 1823 4457 Καὶ

196 4497 357 4550 τέκνα
383 4497 578 4549 πολλὰ
598 4496 918 4563 ἀλλόφυλα
945 4494 1232 4563 ἐγεννήθη
1254 4495 1472 4562 αὐτοῖς.

256 4594 314 4659 ζ’.
336 4595 399 4647 Τί
428 4598 563 4658 ἐστι,
593 4592 777 4648 Τέκνα
805 4593 1123 4661 ἀλλόφυλα
1147 4609 1167 4658 ;
1198 4594 1377 4666 Νόμος
1403 4591 1470 4667 ἦν
1491 4596 1670 4660 αὐτοῖς
1692 4596 1827 4651 ἄνω-

198 4693 276 4745 θεν
299 4695 537 4764 κείμενος
560 4694 648 4748 διὰ
675 4692 737 4747 τὸ
765 4693 863 4763 τῆς
888 4693 1111 4763 γνώμης
1143 4694 1169 4733 δ
1200 4694 1490 4759 εύόλισθον,
1515 4696 1609 4750 καὶ
1638 4697 1699 4749 τὺ
1726 4696 1826 4765 τῆς

196 4790 410 4854 διανοίας
442 4792 865 4861 εύεξαπάτητον,
911 4792 1099 4863 μηδενὶ
1138 4792 1247 4846 τῶν
1284 4792 1484 4847 λοιπῶν
1530 4793 1826 4865 ἀνθρώπων

197 4888 579 4957 ἐπιμίγνυσθαι,
615 4888 757 4941 ῶστε
807 4887 881 4959 μὴ
920 4888 1176 4953 τοιαύτας
1217 4890 1534 4959 συγγενείας
1572 4892 1825 4954 ἀσεϐείας

198 4984 428 5040 ὑπόθεσιν
453 4986 724 5055 γενέσθαι.
765 4986 983 5059 Ἐπειδὴ
1002 4987 1109 5059 γὰρ
1140 4990 1199 5043 ού
1231 4990 1387 5059 μόνον
1425 4990 1642 5061 ἐτέρους
1686 4991 1825 5062 διορο

199 5084 350 5139 θῶσαι
379 5089 473 5141 οὐκ
526 5090 729 5157 ῐσχυον,
775 5086 888 5141 ἀλλ’
921 5087 1040 5140 οὐδὲ
1080 5088 1178 5159 τὴν
1218 5091 1347 5160 παρ’
1388 5089 1585 5159 ἐτέρων
1625 5086 1726 5142 οἷοί
1768 5106 1824 5143 τε

197 5179 321 5254 ἦσαν
370 5185 750 5258 διακρούεσθαι
778 5184 1003 5256 βλάϐην,
1032 5186 1108 5257 τῷ
1150 5187 1299 5258 νόμῳ
1327 5187 1569 5257 τειχίσας
1608 5188 1823 5251 αὐτοὺς,

198 5286 391 5356 καὶτῆς
416 5287 549 5358 πρὸς
581 5287 708 5350 τοὺς
733 5285 953 5348 λοιποὺς
978 5286 1256 5357 ἐπιμιξίας
1283 5287 1477 5349 αὐτοὺς
1493 5287 1822 5358 ἀποστήσας,

198 5386 304 5437 κατ’
347 5386 475 5439 ιδίαν
520 5386 716 5449 αὐτοὺς
750 5384 977 5438 ἔπλαττε
1011 5383 1105 5438 καὶ
1156 5385 1480 5456 ἐρῤύθμιζεν
1501 5404 1514 5418 ·
1548 5386 1825 5457 ἀγαπητὸν

201 5470 294 5539 γὰρ
325 5468 388 5541 ἦν
421 5475 512 5526 καὶ
534 5472 708 5535 οῦτως
735 5471 1034 5542 ἀγομένους
1058 5471 1347 5543 δυνηθῆναι
1372 5474 1690 5544 διατηρῆσαι
1732 5472 1827 5543 τὴν

199 5570 334 5637 παρὰ
364 5570 452 5623 τοῦ
482 5571 616 5626 Θεοῦ
634 5571 921 5644 δεδομένην
949 5571 1221 5625 πολιτείαν
1238 5573 1437 5635 αὐτοῖς.
1475 5573 1612 5625 Ἀλλ’
1640 5572 1827 5642 ὥσπερ

252 5740 437 5791 'Savll.
472 5751 524 5792 et
553 5744 676 5805 Reg.
715 5742 1011 5805 διάγπΜων
1056 5740 1198 5805 τοῦτο
1236 5742 1416 5805 πεῖσαι,
1468 5743 1645 5790 melius

200 5796 356 5866 ᾉοτει.
379 5810 427 5853 el
450 5796 726 5866 Bavarfﬁui
748 5804 889 5853 habet
911 5804 1303 5866 τούτιιιινϋειιεῖσαιἶ
1343 5796 1462 5853 Infra
1492 5804 1572 5851 δύο
1595 5805 1643 5851 δὲ
1664 5796 1825 5866 ταῦτα,

405 5860 672 5934 Ιεςςοόυιιὶ
689 5872 824 5928 ροισι
849 5866 931 5914 δύο
954 5867 1011 5922 δὴ
1034 5864 1197 5914 ταῦτα.
1229 5864 1351 5915 Infra
1381 5867 1456 5913 διὰ
1476 5866 1739 5926 συμϐόλων,
1782 5865 1827 5915 Id

216 5937 225 5947 ”
276 5960 285 5973 .
408 5938 582 5975 omma.

208 5960 213 6055 ς
242 5960 285 6019 ’Κ
305 5960 681 6041 ίὶἰιἰςῗ’ὲ’ἱ’”ἑὲινίι.
714 5993 793 6045 τῆς
810 5989 1042 6049 γνώσεως.

1686 5755 1827 5802 quam

1933 520 2032 583 τὰς
2085 521 2248 584 ἀλλας
2296 522 2622 591 παρέϐαινον
2669 524 2906 593 ἐντολὰς,
2937 526 3078 579 οὕτω
3119 526 3184 598 δὴ
3233 529 3327 582 καὶ
3373 530 3577 599 ταύτης

1935 607 2296 677 ὑπεριδόντες,
2354 610 2656 680 μετέϐησαν
2680 612 2814 681 πρὸς
2857 612 2958 677 τάς
3000 615 3109 667 τῶν
3158 614 3386 684 πλησίον
3428 617 3579 686 ἀγχι-

1930 706 2132 769 στείας,
2168 706 2260 759 καὶ
2279 706 2493 777 νύμφας
2514 711 2719 764 ἐκεῖθεν
2744 711 2997 782 ἀγόμενοι
3023 723 3045 749 ε
3080 712 3231 784 παρά
3251 714 3577 778 Μωαϐιτῶν,

1912 813 2043 886 ’[28]
2074 818 2225 888 παρά
2266 820 2648 890 Ἀμμανητῶν,
2697 822 2826 893 παρ⁹
2884 823 3084 893 ἐτέρων
3126 823 3335 877 ἀσεϐῶν
3385 823 3577 888 ἐθνῶν,

1929 915 2153 980 καὶτὰς
2204 918 2365 982 ἀλλας
2419 918 2782 989 ἀσπαζόμενοι
2838 922 3173 991 συγγενείας,
3229 922 3579 987 διδασκάλους

1929 1015 2189 1086 πονηρίας
2210 1016 2467 1087 ἐδέχοντο,
2485 1019 2575 1071 καὶ
2594 1020 2653 1071 τὸ
2674 1021 2771 1089 τῆς
2792 1022 3063 1088 εὐγενείας
3081 1023 3337 1092 ἀκέραιον
3352 1021 3581 1091 διέφθει-

1930 1130 2040 1183 ρον,
2074 1113 2241 1168 Τοῦτο
2276 1116 2451 1169 τοίνυν
2480 1118 2615 1187 μετά
2639 1118 2745 1170 τῶν
2771 1119 2944 1172 ἄλλων
2973 1120 3001 1171 6
3032 1122 3315 1191 προφήτης
3337 1120 3574 1189 ἐγκαλεῖ.

1940 1215 2312 1285 Ἐνεπλήσθη
2330 1219 2438 1286 γὰρ
2471 1220 2509 1287 ἠ
2532 1219 2688 1287 χώρα
2708 1220 2925 1283 αὐτῶν,
2967 1226 3148 1291 φησὶν,
3183 1223 3463 1292 ἀργυρίου
3479 1222 3577 1277 καὶ

1928 1314 2203 1380 χρυσίου,
2231 1316 2329 1368 καὶ
2355 1319 2465 1369 οὐκ
2494 1318 2573 1385 ἦν
2600 1319 2843 1388 ἀριθμός
2872 1319 2991 1373 τῶν
3010 1322 3325 1387 θησαυρῶν
3359 1319 3575 1374 αὐτῶν.

1926 1410 2029 1462 Καὶ
2045 1411 2387 1481 ἐνεπλήσθη
2405 1416 2441 1481 ἡ
2460 1414 2534 1483 γῆ
2551 1416 2747 1470 αὐτῶν
2766 1419 2982 1480 ἵππων,
2996 1418 3092 1471 καί
3110 1420 3219 1471 οὐκ
3239 1414 3317 1487 ἦν
3336 1416 3580 1486 ἀριθμὸς

1928 1506 2046 1562 τῶν
2078 1510 2349 1579 ἁρμάτων
2391 1513 2605 1566 αὐτῶν.
2638 1515 2747 1568 Καὶ
2775 1519 2924 1569 ποῖον
2961 1516 3209 1587 ἔγκλημα
3235 1514 3411 1577 τοῦτο,
3450 1516 3580 1578 ῐσως

1928 1605 2069 1658 εἴποι
2090 1624 2171 1670 τις
2193 1609 2278 1675 ἂν,
2303 1611 2361 1662 τὸ
2387 1612 2643 1681 χρήματα
2681 1612 2845 1682 ἔχειν,
2882 1613 2976 1665 καὶ
3015 1614 3211 1675 ἵππους
3255 1611 3577 1681 κεκτῆσθαι,

1929 1711 2022 1763 καὶ
2053 1712 2283 1780 μάλιστα
2314 1715 2404 1766 ἐπὶ⁵
2430 1716 2527 1784 τῆς
2560 1718 2751 1783 γενεᾶς
2773 1717 3007 1786 ἐκείνης,
3054 1717 3141 1769 ὅτε
3174 1718 3234 1769 ού
3281 1716 3449 1787 πολλὴ
3487 1734 3581 1786 φι-

1928 1811 2176 1881 λοσοφίας
2214 1811 2281 1884 ἦν
2318 1816 2604 1885 ἀκρίϐεια;
2635 1818 2699 1870 Τί
2726 1814 2817 1871 οὖν
2846 1818 2910 1871 ἀν
2937 1819 3180 1887 εἴποιμεν
3202 1836 3216 1883 ;
3240 1819 3360 1870 Ὀτι
3392 1818 3453 1869 ού
3480 1817 3581 1889 τὴν

1928 1914 2119 1983 χρῆσιν
2172 1914 2464 1979 διέϐαλλεν,
2514 1916 2646 1970 ἀλλά
2688 1917 2784 1988 τὴν
2827 1916 3049 1987 γνώμην
3087 1918 3184 1987 τὴν
3217 1918 3315 1969 οὐκ
3355 1918 3432 1979 είς
3464 1916 3582 1969 δέον

1927 2016 2107 2080 αὐτοῖς
2138 2018 2495 2090 κεχρημένην.
2538 2021 2746 2091 Ὥσπερ
2796 2021 2904 2091 γάρ
2961 2021 3085 2073 ὅταν
3133 2020 3285 2089 λέγῃ,
3332 2018 3472 2073 Οὐαί
3524 2022 3580 2073 οι

1928 2116 2259 2184 ἰσχύοντες,
2291 2117 2350 2170 ού
2384 2119 2480 2188 τὴν
2522 2119 2836 2172 δυναστείαν
2870 2120 3128 2179 αἰτιᾶται,
3157 2117 3290 2171 ἀλλά
3325 2119 3449 2179 τοὺς
3481 2133 3580 2171 κα·-

1926 2214 2036 2275 κῶς
2067 2218 2131 2285 τῇ
2162 2216 2441 2285 δυναστείᾳ
2474 2217 2873 2287 κεχρημένους·
2921 2217 3061 2270 οῦτω
3100 2216 3163 2287 δὴ
3200 2218 3292 2270 καὶ
3326 2216 3579 2280 ἐνταῦθα,

1926 2311 2021 2381 οὐχ
2057 2314 2137 2365 ὅτι
2170 2316 2424 2384 χρήματα
2457 2316 2767 2386 ἐκέκτηντο,
2812 2316 2928 2369 ἀλλ’
2966 2316 3045 2369 ὅτι
3089 2316 3226 2386 μετά
3260 2317 3455 2387 πολλῆς
3484 2318 3580 2388 τῆς

1926 2412 2259 2483 περιουσίας,
2311 2414 2403 2465 καὶ
2454 2413 2593 2482 ὑπὲρ
2635 2414 2739 2484 τὴν
2794 2415 2981 2484 χρείαν
3033 2415 3282 2485 συνῆγον.
3322 2418 3442 2467 οὐκ
3479 2411 3579 2483 ἦν,

1926 2510 2109 2580 φησὶν,
2141 2512 2386 2580 ἀριθμὸς
2411 2511 2532 2564 τῶν
2577 2512 2895 2580 θησαυρῶν
2926 2514 3143 2566 αὐτῶν.
3191 2516 3299 2567 Καὶ
3326 2515 3386 2566 ού
3422 2514 3580 2567 τοῦτο

1928 2610 2107 2681 μόνον,
2150 2610 2268 2665 ἀλλ’
2317 2612 2398 2666 δτι
2435 2612 2806 2683 πεφυσημένοι
2854 2612 2931 2684 τῷ
2977 2612 3189 2684 πλούτῳ
3225 2615 3316 2667 καὶ
3353 2617 3419 2686 τῇ
3470 2614 3580 2667 τῶν

1926 2708 2108 2762 ἵππων
2150 2710 2436 2782 δυναστείᾳ
2479 2711 2621 2765 κατά
2670 2711 2862 2782 μικρὸν
2923 2712 3031 2765 ἀπὸ
3070 2713 3169 2783 τῆς
3211 2713 3289 2777 είς
3330 2713 3420 2766 τὸν
3447 2713 3581 2767 Θεὸν

1925 2808 2138 2874 ἐλπίδος
2178 2811 2565 2885 παρεσύροντο,
2590 2812 2619 2865 δ
2648 2813 2740 2867 καὶ
2776 2813 3006 2883 ἀλλαχοῦ
3038 2815 3217 2877 αὐτοῖς
3244 2816 3274 2867 6
3298 2816 3581 2886 προφήτης

1926 2910 2134 2981 ἔλεγενο
2175 2914 2316 2967 Οὐαί
2351 2916 2403 2968 οι
2430 2915 2778 2981 πεποιθότες
2809 2914 2906 2967 ἐπί
2952 2914 3027 2983 τῇ
3064 2915 3309 2985 δυνάμει
3359 2917 3578 2983 αὐτῶν,

1925 3012 2023 3065 καί
2054 3012 2151 3066 ἐπί
2185 3012 2265 3078 τῷ
2297 3013 2510 3079 πλήθει
2544 3014 2649 3069 τοῦ
2675 3016 2940 3070 πλούτου
2970 3016 3171 3069 αὐτῶν
3205 3016 3577 3086 ἐγκαυχώμε-

1924 3123 2037 3161 νοι.
2072 3107 2179 3160 Καὶ
2210 3108 2368 3161 πάλιν
2410 3109 2665 3180 ἐτέρωθιο
2725 3112 2808 3164 Οὐ
2860 3109 3100 3171 σώζεται
3136 3111 3437 3178 βασιλεὺς
3483 3113 3581 3166 διὰ

1924 3208 2164 3277 πολλὴν
2193 3211 2464 3281 δύναμιν,
2489 3210 2586 3263 καί
2615 3210 2785 3278 γίγας
2809 3211 2881 3264 οὐ
2908 3210 3241 3276 σωθήσεται
3269 3211 3340 3263 ἐν
3366 3212 3579 3278 πλήθει

1928 3313 2139 3381 ἰσχύος
2173 3311 2377 3366 αὐτοῦ.
2419 3311 2529 3365 Καὶ
2549 3312 2605 3363 ἐν
2636 3310 2805 3381 ἑτέρῳ
2850 3310 2907 3362 δέ
2940 3309 3100 3364 πάλιν
3144 3310 3343 3381 ψαλμῷ
3385 3328 3577 3382 φησιν’

1922 3414 2042 3465 Οὐκ
2077 3412 2145 3465 έν
2181 3409 2254 3479 τῇ
2280 3411 2599 3477 δυναστείᾳ
2641 3410 2746 3464 τοῦ
2792 3411 2981 3464 ἵππου
3031 3410 3294 3475 θελήσει,
3342 3412 3480 3465 οὔτε
3513 3413 3583 3466 ἐν

1928 3514 2055 3579 ταῖς
2091 3514 2344 3583 κνήμαις
2378 3514 2483 3568 τοῦ
2512 3514 2727 3581 ἀνδρὸς
2757 3512 3008 3569 εὐδοκεῖ.
3054 3511 3340 3566 Εύδοιιεῖ(1
3371 3515 3584 3585 Κήριος

1926 3612 2023 3664 ἐπὶ
2056 3612 2196 3678 τοὺς
2239 3612 2644 3681 φοϐουμένους
2683 3612 2887 3665 αὐτόν.
2928 3610 3035 3664 Καί
3060 3610 3408 3679 ἐνεπλήσθη
3440 3614 3478 3680 ἡ
3504 3616 3583 3684 γῆ

1923 3710 2356 3780 ,βδελυγμάτων
2403 3708 2523 3762 τῶν
2572 3712 2759 3778 ἔργων
2804 3708 2923 3762 τῶν
2966 3708 3179 3778 χειρῶν
3230 3709 3446 3775 αὐτῶν,
3483 3715 3582 3767 καί

1929 3812 2395 3880 προσεκύνησαν
2444 3803 2536 3873 οἷς
2580 3808 2875 3876 ἐποίησαν
2918 3810 2974 3863 οι
3018 3808 3302 3863 δάκτυλοι
3365 3809 3582 3865 αὐτῶν.

1930 3910 2138 3982 Ὠσπερ
2179 3910 2338 3979 σοφὸς
2368 3910 2568 3981 ίατρδς,
2609 3910 2637 3962 6
2685 3908 2967 3979 προφήτης
3008 3908 3100 3961 τοῦ
3138 3909 3443 3979 νοσήματος
3486 3911 3589 3980 τὴν

1929 4009 2105 4063 αἰτίαν
2137 4008 2303 4077 λέγει,
2328 4008 2420 4061 καλ⁸
2445 4008 2545 4079 τὴν
2570 4005 2748 4077 πηγὴν
2776 4006 2869 4060 τοῦ
2883 4007 3205 4077 νοσήματος.
3234 4007 3457 4061 Μέλλων
3476 4008 3587 4079 γὰρ

1930 4108 2248 4177 κατηγορεῖν
2292 4105 2468 4159 αὐτῶν
2513 4104 2611 4175 τὴν
2655 4103 2930 4167 ἀσέϐειαν,
2988 4104 3275 4179 προλαϐὼν
3320 4099 3440 4158 εἷπε
3486 4109 3585 4169 τὰς

1930 4204 2182 4276 ἀφορμὰς
2218 4204 2318 4275 τῆς
2366 4204 2695 4275 ἀρρωστίας,
2746 4202 3129 4276 φιλαργυρίαν,
3170 4204 3447 4269 ἀπόνοιαν,
3486 4206 3585 4267 τὰς

1930 4304 1991 4356 ού
2030 4302 2407 4375 προσηκούσας
2454 4301 2753 4373 ἐπιμιξίας,
2807 4302 2982 4372 δηλῶν
3034 4303 3114 4355 ὅτι
3162 4302 3408 4356 ἐντεῦθεν
3442 4304 3587 4362 κατά

1934 4402 2124 4474 μικρὸν
2151 4402 2613 4473 ύπεσκελίσθησαν
2645 4403 2725 4464 είς
2763 4401 2823 4454 τὸ
2855 4401 2955 4467 τῆς
2988 4400 3259 4461 ἀπωλείας
3290 4398 3582 4469 βάραθρον,

1932 4502 2026 4555 καὶ
2071 4500 2260 4555 εἴδωλα
2310 4500 2738 4572 προσεκύνησαν.
2774 4493 2903 4553 Εἶτα
2950 4497 3226 4567 κωμῳδῶν
3268 4498 3446 4553 αὐτῶν
3486 4498 3584 4569 τὴν

1930 4601 2241 4674 θρησκείαν,
2272 4602 2535 4669 ἐπήγαγε,
2580 4600 2698 4651 Τῶν
2738 4599 2924 4667 ἔργων
2956 4596 3074 4651 τῶν
3105 4596 3318 4665 χειρῶν
3364 4595 3580 4653 αὐτῶν.

1932 4702 1996 4755 Τί
2037 4701 2144 4772 γὰρ
2178 4702 2243 4754 ἂν
2280 4700 2487 4768 γένοιτο
2527 4697 3054 4767 καταγελαστότερον
3098 4695 3245 4759 ἀλλο,
3282 4695 3317 4767 ἢ
3340 4695 3467 4748 ὅταν
3492 4696 3583 4749 ἄν·

1932 4803 2145 4875 θρωπος
2164 4801 2488 4873 δημιουργὸς
2571 4800 2691 4853 θεοῦ
2711 4817 2725 4865 ;
2746 4799 3025 4869 Βδέλυγμα
3054 4796 3109 4849 δέ
3132 4795 3319 4848 εἴωθεν
3344 4794 3585 4868 ήΓραφὴ

1932 4904 2115 4957 καλεῖν
2157 4902 2224 4955 τὰ
2252 4903 2476 4957 εἰδωλαο
2510 4899 2758 4953 ἐντεῦθεν
2801 4900 2894 4953 καὶ
2934 4898 3206 4967 βδέλυγμα
3255 4893 3585 4965 ἐρημώσεως

1931 5005 2144 5073 λέγεται
2167 5006 2195 5057 6
2213 5003 2427 5075 ἀνδριὰς
2447 5004 2475 5055 6
2496 5003 2587 5054 ἐπὶ
2604 5000 2698 5053 τοῦ
2712 4999 2839 5053 ναοῦ
2860 4997 3050 5060 ἑστώς.
3076 4994 3380 5065 Ὅτανγὰρ
3401 4996 3586 5062 ιδητε,

1932 5104 2081 5172 φησὶ,
2110 5102 2175 5155 τὸ
2198 5103 2508 5169 βδέλυγμα
2546 5099 2655 5166 τῆς
2687 5096 3034 5166 ἐρημώσεως
3088 5092 3277 5158 ἑστὼς
3317 5093 3385 5145 ἐν
3427 5094 3590 5156 τόπῳ

1931 5203 2074 5271 ἁγίῳ
2104 5220 2117 5233 ·
2155 5205 2187 5256 ό
2221 5200 2646 5270 ἀναγινώσκων
2690 5198 2918 5251 νοείτω.
2986 5193 3198 5262 Ἐπειδὴ
3240 5190 3349 5262 γὰρ
3392 5191 3585 5255 αὐτοὺς

1932 5302 2181 5371 ἀπήγαγε
2213 5300 2305 5354 τοῦ
2332 5300 2465 5368 πρὸς
2496 5298 2565 5351 τὰ
2588 5296 2820 5367 αίσθητά
2851 5296 3168 5361 ἐπτοῆσθαι,
3215 5292 3587 5363 ἀπηγόρευσεν

1932 5403 2110 5464 αὺτοῖς
2158 5402 2263 5453 πᾶν
2296 5399 2637 5467 ἐξεικόνισμα
2672 5397 2927 5466 ποιῆσαν
2985 5397 3078 5447 καὶ
3126 5394 3399 5464 βδέλυγμα
3430 5388 3587 5443 τοῦτο

1933 5499 2175 5563 ἐκάλεσε,
2205 5498 2484 5571 πόρρωθεν
2505 5497 2699 5559 αὐτοὺς
2726 5494 3062 5549 ἀναστέλλων
3091 5494 3191 5563 τῆς
3213 5488 3463 5551 ἀσεϐείας
3486 5503 3499 5518 ·
3526 5488 3587 5539 τὸ

1932 5599 2038 5669 γὰρ
2079 5598 2448 5668 βδελύττεσθαι
2496 5598 2557 5650 τὸ
2600 5597 2715 5667 μεθ’
2745 5595 3047 5667 ὑπερϐολῆς
3081 5594 3196 5645 ἐστι
3260 5591 3457 5661 μισεῖν,
3506 5586 3581 5650 ὡς

1933 5699 2259 5768 ἀκάθαρτον,
2281 5698 2355 5759 ὡς
2386 5697 2591 5763 ἐναγές.
2642 5697 2715 5749 Τὸ
2748 5696 2925 5749 τοίνυν
2967 5693 3237 5763 βδέλυγμα
3270 5687 3331 5741 τὸ
3362 5685 3588 5758 μισητὸν

1999 5930 2017 5955 ε
2050 5926 2166 5984 Reg.
2195 5927 2244 5971 cl
2262 5922 2414 5970 Sam.
2440 5918 2733 5984 ἀναγόμενοι.

1998 5986 2021 6023 d
2046 5973 2164 6047 ηοξ.
2191 5983 2385 6033 εύδοκιεῖ
2420 5984 2467 6030 in
2493 5973 2668 6039 fu'lu'ro,
2694 5978 2828 6039 quasi
2851 5975 2909 6025 ab
2938 5973 3181 6029 εύόοκίζω.
