4152 6472
707 417 782 472 39
1482 394 1539 452 s.
1577 393 1853 451 JOANNIS
1887 391 2354 449 cnnvsosrom
2399 390 2709 449 meumr.
2752 394 3280 454 CONSTAN‘I‘INOP.
3883 426 3949 480 40

708 512 840 570 mihi
865 508 1197 565 subindieare
1232 507 1569 578 longinquam
1602 504 1945 560 barbarorum
1978 504 2267 573 expeditio.

709 617 849 656 nem.
878 600 943 655 18
989 598 1054 653 Et
1074 601 1364 667 manufacta
1392 596 1559 649 omnia
1579 595 1900 658 abscondent,
1929 597 2014 649 ‘19.
2043 596 2276 656 [aferen—-

707 702 778 746 tes
801 708 859 745 ea
891 692 946 745 in
986 705 1223 743 caverna
1264 704 1325 741 ac
1363 688 1608 740 scissuras
1638 698 1922 756 petrarum,
1953 694 1999 738 et
2024 684 2078 737 in
2106 688 2273 752 foveas

706 795 871 846 terrae,
903 800 934 835 a
962 782 1090 853 facie
1115 780 1305 833 timoris
1336 776 1559 841 Domini,
1603 785 1653 828 et
1699 792 1730 827 a
1772 776 1934 845 gloria
1961 773 2273 841 fortitudinis

703 878 831 943 ejus,
859 890 970 925 cum
1009 870 1277 923 surrexerit
1302 868 1369 921 ad
1395 866 1765 937 percutiendam
1790 874 1990 918 terram.
2024 863 2269 929 Tantum,

705 963 892 1032 inquit,
921 960 1109 1026 aberit,
1137 970 1193 1013 ut
1220 972 1404 1012 eorum
1431 955 1501 1009 dii
1530 954 1723 1022 aliquid
1762 952 1879 1021 opis
1913 951 2103 1005 afferre
2146 965 2270 1019 pos-

703 1056 827 1115 sint,
859 1062 912 1105 ut
944 1050 1014 1103 illi
1047 1051 1315 1104 hominum
1341 1046 1536 1100 auxilio
1561 1058 1694 1113 opus
1720 1043 1947 1096 habituri
1985 1042 2109 1105 sint,
2141 1056 2267 1096 nec-

705 1158 808 1195 non
835 1141 1070 1195 locorum
1092 1140 1274 1203 tutela,
1305 1147 1362 1191 ut
1392 1150 1457 1189 ne
1495 1134 1785 1201 capiantur,
1831 1132 1875 1184 Α
1907 1131 2034 1201 [acie
2077 1131 2270 1184 timoris

704 1232 927 1293 Domini,
959 1240 1004 1283 et
1043 1247 1074 1284 a
1111 1230 1278 1300 gloria
1319 1225 1627 1299 fortitudinis
1669 1225 1798 1293 ejus,
1846 1239 1958 1274 cum
2001 1222 2269 1274 surrexerit

702 1332 960 1391 percutere
982 1331 1183 1373 terram.
1212 1317 1287 1371 Ne
1316 1317 1432 1385 quis
1456 1314 1596 1370 enim
1621 1314 1959 1366 barbarorum
1989 1309 2266 1378 irruptioni

700 1413 815 1466 lucc
843 1416 1079 1479 imputet,
1113 1423 1244 1463 neve
1272 1408 1538 1461 existimet
1582 1404 1827 1457 timorem
1864 1416 1928 1455 ex
1959 1416 2142 1455 eorum
2169 1414 2266 1469 po-

702 1506 862 1559 tentia
895 1504 1189 1572 provenire,
1241 1512 1543 1555 sermonem
1593 1493 1754 1548 refl-rt
1791 1492 1856 1547 ad
1903 1494 2266 1545 universorum

702 1598 888 1661 Deum,
918 1596 1121 1657 dicens,
1146 1608 1265 1646 eum
1298 1589 1417 1644 belli
1462 1587 1681 1655 hujusce
1708 1584 1894 1638 ducem
1930 1582 2183 1642 futurmu,
2213 1588 2267 1634 et

700 1688 768 1739 ab
810 1702 875 1739 eo
913 1693 1221 1753 potestatem
1253 1696 1373 1737 esse
1416 1682 1465 1733 in
1505 1687 1651 1731 tanto
1698 1676 1930 1744 periculo
1966 1671 2265 1728 vindicandi

699 1778 896 1831 scelera
922 1778 1031 1844 jam
1070 1773 1318 1827 admissa.
1347 1770 1437 1824 20.
1480 1768 1578 1822 Die
1610 1768 1741 1820 enim
1783 1766 1873 1818 illa
1919 1764 2078 1834 ejiciet
2119 1762 2265 1815 aonio

699 1866 1089 1920 abominationes
1111 1879 1227 1916 suas
1268 1869 1525 1931 argenteas
1563 1870 1612 1911 et
1648 1871 1847 1917 aureas,
1892 1870 2016 1922 quas
2045 1856 2265 1922 fecerunt

699 1959 787 2011 sibi
814 1957 935 2027 ipsis
963 1965 1015 2008 nt
1041 1956 1307 2007 adorarent
1345 1951 1516 2004 inania
1548 1964 1641 2001 sua
1680 1959 1727 2001 et
1756 1946 2142 2016 vespertiliones,
2170 1942 2261 1996 2L

700 2049 769 2100 ad
792 2045 1167 2116 ingrediendum
1197 2044 1247 2096 in
1276 2043 1463 2096 solidas
1484 2050 1668 2110 petras,
1700 2038 1817 2092 etin
1838 2037 2081 2090 scissuras
2102 2044 2266 2102 petra-

696 2155 809 2191 rum
836 2156 865 2190 a
896 2138 1023 2207 [acie
1044 2136 1233 2189 timoris
1265 2133 1483 2191 Domini.
1512 2142 1556 2184 et
1577 2148 1607 2183 a
1624 2131 1784 2200 gloria
1805 2126 2115 2197 fortitudinis
2134 2126 2260 2192 ejus,

696 2246 809 2281 cum
837 2228 1156 2281 resnrrexerit
1200 2225 1268 2277 atl
1314 2224 1679 2292 percutiendum
1727 2230 1930 2273 terram.
1977 2217 2115 2271 Satis
2158 2228 2266 2269 tra-

698 2322 847 2374 duxit
872 2335 983 2383 eos,
1013 2319 1299 2373 ostendens
1322 2316 1464 2385 ipsos
1491 2329 1609 2366 cum
1641 2313 1740 2365 diis
1766 2312 1875 2365 suis
1898 2310 2189 2372 delituisse,
2210 2317 2266 2363 et

699 2416 750 2467 in
783 2422 974 2466 terram
1018 2426 1075 2465 se
1103 2410 1386 2470 abdidisse,
1438 2421 1606 2476 neque
1646 2404 1881 2457 materiae
1912 2402 2135 2473 pretium
2162 2402 2264 2455 ali-

698 2502 821 2571 quid
865 2501 982 2569 opis
1027 2500 1268 2553 ειηιῐειτο
1313 2497 1545 2566 potuisse
1594 2494 1899 2547 imminente
1941 2491 2259 2545 calamitate.

700 2595 837 2649 ldola
867 2608 1023 2662 porro
1048 2591 1447 2661 vespertilioitcs
1477 2587 1699 2649 vocavit,
1729 2585 1841 2639 sive
1877 2584 1945 2637 ob
1989 2581 2265 2637 imbecilli-

699 2694 884 2749 tatem,
912 2684 1025 2737 sive
1052 2682 1121 2735 ob
1146 2679 1345 2735 erroris
1371 2678 1634 2737 tenebras,
1662 2684 1716 2729 et
1740 2675 1859 2744 quia
1888 2673 2063 2727 omnia
2091 2688 2120 2725 a
2149 2671 2260 2725 da:—

696 2775 938 2830 nmnihus
981 2774 1117 2827 clam
1163 2779 1436 2841 geruntur.
1484 2762 1937 2837 Quemadmodum
1982 2762 2123 2817 enim
2166 2774 2260 2815 ve.

694 2863 1084 2933 spei-tilionihus
1108 2861 1187 2915 sol
1215 2861 1455 2914 inimicus
1479 2866 1559 2910 est
1586 2862 1640 2909 et
1666 2855 1752 2908 lux
1780 2866 2008 2923 quoque,
2037 2865 2138 2904 nox
2164 2864 2262 2904 au-

697 2964 801 3007 tum
828 2963 881 3007 et
904 2952 1134 3006 tenebrze
1154 2950 1335 3003 amica:
1355 2956 1478 3001 sunt
1505 2964 1517 2999 :
1548 2946 1622 2999 sic
1659 2953 1712 2998 et
1744 2942 2092 3006 dzumonibus,
2120 2950 2170 2995 et
2197 2940 2263 2995 iis

695 3061 828 3115 quos
854 3046 903 3098 in
928 3056 1161 3097 errorem
1182 3039 1529 3099 deduxerunt,
1558 3034 1784 3104 nequitia
1812 3043 1865 3087 et
1891 3033 2061 3101 iniqua
2084 3031 2259 3083 omnia

696 3136 967 3193 fandliaria
997 3142 1118 3187 sunt
1142 3142 1195 3185 et
1218 3131 1408 3195 amica,
1440 3128 1604 3182 virtus
1634 3134 1809 3179 autem
1850 3134 1901 3177 ct
1940 3136 2099 3191 opera
2130 3120 2260 3174 lucis

697 3229 904 3283 inimica
932 3235 1075 3290 sunt,
1109 3225 1274 3294 iisque
1294 3219 1713 3292 Splendentibus,
1743 3218 1917 3271 statim
1946 3216 2017 3270 illi
2043 3216 2259 3270 obtenev

698 3322 936 3382 hrantur,
954 3332 1074 3371 cum
1095 3324 1278 3371 contra
1306 3314 1350 3367 is
1371 3312 1460 3382 qui
1481 3313 1673 3365 virtute
1692 3309 1945 3379 praeditus
1970 3308 2097 3361 vivit
2118 3308 2260 3361 nullo

697 3412 875 3469 labore
918 3409 999 3463 vel
1040 3407 1230 3462 sudore
1257 3412 1427 3474 egeat.
1463 3401 1671 3458 Suflicit
1704 3401 1844 3454 enim
1881 3410 1940 3453 ut
1984 3399 2068 3452 ille
2096 3413 2259 3467 appa-

696 3511 829 3562 reat,
859 3501 1137 3566 omniaque
1176 3497 1262 3550 illa
1301 3494 1677 3549 dissolvuntur.
1715 3490 1805 3545 22.
1842 3490 2090 3555 Quiescite
2125 3490 2259 3543 vobis

694 3593 756 3644 ab
782 3592 997 3651 homine.
1025 3591 1168 3660 cujus
1194 3599 1264 3642 est
1294 3586 1557 3656 respiratio
1582 3585 1633 3639 in
1658 3584 1859 3637 naribus
1882 3584 1990 3652 eius
2020 3599 2039 3635 :
2066 3583 2183 3649 quia
2208 3582 2259 3634 in

697 3699 795 3750 quo
820 3681 940 3749 ipsis
963 3689 1219 3749 reputatus
1243 3688 1313 3731 est
1336 3676 1414 3729 llic
1431 3677 1456 3729 ?
1484 3676 1577 3729 llic
1598 3676 1725 3729 mihi
1754 3674 1958 3728 videtur
1980 3672 2259 3728 Ezechiam

694 3770 1043 3831 snhindicare,
1074 3768 1159 3836 qui
1194 3782 1299 3835 prae
1326 3767 1515 3819 timore
1544 3774 1598 3819 et
1636 3778 1835 3833 angore
1872 3772 2136 3817 extremos
2163 3763 2257 3816 ha-

694 3864 820 3921 litus
845 3858 1072 3911 afflabat.
1111 3856 1240 3925 Quia
1271 3857 1425 3925 igitur
1466 3854 1670 3909 barbari
1707 3869 1826 3907 cum
1872 3853 2019 3922 quasi
2062 3853 2260 3907 retibus

695 3953 1040 4018 interceptum
1086 3948 1358 4012 habentes,
1410 3954 1643 4014 paratam
1672 3944 1771 3999 sibi
1803 3942 2031 4012 prardam
2080 3950 2259 3997 tenere

696 4043 965 4113 putabant,
993 4055 1160 4109 neque
1186 4038 1283 4091 sibi
1318 4038 1494 4091 labore
1524 4050 1657 4104 Opus
1686 4050 1803 4089 esse
1832 4034 1898 4088 ad
1943 4034 2124 4087 urbem
2166 4048 2258 4087 ea-

698 4134 960 4205 piendam,
1000 4141 1053 4185 et
1075 4146 1193 4184 eum
1221 4131 1481 4198 captivmn
1517 4126 1902 4190 abducendum,
1934 4126 2255 4179 contrarium

698 4223 933 4279 barbaris
956 4222 1162 4276 accidit.
1198 4220 1316 4273 Ideo
1344 4220 1437 4281 ait,
1479 4219 1726 4284 Quiescite
1761 4218 1821 4268 ab
1857 4217 2074 4281 homine,
2115 4218 2259 4285 cujus

695 4327 765 4373 cst
788 4314 1051 4383 respiratio
1074 4313 1124 4365 in
1152 4309 1356 4363 naribus
1385 4310 1493 4379 ejus
1520 4324 1537 4362 :
1562 4310 1678 4378 quia
1704 4309 1752 4359 in
1778 4323 1875 4377 quo
1902 4308 2021 4376 ipsis
2059 4317 2259 4377 reputa-

695 4417 774 4460 tus
823 4416 893 4459 est
933 4404 1051 4457 hic?
1087 4402 1139 4456 Id
1174 4411 1275 4465 cst,
1306 4401 1357 4455 in
1405 4400 1555 4453 nullo
1600 4406 1866 4466 reputabis
1914 4406 2011 4451 est.
2051 4397 2258 4451 Etenim

698 4499 845 4569 quasi
877 4513 968 4565 per
994 4495 1361 4551 excursionem
1389 4506 1446 4545 Se
1473 4490 1646 4543 omnia
1673 4489 1972 4541 sublaturos
1993 4502 2111 4542 esse
2135 4502 2264 4556 spe;

702 4586 921 4650 rabaut;
953 4584 1043 4637 sed
1071 4584 1394 4636 contrarium
1425 4594 1638 4648 prorsus
1667 4578 1895 4641 accidit;
1927 4586 1979 4630 et
2008 4576 2093 4642 qui
2121 4591 2150 4629 a
2174 4591 2262 4629 vo-

705 4680 785 4734 bis
815 4692 907 4746 pro
947 4676 1109 4731 nihilo
1140 4674 1475 4744 reputabatur
1501 4679 1910 4740 expugnatuque
1941 4669 2127 4733 facilis,
2168 4670 2261 4723 Dei

702 4770 899 4825 auxilio
926 4772 1106 4833 frctus,
1137 4766 1371 4819 omnium
1395 4762 1853 4831 splendidissimus
1878 4760 2168 4832 apparebit.

1314 4896 1538 4951 CAPUT
1576 4895 1662 4950 ΙΙΙ.

706 5021 751 5070 1.
788 5015 914 5068 Ecce
940 5012 1234 5065 Dominator
1265 5010 1509 5062 Dominus
1540 5008 1760 5061 Sabaoth
1784 5010 1972 5077 auferet
2002 5008 2263 5061 deludam

981 5114 1025 5155 et
1052 5103 1112 5154 de
1136 5100 1415 5154 Jerusalem
1436 5099 1652 5151 validum
1680 5108 1724 5149 et
1745 5097 1980 5150 validam.

777 5215 826 5269 l.
870 5211 1317 5278 Quemadmodum
1343 5210 1572 5279 optimus
1617 5208 1870 5273 medicus,
1903 5208 2060 5261 modo
2084 5223 2261 5274 urens,

711 5305 868 5359 modo
892 5318 1095 5367 secans,
1125 5302 1279 5355 modo
1308 5316 1481 5353 amara
1527 5298 1753 5352 ail‘erens
1775 5298 2025 5358 remedia,
2050 5306 2265 5366 mgroto-

709 5412 824 5450 rum
876 5395 1081 5447 sanitati
1130 5400 1241 5447 arte
1272 5391 1653 5461 pmSpicit;sic
1699 5401 1749 5441 et
1802 5390 2055 5457 benignus
2103 5390 2262 5453 Deus,

712 5488 871 5543 variis
901 5493 953 5538 et
976 5484 1195 5537 diversis
1216 5482 1501 5551 suppliciis,
1532 5481 1671 5550 quod
1694 5480 1966 5534 difﬂuebat
1987 5490 2039 5533 et
2061 5480 2261 5547 lapsum

708 5584 821 5627 erat
842 5574 980 5641 apud
1028 5574 1236 5629 Judazos
1272 5576 1655 5643 censtriugens,
1718 5572 1874 5625 modo
1924 5572 2266 5625 barbarorum

712 5664 1006 5720 incursione
1054 5667 1283 5733 ingratos
1345 5665 1625 5729 terrefacit,
1675 5664 1833 5720 modo
1882 5674 2004 5717 ante
2059 5664 2266 5718 illorum

718 5756 1033 5813 invasiouem
1057 5758 1169 5815 aliis
1200 5757 1318 5814 illos
1345 5759 1854 5813 interminationilms
1883 5758 2138 5825 reprimit.
2164 5758 2265 5810 mi-

2383 518 2571 558 narum
2596 505 2850 562 varietate
2880 509 3175 565 imminenti
3224 510 3504 569 formidine
3528 515 3785 572 continuo
3832 533 3945 589 pcr-

2380 597 2604 652 ccllens.
2631 599 2780 655 Nunc
2809 600 2988 671 itaque
3016 604 3376 660 intirmitatem
3404 606 3531 674 ipsis
3553 608 3941 680 interminatus,

2379 695 2434 741 et
2459 686 2649 743 famem
2670 698 2724 744 et
2745 690 3060 756 siccitatem,
3094 709 3200 748 non
3243 695 3457 763 quidem
3475 712 3653 753 rerum
3701 716 3939 756 necessa-

2378 779 2598 843 riarum,
2632 780 2726 835 sed
2751 796 2932 835 earum
2961 797 3081 852 quae
3119 798 3223 838 non
3254 784 3426 840 minus
3450 796 3586 857 aptae
3608 797 3732 843 sunt
3766 790 3831 844 ad
3875 792 3940 844 vi-

2380 879 2484 923 tam
2536 871 2978 927 conservandam.
3008 871 3125 927 Non
3158 875 3298 928 enim
3348 874 3512 931 fames
3553 878 3724 932 solum
3779 882 3943 948 gravis

2375 966 2478 1039 est,
2501 960 2594 1014 sed
2614 975 2774 1031 grave
2798 962 2955 1016 etiam
2981 972 3064 1017 est
3089 978 3211 1018 cum
3230 964 3405 1018 nullus
3432 965 3582 1021 adest
3599 968 3690 1037 qui
3737 984 3943 1034 rempu-

2374 1047 2565 1103 blicam
2590 1051 2949 1115 administret;
2981 1052 3031 1106 id
3057 1053 3196 1122 quod
3226 1070 3403 1108 rerum
3422 1056 3627 1124 capiam
3658 1056 3794 1111 fame
3834 1073 3940 1111 mo.

2374 1136 2643 1196 lestiorem
2671 1143 2895 1198 reddere
2920 1144 3075 1197 solet.
3106 1145 3242 1210 Quid
3272 1146 3413 1200 enim
3442 1147 3681 1201 utilitatis
3701 1157 3781 1203 est
3829 1164 3937 1203 ctnn

2372 1249 2470 1289 ceu
2491 1250 2554 1289 ex
2581 1234 2811 1289 fontibus
2829 1237 3006 1290 omnia
3032 1236 3205 1291 fluunt
3225 1279 3239 1301 ,
3261 1238 3305 1292 si
3333 1239 3505 1292 civilia
3528 1238 3665 1293 bella
3685 1242 3941 1303 oriantur,

2372 1333 2424 1378 et
2452 1338 2596 1378 mare
2623 1325 2954 1389 intumescat,
2989 1327 3477 1395 insanientibusque
3504 1328 3748 1383 fluctibus
3774 1345 3941 1398 neque

2370 1416 2709 1485 gubernator,
2740 1432 2912 1486 neque
2972 1417 3038 1471 ad
3082 1434 3291 1487 proram
3331 1420 3541 1486 sedens,
3597 1437 3768 1491 neque
3808 1424 3940 1475 alius

2371 1508 2632 1576 quispiam
2680 1506 2816 1561 adsit
2862 1508 2950 1576 qui
2992 1508 3161 1577 possit
3204 1510 3531 1578 negotiorum
3580 1521 3943 1579 tempestatem

2371 1594 2620 1664 dirigere,
2640 1604 2695 1650 et
2748 1597 3178 1665 tranquillitatem
3208 1598 3536 1654 conciliare?
3570 1599 3790 1667 Quando
3843 1614 3938 1653 au-

2372 1695 2475 1740 tem
2506 1700 2627 1740 cum
2658 1684 2740 1739 his
2780 1686 2943 1740 fames
2989 1688 3149 1741 etiam
3195 1688 3384 1752 adest,
3429 1690 3597 1758 cogita
3645 1701 3836 1759 quanta
3880 1691 3945 1743 sit

2369 1777 2627 1830 malorum
2648 1774 2836 1831 moles.
2877 1777 2999 1830 Haec
3020 1779 3192 1846 itaque
3206 1782 3379 1832 omnia
3402 1780 3755 1832 comminatur
3774 1781 3937 1833 Dens:

2369 1867 2702 1935 primumque
2726 1875 2809 1921 est
2827 1866 3061 1921 omnium
3088 1869 3482 1935 gravissimum.
3510 1852 3641 1923 Ecce
3668 1871 3831 1935 enim,
3865 1871 3943 1924 in-

2368 1959 2500 2026 quit,
2555 1956 2851 2010 Dominator
2880 1955 3123 2010 Dominus
3169 1958 3413 2011 Sabaoth.
3448 1957 3554 2011 Hac
3599 1973 3745 2024 voce,
3795 1958 3939 2023 Ecce,

2367 2063 2509 2116 sarpe
2535 2049 2801 2116 prephctzu
2826 2057 3060 2105 utuntur,
3092 2048 3305 2117 quando
3333 2047 3629 2102 auditorem
3659 2049 3726 2102 de
3777 2049 3933 2101 rebus

2367 2154 2484 2207 qua:
2509 2138 2711 2200 dicunt,
2742 2139 3024 2192 certiorem
3046 2137 3217 2192 facere
3232 2138 3435 2191 volunt.
3465 2136 3578 2191 Non
3606 2138 3692 2192 hic
3713 2146 3937 2199 tantum,

2367 2232 2457 2285 sed
2484 2232 2641 2284 etiam
2683 2230 2926 2299 superius
2950 2239 3005 2281 et
3028 2245 3056 2281 a
3089 2229 3344 2298 principio
3373 2229 3550 2282 videre
3581 2238 3682 2292 est,
3725 2240 3935 2297 peccata

2367 2337 2678 2390 corpoream
2732 2322 3089 2375 infirmitatem
3144 2336 3286 2389 saepe
3349 2320 3703 2390 praecessisse,
3777 2329 3834 2374 ut
3890 2321 3938 2373 in

2368 2412 2497 2466 Cain
2532 2430 2545 2466 :
2576 2412 2697 2481 quia
2722 2411 2860 2466 enim
2885 2411 3077 2464 robore
3102 2410 3338 2477 corporis
3368 2424 3471 2463 non
3498 2418 3644 2464 recte
3672 2425 3798 2463 usus
3838 2417 3938 2473 cst,

2361 2500 2479 2569 jure
2504 2502 2554 2554 in
2588 2501 2869 2570 paralysim
2923 2499 3125 2553 incidit.
3154 2500 3243 2554 Sic
3265 2500 3422 2553 etiam
3447 2502 3495 2553 ei
3532 2500 3619 2567 qui
3665 2500 3732 2552 ad
3784 2502 3935 2570 pisci-

2366 2607 2487 2645 nam
2514 2592 2770 2646 sedebat:
2795 2592 2915 2659 quia
2956 2590 3211 2661 paralysis
3239 2592 3388 2659 origo
3420 2600 3629 2657 peccata
3660 2600 3829 2653 erant,
3870 2591 3939 2643 ait

2364 2684 2606 2738 Christus
2633 2702 2646 2738 :
2677 2682 2809 2736 Ecce
2830 2698 2983 2736 sanus
3008 2686 3173 2751 factus
3213 2698 3283 2745 es,
3336 2683 3441 2735 noli
3486 2683 3703 2751 amplius
3734 2699 3936 2750 peccare

2365 2774 2556 2843 (Joan.
2582 2775 2635 2828 5.
2665 2775 2728 2827 14
2752 2772 2789 2844 ).
2818 2773 3009 2827 Paulus
3028 2787 3236 2843 quoque
3261 2773 3369 2829 ait:
3398 2772 3524 2825 Ideo
3541 2772 3677 2842 apud
3696 2788 3779 2825 vos
3802 2773 3936 2825 mul-

2365 2867 2400 2918 ti
2422 2867 2608 2932 inﬁrmi
2630 2865 2716 2935 (1.
2751 2865 2869 2920 Cor.
2900 2864 2984 2919 Il.
3012 2865 3084 2918 30
3108 2864 3149 2933 );
3169 2866 3289 2933 quia
3320 2863 3627 2934 peccabant,
3648 2864 3787 2932 quod
3828 2879 3929 2915 non

2364 2972 2493 3026 pura
2523 2956 2843 3009 conscientia
2874 2955 3245 3027 mysteriorum
3275 2953 3556 3021 participes
3578 2961 3771 3005 essent.
3806 2951 3935 3005 For—

2363 3048 2620 3101 niearium
2650 3061 2859 3117 quoque
2904 3045 3194 3099 infirmitati
3245 3044 3483 3113 corporis
3513 3044 3707 3109 tradit,
3736 3044 3830 3097 has
3873 3044 3937 3097 de

2362 3140 2594 3208 peccatis
2641 3152 2822 3206 ptenas
2867 3144 3136 3206 repetens.
3163 3133 3343 3204 Neque
3362 3142 3534 3189 tamen
3560 3149 3768 3203 semper
3788 3133 3937 3187 inllr-

2363 3231 2519 3284 mitas
2553 3240 2635 3284 est
2680 3238 3010 3299 peccatorum
3058 3228 3222 3291 ultio,
3264 3226 3360 3281 sed
3408 3226 3688 3296 aliquando
3725 3240 3938 3280 corona!

2366 3321 2583 3375 materia
2601 3330 2701 3384 est,
2737 3328 2793 3373 ut
2836 3320 2887 3372 in
2918 3319 3121 3373 Lazaro
3170 3317 3302 3372 etin
3335 3315 3489 3370 Jobo.
3561 3315 3667 3370 Nec
3712 3314 3935 3369 infirmi-

2364 3421 2498 3466 tates
2526 3420 2747 3475 tantum,
2778 3408 2870 3463 sed
2897 3420 2951 3463 et
2976 3409 3080 3463 alia
3109 3408 3348 3476 corporis
3392 3404 3722 3460 incommoda
3748 3419 3779 3458 a
3812 3419 3938 3473 pec-

2362 3504 2493 3555 catis
2542 3508 2660 3554 orta
2708 3512 2851 3563 sunt,
2878 3508 2936 3553 ut
2964 3497 3105 3553 Ozias
3152 3498 3317 3565 lepra,
3366 3496 3436 3550 ob
3471 3496 3633 3550 animi
3660 3493 3933 3564 impuden-

2366 3594 2489 3648 tiam
2511 3632 2527 3657 ,
2560 3600 2618 3645 ut
2646 3589 2945 3645 Jcroboami
2975 3589 3114 3657 regis
3142 3601 3327 3640 manus
3351 3584 3647 3639 ariditatem
3686 3594 3933 3654 perpessa

2362 3695 2482 3753 est,
2536 3685 2606 3739 ob
2674 3685 3024 3753 arrogantiam
3072 3689 3127 3735 et
3187 3677 3489 3747 superbiam
3549 3676 3685 3744 ejus.
3736 3674 3949 3745 Linguis

2363 3792 2573 3848 quoque
2624 3774 2893 3829 Zacharias
2939 3787 3044 3826 non
3095 3768 3308 3823 aliunde
3335 3768 3491 3837 ligata
3515 3775 3598 3822 est
3614 3767 3653 3832 ί,
3682 3780 3839 3835 quam
3870 3765 3937 3821 ob

2361 3872 2551 3924 anima:
2599 3876 2890 3937 peccatum.
2935 3864 3191 3930 Quoniam
3224 3861 3379 3930 igitur
3411 3858 3608 3914 Judzeis
3635 3858 3768 3912 b0na
3792 3856 3934 3910 vale-

2363 3960 2490 4016 tudo
2541 3969 2595 4013 et
2638 3958 2802 4012 robur
2854 3955 3114 4024 corporis,
3168 3966 3361 4020 resque
3414 3963 3721 4019 prosperze,
3788 3961 3937 4001 arro-

2361 4054 2551 4123 gantia:
2601 4051 2810 4104 occasio
2855 4046 3085 4110 fuerant,
3130 4043 3442 4113 arrogantia:
3466 4040 3698 4095 radicem
3730 4039 3937 4092 subtra-

2364 4149 2439 4198 xit
2492 4146 2662 4207 Deus,
2713 4137 3193 4195 commouefacieus
3254 4136 3371 4189 illos
3423 4142 3478 4186 et
3524 4132 3589 4187 ad
3657 4131 3930 4185 meliorem

2364 4236 2562 4303 frugem
2590 4232 2868 4294 reducens,
2889 4229 3196 4298 majoraqne
3222 4226 3373 4289 dans,
3404 4236 3558 4292 quam
3611 4220 3739 4291 ipsis
3783 4218 3933 4274 aufe‘

2362 4326 2528 4379 rebat.
2553 4322 2687 4388 Quid
2723 4322 2863 4375 enim
2908 4315 3216 4373 detrimenti
3246 4321 3360 4369 erat
3385 4325 3607 4381 corpore
3649 4320 3926 4379 aegrotare,

2363 4415 2407 4467 si
2436 4413 2558 4465 hinc
2585 4410 2949 4463 institueretur
3002 4404 3218 4458 anima?
3252 4404 3446 4456 Deinde
3476 4415 3541 4454 ne
3586 4404 3829 4469 putarent
3874 4396 3925 4449 id

2363 4520 2427 4557 ex
2451 4512 2655 4556 natura:
2684 4498 2988 4553 inﬁrmitate
3018 4495 3328 4565 procedere,
3358 4493 3407 4546 id
3448 4500 3755 4546 eventurum
3807 4501 3933 4555 pro-

2366 4595 2520 4663 pheta
2554 4590 2815 4660 pracdixit,
2859 4602 3032 4655 neque
3081 4587 3222 4639 viros
3261 4592 3460 4638 tantum
3512 4581 3669 4636 minis
3721 4579 3933 4643 terruit,

2366 4684 2457 4738 sed
2486 4697 2691 4751 pinnam
2722 4679 3035 4733 mulieribus
3063 4689 3269 4744 quoque
3297 4671 3603 4735 transmisit,
3635 4671 3753 4740 quia
3792 4678 3935 4723 uter-

2362 4788 2467 4842 que
2498 4786 2654 4826 sexus
2681 4778 2958 4837 corruptus
2995 4774 3127 4830 erat,
3158 4774 3212 4818 et
3241 4764 3291 4816 in
3346 4774 3623 4830 progressu
3675 4760 3739 4813 ad
3792 4758 3935 4827 ipsas

2366 4866 2614 4918 mulieres
2641 4875 2938 4916 sermonem
2964 4858 3161 4927 dirigit,
3188 4864 3261 4919 et,
3288 4855 3355 4906 ob
3379 4852 3604 4907 absurda
3646 4850 3929 4905 admodum

2366 4965 2529 5025 gesta,
2560 4953 2778 5008 crimina
2808 4951 2934 5019 ipsis
2956 4948 3127 5012 oll‘ert,
3156 4961 3273 5017 quae
3301 4944 3481 5001 urbem
3504 4948 3669 5017 ipsam
3689 4957 3717 4997 a
3738 4940 3933 4997 funda-

2369 5047 2557 5101 mentis
2606 5044 2900 5097 diruerunt.
2936 5038 3057 5093 Ideo
3086 5036 3201 5091 illas
3244 5035 3535 5104 pestilentia
3571 5031 3794 5100 affligit:
3845 5044 3930 5099 pe-

2369 5136 2652 5190 stilentiam
2679 5132 2819 5186 enim
2862 5128 2991 5183 mihi
3021 5125 3353 5181 subindicare
3382 5124 3584 5177 videtur
3607 5135 3726 5175 cum
3766 5120 3930 5175 dicit:

2369 5226 2606 5293 Auratum
2630 5221 2883 5274 robustum
2908 5226 2952 5271 et
2972 5217 3258 5279 robustam;
3285 5214 3365 5269 vel
3414 5212 3572 5265 alium
3620 5224 3930 5278 corporeum

2371 5314 2611 5368 morbum
2640 5311 2961 5363 medicorum
2986 5308 3083 5359 arti
3127 5321 3231 5359 non
3260 5302 3554 5357 cedentem.
3587 5299 3742 5352 Tales
3788 5300 3933 5351 enim

2370 5414 2492 5459 sunt
2542 5402 2631 5456 Dei
2665 5402 2845 5469 plagm.
2881 5397 3051 5450 Robur
3077 5397 3221 5463 panis
3257 5402 3301 5445 et
3338 5391 3489 5445 robur
3510 5403 3673 5457 aqum.
3717 5387 3932 5440 Gravis-

2372 5496 2503 5550 sima
2547 5494 2659 5545 hmc
2698 5489 2926 5543 vindicta
2954 5497 3054 5552 est,
3081 5484 3293 5555 quando
3326 5498 3428 5535 non
3461 5482 3623 5550 ipsam
3651 5478 3780 5531 tollit
3807 5474 3932 5529 sub-

2372 5589 2637 5649 stantiam,
2669 5582 2760 5636 sed
2783 5580 2884 5634 vim
2915 5595 2977 5633 ex
3003 5594 3063 5633 ea
3095 5578 3266 5631 aufert
3296 5575 3544 5635 innatam,
3575 5570 3643 5624 ita
3675 5579 3731 5625 ut
3754 5567 3837 5624 vel
3862 5581 3925 5619 ex

2430 5766 2444 5793 ¹
2472 5761 2616 5809 Juxta
2642 5757 2766 5817 Reg.
2792 5759 2842 5802 et
2862 5755 2973 5802 Sav.
3000 5750 3198 5814 legitur,
3225 5748 3389 5797 edocta
3424 5748 3510 5799 est,
3540 5755 3643 5805 pro,
3669 5738 3813 5800 ligata
3833 5742 3917 5784 est.
