4056 6502
402 414 472 470 41
1234 407 1289 463 5.
1327 404 1611 461 JOANNIS
1647 402 2134 462 CIIRYSOSTOMI
2174 402 2487 461 ARCIIIEP.
2528 403 3067 461 CONSTANTINUP.
3756 389 3838 443 42

416 521 701 593 ἰσχύοντα
758 520 855 573 καὶ
892 519 1253 588 Ισχύουσαν’
1286 520 1320 590 ἢ
1354 520 1519 589 ἀλλην
1582 520 1701 572 τινὰ
1758 518 2075 590 σωματικὴν
2184 517 2304 585 ρίας
2332 518 2596 570 εὐκολίαν.
2646 519 2779 570 ’Λλλ“
2825 518 3010 588 ἐπειδὴ
3064 517 3416 587 μανθάνοντες
3448 519 3544 571 οὐκ
3594 519 3836 575 ἐποίουν,

412 606 710 669 ἀσθένειαν,
739 606 855 658 οὐδὲ
891 605 1086 675 ίατρῶν
1122 605 1371 658 εἴκουσαν
1397 606 1633 675 τέχναις.
1674 604 1933 658 Τοιαῦται
1966 605 2073 675 7&9

412 696 468 746 αἰ
497 693 591 746 τοῦ
620 692 751 745 Θεοῦ
792 692 1228 762 πληγαί.’1σχὺν
1260 692 1442 761 ἄρτου
1480 694 1579 747 καὶ
1621 692 1805 761 ἰσχὺν
1831 692 2069 757 ὓδατος.

414 778 783 848 Χαλεπωτάτη
808 780 839 848 ἡ
881 778 1135 848 τιμωρία,
1172 779 1297 831 ὅταν
1334 776 1409 847 μὴ
1436 778 1604 846 αὐτὴν
1629 777 1825 847 ἀναιρῇ
1855 778 1955 847 τὴν
1985 777 2073 829 οὑ-

417 866 556 930 σίαν,
586 864 717 920 ἀλλά
741 865 837 935 τήν
862 865 921 930 ἐξ
945 865 1111 933 αὐτῆς
1144 865 1496 935 ἐγγινομένην
1527 863 1776 933 δύναμιν,
1806 865 1948 918 ὥστε
1980 864 2073 916 καὶ

416 954 479 1020 τῇ
507 950 625 1019 ὄψει
656 950 974 1014 κολάζεσθαι
1020 949 1286 1019 μηδέποτε
1327 948 1793 1019 ἐμπιπλαμένους,
1833 949 1927 1000 καὶ
1974 948 2072 1000 αύ-

415 1037 565 1090 τόθεν
613 1038 860 1107 συνορᾷν,
907 1038 987 1089 ὅτι
1039 1036 1291 1107 θεήλατος
1335 1030 1401 1105 ἦν
1452 1034 1612 1105 ὀργή.
1666 1033 1930 1104 Γίγαντα
1973 1034 2070 1085 καί

414 1124 720 1192 ἰσχύοντα.
768 1124 1004 1191 Γίγαντα
1046 1124 1131 1176 ἀεὶ
1173 1124 1207 1192 ἡ
1246 1121 1433 1192 Γραφὴ
1476 1122 1567 1174 τὸν
1623 1121 1843 1192 ἰσχυρὸν
1890 1120 2068 1188 λέγειν

415 1210 619 1274 εἴωθεν,
659 1213 692 1281 ἢ
723 1211 812 1263 τὸν
855 1210 1182 1280 ὑπερέχοντα
1223 1209 1329 1261 τῶν
1369 1207 1577 1261 πολλῶν
1625 1210 1691 1277 τῇ
1740 1206 1847 1261 τῶν
1890 1205 2070 1276 μελῶν

414 1298 691 1368 ἀναλογίᾳ.
717 1298 824 1350 Καὶ
849 1298 955 1366 γάρ
984 1298 1040 1348 ἐν
1068 1299 1133 1365 τῇ
1164 1295 1339 1348 κτίσει
1364 1296 1492 1348 ὅταν
1518 1294 1673 1366 λέγῃ,
1704 1290 1879 1350 Οὗτοι
1911 1290 2071 1363 ἦσαν

412 1387 467 1437 οἰ
503 1385 792 1453 γίγαντες,
821 1385 873 1435 οί
913 1383 1205 1449 ἂνθρωποι
1237 1383 1290 1435 οἰ
1324 1380 1675 1450 ὀνομαστοί,
1710 1380 1811 1433 ούκ
1848 1380 1975 1434 ἄλλο
2017 1396 2068 1429 τι

414 1472 565 1539 γένος
616 1469 936 1539 γεγενῆσθαι
989 1468 1317 1539 διηγουμένη
1364 1466 1536 1521 ταῦτά
1584 1483 1768 1536 φησιν,
1800 1465 1936 1519 ἀλλά
1977 1466 2071 1518 καὶ

412 1559 537 1620 τοὺς
579 1556 827 1625 ἰσχυροὺς
879 1554 971 1607 καὶ
1020 1552 1374 1623 εὐρώστουςλ
1414 1553 1506 1605 καὶ
1556 1551 1899 1621 σφριγῶντας
1940 1550 2071 1619 ἡμῖν

413 1644 720 1697 αἰνίττεται.
753 1642 861 1695 Καὶ
888 1641 1197 1707 ἄνθρωπον
1224 1637 1597 1705 πολεμιστὴν
1628 1637 1726 1691 καί
1752 1634 2067 1700 δικαστήν.

426 1729 718 1799 ’Λφόρητος
750 1728 781 1797 ή
815 1726 1072 1796 τιμωρία,
1109 1726 1203 1777 καί.
1236 1724 1466 1793 ἐσχάτης
1496 1721 1769 1785 ἀπωλείας
1799 1719 2070 1783 ἀπόδειξις

413 1816 482 1868 τά
510 1813 793 1883 εἰρημένα,
826 1813 938 1876 καὶ,
964 1811 1069 1864 τῶν
1099 1810 1291 1880 τειχῶν
1315 1809 1557 1862 ἑστώτων
1580 1808 1672 1862 καὶ
1690 1807 1797 1860 τῶν
1822 1807 2068 1876 πύργων,

411 1896 700 1966 αὔτανδρον
732 1898 842 1958 τοῖς
875 1893 1148 1963 πολεμίοις
1180 1890 1295 1970 τὴν.
1316 1890 1465 1943 πόλιν
1503 1888 1850 1959 παραδιδόναι
1869 1886 2068 1939 δύναιτ’

412 1984 498 2038 ἄν.
538 1982 826 2051 ’Λσφάλεια
868 1980 974 2050 7&9
1018 1978 1224 2032 πόλεων
1255 1977 1355 2030 οὐκ
1381 1977 1439 2029 ἐν
1467 1976 1632 2038 λίθοις
1660 1975 1753 2028 καὶ
1772 1974 1948 2040 ξύλοις
1979 1973 2071 2025 καὶ

412 2070 737 2142 περιϐόλοις,
770 2066 882 2120 ἀλλ’
924 2067 981 2119 ἐν
1013 2067 1079 2135 τῇ
1117 2063 1328 2117 συνέσει
1368 2061 1478 2114 τῶν
1520 2063 1620 2131 τὴν
1662 2061 1813 2113 πόλιν
1855 2059 2066 2112 οἰκούν-

413 2175 538 2221 των,
566 2157 615 2211 οἶ
642 2157 804 2226 ἡνίκα
841 2154 937 2224 μὲν
965 2152 1030 2207 ἂν
1061 2147 1183 2215 ὦσι,
1215 2151 1311 2203 καὶ
1355 2148 1627 2218 πολεμίων
1667 2148 1856 2209 ὄντων,
1890 2147 2067 2214 ἀσφα-

412 2244 656 2312 λέστερον
678 2241 929 2294 ἀπάντων
955 2238 1121 2307 αὐτὴν
1141 2235 1463 2305 τειχίζουσιν
1478 2249 1489 2261 '
1515 2234 1674 2312 ήνίκα
1693 2232 1750 2284 δὲ
1776 2231 2065 2312 ἂν-ἀπῶσ-ι,

411 2322 504 2375 καὶ
547 2309 769 2390 μηδενὸς
796 2315 1155 2386 ἐνοχλοῦντος,
1183 2316 1279 2383 τῆς
1309 2310 1766 2381 πολιορκουμένης
1806 2309 2063 2362 ἀθλιωτέ-

414 2422 512 2478 ραν
538 2407 706 2476 αὐτὴν
732 2403 1135 2472 ἀποφαίνουσιν.

481 2494 544 2563 β’.
582 2494 741 2543 Ὥστε
788 2488 1064 2550 κάκείνους
1102 2484 1348 2546 καὶτοὺς
1390 2482 1680 2543 ἀκούοντας
1728 2482 1970 2542 ἅπαντας
2000 2481 2062 2532 ού

413 2574 604 2645 μικρὸν
634 2571 942 2641 φιλοσοφίας
979 2569 1153 2638 δόγμα
1181 2566 1265 2619 διά
1298 2564 1497 2617 τούτων
1528 2566 1556 2617 6
1587 2564 1872 2633 προφήτης
1904 2563 2062 2614 ἐπαί-

406 2660 581 2725 δευσε,
615 2658 815 2711 πείθων
852 2654 1118 2725 μηδέποτε
1160 2651 1375 2722 μεγέθει
1401 2650 1608 2712 πόλεως
1646 2648 1889 2719 θαρρεῖν,
1928 2647 2062 2718 μηδέ

408 2747 630 2815 τάφροις
658 2744 753 2797 καὶ
784 2742 1185 2812 μηχανήμασιν,
1212 2738 1323 2789 ἀλλ’
1350 2736 1558 2807 ἀνδρῶν
1581 2734 1838 2788 ἐπιεικῶν
1869 2735 2060 2803 ἀρετῇ.

406 2832 587 2884 Φοϐῶν
624 2830 795 2882 τοίνυν
822 2825 1014 2888 αὐτούς
1040 2841 1221 2893 φησιν,
1245 2825 1324 2875 ὅτι
1351 2821 1627 2891 ἐρημώσει
1648 2820 1745 2889 τῆς
1769 2819 2063 2888 ἀσφαλείας

407 2918 591 2989 αὐτὴν,
618 2916 676 2969 ού
704 2915 827 2977 τοὺς
854 2913 1105 2981 πολεμεῖν
1135 2909 1336 2972 εἰδότας
1362 2907 1689 2977 ἀναρπάξων
1718 2905 1897 2975 μόνον,
1928 2904 2064 2958 ἀλλά

408 3005 502 3059 καὶ
532 3004 655 3064 τοὺς
702 2999 936 3063 δικάζειν
970 2995 1394 3065 ἐπισταμένους,
1436 2994 1486 3046 οἳ
1533 2992 1640 3044 τῶν
1684 2990 2063 3061 πολεμούντων

406 3091 504 3143 οὐκ
535 3088 750 3140 ἔλαττον
780 3082 1085 3137 συντελοῦσι
1114 3083 1231 3142 ταῖς
1260 3080 1495 3141 πόλεσιν,
1529 3079 1750 3148 εἰρήνην
1777 3093 1837 3129 τε
1871 3071 1930 3130 εὖ
1959 3077 2065 3129 δια-

408 3175 664 3237 τιθέντες,
704 3172 798 3225 καὶ
837 3170 1100 3239 πολέμους
1128 3167 1156 3206 δ
1184 3166 1437 3228 πολλάκις
1482 3164 1729 3227 ἐπιόντας
1765 3164 2064 3234 ἀποκρουό-

412 3278 580 3331 μενοι.
616 3256 829 3327 Ἐπειδὴ
873 3255 981 3326 γάρ
1021 3247 1164 3306 οῦτοι
1194 3250 1429 3320 συνεχῶς
1459 3250 1565 3303 ἀπὸ
1610 3250 1706 3320 τῆς
1746 3247 1853 3302 τῶν
1886 3250 2065 3320 ἀμαρ-

406 3348 662 3418 τημάτων
702 3343 922 3413 φύονται
958 3340 1013 3412 [3
1027 3340 1072 3411 ί]
1113 3340 1290 3411 ῥίζης,
1329 3338 1548 3389 δυνατὸν
1583 3338 1709 3399 τοὺς
1745 3337 1853 3390 τῶν
1887 3336 2064 3404 νόμων

410 3434 682 3503 φύλακας,
728 3430 820 3483 καὶ
862 3428 955 3481 τοῦ
987 3427 1190 3508 δικαίου
1228 3426 1363 3494 μετά
1397 3423 1681 3492 ἀκριϐείας
1729 3421 2062 3491 προϊσταμέ-

411 3538 552 3582 νους,
579 3520 645 3571 τὰ
670 3517 885 3569 πλείονα
908 3513 1013 3566 τῶν
1038 3507 1442 3581 ἁμαρτημάτων
1468 3507 1882 3569 ἀναστέλλοντας
1913 3508 2064 3560 ἀναι-

412 3609 525 3678 ρεῖν
555 3605 645 3657 καὶ
675 3602 767 3655 τοῦ
799 3600 1033 3668 πολέμου
1067 3596 1165 3667 τὴν
1205 3595 1479 3649 ὑπόθεσιν.
1511 3594 1666 3654 Τίνος
1697 3587 1789 3645 οὖν
1822 3592 2006 3644 ἕνεκεν
2036 3594 2064 3644 6

408 3693 539 3755 Θεὸς
571 3690 765 3751 αὐτοὺς
804 3687 1055 3755 ἀνασπᾷ;
1091 3682 1304 3753 Ἐπειδὴ
1337 3679 1595 3750 παροῦσιν
1627 3679 1809 3739 αὐτοῖς
1841 3678 1941 3729 οὑκ
1985 3680 2063 3742 εἰς

408 3779 525 3833 δέον
573 3775 885 3844 ἐκέχρηντο.
914 3772 1123 3841 Ὠσπερ
1169 3770 1276 3839 γάρ
1322 3768 1391 3820 τά
1427 3767 1667 3836 σωτήρια
1720 3763 1883 3816 αὑτοῦ
1916 3761 2062 3818 διδά-

409 3880 594 3934 γματα
623 3860 820 3929 πολλὴν
849 3858 1039 3928 ἔφερον
1089 3858 1198 3919 τοῖς
1237 3852 1604 3922 ἀκροωμένοις
1650 3850 1747 3919 τὴν
1776 3850 2061 3917 ὠφέλειαν,

408 3952 499 4005 ἐπὶ
534 3950 591 4001 δὲ
628 3947 733 4000 τῶν
770 3944 1030 3998 Ἰουδαίων
1077 3940 1420 4011 δημηγορῶν,
1464 3936 1705 4006 ἀσαφείᾳ
1727 3946 1749 3974 ο
1798 3936 1866 3989 τά
1905 3936 2062 4003 λεγό-

412 4052 545 4106 μενα
579 4032 865 4101 ἔκρυπτεν,
908 4026 1093 4096 ἐπειδὴ
1142 4027 1215 4095 μὴ
1248 4026 1531 4095 προσεῖχον
1568 4020 2021 4106 τοῖςῌλεγομένοις
2043 4036 2057 4050 ο

408 4104 548 4174 οῦτω
572 4120 634 4189 δὴ
670 4119 763 4170 καὶ
789 4116 857 4167 τά
888 4114 1033 4182 δῶρα
1064 4111 1235 4171 ,αὐτοῦ
1274 4110 1342 4162 τά
1375 4107 1583 4179 μεγάλα
1608 4104 1801 4169 ταῦτα,
1832 4106 1925 4158 καὶ
1959 4122 2062 4157 σω-

407 4207 597 4278 τηρίαν
625 4204 754 4272 ήμῖν
784 4199 978 4267 πολλὴν
1007 4196 1316 4266 κομίζοντα,
1346 4196 1411 4246 ἐκ
1443 4194 1607 4262 μέσου
1642 4192 1895 4278 πολλάκις
1922 4193 2066 4278 ἀναιο

410 4277 519 4364 ρεῖ,
560 4292 685 4343 ὅταν
717 4289 763 4340 οί
804 4284 1169 4355 λαμϐάνοντες
1211 4281 1373 4351 μηδὲν
1415 4280 1508 4331 ἀπ’
1543 4278 1721 4331 αὐτῶν
1763 4277 2063 4347 βουληθῶσι

407 4373 819 4449 καρπώσασθαι.
860 4370 967 4425 Καὶ
995 4367 1306 4436 προφήτην
1332 4365 1432 4418 καί
1462 4364 1829 4432 στοχαστήν.
1864 4364 1937 4417 Οὐ
1971 4380 2059 4433 μιο

408 4465 535 4534 κρδν
572 4463 629 4516 δὲ
659 4460 825 4531 ὀργῆς
862 4452 999 4517 εἶδος
1040 4456 1134 4508 καὶ
1173 4453 1233 4506 τὸ
1265 4452 1363 4515 τὰς
1402 4450 1732 4521 προφητείας
1774 4449 2058 4503 ἐπιλιπεῖν.

409 4552 538 4602 Ὅτε
572 4546 701 4615 γοῦν
730 4546 820 4597 τὸν
849 4544 955 4595 τῶν
988 4540 1255 4594 Ἰουδαίων
1279 4538 1447 4607 δῆμον
1475 4537 1564 4589 διὰ
1591 4535 1656 4587 τά
1691 4536 2062 4604 ἁμαρτήματα

406 4636 512 4687 τῶν
538 4633 631 4685 τοῦ
668 4630 782 4683 Ἦλὶ
809 4629 1012 4681 παίδων
1033 4630 1058 4681 ό
1082 4626 1211 4688 Θεὸς
1238 4624 1578 4692 ἀπεστράφη,
1610 4622 1699 4673 καὶ
1730 4623 1827 4691 τήν
1856 4621 2057 4689 πολλὴν

405 4721 499 4773 τοῦ
528 4718 759 4788 πλήθους
785 4716 1001 4778 κακίαν,
1029 4713 1281 4765 ἐπέλιπεν
1312 4713 1344 4780 ή
1378 4709 1711 4779 προφητεία’
1746 4706 1925 4775 Ῥῆμα
1953 4708 2059 4775 γάρ

408 4810 618 4876 (Quor,
650 4806 831 4873 φησιν,
859 4798 955 4869 ἦν,
983 4800 1076 4851 καὶ
1104 4801 1213 4851 οὐκ
1240 4793 1317 4866 ἦν
1347 4793 1810 4847 διαστέλλουσα.
1839 4793 2059 4861 Τίμιον,

406 4894 667 4956 τουτέστι,
700 4890 938 4945 σπάνιον.
969 4887 1072 4938 Καὶ
1103 4885 1194 4937 ἐπὶ
1222 4884 1314 4936 τοῦ
1354 4882 1500 4945 Ὀζία
1527 4882 1587 4933 τὸ
1624 4882 1754 4933 αὐτὸ
1784 4879 1938 4931 τοῦτο
1970 4880 2061 4945 γέ-

408 4996 591 5046 γονεν’
633 4978 693 5030 οὐ
736 4976 843 5045 7&9
884 4973 1052 5044 μικρά
1100 4972 1192 5021 καὶ
1234 4967 1477 5021 ἐντεῦθεν
1518 4966 1869 5036 ἐκαρποῦντο,
1906 4966 1957 5017 εἰ
1996 4982 2058 5031 γε

407 5065 703 5117 ἐϐούλοντο.
738 5064 809 5115 Τὸ
858 5063 966 5131 γὰρ
1018 5058 1306 5130 μανθάνειν
1340 5055 1407 5107 τά
1440 5055 1590 5122 παρά
1636 5053 1731 5105 τοῦ
1780 5052 1935 5115 Θεοῦ,
1967 5054 2060 5104 καὶ

409 5152 541 5220 πρὸς
584 5150 651 5201 τὰ
697 5150 955 5217 μέλλοντα
1009 5142 1515 5216 παρασκευάζεσθαι
1561 5140 1737 5201 δεινά,
1786 5139 1880 5191 καὶ
1922 5140 2058 5207 ὑπὲρ

406 5239 511 5292 τῶν
562 5237 767 5304 ἀδήλων
805 5235 1194 5293 πυνθάνεσθαι,
1234 5232 1328 5282 καὶ
1362 5230 1488 5280 πότε
1526 5226 1620 5295 μὲν
1671 5225 1949 5277 ἐπιθέσθαι
1980 5225 2059 5276 δεῖ

406 5323 699 5392 πολεμίοις,
737 5322 864 5373 πότε
903 5322 959 5372 δέ
999 5319 1307 5390 ἡσυχάζειν,
1342 5316 1433 5367 καὶ
1472 5314 1585 5374 πῶς
1617 5313 1827 5365 ἅπαντα
1858 5310 1924 5363 τά
1971 5312 2059 5363 λυ-

405 5412 555 5481 πηρά
602 5408 975 5477 διακρούεσθαι
1023 5408 1157 5469 δέοι,
1194 5404 1391 5471 πολλὴν
1431 5402 1622 5469 ἔφερεν
1664 5399 1843 5461 αὐτοῖς
1883 5415 2056 5467 σωτη-

466 5564 811 5632 ίιΔΕὺρώσ-τουςζ
830 5559 945 5632 ﬁmo
965 5572 1057 5607 vox
1090 5559 1262 5606 deerat
1286 5559 1335 5606 in
1384 5554 1553 5603 Morel.
1579 5552 1695 5603 Sed.
1722 5565 1784 5601 ex
1834 5552 1954 5611 Reg.
2004 5556 2056 5598 el

406 5626 553 5673 Savil.
586 5620 767 5673 inserta
790 5620 894 5677 fuit.
1045 5680 1068 5684 κ
1371 5678 1381 5684 _
1458 5677 1466 5684 ,

465 5672 790 5744 δίΠολεμὶους.
820 5672 939 5741 [\ég.
965 5687 1018 5728 et
1041 5680 1151 5744 δαν.
1195 5684 1247 5725 et
1280 5683 1345 5725 Ha
1371 5677 1493 5737 legit
1537 5676 1835 5744 fl‘ilrpannug.
1882 5672 2051 5719 Morel.

404 5759 521 5795 vero
542 5754 589 5792 el
620 5735 787 5793 [ξονστ.
811 5735 1061 5802 ποὶὶμους.
1103 5741 1219 5798 Quae
1259 5735 1501 5798 postrema
1537 5736 1685 5784 lectio
1712 5735 1889 5780 melius
1932 5746 2055 5794 qua-

404 5809 545 5856 drare
568 5807 775 5852 videtur.
1503 5856 1538 5859 __
1566 5856 1573 5859 ,
1902 5851 1910 5859 ,

462 5872 484 5897 ε
512 5868 629 5925 Reg.
658 5865 973 5925 ἀπαλείφει
994 5864 1058 5909 ita
1078 5859 1477 5925 videtur‘logissc
1502 5856 1911 5925 Tihnaqngstqnj
1944 5865 2053 5925 for-

400 5931 473 5983 lit,
520 5915 665 5973 ηιιὶῖιιι
707 5915 921 5972 εὲιυιὶοἱιο
972 5934 1125 5983 quam
1165 5934 1213 5970 se
1254 5920 1526 5967 du‘cbwclur
1566 5916 1767 5983 μασθαι.
1800 5915 1897 5981 scd
1934 5916 2052 5960 ἀσα-

395 5977 517 6050 pii},
545 5998 593 6036 ut
617 5985 795 6034 habent
818 5977 992 6031 Morel."
1012 5992 1063 6032 ιιι
1088 5986 1218 6041 Sana,
1246 5983 1420 6028 melius
1454 5977 1655 6039 quadrat
1678 5977 1735 6023 ad
1759 5978 1958 6023 seriem.

2182 604 2266 657 διὰ
2313 604 2468 657 τοῦτο
2513 605 2607 657 καὶ
2636 605 2696 658 τὸ
2730 604 3016 674 μανθάνειν
3050 605 3225 659 αὐτῶν
3275 605 3526 673 ἀφεῖλεν·
3565 606 3594 657 δ
3632 605 3836 675 πολλῆς

2183 687 2275 741 τοῦ
2313 688 2448 742 Θεοῦ
2492 690 2895 762 φιλανθρωπίας
2944 691 3139 759 δεῖγμα
3172 685 3262 760 ἦν,
3309 690 3369 743 τὸ
3414 692 3507 743 καὶ
3549 691 3839 761 προειδότα

2180 778 2247 829 τά
2281 776 2572 845 μέλλοντα,
2607 778 2699 831 καὶ
2730 778 2804 841 ώς
2840 779 2899 830 οὐ
2950 779 3237 847 χρήσονται
3278 778 3355 839 εἰς
3403 777 3521 831 δέον
3550 782 3656 840 τοῖς
3701 779 3839 849 παρ’

2179 863 2342 915 αὑτοῦ
2370 863 2579 934 δώροις,
2614 864 2681 917 τὰ
2718 863 2847 931 γοῦν
2884 863 3014 933 παρ’
3050 862 3210 917 αὐτοῦ
3255 864 3467 917 ἀπαντα
3507 867 3835 935 παρασχεῖν.

2180 950 2330 1003 Μετά
2356 951 2412 1003 δὲ
2439 951 2531 1004 τοῦ
2562 953 2836 1021 προφήτου
2863 953 2957 1004 καὶ
2984 953 3279 1021 στοχαστήν
3308 968 3470 1020 φησιν
3497 952 3761 1021 ἀναιρεῖν.

2263 1037 2524 1091 Ἐνταῦθά
2567 1057 2657 1107 μοι
2704 1040 2850 1093 δοκεῖ
2880 1038 3062 1105 λέγειν
3094 1037 3387 1107 στοχαστὴν
3432 1037 3523 1089 τὸν
3554 1038 3660 1090 ἀπὸ
3704 1054 3837 1089 συν-

2180 1117 2346 1180 έσεως
2380 1119 2578 1188 πολλῆς
2627 1119 2734 1171 τῶν
2785 1118 3082 1189 μελλόντων
3136 1117 3483 1188 στοχάζεσθαι
3509 1115 3557 1182 ἀ,
3595 1119 3687 1172 καὶ
3737 1120 3837 1173 ἀπ’

2178 1205 2347 1274 αὐτῆς
2393 1207 2500 1259 τῶν
2551 1207 2888 1277 πραγμάτων
2932 1207 3029 1275 τῆς
3076 1206 3287 1275 πείρας.
3318 1206 3538 1275 Ἕτερον
3572 1205 3669 1273 μὲν
3721 1206 3837 1277 γὰρ

2180 1290 2499 1359 στοχασμὸς,
2544 1291 2638 1343 καὶ
2670 1290 2970 1361 προφητεία
3016 1290 3171 1344 ἄλλο·
3205 1291 3233 1342 6
3273 1288 3373 1360 μὲν
3400 1289 3508 1360 γὰρ
3555 1290 3836 1360 Πνεύματι

2178 1376 2305 1445 θείῳ
2352 1377 2678 1444 φθέγγεται,
2716 1378 2864 1431 οὐδὲν
2928 1376 3135 1430 οῖκοθεν
3193 1376 3498 1447 εἰσφέρωνσ
3546 1378 3575 1429 6
3621 1376 3678 1428 δὲ
3729 1376 3835 1440 τάς

2177 1463 2427 1533 ἀφορμὰς
2471 1464 2577 1517 ἀπὸ
2628 1464 2735 1517 τῶν
2785 1464 2883 1535 ήδη
2935 1464 3308 1533 γεγενημένων
3360 1463 3679 1533 λαμϐάνων,
3736 1465 3835 1517 καὶ

2176 1548 2273 1617 τὴν
2318 1548 2523 1602 οἰκείαν
2562 1549 2773 1603 σύνεσιν
2815 1549 3115 1620 διεγείρων,
3160 1548 3325 1603 πολλά
3371 1548 3478 1602 τῶν
3529 1548 3836 1619 μελλόντων

2177 1637 2416 1707 προορᾷ,
2466 1638 2541 1701 ὼς
2595 1638 2742 1701 εἰκὸς
2792 1636 3074 1707 ἄνθρωπον
3124 1637 3251 1690 ὄντα
3302 1635 3516 1689 συνετὸν
3566 1636 3828 1706 προϊδεῖν.

2191 1723 2347 1777 ’Λλλά
2386 1723 2517 1777 πολὺ
2556 1724 2616 1776 τὸ
2662 1723 2824 1793 μέσον
2858 1723 3044 1777 τούτου
3099 1723 3381 1784 κάκείνου,
3420 1724 3513 1776 καί⁵
3552 1723 3830 1786 τοσοῦτον,

2175 1810 2296 1861 ὅσον
2340 1811 2602 1872 συνέσεως
2647 1809 2989 1880 ἀνθρωπίνης
3028 1810 3120 1863 καὶ
3159 1809 3307 1873 θείας
3351 1809 3571 1881 χάριτος
3608 1808 3669 1862 τὸ
3709 1809 3829 1863 διάο

2176 1914 2359 1967 φορον.
2392 1897 2508 1949 Ἵνα
2544 1896 2599 1948 δέ
2637 1895 2728 1948 καὶ
2766 1897 2857 1948 ἐπὶ
2895 1895 3282 1964 ύποδείγματος
3309 1896 3397 1949 τὸν
3430 1896 3586 1964 λόγον
3615 1896 3832 1966 ποιήσω

2176 1984 2438 2051 φανερὸν,
2490 1984 2827 2052 ἐννοήσωμεν
2878 1982 2967 2034 τὸν
3019 1980 3334 2050 Σολομῶντα
3373 1982 3466 2036 καὶ
3515 1982 3606 2035 τὸν
3649 1981 3831 2035 Ἐλισ-

2176 2071 2357 2121 σαῖον·
2397 2069 2691 2138 ἀμφότεροι
2732 2068 2840 2137 γὰρ
2877 2068 3227 2137 κεκρυμμένα
3279 2067 3573 2137 πράγματα
3609 2069 3689 2129 εἰς
3727 2068 3829 2137 μέο

2176 2172 2266 2207 σον
2304 2156 2541 2225 ήγαγον,
2580 2154 2676 2207 καὶ
2714 2152 3067 2223 κεκρυμμένα
3116 2152 3490 2221 ἀνεκάλυψαν·
3529 2154 3828 2223 ἀμφότεροι

2172 2241 2229 2294 δὲ
2262 2243 2321 2294 ού
2361 2244 2425 2310 τῇ
2465 2242 2600 2310 αὐτῇ
2642 2240 2901 2309 δυνάμει*
2942 2238 3055 2291 ἀλλ’
3083 2238 3111 2289 ὁ
3150 2239 3248 2307 μὲν
3284 2238 3393 2291 ἀπὸ
3429 2240 3692 2302 συνέσεως
3726 2241 3827 2293 ἀν-

2175 2326 2450 2395 θρωπίνης
2487 2324 2637 2394 παρὰ
2671 2325 2769 2393 τῆς
2808 2324 3020 2391 φύσεως
3074 2323 3247 2377 λαϐὼν
3298 2324 3547 2395 ἀφορμάς
3582 2325 3674 2378 ἐπὶ
3712 2326 3825 2379 τῶν

2172 2412 2388 2481 πύρνων
2438 2409 2709 2477 γυναικῶν
2761 2410 2982 2463 ἐκείνων
3005 2426 3019 2439 ·
3059 2412 3087 2464 6
3122 2410 3178 2462 δὲ
3217 2409 3455 2480 λογισμῷ
3512 2410 3609 2480 μὲν
3646 2411 3824 2465 οὐδενὶ

2171 2496 2505 2567 χρησάμενος
2545 2496 2727 2565 (ποῖος
2770 2496 2876 2566 γάρ
2915 2496 3168 2565 λογισμὸς
3217 2496 3553 2565 ἀνακαλύψαι
3596 2498 3824 2562 δυνατὸς

2168 2578 2237 2652 ἦν
2270 2582 2361 2635 τοῦ
2399 2582 2556 2652 Γιεζῆ
2583 2582 2683 2651 τῆν
2710 2582 2932 2651 κλοπήν;
2954 2581 2973 2650 )
3018 2582 3135 2652 θείᾳ
3152 2581 3210 2634 δὲ
3238 2581 3417 2652 χάριτι
3444 2581 3513 2635 τὰ
3536 2582 3821 2653 πόρρωθεν

2170 2668 2505 2738 γεγενημένα
2533 2667 2811 2738 προειδώς.
2840 2668 2947 2719 Καὶ
2972 2668 3371 2735 πρεσϐύτερον
3404 2665 3517 2738 [35]
3548 2669 3643 2721 καί
3674 2682 3821 2721 πεν-

2169 2755 2594 2822 τηκόνταρχον.
2642 2753 2796 2807 Μετὰ
2830 2753 2886 2806 δέ
2927 2753 3127 2805 τούτων
3167 2754 3257 2805 καὶ
3304 2753 3667 2824 πρεσϐύτερον
3727 2755 3822 2808 καὶ

2171 2838 2633 2908 πεντηκόνταρχόν
2654 2855 2815 2907 φησιν
2831 2839 3067 2907 ἀναιρεῖν
3090 2855 3104 2870 ·
3139 2837 3499 2909 πρεσϐύτερον
3513 2840 3609 2908 οὐχ
3633 2839 3823 2904 ἁπλῶς

2169 2925 2512 2995 γεγηρακότα
2570 2924 2762 2991 λέγων,
2816 2924 2947 2977 ἀλλά
3002 2923 3090 2975 τὸν
3137 2924 3271 2992 μετὶ
3318 2923 3417 2992 τῆς
3474 2925 3663 2987 πολιᾶς
3720 2926 3822 2997 τὴν

2170 3013 2547 3081 προσήκουσαν
2583 3012 2649 3079 τῇ
2680 3009 2837 3077 πολιᾷ
2863 3008 3214 3079 διατηροῦντα
3257 3008 3485 3063 σύνεσιν.
3539 3010 3647 3063 Καὶ
3686 3027 3821 3064 πεν-

2168 3096 2398 3167 τηκόντα
2408 3112 2531 3166 ρχον
2554 3096 2613 3149 δὲ
2640 3096 2765 3149 ὅταν
2789 3094 2942 3165 λέγῃ,
2964 3096 3061 3163 οὑχ
3086 3096 3181 3147 ἕνα
3208 3094 3326 3146 τινὰ
3356 3096 3822 3167 πεντηκόνταρχόν

2170 3199 2352 3252 φησιν,
2385 3181 2521 3235 ἀλλά
2553 3181 2631 3251 τῷ
2667 3181 2890 3249 ὀνόματι
2926 3180 3100 3249 τούτῳ
3141 3182 3263 3243 τοὺς
3307 3182 3571 3249 ἄρχοντας
3610 3183 3821 3246 πάντας

2169 3270 2479 3323 αἰνίττεται.
2534 3268 2697 3321 Ούδέν
2731 3267 2858 3337 7&9,
2898 3267 3047 3319 οὐδὲν
3109 3267 3366 3335 ἀναρχίας
3422 3265 3820 3338 χαλεπώτερον,

2169 3356 2355 3425 ὥσπερ
2381 3354 2500 3408 οὐδὲ
2529 3354 2711 3408 πλοίου
2752 3370 2805 3405 τι
2848 3350 3249 3423 σφαλερώτερον
3296 3353 3491 3419 γένοιτ’
3518 3351 3584 3407 ἂν
3620 3354 3825 3425 κυϐερ-

2170 3445 2335 3512 νήτην
2366 3441 2463 3494 οὐκ
2484 3441 2714 3510 ἔχοντος.
2750 3441 2858 3493 Καὶ
2885 3440 3005 3492 οὐδὲ
3033 3438 3260 3492 ἐνταῦθα
3290 3439 3519 3504 ἵσταται,
3552 3438 3687 3495 ἀλλά
3726 3443 3825 3497 καὶ

2170 3530 2359 3596 ἑτέραν
2396 3528 2634 3597 μεγάλην
2665 3526 2961 3595 ἀσφάλειαν
2995 3526 3305 3595 ἀναιρήσειν
3339 3525 3563 3590 ἀπειλεῖ,
3597 3528 3725 3590 τοὺς
3752 3529 3827 3583 τά.

2169 3615 2365 3683 ἄριστα
2410 3612 2681 3683 βουλεύειν
2722 3612 2947 3673 εἰδότας,
2988 3612 3036 3663 οῖ
3078 3610 3185 3663 τῶν
3237 3611 3413 3663 ὃπλων
3446 3612 3543 3663 οὐκ
3565 3611 3826 3668 ἐλάττονα

2170 3702 2509 3770 εἰσφέρουσιν
2528 3698 2842 3768 εὐεργεσίαν
2869 3700 2985 3759 ταῖς
3009 3696 3242 3749 πόλεσιν,
3275 3696 3485 3764 Ἀφελῶ
3508 3697 3634 3767 γάρ,
3662 3701 3825 3770 φησὶ,

2170 3788 2266 3840 καί
2300 3788 2643 3854 θαυμαστὸν
2669 3785 3031 3851 σύμϐουλον,
3061 3783 3157 3835 καί
3189 3783 3382 3851 σοφὸν
3405 3782 3824 3851 ἀρχιτέκτονιν

2169 3875 2288 3943 οὐχὶ
2314 3873 2407 3926 τὸν
2430 3871 2704 3941 οἰκοδόμον
2730 3870 2921 3936 λέγων,
2957 3869 3089 3922 ἀλλά
3121 3868 3228 3921 τῶν
3266 3869 3599 3939 πραγμάτων
3626 3871 3829 3942 ἔμπει..

2171 3976 2281 4029 ρον,
2312 3960 2404 4012 καὶ
2434 3958 2599 4011 πολλά
2624 3957 3000 4025 ἐπιστάμενον,
3033 3957 3125 4008 καί⁵
3153 3954 3288 4024 μετά
3319 3955 3581 4019 συνέσεως
3602 3957 3827 4013 ἅπαντα

2168 4048 2236 4101 τά
2262 4049 2356 4117 τῆς
2382 4047 2588 4109 πόλεως
2611 4044 2902 4096 διατιθέναι
2933 4044 3228 4113 πράγματα
3254 4042 3449 4095 εἰδότα.

2237 4141 2307 4202 γ’.
2347 4134 2455 4187 Καὶ
2495 4132 2631 4201 μετά
2665 4130 2888 4189 τούτων,
2925 4128 3031 4181 Καὶ
3059 4128 3316 4181 συνετὸν
3343 4127 3659 4195 ἀκροατήν,
3723 4131 3828 4185 Ἂν

2169 4222 2277 4292 7&9
2306 4220 2460 4273 τοῦτο
2484 4220 2618 4288 ἀπῇ,
2663 4217 2765 4269 κᾶν
2793 4216 2956 4269 τάλλα
3000 4217 3209 4268 ἅπαντα
3244 4216 3414 4284 παρῇ,
3465 4213 3624 4267 πλέον
3668 4217 3829 4275 οὐδέν

2170 4312 2283 4361 ἐστι
2328 4309 2448 4369 ταῖς
2493 4306 2696 4365 πόλεσι,
2733 4302 2836 4355 κᾶν
2882 4302 3152 4373 προφῆται
3187 4294 3308 4365 ῶσι,
3353 4302 3457 4353 κᾶν
3507 4301 3825 4372 σύμϐουλοι,

2170 4395 2272 4448 κάν
2297 4393 2572 4455 δυνάσται,
2621 4392 2650 4443 6
2679 4389 2735 4442 δὲ
2764 4388 3123 4458 ἀκουσόμενος
3168 4386 3350 4457 μηδεὶς
3390 4384 3447 4461 ᾖ,
3484 4388 3659 4442 πάντα
3696 4394 3826 4463 εἰκῆ

2170 4480 2261 4531 καὶ
2289 4478 2483 4546 μάτην.
2531 4476 2684 4546 Ἐμοὶ
2721 4474 2867 4526 δοκεῖ
2897 4471 3125 4525 ἐνταῦθα
3158 4472 3219 4523 τὸ
3262 4470 3486 4540 Ἀςοελῶ
3519 4472 3716 4540 λέγειν,
3762 4478 3829 4530 τὸ

2168 4571 2312 4623 ἐάσω
2343 4570 2435 4621 καὶ
2479 4569 2693 4635 ἀφήσω,
2732 4564 2919 4634 ὥσπερ
2960 4564 2989 4615 6
3036 4562 3241 4624 Παῦλός
3272 4577 3431 4630 φησι’
3472 4560 3830 4628 Παρέδωκεν

2166 4654 2384 4720 αὐτοὺς
2412 4656 2498 4718 εἰς
2522 4652 2805 4719 ἀδόκιμον
2827 4649 2979 4702 νοῦν
3002 4662 3016 4677 ’
3053 4648 3112 4700 ού
3142 4646 3298 4699 τοῦτο
3326 4646 3554 4711 δεικνὺς,
3599 4649 3680 4701 δτι
3731 4651 3827 4705 ἐν-

2167 4738 2355 4796 έϐαλεν
2395 4742 2473 4803 εἰς
2519 4739 2725 4801 ἄνοιαν,
2764 4735 2877 4789 ἀλλ’
2906 4736 2987 4788 ὅτι
3015 4734 3191 4804 ἀφῆκε
3224 4732 3317 4785 καὶ
3352 4732 3529 4786 εἴασεν
3561 4733 3828 4806 ἀνοήτους

2166 4830 2344 4891 ὄντας.
3594 4828 3597 4829 ⁷

2237 4914 2345 4968 Κιιί
2375 4911 2679 4977 ἐπιστήσω
2710 4909 3064 4972 νεανίσκους
3086 4906 3376 4974 ἄρχοντας
3407 4905 3618 4960 αὐτῶν.
3647 4908 3825 4965 Τοῦτο

2165 5002 2424 5071 ἀναρχίας
2470 5002 2647 5069 χεῖρον
2694 4998 2787 5050 καὶ
2828 4995 3008 5063 πολλῷ
3044 4992 3432 5062 χαλεπώτερον.
3486 4994 3543 5047 '0
3574 4995 3672 5063 μὲν
3707 4997 3825 5067 γὰρ

2165 5089 2263 5139 οὐκ
2326 5087 2460 5155 ἔχων
2517 5086 2749 5154 ἄρχοντα
2776 5122 2789 5145 ,
2845 5080 3209 5148 ἀπεστέρηται
3265 5078 3358 5131 τοῦ
3419 5082 3823 5149 χειραγωγοῦν-

2164 5190 2251 5234 τος
2272 5190 2284 5201 υ
2324 5173 2352 5223 6
2389 5171 2445 5223 δέ
2481 5169 2711 5239 πονηρὸν
2746 5168 2903 5236 ἔχων,
2937 5167 3025 5218 τὸν
3066 5164 3393 5234 ἐμϐάλλοντα
3436 5166 3513 5226 εἰς
3538 5171 3822 5234 κρημνοὺς

2164 5260 2295 5327 ἔχει.
2337 5257 2666 5315 Νεανίσκους
2707 5255 2761 5307 δέ
2802 5252 3031 5304 ἐνταῦθα
3071 5252 3189 5320 ούχί⁵
3236 5251 3417 5313 ἀπλῶς
3461 5251 3557 5320 τὴν
3598 5252 3820 5322 ἠλικίαν

2163 5344 2458 5397 διαϐάλλων
2524 5343 2743 5409 ἔφησεν,
2808 5340 2920 5391 ἀλλ’
2986 5340 3092 5390 ἀπὸ
3145 5338 3237 5389 τοῦ
3291 5337 3668 5401 πλεονάζοντος
3710 5342 3818 5413 τὴν

2162 5432 2345 5483 ἄνοιαν
2378 5428 2553 5482 αὐτῶν
2585 5427 2964 5479 ἐπιδείκνυται.
3011 5425 3163 5477 Ἔστι
3196 5423 3300 5493 7&9
3346 5424 3439 5477 καὶ
3478 5424 3626 5487 νέους
3670 5422 3819 5482 εἶναι

2165 5517 2431 5579 συνετοὺς,
2477 5515 2567 5565 καὶ
2610 5512 2984 5581 γεγηρακότας
3020 5510 3173 5579 ἀνοία
3217 5510 3416 5578 συζῇν·
3466 5509 3579 5562 ἀλλ’
3622 5512 3817 5584 ἐπειδὴ

2162 5602 2316 5655 τοῦτο
2341 5602 2435 5670 μὲν
2459 5598 2748 5659 σπανιάκις
2788 5596 3103 5665 συμϐαίνειν
3132 5595 3305 5659 εἴωθε,
3347 5596 3406 5648 τὸ
3430 5596 3486 5647 δὲ
3519 5596 3817 5659 πλεονάζον

2160 5688 2459 5742 τούναντίον
2486 5685 2651 5748 ἐστὶν,
2680 5682 2739 5745 ἐξ
2765 5683 2971 5734 ἐκείνου
3016 5683 3267 5747 ἀνοήτους
3307 5682 3604 5751 ὠνόμασεν.
3655 5683 3814 5737 Ἐπεὶ

2222 5849 2247 5887 ά
2274 5846 2364 5897 Τὸν
2384 5847 2475 5894 ἀπὸ
2506 5844 2735 5897 συνέσεως
2754 5842 2927 5895 πολλῆς
2967 5842 3059 5885 τῶν
3082 5840 3337 5899 μελλόντων
3356 5839 3681 5899 στοχάζεσθαιί
3726 5837 3809 5885 ει.

2163 5913 2301 5958 ulius
2320 5915 2451 5968 pulal
2476 5906 2734 5967 legendum
2759 5916 2867 5951 esw
2892 5898 3227 5961 στοχαζόμενον
3249 5902 3320 5949 vel
3348 5898 3646 5960 στοχάζεσθαι
3668 5898 3785 5947 δυνά

2162 5989 2241 6035 μεν
2248 5989 2310 6019 ειν.
