4152 6462
304 410 372 463 41
1578 402 1639 456 ΙΝ
1678 404 1919 473 ΙΒΛΙᾹΜ,

1578 402 1639 456 ΙΝ
1678 404 1919 473 ΙΒΛΙᾹΜ,
1958 407 2103 465 CAP.
2146 411 2228 469 111.

312 516 424 582 ipso
454 523 681 581 aspectu
704 515 1005 569 crucientur
1031 528 1311 583 numquam
1336 518 1527 578 satiati,
1574 527 1626 570 et
1652 518 1770 571 hinc
1796 522 1845 572 in

316 602 550 671 tclligant
574 620 604 657 a
638 606 747 658 Deo
781 607 1062 658 immissam
1092 606 1249 661 fuisse
1278 608 1422 660 iram.
1454 609 1505 660 2.
1542 608 1798 678 (.‘igantem
1837 622 1880 663 et

318 704 587 761 ρυιρηιεηι.
625 694 903 765 Gigantem
952 712 1159 766 semper
1208 699 1474 769 Scriptum
1525 701 1709 755 fortem
1749 704 1880 757 solet

321 796 526 844 vocare,
555 785 639 837 vel
673 799 793 837 eum
822 786 907 852 qtti
935 787 1268 853 proportiooe
1310 790 1659 843 membrorum
1704 792 1879 845 multis

321 871 621 924 antecellat.
657 872 864 925 Etenim
893 874 944 926 in
986 875 1267 939 creatione,
1294 892 1411 930 cum
1438 877 1582 942 dicit,
1633 878 1701 931 lli
1741 892 1879 933 erant

320 963 565 1030 gigantes,
618 964 842 1016 homines
904 966 1139 1017 nominati
1180 964 1343 1037 (Gen.
1375 968 1424 1020 6.
1450 966 1540 1038 4).
1596 984 1698 1022 non
1739 970 1875 1023 aliud

319 1068 485 1120 genus
525 1052 687 1109 fuisse
736 1054 879 1118 dicit,
910 1055 1001 1109 sed
1044 1054 1223 1119 fortes,
1256 1058 1517 1122 robustos,
1560 1068 1617 1113 et
1664 1072 1876 1121 vegetos

321 1141 472 1195 nobis
496 1143 813 1196 subindieat.
843 1142 907 1195 Et
933 1144 1176 1197 hominem
1214 1144 1501 1199 bellatorem
1541 1157 1588 1200 et
1630 1149 1872 1218 judicent.

322 1230 657 1285 Intolerabile
681 1232 1010 1300 supplicium,
1042 1243 1094 1287 et
1120 1234 1204 1287 illa
1234 1250 1349 1303 qua:
1372 1235 1508 1289 dicta
1544 1247 1665 1291 sunt
1704 1250 1876 1321 extre-

319 1336 419 1374 ma:
450 1322 698 1389 perniciei
720 1333 840 1375 sunt
871 1332 1229 1391 argumentum
1250 1365 1266 1390 ,
1293 1341 1428 1394 quae,
1460 1327 1715 1381 stantibus
1764 1346 1877 1383 mtt-

319 1412 395 1464 ris
420 1421 477 1465 et
503 1412 752 1474 turribus,
788 1413 969 1467 urbem
1018 1415 1220 1483 possint
1246 1431 1362 1469 cum
1405 1418 1602 1471 civibus
1649 1419 1874 1475 inimicis

319 1499 803 1553 dedere.Tutamen
819 1500 1011 1570 quippe
1027 1503 1231 1557 urbium
1251 1521 1351 1561 non
1370 1507 1419 1560 in
1434 1506 1712 1581 lapidibus,
1724 1508 1874 1578 lignis

318 1598 373 1641 et
391 1590 557 1656 septis
590 1590 745 1642 situm
778 1601 880 1655 est,
902 1591 992 1645 sed
1022 1591 1073 1644 in
1114 1593 1385 1660 prudentia
1411 1594 1620 1660 civium,
1644 1598 1733 1665 qui
1756 1613 1873 1652 cum

320 1679 454 1733 tales
474 1679 683 1743 adsunt,
714 1681 871 1733 etiam
893 1690 1149 1748 prmsente
1175 1683 1342 1750 hoste,
1391 1686 1552 1740 tutius
1591 1704 1745 1756 quant
1772 1704 1873 1744 em-

321 1777 433 1822 tera
486 1770 657 1821 omnia
713 1770 877 1837 ipsam
930 1772 1209 1826 muniunt:
1239 1789 1357 1829 cum
1382 1786 1556 1831 autem
1593 1780 1624 1832 ii
1662 1782 1870 1847 absunt,

317 1860 476 1909 etiam
514 1859 719 1912 nemine
765 1870 1002 1927 urgente,
1042 1862 1366 1918 miseriorem
1410 1867 1551 1921 illam
1616 1872 1866 1927 exhibent

319 1960 476 2011 qnam
508 1947 549 1997 si
576 1947 919 2002 obsideretur.

386 2033 442 2085 9..
485 2035 661 2103 itaque
698 2046 751 2091 et
792 2038 907 2092 illos
952 2049 1005 2093 et
1046 2042 1308 2097 auditores
1346 2059 1528 2102 omnes
1572 2063 1673 2101 non
1711 2065 1871 2118 parvo

319 2126 666 2193 pltilusopltitc
706 2130 1018 2184 documento
1054 2133 1238 2187 imbuit
1265 2139 1535 2205 propheta,
1564 2142 1788 2198 suadens
1815 2155 1870 2199 ut

318 2229 383 2266 ne
424 2230 666 2282 umquam
714 2218 763 2270 in
814 2222 1167 2287 magnitudine
1237 2226 1382 2280 urbis
1453 2242 1598 2297 Spem
1644 2244 1859 2300 ponant,

317 2317 414 2354 nec
456 2303 506 2355 in
554 2304 704 2357 vallis
731 2314 784 2359 et
807 2308 1061 2363 machinis
1081 2351 1096 2375 ,
1140 2311 1232 2365 sed
1259 2312 1308 2365 in
1336 2314 1465 2384 frugi
1497 2320 1727 2374 virorum
1765 2324 1868 2377 vir-

316 2398 445 2442 tute.
473 2390 593 2444 lllos
636 2393 789 2461 igitur
822 2397 1063 2451 territans
1085 2399 1173 2462 ait,
1208 2401 1374 2467 ipsum
1400 2418 1516 2458 eam
1549 2409 1706 2463 tutela
1723 2414 1866 2467 omni

313 2477 682 2532 destituturum
727 2495 864 2545 esse,
909 2499 1009 2536 non
1037 2486 1190 2539 modo
1217 2488 1422 2544 bellica:
1446 2494 1521 2547 rei
1552 2497 1746 2562 peritos
1769 2514 1863 2553 an-

313 2568 548 2633 ferendo,
580 2570 669 2622 sed
697 2572 853 2624 etiam
879 2573 1111 2641 judiccs,
1140 2578 1226 2645 qui
1258 2594 1361 2632 non
1386 2582 1556 2636 minus
1576 2585 1761 2653 juvant
1788 2590 1865 2643 ei-

317 2658 501 2711 titates
542 2674 694 2725 quam
738 2660 1050 2728 bellatores,
1098 2664 1219 2719 dum
1264 2683 1445 2736 parem
1498 2686 1714 2744 curant,
1760 2680 1865 2734 imo

310 2760 451 2812 smpe
502 2747 819 2800 imminentia
866 2750 999 2804 bella
1032 2754 1047 2782 ⁸
1075 2756 1395 2822 propulsant.
1448 2760 1510 2813 lli
1559 2765 1697 2817 enim
1745 2782 1862 2822 cum

307 2832 609 2901 frequenter
637 2852 666 2889 a
698 2837 875 2894 radice
902 2853 1231 2909 peccatorum
1259 2848 1514 2917 oriantur,
1560 2854 1665 2908 fieri
1694 2868 1864 2924 potest

310 2936 366 2981 ut
391 2928 561 2994 legum
576 2929 838 2995 custodes,
866 2945 1061 3001 eosque
1084 2937 1171 3004 qui
1189 2936 1292 3005 juri
1319 2939 1542 2996 dicundo
1562 2959 1679 2998 cum
1701 2950 1860 3016 aequi-

307 3027 414 3072 tate
459 3018 760 3084 praasident,
801 3022 1019 3089 plurima
1063 3039 1273 3093 peccata
1313 3032 1689 3099 reprimentes,
1736 3037 1854 3093 belli

309 3120 519 3159 causam
561 3107 818 3161 auferant.
866 3112 970 3166 Cur
1007 3128 1133 3184 ergo
1173 3116 1308 3171 Deus
1344 3134 1437 3175 eos
1464 3128 1705 3178 amovet?
1730 3127 1858 3191 Quia

306 3193 407 3245 illis
451 3194 793 3261 prtesentibns
836 3212 941 3251 non
986 3210 1044 3255 ut
1085 3205 1355 3271 oportebat
1384 3210 1461 3262 usi
1491 3220 1631 3264 sunt.
1663 3214 1858 3281 Quem-

303 3283 586 3337 admodum
626 3287 768 3339 enim
807 3288 1049 3343 salutaria
1078 3293 1189 3360 ejus
1218 3295 1458 3364 dogmata
1495 3302 1709 3356 multam
1734 3306 1858 3360 all‘e-

304 3372 491 3425 rehant
518 3375 842 3431 audientibus
870 3379 1172 3447 utilitatem,
1218 3384 1410 3440 Judaais
1438 3399 1608 3444 autem
1641 3396 1851 3447 concio-

304 3480 455 3529 nans,
488 3466 623 3521 dicta
650 3483 739 3521 sua
764 3469 1078 3527 obscuritate
1100 3476 1259 3529 multa
1287 3478 1600 3547 involvebat,
1633 3484 1748 3552 quia
1781 3486 1849 3540 illi

301 3555 453 3608 dictis
474 3572 579 3609 non
603 3559 938 3615 attendebant
965 3578 978 3614 :
1010 3561 1075 3615 ita
1102 3563 1214 3619 hare
1237 3566 1371 3621 dona
1396 3584 1486 3623 sua
1517 3587 1850 3643 ntagna,qu:e

300 3644 518 3698 multam
544 3647 692 3701 nobis
721 3650 940 3704 salutem
964 3652 1260 3717 conferunt,
1288 3658 1353 3712 de
1379 3660 1553 3715 medio
1579 3677 1717 3731 saepe
1748 3666 1849 3721 tol-

298 3734 392 3797 lit,
437 3749 557 3788 cum
589 3736 619 3789 ii
650 3738 737 3805 qui
765 3740 1025 3807 accipiunt
1050 3742 1177 3797 nihil
1209 3745 1331 3799 hinc
1359 3747 1555 3804 fructus
1581 3754 1848 3821 percipere

298 3824 497 3877 volunt.
530 3824 596 3877 Et
625 3828 912 3896 prophetam
936 3839 980 3883 et
1004 3833 1345 3901 conjectorem.
1378 3836 1490 3891 Non
1517 3854 1729 3907 parvum
1754 3858 1848 3897 au-

297 3922 401 3965 tem
433 3914 523 3966 ira:
547 3928 713 3982 genus
737 3925 819 3971 est
845 3932 962 3973 cum
992 3923 1276 3990 prophetia:
1315 3926 1580 3984 deﬁciunt.
1627 3931 1845 3998 Quando

296 4002 451 4069 igitur
496 4003 767 4059 Judaieum
808 4008 1051 4077 populum
1100 4013 1237 4068 Deus
1271 4016 1339 4070 ob
1380 4029 1587 4085 peccata
1619 4022 1841 4080 filiorum

296 4091 408 4143 lleli
465 4103 735 4149 aversatus
783 4107 882 4163 est,
926 4099 1095 4169 obque
1148 4104 1491 4161 multitudinis
1533 4113 1838 4179 nequitiam,

291 4181 483 4235 defecit
527 4185 794 4253 prophetia
827 4205 841 4242 :
880 4188 1091 4244 Verbum
1114 4194 1254 4247 enim
1281 4236 1296 4258 ,
1337 4195 1517 4264 inquit,
1575 4204 1839 4269 pretiosum

288 4282 411 4337 crat,
453 4284 500 4325 et
527 4291 627 4328 non
654 4286 755 4329 erat
783 4280 903 4332 visio
928 4280 1228 4352 distinguens
1265 4286 1341 4355 (1.
1374 4286 1494 4357 Reg.
1519 4290 1571 4344 '5.
1598 4293 1671 4362 1).
1714 4293 1838 4349 Pre-

289 4364 491 4427 tiosum,
541 4365 591 4417 id
636 4376 747 4431 est,
796 4382 971 4423 rarum
1012 4381 1145 4425 erat.
1196 4374 1263 4427 Et
1306 4375 1404 4429 sub
1440 4376 1561 4431 Ozia
1614 4381 1833 4450 idipsum

286 4451 474 4504 accidit
504 4469 519 4506 :
545 4467 714 4521 neque
742 4456 878 4509 enim
906 4458 1024 4513 hinc
1043 4464 1283 4530 exiguum
1311 4463 1530 4520 fructum
1553 4471 1831 4540 cepissent,

285 4539 326 4592 si
356 4541 665 4596 voluissent.
697 4544 823 4599 Nam
852 4546 1029 4603 divina
1053 4551 1305 4618 ediscere,
1330 4562 1384 4608 et
1404 4556 1469 4610 ad
1499 4557 1669 4614 futura
1698 4539 1829 4618 mala

285 4634 587 4698 preparari,
615 4634 681 4689 de
707 4636 916 4693 incertis
940 4640 1097 4695 rebus
1123 4657 1369 4712 responsa
1393 4650 1648 4718 accipere,
1667 4668 1831 4722 quan-

282 4719 473 4772 donam
498 4721 734 4777 inimicos
750 4725 992 4781 invadere
1018 4739 1275 4796 oporteat,
1304 4736 1511 4802 quando
1538 4740 1827 4808 quiescere,

281 4808 545 4876 quomodo
592 4811 754 4864 tristia
801 4815 975 4869 omnia
1022 4817 1303 4888 depellere,
1344 4826 1559 4881 multam
1602 4830 1729 4898 ipsis
1761 4832 1825 4886 ad

278 4902 501 4955 salutem
530 4902 779 4958 all‘erebat
807 4905 1133 4965 facilitatem.
1181 4913 1372 4969 Verum
1406 4918 1523 4986 quia
1552 4936 1668 4989 quae
1689 4921 1825 4976 didi-

273 5000 456 5043 cerant
494 5007 598 5045 non
634 4994 945 5062 explebant,
988 5000 1107 5054 ideo
1145 5002 1473 5072 disciplinam
1517 5009 1649 5066 hanc
1698 5013 1825 5082 ipsis

268 5083 467 5135 ademit
498 5100 511 5135 :
541 5084 681 5152 quod
708 5097 821 5139 erat
850 5087 1070 5156 ingentis
1100 5092 1192 5147 Dei
1219 5096 1508 5152 clementiae
1541 5115 1820 5170 argumen-

272 5180 403 5235 tum,
431 5172 571 5239 quod
597 5188 715 5226 cum
746 5172 911 5228 futura
944 5180 1268 5249 przevideret,
1314 5186 1574 5254 sciretque
1600 5203 1690 5243 eos
1715 5207 1818 5247 non

269 5268 410 5311 recte
446 5260 599 5313 donis
625 5277 812 5316 usuros
832 5304 847 5328 ,
896 5273 1069 5319 tamen
1096 5285 1210 5337 qua:
1236 5285 1327 5323 sua
1355 5284 1506 5329 erant
1530 5279 1699 5331 omnia
1726 5295 1819 5333 ex-

266 5347 489 5400 hiberet.
558 5348 687 5403 Cum
735 5352 988 5421 propheta
1029 5370 1154 5410 vero
1204 5361 1550 5428 conjectorem
1592 5381 1650 5421 se
1691 5367 1817 5423 dicit

262 5439 552 5493 ablaturum
600 5456 741 5496 esse.

329 5528 590 5597 Canjector
608 5533 720 5601 quis
749 5533 831 5585 sit.
858 5563 927 5572 —
954 5533 1311 5604 Conjectorem
1343 5542 1426 5597 hic
1451 5547 1573 5599 mihi
1604 5548 1812 5604 videtur

322 5663 337 5692 ι
378 5669 484 5727 aug.
504 5674 562 5734 et
590 5666 747 5741 Asavil.
782 5656 1163 5741 liabent,_lmstes
1200 5674 1506 5741 imminentes,
1546 5696 1645 5741 pro,
1688 5683 1807 5734 bello

257 5722 305 5770 in
327 5722 560 5776 mittentia.
586 5733 701 5785 Quae
726 5722 973 5788 postrema
992 5730 1132 5781 lectio
1155 5722 1577 5800 inaniinani—Eni:
1601 5722 1802 5795 videiur:

3478 458 3552 511 42

1990 522 2164 579 dicere
2187 542 2327 594 cum,
2355 532 2440 600 qui
2467 548 2528 586 ex
2562 534 2721 590 multa
2750 538 3084 610 intelligentia
3105 586 3117 607 ,
3157 552 3209 598 et
3237 560 3299 600 ex
3328 546 3436 615 ipsa
3460 566 3543 604 ro«

1986 629 2098 667 rum
2127 617 2448 685 experientia
2479 623 2645 677 futura
2674 630 2934 695 conjicere
2964 636 3352 700 poterat.Aliud
3392 638 3532 691 enim

1984 710 2064 755 est
2098 704 2419 773 conjectura,
2450 711 2590 764 aliud
2633 716 2905 783 prophetia
2955 738 2969 773 :
3016 722 3267 789 propheta
3294 726 3433 780 enim
3470 742 3535 781 ex

1984 792 2158 847 divlno
2176 795 2367 864 Spiritu
2397 800 2643 869 loquitur,
2676 820 2737 859 ex
2761 821 2817 860 se
2847 809 2971 862 nihil
3001 811 3261 879 aﬂ'ercns;
3295 814 3381 870 ille
3410 831 3537 871 vero

1982 884 2253 941 occasione
2281 899 2429 958 capta
2459 907 2520 946 ex
2552 892 2613 947 iis
2635 912 2757 965 quas
2788 899 2894 966 jam
2936 906 3287 973 Contigerant,
3340 908 3531 963 intelli-

1980 973 2207 1039 gentiam
2234 992 2486 1035 exereens
2514 997 2659 1036 suam
2678 1025 2694 1049 ,
2740 990 3026 1044 futurorum
3058 995 3219 1049 multa
3248 996 3494 1065 prospicit
3513 1038 3529 1059 .

1983 1072 2036 1115 ut
2068 1079 2159 1131 par
2183 1076 2262 1120 est
2295 1070 2458 1124 virum
2488 1076 2792 1141 prudentem
2829 1083 3148 1150 prospicere.
3206 1086 3272 1140 At
3312 1089 3530 1144 multum

1983 1152 2119 1207 hunc
2143 1155 2279 1211 inter
2304 1170 2355 1213 et
2382 1162 2524 1217 illum
2557 1166 2833 1222 discrimen
2859 1187 2873 1235 ;
2927 1180 3249 1244 tantumque,
3278 1189 3525 1247 quantum

1980 1254 2059 1299 cst
2086 1248 2412 1305 intervallum
2444 1255 2581 1309 inter
2610 1259 2935 1325 prudentiam
2980 1264 3256 1322 humanam
3300 1278 3352 1324 et
3396 1271 3532 1325 divi-

1978 1348 2096 1386 nam
2124 1340 2358 1404 gratiam.
2394 1342 2459 1396 Ut
2478 1354 2648 1399 autem
2677 1350 2916 1418 exemplo
2939 1366 3233 1411 sermonem
3260 1357 3533 1414 dilucidio-

1978 1438 2086 1477 rem
2132 1427 2365 1492 reddam,
2414 1435 2699 1502 cogitemus
2759 1438 3093 1498 Salomonem
3135 1455 3191 1499 et
3232 1446 3472 1503 Eliszeum
3508 1466 3522 1503 :

1977 1516 2131 1570 ambo
2167 1520 2305 1573 enim
2333 1536 2416 1575 res
2446 1526 2676 1581 occultas
2719 1530 2769 1583 in
2811 1534 3038 1587 medium
3078 1537 3421 1605 adducebant,
3469 1550 3519 1597 ct

1976 1604 2276 1661 abscondita
2310 1612 2609 1669 revelabant
2638 1635 2651 1671 :
2683 1620 2772 1672 sed
2800 1637 2900 1675 non
2923 1626 3077 1679 ambo
3102 1627 3280 1682 eadem
3304 1631 3524 1699 virtute;

1975 1695 2066 1747 sed
2095 1695 2178 1750 ille
2207 1699 2415 1766 quidem
2441 1718 2502 1756 ex
2533 1706 2798 1773 prudentia
2827 1711 3048 1767 humana
3070 1756 3083 1777 ,
3135 1732 3163 1769 a
3213 1728 3392 1775 natura
3440 1736 3529 1776 sis-

1977 1798 2124 1837 mens
2151 1789 2478 1844 occasionem
2508 1794 2645 1850 circa
2670 1802 2973 1856 meretrices
3001 1804 3118 1859 illas
3140 1809 3382 1864 mulieres
3411 1811 3520 1879 (a);

1978 1870 2059 1925 hic
2086 1888 2207 1926 vero
2228 1878 2501 1934 ratiocinio
2523 1883 2666 1938 nullo
2683 1902 2827 1953 usus,
2848 1890 3004 1959 (quod
3034 1896 3173 1949 enim
3198 1899 3521 1955 ratiocinium

1975 1962 2115 2019 Giezi
2144 1967 2336 2024 furtum
2362 1977 2593 2031 revelare
2623 1983 2945 2057 potuisset?)
2997 1989 3085 2043 sed
3113 2005 3175 2044 ex
3206 1991 3376 2046 divina
3404 2010 3521 2064 gra-

1974 2054 2043 2106 tia
2070 2071 2129 2109 ea
2157 2073 2272 2127 qua:
2300 2066 2478 2131 procul
2511 2067 2640 2120 facta
2667 2084 2815 2126 erant
2842 2054 3092 2143 pnevidit.
3140 2081 3205 2134 Et
3233 2054 3432 2150 senem:
3465 2090 3517 2142 5.

1972 2152 2015 2195 et
2041 2145 2312 2215 principem
2335 2169 2483 2221 super
2508 2159 2882 2232 quinquaginta.
2912 2163 3039 2221 Cum
3068 2170 3129 2222 iis
3156 2174 3309 2226 etiam
3341 2189 3517 2231 senem

1971 2241 2025 2285 et
2055 2236 2337 2308 principem
2364 2257 2519 2312 super
2543 2250 2908 2322 quinquaginta
2938 2272 2993 2311 se
3035 2260 3359 2318 sublaturum
3403 2281 3520 2322 esse

1972 2322 2097 2377 dicit
2144 2342 2157 2380 :
2206 2344 2383 2385 senem
2416 2350 2517 2389 non
2545 2338 2852 2409 simpliciter
2889 2362 3006 2400 cum
3048 2350 3134 2418 qui
3184 2358 3519 2410 consenuerit

1970 2412 2115 2478 dicit,
2147 2419 2237 2471 sed
2276 2435 2395 2475 eum
2434 2427 2522 2491 qui
2561 2444 2677 2483 eum
2723 2434 2914 2489 canitie
2954 2412 3281 2505 prudentiam
3310 2446 3517 2500 canitiei

1970 2512 2370 2562 consentaneam
2394 2524 2584 2567 servat.
2616 2516 2741 2572 Cum
2764 2536 2887 2576 vero
2910 2524 3036 2579 dicit
3058 2530 3339 2599 principem
3361 2549 3519 2603 super

1968 2592 2371 2665 quinquaginta,
2416 2619 2516 2658 non
2562 2613 2855 2679 quempiam
2893 2592 3183 2685 hujusmodi
3224 2592 3516 2697 principem

1970 2694 2244 2751 memorat,
2292 2692 2384 2746 sed
2426 2693 2524 2748 hoc
2551 2700 2762 2756 nomine
2789 2706 3049 2775 principes
3077 2692 3260 2768 omnes
3280 2716 3516 2773 subindi-

1968 2779 2069 2823 cat.
2114 2772 2250 2829 Nihil
2277 2781 2436 2846 enim,
2467 2785 2594 2840 nihil
2620 2798 2765 2846 certe
2795 2772 3162 2868 miserabilius,
3189 2818 3341 2872 quam
3373 2808 3517 2862 nullo

1968 2862 2268 2929 magistratu
2298 2871 2437 2938 regi,
2484 2883 2537 2927 ut
2565 2878 2690 2931 nihil
2719 2883 3063 2946 periculosius
3088 2893 3203 2943 navi
3229 2907 3325 2949 suo
3351 2896 3515 2951 desti-

1969 2958 2073 3003 tuta
2121 2955 2490 3021 gubernatore.
2542 2964 2721 3033 Neque
2766 2971 2851 3025 ltie
2886 2976 3101 3042 gradum
3143 2982 3297 3049 sistit,
3328 2986 3418 3039 sed
3460 2998 3516 3040 et

1965 3037 2118 3091 aliam
2149 3058 2387 3112 magnam
2412 3053 2619 3106 tutelam
2643 3071 2699 3111 se
2718 3059 3011 3118 ablaturum
3033 3073 3396 3140 comminatur,
3421 3091 3515 3130 eos

1965 3127 2051 3192 qui
2078 3128 2211 3184 bona
2237 3132 2363 3189 dare
2387 3140 2600 3193 consilia
2632 3147 2851 3213 possint,
2892 3152 2981 3219 qtti
3022 3171 3124 3209 non
3156 3160 3327 3214 minus
3352 3178 3508 3230 quam

1962 3230 2105 3271 arma
2127 3220 2419 3280 civitatibus
2443 3228 2663 3287 afferunt
2690 3238 2959 3294 auxilium.
2987 3244 3114 3299 Nam
3146 3250 3216 3301 ait
3238 3267 3251 3302 :
3274 3220 3511 3321 Auferen:

1960 3309 2300 3366 admirabilem
2333 3319 2706 3391 consiliarium,
2752 3337 2797 3380 et
2837 3333 3108 3397 sapientem
3148 3341 3508 3407 architectum;

1962 3413 2062 3451 non
2121 3411 2429 3461 Structorem
2484 3410 2689 3481 dicens,
2744 3418 2834 3472 sed
2879 3420 2929 3474 in
2984 3428 3204 3493 negotiis
3246 3432 3505 3497 peritum.

1960 3489 2117 3543 multa
2169 3492 2415 3563 doctum,
2459 3510 2513 3554 et
2554 3518 2673 3558 cum
2718 3510 2989 3575 prudentia
3054 3489 3506 3579 omnia-civitatis

1958 3580 2159 3645 negotia
2197 3583 2562 3645 administrare
2604 3596 2873 3653 scientem.

2024 3668 2075 3720 5.
2114 3670 2240 3725 Cum
2289 3674 2371 3729 his
2415 3680 2605 3747 etiam,
2655 3685 2721 3738 Et
2763 3690 3052 3754 prudentem
3102 3701 3393 3759 auditorem.
3447 3708 3504 3763 Si

1953 3759 2090 3812 enim
2134 3760 2231 3815 hoc
2275 3765 2533 3835 abfuerit,
2570 3774 2667 3829 etsi
2709 3777 2809 3832 alia
2848 3784 3022 3837 omnia
3071 3787 3282 3858 adsint,
3335 3796 3501 3850 nihilo

1954 3848 2069 3915 plus
2112 3853 2309 3908 accedit
2352 3858 2677 3927 civitatibus,
2730 3870 2827 3922 etsi
2875 3875 3163 3943 prophetar,
3198 3884 3293 3935 etsi
3323 3887 3498 3940 consi-

1951 3936 2104 4001 liarii,
2136 3945 2233 3995 etsi
2262 3946 2594 4013 magistratus
2620 3952 2811 4021 adsint,
2832 3959 2875 4010 si
2902 3963 3075 4016 nullus
3101 3968 3167 4019 sit
3193 3971 3280 4038 qui
3300 3975 3494 4041 audiat,

1947 4028 2119 4079 omnia
2163 4029 2349 4087 frustra
2391 4046 2443 4089 et
2474 4039 2522 4091 in
2553 4041 2769 4097 nihilum
2810 4047 3021 4108 abeunt.
3066 4028 3279 4114 Videtur
3320 4075 3492 4121 autent

1947 4116 2069 4169 mihi
2092 4118 2175 4173 hic
2199 4123 2433 4191 Auferam
2453 4128 2572 4193 dici,
2590 4136 2734 4201 quasi
2753 4136 2949 4204 Sinam,
2974 4142 3294 4217 Permittam,
3314 4170 3493 4225 quem-

1944 4205 2221 4262 admodum
2247 4211 2438 4268 Paulus
2463 4218 2537 4271 ait
2582 4238 2596 4273 :
2640 4221 2865 4281 Tradidit
2896 4246 2979 4284 eos
3007 4234 3057 4287 in
3087 4205 3465 4306 reprobunrsven-
3483 4277 3492 4288 -

1941 4311 2049 4348 sum
2092 4296 2259 4367 (llam.
2298 4303 2346 4355 1.
2376 4302 2502 4375 28);
2552 4324 2653 4363 non
2700 4313 2799 4369 hoc
2841 4332 3018 4385 sensu,
3049 4296 3197 4391 quasi
3228 4330 3280 4383 in
3310 4296 3490 4389 anien-

1942 4387 2063 4439 tiam
2092 4390 2231 4459 ipsos
2254 4394 2557 4463 eonjeeerit,
2580 4401 2670 4455 sed
2689 4406 2808 4473 quia
2827 4387 3132 4477 insipientes
3148 4429 3263 4471 cum
3285 4433 3485 4492 essent,

1942 4478 2080 4546 ipsos
2104 4482 2299 4537 dimisit
2326 4496 2379 4539 et
2407 4491 2635 4558 reliquit.

2008 4569 2223 4625 Prtestat
2252 4577 2442 4628 nullum
2472 4596 2619 4648 quam
2646 4587 2827 4640 malum
2852 4592 3022 4645 ducent
3048 4597 3241 4654 habere.
3261 4607 3391 4661 -4,
3426 4607 3494 4662 Et

1935 4658 2186 4712 instituam
2211 4663 2596 4723 adolescentulos
2622 4676 2864 4745 principes
2887 4698 3074 4737 eorum.
3132 4688 3242 4745 Hoc
3277 4692 3483 4753 defectu

1935 4749 2089 4802 etiam
2117 4750 2506 4822 magistratuum
2537 4761 2684 4828 pejus
2721 4774 2774 4819 et
2802 4769 2964 4823 multo
2989 4777 3193 4841 gravius
3218 4790 3317 4835 est.
3349 4783 3477 4839 Nam

1933 4839 2019 4905 qui
2051 4840 2334 4910 principem
2371 4861 2473 4900 non
2515 4848 2690 4918 habet,
2730 4855 2861 4911 duce
2908 4839 3169 4930 privatur;
3223 4873 3309 4939 qui
3353 4890 3477 4931 vero

1932 4931 2123 4984 malum
2150 4943 2331 4990 nactus
2360 4950 2443 4992 est
2466 4940 2651 4995 ducem
2672 4985 2685 5005 .
2729 4946 2883 5004 habet
2909 4956 2997 5020 qui
3027 4970 3083 5010 se
3112 4959 3160 5012 in
3192 4931 3474 5034 principitia

1930 5019 2192 5087 conjiciat.
2224 5026 2656 5086 Adolescentulos
2681 5048 2852 5090 autem
2886 5019 2970 5095 hic
2995 5019 3251 5105 memorat
3276 5019 3379 5110 non
3420 5069 3474 5113 ut

1986 5200 2056 5270 (α)
2090 5208 2197 5290 "fec
2213 5205 2927 5290 caput‘quin‘turn
2957 5217 3062 5288 libri
3095 5229 3469 5290 Proverbiorum,

1925 5260 2003 5307 ubi
2029 5270 2191 5334 contra
2213 5260 2518 5342 meretricum
2544 5260 2797 5342 illecebras
2816 5260 3473 5342 iniiiciiﬁ'ué'idcﬁb'ébﬁtiigi

1922 5326 2191 5401 somniauit.
2214 5326 2339 5381 Quod
2362 5334 2522 5401 autem
2546 5331 2621 5401 hic
2642 5336 2706 5401 ait
2729 5326 3472 5401 compara.uto'sittitiiB'JEHELT-i

1922 5380 2101 5439 Elisteo,
2128 5380 2257 5431 illum
2280 5400 2345 5456 ex
2371 5390 2619 5465 prudentia
2656 5380 2863 5465 nauigii.
2903 5380 3468 5465 toquutl-"ni't'ﬁéﬁiii'n:

1921 5454 2038 5530 .‘Jﬁrf’
2054 5449 2629 5530 f."...§§i“fi..".i“l?i‘z_§lc
2644 5456 2907 5530 melleas.
2935 5449 3030 5530 ιιὶπι
3053 5449 3465 5530 ᾶίἓὲιεῖεὲίοιῖτᾶἶ

1920 5502 2029 5549 dum
2054 5502 2607 5581 Provérbiorumlibrum

1920 5569 1995 5611 tus
2020 5575 2150 5614 esset
2166 5569 2287 5643 ;.stfd
2314 5570 2676 5643 quod_ea,_quae
2701 5569 3468 5643 experiinitia“etisagacitat‘cnsua

1920 5628 2613 5710 noveragrdirigen‘te‘Spiritit
2653 5628 2830 5710 saneto,
2859 5628 3008 5691 literis
3053 5628 3467 5710 m_atidaret;vc:tiii

1918 5697 2078 5795 (Pilll‘il)
2102 5690 2288 5739 Elisu‘us
2318 5691 2394 5741 ilLa
2429 5690 2608 5745 tantum
2643 5690 2894 5762 sumeret,
2919 5690 3023 5766 qua:

1918 5760 2045 5795 ttsec
2081 5759 2143 5795 at.

1916 5759 2143 5800 discebat.
