4152 6468
585 403 657 459 43
1234 394 1286 447 s.
1331 387 1599 443 JOANNIS
1633 380 2091 442 CHRYSOSTOMI
2132 377 2436 434 ARCHIEP.
2477 378 2995 435 CONSTANTINOP.

566 529 770 575 mtatem
815 516 1020 583 culpet,
1066 511 1159 566 sed
1207 519 1261 562 ttt
1301 509 1508 561 illorum
1552 503 1899 572 insipientiam
1954 500 2124 568 aptius

566 608 829 666 ostendat.
860 604 1124 671 Contingit
1142 601 1281 655 enim
1317 597 1538 665 juvenes
1567 608 1686 648 esse
1713 591 1994 660 prudentes
2014 630 2028 653 ,
2075 598 2128 640 et

567 713 722 754 senes
763 698 814 751 in
862 693 1158 764 insipientia
1208 690 1402 742 vixisse
1450 705 1462 740 :
1508 699 1690 739 verum
1721 683 1840 752 quia
1880 681 1931 736 id
1960 680 2127 734 rarius

565 788 805 843 accidere
835 784 989 847 solet,
1036 782 1128 836 sed
1153 778 1472 834 contrarium
1502 777 1813 844 plerumque
1837 770 2125 837 contingit;

564 879 685 931 ideo
728 877 845 930 illos
875 874 1179 941 insipientes
1209 868 1512 922 nominavit.
1547 865 1674 918 Nam
1725 873 1777 917 ct
1821 860 2127 915 Timotheus

559 969 770 1038 juvenis
796 975 909 1021 erat
939 984 951 1019 :
985 966 1028 1016 is
1074 973 1243 1016 tamen
1291 957 1578 1026 sapientius
1602 998 1615 1016 ,
1668 969 1822 1022 quam
1873 949 2128 1004 innumeri

563 1073 751 1123 senes,
792 1055 1057 1111 Ecclesias
1105 1049 1518 1111 administravit;
1569 1054 1621 1100 et
1664 1045 1913 1099 Salomon
1964 1055 2130 1092 annos

566 1159 718 1204 natus
743 1146 1016 1202 duodecim
1049 1143 1156 1212 (τι),
1205 1156 1324 1194 cum
1363 1140 1468 1193 Deo
1497 1137 1824 1205 loquebatur,
1865 1133 2133 1198 multaque

566 1248 680 1295 erat
703 1236 911 1293 dicendi
938 1234 1119 1288 fiducia
1155 1232 1460 1292 instructus,
1508 1242 1569 1280 ae
1601 1241 1689 1278 rex
1719 1224 2013 1278 declaratus
2038 1236 2128 1275 co-

565 1339 883 1397 ronatusque
929 1334 1045 1388 est,
1092 1321 1451 1388 barbarosque
1496 1316 1677 1370 habuit
1715 1312 1982 1381 sapientize
2024 1325 2132 1364 sua:

566 1429 928 1489 spectatores;
978 1428 1148 1481 neque
1189 1411 1287 1463 viri
1335 1409 1541 1468 solum,
1596 1404 1688 1458 sed
1717 1413 1768 1457 et
1794 1402 2040 1456 mulieres
2067 1415 2130 1453 ex

572 1510 865 1580 longinquis
891 1503 1192 1575 regionibus
1219 1500 1510 1560 venientes,
1545 1494 1680 1547 hanc
1708 1492 1872 1546 solam
1901 1490 2132 1559 peregri-

570 1600 794 1655 nationis
832 1610 1042 1650 causam
1095 1590 1380 1648 habebant.
1431 1600 1622 1653 nempe
1663 1591 1721 1636 ut
1760 1597 1824 1636 ex
1854 1580 1968 1648 ejus
2005 1592 2133 1630 voce

569 1691 833 1763 qnidpiant
863 1687 1158 1741 ediscerent
1185 1678 1500 1741 ctaudircnt
1527 1692 1541 1729 :
1572 1674 1665 1728 sed
1713 1680 1769 1726 ut
1815 1669 1878 1723 ad
1926 1668 2131 1722 senium

571 1759 843 1849 pervenit,
888 1775 1109 1830 multum
1158 1771 1224 1825 de
1270 1770 1462 1822 virtute
1495 1763 1745 1817 detraxit.
1798 1759 1965 1827 Hujus
2009 1772 2135 1811 vero

569 1881 721 1942 pater
761 1869 942 1922 beatus
979 1861 1144 1918 David
1192 1873 1353 1930 grave
1392 1855 1518 1909 illttd
1566 1862 1834 1923 peccatum
1873 1864 1976 1902 non
2015 1861 2133 1901 cum

568 1962 776 2032 juvenis
800 1969 854 2014 et
881 1972 1008 2026 puer
1037 1962 1211 2018 esset,
1234 1950 1326 2005 sed
1367 1964 1487 2002 cum
1517 1947 1660 2000 illam
1683 1952 1894 1998 :ntatein
1917 1948 2135 2010 printer-

570 2067 784 2125 gressus
833 2058 998 2106 esset.
1026 2054 1146 2099 tunc
1190 2041 1441 2112 peccavit.
1499 2037 1631 2092 Cum
1675 2043 1850 2087 autem
1890 2031 2137 2100 puerulus

573 2154 747 2209 esset,
772 2138 1010 2195 mirabile
1039 2144 1290 2204 tropaeum
1318 2131 1505 2192 erexit,
1534 2127 1809 2182 barbarum
1835 2122 2132 2193 prostravit.

573 2246 887 2301 omnemque
931 2227 1168 2283 exhibuit
1203 2220 1631 2294 phi1050phiam,
1689 2231 1858 2285 neque
1910 2212 2136 2282 impedi-

575 2336 753 2380 mento
798 2322 1046 2391 juventus
1095 2317 1210 2380 luit,
1266 2312 1545 2381 quominus
1570 2310 1683 2362 haec
1708 2305 1959 2375 praeclara
1991 2313 2138 2371 ge5ta

572 2415 774 2471 ederet.
816 2409 1097 2466 Jeremiam
1127 2418 1336 2476 quoque
1360 2401 1448 2471 qui
1486 2399 1654 2453 aetatis
1679 2397 1881 2451 obicem
1921 2392 2138 2461 objicie-

575 2510 668 2563 bat
713 2515 771 2560 ut
817 2508 1105 2566 recusaret,
1157 2512 1259 2552 non
1295 2493 1507 2548 admisit
1547 2492 1705 2555 Deus,
1751 2489 1844 2543 sed
1870 2485 2050 2540 eduxit
2073 2483 2139 2537 ad

576 2597 826 2670 populum
853 2593 1151 2653 Judaicum,
1172 2589 1341 2656 ipsum
1368 2585 1496 2639 nihil
1518 2582 1638 2638 inde
1669 2577 1905 2648 impediri
1934 2576 2136 2638 dicens,

574 2691 620 2746 si
647 2695 823 2744 mente
852 2684 1001 2738 ﬂrma
1030 2679 1279 2750 praeditus
1303 2685 1462 2730 esset.
1517 2673 1644 2737 llac,
1691 2672 1796 2723 imo
1841 2667 2008 2720 multo
2039 2665 2139 2717 titi-

578 2792 708 2834 nore
733 2783 908 2835 astate,
934 2785 1088 2826 senes
1115 2767 1297 2822 Daniel
1323 2761 1597 2834 judicavit.
1645 2761 1710 2814 Et
1738 2757 1910 2813 Josias
1948 2771 2014 2808 ne
2043 2754 2139 2806 dc-

577 2883 693 2924 cem
722 2864 931 2935 quidem
975 2873 1142 2914 annos
1191 2865 1368 2917 natus,
1403 2855 1452 2907 in
1479 2852 1667 2907 solium
1701 2848 1844 2917 regni
1872 2842 2140 2905 ascendit,

577 2933 806 3024 tuncque
831 2951 1085 3012 ﬂorebat;
1139 2946 1232 3000 sed
1277 2953 1459 3013 postea
1489 2940 1749 2994 tantillum
1796 2937 2041 3003 delapsus
2092 2933 2148 2987 in

577 3021 864 3119 ignaviam,
899 3043 1146 3095 virtutem
1175 3035 1334 3090 animi
1365 3030 1716 3087 labefactavit.
1746 3025 1880 3094 Quid
1905 3039 2032 3078 vero
2051 3021 2143 3077 Jo—

579 3117 749 3209 seph’t
797 3135 988 3190 Annon
1028 3128 1257 3200 juvenis,
1307 3135 1360 3180 et
1384 3121 1667 3178 admodum
1690 3117 1939 3189 juvenis,
1985 3127 2144 3184 grave

581 3230 706 3286 illud
733 3228 926 3282 bellum
954 3222 1201 3291 suscepit,
1227 3234 1328 3272 non
1353 3215 1607 3270 adversus
1636 3209 1897 3273 homines,
1929 3205 2020 3261 sed
2046 3203 2145 3257 ad-

581 3336 763 3378 versus
804 3321 969 3389 ipsam
1013 3323 1214 3369 naturae
1259 3307 1584 3380 tyrannidem
1625 3304 1941 3362 decertans,
1986 3305 2041 3351 et
2080 3311 2145 3349 ex

582 3413 752 3469 inedia
797 3388 1008 3465 fornace
1053 3405 1370 3470 ﬂammaque
1416 3398 1620 3459 multo,
1675 3408 1832 3464 quam
1883 3390 1970 3443 illa
2022 3388 2149 3441 Per-

581 3507 687 3560 sica
719 3503 814 3574 (b),
842 3498 1106 3569 graviore,
1150 3494 1343 3546 illrcsus
1372 3488 1584 3551 cxsiliit,
1631 3500 1734 3538 non
1768 3482 1961 3543 minus,
1993 3492 2148 3547 quam

585 3608 691 3650 tres
719 3594 788 3648 illi
820 3589 987 3661 pueri,
1024 3589 1138 3641 sine
1181 3584 1373 3637 damno
1410 3575 1671 3633 manens?
1697 3569 2148 3641 Quemadmodum

584 3687 721 3740 enim
750 3659 836 3737 illi
851 3693 1072 3747 corpora
1102 3691 1220 3729 eum
1240 3673 1366 3742 ipsis
1386 3668 1590 3739 capillis
1621 3666 1782 3719 illresa
1809 3672 1934 3716 tunc
1952 3659 2150 3730 egressi

585 3773 947 3833 ostenderunt,
992 3783 1058 3822 ex
1108 3766 1249 3819 fonte
1281 3763 1454 3830 potius
1489 3772 1645 3827 quam
1683 3770 1750 3808 ex
1796 3752 2012 3805 fornace
2053 3765 2150 3804 ex-

587 3879 773 3923 euntes
804 3881 819 3916 :
849 3861 925 3916 sic
954 3869 1005 3914 et
1035 3858 1133 3911 iste
1163 3855 1213 3908 in
1243 3849 1550 3909 certamine,
1588 3860 1653 3898 ex
1680 3842 1940 3912 Egyptiac
1983 3838 2157 3892 mani-

586 3962 685 4012 bus
727 3954 938 4020 elapsus
968 3950 985 3980 ¹
1010 3989 1024 4013 ,
1066 3944 1212 4008 exiit,
1242 3955 1413 4010 neque
1439 3954 1468 3992 a
1496 3947 1656 4001 tactu,
1692 3948 1863 4000 neque
1892 3947 1921 3984 a
1955 3921 2152 3989 verbis,

587 4059 760 4115 neque
784 4042 848 4096 ab
877 4046 1112 4108 aspectu,
1143 4048 1314 4102 neque
1341 4047 1370 4084 a
1396 4028 1740 4086 vestimentis,
1767 4038 1935 4091 neque
1962 4020 2026 4073 ab
2056 4035 2154 4072 un-

588 4111 815 4206 guentis,
847 4143 963 4200 qua:
1006 4125 1288 4181 sarmentis
1312 4131 1363 4176 et
1389 4121 1503 4189 pice
1529 4115 1884 4171 ardentioretn
1911 4111 2160 4179 concupi-

589 4227 801 4284 scentia:
822 4222 1086 4276 ﬂammam
1114 4213 1507 4275 accendebant;
1551 4223 1721 4278 neque
1745 4207 1810 4259 ab
1832 4212 1984 4259 aetate
2013 4203 2158 4270 ejus-

592 4318 734 4375 modi
754 4314 1022 4386 quidpiam
1058 4321 1245 4379 passus
1276 4315 1374 4369 est,
1421 4302 1578 4372 quale
1609 4310 1664 4353 ut
1691 4301 1849 4352 homo
1879 4297 1980 4365 pati
2004 4311 2158 4363 posse

594 4407 887 4464 videbatur.
935 4404 1011 4457 Ac
1039 4409 1146 4454 tres
1184 4398 1256 4452 illi
1288 4395 1455 4464 pueri,
1498 4394 1549 4446 in
1577 4393 1691 4460 ipso
1713 4388 2001 4457 juventutis
2031 4389 2161 4439 llore

597 4511 650 4554 et
675 4506 909 4552 ventrem
940 4495 1289 4560 superarunt,
1336 4494 1389 4539 et
1420 4482 1605 4538 mortis
1633 4478 1969 4533 formidinem
1995 4477 2162 4530 ealea-

595 4598 747 4652 runt,
799 4593 1104 4650 tantumque
1151 4578 1442 4633 exercitum
1485 4575 1824 4640 furoremque
1869 4570 2010 4637 regis
2054 4568 2162 4634 ipsa

597 4679 812 4734 fornace
855 4672 1207 4728 ardentioretn
1258 4668 1517 4724 vicerunt.
1573 4663 1806 4730 nihilque
1836 4660 1954 4714 illos
1992 4667 2167 4712 exter-

599 4776 725 4833 ruit,
770 4764 865 4820 sed
909 4767 1216 4817 conatanter
1244 4761 1557 4809 manserunt
1583 4752 1761 4806 animo
1800 4749 2016 4802 minime
2049 4760 2163 4800 ser-

599 4858 692 4912 vili
722 4853 981 4910 instructi.
999 4851 1114 4906 Non
1145 4849 1303 4917 igitur
1329 4855 1539 4900 tetatem
1567 4843 1846 4897 traducens
1875 4841 1985 4894 haec
2010 4838 2162 4893 dicit:

672 5061 688 5088 ι
726 5053 903 5102 Boisius
926 5047 1065 5109 legit,
1088 5043 1288 5109 impuris
1307 5040 1536 5109 nigyptiq:
1559 5036 1774 5087 mortibus
1797 5036 2000 5109 elapsus.

665 5095 1299 5177 (afraiest‘quoruthdam
1330 5095 1728 5172 chionologorum
1759 5095 2022 5165 sententia,
2049 5095 2173 5144 Salo-

611 5159 1130 5228 inonemﬁduoderinem
1151 5178 1360 5228 regnare
1389 5159 1615 5224 cmpissé,
1643 5173 1800 5220 eaque
1825 5159 2070 5217 sapientiae
2095 5169 2172 5203 ar-

611 5226 838 5300 gumenta
862 5231 1162 5300 exhibuisse,
1189 5226 1309 5299 quin
1343 5226 1391 5273 in
1422 5228 1667 5300 scriptura
1685 5226 1931 5268 narrantur
1958 5231 1968 5264 :
2005 5230 2174 5300 vlerum

608 5277 1165 5362 ﬁeritioresvclironologi
1182 5277 1278 5349 jam
1303 5294 1403 5335 tum
1421 5277 1579 5335 virum
1608 5285 1753 5351 fuisse
1784 5286 2003 5362 censent.
2031 5277 2176 5346 certe

607 5340 648 5410 iii
666 5340 932 5408 duodennis
953 5352 1104 5399 solum
1117 5340 1232 5400 crat
1253 5362 1359 5396 cum
1385 5361 1587 5409 regnare
1611 5345 1770 5403 οωιιὶι,
1797 5350 1846 5389 et
1866 5340 2177 5408 quadraginta

611 5402 748 5470 annis
767 5402 1066 5477 regnaverit,
1084 5421 1135 5459 ut
1158 5414 1222 5459 ait
1239 5402 1505 5477 Scriptura,
1519 5402 1766 5477 annosque
1788 5409 1926 5472 natus
1945 5402 2176 5460 quinqua-

611 5464 744 5539 gilii;
765 5464 903 5539 duos,
919 5464 1108 5539 obierit,
1132 5464 1366 5537 quomodo
1390 5469 1532 5515 stabit
1557 5464 1670 5512 illud
1704 5465 1974 5539 scripturae,
1997 5470 2178 5539 linguai

615 5481 741 5539 ginta
765 5480 886 5526 duos
919 5479 1108 5530 obierit,
1132 5479 1366 5533 quomodo
1390 5479 1532 5515 stabit
1557 5479 1670 5512 tuuu
1704 5479 1798 5512 seri
1825 5479 1974 5517 itur-.e,
2002 5479 2178 5519 negaui

615 5547 694 5590 tib.
720 5541 766 5598 3,
788 5553 832 5588 e.
859 5537 933 5595 11,
952 5550 998 5585 v.
1015 5534 1078 5602 ιε
1103 5541 1307 5602 Cumque
1322 5532 1430 5591 jam
1451 5541 1596 5578 senex
1620 5532 1757 5584 esset,
1782 5479 2091 5584 depravatum
2115 5525 2180 5569 cst

619 5616 700 5652 cor
724 5595 826 5661 ejus
848 5611 933 5660 per
957 5595 1216 5645 mulieres?

679 5647 761 5723 (by
777 5647 1035 5723 VFoinaeetu
1059 5664 1196 5723 vocat
1219 5654 1449 5702 Persicam
1472 5650 1599 5699 illam
1625 5647 1945 5723 ealiylouicam
1967 5647 2014 5714 in
2037 5656 2181 5704 quam

615 5708 879 5782 tre‘s'pueri
902 5719 1104 5782 conjecti
1130 5723 1400 5782 sunt.__Jam
1445 5726 1576 5772 saepe
1617 5708 1835 5779 vidimus,
1864 5708 2094 5768 assyrium
2134 5712 2184 5753 et

615 5777 914 5847 Babyloniam
938 5777 1176 5829 Persidem
1200 5793 1224 5826 a
1248 5777 1579 5838 Chrysostutno
1604 5777 1774 5820 vocari.

3739 393 3817 445 44

2235 497 2653 566 quandoquidem
2680 507 2730 551 et
2754 499 2945 553 Paulus
2973 512 3091 552 eum
3123 499 3194 550 ait
3248 516 3258 550 :
3305 496 3423 550 Non
3465 496 3792 566 reOpIiytum,

2233 605 2294 641 ne
2342 590 2392 640 in
2442 590 2721 658 superbiant
2757 590 2935 651 elatus,
2989 590 3040 641 in
3074 589 3324 658 judicium
3373 587 3559 640 incidat
3605 586 3796 638 diaboli

2233 679 2308 746 (1.
2338 679 2472 732 Tim.
2503 681 2556 734 5.
2585 679 2664 747 6),
2706 695 2810 734 non
2840 689 2994 734 mtate
3015 680 3261 748 juvenem
3292 679 3439 743 dicit,
3490 678 3580 730 sed
3607 692 3799 730 recens

2234 771 2543 840 plantatum,
2572 771 2623 824 id
2654 782 2753 836 est,
2794 773 3086 825 institutum
3121 787 3136 835 ;
3167 770 3403 839 plantare
3427 771 3624 840 quippe
3665 767 3801 820 dicit

2235 865 2496 919 eatecliesi
2546 865 2834 928 instituere,
2895 874 2948 919 et
2994 864 3218 926 docere;
3270 871 3325 916 ut
3365 877 3481 916 cum
3515 863 3586 913 ait
3625 879 3636 912 :
3681 858 3802 927 Ego

2239 957 2481 1024 plantavi,
2516 954 2697 1025 Apollo
2724 956 2898 1025 rigavit
2938 955 3010 1023 (1.
3040 952 3156 1007 Cor.
3185 953 3238 1007 5.
3268 952 3347 1020 6).
3386 948 3624 1006 Christus
3661 964 3800 1017 quo-

2234 1059 2336 1113 que
2367 1044 2417 1097 id
2449 1044 2820 1112 plantationem
2847 1053 2996 1107 vocat
3025 1043 3203 1097 dicens
3255 1059 3267 1094 :
3313 1039 3488 1094 Omnis
3527 1039 3796 1108 plantatio,

2234 1149 2382 1202 quam
2419 1150 2516 1186 non
2553 1133 2793 1201 plantavit
2832 1132 2989 1186 Pater
3013 1148 3148 1186 meus
3175 1129 3416 1193 celestis,
3458 1127 3802 1180 eradicabitur

2238 1223 2446 1292 (Πυθώ.
2481 1222 2848 1291 15.15).Ν;ιιιι
2875 1223 2917 1276 si
2949 1222 3266 1291 ncephytutn
3289 1218 3797 1285 dixissetjuvenem,

2237 1313 2568 1368 Timotheum
2605 1322 2770 1380 certe,
2822 1313 2910 1382 qui
2935 1311 3142 1382 juvenis
3173 1318 3308 1374 erat,
3353 1317 3409 1363 et
3451 1309 3519 1361 ita
3558 1305 3795 1376 juvenis.

2239 1415 2294 1459 ut
2347 1405 2434 1458 ille
2477 1404 2715 1470 diceret,
2765 1403 2928 1458 Nemo
2965 1404 3271 1472 juventntent
3326 1410 3462 1452 tuam
3518 1404 3800 1451 contemnat

2239 1498 2317 1564 (l.
2362 1495 2494 1549 Tim.
2523 1496 2577 1550 4.
2610 1495 2697 1559 η)
2721 1536 2736 1558 ,
2783 1496 2848 1550 ad
2889 1503 3086 1549 tantum
3131 1492 3345 1546 culmen
3384 1489 3650 1558 dignitatis
3689 1503 3799 1540 non

2237 1589 2520 1649 evexisset,
2549 1601 2648 1641 nec
2677 1595 2752 1640 tot
2778 1585 3125 1640 Ecclesiarum
3156 1581 3295 1637 ferre
3323 1595 3502 1634 curam
3525 1578 3804 1650 permisis-

2238 1688 2337 1733 set.
2383 1678 2447 1732 Et
2474 1679 2704 1734 illusores
2729 1678 3111 1732 dominabuntur
3134 1675 3223 1728 eis.
3276 1671 3432 1726 Vides
3475 1670 3642 1738 ipsum
3692 1683 3800 1719 non

2239 1771 2546 1838 simpliciter
2591 1779 2801 1824 aetatem
2850 1768 3158 1831 traducere,
3200 1764 3292 1818 sed
3334 1771 3635 1830 corruptum
3681 1760 3802 1811 ani-

2241 1862 2422 1915 tnum?
2466 1863 2571 1915 llac
2596 1862 2734 1916 enim
2761 1860 3024 1914 additione
3050 1858 3099 1910 id
3125 1856 3314 1910 clarius
3339 1853 3518 1910 efﬁcit.
3556 1853 3808 1906 lllusores

2240 1954 2378 2007 enim
2407 1952 2488 2006 hic
2515 1962 2665 2006 vocat
2689 1951 3017 2018 deceptores,
3062 1947 3411 2010 cavillatores,
3460 1943 3760 1997 adulatores
3786 1983 3804 2005 ,

2240 2056 2332 2096 eos
2372 2043 2457 2111 qui
2488 2043 2661 2096 verbis
2710 2042 2929 2108 gratiam
2959 2048 3226 2108 captantes
3258 2038 3400 2106 ipsos
3427 2034 3634 2087 diabolo
3680 2048 3806 2099 pro-

2240 2136 2503 2202 pinarent.
2554 2135 2605 2188 5.
2658 2133 2720 2185 Et
2757 2141 2952 2185 corruet
2981 2130 3212 2199 populus,
3247 2132 3393 2179 homo
3422 2126 3486 2176 ad
3515 2125 3804 2184 hominem,

2240 2233 2286 2276 et
2332 2225 2477 2278 homo
2532 2223 2598 2275 ad
2651 2222 2929 2292 proximum
2972 2235 3138 2274 suum.
3187 2214 3633 2284 Quemadmodum
3661 2215 3808 2268 enim

2242 2315 2392 2384 lignis
2425 2330 2542 2384 qua:
2581 2313 2801 2368 mdilicia
2835 2311 3173 2366 continebant
3199 2307 3481 2376 corruptis,
3513 2314 3602 2358 aut
3629 2305 3811 2357 subla-

2243 2407 2328 2473 tis,
2379 2421 2597 2461 necesse
2624 2413 2704 2460 est
2730 2404 2887 2458 etiam
2915 2416 3093 2456 muros
3137 2399 3424 2469 perrumpi,
3475 2397 3618 2449 nullo
3669 2395 3806 2446 ultra

2242 2498 2501 2551 retinente
2552 2513 2567 2549 :
2618 2495 2695 2549 sic
2740 2493 2842 2548 illis
2893 2492 3131 2555 sublatis,
3157 2491 3244 2558 qui
3287 2502 3443 2557 supra
3491 2486 3616 2539 dicti
3659 2494 3804 2543 sunt,

2243 2588 2584 2659 principibus,
2636 2583 2969 2646 consiliariis,
3009 2580 3290 2651 iudicibus,
3339 2575 3628 2647 prophetis,
3677 2573 3809 2626 nihil

2244 2682 2574 2753 prohibebat,
2619 2679 2742 2747 quin
2791 2675 3014 2745 populus
3042 2677 3092 2727 in
3125 2672 3376 2726 factiones
3406 2683 3463 2723 se
3501 2667 3765 2720 scinderet
3790 2704 3809 2729 ,

2244 2785 2298 2830 ct
2325 2786 2510 2840 magna
2546 2769 2869 2839 perturbatio
2898 2767 3145 2820 oriretur.

2314 2865 2370 2919 4.
2400 2861 2566 2915 Irruet
2606 2860 2840 2929 puerulus
2885 2857 3119 2909 adversus
3156 2869 3346 2914 senem,
3368 2862 3414 2905 et
3449 2849 3678 2918 ignobilis
3717 2848 3816 2899 ad-

2243 2969 2414 3009 versus
2451 2949 2684 3004 nobilem.
2732 2944 3140 3009 Adversabitur,
3177 2942 3343 3010 inquit
3370 2982 3385 3002 ,
3407 2940 3614 3008 juvenis
3657 2935 3812 2999 seni,

2243 3041 2538 3110 despiciet,
2585 3044 2884 3092 contemnet
2935 3034 3100 3086 illum.
3152 3031 3276 3084 Haec
3326 3030 3479 3084 etiam
3529 3037 3814 3093 antequam

2247 3130 2439 3186 bellum
2484 3129 2703 3182 instaret
2739 3123 2924 3194 quovis
2953 3122 3093 3177 bello
3130 3119 3365 3189 graviora
3395 3126 3562 3171 erant.
3592 3116 3818 3181 Quando

2247 3224 2387 3278 enim
2422 3227 2666 3275 senectus
2708 3233 2736 3270 a
2777 3216 3050 3285 juventute
3090 3212 3431 3266 inhonnratur
3454 3248 3470 3272 ,
3497 3208 3731 3274 vilesque
3760 3214 3819 3258 et

2247 3312 2438 3380 abiecti
2466 3309 2705 3362 homines
2731 3303 3062 3359 honorabiles
3091 3301 3232 3369 prius
3265 3300 3406 3351 viros
3433 3297 3637 3350 calcant
3661 3335 3673 3356 ,
3705 3308 3816 3347 non

2250 3401 2452 3456 meliori
2483 3401 2534 3453 in
2563 3407 2699 3452 statu
2731 3403 2970 3450 versatur
2997 3388 3295 3459 hujusmodi
3334 3387 3519 3440 civitas
3543 3425 3557 3449 ,
3585 3398 3740 3453 quam
3769 3383 3818 3435 si

2253 3493 2485 3548 hariolos
2529 3489 2765 3543 haberet.
2806 3487 2858 3541 6.
2888 3485 3019 3551 Quia
3045 3480 3379 3552 appreltendet
3419 3478 3566 3529 homo
3609 3479 3819 3544 fratrem

2252 3599 2397 3638 suum
2435 3591 2523 3634 aut
2553 3579 2871 3632 domesticum
2902 3574 3055 3642 patris
3099 3573 3178 3624 sui
3216 3570 3428 3621 dicens:
3466 3565 3820 3617 Vestimentum

2255 3673 2424 3737 habes,
2459 3670 2688 3738 princeps
2713 3675 2874 3718 noster
2901 3672 3020 3723 esto,
3051 3669 3098 3714 et
3127 3659 3261 3712 cibus
3287 3671 3424 3709 meus
3452 3656 3543 3706 sub
3571 3663 3617 3705 te
3640 3653 3724 3706 sit.
3759 3651 3816 3702 7.

2257 3763 2322 3817 Et
2351 3760 2652 3830 respondens
2672 3759 2724 3809 in
2750 3757 2829 3808 die
2851 3755 2941 3808 illa
2975 3753 3101 3805 dicet
3124 3766 3142 3804 :
3165 3748 3282 3803 Non
3309 3762 3392 3801 ero
3421 3746 3650 3815 princeps
3673 3759 3691 3794 :
3715 3756 3819 3793 non

2257 3855 2387 3908 enim
2412 3862 2485 3905 est
2523 3853 2574 3904 in
2614 3851 2759 3902 domo
2788 3863 2896 3899 mea
2933 3844 3075 3914 panis
3105 3856 3260 3909 neque
3295 3839 3656 3892 vestimentum.
3699 3830 3821 3884 Non

2260 3960 2344 3997 ero
2388 3943 2614 4010 princeps
2639 3937 2809 4007 papuli
2838 3935 3005 4003 hujus.
3033 3932 3126 3985 llic
3166 3930 3291 3983 mihi
3320 3927 3526 3979 videtur
3561 3933 3649 3976 aut
3678 3920 3824 3974 obsi-

2260 4035 2469 4088 dionem
2500 4031 2724 4099 aliquam
2765 4025 3121 4096 gravissimam
3151 4019 3501 4080 subindicare,
3531 4029 3647 4083 qum
3677 4013 3823 4080 ipsos

2262 4127 2312 4181 in
2344 4135 2632 4179 extremam
2677 4117 3039 4172 necessitatem
3088 4109 3492 4178 redegerit;aut
3521 4104 3636 4158 sine
3677 4101 3824 4154 obsi-

2262 4217 2419 4270 dione
2447 4215 2635 4266 fantem
2664 4207 2938 4278 quamdam
2964 4201 3364 4262 intolerabilem,
3390 4196 3707 4262 multamque
3736 4206 3826 4245 rc-

2263 4322 2377 4361 rtun
2394 4301 2805 4358 necessariarum
2825 4295 3112 4365 penuriam.
3139 4290 3269 4346 Usus
3283 4298 3362 4343 est
3381 4296 3550 4339 autem
3562 4280 3832 4338 communi

2265 4393 2512 4464 loquendi
2560 4385 2934 4444 consuetudine
2976 4400 2988 4436 :
3030 4391 3081 4435 et
3127 4381 3261 4433 sicut
3309 4377 3455 4430 multi
3503 4375 3726 4428 dicunt:
3773 4370 3836 4423 Si

2267 4486 2592 4552 contingeret
2620 4478 2800 4533 urbem
2834 4484 2991 4527 totam
3019 4470 3176 4526 obolo
3211 4465 3514 4522 venumdari
3538 4503 3552 4524 ,
3582 4477 3685 4515 non
3714 4473 3842 4527 pos-

2268 4592 2378 4631 sem
2409 4576 2545 4628 illam
2584 4584 2761 4624 emere
2781 4607 2794 4630 ,
2823 4575 3111 4618 extremam
3142 4562 3217 4613 sic
3248 4565 3607 4627 paupertatem
3649 4562 3838 4605 osten-

2270 4667 2402 4720 deus
2433 4681 2444 4715 :
2474 4663 2549 4716 sic
2590 4670 2641 4713 et
2690 4656 2941 4728 propheta
2979 4652 3104 4705 dicit
3135 4669 3147 4703 :
3175 4648 3231 4703 Si
3277 4646 3598 4716 principatus
3647 4648 3839 4694 veneat

2272 4755 2584 4809 vestimento
2611 4764 2713 4802 uno
2737 4787 2752 4811 ,
2777 4757 2863 4798 aut
2892 4758 3023 4812 pane
3046 4741 3158 4793 solo
3178 4780 3192 4803 ,
3219 4752 3374 4790 nemo
3413 4736 3512 4788 erit
3541 4733 3626 4801 qui
3654 4738 3796 4784 emat
3823 4747 3839 4784 :

2275 4856 2412 4903 tanta
2434 4858 2610 4899 rerum
2629 4836 3038 4895 necessariarum
3067 4829 3281 4901 penuria
3306 4828 3425 4882 erit.
3446 4825 3498 4880 8.
3524 4824 3654 4889 Quia
3676 4822 3846 4874 dissoo

2275 4943 2382 4996 luta
2417 4948 2488 4992 est
2516 4933 2796 4989 Jerusalem
2821 4945 2838 4981 :
2861 4930 2960 4981 hoc
2987 4935 3088 4988 est,
3122 4921 3366 4976 derelicta
3397 4928 3450 4972 et
3478 4918 3683 4970 deserta
3716 4921 3798 4965 est
3823 4951 3843 4976 ,

2279 5033 2369 5086 Dei
2395 5024 2720 5100 providentia
2753 5017 3034 5075 denudata.
3066 5012 3134 5066 Et
3159 5011 3343 5065 Judwa
3366 5007 3582 5061 concidit
3604 5020 3622 5056 :
3644 5010 3851 5071 pertur-

2279 5094 2508 5180 batione,
2537 5115 2702 5184 inquit
2727 5154 2741 5176 ,
2763 5119 2816 5164 et
2843 5106 3062 5161 tumultu
3091 5102 3286 5170 repleta
3312 5109 3393 5154 est
3416 5139 3427 5161 ,
3462 5094 3768 5150 confusione
3791 5099 3852 5143 et

2281 5211 2557 5265 seditione.
2589 5178 2651 5257 Et
2683 5203 2865 5269 linguae
2890 5211 3058 5250 eorum
3087 5208 3198 5245 cum
3225 5188 3487 5259 iniquitate
3513 5185 3589 5236 liis
3615 5195 3724 5250 qua:
3745 5178 3851 5229 Do-

2283 5301 2403 5353 mini
2445 5307 2557 5350 sunt
2607 5310 2704 5346 non
2746 5291 3100 5352 obtemperant.
3145 5280 3340 5334 Deinde
3387 5288 3544 5330 causa
3588 5271 3852 5324 malorum

2284 5389 2629 5449 subnectitur,
2651 5384 2838 5449 lingua:
2861 5372 3278 5443 intemperantia.
3305 5368 3356 5421 ld
3387 5364 3526 5435 quod
3548 5364 3681 5416 Osee
3703 5375 3861 5413 coar-

2284 5485 2394 5554 gttit
2435 5481 2650 5533 dicens:
2679 5471 2921 5541 Epltraim
2954 5469 3004 5519 in
3041 5464 3292 5518 interitum
3328 5459 3554 5510 abierunt
3594 5455 3642 5506 in
3683 5451 3860 5504 diebus

2286 5545 2690 5640 rerlriv-gutionis;
2726 5566 2776 5616 in
2841 5561 3060 5612 tribubus
3109 5553 3270 5609 Israel
3319 5547 3512 5603 ostendi
3561 5545 3658 5613 ﬁde
3703 5545 3862 5613 digna

2290 5631 2516 5736 (Osee'ii.
2550 5660 2602 5728 9)
2633 5674 2646 5719 ;
2679 5664 2732 5708 et
2761 5649 3037 5705 Malaeltias
3077 5644 3259 5702 eadem
3299 5641 3490 5694 iterum
3530 5637 3655 5693 dicit
3684 5652 3696 5686 :
3724 5631 3857 5684 Pro—-

2295 5763 2452 5825 ptime
2470 5750 2818 5819 t‘Ipt'OlH‘ttlllCS
2845 5741 2902 5793 iis
2919 5740 3000 5807 qui
3021 5740 3399 5806 prouocauerunt
3422 5727 3577 5780 Deum
3601 5726 3650 5777 in
3673 5739 3873 5779 termo-
