4056 6496
429 443 503 501 45
1131 431 1191 487 S.
1225 428 1506 486 JOANNIS
1542 427 2018 486 CIIRYSOSTOMI
2051 427 2368 487 ARCHIEP.
2404 426 2941 488 CONSTANTINOP.
3744 452 3822 507 46

432 553 624 624 νόμον⁹
680 547 978 619 ὀφείλοντες
1029 544 1157 613 γοῦν
1215 543 1557 613 αἰσχύνεσθαι
1621 543 1714 596 ἐπὶ
1768 543 1937 613 τούτῳ
1981 543 2075 595 καὶ

429 639 706 713 ἐρυθριᾷν,
747 632 1173 705 ἐγκαλύπτεσθαι
1222 632 1315 684 καὶ
1347 630 1494 684 κάτω
1520 629 1765 691 κύπτειν,
1805 631 1854 680 οἰ
1896 629 1950 680 δὲ
1981 629 2074 682 καὶ

427 724 848 796 ἐπαγωνίζονται
883 723 994 784 τοῖς
1035 718 1335 790 προτέροις,
1378 717 1517 786 μετά
1541 715 1634 769 τοῦ
1681 717 1756 785 μὴ
1794 717 1964 768 ποιεῖν
2000 715 2069 767 τά

427 811 821 882 ἐπιτεταγμένα
862 809 957 863 καὶ
994 805 1224 877 φορτικά
1416 803 1773 873 φθεγγόμενοι
1813 803 2030 872 ῥήματα
2054 816 2068 829 σ

424 897 623 955 ὡσανεί
680 897 894 967 οἰκέτης
953 911 1035 958 τις
1115 891 1400 961 ἀγνώμων,
1457 889 1940 958 ἐγκαταλιμπάνων
2005 887 2074 940 τά

427 986 771 1056 δπιτάγματα
801 981 892 1034 τοῦ
919 979 1201 1044 δεσπότου,
1225 977 1304 1030 ἐτι
1334 977 1428 1030 καὶ
1456 976 1788 1047 θρασύνοιτο.
1836 972 1931 1027 Διὸ
1959 972 2073 1026 νῦν

423 1068 833 1136 έταπεινώθηή
854 1066 1003 1130 δόξα
1031 1064 1237 1130 αὐτοῦ,
1270 1061 1366 1117 καί
1394 1061 1432 1129 ἠ
1461 1061 1720 1130 αἰσχύνη
1753 1059 1858 1113 τοῦ
1883 1072 2070 1127 προσ-

426 1158 589 1212 ώπου
633 1153 816 1210 αὑτοῦ
855 1151 1112 1218 ἀντέστη
1141 1148 1362 1214 αὐτοῖς.
1409 1147 1577 1201 Πάλιν
1616 1147 1683 1200 τὰ
1715 1145 1972 1215 μέλλοντα
1997 1143 2073 1207 ὡς

427 1240 831 1317 παρεληλυθότα
865 1239 1030 1307 λέγει,
1066 1236 1144 1307 τῷ
1176 1234 1396 1306 συνήθει
1428 1232 1762 1304 κεχρημένος
1795 1231 1944 1301 νόμῳ
1971 1229 2070 1299 τῆς

425 1329 776 1404 προφητείας.
845 1324 1182 1381 Ταπείνωσιν
1233 1323 1289 1376 δὲ
1336 1321 1493 1392 δόξης
1543 1321 1641 1404 τήν
1703 1318 2072 1404 αἰχμαλωσίαν

425 1403 598 1475 καλεῖ.
627 1417 702 1473 Ού
730 1415 838 1486 γὰρ
863 1414 958 1484 τῆς
982 1410 1248 1482 τυχούσης
1278 1409 1534 1478 αἰσχύνης
1565 1403 1654 1478 ἦν,
1685 1407 1810 1469 τοὺς
1837 1407 1895 1459 ἐν
1923 1403 2071 1468 τάξει

422 1507 531 1560 τῶν
555 1503 940 1576 βασιλευόντων
966 1500 1062 1571 τῆς
1081 1499 1402 1568 οἰκουμένης
1425 1497 1601 1558 ὄντας,
1621 1490 1836 1556 τούτους
1863 1491 2070 1562 ἀνθρώ-

424 1611 546 1657 ποις
582 1590 825 1663 βεϐήλοις
865 1588 960 1642 καί
991 1585 1284 1658 βαρϐάροις
1315 1581 1690 1652 ὑποτετάχθαι.
1719 1579 1984 1649 Αἰσχύνην
2014 1577 2069 1630 δὲ

425 1679 714 1753 ⁴προσώπου
751 1672 980 1729 ἐνταῦθα
1006 1674 1103 1745 τήν
1133 1671 1239 1727 ἀπὸ
1270 1673 1368 1742 τῆς
1405 1669 1675 1740 ἁμαρτίας
1720 1666 2070 1753 ἐγγινομένην

425 1748 577 1837 φησί.
607 1763 856 1826 Τοιοῦτος
883 1760 991 1832 γὰρ
1019 1755 1087 1830 ἦν
1110 1757 1284 1813 αὐτῶν
1315 1757 1344 1808 6
1373 1756 1502 1825 βίος.
1557 1753 1707 1806 Ἐπεὶ
1745 1748 1836 1806 οῦν
1869 1751 2068 1820 προλαο

424 1856 607 1918 ϐάντες
641 1852 862 1915 ἑαυτοὺς
918 1848 1277 1918 κατῄσχυναν,
1313 1844 1378 1897 δι’
1424 1837 1497 1897 ὧν
1543 1842 1826 1912 ἔπραττον,
1871 1841 1957 1894 διὰ
2008 1839 2070 1910 δὴ

421 1940 577 1995 τοῦτο
603 1941 630 1995 6
646 1937 775 2002 Θεδς
797 1937 893 2007 τῆς
917 1935 1072 2003 δόξης
1108 1933 1300 1995 αὐτοὺς
1328 1930 1597 1998 ἐξέϐαλεν,
1628 1929 1865 1982 ἐλάττονι
1893 1944 2069 1998 παρα-

422 2029 595 2090 διδοὺς
621 2025 858 2096 τιμωρίᾳ
879 2023 977 2093 τῆς
1004 2022 1094 2074 ὑπ’
1129 2020 1304 2074 αὐτῶν
1337 2018 1714 2088 ἐπενεχθείσης
1759 2016 1959 2077 αὐτοῖς.
1995 2015 2068 2067 Ού

421 2117 530 2188 γὰρ
551 2115 722 2179 οὕτως
762 2109 900 2184 ἦσαν
938 2109 1280 2164 ἐπονείδιστοι
1308 2108 1407 2178 τὴν
1437 2105 1717 2177 ἀλλοτρίαν
1758 2103 2028 2167 οἰκοῦντες
2053 2144 2069 2169 ,

421 2206 495 2268 ὡς
533 2203 621 2257 ὅτε
648 2201 745 2270 τὴν
771 2197 1095 2269 μητρόπολιν
1127 2195 1337 2265 ἔχοντες
1381 2194 1748 2263 παρηνόμουν.
1791 2191 1923 2243 Τότε
1972 2190 2069 2259 μέν

421 2292 528 2362 γάρ
546 2289 640 2343 καὶ
667 2286 981 2340 ἐνεκόπτετο
1013 2284 1193 2345 αὐτοῖς
1229 2281 1297 2334 τά
1337 2280 1434 2349 τῆς
1471 2279 1698 2341 κακίας’
1736 2278 1826 2330 ἐπὶ
1867 2277 1925 2330 δὲ
1971 2276 2070 2344 τῆς

421 2376 675 2448 πατρίδος
704 2375 798 2428 καὶ
826 2373 959 2443 πρὸς
983 2372 1042 2424 τὸ
1072 2370 1252 2440 μεῖζον
1279 2368 1456 2439 ᾔρετο.
1491 2367 1646 2432 Μέγα
1675 2365 1852 2417 τοίνυν
1875 2363 2070 2424 αὐτοὺς

420 2469 448 2520 6
472 2464 753 2535 προφήτης
779 2459 1026 2513 ἐπαίδευε
1066 2457 1261 2526 δόγμα,
1294 2451 1564 2521 πανταχοῦ
1604 2451 1800 2503 πείθων
1830 2449 1934 2518 πρὸ
1974 2448 2070 2516 τῆς

423 2552 689 2612 κολάσεως
715 2547 810 2616 τὴν
843 2543 1102 2614 πονηρίαν
1129 2541 1366 2610 φεύγειν,
1399 2539 1492 2592 καὶ
1521 2535 1949 2606 ἐγκαλύπτεσθαι
1978 2535 2070 2588 καί

419 2633 768 2706 αἰσχύνεσθαι
795 2647 807 2661 ’
833 2632 930 2701 οὐχ
957 2631 1083 2682 ὅταν
1113 2626 1374 2698 βάρϐαροι
1405 2625 1658 2686 λαϐόντες
1705 2621 1920 2684 δούλους
1963 2622 2070 2675 ἀπ-

424 2721 769 2794 άγωσιν,ἀλλ⁹
791 2720 919 2773 ὅταν
941 2719 974 2787 ή
1009 2718 1107 2786 τῆς
1139 2714 1407 2784 ἁμαρτίας
1428 2712 1671 2781 τυραννὶς
1697 2707 2069 2780 αἰχμαλώτους

417 2813 538 2883 ἔχῃ.
577 2809 700 2876 Τὴν
723 2807 790 2861 δέ
809 2804 1096 2875 ἁμαρτίαν
1116 2800 1330 2863 αὐτῶν,
1365 2803 1444 2865 ὠς
1472 2799 1764 2883 Σοδόμων,
1795 2795 2068 2864 ἀνήγγει-

416 2881 538 2952 ,ἰὰν
561 2896 659 2950 καί
686 2892 1046 2963 ἐνεφάνισαν
1085 2901 1135 2943 ο.
1181 2889 1247 2941 Ὃ
1290 2887 1545 2948 πολλάκις
1581 2881 1751 2948 εἷπον,
1795 2883 1936 2951 λέγω
1976 2883 2070 2934 καί

418 2986 536 3039 νῦν·
559 2986 641 3038 ὃτι
660 2981 872 3044 δεικνὺς
895 2978 986 3033 τοῦ
1008 2977 1139 3030 Θεοῦ
1162 2975 1257 3046 τὴν
1282 2976 1470 3046 φιλανθ
1480 2975 1685 3045 ρωπίαν
1710 2976 1737 3027 6
1765 2975 2066 3043 προφήτης,

415 3075 513 3143 οὐχ
558 3071 595 3126 δι
640 3069 887 3140 μέλλουσι
926 3067 1149 3134 πάσχειν
1197 3063 1468 3133 προλέγει,
1501 3061 1635 3114 ἀλλά
1663 3062 1758 3113 καὶ
1795 3061 1831 3115 ἀ
1879 3060 2069 3114 παθεῖν

415 3158 554 3232 ἦσαν
579 3158 738 3225 ἄξιοι.
767 3156 848 3208 Τά
872 3154 969 3223 μὲν
995 3153 1103 3222 γὰρ
1125 3153 1338 3220 ήμαρτη
1349 3151 1480 3218 μένα
1505 3149 1682 3211 αὐτοῖς
1711 3149 1800 3201 ῖσα
1821 3147 2069 3218 Σοδόμοις

413 3246 502 3320 ἦν,
534 3248 601 3302 τὰ
636 3245 692 3300 δὲ
725 3244 824 3313 τῆς
849 3240 1111 3311 τιμωρίας
1138 3238 1550 3306 καταδεέστερα.
1597 3237 1670 3288 Οὐ
1703 3235 1812 3305 γὰρ
1836 3235 2062 3304 προρῤί-

416 3338 543 3401 ζους
601 3333 795 3393 αὐτοὺς
842 3328 1173 3398 ἀνήρπασεν,
1233 3324 1351 3377 οὐδὲ
1393 3325 1457 3376 ἐκ
1510 3323 1721 3393 βάθρων
1771 3322 1868 3392 τὴν
1918 3322 2069 3374 πόλιν

417 3424 721 3479 ἀνέσπασεν
748 3418 800 3482 ιδ,
825 3416 944 3470 οὐδὲ
976 3414 1201 3481 λείψανα
1239 3411 1332 3464 τοῦ
1371 3411 1556 3477 γένους
1583 3411 1828 3478 ἠφάνισε.
1879 3409 1951 3461 Τὸ
1990 3408 2067 3471 δὲ,

428 3507 814 3577 Ἀνήτγειλαν
846 3502 940 3556 καί
977 3498 1358 3568 ἐνεφάνισαν,
1402 3496 1877 3567 ἀνθρωπινώτερον
1921 3494 2072 3566 εἴρη-

415 3614 522 3651 ται.
545 3595 620 3648 υύ
653 3589 761 3664 γάρ
789 3591 908 3644 τότε
939 3587 1236 3659 μανθάνειὸ
1270 3584 1398 3647 Θεὸς
1439 3585 1508 3636 τὰ
1549 3584 1903 3653 γεγενημένα,
1943 3583 2070 3637 ὅταν

417 3683 634 3752 γένηται
653 3680 790 3750 (πῶς
803 3676 931 3747 γάρ.
954 3678 981 3729 6
998 3674 1169 3727 πάντα
1198 3672 1349 3735 εἰδὼς
1380 3671 1507 3740 πρὶν
1527 3672 1787 3740 γενέσεως
1810 3670 1986 3724 αὐτῶν
2006 3675 2065 3738 ;),

413 3770 642 3826 ἀλλ’ἵνα
669 3766 818 3836 δείξῃ
861 3765 919 3816 τὸ
961 3761 1185 3831 μέγεθος
1213 3761 1308 3828 τῆς
1363 3761 1642 3829 συμφορᾶς
1679 3758 1848 3822 οὕτως
1894 3756 2065 3814 εἶπεν,

485 3861 548 3911 ε’.
590 3855 797 3921 Ὠσπερ
842 3852 949 3919 γὰρ
988 3846 1217 3915 ἀλλαχοῦ
1259 3863 1440 3914 φησιν,
1513 3847 1718 3911 Ἀνέϐη
1763 3847 1795 3913 ἡ
1842 3846 2066 3914 κραυγὴ

414 3942 523 4012 τῆς
554 3941 762 4005 κακίας
791 3936 983 3992 αὐτῶν
1013 3936 1159 4004 πρός
1184 3951 1279 4002 με,
1327 3935 1444 4002 ούχὶ
1475 3933 1562 3985 τὸν
1603 3931 1732 3984 Θεὸν
1775 3933 2070 3995 ἀποικίζων

417 4049 518 4084 που
553 4030 758 4099 πόρρω,
811 4026 902 4078 καὶ
952 4025 1030 4085 εἰς
1079 4022 1169 4073 τὸν
1216 4019 1440 4090 οὐρανὸν
1507 4019 1847 4087 περικλείων,
1901 4021 2070 4072 ταῦτά

418 4134 601 4185 φησιν,
626 4113 759 4167 ἀλλά
789 4113 849 4164 τὸ
883 4110 1107 4180 μέγεθος
1132 4112 1227 4174 τῆς
1271 4107 1542 4176 ἁμαρτίας
1573 4106 1746 4174 δηλῶν
1773 4123 1785 4137 ·
1827 4105 1966 4158 οὕτω
2005 4107 2067 4176 δὴ

419 4205 513 4256 καὶ
533 4200 783 4260 ἐνταῦθα,
816 4196 1212 4264 ’Λνήγγειλαν,
1236 4193 1331 4262 τὴν
1362 4194 1459 4244 ὐπε
1471 4191 1662 4262 ρϐολὴν
1687 4192 1782 4260 τῆς
1812 4192 2070 4261 πονηρίας

415 4288 761 4357 δεικνύμενος
829 4283 993 4350 λέγει.
1052 4281 1131 4332 Τἀ
1181 4281 1276 4350 μὲν
1329 4280 1433 4349 γάρ
1482 4296 1497 4315 ι’
1541 4279 1932 4348 καταδεέστερα
1962 4279 2067 4330 τῶν

418 4374 824 4446 ἁμαρτημάτων
863 4371 955 4422 καί
1002 4370 1180 4421 λαθεῖν
1217 4368 1414 4419 δύναιτ’
1459 4368 1520 4419 ἄν
1545 4384 1558 4395 ο
1612 4367 1677 4418 τὰ
1718 4367 1772 4417 δὲ
1803 4367 2069 4434 ὑπερϐάλ-

420 4467 578 4519 λοντα
625 4463 718 4517 καὶ
769 4459 974 4531 μεγάλα
1020 4459 1182 4510 πᾶσίν
1221 4460 1334 4509 ἐστι
1365 4456 1612 4525 γνώριμα
1648 4456 1737 4506 καὶ
1767 4456 2069 4522 καταφανῆ,

421 4549 521 4604 κᾶν
557 4549 743 4619 μηδεὶς
769 4548 799 4600 6
835 4543 1149 4615 κατηγορῶν
1193 4539 1249 4613 ᾗ,
1297 4541 1429 4611 μηδὲ
1475 4541 1726 4608 ἐλέγχων.
1777 4540 1921 4591 Λύτά
1965 4541 2071 4608 γὰρ

421 4637 587 4692 ἐαυτά
617 4633 963 4702 καταγγέλλει
993 4634 1082 4684 καὶ
1112 4631 1244 4698 δῆλα
1275 4632 1434 4682 ποιεῖ.
1470 4628 1791 4697 Βουλόμενος
1824 4628 1850 4665 ιι
1884 4629 1912 4679 6
1940 4645 2072 4696 προ-

420 4728 594 4794 φήτης
626 4720 855 4774 ἐνταῦθα
884 4718 1226 4782 δείξασθαιτὸ
1258 4715 1479 4785 μέγεθος
1508 4715 1615 4766 τῶν
1648 4714 1850 4777 κακῶν,
1887 4713 2068 4782 φησὶν,

433 4810 818 4878 Ἀνήγγειλαν
841 4806 938 4858 καὶ
961 4803 1341 4872 ἐνεφάνισαν,
1386 4803 1646 4862 τουτέστι,
1692 4804 1827 4869 μετά
1874 4801 2069 4868 πολλῆς

417 4897 514 4966 τῆς
535 4894 853 4964 ὑπερϐολῆς,
889 4891 1022 4962 μετά
1047 4890 1242 4958 πολλῆς
1278 4889 1374 4957 τῆς
1407 4889 1776 4956 ὑπερηφανίας
1822 4887 1888 4938 τά
1932 4887 2071 4938 κακὰ

418 4985 700 5052 ἔπραττον,
724 4981 842 5034 οὐδὲ
869 4979 1262 5047 αἰσχυνόμενοι,
1289 4976 1405 5027 οὐδὲ
1435 4976 1913 5043 ἐγκαλυπτόμενοι,
1938 4976 2070 5026 ἀλλά

420 5067 648 5138 μελέτην
673 5067 771 5135 τὴν
802 5065 1060 5134 πονηρίαν
1101 5061 1424 5131 ποιούμενοι.

490 5155 634 5207 Οὐαί
666 5151 737 5220 τῇ
766 5150 934 5220 ψυχῇ
959 5149 1172 5212 αὐτῶν,
1205 5149 1351 5200 διότι
1376 5147 1802 5210 βεϐούλευνται
1831 5147 2072 5210 ,ϐουλὴν

417 5242 688 5308 πονηρὰν
740 5239 867 5292 καθ’
938 5236 1184 5299 ἑαυτῶν,
1256 5237 1560 5298 εἰπόντες·
1628 5233 1906 5300 Δήσωμεν
1968 5237 2072 5286 τὴν

417 5328 667 5392 δίκαιον,
693 5328 781 5381 ὅτι
808 5326 1193 5394 δύσχρηστος
1221 5321 1362 5390 ἡμῖν
1389 5323 1568 5372 ἐστιν.
1616 5322 1888 5383 Ἐπίτασις
1920 5339 2073 5390 πονη-

478 5533 649 5594 “Reg.
696 5530 977 5592 ἐνεφάνησαν
1017 5527 1096 5576 hic
1137 5531 1184 5575 el
1209 5527 1351 5582 infra,
1379 5524 1526 5572 Savil.
1554 5533 1604 5572 el
1653 5525 1818 5573 Morel.
1867 5527 2070 5587 ἐνεφάνι-

415 5612 521 5694 “2'
544 5654 674 5711 Rrec,
695 5653 803 5700 οὐδὲ
821 5652 874 5700 ἐκ
896 5651 1074 5713 βάθρων
1094 5651 1177 5705 τὴν
1209 5649 1341 5695 πόλιν
1362 5648 1643 5706 ἀνέσπασεν,
1669 5648 1846 5696 desunt
1870 5650 1916 5694 in
1947 5649 2066 5709 Reg.

419 5837 576 5900 μαθεῖν
601 5835 798 5900 δύναιτ’,¹
816 5837 972 5880 minus
998 5839 1150 5900 τρέω.
1186 5891 1194 5900 _
1403 5888 1416 5900 ν

476 5897 502 5935 d
531 5898 644 5944 Post
666 5896 937 5955 βουλὸίιενοτ
961 5893 1148 5942 ndclur
1168 5891 1340 5937 deesse
1371 5891 1470 5946 οἰκ,

419 5964 585 6007 censet
607 5957 830 6004 Savilius.

1515 5898 1588 5938 ενι(
1618 5893 1730 5950 quis]
1776 5894 1932 5940 Limili'
1967 5910 1974 5940 :
2008 5898 2070 5956 it;

2181 543 2300 612 ρίας
2337 541 2472 615 [59],
2509 543 2636 596 ὅταν
2668 543 2741 614 μή
2773 543 2928 612 μόνον
2960 540 3328 611 ἁμαρτάνωσι,
3375 541 3507 613 μηδὲ
3547 543 3621 613 μὴ
3659 546 3816 614 μόνον

2182 629 2314 698 μετά
2342 632 2647 702 παρρησίας
2677 630 3075 700 ἁμαρτάνωσιν,
3111 628 3224 681 ἀλλ’
3257 631 3382 682 ὅταν
3410 632 3643 694 καὶτοὺς
3663 631 3819 685 δυνα-

2177 715 2368 785 μένους
2395 717 2463 770 τά
2485 717 2706 771 τοιαῦτα
2727 715 2966 786 διορθοῦν
2983 715 3368 769 ἀπελαύνωσιν.
3404 717 3611 788 Ὥσπερ
3638 717 3744 788 γάρ
3767 718 3818 769 οἰ

2171 805 2430 876 φρενίτιδι
2460 805 2808 877 κατεχόμενοι
2852 805 2942 858 τὸν
2987 803 3167 876 ἰατρὸν
3197 803 3453 868 πολλάκις
3497 806 3816 873 συνέκοψαν,

2168 890 2311 945 οὕτω
2339 891 2402 962 δὴ
2428 892 2521 946 καὶ
2559 885 2703 947 οῦτοι
2739 891 2833 945 τοῦ
2882 893 3054 946 νοσεῖν
3093 892 3286 946 ἀνίατα
3329 892 3582 962 μέγιστον
3621 892 3820 961 δεῖγμα

2167 977 2324 1031 τοῦτο
2348 979 2621 1051 ἐξέφερον,
2637 981 2698 1034 τὸ
2709 980 2834 1043 τοὺς
2856 980 3092 1042 δικαίους
3111 979 3408 1033 ἐκϐάλλειν.
3435 978 3684 1032 Τοιοῦτον
3709 982 3824 1051 γάρ

2169 1065 2204 1134 ἡ
2233 1067 2400 1137 ἀρετή
2425 1082 2440 1097 ο
2486 1069 2580 1120 καὶ
2615 1067 2910 1140 φαινομένη
2955 1067 3132 1137 μόνον,
3179 1068 3340 1135 ἀρκεῖ
3383 1066 3614 1135 λυπῆσαι
3643 1066 3733 1118 τὸν
3761 1069 3815 1119 ἐκ

2169 1155 2336 1223 κακίᾳ
2359 1153 2554 1217 ζῶντα.
2592 1153 2840 1208 Τοιοῦτον
2869 1155 2904 1224 ή
2933 1153 3098 1208 κακία
3119 1169 3135 1184 ο
3175 1153 3294 1207 οὐδὲ
3323 1153 3649 1224 ἐλεγχομένη
3686 1154 3820 1235 1:0}.-

2168 1237 2342 1302 λάκις,
2397 1241 2491 1294 καὶ
2530 1241 2628 1311 τὴν
2680 1240 2976 1311 παρουσίαν
3031 1241 3198 1312 αὐτὴν
3265 1240 3552 1312 βαρύνεται
3607 1241 3714 1294 τῶν
3761 1243 3820 1294 ἐν

2168 1324 2434 1397 ἐπιεικείᾳ
2459 1328 2878 1398 προαιρουμένη.
2908 1327 3076 1399 Διπλῆ
3101 1327 3156 1381 δέ
3188 1327 3418 1382 ἐνταῦθα
3445 1330 3476 1398 ή
3497 1329 3816 1398 κατηγορία,

2168 1414 2261 1466 καὶ
2320 1414 2378 1467 τὺ
2435 1415 2649 1483 δεσμεῖν
2701 1415 2790 1468 τὸν
2826 1415 3050 1480 δίκαιον,
3116 1416 3208 1470 καὶ
3258 1416 3318 1469 τὸ
3373 1415 3448 1479 ὡς
3493 1416 3761 1486 ἄχρηστον
3794 1427 3818 1455 ο

2166 1497 2401 1568 δεσμεῖν.
2434 1499 2598 1553 Ὅταν
2618 1497 2709 1554 οὖν
2731 1518 2813 1565 τις
2835 1502 2901 1555 τά
2928 1503 3235 1572 ὠφελοῦντα
3267 1502 3341 1573 μὴ
3367 1502 3523 1572 μόνον
3547 1502 3606 1554 ού
3649 1519 3820 1572 προσ-

2170 1582 2327 1648 ίεται,
2378 1584 2513 1638 ἀλλά
2565 1587 2662 1639 καὶ
2695 1586 2932 1658 βλαϐερὰ
2961 1587 3099 1642 αύτά
3130 1588 3321 1659 νομίζῃ
3350 1583 3508 1645 εἶναι,
3542 1588 3668 1640 ποία
3709 1587 3821 1640 λεί-

2168 1685 2327 1723 πεται
2353 1671 2534 1725 λοιπὸν
2560 1673 2890 1744 διορθώσεως
2922 1675 3190 1745 πρόφασις
3211 1692 3224 1740 ;
3252 1674 3342 1727 Διδ
3367 1676 3459 1728 καί
3484 1677 3512 1727 6
3537 1676 3820 1744 προφήτης

2171 1756 2294 1810 ἰδὼν
2338 1759 2417 1821 εἰς
2465 1758 2687 1829 ἐσχατον
2729 1760 3126 1826 ἐξοκείλαντας,
3173 1761 3279 1814 ἀπὸ
3321 1760 3530 1832 θρήνων
3593 1760 3820 1830 ἄρχεται

2169 1843 2352 1907 πάλιν,
2388 1845 2486 1898 οὐκ
2534 1845 2641 1899 ἀπὸ
2683 1847 3007 1918 κατηγορίας
3036 1849 3128 1901 καὶ
3172 1848 3548 1918 ἐγκλημάτων,
3610 1848 3816 1915 λέγων·

2171 1931 2313 1983 Οὐαὶ
2347 1930 2422 1999 τῇ
2451 1932 2619 2001 ψυχῇ
2641 1933 2867 1988 αὐτῶν·
2914 1934 3090 1988 καὶτὸ
3119 1935 3247 2006 ἐξῆς
3278 1935 3412 2005 μετά
3454 1935 3652 2006 πολλῆς
3697 1953 3797 1988 συν

2169 2018 2336 2080 έσεως
2363 2036 2375 2048 ·
2449 2020 2568 2074 Ὅτι
2628 2021 3055 2084 ,βεϐούλευνται
3097 2023 3339 2091 βουλὴν
3377 2024 3642 2090 πονηρὰν
3688 2025 3820 2079 καθ’

2166 2102 2414 2159 ἑαυτῶν.
2463 2105 2651 2159 Καίτοι
2704 2107 2770 2160 τά
2801 2109 3061 2178 γενόμενα
3103 2108 3247 2162 δοκεῖ
3284 2107 3421 2162 κατά
3458 2108 3552 2160 τοῦ
3607 2107 3820 2162 δικαίου

2167 2190 2495 2258 τολμᾶσθαι·
2521 2192 2636 2244 ἀλλ’
2663 2195 2714 2246 εἰ
2741 2211 2824 2257 τις
2847 2194 3084 2263 ἀκριϐῶς
3109 2194 3431 2259 ἐξετάσειεν,
3475 2195 3536 2247 ού
3564 2195 3705 2247 κατὰ
3725 2193 3818 2248 τοῦ

2169 2275 2484 2346 πάσχοντος,
2538 2279 2672 2334 ἀλλά
2725 2281 2831 2334 τῶν
2883 2280 3174 2334 ποιούντων
3227 2283 3261 2352 ή
3319 2281 3482 2353 βουλὴ
3535 2283 3814 2351 τρέπεται.

2179 2361 2439 2418 Ἐνταῦθα
2506 2366 2864 2435 μανθάνομεν,
2921 2369 3000 2420 ὅτι
3042 2371 3069 2421 6
3117 2369 3216 2438 μὲν
3257 2369 3439 2432 καλὸς,
3492 2369 3592 2422 κάν
3649 2371 3820 2440 μυρία

2169 2449 2349 2522 πάσχῃ
2374 2453 2539 2515 δεινά,
2573 2453 2723 2506 οὐδὲν
2770 2454 3089 2524 βεϐλάψεται
3135 2456 3283 2527 παρά
3330 2457 3436 2508 τῶν
3482 2458 3777 2510 ποιούντων
3803 2475 3815 2488 ο

2166 2538 2216 2590 οἰ
2242 2536 2298 2589 δὲ
2331 2537 2782 2605 ἐπιϐουλεύοντες,
2805 2537 2947 2595 οῦτοι
2979 2542 3178 2611 μᾶλλόν
3213 2547 3347 2596 εἰσιν
3374 2545 3422 2595 οί
3457 2543 3575 2596 καθ’
3610 2545 3820 2596 ἑαυτῶν

2167 2627 2229 2678 τὸ
2276 2625 2426 2696 ξίφος
2471 2627 2755 2691 ὠθοῦντες,
2803 2629 3048 2700 καθάπερ
3078 2632 3170 2683 καὶ
3202 2624 3368 2684 οὗτοι.
3417 2632 3519 2686 Τὸν
3568 2633 3666 2700 μὲν
3707 2634 3820 2703 γὰρ

2165 2713 2371 2767 δίκαιον
2419 2714 2568 2767 οὐδὲν
2627 2715 2888 2769 ἔϐλαπτον
2948 2718 3286 2786 δεσμοῦντες,
3351 2721 3575 2780 ἑαυτοὺς
3635 2721 3694 2772 δὲ
3761 2723 3819 2772 ἐν

2169 2799 2370 2853 πλείονι
2395 2801 2544 2870 ζόφῳ
2570 2802 2664 2854 καὶ
2689 2804 2892 2872 ἐρημία
2923 2803 3212 2870 καθίστων,
3241 2805 3329 2858 τὸν
3362 2805 3550 2875 λύχνον
3575 2807 3821 2861 ἐκποδὼν

2166 2887 2520 2956 ἁρπάζοντες.
2561 2890 2770 2942 Τοίνυν
2805 2890 2874 2942 τὰ
2911 2890 3246 2959 γεννήματα
3275 2892 3392 2946 τῶν
3416 2895 3601 2963 ἔργων
3620 2896 3822 2949 αὐτῶν

2167 2970 2472 3040 φάγονται.
2516 2973 2766 3027 Τοιοῦτον
2805 2975 2911 3045 γὰρ
2941 2978 2974 3046 ή
3012 2977 3206 3031 κακίαο
3239 2979 3375 3050 αὐτὴ
3422 2982 3480 3032 ἐν
3520 2982 3683 3052 ἑαυτῇ
3719 2983 3822 3054 τὴν

2165 3058 2434 3128 τιμωρίαν
2459 3059 2590 3129 ἔχει.
2620 3062 2729 3114 Καὶ
2765 3062 2794 3114 ὃ
2823 3062 3053 3115 ἐνταῦθά
3083 3081 3234 3133 φησι,
3269 3066 3410 3118 τοῦτ’
3435 3068 3578 3119 ἐστιν
3605 3086 3617 3096 ·
3656 3070 3820 3122 Ἀπο-

2166 3144 2452 3199 λαύσονται
2490 3147 2597 3200 τῶν
2625 3148 2851 3219 καρπῶν
2878 3150 3076 3216 αὐτῶν,
3129 3153 3187 3204 ἐν
3226 3152 3428 3208 πλείονι
3459 3155 3822 3219 καθιστῶντες

2167 3234 2360 3298 αὑτοὺς
2388 3235 2610 3305 ἐρημίᾳ,
2639 3236 2732 3288 καὶ
2756 3236 2978 3300 πολλοὺς
3005 3241 3494 3305 κατασκευάζοντες
3521 3244 3642 3305 τοὺς
3685 3261 3821 3312 κρη-

2170 3320 2354 3390 μνούς.
2411 3322 2553 3375 Οὺαί
2602 3321 2682 3388 τῷ
2722 3323 2949 3391 ἀνόμῳ·
3017 3326 3244 3393 πονηρὰ
3293 3328 3402 3394 γὰρ
3447 3327 3822 3395 συμϐήσεται

2165 3405 2326 3472 αὐτῷ
2345 3408 2493 3461 κατὰ
2522 3408 2593 3461 τὰ
2629 3408 2770 3478 ἔργα
2798 3407 2915 3462 τῶν
2951 3410 3162 3478 χειρῶν
3203 3413 3404 3468 αὑτοῦ.
3473 3414 3632 3483 Ὁρᾷς
3689 3418 3822 3484 παρ’

2167 3496 2320 3564 ήμῶν
2346 3494 2416 3548 τὰ
2449 3496 2619 3566 μέτρα
2656 3497 2754 3566 τῆς
2791 3498 3054 3566 τιμωρίας
3097 3498 3182 3552 ἀεὶ
3226 3500 3317 3551 καὶ
3352 3499 3445 3562 τὰς
3478 3499 3648 3567 ἀρχὰς
3675 3517 3821 3566 γινο-

2171 3582 2367 3652 μένας;
2398 3583 2494 3636 Διά
2528 3583 2591 3654 δὴ
2618 3583 2770 3636 τοῦτο
2802 3585 2959 3637 πάλιν
2988 3587 3015 3637 6
3043 3587 3321 3656 προφήτης
3349 3585 3534 3656 θρηνεῖ
3578 3588 3670 3638 καὶ
3701 3588 3823 3640 ὀδύ-

2171 3687 2318 3739 ρεται
2348 3671 2441 3723 καὶ
2488 3670 2857 3736 διακόπτεται,
2890 3673 2971 3724 ὅτι
3015 3673 3165 3725 αὐτοὶ
3203 3674 3425 3735 ἑαυτοὺς
3467 3673 3822 3727 ἐπεϐούλευον

2166 3758 2214 3808 οί
2274 3757 2530 3821 Ἰουδαῖοι,
2583 3757 2677 3810 καὶ
2740 3758 2996 3827 πολεμίου
3049 3759 3246 3821 παντὸς
3301 3759 3674 3828 χαλεπώτερον
3719 3761 3822 3829 τὴν

2166 3843 2371 3896 ἑαυτῶν
2405 3843 2734 3914 ἐλυμήναντο
2764 3845 3032 3915 σωτηρίαν
3054 3861 3068 3875 °
3111 3841 3172 3898 οὗ
3206 3846 3257 3897 τί
3289 3846 3483 3913 γένοιτ’
3521 3847 3584 3898 ἂν
3621 3846 3822 3899 ἀθλιώ-

2165 3947 2360 3999 τερον;
2421 3933 2577 3997 Λαός
2605 3949 2742 4000 μου,
2779 3934 2832 3984 οἰ
2869 3933 3189 4000 πράκτορες
3231 3932 3397 4000 ὑμῶν
3443 3932 3820 4000 καλαμῶνται

2169 4017 2339 4085 ὑμᾶς.
2383 4017 2550 4070 Τοῦτο
2583 4019 2802 4087 ἀρίστου
2842 4018 3177 4084 διδασκάλου,
3211 4019 3502 4071 ποικίλλειν
3525 4021 3614 4070 τὸν
3641 4021 3820 4088 λόγον,

2168 4106 2260 4156 καί
2291 4106 2424 4174 μήτε
2453 4105 2736 4174 τραχύνειν
2768 4107 2945 4175 μόνον,
2994 4109 3127 4176 μήτε
3174 4108 3414 4176 προσηνῆ
3457 4111 3648 4169 ποιεῖν,
3686 4110 3824 4162 ἀλλά

2167 4189 2260 4243 νῦν
2305 4191 2402 4260 μὲν
2443 4190 2616 4254 τοῦτο,
2672 4191 2765 4244 νῦν
2809 4192 2865 4244 δὲ
2905 4195 3078 4245 ἐκεῖνο
3116 4195 3506 4263 μεταχειρίζειν
3555 4192 3614 4244 τὸ
3659 4192 3821 4258 είδος,

2167 4275 2305 4329 ὥστε
2330 4278 2525 4348 πολλὴν
2555 4281 2618 4330 ἐκ
2643 4280 2739 4347 τῆς
2778 4279 2972 4348 μίξεως
3005 4280 3251 4347 γενέσθαι
3282 4280 3378 4351 τὴν
3404 4281 3686 4347 ὠφέλειαν.
3724 4284 3824 4334 Διά

2167 4366 2230 4434 δὴ
2261 4365 2415 4417 τοῦτο
2448 4369 2536 4418 καὶ
2562 4369 2590 4418 6
2643 4370 2923 4437 προφήτης
2951 4369 3048 4421 ούκ
3080 4370 3299 4436 ἐγκαλεῖ
3328 4372 3504 4438 μόνον,
3551 4370 3687 4422 ἀλλά
3727 4373 3824 4424 καὶ

2169 4451 2370 4520 θρηνεῖ,
2406 4452 2432 4504 ὃ
2475 4453 2769 4522 βαρύτερον
2806 4455 2902 4522 μέν
2939 4457 3054 4507 ἐστι
3092 4455 3199 4508 τῶν
3237 4455 3611 4524 ἐγκλημάτων,
3661 4457 3824 4509 ἐλάτ-

2169 4555 2294 4589 τονα
2319 4538 2374 4589 δὲ
2408 4540 2631 4608 παρέχει
2665 4540 2760 4608 τὴν
2794 4541 3011 4610 ὀδύνην·
3054 4543 3148 4594 καὶ
3196 4542 3254 4595 τὸ
3304 4543 3611 4611 θαυμαστὸν
3640 4543 3824 4608 τοῦτο,

2168 4626 2247 4677 ὅτι
2301 4626 2358 4677 ἐν
2397 4625 2664 4696 βαθυτέρᾳ
2710 4630 2775 4697 τῇ
2832 4631 2967 4697 τομῇ
3021 4629 3422 4698 προσηνεστέρα
3474 4631 3505 4697 ἡ
3551 4630 3823 4699 ἀλγηδών.

2170 4712 2280 4764 Καὶ
2323 4712 2382 4764 ού
2419 4712 2602 4783 θρηνεί
2627 4713 2805 4781 μόνον,
2845 4714 2979 4766 ἀλλά
3025 4716 3114 4767 καί
3160 4715 3468 4784 θεραπεύει,
3510 4717 3598 4767 καὶ
3636 4717 3828 4786 ἕτερον

2171 4798 2331 4851 πάλιν
2369 4798 2673 4869 θαυμαστὸν
2699 4801 3039 4863 διδασκαλίας
3067 4803 3308 4854 ἀνακινεῖ
3329 4803 3542 4872 τρόπον.
3579 4805 3736 4854 Ποῖον
3759 4805 3828 4874 δὴ

2170 4881 2390 4947 τοῦτον;
2426 4886 2497 4937 T6
2533 4885 2604 4954 μὴ
2639 4889 2800 4939 πᾶσιν
2838 4887 2926 4954 ὑφ’
2959 4887 3016 4938 ἒν
3046 4889 3317 4956 ἐπιτιμᾷν,
3368 4888 3502 4940 ἀλλὰ
3530 4889 3829 4955 ἀποσχίσαι

2170 4969 2259 5019 τὸν
2284 4971 2450 5039 δῆμον
2477 4972 2582 5023 τῶν
2617 4974 2907 5043 ἀρχόντων,
2942 4975 3034 5026 καὶ
3064 4975 3142 5035 εἰς
3172 4974 3266 5043 τὴν
3289 4974 3506 5026 ἐκείνων
3532 4974 3828 5041 ἐπιτρέψαι

2172 5058 2408 5127 κεφαλὴν
2478 5060 2546 5113 τά
2611 5062 2943 5130 ἐγκλήματα.
3012 5061 3270 5114 Τοσοῦτον
3334 5062 3441 5130 γάρ
3513 5063 3625 5111 ἐστι
3704 5060 3829 5134 [40]

2171 5144 2359 5197 τούτου
2382 5148 2471 5199 τοῦ
2497 5149 2667 5210 εἴδους
2693 5150 2752 5201 τὸ
2776 5150 2982 5218 κέρδος,
3029 5150 3102 5212 ὡς
3139 5150 3228 5202 τὸν
3271 5149 3504 5203 Μωῡσέα
3544 5150 3633 5200 καὶ
3682 5153 3830 5217 μετά

2174 5232 2411 5296 πλείονος
2444 5235 2573 5286 αὐτὸ
2612 5236 2830 5304 ποιῆσαι
2876 5237 2971 5303 τῆς
3005 5237 3326 5306 ΙΣιπερϐολῆς.
3357 5227 3521 5296 υῦτος
3562 5237 3657 5304 μὲν
3689 5237 3826 5308 γάρ,

2175 5321 2387 5373 πάντων
2435 5324 2600 5374 ὄντων
2654 5324 2963 5376 ὑπευθύνων
3014 5329 3123 5387 τοῖς
3173 5325 3527 5393 ἐγκλήμασιν,
3560 5326 3648 5376 ἐπὶ
3694 5329 3831 5393 τοὺς

2171 5406 2433 5476 ἄρχοντας
2478 5411 2664 5480 τρέπει
2707 5411 2795 5464 τὸν
2847 5410 3029 5480 λόγον·
3080 5415 3107 5464 6
3150 5413 3205 5464 δὲ
3237 5410 3474 5478 Μωῡσῆς
3519 5411 3689 5480 εὑρὼν
3727 5416 3832 5470 τὸν

2237 5727 2260 5781 9
2297 5715 2376 5770 Ὧς
2398 5717 2648 5781 ἄχρηστον,
2671 5718 2718 5764 id
2742 5723 2834 5774 est,
2856 5717 2996 5780 quasi
3019 5717 3263 5776 inutilem;
3307 5721 3392 5769 sed
3419 5723 3527 5781 quia
3552 5721 3651 5769 hmc
3673 5724 3834 5775 veth

2172 5779 2451 5846 τοῖοι-μυίαις
2468 5780 2523 5825 ad
2549 5781 2631 5826 illa
2653 5793 2796 5846 §upra
2822 5782 2960 5844 allata
2981 5782 3201 5846 vqrsiculi
3245 5781 3275 5828 9
3305 5779 3452 5846 Isaia;
3502 5785 3572 5830 ὅτι
3617 5784 3835 5846 δύσχρη-

2173 5854 2280 5891 στος
2302 5840 2412 5898 ἡμῖν
2435 5840 2551 5894 ἐστι,
2580 5840 2692 5898 quia
2720 5841 2890 5888 "unus
2933 5841 3064 5888 nubis
3090 5849 3173 5896 est,
3201 5848 3248 5888 ι-ι
3271 5845 3377 5901 quia
3423 5846 3613 5891 noxium
3640 5840 3836 5903 poi—fusi,

2171 5902 2598 5965 qeu;nun_ilnn_lilcan,
2637 5908 2862 5948 ιὐιινριιη
2892 5903 3112 5965 alligari,
3154 5903 3289 5964 quasi
3325 5903 3517 5953 noxium
3556 5902 3816 5965 ιιυςιυιίιιυδ

2178 5963 2297 6007 mm
2327 5962 2507 6009 Huisit»
2532 5966 2643 6022 legi?
2683 5965 2732 6009 οὐ
2759 5981 2804 6022 ετ,
2823 5964 3020 6009 ngf/xu.
