4152 6468
289 419 365 476 45
1580 427 1644 482 ΙΝ
1686 425 1933 492 ΙὸΑΙΛὶῐ,
1977 425 2123 482 CAP.
2170 426 2257 483 Ill.
3515 443 3590 498 46

279 536 429 592 nibus
459 537 564 610 (a).
602 550 672 595 ut
717 541 916 596 dixistis
940 558 957 596 :
981 541 1044 595 In
1074 559 1171 610 quo
1214 542 1588 608 provocavimus
1636 541 1793 594 eum?
1822 539 1888 594 In

283 645 340 681 co
381 632 522 699 quod
569 632 778 686 dicitis:
804 632 980 687 Omnis
1017 635 1102 703 qui
1131 633 1250 704 facit
1281 633 1504 700 malum,
1534 633 1690 686 bonus
1725 642 1799 686 est
1837 633 1888 684 in

290 731 564 790 conspectu
592 723 823 790 Domini,
852 734 899 780 et
935 726 987 778 in
1012 727 1083 778 eis
1125 726 1232 793 ipse
1269 725 1361 777 sibi
1395 724 1514 778 bene
1561 724 1883 792 complacuit.

303 814 360 866 lit
400 814 484 868 ubi
513 825 588 870 est
615 814 756 870 Deus
781 816 997 886 justitiaa
1020 817 1038 885 (
1063 815 1191 868 Mal.
1223 815 1276 868 2.
1312 817 1375 870 17
1398 815 1458 884 )?
1487 815 1562 869 De
1598 816 1698 869 hoc
1743 824 1889 870 certe

298 919 352 962 et
413 908 532 978 ipse
579 919 842 975 accusat,
892 909 1086 978 duplex
1135 907 1410 978 proferens
1451 909 1653 962 crimen
1683 947 1700 974 ,
1745 907 1886 977 quod

301 1017 406 1056 non
453 1003 628 1057 solum
671 1018 778 1057 non
821 1002 1191 1071 obtemperent
1221 1041 1236 1067 ,
1265 1017 1364 1058 nec
1407 1002 1579 1057 solum
1624 1010 1890 1071 transgre-

299 1094 512 1148 diantur
539 1093 750 1163 legem;
778 1109 896 1149 cum
924 1093 1152 1149 debeant
1190 1095 1287 1148 hac
1333 1092 1400 1147 de
1443 1109 1501 1148 re
1545 1093 1744 1162 pudore
1772 1093 1884 1148 sul-

299 1187 447 1242 lundi
493 1197 651 1258 atque
697 1187 1045 1253 erubescere,
1078 1202 1197 1242 sese
1240 1187 1436 1242 abdere
1465 1195 1520 1241 et
1553 1195 1710 1254 caput
1737 1185 1889 1240 ineli-

299 1294 463 1342 nare;
505 1279 578 1333 illi
619 1278 795 1348 priora
839 1278 1176 1334 accunmlare
1222 1276 1587 1340 contendunt,
1621 1291 1721 1330 nec
1757 1275 1885 1330 satis

296 1369 559 1426 habentes
585 1378 843 1441 przeccpta
875 1371 1170 1439 transgredi
1197 1411 1212 1436 ,
1245 1385 1472 1427 onerosa
1512 1385 1722 1440 quoque
1763 1386 1885 1438 pro-

293 1460 475 1516 ferunt
501 1462 659 1518 verba
685 1478 698 1517 :
723 1462 866 1518 velut
901 1463 1128 1518 famulus
1164 1463 1423 1533 quispiam
1465 1463 1770 1532 improbus,
1795 1465 1881 1532 qni

295 1548 410 1605 beri
448 1550 696 1609 mandata
727 1554 1135 1621 praetermittens
1157 1594 1171 1618 ,
1206 1553 1272 1607 ad
1311 1553 1423 1607 ha-c
1450 1553 1610 1608 etiam
1645 1553 1883 1608 insolen-

294 1653 378 1699 ter
419 1644 549 1715 agit.
579 1644 632 1700 9.
665 1644 867 1698 Idcirco
910 1661 1042 1698 nunc
1070 1645 1336 1698 Itumiliata
1361 1656 1431 1700 est
1471 1645 1634 1716 gloria
1657 1647 1766 1716 ejus
1789 1688 1805 1712 ,
1836 1655 1882 1700 et

291 1740 529 1808 confusio
565 1739 713 1808 faciei
755 1739 863 1809 ejus
909 1738 1090 1793 resistit
1137 1739 1228 1792 eis.
1261 1737 1461 1793 Rursus
1510 1738 1684 1793 futura
1731 1740 1879 1809 quasi

293 1833 564 1903 pmterita
590 1833 741 1900 dixit,
770 1841 1019 1888 consueta
1047 1848 1172 1889 usus
1203 1833 1494 1904 prophetim
1527 1833 1666 1904 lege.
1697 1833 1878 1888 llnmi-

293 1922 564 1978 liationem
594 1931 771 1978 autem
796 1923 978 1992 gloriae
1004 1923 1360 1992 captivitatem
1388 1935 1561 1979 vocat.
1593 1923 1708 1978 Non
1739 1925 1879 1979 cnim

293 2015 524 2085 vulgaris
561 2015 789 2070 infamia:
817 2025 929 2070 erat
955 2056 969 2080 ,
998 2028 1092 2069 eos
1118 2017 1207 2084 qui
1251 2031 1430 2085 regum
1461 2017 1606 2071 orbis
1636 2017 1878 2071 ordinem

294 2115 557 2170 tenerent,
584 2105 886 2161 hominibus
912 2105 1146 2175 profanis
1172 2117 1224 2162 et
1251 2107 1487 2162 barbaris
1517 2107 1726 2177 subjici.
1749 2107 1880 2162 Con-

294 2195 557 2251 fusionem
585 2212 712 2253 vero
747 2197 922 2252 vultus
950 2196 1035 2251 hic
1069 2207 1224 2251 vocat
1255 2213 1371 2252 eam
1398 2240 1413 2264 ,
1443 2215 1561 2268 qua:
1589 2215 1617 2252 a
1651 2201 1878 2268 peccatis

292 2288 480 2342 oritur.
514 2287 658 2342 Talis
695 2288 890 2359 quippe
928 2296 1043 2344 erat
1080 2303 1264 2342 eorum
1302 2290 1428 2344 vita.
1457 2289 1588 2344 Cum
1635 2291 1776 2345 enim
1819 2305 1879 2345 se

291 2380 440 2448 prius
460 2379 875 2435 dedecorassent
902 2395 996 2450 per
1021 2388 1167 2450 gesta
1194 2396 1309 2448 sua,
1342 2381 1462 2437 ideo
1489 2383 1626 2437 Deus
1657 2397 1683 2435 a
1709 2382 1876 2452 gloria

290 2484 384 2524 sua
424 2470 546 2524 illos
575 2469 766 2540 dejecit
790 2511 806 2534 ,
835 2470 1022 2527 leviori
1051 2472 1265 2527 tradens
1291 2473 1549 2543 supplicio
1573 2514 1588 2538 ,
1621 2487 1778 2543 quam
1826 2474 1875 2528 id

291 2561 433 2632 quod
468 2563 568 2631 ipsi
597 2563 696 2617 sibi
733 2561 1052 2617 indixerant.
1080 2562 1193 2618 Non
1223 2564 1362 2618 enim
1395 2564 1465 2618 ita
1499 2565 1875 2633 vituperabiles

291 2663 446 2708 erant
469 2669 592 2708 cum
621 2654 844 2708 alienam
876 2663 1070 2708 terram
1092 2655 1403 2720 incolerent,
1431 2671 1588 2725 quam
1615 2671 1734 2710 cum
1766 2672 1877 2711 me-

292 2744 541 2812 tropolim
567 2759 717 2798 suam
750 2744 1003 2800 habentes
1034 2747 1526 2814 praevaricarentur.
1554 2747 1702 2802 'l‘unc
1729 2749 1871 2802 enim

291 2851 478 2892 eorum
507 2837 737 2906 nequitia
764 2837 1247 2906 comprimebatur:
1274 2838 1325 2892 in
1355 2839 1520 2908 patria
1550 2856 1677 2894 vero
1708 2842 1875 2910 magis

289 2945 354 2984 ac
379 2930 547 2999 magis
575 2929 881 2999 augebatur.
911 2929 1150 3000 Magnum
1174 2931 1332 3001 igitur
1362 2932 1462 2986 illis
1489 2934 1745 3002 propheta
1771 2933 1864 2987 dn-

290 3031 596 3078 cumentunt
630 3023 810 3084 tradit,
844 3023 1034 3093 ubique
1061 3024 1288 3080 suadens
1313 3034 1370 3079 ut
1398 3035 1519 3080 ante
1557 3027 1870 3096 supplicium

291 3113 580 3182 nequitiam
623 3113 854 3183 fugiant,
884 3129 946 3170 ac
971 3116 1174 3185 pudore
1199 3115 1500 3186 ruborequc
1543 3127 1825 3173 coerceant
1854 3136 1867 3172 :

289 3222 397 3261 non
427 3216 702 3276 postquam
726 3207 931 3262 barbari
964 3209 1081 3262 illos
1109 3217 1291 3277 captos
1315 3209 1596 3276 abducent,
1626 3211 1717 3265 sed
1749 3227 1867 3265 cum

288 3296 490 3363 peccati
515 3296 750 3364 tyrannis
773 3296 890 3350 illos
906 3298 1142 3366 captivos
1168 3299 1381 3354 tenebit.
1409 3298 1680 3354 l’eccatum
1704 3314 1869 3356 nutrm

285 3402 451 3449 suum,
477 3395 530 3439 ut
555 3387 605 3438 in
629 3385 885 3452 Sodomis,
908 3389 1267 3441 annuntiarunt
1287 3399 1331 3443 et
1352 3391 1692 3444 ostenderunt.
1718 3385 1866 3460 Quod

284 3493 429 3547 swpc
468 3478 617 3544 dixi,
651 3495 788 3535 nunc
831 3481 987 3536 etiam
1018 3481 1137 3536 dico
1166 3499 1180 3535 :
1207 3482 1346 3552 quod
1393 3483 1649 3554 propheta
1679 3503 1866 3555 nempe

285 3569 378 3624 Dei
417 3571 751 3625 clementiam
784 3572 1100 3639 ostendens,
1132 3589 1236 3628 non
1265 3589 1326 3629 ea
1358 3591 1473 3645 qua:
1505 3579 1707 3645 passuri
1746 3591 1867 3633 sunt

283 3662 556 3728 praedicat,
601 3663 696 3717 sed
739 3677 800 3718 ea
851 3679 968 3734 qua:
999 3664 1139 3734 digni
1180 3666 1387 3720 fuerant
1434 3677 1488 3720 ut
1537 3678 1862 3736 paterentur.

280 3750 504 3806 Peccata
550 3753 743 3822 quippe
784 3755 1019 3824 ipsorum
1057 3754 1447 3811 Sodomitarum
1481 3759 1690 3828 llagitiis
1720 3765 1863 3829 paria

277 3853 452 3909 erant,
485 3845 798 3914 supplicium
821 3858 995 3902 autem
1024 3848 1208 3902 levius.
1231 3849 1346 3903 Non
1376 3851 1516 3904 enim
1549 3854 1691 3922 ipsos
1725 3856 1866 3908 radi-

279 3936 417 3989 citus
460 3937 688 4002 evulsit,
719 3953 890 4008 neque
932 3954 960 3992 a
1006 3938 1362 3996 fundamentis
1407 3944 1590 3999 urbem
1619 3947 1855 4012 diruit‘,

278 4040 453 4093 neque
477 4026 725 4096 reliquias
751 4030 960 4098 generis
985 4030 1198 4084 delevit.
1235 4031 1365 4087 illud
1401 4045 1575 4090 autem
1600 4077 1614 4101 ,
1648 4038 1860 4092 Annuu-

275 4116 467 4168 tiurunt
495 4125 542 4168 et
582 4119 937 4185 ostenderunt,
968 4121 1264 4176 lmmaniori
1308 4138 1455 4180 more
1499 4127 1699 4182 dictum
1742 4131 1855 4186 fuit.

273 4203 458 4272 Neque
487 4205 627 4260 enim
660 4206 794 4260 Deus
820 4223 937 4277 qure
968 4209 1100 4263 facta
1126 4221 1252 4264 sunt
1279 4221 1401 4268 tunc
1421 4214 1596 4279 discit,
1621 4233 1739 4272 eum
1772 4221 1855 4273 illa

275 4294 430 4358 (ient,
473 4295 778 4364 (quomodo
820 4299 982 4366 enim,
1021 4316 1139 4355 cum
1186 4304 1362 4358 omnia
1407 4306 1538 4360 sciat
1575 4319 1854 4378 antequam

272 4389 489 4460 ﬁant?)
535 4391 628 4447 sed
673 4403 730 4448 ut
765 4395 1080 4452 calamitatis
1110 4403 1526 4470 magnitudinem
1572 4408 1852 4471 ostendat,

270 4480 340 4533 ita
374 4480 619 4549 loquutus
641 4493 742 4539 est.

339 4572 395 4625 5.
426 4571 878 4639 Quemadmodum
899 4579 1038 4633 enim
1066 4581 1191 4636 alibi
1220 4582 1373 4639 dicit:
1405 4588 1641 4640 Ascendit
1667 4590 1855 4644 clamor

269 4666 480 4719 malitia:
504 4683 674 4721 eorum
699 4670 767 4723 ad
793 4688 870 4725 me
891 4671 1040 4742 (Gen.
1069 4674 1156 4728 18.
1184 4676 1304 4745 ΞΟ),
1334 4694 1437 4732 non
1471 4680 1634 4735 Deum
1667 4687 1850 4752 procul

267 4754 594 4811 habitantem
625 4762 982 4827 constituens,
1012 4775 1065 4818 et
1111 4767 1160 4819 in
1205 4768 1335 4821 caelo
1366 4770 1809 4830 circumscribe-ns
1835 4819 1848 4840 ,

264 4848 383 4902 bmc
415 4847 540 4902 dicit
567 4889 583 4914 ,
615 4851 708 4905 sed
741 4854 941 4920 peccati
972 4859 1386 4926 magnitudinem
1427 4863 1705 4920 declarans
1735 4885 1745 4919 :
1775 4870 1851 4922 sic

253 4949 312 4992 et
347 4937 449 4993 hoc
478 4938 596 4994 loco
621 4983 634 5004 ,
667 4943 1038 5000 Annuntiarunt
1061 4988 1076 5011 ,
1113 4952 1360 5020 nequitia:
1403 4956 1714 5024 gravitatem
1759 4975 1847 5015 os-

257 5029 491 5092 tendens
521 5031 666 5087 dicit.
703 5033 922 5092 Leviora
955 5039 1096 5093 enim
1141 5054 1351 5111 peccata
1385 5046 1548 5101 latere
1585 5061 1845 5117 possunt;

249 5123 573 5196 gravissima
614 5134 793 5180 autem
838 5140 890 5183 et
934 5132 1161 5186 maxima
1191 5137 1437 5192 omnibus
1473 5150 1596 5194 sunt
1627 5153 1748 5196 nota
1793 5154 1847 5198 et

250 5217 547 5284 conspicua
575 5258 592 5284 ,
621 5220 720 5273 etsi
769 5235 922 5275 nemo
965 5234 1174 5280 accuset
1201 5227 1280 5280 vel
1320 5240 1520 5298 arguat.
1548 5231 1663 5300 lpsa
1704 5236 1843 5288 enim

257 5321 382 5361 sese
412 5309 727 5363 annuntiant
769 5321 821 5364 et
864 5311 1156 5370 declarant.
1190 5316 1390 5373 Volens
1419 5335 1545 5391 ergo
1589 5325 1842 5393 propheta

257 5398 681 5467 magnitudinem
728 5401 984 5456 malorum
1015 5407 1297 5462 ostendere
1321 5450 1334 5473 ,
1359 5409 1490 5466 dixit
1515 5453 1529 5478 ,
1563 5414 1845 5470 Annuntia-

256 5499 376 5543 runt
399 5500 446 5546 ct
472 5492 816 5559 declararunt,
849 5495 897 5549 id
921 5505 1035 5564 est,
1065 5499 1195 5554 Cum
1226 5501 1442 5557 audacia
1464 5546 1477 5570 ,
1510 5521 1628 5560 cum
1659 5523 1844 5577 super-

325 5645 453 5716 {lle
479 5646 1415 5716 voces,.nequeafundamentisurbem
1447 5653 1634 5706 diruit.
1661 5661 1836 5709 desunt

259 5709 306 5755 lu
336 5709 452 5769 lleg.
482 5716 533 5759 et
561 5708 855 5766 Savil.,‘sed
884 5708 1126 5760 habentur
1151 5713 1198 5760 in
1231 5715 1400 5763 Morel.
1428 5724 1478 5764 et
1514 5719 1678 5766 ltavar.

321 5771 389 5829 (It)
421 5771 470 5818 ltt
497 5770 737 5838 llalachia
761 5771 941 5830 legitur
961 5786 974 5838 ,ξ
1001 5776 1042 5838 of.
1071 5777 1503 5838 napoiuvdvta;1ov
1529 5783 1644 5826 tito»
1671 5782 1715 5827 ,ἓν
1741 5786 1828 5838 toil,

256 5831 400 5891 ὶύγοις
422 5835 574 5894 ὑμῶν,
601 5829 690 5894 qui
712 5829 1051 5892 mordacibus
1083 5829 1225 5886 Deum
1256 5837 1300 5885 in
1325 5829 1614 5889 sermonibus
1643 5850 1810 5894 vestris

2000 540 2082 594 bia
2130 557 2314 612 magna
2342 585 2356 610 ,
2389 545 2525 600 mala
2557 549 2932 618 perpetrabant
2979 553 3092 609 sine
3121 552 3229 609 ullo
3260 553 3462 624 pudore
3507 559 3588 610 vet

1998 632 2210 698 rubore;
2242 635 2334 689 sed
2367 636 2433 692 de
2464 638 2721 694 industria
2752 643 3040 713 nequitiam
3073 646 3450 714 Operabantur.

2065 722 2095 777 Ι
2101 727 2294 796 mprobi
2320 729 2492 782 virtuti
2509 740 2626 784 sunt
2650 732 2854 801 infensi,
2884 737 3136 805 ipsiusque
3161 739 3238 794 vel
3265 739 3586 808 prmentiam

1994 831 2126 887 (egre
2156 822 2358 888 ferunt;
2379 822 2597 889 nequitia
2625 823 2678 876 in
2693 826 2858 895 seipsa
2891 828 3198 897 supplicium
3220 830 3386 884 habet.
3407 860 3467 869 —
3497 829 3585 882 Vw

1994 911 2178 964 aninue
2205 927 2397 978 eorum,
2419 913 2537 982 quia
2565 915 2784 970 inierunt
2816 919 3082 972 consilium
3109 921 3384 992 malignum
3411 931 3585 974 contra

1993 1002 2302 1071 semetipsos,
2335 1003 2554 1059 dicentes
2581 1020 2601 1060 :
2629 1007 2714 1061 lo.
2741 1007 3018 1078 Alligemus
3035 1011 3236 1080 justum
3263 1012 3380 1082 quia
3399 1013 3582 1066 noxius

1993 1101 2065 1146 est
2095 1093 2252 1149 nobis.
2275 1094 2947 1169 Exsuperautianequitim,
2970 1116 3088 1156 cum
3119 1118 3222 1156 non
3253 1103 3427 1159 solum
3451 1118 3580 1172 pec-

1991 1195 2115 1241 (aut
2136 1227 2152 1252 ,
2189 1201 2360 1257 neque
2384 1189 2557 1244 solum
2597 1205 2717 1246 cum
2758 1192 2975 1247 audacia
3003 1205 3262 1264 peccant,
3295 1197 3390 1252 sed
3417 1197 3578 1252 etiam

1990 1290 2084 1332 eos
2110 1277 2199 1346 qui
2222 1277 2344 1333 talia
2367 1280 2652 1337 emendare
2681 1293 2920 1351 possunt,
2938 1284 3207 1352 rejiciunt.
3232 1286 3580 1353 Quemadmo-

1990 1367 2115 1421 dum
2144 1369 2286 1423 enim
2315 1369 2614 1440 phrenitide
2643 1376 2871 1444 correpti
2898 1389 3042 1446 saepe
3082 1377 3343 1433 medicum
3383 1379 3576 1435 verbe-

1990 1469 2195 1527 rarunt,
2225 1462 2303 1516 sic
2332 1471 2386 1517 ct
2416 1462 2470 1518 hi
2499 1465 2804 1520 ineurabilis
2833 1467 3002 1521 morbi
3035 1469 3324 1524 maximum
3357 1469 3461 1525 hoc
3486 1484 3576 1524 ar-

1987 1563 2297 1624 gumentum
2338 1556 2658 1612 exhibebant
2683 1599 2699 1621 .
2730 1558 2870 1628 quod
2911 1559 3083 1628 iustos
3123 1563 3399 1631 cjieerent.
3433 1563 3576 1618 Talis

1989 1643 2184 1712 quippe
2205 1645 2372 1700 virtus
2397 1655 2480 1700 est
2502 1664 2516 1702 :
2538 1647 2620 1701 vel
2648 1647 2818 1702 solum
2840 1663 2898 1702 se
2919 1659 3245 1716 monstrans,
3269 1653 3321 1706 in
3345 1652 3574 1722 nequitia

1990 1733 2254 1790 viventem
2283 1735 2468 1791 dolore
2496 1734 2684 1791 allicit.
2711 1736 2854 1792 Talis
2884 1748 2966 1793 est
2996 1740 3230 1808 nequitia
3255 1757 3268 1793 :
3292 1755 3360 1796 ne
3387 1757 3573 1811 repre-

1988 1824 2152 1880 hensa
2198 1827 2412 1897 quidem
2460 1843 2638 1898 saepe,
2665 1828 2750 1883 vel
2791 1832 3129 1900 prtesentiam
3153 1847 3337 1887 eorum
3381 1834 3470 1903 qui
3520 1835 3572 1888 in

1987 1917 2236 1986 aequitate
2281 1917 2464 1972 vivunt
2503 1919 2726 1974 moleste
2767 1919 2888 1975 lert.
2919 1921 3120 1992 Duplex
3146 1931 3324 1979 autem
3365 1923 3452 1979 hic
3491 1937 3574 1980 est

1985 2015 2272 2074 accusatio,
2295 2019 2352 2066 et
2374 2011 2516 2082 quod
2539 2012 2742 2080 justum
2767 2014 3005 2084 alligent,
3034 2024 3088 2070 et
3108 2015 3248 2084 quod
3277 2032 3396 2071 eum
3423 2017 3571 2086 quasi

1987 2103 2200 2157 noxium
2229 2101 2466 2171 alligent.
2498 2101 2722 2170 Quando
2763 2103 2922 2173 igitur
2949 2105 3067 2175 quis
3106 2105 3249 2160 utilia
3277 2123 3382 2161 non
3414 2109 3572 2162 modo

1986 2210 2092 2248 non
2130 2193 2400 2262 admittit,
2430 2195 2523 2250 sed
2555 2196 2711 2250 noxia
2735 2196 2834 2251 sibi
2872 2207 3053 2267 putat,
3084 2214 3326 2267 quaenam
3355 2200 3569 2255 demum

1984 2289 2297 2358 relinquitur
2343 2288 2728 2344 emendationis
2763 2290 3019 2345 occasio?
3049 2291 3403 2358 Quamobrem
3450 2307 3571 2362 pro-

1985 2381 2143 2448 pheta
2173 2379 2359 2434 videns
2385 2395 2477 2434 eos
2507 2380 2573 2435 ad
2603 2390 2840 2436 extrema
2868 2383 3178 2451 prorupisse
3204 2424 3218 2447 ,
3251 2398 3278 2435 a
3311 2383 3568 2438 lamenta-

1983 2467 2127 2523 tione
2162 2469 2352 2522 iterum
2382 2469 2600 2538 incipit,
2629 2485 2732 2525 non
2763 2472 2830 2526 ab
2858 2474 3196 2527 accusatione
3235 2483 3289 2526 et
3329 2473 3569 2543 increpa-

1984 2560 2126 2614 tione
2149 2601 2164 2625 ,
2193 2559 2377 2614 dicens
2405 2578 2418 2614 :
2455 2559 2539 2616 γω
2563 2562 2746 2616 anima:
2771 2579 2943 2616 eorum
2966 2579 2983 2626 ;
3013 2565 3152 2634 quod
3180 2567 3417 2634 sequitur
3445 2583 3564 2619 (:ttttt

1982 2650 2146 2704 multa
2179 2652 2453 2720 prudentia
2482 2653 2692 2708 additur
2711 2694 2726 2717 ,
2761 2655 2893 2721 Quia
2915 2656 3132 2710 inierunt
3159 2658 3422 2710 consilium
3459 2675 3564 2709 ηια-

1981 2744 2173 2814 lignum
2216 2754 2394 2798 contra
2439 2747 2751 2816 semetipsos.
2783 2747 2942 2815 Atqui
2982 2763 3044 2801 ea
3075 2763 3193 2817 qua:
3237 2748 3368 2802 facta
3402 2759 3563 2814 sunt,

1980 2834 2226 2889 videntur
2251 2845 2435 2890 contra
2461 2836 2662 2905 justum
2687 2847 2930 2906 suscepta
2958 2851 3078 2892 esse
3102 2855 3114 2890 :
3139 2838 3232 2894 sed
3265 2840 3307 2894 si
3339 2841 3455 2909 quis
3477 2855 3563 2894 ac-

1978 2937 2161 2982 curate
2189 2927 2561 2996 exploraverit,
2582 2944 2688 2982 non
2711 2938 2894 2984 contra
2923 2931 3230 2997 patientem,
3257 2931 3348 2985 sed
3378 2941 3558 2985 contra

1978 3032 2071 3073 eos
2123 3018 2212 3087 qui
2262 3018 2312 3072 id
2354 3020 2795 3090 aggrediebantur
2839 3023 3117 3075 consilium
3167 3025 3409 3076 vertitur.
3468 3022 3562 3075 "lC

1977 3107 2230 3163 discimus
2253 3109 2423 3163 virum
2455 3110 2696 3179 probum,
2725 3111 2823 3164 etsi
2852 3121 3099 3165 sexcenta
3128 3113 3263 3164 mala
3294 3115 3518 3181 patiatur
3543 3155 3557 3178 ,

1978 3199 2029 3253 in
2059 3200 2202 3255 nullo
2229 3201 2295 3255 ab
2322 3201 2384 3255 iis
2409 3201 2496 3270 qui
2523 3217 2582 3257 se
2610 3201 2920 3257 adoriuntur
2948 3203 3243 3257 laedendum
3273 3219 3392 3258 esse
3416 3221 3429 3268 ;
3464 3206 3558 3259 sed

1977 3305 2070 3344 eos
2099 3292 2186 3359 qui
2218 3291 2316 3360 ipsi
2344 3292 2657 3347 insidiantur
2685 3295 2860 3363 potius
2892 3294 2940 3347 in
2969 3295 3172 3359 seipsos
3200 3295 3430 3364 gladium
3460 3297 3557 3349 im-

1977 3383 2223 3452 pulsuros
2248 3397 2400 3445 sese;
2428 3391 2485 3438 ut
2523 3393 2577 3438 et
2615 3383 2666 3438 hi
2711 3384 2991 3440 faciebant.
3019 3384 3226 3440 iustum
3255 3386 3397 3440 enim
3427 3386 3559 3440 nihil

1975 3475 2256 3540 ltedebant,
2277 3492 2394 3531 cum
2411 3477 2704 3547 alligarent,
2718 3478 2811 3532 sed
2830 3479 3032 3546 seipsos
3053 3478 3103 3532 in
3128 3479 3313 3548 majori
3334 3479 3559 3550 caligine

1973 3577 2028 3622 et
2052 3568 2336 3622 Solitudinc
2361 3569 2768 3629 constituebant.
2785 3570 2908 3623 dum
2938 3570 3204 3624 lucernam
3224 3572 3289 3625 ab
3305 3586 3363 3626 sc
3385 3587 3560 3625 rerun-

1973 3669 2178 3712 Vercnt.
2228 3657 2390 3728 Igitur
2420 3662 2613 3728 fructus
2641 3675 2846 3729 operum
2874 3678 3080 3715 suorum
3105 3663 3381 3716 comedent.
3413 3662 3557 3716 Talis

1971 3747 2165 3817 quippe
2185 3758 2266 3802 cst
2287 3749 2515 3817 nequitia
2542 3768 2554 3802 :
2581 3752 2630 3803 in
2657 3749 2828 3818 seipsa
2858 3753 3169 3820 supplicium
3197 3751 3374 3806 habet.
3404 3752 3554 3818 Quod

1969 3848 2147 3893 autem
2176 3837 2261 3894 hic
2278 3839 2425 3905 dicit,
2450 3839 2551 3894 hoc
2571 3840 2669 3895 sibi
2692 3841 2830 3894 vult:
2851 3840 3126 3896 Fructibus
3147 3844 3255 3896 suis
3277 3843 3551 3896 donabun-

1971 3937 2076 3993 tur,
2099 3928 2148 3982 iu
2169 3929 2354 3997 majori
2375 3944 2433 3984 se
2445 3929 2727 3984 solitudine
2743 3932 3149 3998 constituentes,
3168 3933 3433 4001 multaque
3452 3933 3550 3987 sibi

1972 4021 2259 4090 prmcipitia
2287 4022 2626 4077 adornantes.
2659 4024 2743 4076 ll.
2780 4022 2863 4077 Va:
2891 4025 3060 4091 iniquo
3086 4041 3103 4078 :
3126 4026 3260 4079 mola
3281 4027 3410 4079 enim
3431 4043 3550 4081 con-

1969 4111 2157 4182 tingent
2176 4113 2222 4165 ei
2246 4113 2523 4166 secundum
2547 4130 2700 4181 opera
2728 4131 2965 4168 manuum
2995 4117 3120 4185 ejus.
3149 4117 3330 4171 Viden'
3349 4134 3376 4170 a
3399 4119 3550 4173 nobis

1967 4217 2180 4271 semper
2208 4218 2511 4258 mensuram
2549 4214 2600 4259 et
2628 4207 2776 4260 initia
2804 4208 3045 4277 supplicii
3076 4209 3246 4264 oriri?
3273 4211 3396 4266 ldeo
3428 4228 3549 4281 pro-

1968 4292 2122 4360 pheta
2150 4310 2359 4349 rursum
2384 4296 2543 4366 luget.
2567 4297 2882 4354 lamentatur
2901 4315 3124 4372 seseque
3150 4313 3398 4370 macerat,
3426 4307 3546 4372 quia

1964 4384 2130 4440 .ludcci
2177 4387 2520 4458 sibimetipsis
2560 4390 2982 4458 insidiabantur,
3009 4402 3062 4446 et
3098 4395 3332 4449 atrocius
3383 4412 3542 4466 quam

1963 4477 2184 4546 quilibet
2213 4477 2380 4533 hostis
2405 4480 2626 4534 salutem
2653 4496 2800 4536 suam
2834 4482 3262 4552 pessumdabant,
3286 4502 3392 4557 quo
3420 4489 3545 4558 quid

1964 4567 2317 4622 miserabilius
2365 4567 2556 4624 fuerit?
2590 4569 2675 4624 12.
2707 4570 2904 4638 Papule
2951 4573 3020 4628 mi
3046 4613 3060 4640 ,
3093 4585 3350 4632 exactores
3397 4582 3544 4634 uestri

1962 4659 2213 4712 deuictum
2241 4675 2347 4713 vos.
2379 4660 2573 4729 Optimi
2610 4662 2846 4718 doctoris
2883 4673 2996 4730 est,
3026 4670 3290 4724 sermonis
3321 4673 3544 4726 varieta~

1962 4759 2065 4804 tem
2107 4751 2298 4807 all'erre
2320 4793 2333 4816 ,
2369 4769 2540 4822 neque
2579 4769 2897 4827 exasperare
2924 4769 3161 4827 tantum,
3191 4779 3360 4832 neque
3382 4765 3544 4818 etiam

1961 4859 2172 4913 semper
2213 4858 2546 4901 mansuetum
2595 4849 2849 4918 reddere;
2878 4852 2970 4906 sed
3021 4869 3159 4910 nunc
3205 4855 3328 4910 illud
3356 4895 3369 4918 ,
3402 4873 3549 4912 nunc

1958 4934 2097 4987 aliud
2149 4945 2376 4990 tractare
2417 4937 2661 5006 loquemli
2704 4955 2905 5009 genus,
2940 4953 2995 4997 ut
3030 4960 3094 4997 ex
3143 4943 3242 5000 hac
3285 4947 3543 5001 mixtione

1959 5025 2118 5078 multa
2149 5039 2396 5096 exsurgat
2438 5030 2656 5083 utilitas.
2690 5031 2888 5087 Idcirco
2935 5035 3188 5103 prephcta
3237 5052 3339 5092 nou
3380 5040 3542 5097 modo

1957 5115 2177 5179 incursat,
2210 5118 2302 5171 sed
2330 5119 2484 5171 etiam
2517 5122 2678 5190 luget,
2703 5124 2840 5188 quod
2862 5127 3073 5194 gravius
3100 5136 3180 5181 est
3211 5129 3321 5196 ipsa
3352 5132 3528 5184 crimi~

1956 5206 2186 5266 natione,
2215 5207 2306 5260 sed
2339 5208 2597 5262 minorem
2629 5213 2763 5279 parit
2793 5213 3029 5266 dolorem
3058 5232 3069 5266 :
3094 5218 3340 5288 quodque
3373 5222 3532 5273 miram

1953 5296 2057 5350 bile
2083 5307 2165 5352 est
2190 5340 2203 5362 ,
2232 5300 2284 5352 in
2323 5300 2564 5369 graviore
2609 5305 2862 5360 incisione
2900 5308 3222 5366 moderatior
3251 5325 3332 5368 est
3356 5315 3525 5369 dolor.

1950 5387 2132 5459 Neque
2162 5391 2330 5444 solum
2365 5392 2520 5460 luget,
2544 5395 2634 5447 sed
2657 5396 2812 5449 etiam
2841 5409 3009 5463 sanat,
3035 5403 3300 5474 aliumque
3323 5422 3525 5461 rursum

1951 5480 2247 5535 mirabilem
2296 5481 2550 5538 doctrina:
2597 5483 2786 5555 ingerit
2829 5490 3066 5544 modum.
3107 5493 3234 5560 Quis
3277 5497 3364 5549 ille
3408 5499 3532 5552 est?

1950 5570 2097 5637 Quod
2130 5588 2233 5627 non
2263 5574 2418 5629 simul
2447 5590 2632 5630 omnes
2659 5578 2912 5648 increpet,
2942 5584 3033 5638 sed
3064 5587 3309 5653 pepulnm
3333 5603 3360 5641 a
3388 5591 3531 5658 prin-

1949 5663 2154 5730 cipibns
2179 5663 2408 5729 dividat,
2440 5675 2490 5720 et
2523 5667 2571 5720 in
2618 5669 2827 5725 illorum
2861 5687 3016 5742 caput
3048 5677 3265 5730 crimina
3303 5695 3528 5737 conver-

1947 5763 2039 5809 tat.
2073 5754 2296 5808 Tantum
2327 5757 2466 5812 enim
2492 5771 2570 5814 cst
2604 5763 2652 5814 in
2684 5763 2779 5816 hac
2810 5768 3060 5833 arguendi
3093 5772 3270 5829 specie
3301 5773 3524 5840 lucrum,

1955 5856 2010 5898 ut
2041 5843 2088 5898 id
2123 5843 2328 5913 Moyses
2369 5854 2594 5912 maxime
2619 5857 2968 5935 frequentant
3015 5861 3060 5919 ls
3087 5863 3226 5916 enim
3251 5882 3376 5919 cum
3400 5881 3489 5921 om
