4152 6464
609 435 682 489 47
1345 410 1401 464 s.
1441 404 1717 463 JOANNIS
1741 403 2217 463 CHRYSOSTOMI
2241 403 2554 463 ARClllEP.
2604 409 3129 469 consumimur.

603 545 696 586 nes
721 536 900 586 essent
918 523 1228 580 criminibus
1252 523 1485 587 obnoxii,
1508 521 1572 576 ad
1600 521 1862 593 principes
1885 534 2184 576 sermonem

600 622 795 676 vortit:
823 620 935 688 ipse
966 632 1091 671 vero
1122 614 1330 685 Moyses
1359 627 1477 667 cum
1506 611 1631 666 vidit
1665 612 1916 682 populum
1951 612 2187 664 maxime

601 708 1055 780 j‘rmvaricationis
1096 706 1258 760 fuisse
1284 713 1553 758 auctorem
1579 743 1595 768 ,
1624 704 1890 757 Aarouem
1920 715 2047 754 vero
2083 714 2186 753 non

597 814 746 859 tanta
791 801 1153 870 increpatione
1180 799 1396 868 dignum
1424 810 1543 850 esse
1567 837 1582 861 ,
1611 793 1843 849 dimissis
1888 793 1951 846 iis
1979 793 2068 862 qui
2096 792 2187 845 ad-

603 894 816 949 modum
857 891 937 946 rei
964 898 1137 956 erant,
1167 887 1232 942 ad
1263 887 1441 941 minus
1470 900 1618 940 reum
1650 885 2042 938 accusationem
2073 897 2190 936 ver-

602 988 697 1053 tit,
724 1001 818 1056 per
841 983 1062 1039 crimina
1094 980 1190 1051 ipsi
1221 978 1427 1048 objecta
1456 976 1794 1033 conscientiae
1834 976 2069 1046 ipsorum
2100 990 2190 1029 re-

600 1079 847 1147 linquens
871 1115 892 1141 ,
917 1083 970 1129 ut
1008 1088 1066 1127 sc
1095 1071 1295 1141 majore
1324 1068 1585 1139 supplicio
1625 1067 1815 1138 dignos
1848 1066 2185 1136 judicarent:

599 1169 741 1242 quod
767 1170 922 1225 etiam
950 1166 1143 1220 evenit.
1175 1162 1353 1231 Neque
1382 1161 1523 1217 enim
1545 1174 1677 1231 opus
1699 1159 2014 1214 habuitaliis
2037 1156 2195 1212 dein-

599 1276 726 1331 ceps
761 1259 1097 1314 sermonibus
1137 1254 1390 1325 populum
1424 1253 1651 1322 alloqui;
1679 1250 1773 1305 scd
1803 1248 1933 1303 satis
1975 1246 2192 1303 fuerunt

600 1367 769 1425 pauca
817 1352 909 1405 illa
951 1349 1109 1404 verba
1156 1346 1350 1401 Aaroni
1395 1345 1572 1408 dicta,
1602 1351 1659 1397 ut
1707 1351 1785 1396 tot
1811 1341 2006 1407 millia,
2038 1338 2189 1409 quasi

601 1461 762 1502 unum
805 1443 1073 1498 hominem
1120 1437 1574 1507 comprimerent;
1607 1443 1662 1490 et
1698 1448 1728 1488 a
1776 1432 1864 1487 tali
1913 1429 2190 1486 ferocitate

597 1539 926 1609 audaciaque
956 1538 1009 1592 in
1032 1548 1327 1592 extremum
1358 1535 1604 1589 timorem
1635 1543 1994 1602 angorcmque
2023 1526 2190 1582 dedu-

602 1641 806 1686 cerent.
834 1631 983 1697 Quod
1006 1646 1125 1685 cum
1157 1627 1472 1699 prmvideret
1493 1625 1722 1696 Moyses,
1755 1623 1934 1677 statim
1965 1619 2190 1674 descen-

605 1728 736 1782 drns
759 1725 962 1778 talmlas
988 1723 1236 1794 projccit,
1264 1730 1318 1774 et
1351 1717 1550 1773 Aaroni
1575 1717 1743 1772 dixit:
1773 1713 1909 1779 Quid
1940 1711 2056 1781 fecit
2103 1709 2192 1763 tibi

590 1790 821 1885 ipopulus
849 1816 929 1868 hic
958 1790 1119 1882 ,vquia
1149 1811 1310 1883 fecisti
1338 1825 1449 1863 cum
1477 1807 1721 1878 gaudium
1746 1803 1965 1858 inimicis
1994 1799 2190 1872 (Exod.

606 1909 691 1963 52.
724 1906 852 1980 2t)?

676 1999 730 2054 6.
762 1999 871 2053 Hoc
896 2007 950 2052 et
975 1997 1059 2051 bic
1081 1995 1336 2066 prepheta
1367 1992 1511 2058 facit,
1542 1998 1891 2058 sanctumque
1920 1986 2070 2042 illum
2097 1983 2196 2041 du-

609 2089 730 2159 plici
758 2089 916 2144 modo
940 2089 1192 2142 imitatur.
1225 2085 1340 2141 Non
1371 2085 1514 2140 enim
1555 2082 1728 2136 solum
1772 2089 1903 2134 tunc
1926 2075 2195 2132 accusavit

608 2183 836 2255 Moyses,
865 2182 970 2235 imo
991 2181 1151 2236 etiam
1173 2177 1401 2232 dolentis
1429 2188 1712 2245 personam
1737 2169 2062 2240 assumpsit,
2087 2168 2196 2223 sic-

609 2291 710 2344 que
737 2273 1124 2326 accusationem
1154 2269 1398 2323 instituit.
1429 2267 1501 2320 Ita
1531 2273 1582 2320 et
1607 2264 1691 2318 hic
1714 2272 1997 2331 utrumque
2023 2259 2170 2314 imita

610 2377 693 2418 tus
724 2371 806 2417 est
831 2362 1014 2416 dit-ens
1045 2378 1059 2412 ι
1095 2358 1294 2428 I’opule
1323 2358 1390 2408 mi
1416 2396 1431 2422 ,
1474 2364 1728 2408 exactores
1757 2351 1906 2404 uestri
1948 2351 2200 2402 demetunt

607 2471 714 2509 ros.
752 2451 883 2506 Nam
913 2462 965 2504 et
998 2451 1116 2504 illos
1147 2446 1449 2512 incusavit,
1477 2453 1530 2500 et
1553 2443 1702 2514 quasi
1729 2456 1850 2496 cum
1880 2439 2075 2510 populo
2098 2438 2198 2492 do-

610 2545 725 2599 lens
758 2543 872 2598 haec
905 2541 1058 2596 dixit.
1108 2540 1393 2593 Exactores
1418 2544 1596 2590 autem
1637 2533 1722 2587 hic
1751 2545 1944 2586 vocare
1971 2529 2198 2594 videtur,

611 2651 705 2691 eos
751 2635 839 2705 qui
885 2641 1132 2703 repetunt
1163 2649 1176 2685 :
1208 2645 1308 2701 ego
1345 2642 1470 2683 vero
1511 2635 1639 2696 puto
1680 2624 1853 2694 ipsum
1881 2631 2121 2692 raptores
2151 2628 2204 2674 ct

611 2744 805 2784 avaros
831 2743 1014 2784 eorum
1040 2722 1414 2784 subindicare;
1462 2720 1544 2774 sin
1573 2718 1748 2771 minus
1779 2715 1901 2781 hoc,
1932 2723 2078 2768 certe
2105 2711 2203 2766 tri-

615 2827 865 2879 butorum
896 2821 1231 2876 collectores.
1269 2815 1367 2870 llic
1404 2812 1521 2882 ejus
1548 2810 1670 2864 vide
1700 2806 2054 2879 prudentiam.
2087 2802 2203 2858 Non

618 2917 763 2973 enim
788 2930 901 2971 rem
926 2912 1209 2982 improbat,
1231 2908 1324 2964 sed
1352 2903 1749 2961 immoderatam
1778 2900 2063 2956 rationem.
2088 2896 2204 2951 Non

620 3008 815 3077 quippe
842 3004 973 3058 dixit
991 3042 1010 3070 ,
1035 3001 1292 3070 Exiguut,
1321 2995 1414 3051 sed
1436 3037 1452 3062 ,
1485 2993 1748 3047 Demetunt
1773 3009 1787 3055 ;
1835 2989 1887 3044 id
1917 2996 2018 3055 est,
2046 2986 2153 3041 Vos
2176 3001 2209 3040 a

624 3073 959 3153 t‘acultzuibus
991 3092 1285 3152 denudant,
1325 3081 1613 3144 exactiouis
1649 3081 1870 3135 obtentu
1911 3093 2012 3134 vos
2037 3073 2209 3130 omni-

626 3190 725 3244 bus
766 3186 1016 3258 spoliant.
1069 3182 1180 3237 lloc
1210 3187 1386 3233 autem
1425 3175 1643 3244 protulit
1678 3172 1894 3226 verbmn
1927 3185 1992 3224 ex
2035 3175 2208 3223 meta-

626 3284 792 3352 phora
813 3274 1211 3334 demetentium.
1242 3272 1518 3325 Demctere
1541 3264 1682 3321 enim
1709 3263 1901 3317 dicitur
1927 3269 2045 3330 post
2072 3271 2212 3313 mes-

628 3390 744 3430 sem
773 3374 946 3442 lapsas
971 3385 1001 3424 e
1028 3367 1271 3422 manibus
1298 3361 1611 3417 metentium
1639 3357 1812 3426 spicas
1836 3353 2110 3422 colligere,
2158 3358 2212 3404 et

631 3465 762 3521 nihil
791 3441 1010 3519 omnino
1039 3459 1091 3512 in
1123 3470 1250 3510 arvo
1279 3453 1577 3521 relinquere
1604 3464 1621 3504 :
1649 3446 1789 3518 quod
1814 3445 1866 3499 bi
1900 3456 2024 3498 tunc
2045 3441 2206 3496 facie-

633 3560 778 3621 bant,
806 3555 1083 3610 universas
1109 3547 1382 3603 facultates
1405 3541 1749 3612 abripientes,
1785 3553 1847 3592 ac
1875 3535 2043 3590 nudos
2070 3533 2214 3602 ipsos

635 3649 1012 3717 relinquentes.
1046 3641 1112 3697 Et
1137 3647 1390 3694 exactores
1419 3634 1742 3688 dominantur
1762 3628 1934 3682 vestri.
1959 3624 2218 3693 Quodque

637 3737 846 3810 gravius
875 3743 1005 3800 erat,
1055 3745 1228 3800 neque
1254 3728 1340 3782 hic
1378 3723 1612 3780 avaritia:
1652 3719 1861 3776 termini
1901 3725 2071 3810 er’ant,
2124 3712 2217 3767 scd

638 3782 846 3810 om.--
877 3782 1005 3800 --_-,

638 3828 974 3903 tyrannidem
993 3826 1127 3879 ultra
1155 3819 1572 3892 promovebant,
1602 3812 1840 3869 servituti
1878 3782 2219 3878 subjicientes

639 3899 733 3980 eos
753 3921 841 3992 qui
871 3919 1022 3974 liberi
1051 3924 1219 3969 erant.
1255 3911 1451 3981 Papule
1479 3907 1547 3961 mi
1568 3947 1581 3969 ,
1608 3905 1693 3976 qui
1724 3919 1809 3956 vos
1833 3901 2007 3954 dicunt
2031 3899 2219 3958 beatos,

643 3985 892 4082 decipiunt
927 4023 1032 4062 vos.
1075 4005 1170 4059 llic
1199 4001 1327 4057 mihi
1354 3999 1559 4054 videtur
1587 3989 2076 4065 pseudoprophetas
2101 3985 2223 4040 sub-

645 4078 909 4163 indicare,
955 4096 1038 4150 vel
1065 4109 1157 4150 eos
1196 4092 1284 4161 qui
1324 4089 1391 4144 ad
1433 4086 1656 4158 gratiam
1688 4081 1816 4152 ipsis
1851 4078 2226 4148 loquebantur,

645 4191 784 4260 quod
799 4197 1050 4244 extrema:
1070 4183 1386 4250 corruptelae
1412 4179 1604 4246 ubique
1622 4187 1780 4229 causa
1808 4180 1909 4226 est.
1931 4168 2229 4223 Nocumcn-

649 4300 758 4343 tum
787 4285 947 4355 igitur
984 4279 1113 4335 inde
1145 4275 1464 4346 proveniens
1500 4281 1558 4324 ut
1585 4267 1882 4322 declararet
1911 4259 2184 4330 subjunxit
2213 4275 2225 4310 :

652 4377 718 4432 Et
743 4375 972 4430 semitam
1015 4369 1202 4440 pedum
1242 4374 1516 4419 vestrorum
1558 4356 1756 4409 turbant
1790 4369 1811 4407 :
1840 4354 1940 4405 hoc
1969 4360 2082 4414 est,
2114 4347 2228 4401 Non

650 4471 828 4524 sinunt
855 4471 998 4518 recte
1025 4456 1296 4530 progredi,
1318 4453 1686 4509 subvertentes
1705 4487 1720 4513 ,
1751 4443 2119 4503 dissolvente~,
2149 4451 2233 4491 se-

651 4559 862 4630 gniores
887 4567 981 4608 vos
1009 4549 1312 4605 reddentes.

724 4647 863 4702 Deus
874 4647 962 4716 jus
990 4643 1159 4696 dicens
1182 4639 1242 4692 ab
1271 4635 1410 4690 Isaia
1435 4630 1711 4686 inducitur.
1743 4622 1974 4695 Stupidis
2008 4616 2237 4672 accusari

654 4756 754 4794 non
776 4709 958 4809 graue,
992 4731 1139 4799 plecti
1170 4726 1402 4784 terribile.
1445 4723 1664 4777 Peccata
1695 4717 1974 4788 principum
2003 4721 2047 4764 et
2076 4709 2240 4762 senio-

656 4847 768 4885 rum
812 4829 1008 4898 majora
1048 4823 1359 4894 privatorum
1390 4815 1697 4886 peccatis.——
1727 4811 1812 4864 l3.
1839 4805 1944 4861 Sed
1969 4818 2100 4856 nunc
2120 4816 2240 4854 con-

658 4896 898 4976 stituetur
917 4919 970 4970 in
989 4914 1242 4988 judicium
1266 4909 1511 4963 Dominus
1532 4945 1549 4966 ,
1575 4913 1621 4957 et
1643 4910 1818 4955 statuet
1841 4896 2243 4967 pOpulumsuum

661 5013 726 5066 ad
749 4986 1002 5083 judicium
1031 5022 1050 5061 :
1078 5006 1162 5060 M.
1190 5005 1295 5074 ipse
1323 4998 1568 5054 Dominus
1587 4995 1652 5048 ad
1681 4991 1927 5061 iudicium
1951 4986 2106 5039 veniet
2132 4998 2244 5037 cum

662 5075 940 5159 senioribus
983 5097 1188 5167 populi,
1231 5104 1276 5147 et
1301 5108 1414 5146 cum
1438 5085 1746 5159 principibus
1778 5083 2025 5152 ipsorum.
2059 5075 2248 5130 Adhuc

665 5198 716 5251 in
764 5191 952 5250 eadem
1003 5197 1202 5260 perstat
1248 5183 1592 5241 correctionis
1634 5177 1847 5248 specie,
1889 5189 1918 5226 a
1944 5171 2140 5243 populo
2179 5167 2245 5221 ad

666 5286 907 5340 seniores
932 5291 986 5338 et
1028 5278 1095 5333 ad
1141 5275 1404 5346 principes
1453 5268 1867 5338 increpationcm
1914 5271 2147 5323 vertens,
2187 5269 2249 5309 ac

672 5389 974 5432 sermonem
1005 5370 1233 5426 reddens
1263 5364 1671 5424 terribiliorem;
1721 5358 1898 5427 ipsum
1930 5367 2054 5408 vero
2083 5351 2255 5404 Deum

675 5469 873 5527 inducit
891 5466 981 5535 jus
997 5465 1263 5520 dicentem
1283 5470 1337 5515 et
1355 5457 1800 5512 condemnantcm
1830 5465 1848 5501 ι
1861 5463 1921 5501 ac
1939 5445 2003 5500 de
2019 5442 2253 5514 peccatis

673 5571 856 5618 contra
884 5556 1136 5628 populum
1158 5547 1475 5623 perpetratis
1501 5549 1836 5599 accusantem
1859 5551 1951 5592 eos
1971 5535 2060 5604 qui
2093 5547 2257 5602 popu-

675 5656 784 5711 lum
821 5652 1086 5708 lmdehant
1107 5648 1148 5700 ί.
1200 5641 1555 5711 Quamobrem
1597 5636 1806 5692 dicebat
1833 5650 1847 5686 :
1879 5629 1944 5688 Et
1974 5643 2105 5683 nunc
2133 5643 2257 5680 cono-

745 5813 764 5846 ι
800 5819 887 5860 Pro
911 5807 1080 5862 verbo,
1104 5798 1360 5862 ltedel-ant,
1386 5792 1601 5862 Savi'.._i_n
1625 5797 1766 5862 textu
1787 5781 2259 5862 ell'grgpﬂligebant,

685 5879 732 5927 in
758 5851 884 5924 not-av
910 5851 1080 5918 autem
1108 5851 1359 5930 proﬁtetur
1379 5870 1436 5909 se
1460 5854 1624 5916 malle,
1647 5851 1989 5917 gubernabant.

3797 445 3826 496 4

2299 443 2516 463 ιιυιιιυι
2544 446 2554 457 .
2605 443 2775 467 υυηο
2791 443 2807 466 ι
2826 443 2911 468 an
2931 443 2947 467 ι
2963 443 3129 469 ιιιυινο

2299 521 2530 576 stituetur
2556 523 2622 576 ad
2642 525 2893 593 judicium
2933 525 3200 580 Dominus.
3251 527 3381 596 Quia
3407 531 3547 586 enim
3575 541 3870 589 accusando

2240 667 2242 672 _
2297 627 2598 667 sermonem
2623 618 2950 685 consumpsit
2975 659 2987 681 ,
3032 619 3094 672 iis
3123 634 3249 673 vero
3283 619 3372 690 qui
3402 621 3581 676 animo
3607 633 3730 678 sunt
3757 635 3870 680 stu-

2299 706 2420 775 pido
2446 708 2677 760 accusari
2719 724 2823 762 non
2864 709 3148 764 admodum
3187 726 3347 780 grave
3386 721 3502 777 est,
3545 715 3714 782 puniri
3745 732 3870 771 vero

2298 799 2530 853 terribile
2554 841 2568 864 ,
2596 800 2700 864 ait,
2738 800 2844 853 Res
2869 815 2972 853 non
3004 801 3054 854 in
3093 805 3432 857 accusatione
3459 812 3663 858 tantum
3691 808 3872 860 consi-

2295 902 2431 958 stet,
2464 892 2557 946 sed
2600 893 2728 946 ultio
2757 903 2963 960 peccata
2997 904 3268 963 sequetur,
3301 895 3389 947 illo
3417 895 3504 964 qui
3531 895 3874 952 damnaturus

2295 992 2376 1036 est
2403 999 2588 1053 ptenas
2618 984 2829 1038 demum
2856 985 3097 1054 exigente
3116 1027 3129 1049 ,
3163 997 3217 1039 et
3256 987 3508 1040 adversus
3553 990 3872 1056 prrevarica-

2297 1085 2439 1130 tores
2477 1076 2562 1145 jus
2604 1076 2832 1132 dicente.
2881 1077 3030 1144 Quod
3068 1089 3212 1132 certe
3253 1080 3740 1147 attemperationem
3782 1081 3872 1134 Dei

2295 1167 2514 1222 multam
2536 1168 2801 1234 ostendit,
2831 1170 2919 1238 qui
2951 1170 3075 1223 velit
3103 1170 3262 1223 etiam
3291 1186 3410 1224 cum
3443 1171 3504 1223 iis
3533 1171 3710 1226 subire
3734 1171 3874 1240 judi-

2295 1260 2433 1313 cium
2459 1300 2472 1324 ,
2506 1274 2567 1313 ac
2597 1274 2898 1314 sermonem
2938 1261 3096 1314 vertit
3120 1260 3184 1315 ad
3213 1261 3548 1314 excitandum
3594 1262 3874 1331 pudorem,

2297 1349 2348 1404 id
2387 1350 2528 1420 quod
2566 1359 2713 1404 certe
2760 1350 3106 1421 intelligentia
3136 1350 3388 1420 prmditos
3415 1351 3464 1404 in
3491 1366 3755 1405 summum
3779 1367 3871 1405 an-

2295 1455 2478 1510 gorem
2507 1441 2774 1510 eonjicerc
2803 1442 2955 1495 solet.
3015 1441 3196 1510 Neque
3225 1441 3396 1495 solum
3435 1441 3504 1494 ob
3534 1456 3649 1496 eam
3672 1482 3687 1507 ,
3719 1455 3875 1510 quam

2295 1543 2455 1601 supra
2479 1531 2607 1595 dixi,
2631 1547 2842 1585 causam
2864 1532 2928 1584 ad
2953 1530 3217 1600 principes
3242 1539 3295 1586 et
3317 1532 3554 1586 seniores
3573 1546 3876 1586 sermonem

2295 1627 2600 1680 convertit:
2632 1625 2726 1680 sed
2777 1634 2833 1677 ut
2859 1639 3046 1678 omnes
3079 1622 3297 1687 doceat,
3348 1622 3617 1692 graviores
3659 1621 3879 1676 daturos

2297 1731 2417 1770 esse
2444 1729 2628 1784 poenas
2655 1715 2918 1784 principes
2937 1754 2952 1780 ,
2981 1730 3138 1784 quam
3172 1714 3428 1769 subditos.
3459 1712 3709 1768 Subditus
3733 1712 3876 1766 enim

2299 1820 2398 1875 pro
2425 1821 2484 1861 se
2518 1816 2719 1860 tantum
2743 1847 2758 1872 ,
2801 1807 3047 1876 princeps
3084 1820 3209 1859 vero
3249 1819 3342 1874 pro
3371 1803 3547 1873 seipse
3576 1813 3629 1858 et
3656 1819 3752 1873 pro
3780 1818 3879 1873 po-

2277 1900 2445 1969 -pulo,
2477 1900 2526 1954 in
2554 1913 2710 1969 quem
2743 1899 2839 1968 ipsi
2866 1897 3143 1967 imperium
3173 1898 3419 1951 traditum
3449 1907 3531 1951 est
3550 1937 3564 1961 ,
3595 1895 3684 1949 dat
3712 1897 3880 1949 ratio-

2300 2006 2422 2046 nem
2461 2009 2475 2045 :
2513 2000 2567 2046 et
2608 2005 2636 2044 a
2681 1989 2980 2044 senioribus
3025 2003 3234 2058 quoque
3277 2002 3379 2041 non
3428 1986 3690 2040 immerito
3738 1993 3879 2037 tanta

2303 2082 2590 2152 requiritur
2615 2081 2904 2151 diligentia.
2960 2079 3112 2144 Quod
3155 2079 3295 2132 enim
3327 2077 3431 2132 illis
3458 2085 3540 2130 est
3578 2075 3880 2144 imperium,

2301 2173 2528 2242 idipsum
2556 2171 2670 2226 istis
2696 2179 2844 2226 tetas.
2881 2170 3076 2239 Dignus
3100 2169 3240 2222 enim
3273 2176 3354 2222 est
3381 2168 3537 2222 etiam
3556 2166 3734 2236 junior
3760 2179 3882 2218 cor-

2302 2264 2542 2335 reptione
2570 2264 2613 2316 si
2640 2261 2870 2331 graviter
2905 2268 3120 2329 peccet;
3171 2258 3264 2313 sed
3311 2258 3402 2312 ille
3435 2258 3525 2326 qui
3556 2272 3652 2326 per
3673 2264 3886 2309 aetatem

2305 2355 2690 2410 immunitatem
2714 2361 2796 2407 est
2820 2351 3042 2422 adeptus
3059 2391 3072 2414 ,
3101 2364 3274 2417 neque
3305 2357 3380 2402 tot
3405 2346 3686 2400 affectuum
3709 2343 3885 2398 ﬂucti-

2307 2447 2405 2500 bus
2429 2445 2721 2502 obsidetur,
2749 2443 2833 2495 cui
2865 2447 3157 2509 temperate
3176 2438 3354 2492 vivere
3380 2436 3581 2490 facilius
3610 2445 3708 2495 est,
3742 2443 3798 2488 ct
3822 2432 3889 2486 ab

2307 2538 2422 2591 aliis
2462 2533 2804 2590 smcularibus
2853 2531 3013 2585 rebus
3054 2529 3197 2582 nullo
3237 2526 3452 2597 negotio
3499 2524 3764 2578 abstinere
3795 2537 3888 2591 po-

2309 2638 2430 2694 test,
2460 2635 2514 2682 et
2556 2641 2734 2681 rerum
2773 2621 3094 2692 experientia
3124 2619 3380 2689 majorem
3411 2616 3636 2684 adeptus
3658 2613 3891 2682 pruden-

2311 2726 2433 2778 tiam
2456 2740 2469 2789 ;
2494 2722 2612 2790 jure
2637 2722 2835 2787 majore
2859 2731 3014 2787 quam
3034 2715 3118 2767 alii
3142 2726 3327 2766 omnes
3342 2707 3679 2765 damnatione
3698 2704 3892 2774 dignus

2310 2825 2410 2878 est,
2439 2821 2623 2881 utpote
2651 2810 2738 2879 qui
2778 2809 3040 2877 juvenum
3071 2803 3336 2858 lasciviam
3365 2802 3416 2854 in
3445 2806 3689 2867 provecta
3731 2805 3889 2849 suate

2311 2903 2630 2960 exhibuerit.
2667 2899 2766 2953 Vos
2794 2908 2960 2951 autem
2987 2912 3076 2948 cur
3113 2892 3401 2946 incendistis
3422 2891 3612 2942 uincam
3634 2901 3813 2948 meam,
3845 2892 3891 2937 et

2311 2997 2494 3064 rapina
2532 2991 2768 3063 pauperis
2809 2999 2879 3042 est
2922 2987 2975 3040 in
3016 2985 3243 3038 domibus
3287 2979 3501 3035 vestris?
3550 2977 3754 3045 Ubique
3784 2975 3892 3029 Deo

2313 3101 2501 3157 magna
2527 3081 2852 3153 providentia
2875 3089 2956 3133 est
2979 3092 3101 3146 erga
3124 3089 3218 3130 eos
3239 3073 3326 3143 qui
3351 3070 3538 3140 injuria
3560 3068 3890 3122 afﬁciuntur:

2314 3193 2376 3233 ac
2402 3193 2506 3232 non
2533 3176 2706 3229 minus
2727 3214 2741 3237 ,
2772 3173 2878 3226 imo
2903 3167 3186 3238 aliquando
3227 3164 3345 3234 plus
3370 3160 3665 3231 indignatur
3686 3157 3751 3212 de
3772 3171 3897 3228 pec-

2316 3273 2448 3328 catis
2487 3284 2610 3340 crga
2656 3276 2942 3322 conservos
2966 3302 2981 3326 ,
3027 3274 3188 3329 quam
3227 3255 3294 3310 de
3338 3253 3567 3335 peccatis
3596 3251 3649 3305 in
3697 3251 3893 3317 ipsum.

2321 3361 2525 3416 Etenim
2555 3355 2791 3428 permisit
2814 3363 2867 3407 ut
2894 3353 2937 3406 is
2958 3350 3046 3420 qui
3067 3345 3400 3402 iornicariam
3420 3326 3635 3396 haberet
3652 3354 3894 3399 uxorem,

2320 3453 2462 3505 illam
2493 3448 2783 3517 expelleret
2804 3442 3016 3514 (Matth.
3037 3441 3089 3495 5.
3115 3439 3224 3507 32),
3257 3435 3501 3506 gentilem
3519 3445 3645 3486 vero
3670 3442 3900 3484 uxorem

2321 3557 2509 3602 secus;
2548 3541 2670 3596 licet
2702 3538 2804 3590 hoc
2831 3541 3104 3604 peccatum
3137 3539 3319 3582 contra
3349 3526 3518 3594 ipsum
3549 3529 3726 3584 esset,
3755 3518 3899 3572 aliud

2323 3638 2396 3706 (Ι.
2427 3635 2544 3689 Cor.
2573 3634 2625 3686 7.
2658 3630 2746 3698 η)
2776 3641 2902 3681 vero
2926 3634 3107 3678 contra
3140 3619 3428 3674 hominem.
3473 3615 3539 3668 Et
3566 3612 3734 3666 hostia
3763 3625 3903 3678 pne-

2324 3699 2495 3792 sente,
2522 3723 2678 3793 jussit
2702 3719 2996 3786 relinquere
3027 3726 3238 3776 munus,
3270 3723 3366 3762 nec
3393 3715 3515 3760 ante
3539 3701 3664 3757 illud
3683 3699 3901 3763 oll'erre,

2326 3830 2632 3889 quamcum
2678 3811 2839 3866 fratre
2888 3804 3317 3861 reconciliaretur
3357 3799 3435 3860 is,
3486 3796 3574 3866 qui
3602 3791 3906 3862 proximum

2328 3882 2619 3968 offenderat
2649 3904 2856 3972 (Matth.
2888 3902 2941 3956 5.
2969 3899 3057 3953 23.
3086 3897 3201 3965 24).
3252 3893 3458 3947 Etcum
3483 3887 3549 3943 de
3589 3887 3680 3940 illo
3701 3882 3907 3953 judiCa-

2328 4006 2404 4057 vit
2429 4001 2521 4072 qui
2545 3998 2723 4053 decies
2748 3994 2894 4048 mille
2922 3991 3113 4044 talenta
3142 3977 3517 4045 devoraverat,
3536 3991 3657 4031 cum
3685 3974 3748 4028 de
3781 3987 3907 4041 pec-

2330 4096 2462 4149 catis
2486 4098 2669 4145 contra
2698 4100 2755 4139 se
2783 4079 3080 4137 commissis
3114 4076 3259 4129 illum
3289 4076 3581 4132 accusaret,
3613 4081 3713 4118 non
3733 4063 3908 4131 ipsum

2334 4197 2559 4253 nequam
2595 4173 2908 4248 appellavit,
2955 4168 3048 4223 sed
3089 4167 3194 4219 cito
3235 4177 3352 4217 cum
3401 4160 3489 4213 illo
3538 4153 3908 4211 reconciliatus

2333 4247 2434 4344 est,
2467 4247 2739 4341 totumque
2763 4266 3002 4322 debitum
3036 4258 3237 4315 dimisit
3265 4256 3344 4319 ei;
3379 4261 3433 4306 at
3460 4265 3578 4305 cum
3608 4247 3673 4302 de
3693 4255 3909 4300 centum

2335 4367 2567 4427 denariis
2595 4369 2859 4432 ageretur,
2888 4365 2941 4409 ct
2962 4366 3170 4406 servum
3202 4361 3422 4416 nequam
3451 4349 3622 4403 vocat,
3657 4344 3710 4392 et
3738 4345 3906 4390 torto-

2337 4463 2485 4518 ribus
2506 4429 2692 4511 tradit:
2711 4464 2806 4503 nec
2834 4449 2976 4516 prius
2996 4458 3115 4497 eum
3139 4455 3196 4494 se
3217 4436 3554 4492 dimiSsnrum
3577 4429 3728 4493 dixit,
3753 4439 3912 4494 quam

2341 4561 2507 4606 totum
2531 4544 2777 4600 redderet
2801 4538 3041 4591 debitum
3070 4529 3272 4600 (Matth.
3308 4526 3423 4592 25).

2413 4641 2466 4693 Ἰ.
2501 4636 2617 4705 Ipse
2646 4642 2855 4700 quoque
2882 4623 3125 4678 Christus
3165 4632 3284 4672 cum
3323 4611 3561 4681 colaphis
3601 4606 3919 4666 caederetur,

2345 4731 2474 4789 nihil
2502 4699 2996 4791 scrvoipercutienti
3018 4712 3213 4766 malum
3241 4705 3438 4768 retulit,
3471 4701 3560 4756 sed
3589 4699 3744 4752 etiam
3779 4711 3922 4748 man-

2345 4838 2494 4880 suete
2530 4817 2801 4890 respondit
2833 4833 2846 4869 :
2874 4812 2932 4868 Si
2961 4809 3090 4862 male
3131 4805 3363 4873 loquutus
3402 4814 3540 4859 sum,
3586 4791 3921 4847 testimonium

2348 4916 2548 4988 perhibe
2573 4879 2634 4966 de
2663 4909 2795 4962 malo
2819 4921 2837 4971 ,'
2877 4905 2920 4958 si
2947 4911 3113 4954 autem
3137 4897 3285 4958 bene,
3313 4890 3432 4962 quid
3460 4904 3535 4940 me
3562 4884 3710 4938 caedis
3741 4879 3920 4948 (Joan.

2351 4969 2439 5063 i8.
2477 5004 2609 5075 2'5)?
2662 5001 2794 5054 Cum
2820 4969 3009 5050 (autem
3051 4987 3331 5044 Jeroboam
3373 4991 3587 5034 manum
3629 4969 3927 5028 extendens

2351 5066 2662 5172 prephe'tam
2693 5091 2781 5161 qui
2814 5103 2873 5143 se
2911 5095 3036 5140 tunc
3062 5077 3314 5149 arguebat
3342 5066 3740 5142 apprehendere
3765 5075 3926 5116 conac

3070 5171 3073 5172 ν
3470 5161 3515 5172 ,.,
3577 5156 3611 5172 .,
3732 5151 3795 5172 ..ι
3856 5150 3898 5172 η

2584 5150 2799 5238 manum
2828 5178 2941 5247 ejus
2968 5171 3172 5227 aridam
3207 5163 3439 5221 reddidit
3465 5161 3538 5231 (ὅ.
3568 5156 3694 5224 Reg.
3728 5151 3816 5253 ις»
3847 5150 3926 5217 4),

2357 5292 2408 5337 te
2437 5279 2685 5336 erudiens
2710 5314 2724 5338 ,
2776 5282 2833 5326 ut
2877 5265 3094 5337 injurias
3124 5260 3217 5314 tibi
3246 5258 3418 5311 illatas
3460 5255 3731 5305 mansuete
3763 5241 3925 5303 feras,

2359 5387 2450 5428 eas
2496 5383 2623 5423 vero
2678 5378 2794 5434 qua:
2847 5334 3070 5413 Domino
3120 5349 3415 5405 inferuntur
3463 5334 3928 5393 vehementissime

2361 5460 2652 5519 ulciscaris.
2699 5455 2823 5510 ldeo
2848 5450 2945 5506 etsi
2971 5460 3092 5502 cum
3119 5443 3287 5511 legem
3318 5436 3515 5496 (erret,
3544 5424 3776 5482 secundo
3818 5423 3932 5475 loco

2363 5554 2598 5626 posuerit
2647 5559 2882 5600 amorem
2928 5551 3050 5607 erga
3095 5531 3390 5603 proximum
3418 5565 3432 5588 ,
3483 5530 3656 5574 tamen
3705 5513 3931 5568 similem

2364 5602 2497 5702 dixit
2523 5637 2683 5712 priori
2713 5652 2726 5687 :
2755 5649 2817 5688 ac
2855 5632 2991 5685 sicut
3019 5625 3163 5679 illum
3195 5612 3589 5675 accuratissime
3631 5604 3829 5673 exigit,
3859 5602 3931 5654 sic

2367 5748 2416 5792 et
2451 5695 2588 5790 hunc
2613 5740 2842 5799 quoque.
2892 5721 2966 5774 De
2993 5718 3082 5770 illo
3111 5713 3251 5769 enim
3277 5708 3375 5770 ait,
3427 5702 3626 5755 Extoto
3652 5695 3799 5748 corde
3831 5702 3934 5750 tuo,

2365 5839 2411 5881 ct
2442 5843 2502 5880 ca:
2530 5785 2840 5878 tota-anima
2881 5823 3001 5872 tua;
3047 5805 3114 5861 de
3153 5801 3256 5857 hoc
3295 5804 3506 5852 autem.
3555 5790 3696 5846 Sicut
3728 5785 3937 5852 “ipsum
