4152 6468
214 389 279 446 ts
1447 390 1511 447 IN
1548 390 1795 449 lSAlAM.
1836 394 1986 451 CAP.
2026 396 2115 450 ιιι.
3421 408 3497 467 50

219 494 423 566 (Matth.
443 498 544 555 Ὠ.
578 504 675 558 '57.
707 505 820 569 59).
853 506 919 561 Et
937 505 1280 575 alibiquoque
1305 520 1445 573 stepe
1472 503 1649 559 videre
1670 504 1806 574 quis-

230 606 326 662 que
360 592 533 662 possit
571 605 833 665 quantam
879 597 1019 653 Deus
1044 612 1074 650 a
1104 598 1256 651 nobis
1284 596 1459 665 exigat
1483 594 1805 664 diligentiam

230 683 366 738 circa
390 698 452 739 ea
479 699 603 754 qua:
644 688 798 742 nobis
829 696 1011 742 mutuo
1042 687 1297 743 debemus
1335 686 1528 741 oflicia.
1572 686 1806 741 Observa

231 773 388 845 igitur
406 774 494 831 hic
510 777 709 833 acriter
729 778 1032 841 instantem,
1055 788 1111 835 et
1129 780 1515 834 accusationem
1535 777 1807 832 acerrimis

232 866 411 921 verbis
442 876 752 937 augentem.
767 884 885 924 cum
904 868 1031 925 dicit
1052 886 1064 922 :
1092 870 1181 923 Vos
1198 876 1369 921 autem
1388 883 1478 919 cur
1518 867 1806 922 incendistis

228 956 426 1009 vineam
450 958 657 1011 meum?
702 958 850 1024 Quod
880 959 1137 1013 immanes
1164 957 1376 1028 quidam
1404 957 1584 1013 hostes
1611 969 1663 1013 et
1686 958 1802 1013 bar-

228 1046 345 1101 bari
372 1047 591 1102 fecerint
608 1090 623 1115 ,
665 1048 765 1105 hoc
804 1064 899 1104 vos
924 1065 1048 1121 erga
1073 1050 1362 1105 familiares
1385 1058 1591 1104 vestros
1614 1049 1803 1103 admit-

228 1138 358 1193 titis.
391 1136 611 1193 Vineam
644 1154 805 1209 porro
831 1150 984 1195 vocat
1006 1141 1259 1210 populum
1284 1180 1299 1207 ,
1329 1140 1469 1211 quod
1496 1155 1616 1195 eum
1639 1140 1804 1194 multo

224 1227 405 1283 studio
440 1236 496 1284 et
530 1244 759 1298 superna
790 1230 1117 1299 providentia
1162 1238 1462 1285 conservet.
1513 1229 1579 1283 Et
1606 1242 1802 1298 augens

222 1319 617 1375 accusationem
639 1361 655 1385 ,
689 1336 792 1375 non
817 1321 985 1388 dixit,
1025 1322 1132 1379 Cur
1155 1334 1475 1384 conservos,
1510 1319 1799 1389 proximos,

223 1409 422 1467 fratres
444 1429 460 1479 ;
489 1412 604 1478 sed,
630 1413 766 1480 Quid
791 1428 928 1480 mea,
954 1413 1143 1483 inquit,
1169 1411 1489 1482 perdidistis,
1522 1426 1633 1464 mea
1659 1409 1802 1464 labo-

224 1500 501 1559 tactastis?
553 1504 754 1559 Deinde
800 1504 1029 1559 incendii
1076 1503 1307 1571 speciem
1347 1501 1652 1563 ostendens,
1678 1500 1796 1552 ait:

220 1595 433 1665 Rapina
459 1597 694 1667 pauperis
717 1607 787 1651 est
813 1597 864 1650 in
899 1596 1127 1650 domibus
1155 1595 1345 1649 uestris.
1396 1593 1509 1649 Non
1549 1592 1689 1647 enim
1730 1591 1798 1644 ita

218 1686 358 1740 solet
383 1687 589 1757 grando
614 1688 797 1743 vineas
821 1695 1058 1751 vastare,
1102 1695 1160 1741 ut
1194 1685 1440 1754 iniquitas
1468 1684 1714 1755 pauperis
1747 1692 1801 1737 et

219 1776 399 1845 inopis
446 1776 680 1830 animum
732 1776 1089 1840 succendere,
1133 1784 1303 1829 morte
1354 1776 1648 1844 graviorem
1700 1774 1799 1841 ipsi

219 1882 510 1923 mterorem
536 1867 786 1922 inferens.
820 1866 1022 1937 Ubique
1050 1866 1208 1937 igitur
1245 1867 1425 1935 rapina
1458 1866 1650 1918 malum
1682 1874 1794 1925 est;

218 1957 454 2011 maxime
482 1971 611 2011 vero
638 1972 759 2012 cum
788 1957 831 2012 is
865 1957 949 2011 cui
988 1956 1239 2011 damnum
1281 1955 1501 2010 infertur
1532 1956 1583 2007 in
1623 1963 1799 2008 extre-

219 2066 365 2105 mam
394 2050 638 2105 redactus
666 2060 749 2105 est
774 2058 1154 2119 paupertatem.
1183 2048 1366 2118 Neque
1392 2055 1593 2102 tantum
1623 2046 1794 2100 incre-

219 2149 313 2210 pat
340 2140 456 2195 haec
483 2139 710 2195 dicendo
730 2181 745 2203 ,
791 2139 885 2194 sed
912 2140 1072 2195 etiam
1102 2138 1340 2209 corrigit,
1370 2138 1585 2191 mittens
1611 2150 1704 2190 eos
1729 2135 1796 2190 ad

215 2233 420 2301 rapina:
465 2231 844 2300 spectaculum.
890 2231 1010 2287 Post
1058 2230 1354 2299 huiusmodi
1393 2228 1589 2283 dictum
1628 2230 1793 2294 enim,

216 2332 464 2394 aspectus
506 2323 581 2377 rei
625 2323 726 2377 sub
774 2322 941 2377 oculis
988 2322 1171 2391 posita:
1216 2336 1575 2392 compungere
1622 2328 1797 2389 potest

214 2432 363 2483 eum,
402 2415 490 2485 qui
525 2430 628 2468 non
659 2413 1121 2483 impudentissimo
1152 2412 1307 2467 fuerit
1346 2414 1542 2466 animo.
1576 2412 1662 2466 15.
1693 2411 1796 2464 Cur

212 2525 301 2562 vos
328 2509 517 2578 injuria
552 2507 746 2577 efﬁcitis
786 2507 1027 2576 populum
1054 2506 1262 2560 nteant?
1312 2504 1364 2558 In
1393 2504 1581 2559 eodem
1611 2518 1794 2558 rursus

214 2608 521 2669 perseverat
547 2596 760 2653 dicendi
786 2612 981 2667 genere
1014 2614 1025 2647 :
1058 2598 1193 2651 sicut
1216 2596 1351 2659 illic,
1388 2594 1590 2647 Vincunt
1611 2609 1791 2659 meant,

210 2692 284 2745 ita
313 2691 419 2753 hic,
452 2689 710 2757 Populum
731 2705 912 2751 meum,
941 2687 1086 2740 dicit.
1119 2686 1185 2739 Et
1208 2686 1361 2754 [acies
1382 2684 1648 2738 humilium
1673 2700 1794 2737 con-

211 2780 466 2853 (auditis?
505 2782 647 2847 Quos
671 2779 939 2849 corrigere
965 2778 1276 2847 oportebat,
1328 2775 1425 2831 bos
1479 2775 1788 2845 impellitis;

210 2888 347 2943 quos
385 2872 591 2941 erigere
613 2913 629 2936 ,
676 2870 777 2925 hos
812 2868 1165 2937 confringitis.
1214 2866 1344 2921 Nam
1376 2875 1495 2935 post
1530 2867 1789 2935 rapinam,

209 2963 429 3017 viliores
459 2961 799 3031 respuebant,
829 2969 882 3014 et
911 2958 1173 3026 indignius
1199 2972 1359 3027 quam
1388 2955 1665 3024 mancipiis
1688 2954 1791 3008 illis

208 3054 524 3116 utebantur,
554 3061 749 3121 praeter
776 3050 1048 3105 avaritiam
1076 3049 1428 3117 arrogantiam
1455 3062 1664 3116 quoque
1692 3062 1789 3101 au-

206 3154 429 3215 gentes,
476 3154 529 3198 et
575 3160 669 3213 per
706 3142 913 3198 divitias
958 3143 1135 3210 inique
1178 3151 1352 3209 partas
1378 3140 1540 3194 multa
1576 3138 1791 3206 insuper

205 3251 333 3292 sese
376 3235 657 3290 efferentes
686 3232 1006 3302 arrogantia.
1052 3230 1300 3285 Avaritia:
1341 3230 1484 3284 enim
1529 3229 1790 3299 superbia:

204 3327 433 3381 morbus
468 3324 770 3395 adiungitur
798 3340 811 3377 :
843 3334 896 3377 et
926 3334 1125 3391 quanto
1166 3321 1283 3390 plus
1321 3320 1529 3376 divitias
1553 3319 1673 3389 quis
1696 3334 1791 3373 ca-

203 3417 445 3482 mularit,
487 3425 632 3469 tanto
662 3415 828 3483 magis
856 3412 1074 3467 morbus
1104 3411 1190 3467 hic
1216 3410 1519 3465 increverit.
1564 3409 1678 3463 Hoc
1704 3409 1789 3462 di-

201 3509 274 3560 cit
304 3507 571 3571 Dominus,
603 3504 864 3569 Dominus,
894 3504 1140 3557 Dominus
1169 3503 1493 3556 exercituum.
1520 3499 1654 3568 Quid
1685 3507 1786 3564 est,

202 3597 577 3651 Exercituum?
600 3596 919 3665 Angelorum
947 3594 1093 3660 dicit,
1122 3593 1575 3662 archangelorum,
1599 3606 1787 3660 snper-

200 3703 396 3743 narnm
422 3688 674 3741 virtutum
697 3728 712 3751 ,
742 3701 773 3741 a
803 3695 943 3741 terra
974 3686 1039 3739 ad
1081 3684 1268 3739 cadum
1300 3684 1594 3737 auditorem
1624 3682 1787 3735 addu-

201 3794 331 3833 cens
352 3820 367 3841 ,
394 3788 453 3831 ut
484 3778 583 3846 ipsi
616 3777 989 3846 cogitationem
1016 3776 1191 3845 magni
1223 3776 1361 3829 illius
1389 3775 1536 3844 regni
1566 3774 1783 3841 injiciat,

201 3884 264 3924 ut
312 3871 461 3923 illum
513 3871 589 3922 sic
643 3869 997 3937 stupefactum
1036 3865 1467 3935 temperatiorem
1518 3864 1782 3927 redderet,

200 3960 616 4027 ostenderetque
644 3967 841 4012 tantam
864 3958 1167 4027 patientiam
1196 3972 1299 4011 non
1323 3956 1661 4019 inﬁrmitatis,
1691 3955 1784 4009 sed

199 4051 420 4104 maximi
459 4049 621 4103 animi
664 4062 804 4102 esse.
856 4047 942 4102 i6.
979 4047 1100 4101 Παίς
1136 4047 1257 4101 dicit
1285 4046 1549 4100 Dominus.
1596 4045 1702 4098 I’ro
1729 4061 1785 4098 eo

200 4141 339 4209 quod
372 4141 607 4194 exaltattz
644 4150 758 4193 sunt
802 4138 923 4206 filia:
962 4138 1124 4205 Sion,
1169 4147 1215 4191 et
1252 4153 1462 4208 egressa:
1496 4146 1611 4189 sunt
1655 4137 1785 4189 elato

197 4236 357 4292 callo.
390 4244 433 4287 ct
462 4233 663 4285 nutibus
696 4232 956 4285 oculorum
979 4272 993 4294 ,
1035 4243 1079 4284 et
1114 4233 1305 4283 incessu
1333 4230 1511 4298 pedum
1539 4229 1785 4281 trahentes

197 4326 355 4378 simul
384 4325 575 4377 tunicas
597 4365 609 4387 ,
638 4324 881 4393 simulque
905 4322 1110 4391 pedibus
1130 4322 1374 4376 ludentes.
1406 4323 1492 4375 17.
1522 4321 1587 4375 Et
1615 4322 1784 4374 Itami—

198 4417 348 4469 liabit
372 4415 511 4469 Deus
534 4415 887 4469 dominatrices
917 4415 1049 4482 ﬁlias
1071 4413 1219 4477 Sion,
1252 4423 1298 4466 et
1322 4412 1567 4466 Dominus
1594 4414 1783 4465 revela-

196 4512 271 4563 bit
297 4509 523 4562 habitum
560 4524 732 4563 earum
760 4508 813 4560 in
839 4507 920 4561 die
943 4506 1054 4560 illa.
1099 4506 1185 4561 18.
1217 4504 1283 4563 Et
1319 4509 1511 4576 auferet
1536 4503 1784 4558 Dominus

198 4603 419 4672 gloriam
444 4602 719 4655 vestimenti
745 4616 940 4665 earum,
977 4609 1023 4652 et
1043 4609 1275 4651 ornatum
1294 4615 1466 4651 earum
1493 4599 1593 4667 (a),
1610 4608 1653 4651 et
1674 4600 1779 4650 ciu-

196 4696 380 4747 cinnos
415 4711 621 4759 earum,
666 4704 709 4746 et
741 4692 997 4762 corymbos
1018 4732 1035 4758 ,
1067 4700 1111 4745 et
1142 4691 1345 4745 lunulas
1366 4731 1379 4753 ,
1413 4690 1499 4744 l9.
1533 4698 1577 4741 et
1602 4689 1783 4741 monile

198 4800 379 4838 carum
399 4824 415 4848 ,
447 4793 493 4835 et
522 4793 755 4836 ornatum
781 4783 927 4852 faciei
955 4799 1127 4835 earum
1151 4822 1166 4846 ,
1201 4791 1246 4833 et
1274 4781 1675 4848 compositionem
1702 4795 1783 4831 or-

197 4876 429 4928 namenti
456 4873 649 4943 glorite,
673 4883 719 4926 et
744 4874 990 4937 armillas,
1015 4882 1061 4924 et
1088 4880 1306 4941 torques,
1330 4870 1421 4925 ΞΟ.
1441 4880 1485 4924 et
1501 4871 1777 4933 reticulum,

199 4980 248 5023 ct
271 4969 513 5031 annulos,
556 4976 601 5018 et
625 4966 856 5030 collaria,
884 4974 931 5017 et
954 4966 1176 5027 inaures,
1211 4964 1299 5016 21.
1327 4972 1372 5016 et
1403 4979 1625 5031 purpura
1651 4978 1781 5030 pra:-

199 5069 369 5111 tcxtas
390 5098 405 5119 ,
452 5066 497 5109 et
526 5070 719 5125 pannos
749 5070 836 5124 per
864 5054 1064 5107 domum
1084 5096 1099 5118 ,
1146 5062 1191 5106 et
1220 5054 1482 5122 perspicua
1513 5051 1781 5115 Laconica,

195 5148 288 5202 22.
336 5157 385 5201 et
413 5147 633 5217 byssina,
664 5156 708 5197 et
735 5146 1057 5215 hyacinthina
1079 5160 1099 5207 ;
1130 5144 1218 5198 25.
1240 5145 1487 5209 coccinea,
1516 5155 1559 5196 et
1587 5144 1785 5213 byssum

197 5258 316 5294 cum
346 5256 473 5291 auro
500 5249 543 5291 et
566 5237 836 5308 hyacintho
874 5246 1174 5298 contextam,
1205 5246 1252 5290 et
1283 5237 1511 5288 theristra
1538 5252 1662 5287 auro
1688 5236 1785 5287 ad-

195 5339 391 5389 stricta.
435 5332 524 5387 24.
554 5330 621 5385 Et
643 5332 738 5384 erit
764 5347 852 5398 pro
878 5331 1019 5382 suavi
1047 5332 1198 5383 odore
1237 5330 1427 5399 puluis,
1455 5338 1502 5380 et
1542 5344 1631 5395 pro
1659 5342 1787 5379 zona

199 5428 432 5498 funiculo
459 5426 673 5493 (ingeris
697 5464 709 5483 ,
740 5432 785 5475 et
814 5438 903 5490 pro
934 5433 1223 5475 ornamento
1244 5422 1421 5489 capitis
1446 5422 1515 5473 tui
1542 5420 1785 5472 calvitium

199 5519 407 5573 habebis
434 5527 638 5585 propter
665 5530 817 5583 opera
847 5522 933 5565 tua
956 5553 970 5575 ,
1015 5522 1063 5566 et
1086 5529 1177 5582 pro
1208 5514 1375 5565 tunica
1417 5528 1643 5580 purpura
1680 5511 1786 5563 cla—

196 5622 313 5667 eata
352 5610 427 5679 (b)
480 5605 888 5675 circumcingeris
935 5620 1099 5658 sacco.
1150 5604 1273 5657 lla'c
1317 5604 1401 5655 tibi
1452 5620 1541 5671 pro
1584 5611 1782 5655 ornatu.

256 5749 332 5805 (τι)
367 5754 445 5794 Περ
474 5758 637 5797 voces,
665 5750 711 5791 et
730 5748 949 5789 ornatum
973 5755 1154 5791 citrum.
1180 5741 1357 5805 desunt
1381 5744 1426 5805 in
1454 5740 1628 5787 Bildiis.

256 5749 307 5805 (tt
367 5754 445 5794 tta?
474 5758 637 5797 voces,
665 5750 711 5791 et
730 5749 949 5789 orttttt'mt
973 5755 1154 5791 citrum.
1180 5749 1357 5788 desunt
1383 5749 1426 5787 ιιι
1454 5749 1582 5787 ΒιΜιι

256 5749 332 5872 (lt;
364 5810 487 5858 Vide
509 5806 828 5867 Atttiquitatis
852 5812 1023 5852 nostt'zc
1070 5810 1193 5852 ‘l‘om.
1222 5806 1268 5861 5,
1296 5804 1378 5851 lib.
1410 5804 1447 5859 l,
1473 5816 1513 5850 ρ.
1540 5805 1585 5847 ὅ.

1916 504 2007 559 25.
2041 504 2106 557 Et
2149 506 2283 572 ﬁlius
2317 515 2429 562 tuus
2466 508 2861 575 pulcherrimus,
2906 523 3052 576 quem
3076 507 3283 577 diligis,
3313 506 3490 577 gladio

1912 595 2051 648 cadet
2074 611 2093 658 ;
2137 605 2183 648 et
2208 600 2358 665 fortes
2386 600 2533 652 uestri
2571 600 2741 668 gladio
2762 600 2958 666 cadent,
2990 609 3035 653 et
3060 600 3480 653 humiliabuntur.

1909 682 1998 739 26.
2025 683 2089 736 Et
2115 686 2346 754 lugebant
2370 688 2523 740 theca:
2542 697 2745 741 ornatus
2766 690 2931 753 uestri,
2960 697 3005 743 et
3032 689 3327 755 relinqueris
3350 689 3480 751 sola,

1910 784 1955 827 et
1984 776 2034 827 in
2075 785 2257 829 terram
2299 778 2621 845 prosterneris
2654 778 2753 850 (ο).
2790 779 3054 835 Insolitam
3082 796 3197 836 rem
3223 781 3479 850 propheta

1910 864 2062 933 fecit,
2105 867 2317 936 longum
2341 868 2407 923 ad
2442 870 2687 924 mulieres
2712 870 2945 941 dirigens
2974 886 3309 939 sermonem,
3336 874 3478 941 quod

1911 972 2167 1026 nusquam
2206 960 2257 1013 in
2292 960 2575 1029 Scripturis
2618 961 2811 1016 factum
2854 962 3111 1018 videmus.
3161 963 3290 1032 Quae
3322 964 3479 1033 igitur

1912 1063 2063 1104 causa
2090 1059 2173 1104 est
2199 1051 2425 1105 insolitae
2454 1052 2567 1107 rei?

1978 1140 2031 1194 8.
2062 1138 2277 1194 Videtur
2301 1141 2428 1195 mihi
2455 1150 2579 1196 tunc
2603 1143 2855 1211 temporis
2887 1157 3129 1213 magnam
3166 1144 3329 1199 fuisse
3358 1159 3477 1198 mu-

1906 1226 2093 1283 lierum
2124 1231 2415 1295 mollitiem,
2443 1234 2768 1301 multumque
2792 1232 3078 1289 contulisse
3099 1233 3218 1289 illas
3245 1234 3312 1288 ad
3338 1236 3472 1289 viro.

1906 1333 2023 1373 rum
2062 1320 2367 1389 nequitiam.
2408 1320 2532 1377 Ideo
2561 1322 2681 1377 illas
2719 1323 2995 1393 Speciatim
3029 1323 3316 1394 redarguit,
3356 1339 3475 1394 gra-

1907 1411 2119 1466 vissima
2150 1412 2254 1467 illis
2279 1412 2508 1469 atterens
2531 1414 2775 1480 crimina,
2805 1429 3214 1485 sermonemque
3241 1415 3306 1470 ad
3329 1415 3477 1485 prin-

1904 1501 2098 1569 cipium
2125 1514 2359 1571 revocat,
2390 1520 2455 1561 ex
2481 1518 2707 1574 persona
2738 1505 2829 1560 Dei
2861 1505 3048 1560 iterum
3076 1505 3319 1575 loquens.
3346 1505 3473 1559 ιιωι

1905 1595 2023 1649 dicit
2052 1596 2299 1651 Dominus
2323 1614 2343 1652 :
2370 1597 2474 1652 Pro
2503 1613 2559 1652 eo
2599 1598 2735 1667 quod
2771 1597 3004 1652 mltata:
3034 1607 3152 1653 sunt
3177 1598 3299 1668 ﬁliae
3324 1597 3470 1662 Sion,

1905 1693 1951 1739 et
1988 1686 2359 1740 ambulauerunt
2386 1688 2517 1741 elato
2540 1688 2691 1741 collo.
2732 1687 2901 1756 Caput
2926 1686 3186 1741 malorum
3218 1687 3345 1754 ipsis
3368 1687 3476 1741 cri-

1903 1776 2031 1830 mini
2067 1776 2193 1841 dat,
2224 1778 2520 1847 superbiam
2550 1786 2605 1833 et
2631 1777 3006 1847 arrogantiam.
3052 1778 3163 1832 Hoc
3187 1777 3329 1831 enim
3355 1777 3473 1831 ubi-

1903 1880 2004 1935 que
2044 1881 2205 1936 grave
2245 1876 2353 1934 est,
2404 1868 2632 1923 maxime
2658 1883 2783 1922 vero
2808 1883 2927 1923 cum
2962 1870 3014 1923 in
3055 1868 3297 1923 muliebri
3341 1882 3472 1922 sexu

1903 1956 2156 2010 exoritur.
2210 1958 2332 2012 Alto
2369 1959 2509 2012 enim
2538 1958 2726 2028 spiritu
2755 1957 2913 2026 plena
2938 1958 3156 2024 mulier,
3186 1966 3370 2027 utpote
3399 1958 3473 2011 le-

1902 2045 2018 2100 vior
2041 2055 2095 2100 et
2125 2047 2564 2113 irrationabilior,
2594 2048 2746 2102 facile
2778 2049 3099 2115 pervertitur
3121 2089 3137 2111 ,
3173 2048 3472 2117 submergi-

1905 2142 2020 2199 tur,
2067 2135 2395 2206 naufragium
2439 2140 2672 2206 patitur,
2722 2138 2789 2192 ab
2833 2139 2975 2192 omni
3012 2138 3240 2207 maligno
3286 2138 3472 2206 spiritu

1903 2226 2147 2296 impulsa,
2181 2227 2313 2283 fastu
2343 2238 2398 2284 et
2426 2230 2723 2298 arrogantia
2756 2229 2919 2298 ipsam
2951 2228 3343 2297 submergente.
3382 2227 3472 2281 Vi-

1900 2320 2054 2374 detur
2097 2336 2255 2389 porro
2292 2322 2761 2391 Jerosolymitanas
2809 2320 3058 2375 mulieres
3102 2320 3299 2389 alloqui
3333 2339 3345 2373 :
3383 2320 3471 2373 id-

1900 2428 2067 2483 eoque
2096 2413 2227 2466 tilias
2258 2414 2383 2468 Sion
2412 2417 2636 2468 vocavit.
2666 2413 2729 2466 Et
2754 2414 3132 2466 ambulaverunt
3159 2413 3289 2466 elato
3314 2411 3468 2465 collo.

1902 2503 1994 2557 llic
2022 2503 2139 2557 illas
2162 2503 2405 2569 traducit,
2445 2519 2507 2558 ac
2534 2504 2842 2557 muliebrem
2871 2501 3105 2557 ostendit
3134 2501 3346 2564 fastum,
3379 2501 3469 2568 qui

1899 2610 2003 2649 non
2036 2603 2209 2662 potest
2251 2596 2304 2649 in
2349 2594 2525 2648 animo
2550 2609 2609 2647 se
2643 2594 2917 2647 continere
2938 2633 2955 2657 ,
2986 2592 3080 2646 sed
3110 2592 3375 2660 erumpit,
3405 2606 3470 2646 ac

1897 2701 1993 2756 per
2016 2700 2303 2754 corporeos
2340 2694 2512 2739 motus
2533 2698 2651 2739 sese
2678 2683 2873 2753 prodit.
2900 2682 3008 2737 Nec
3040 2682 3092 2736 in
3113 2682 3466 2752 arrogantiam

1899 2778 2089 2841 modo,
2141 2777 2233 2831 sed
2280 2777 2437 2831 etiam
2482 2777 2534 2831 in
2576 2776 2848 2831 lasciviam
2879 2776 2996 2829 illas
3021 2774 3240 2844 dejicit;
3288 2774 3387 2829 hoc
3415 2776 3463 2829 in

1895 2869 2237 2937 sequentibus
2262 2868 2388 2923 dicit
2414 2876 2469 2924 et
2492 2868 2742 2923 declarat.
2793 2867 2970 2937 Pergit
3000 2867 3159 2937 igitur
3189 2884 3202 2921 :
3232 2866 3300 2920 Et
3326 2868 3464 2920 nuli-

1895 2960 1985 3013 bus
2005 2960 2263 3014 oculorum
2282 3002 2296 3025 ,
2327 2960 2377 3015 id
2414 2961 2551 3030 quod
2578 2960 2896 3013 amasiarum
2922 2959 3195 3028 proprium
3217 2967 3329 3022 est,
3368 2971 3464 3025 pu-

1897 3051 2048 3122 pillas
2073 3061 2301 3117 vertere,
2326 3052 2704 3121 mollitiemque
2732 3051 2948 3105 multam
2970 3060 3022 3105 et
3051 3049 3320 3103 lasciviam
3343 3048 3464 3103 hinc

1894 3142 2226 3213 exprimere;
2277 3143 2514 3197 mollitiei
2541 3152 2713 3196 autem
2754 3157 2816 3197 ac
2859 3141 3088 3195 lasciviae
3129 3141 3331 3194 nullum
3364 3139 3464 3193 hoc

1895 3233 2063 3302 majus
2101 3232 2350 3286 indicium
2397 3231 2634 3285 habetur.
2685 3230 2751 3282 Et
2780 3231 2976 3283 incessu
3005 3229 3185 3297 pedum
3215 3229 3464 3282 trahentes

1894 3323 2042 3378 simul
2070 3322 2281 3375 tunicas.
2314 3321 2427 3375 Non
2448 3322 2633 3390 exigua
2656 3322 2769 3374 haec
2787 3328 2870 3374 est
2888 3318 3192 3372 criminatio
3212 3359 3227 3383 ,
3254 3318 3460 3373 etiamsi

1894 3429 2054 3484 parva
2082 3412 2323 3467 videatur
2351 3426 2468 3466 esse
2492 3453 2507 3477 ,
2552 3410 2647 3465 sed
2686 3421 2938 3465 extrema:
2976 3418 3058 3464 est
3106 3409 3462 3477 corruptionis

1894 3515 2288 3575 argumentum,
2315 3505 2548 3560 mollitiei
2572 3520 2779 3573 nempe,
2806 3504 3050 3566 lasciviat,
3073 3496 3458 3559 dissolutionis,

1896 3600 2066 3652 tunica
2099 3598 2361 3652 diffluens.
2412 3596 2524 3652 Iloc
2558 3606 2869 3651 exterorum
2911 3596 3171 3664 quispiam
3214 3594 3462 3649 adversa-

1894 3690 2027 3742 rium
2050 3704 2201 3742 suum
2226 3689 2502 3741 traducens
2531 3686 2607 3741 sic
2632 3686 2889 3754 expressit
2917 3702 2929 3738 :
2958 3686 3181 3738 Pallium
3202 3686 3460 3738 demittcns

1893 3796 2046 3849 usque
2073 3780 2139 3830 ad
2164 3779 2290 3831 talos
2322 3778 2417 3847 (b).
2464 3776 2725 3845 Simulque
2758 3777 2960 3835 pedibus
2995 3777 3239 3829 ludentes.
3270 3777 3333 3829 Et
3360 3775 3459 3829 hoc

1893 3884 2099 3923 rursum
2128 3868 2363 3937 ejusdem
2406 3868 2743 3936 turpitudinis
2783 3866 3163 3921 demonstratio
3201 3878 3301 3921 est.
3358 3867 3459 3920 Per

1894 3959 2005 4014 lure
2033 3960 2170 4013 enim
2216 3958 2387 4012 omnia
2410 3999 2423 4021 ,
2480 3972 2573 4026 per
2600 3957 2781 4011 oculos
2800 3998 2813 4019 ,
2857 3972 2949 4025 per
2980 3957 3287 4010 vestimenta
3306 3996 3319 4019 ,
3365 3970 3457 4023 per

1892 4054 2051 4122 pedes
2076 4095 2089 4117 ,
2124 4068 2218 4120 per
2246 4052 2507 4104 incessum
2534 4091 2547 4112 ,
2594 4064 2685 4101 seu
2716 4049 2928 4101 castitas
2959 4062 3055 4101 seu
3098 4046 3307 4100 lascivia
3337 4060 3455 4100 Sese

1892 4144 2087 4212 prodit.
2132 4142 2261 4195 Nam
2305 4142 2444 4195 intus
2487 4139 2723 4195 sedentis
2762 4138 2950 4191 anima:
2994 4151 3242 4192 sensuum
3285 4147 3458 4191 motus

1891 4235 2036 4303 quasi
2082 4248 2351 4303 praecones
2378 4232 2591 4303 quidam
2622 4240 2763 4285 sunt.
2799 4232 2874 4283 Ac
2897 4228 3340 4299 quemadmodum
3374 4230 3455 4295 pi-

1892 4337 2065 4382 ctores
2084 4327 2290 4381 colores
2314 4325 2568 4395 quosdam
2594 4325 2895 4385 miscentes,
2928 4321 3183 4391 imagines
3211 4336 3341 4387 quas
3367 4336 3454 4372 vo-

1892 4421 2003 4475 lunt
2030 4418 2332 4487 exprimunt
2366 4433 2380 4471 :
2417 4418 2492 4470 sic
2517 4425 2571 4471 et
2598 4424 2771 4468 motus
2803 4414 3161 4467 membrorum
3193 4410 3453 4477 corporis,

1890 4512 2048 4565 animi
2080 4510 2413 4564 characteres
2441 4508 2582 4561 foras
2618 4512 2938 4575 expromunt
2963 4544 2976 4567 ,
3027 4510 3078 4556 et
3119 4510 3241 4554 ante
3270 4499 3453 4553 oculos

1891 4614 2097 4657 nostros
2140 4612 2361 4671 ponunt.
2412 4598 2765 4666 Quamobrem
2798 4597 2929 4649 alius
2958 4594 3217 4664 quispiam
3244 4593 3457 4661 sapiens

1889 4693 2095 4748 dicebat
2123 4709 2135 4745 :
2160 4692 2380 4745 Amictus
2411 4690 2519 4754 viri,
2550 4699 2597 4742 et
2622 4689 2749 4741 risus
2778 4688 3020 4753 dentium,
3052 4696 3097 4738 et
3124 4686 3341 4739 incessus
3372 4699 3458 4751 pe-

1890 4784 1970 4836 dis
1992 4788 2435 4849 annunttantquw
2460 4779 2528 4831 ad
2549 4779 2720 4845 ipsum
2740 4786 2991 4843 spectant.
3017 4777 3198 4846 (Eccli.
3226 4778 3308 4831 19.
3337 4778 3450 4845 27.)

1974 4930 2023 4992 (ι)
2046 4931 2137 4979 llic
2160 4931 2283 4991 Reg.
2308 4926 2560 4989 subiungit
2582 4931 2905 4992 totumcaput
2925 4933 3151 4992 quartum
3178 4926 3325 4973 Isaia}.

1974 4933 2023 4992 (ι)
2046 4933 2137 4979 llic
2160 4933 2283 4991 Reg.
2308 4933 2560 4989 subiungit
2582 4933 2735 4974 totum
2758 4933 2905 4986 caput.
2925 4933 3151 4982 quartum
3179 4933 3325 4973 Isaiae.

1953 4933 2024 5056 ib)
2052 4992 2102 5038 ln
2126 4992 2431 5056 hunelocum
2456 4998 2590 5056 notat
2619 4986 2810 5056 Boisius
2833 4988 2962 5046 apud
2984 4988 3215 5033 Savilinm
3250 5001 3260 5032 :
3290 5000 3312 5055 _t
3346 4985 3454 5056 ipse

1891 5045 2027 5102 locus
2050 5053 2258 5099 nondum
2279 5054 2507 5103 occurrit.
2535 5062 2627 5097 nec
2659 5054 2793 5095 vacat
2819 5045 2944 5095 utine
2967 5060 3193 5107 quaerere
3223 5060 3233 5093 :
3260 5045 3455 5093 similli-

1890 5128 1964 5161 ma
1992 5121 2151 5161 tamen
2176 5120 2289 5161 sunt
2311 5120 2359 5161 et
2393 5111 2612 5171 ejusdem
2657 5112 2801 5169 plane
2842 5118 3068 5171 moneta},
3093 5120 3204 5166 qua:
3228 5109 3276 5153 in
3302 5122 3455 5155 unum

1891 5178 2090 5235 collegit
2116 5168 2755 5235 docti5simus'tlasauhonus
2791 5168 3339 5235 noster_(‘.onintentario
3366 5182 3457 5213 suo

1892 5238 1947 5283 ad
1970 5230 2289 5294 Theophrasti
2314 5236 2631 5283 (lltaracteres
2651 5234 2810 5290 Capite
2838 5232 2913 5294 cui
2942 5232 3135 5294 (iuncus
3161 5230 3333 5294 titulus
3358 5234 3454 5294 est,

1893 5310 1977 5356 ιιιρι
1998 5288 2335 5355 μαρρίσγίαςηιὺὶ
2360 5294 2429 5343 sic
2449 5294 2617 5342 scribit
2643 5308 2653 5340 :
2679 5288 3091 5356 Quemadmodum
3121 5290 3267 5356 vestis
3290 5288 3456 5356 brevi-

1893 5352 1965 5405 tas
1992 5352 2073 5404 est
2088 5352 2298 5404 sordium
2322 5360 2679 5415 argumentum,
2720 5357 2789 5401 sic
2817 5355 2965 5401 \estis
2992 5353 3049 5399 ad
3074 5352 3199 5415 talos
3224 5352 3456 5415 tit-missa,

1894 5417 2003 5465 vitae
2027 5417 2249 5466 delicata:
2270 5424 2321 5463 et
2342 5411 2607 5471 dissolutae,
2628 5421 2681 5462 ut
2706 5416 2832 5469 apud
2861 5416 3109 5460 Platonem
3134 5412 3179 5460 in
3205 5411 3457 5460 Alcibiade

1894 5481 2055 5540 priore
2094 5476 2558 5540 tunitjwprotractio
2595 5475 2827 5540 indicium
2854 5474 3103 5540 mollitiei
3143 5476 3258 5540 lude
3289 5474 3453 5540 llnrat.

1900 5532 2095 5599 lipodon
2144 5539 2233 5587 Od.
2262 5532 2325 5585 τε
2364 5540 2567 5585 Sacram
2591 5534 2806 5599 metiente
2848 5536 3037 5599 teriam
3065 5549 3171 5599 quin
3197 5532 3363 5599 bis_lcr
3383 5532 3459 5599 ul-_

1895 5592 2065 5654 narum
2091 5608 2212 5660 toga.
2243 5600 2382 5659 Apud
2413 5600 2612 5660 Dionem
2646 5598 2856 5645 Calenus
2876 5596 3045 5660 objicit
3068 5594 3291 5660 Ciceroni
3328 5592 3461 5651 quod

1896 5676 2040 5725 usque
2063 5662 2124 5725 uti
2139 5657 2266 5707 talos
2290 5657 2467 5725 restent
2481 5657 2757 5725 demitteret.
2782 5675 2797 5704 ι
2828 5658 2913 5705 llis
2935 5658 3461 5725 adiiciantCiceronem

1899 5719 2049 5781 ιιιέιιιιι
2078 5724 2295 5769 Catillum
2318 5720 2517 5781 ειςςυριίιξ
2542 5721 2837 5781 exprobrare
2866 5721 2994 5778 quml
3023 5719 3462 5781 inuideri-nt.nut-

1898 5775 2061 5833 uiculis
2080 5790 2123 5832 ct
2135 5778 2560 5839 tularibustunicis,
2575 5775 2689 5830 velis
2701 5775 2915 5838 mnirtns,
2930 5796 3019 5827 non
3040 5775 3157 5839 togis
3194 5778 3243 5825 ln
3256 5777 3397 5827 Catil.
3413 5778 3453 5822 ξ).
