4152 6496
703 413 772 466 51
1440 402 1494 458 S.
1536 403 1809 458 JOANNIS
1846 398 2314 457 CHRYSOSTOMI
2356 396 2662 451 ARCIIIEP.
2704 397 3231 452 CONSTANTINOP.
3866 398 3941 452 52

710 523 771 569 l-.'t
803 515 1095 569 huniiliabit
1118 514 1253 567 Deus
1278 513 1643 566 dominatrices
1685 513 1822 581 ﬁlias
1857 511 2027 566 Sion:
2055 522 2103 567 et
2150 513 2260 567 Do-

707 609 879 660 minus
908 606 1147 660 reuelabit
1179 605 1407 658 habitum
1440 622 1618 660 earum
1639 607 1694 658 in
1729 606 1812 658 die
1831 606 1944 658 illa.
1969 606 2033 659 Et
2061 609 2260 676 auferet

707 699 961 750 Dominus
977 697 1196 767 gloriam
1211 697 1498 751 vestimenti
1515 713 1716 751 earum.
1732 695 1948 750 Duobus
1962 696 2150 765 positis
2165 696 2264 751 cri-

709 790 957 852 minibus,
997 789 1293 857 arrogantia
1316 797 1368 842 et
1396 789 1626 850 lascivia,
1660 787 1876 854 singulis
1896 790 2270 852 congruentem

709 879 925 931 adhibet
947 878 1256 932 medicinam
1274 919 1288 941 ,
1319 877 1489 946 primo
1514 877 1759 944 primam,
1789 872 2022 928 secundo
2042 885 2270 938 sequen-

711 976 816 1020 tem
849 985 861 1020 :
898 969 1242 1036 arrogantiae,
1284 967 1736 1029 humiliationem;
1787 963 1999 1017 ornatui
2039 961 2269 1023 habitus,

711 1055 873 1126 ipsius
893 1060 1273 1126 ahreptionem.
1299 1057 1465 1119 Bello,
1491 1056 1675 1125 inquit,
1702 1065 1823 1108 tunc
1838 1061 2077 1122 urgente,
2100 1051 2274 1105 omnia

711 1147 1034 1201 auferentur.
1093 1149 1221 1214 Quae
1273 1149 1413 1201 enim
1463 1147 1732 1200 tumebant
1778 1153 1831 1200 et
1875 1142 2269 1212 superbiebant,

713 1249 856 1291 metu
894 1252 1245 1306 compressae,
1285 1239 1349 1292 ab
1389 1238 1486 1291 hoc
1512 1238 1696 1291 morbo
1725 1235 2082 1289 liberabuntur
2114 1250 2128 1287 :
2160 1248 2276 1304 qua:

712 1329 931 1382 mollitie
960 1341 1009 1382 et
1038 1330 1160 1382 luxu
1191 1331 1402 1382 omnino
1422 1329 1746 1393 difﬂuebant,
1776 1328 1824 1381 in
1852 1326 2165 1395 captivitatis
2189 1327 2275 1395 ju-

711 1434 834 1488 gum
869 1420 1178 1484 incidentes,
1203 1420 1267 1474 ab
1289 1419 1428 1473 omni
1453 1420 1537 1473 illa
1569 1419 1785 1473 mollitie
1806 1426 2078 1472 eruentur.

785 1507 1057 1562 Mulierum
1111 1509 1275 1562 luxus.
1302 1539 1369 1548 —
1405 1508 1473 1563 Ut
1519 1517 1693 1562 autem
1744 1506 2103 1561 onerosiorem
2151 1503 2279 1572 ipsis

713 1607 919 1652 texeret
947 1613 1266 1662 sermonem,
1299 1607 1351 1652 et
1380 1598 1676 1651 auditomm
1707 1605 1933 1650 mentem
1964 1594 2282 1664 perstringe-

715 1696 1191 1752 ret,ornamentum
1216 1687 1433 1740 vestium
1459 1687 1729 1739 mulierum
1754 1685 1959 1738 illarum
1985 1683 2278 1736 minutatim

713 1784 988 1840 recenset,
1017 1783 1139 1843 puta
1166 1790 1444 1830 aureorum
1464 1790 1480 1840 ;
1504 1775 1625 1843 quid
1656 1776 1706 1828 in
1733 1775 1917 1838 oculis,
1949 1773 2070 1843 quid
2112 1773 2162 1826 in
2193 1787 2281 1828 re-

717 1867 861 1934 liquo
881 1880 1103 1935 corpore
1131 1881 1145 1918 :
1176 1866 1297 1920 hinc
1320 1867 1557 1934 procedit
1579 1866 1642 1920 ad
1666 1865 1853 1920 domus
1875 1874 2138 1920 ornatum.
2165 1864 2278 1917 Non

715 1959 886 2012 solum
908 1958 1047 2011 enim
1078 1971 1298 2026 corpora
1323 1959 1647 2012 ornamentis
1673 1957 2009 2022 decorabant,
2031 1955 2123 2010 sed
2148 1958 2282 2008 hanc

716 2051 1088 2104 Contumeliam
1119 2063 1283 2117 usque
1312 2050 1376 2102 ad
1414 2050 1640 2118 parietes
1665 2047 2052 2111 extendebant,
2094 2062 2279 2116 supcr-

720 2143 837 2196 lluis
872 2143 1200 2210 sumptibus;
1240 2150 1294 2196 et
1331 2142 1634 2195 calamistro
1679 2140 1896 2209 capillos
1940 2149 2240 2208 torquentes
2265 2179 2279 2202 ,

718 2231 831 2284 alas
857 2231 874 2261 ¹
916 2230 1216 2298 hujusmodi
1261 2230 1479 2283 fallaciae
1509 2230 1702 2299 ubique
1719 2229 2093 2284 extendebant.
2137 2229 2284 2282 lianc

719 2320 896 2387 itaque
923 2320 1146 2372 intentat
1179 2319 1563 2373 accusationem
1593 2333 1710 2373 cum
1741 2319 1867 2377 dicit
1895 2336 1907 2371 :
1940 2319 2141 2384 Auferet
2170 2318 2280 2385 glo-

715 2411 845 2463 riam
865 2409 1140 2463 vestimenti
1165 2425 1333 2463 earum
1354 2449 1368 2473 ,
1395 2418 1439 2461 et
1468 2419 1698 2462 ornatum
1725 2425 1893 2462 carum
1917 2449 1931 2474 ,
1960 2417 2004 2460 et
2032 2408 2284 2460 cincinnos

719 2517 910 2565 eorum,
941 2511 989 2554 et
1014 2499 1292 2570 corymbos.
1326 2501 1617 2570 Corymhos
1639 2510 1814 2554 autem
1839 2500 1986 2564 dicit,
2016 2499 2096 2552 vel
2125 2513 2284 2552 orna-

718 2601 829 2644 tum
852 2593 1152 2662 quempiam
1174 2591 1378 2660 capitis,
1407 2591 1487 2645 vel
1513 2592 1653 2645 vittae
1673 2600 1828 2660 caput
1850 2590 2152 2660 stringentis
2180 2589 2283 2643 lor-

718 2696 880 2734 mam.
916 2681 980 2733 Et
1020 2681 1224 2734 lunulas
1255 2696 1272 2732 :
1300 2690 1663 2734 ornamentum
1703 2680 1903 2734 scilicet
1926 2681 2064 2735 circa
2092 2681 2283 2734 collum

716 2769 886 2825 lunari
927 2771 1118 2826 forma.
1173 2771 1239 2824 Et
1287 2773 1533 2825 cothema.
1582 2772 1738 2827 Forte
1783 2771 2085 2827 theristrum
2137 2772 2283 2826 dicit.

717 2862 786 2917 Et
827 2874 1057 2916 ornatum
1107 2863 1254 2931 faciei
1299 2880 1487 2917 earum.
1536 2862 1632 2918 Hic
1682 2863 1808 2922 mihi
1851 2863 2058 2918 videtur
2111 2862 2283 2917 fucum

717 2962 772 3006 et
804 2954 1064 3021 pigmenta
1090 2953 1441 3007 subindicare.
1470 2953 1535 3006 Et
1564 2953 1970 3023 compositionem
2008 2954 2285 3006 ornamenti

718 3043 914 3113 gloriaz.
964 3042 1073 3096 Hoc
1110 3058 1240 3096 auro
1286 3043 1670 3097 circumdatum
1722 3044 1866 3098 dicit.
1913 3043 1978 3096 Et
2023 3044 2286 3098 armillas:

720 3134 868 3188 aurei
897 3149 1084 3202 nempe
1122 3144 1337 3188 ornatus
1372 3135 1508 3188 circa
1536 3135 1766 3188 brachia.
1803 3134 1866 3187 Et
1905 3135 2287 3189 dextrocheria:

721 3228 859 3280 circa
896 3242 1143 3280 manuum
1166 3226 1456 3295 iuncturas.
1501 3226 1564 3279 Et
1593 3227 1893 3279 reticulum:
1922 3234 2285 3279 ornamentum

721 3331 939 3370 aureum
967 3318 1104 3370 circa
1134 3325 1310 3384 ceput.
1341 3315 1408 3369 Et
1431 3318 1663 3379 annulos,
1696 3317 2058 3382 duxtrocheria,
2089 3326 2132 3369 et
2160 3333 2288 3386 prte-

721 3417 856 3459 teatla
878 3425 1120 3475 purpura,
1141 3419 1185 3460 et
1203 3409 1395 3460 clavata
1417 3425 1656 3477 purpura,
1682 3417 1724 3461 et
1751 3425 1940 3476 pannos
1963 3425 2049 3478 per
2063 3410 2284 3474 domum,

721 3507 768 3548 et
809 3496 1057 3564 pellucida
1097 3495 1366 3548 Laconica.
1399 3496 1620 3550 Tantum
1667 3498 1805 3550 enim
1837 3498 1964 3565 ipsis
2006 3498 2173 3551 inerat
2209 3499 2289 3551 la-

718 3587 896 3640 scivize
925 3587 1156 3640 studium
1181 3627 1195 3652 ,
1249 3596 1304 3639 ut
1333 3601 1436 3640 non
1479 3587 1632 3641 modo
1661 3587 1723 3639 iis
1762 3596 2031 3641 uterentur
2053 3628 2067 3652 ,
2095 3604 2210 3657 qute
2239 3588 2290 3641 in

717 3691 811 3728 sua
842 3675 1056 3744 regione
1095 3683 1278 3739 erant,
1313 3676 1405 3729 sed
1437 3678 1595 3730 etiam
1627 3692 1691 3730 ex
1720 3678 1891 3730 aliena
1922 3687 2061 3731 terra
2107 3677 2285 3747 procul

720 3766 836 3818 illas
879 3765 1066 3819 advehi
1123 3776 1366 3819 curarent
1411 3782 1502 3834 per
1533 3769 1913 3821 transmarinos
1941 3779 2287 3824 commeatus.

721 3855 938 3910 Multum
971 3857 1111 3910 enim
1141 3857 1365 3924 spatium
1407 3867 1460 3911 et
1490 3860 1703 3928 pelagus
1734 3860 2044 3914 immensum
2085 3870 2167 3915 est
2193 3861 2291 3914 Pa.

719 3947 975 4000 lazstinam
1005 3947 1140 4000 inter
1165 3955 1217 3999 et
1248 3946 1698 4001 Lacedzcmonem.

793 4038 846 4092 9.
887 4037 1002 4091 Non
1041 4040 1156 4092 sine
1198 4053 1354 4092 causa
1384 4039 1538 4108 igitur
1571 4040 1836 4107 regionem
1873 4039 2081 4108 posuit,
2127 4040 2289 4094 misso

718 4127 1151 4180 vestimentorum
1190 4129 1434 4190 nomine,
1473 4128 1565 4183 sed
1599 4137 1654 4181 ut
1693 4129 1954 4197 ingentem
1994 4143 2173 4183 earum
2204 4129 2286 4182 lu-

716 4232 841 4270 xum
869 4216 1276 4272 demonstraret.
1312 4217 1373 4270 Et
1399 4219 1596 4287 byssina
1621 4229 1665 4271 et
1693 4219 2033 4288 hyacinthina,
2061 4232 2107 4274 et
2130 4221 2288 4274 cocci-

718 4323 842 4371 nea,
879 4315 923 4360 et
948 4307 1150 4377 byssum
1190 4323 1302 4360 cum
1337 4324 1461 4360 auro
1496 4317 1539 4360 et
1574 4309 1842 4377 hyacintho
1881 4320 2200 4374 contextam,
2241 4322 2290 4365 et

718 4397 950 4448 theristra
985 4412 1111 4448 auro
1157 4399 1414 4448 adstricta.
1453 4396 1663 4450 Nullam
1691 4399 1830 4451 enim
1856 4400 2084 4466 speciem
2125 4401 2206 4454 vel
2236 4401 2288 4454 in

716 4485 1048 4538 vestimentis
1070 4486 1148 4538 vel
1172 4487 1222 4538 in
1242 4485 1346 4538 alio
1370 4495 1557 4540 ornatu
1580 4487 1934 4556 reliquerunt;
1966 4489 2056 4542 sed
2078 4503 2288 4543 omnem

716 4575 871 4629 lusus
892 4577 1030 4630 viam
1058 4583 1346 4641 tentarunt,
1372 4592 1437 4630 ex
1463 4577 1689 4632 lascivia
1716 4578 1988 4648 tyrannide
2008 4579 2291 4650 lymphatis

715 4667 935 4720 similes.

795 4755 1071 4810 Mulierum
1095 4757 1298 4809 lascivia
1331 4766 1548 4826 tempore
1579 4756 1935 4826 Cluysostomi.
1965 4787 2033 4797 —
2051 4757 2217 4813 Porro
2243 4760 2288 4814 si

719 4848 803 4903 ita:
843 4857 967 4901 tunc
991 4847 1386 4901 criminationes
1413 4847 1767 4902 offerebantur
1797 4859 1916 4903 ante
1949 4850 2168 4918 gratiam
2189 4889 2204 4912 ,
2235 4859 2289 4903 et

715 4947 842 4993 ante
871 4948 1067 4991 tantam
1093 4936 1475 5007 phil050phiam
1498 4979 1512 5002 ,
1537 4954 1690 5007 quam
1721 4939 1924 4991 veniam
1954 4953 2287 5008 consequan-

717 5038 802 5082 tur
832 5028 952 5090 illm,
983 5042 1102 5096 qua:
1128 5010 1268 5082 nuni:
1299 5027 1349 5080 in
1374 5028 1558 5081 cmlum
1591 5037 1860 5090 vocantur,
1881 5036 1934 5081 et
1960 5027 2024 5080 ad
2056 5028 2287 5096 longiora

715 5116 1027 5178 certamina,
1054 5130 1274 5185 qumque
1293 5116 1356 5169 ad
1379 5116 1681 5186 angelorum
1708 5116 2050 5170 imitationem
2075 5117 2289 5172 trahun-

718 5214 824 5272 tur,
853 5214 906 5260 et
932 5204 1088 5274 longe
1119 5205 1284 5274 magis
1308 5205 1444 5259 hanc
1472 5221 1721 5273 superare
1753 5218 1970 5274 possunt
1998 5207 2285 5276 lasciviam,

717 5305 774 5351 et
809 5305 985 5350 tamen
1017 5310 1108 5351 eas
1135 5311 1253 5364 quze
1279 5297 1330 5349 in
1358 5299 1529 5350 scenis
1555 5307 1608 5351 et
1647 5297 1865 5351 theatris
1893 5310 2170 5353 versantur
2212 5301 2287 5352 la-

717 5388 885 5443 scivia
914 5389 1170 5443 vincunt?
1195 5388 1450 5458 Quodque
1471 5391 1682 5458 gravius
1710 5401 1806 5454 est,
1842 5407 1906 5445 ne
1931 5407 2149 5460 peccare
2174 5395 2288 5462 qui-

777 5513 793 5543 ¹
829 5512 980 5561 Juxta
1004 5516 1166 5561 notam
1191 5513 1247 5561 ad
1279 5525 1410 5561 oram
1433 5511 1545 5561 libri
1568 5511 1777 5560 Lutetiae
1798 5525 1922 5560 anno
1953 5511 2068 5560 1588
2097 5513 2265 5563 excusi

716 5575 941 5640 positam,
973 5574 1247 5640 legendum
1272 5579 1380 5640 est,_
1402 5571 1650 5634 indagines
1670 5572 2116 5640 imptnera'mpam),
2160 5588 2264 5640 pro,

714 5637 818 5704 alas
855 5634 942 5695 (τὰ
960 5635 1171 5704 “π“ςερά).
1219 5635 1315 5683 Sed
1370 5635 1470 5682 haec
1509 5634 1948 5704 mutatio‘minime
1986 5639 2266 5702 necessaria

720 5696 929 5743 videtur.
960 5695 1150 5744 Boisins
1179 5708 1342 5757 vocem
1384 5695 1528 5755 πτερά.
1562 5699 1776 5742 retinet:
1803 5703 1878 5742 est
1917 5695 2064 5750 enim,
2108 5695 2266 5757 inquit

716 5757 823 5818 ille,
839 5757 1040 5818 elegans
1059 5758 1236 5807 allusio
1247 5756 1303 5805 ad
1321 5769 1502 5817 pennas
1526 5758 1726 5816 pavonis
1737 5763 1924 5805 erectas
1943 5756 2262 5818 etcxpanSas.

2379 507 2497 562 dem
2526 523 2583 561 se
2612 518 2811 577 putant.
2847 508 2966 562 Ideo
3005 509 3254 562 adversus
3291 509 3402 562 illas
3430 524 3524 560 vox
3556 515 3824 577 prOpIteta:
3851 523 3947 578 0p-

2380 601 2618 668 ponenda
2658 609 2756 654 est.
2791 601 2904 654 Non
2951 601 3118 655 Solum
3150 602 3290 655 enim
3328 601 3582 654 adversus
3629 603 3749 654 illas
3777 602 3904 654 olim
3928 644 3940 655 .

2379 691 2470 743 sed
2510 689 2666 743 etiam
2707 689 2958 746 adversus
2997 694 3089 743 has
3134 690 3554 760 pronuntiabitur
3585 691 3634 743 id
3677 690 3816 759 quod
3862 706 3946 744 se-

2381 781 2558 846 quitur
2589 797 2602 832 :
2635 779 2746 833 Erit
2791 798 2880 847 pro
2909 782 3048 834 suavi
3083 783 3234 834 odore
3268 781 3447 850 puluis.
3485 780 3665 835 Vidcn‘
3685 781 3949 849 quomodo

2382 870 2655 924 unctiones
2686 872 2840 924 etiam
2871 882 3248 939 unguentorum
3282 871 3560 941 reprobet,
3595 887 3949 939 magnumque

2385 959 2479 1024 ipsi
2510 959 2774 1014 adscribat
2812 962 3164 1030 supplicium?
3200 962 3475 1016 Pulverem
3516 961 3655 1015 enim
3700 961 3783 1013 hic
3825 959 3953 1012 dicit

2381 1065 2498 1102 etnn
2524 1051 2611 1119 qui
2638 1051 2896 1105 excitatur
2920 1062 3037 1121 post
3065 1053 3248 1107 urbem
3269 1067 3510 1108 eversam
3531 1062 3583 1107 et
3605 1052 3952 1106 barbarorum

2384 1141 2756 1198 incursionem.
2789 1143 2919 1198 Nam
2948 1145 3088 1198 illam
3119 1145 3222 1215 igni
3259 1155 3310 1199 et
3337 1144 3476 1200 ferro
3503 1154 3625 1199 tunc
3650 1145 3950 1204 diruerunt,

2384 1233 2527 1286 aliud
2576 1233 2884 1298 diruentes,
2925 1235 3066 1289 aliud
3112 1236 3218 1305 igni
3273 1235 3560 1291 tradentes.
3604 1235 3729 1288 Haec
3774 1235 3953 1302 itaque

2387 1327 2738 1389 praenuntians
2757 1325 2962 1379 dicebat
2987 1346 2998 1381 :
3025 1325 3125 1379 Pro
3149 1328 3290 1380 suavi
3311 1327 3461 1381 odore
3477 1327 3635 1396 pulvis
3659 1327 3770 1388 erit,
3795 1334 3843 1378 et
3865 1341 3955 1392 pro

2384 1429 2510 1466 zona
2540 1416 2762 1484 funiculo
2790 1417 3000 1486 cingeris
3017 1435 3036 1482 ;
3065 1419 3164 1471 sub
3196 1419 3375 1472 oculos
3406 1431 3605 1488 ponens
3634 1415 3955 1485 captivitatis

2387 1503 2608 1557 formam
2633 1547 2646 1570 ,
2679 1515 2730 1560 et
2767 1507 3132 1562 abductionem
3162 1509 3212 1562 in
3246 1508 3588 1563 barbarorum
3629 1517 3847 1562 terram.
3890 1505 3955 1558 Et

2385 1611 2475 1662 pro
2495 1606 2784 1650 ornamento
2803 1597 2978 1665 capitis
3002 1599 3072 1650 tui
3095 1599 3336 1652 calvitiem
3359 1599 3592 1661 habebis;
3620 1598 3730 1651 sive
3748 1596 3955 1665 capillis

2385 1686 2453 1738 ob
2480 1687 2744 1740 miseriam
2771 1687 3143 1752 deﬂuentibus,
3177 1689 3288 1744 sive
3315 1689 3363 1743 id
3391 1689 3666 1758 agentibus
3691 1688 3953 1749 hostibus,

2386 1775 2497 1829 sive
2527 1775 2652 1842 ipsis
2683 1778 2881 1846 seipsas
2907 1778 3262 1832 tendentibus.
3289 1779 3399 1834 Mos
3422 1779 3562 1832 enim
3603 1787 3716 1833 erat
3745 1778 3876 1832 olim
3905 1777 3954 1829 in

2389 1863 2531 1918 luctu
2567 1875 2618 1918 et
2655 1867 2951 1920 calamitate
2995 1883 3112 1922 sese
3152 1868 3369 1922 tondere
3397 1879 3448 1922 et
3478 1868 3686 1924 radere.
3733 1867 3946 1921 Etenim

2386 1953 2513 2018 Joh,
2542 1956 2715 2008 audita
2751 1956 3034 2010 liberorum
3058 1957 3369 2020 calamitate,
3396 1967 3552 2028 caput
3575 1957 3802 2010 totondit
3827 1955 3955 2023 (Job

2387 2046 2438 2097 1.
2465 2045 2534 2099 20
2555 2044 2593 2115 ).
2625 2046 2690 2099 Et
2723 2047 2772 2099 in
2804 2047 3141 2116 sequentibus
3167 2048 3239 2102 ait
3269 2048 3539 2117 propheta,
3573 2062 3692 2101 cum
3719 2062 3878 2101 sacco
3906 2054 3956 2100 et

2388 2133 2525 2188 luctu
2545 2139 2702 2189 etiam
2727 2137 3016 2191 tonsionetn
3042 2137 3264 2191 futuram
3285 2137 3434 2207 (lsai.
3457 2138 3543 2191 22.
3570 2138 3680 2207 12).
3704 2137 3956 2205 Aliusquc

2388 2240 2598 2278 rursum
2627 2227 2698 2280 ait
2729 2244 2742 2281 :
2772 2226 2841 2280 Et
2869 2228 3044 2281 radere
3069 2238 3114 2282 et
3136 2229 3340 2283 tondere
3365 2246 3512 2298 super
3537 2229 3671 2298 ﬁlios
3699 2239 3810 2283 tuos
3840 2229 3955 2282 deli-

2387 2326 2541 2369 catos.
2564 2315 2632 2368 Et
2654 2333 2745 2385 pro
2771 2318 2937 2369 tunica
2972 2334 3198 2387 purpura
3239 2320 3436 2372 clavata
3467 2320 3785 2388 prweingeris
3811 2335 3956 2372 sacco

2389 2408 2588 2479 (Mich.
2631 2411 2681 2463 1.
2716 2409 2838 2479 16).
2869 2411 3056 2463 Annon
3100 2410 3214 2465 hare
3245 2412 3497 2465 terribilia
3527 2421 3579 2466 et
3620 2411 3950 2468 intoleranda

2387 2515 2506 2554 esse
2529 2500 2805 2554 videntur?
2828 2501 3018 2556 Verum
3045 2502 3179 2569 apud
3202 2516 3299 2560 nos
3326 2518 3427 2556 non
3457 2501 3542 2557 hic
3567 2501 3788 2571 gradum
3811 2502 3955 2556 sistet

2390 2591 2518 2645 ultio
2539 2633 2553 2656 ,
2587 2592 2679 2646 sed
2707 2593 2901 2645 vermis
2927 2604 3234 2659 venenatus,
3266 2593 3359 2647 sed
3387 2592 3616 2646 tenebra:
3653 2592 3957 2645 intermina-

2391 2682 2519 2736 biles
2543 2683 2824 2752 excipient.
2850 2683 2904 2738 Si
2927 2683 3066 2736 enim
3111 2683 3230 2737 illos
3259 2684 3533 2750 captivitas
3555 2723 3568 2747 ,
3612 2683 3842 2737 servitus
3867 2723 3881 2745 ,
3908 2693 3956 2734 et

2391 2783 2625 2826 extrema
2667 2775 2800 2825 mala
2831 2782 3189 2841 exceperunt,
3222 2773 3379 2843 idque
3420 2788 3515 2842 pro
3555 2781 3745 2826 ornatu
3777 2790 3791 2826 :
3819 2771 3955 2841 quod

2389 2865 2530 2915 enim
2559 2861 2714 2930 hujus
2743 2876 2925 2930 pinnas
2950 2862 3206 2930 exigeret,
3237 2872 3290 2915 et
3320 2863 3420 2915 hoc
3449 2862 3657 2930 proprie
3685 2869 3956 2928 peccatum

2391 2953 2632 3020 puniret,
2662 2952 2782 3004 audi
2811 2951 3074 3020 quomodo
3101 2950 3183 3004 his
3207 2951 3532 3006 enumeratis
3550 2990 3564 3014 ,
3591 2965 3806 3005 causam
3836 2949 3955 3003 sub-

2385 3043 2560 3113 junxit
2583 3062 2595 3097 :
2629 3040 2754 3095 Haec
2789 3042 2878 3094 tibi
2904 3058 2993 3110 pro
3019 3051 3198 3095 ornatu
3225 3041 3300 3109 (a)
3325 3057 3339 3094 :
3367 3041 3410 3093 si
3441 3040 3596 3110 igitur
3613 3038 3814 3094 Iudaea:
3841 3054 3956 3091 mu-

2392 3134 2547 3186 lieres
2572 3132 2640 3185 ob
2667 3132 2822 3186 talem
2853 3141 3096 3185 ornatum
3123 3140 3294 3185 tantas
3321 3131 3531 3186 subiere
3559 3143 3763 3198 ρωπος,
3793 3128 3955 3198 patria

2388 3240 2418 3278 a
2442 3224 2792 3279 fundamentis
2807 3224 3001 3288 excisa,
3021 3233 3071 3279 et
3089 3233 3206 3292 post
3223 3231 3419 3277 tantam
3437 3223 3752 3292 voluptatem
3769 3236 3956 3283 servae,

2391 3319 2610 3387 captiva:
2638 3325 2692 3371 et
2719 3326 2993 3382 extorres,
3041 3317 3093 3370 in
3139 3317 3366 3370 alienam
3409 3316 3677 3384 regionem
3718 3313 3956 3367 abducta:

2391 3416 2532 3467 sunt,
2563 3421 2625 3459 ac
2650 3406 2791 3469 fami,
2815 3407 2945 3472 pesti
2967 3405 3212 3474 milleque
3241 3403 3497 3458 mortibus
3523 3402 3762 3466 traditze;
3785 3414 3955 3454 annon

2393 3497 2729 3568 perspicuum
2772 3506 2889 3560 est,
2925 3511 3020 3549 nos
3049 3496 3287 3564 graviora
3329 3508 3574 3564 passuros
3615 3505 3733 3546 esse
3756 3531 3773 3557 ,
3799 3490 3886 3562 qui
3909 3490 3956 3540 in

2391 3589 2576 3644 eadem
2614 3597 2827 3657 peccata
2859 3588 3165 3641 incidimus?
3194 3585 3646 3654 Quemadmodum
3686 3584 3831 3639 enim
3860 3582 3953 3636 h0—

2393 3692 2551 3732 nores
2576 3679 2824 3745 majores,
2858 3677 2926 3730 ita
2953 3676 3193 3747 graviora
3221 3676 3501 3744 supplicia.

2463 3767 2599 3820 Deus
2628 3784 2727 3820 non
2753 3783 2943 3835 semper
2971 3767 3155 3820 similia
3186 3776 3442 3834 peccantes
3470 3763 3698 3818 similiter
3725 3763 3956 3831 castigat.

2391 3887 2461 3897 —
2479 3858 2628 3924 Quod
2656 3858 2700 3911 si
2720 3858 2859 3911 nulla
2886 3858 3076 3912 mulier
3106 3857 3260 3912 talem
3285 3865 3527 3910 ornatum
3550 3855 3804 3908 affectans
3836 3854 3957 3905 hac-

2395 3957 2548 4002 tenus
2590 3947 2783 4016 aliquid
2812 3947 2912 4000 tale
2957 3963 3105 4016 passa
3137 3956 3254 4011 est,
3299 3961 3366 4000 ne
3408 3946 3526 3998 ideo
3555 3944 3805 3998 conﬁdat.
3853 3943 3957 3995 Mos

2392 4039 2535 4092 enim
2565 4048 2646 4093 est
2672 4040 2778 4092 Deo
2807 4053 2988 4107 poenas
3015 4037 3237 4092 delinire
3264 4038 3350 4089 ttni
3376 4045 3429 4089 et
3448 4035 3619 4098 alteri,
3644 4043 3698 4088 et
3723 4049 3820 4102 per
3849 4033 3959 4085 illos

2392 4126 2842 4182 commonefacere
2868 4138 3089 4181 caeteros
3130 4141 3315 4180 omnes
3343 4125 3410 4179 de
3445 4125 3614 4194 pomis
3663 4139 3780 4193 qua:
3822 4125 3959 4192 ipsos

2392 4227 2689 4287 exceptura:
2713 4215 2853 4272 sunt.
2881 4217 2944 4272 Ut
2966 4227 3139 4271 autem
3165 4215 3215 4269 id
3246 4216 3436 4270 clarius
3461 4213 3666 4278 evadat,
3691 4222 3958 4280 peccatum

2392 4325 2551 4379 grave
2575 4310 2898 4363 admiserunt
2924 4310 3048 4361 olim
3077 4308 3108 4361 ii
3135 4310 3219 4376 qui
3248 4306 3475 4360 Sodoma
3504 4304 3835 4366 incolebant,
3869 4314 3960 4354 ex-

2396 4412 2589 4456 tremas
2625 4401 2885 4456 dederunt
2915 4415 3095 4468 pinnas
3116 4441 3130 4463 ,
3165 4401 3227 4451 iis
3255 4398 3504 4452 immissis
3540 4396 3846 4459 fulminibus
3871 4433 3884 4456 ,
3914 4399 3960 4442 et

2396 4492 2614 4548 urbibus
2635 4534 2649 4554 ,
2677 4493 2883 4560 populis
2914 4503 3156 4558 terraque
3181 4491 3290 4557 ipsa
3322 4505 3441 4542 cum
3471 4487 3780 4556 corporibus
3810 4481 3960 4539 simul

2394 4585 2699 4663 combustis.
2747 4584 2878 4650 Quid
2920 4583 3111 4652 igitur?
3154 4583 3394 4635 nullusne
3450 4592 3566 4650 post
3612 4579 3733 4632 illos
3772 4576 3958 4630 similia

2395 4692 2553 4731 ausus
2579 4676 2698 4730 est?
2726 4675 2870 4728 Multi
2900 4683 3044 4727 certe
3066 4713 3080 4737 ,
3107 4682 3159 4725 et
3187 4672 3237 4725 in
3269 4672 3449 4725 multis
3479 4685 3572 4738 per
3595 4669 3778 4723 orbem
3815 4665 3954 4720 locis.

2393 4766 2498 4821 Cur
2531 4779 2659 4834 ergo
2701 4763 2832 4817 nihil
2863 4761 3220 4831 hujuscemodi
3265 4761 3404 4829 passi
3436 4758 3594 4812 sunt?
3638 4757 3768 4822 Quia
3811 4758 3960 4821 longe

2392 4856 2620 4927 graviori
2663 4866 2999 4910 reservantur
3053 4853 3331 4920 supplicio.
3387 4850 3511 4904 ideo
3552 4863 3778 4917 namque
3827 4847 3960 4900 Deus

2392 4957 2665 5018 postquam
2689 4946 2736 5000 id
2761 4946 2924 4998 semel
2951 4943 3090 5006 fecit,
3118 4941 3336 5006 deSIitit,
3361 4949 3415 4994 ut
3434 4941 3522 5008 qui
3550 4940 3667 4993 talia
3688 4938 3957 4992 auderent,

2393 5040 2600 5092 etiamsi
2629 5038 2712 5090 hic
2740 5051 2922 5104 pmnas
2948 5051 3051 5088 non
3081 5035 3300 5096 darent,
3331 5042 3474 5086 certo
3505 5033 3699 5086 scirent
3725 5044 3783 5082 se
3815 5041 3956 5082 num-

2393 5144 2550 5197 quam
2578 5127 2882 5196 eti'ugituros
2902 5140 3040 5180 esse.
3067 5124 3340 5190 Quomodo
3379 5123 3519 5176 enim
3549 5128 3954 5175 consentaneum

2393 5221 2580 5275 rationi
2598 5219 2773 5286 fuerit,
2791 5229 2911 5272 ante
2927 5217 3145 5286 gratiam
3163 5225 3215 5269 et
3232 5223 3352 5269 ante
3371 5215 3560 5283 legem,
3579 5226 3671 5266 eos
3690 5211 3776 5280 qui
3797 5220 3955 5276 neque

2393 5314 2674 5381 prophetas
2695 5351 2709 5377 ,
2739 5325 2909 5379 neque
2947 5309 3107 5361 alium
3141 5308 3437 5378 quempiam
3465 5304 3824 5366 audivissent,
3869 5312 3956 5368 pro

2392 5403 2637 5456 admissis
2658 5403 2887 5471 peccatis
2915 5399 3036 5452 talia
3059 5414 3240 5468 passos
3258 5412 3374 5452 esse
3393 5413 3408 5461 ;
3426 5409 3519 5449 eos
3539 5404 3715 5448 autem
3734 5393 3823 5462 qui
3848 5397 3958 5460 post

2457 5517 2529 5578 (a)
2564 5515 2644 5564 Ait
2667 5514 3027 5575 Chrysostomus
3058 5513 3226 5578 isaiam
3251 5519 3357 5578 post
3382 5509 3799 5578 enumerationem
3838 5503 3956 5578 illam

2393 5572 2701 5626 muliebrium
2740 5572 3126 5622 ornamentorum
3159 5576 3234 5622 his
3256 5573 3421 5621 Verbis
3457 5572 3795 5618 reccusionem
3831 5576 3956 5613 suam

2393 5641 2636 5689 claudere.
2654 5635 2831 5683 Ver-um
2851 5637 2952 5699 iure
2973 5650 3062 5683 nou
3081 5637 3274 5696 reperio
3299 5637 3343 5681 in
3370 5632 3526 5699 Bibliis
3545 5638 3669 5699 I._._Xx_.
3796 5634 3954 5699 maqu

2392 5682 2634 5750 Biitiﬁiiuii
2668 5682 3018 5758 exemplarium
3039 5682 3264 5757 varicum,
3304 5703 3356 5744 ιιι
3396 5697 3441 5743 in
3466 5682 3954 5741 l’rtcliutinaribus'ad

2394 5763 2602 5823 Heaapla
2627 5759 2839 5821 alibique
2862 5760 3081 5807 diximus.
