4056 6464
499 366 574 424 53
1257 378 1314 431 S.
1354 376 1632 432 JOANNIS
1667 368 2143 431 CllllYSOSTOMI
2183 370 2502 430 ARCIIIEP.
2541 374 3071 432 CONSTANTINOP.
3496 370 3497 373 ¹
3807 385 3887 442 54

502 476 690 530 ἐδοσαν
710 480 921 535 οὐδέπω
955 484 1046 535 καὶ
1074 486 1345 555 σήμερον;
1374 487 1485 538 ’Ίνα
1514 486 1688 555 μάθῃς
1715 486 1796 537 ὅτι
1825 482 1959 535 πολὺ
1982 480 2135 550 χαλε-

504 564 722 635 πωτέρᾳ
744 567 1031 636 τηροῦνται
1056 574 1311 642 τιμωρίᾳ.

580 683 765 737 ι’.’⁸οτι
788 686 897 756 γάρ
914 686 1031 740 ἐστι
1048 688 1393 760 χαλεπώτερα
1416 690 1660 759 Σοδόμων
1676 688 1886 749 παθεῖν,
1914 687 2142 741 ἄκουσον

503 768 598 822 τοῦ
631 771 867 841 Χριστοῦ
899 773 1174 841 λέγοντος·
1217 774 1623 843 Ἀνεκτότερον
1646 776 1815 828 ἔσται
1855 772 1931 841 τῇ
1970 771 2143 825 Σοδό-

500 872 630 923 μων
660 857 756 909 καί
803 861 1106 927 Γομόρρας
1139 861 1208 914 ἐν
1243 860 1431 929 ἡμέρᾳ
1474 863 1744 928 κρίσεως,
1781 859 1819 925 ἢ
1865 857 1940 925 τῇ
1975 858 2144 909 πόλει

505 939 879 1008 ταύτῃ.Ὦστε
905 943 1003 996 κᾶν
1035 944 1497 1013 καλλωπιζόμεναι
1526 944 1620 998 νῦν
1663 946 1911 1011 γυναῖκες
1940 942 2013 1012 μὴ
2042 940 2145 992 πά-

507 1025 691 1087 θωσιν,
719 1026 860 1098 ἄπερ
882 1029 1079 1083 ἔπαθον
1102 1031 1158 1084 al
1185 1032 1303 1083 τότε
1324 1031 1803 1099 καλλωπιζόμεναι,
1834 1028 1908 1097 μὴ
1934 1026 2147 1097 θαρρεί-

507 1112 783 1164 τωσαν.⁹η
822 1112 930 1182 γὰρ
959 1115 1122 1184 ἀνοχὴ
1162 1115 1295 1185 αὐτὴ
1328 1118 1420 1169 καὶ
1450 1117 1482 1186 ὴ
1520 1115 1865 1186 μακροθυμία
1905 1113 2145 1183 χαλεπω-

507 1195 671 1263 τέραν
702 1198 926 1265 σωρεύει
953 1199 1045 1252 τοῦ
1076 1199 1241 1271 πυρὸς
1266 1201 1361 1270 τὴν
1387 1202 1629 1270 κάμινον.
1659 1201 1751 1253 καὶ
1790 1198 2007 1268 μείζονα
2050 1198 2147 1267 τὴν

508 1278 680 1347 φλόγα
704 1280 1009 1348 ἐργάζεται.
1032 1284 1199 1336 Τοῦτο
1229 1285 1320 1336 καὶ
1345 1285 1438 1337 ἐπὶ
1468 1284 1703 1338 Ἀνανίου
1726 1284 1819 1336 καὶ
1842 1281 2146 1350 Σαπφείρας

508 1365 717 1432 γέγονε.
749 1365 851 1419 Καὶ
886 1368 993 1437 γάρ
1024 1370 1216 1422 ἐκεῖνοι
1251 1372 1309 1423 ἐν
1354 1371 1492 1440 ἀρχῇ
1522 1370 1615 1422 καὶ
1642 1368 1905 1438 προοιμίῳ
1929 1368 2019 1420 τοῦ
2048 1386 2147 1435 κη-

512 1447 785 1518 ρύγματος
838 1452 1151 1522 ὑφελόμενοι
1190 1454 1302 1508 τῶν
1348 1455 1641 1525 χρημάτων
1690 1453 1927 1512 ἐκείνων.
1960 1451 2149 1521 ἀθρόον

508 1536 951 1606 ἀνηρπάσθησαν,
984 1539 1117 1605 μετά
1148 1539 1205 1592 δέ
1240 1540 1476 1603 ἐκείνους
1506 1539 1687 1593 πολλοὶ
1716 1538 1932 1592 τοιαῦτα
1954 1536 2149 1607 τολμή-

512 1637 722 1683 σαντες,
744 1623 894 1675 οὐδὲν
922 1622 1137 1676 ἔπαθον.
1164 1624 1285 1685 Πῶς
1308 1619 1398 1677 οὖν
1419 1624 1485 1677 ἂν
1512 1623 1621 1692 ἔχοι
1638 1624 1812 1689 λόγον,
1839 1623 1928 1675 τὸν
1948 1622 2150 1675 δίκαιον

511 1704 699 1775 κριτὴν
730 1707 821 1759 καὶ
866 1709 998 1759 πᾶσι
1028 1707 1097 1760 τὰ
1129 1706 1241 1778 47]
1278 1708 1365 1760 ἴσα
1411 1708 1659 1777 νέμοντα.
1693 1709 1815 1770 τούς
1863 1708 1958 1775 μέν
1991 1702 2149 1777 ἦττον

510 1791 891 1859 ἡμαρτηκότας
918 1791 1163 1855 κολάσαι,
1197 1794 1319 1856 τοὺς
1348 1794 1403 1846 δὲ
1438 1793 1785 1863 χαλεπώτερα
1826 1792 2150 1860 ποιήσαντας

512 1875 760 1943 ἀφεῖναις
794 1878 907 1929 Οὐκ
932 1878 1171 1949 εὔδηλον,
1197 1878 1278 1931 δτι
1314 1879 1496 1949 ἐπειδὴ
1534 1878 1753 1947 ἔστησεν
1780 1878 2005 1947 ἡμέραν,
2034 1878 2090 1928 ἐν

514 1960 693 2028 μέλλει
722 1963 924 2031 κρίνειν
951 1963 1047 2033 τὴν
1076 1965 1413 2033 οἰκουμένην,
1436 1964 1523 2016 διά
1546 1963 1700 2016 τοῦτο
1724 1963 2035 2015 ἀνεϐάλλετο
2056 1962 2152 2030 τὴν

511 2047 797 2114 τιμωρίαν,
826 2046 911 2100 ἴνα
959 2048 991 2117 ἢ
1040 2052 1105 2119 τῇ
1154 2049 1499 2120 μακροθυμίᾳ
1542 2048 1800 2115 γένωνται
1832 2046 2150 2115 βελτίους,ἧ

512 2133 623 2192 τοῖς
670 2131 851 2193 αὐτοῖς
896 2134 1239 2202 ἐπιμένοντες
1287 2132 1637 2204 χαλεπώτερα
1685 2132 1956 2193 πάθωσιν;
1989 2131 2153 2182 Ὀταν

512 2214 685 2267 τοίνυν
716 2218 1047 2286 ἁμαρτόντες
1069 2231 1093 2259 ι
1139 2219 1207 2271 τά
1238 2219 1375 2272 αὐτά
1404 2222 1514 2281 τοῖς
1544 2218 1644 2287 ἤδη
1674 2215 2154 2285 πεπλημμεληκόσι

513 2302 605 2351 καὶ
635 2301 958 2362 κολασθεῖσι,
990 2304 1063 2373 μὴ
1113 2304 1182 2356 τὰ
1224 2305 1361 2357 αὐτά
1402 2304 1679 2373 πάθωμεν,
1724 2303 1796 2372 μὴ
1848 2300 2149 2371 θαρρῶμεν,

511 2385 646 2438 ἀλλά
677 2388 873 2454 μᾶλλον
906 2388 1428 2460 φοϐώμεθα.Ὠσπερ
1464 2389 1572 2458 γάρ
1599 2389 1758 2457 νόμον
1784 2387 1880 2457 τὴν
1909 2389 1993 2439 ἐπ’
2014 2386 2155 2439 ἐκεί-

512 2488 617 2523 νων
664 2474 930 2543 τιμωρίαν
976 2473 1261 2544 ἐξήνεγκεν
1307 2476 1337 2528 ό
1385 2475 1535 2537 Θεὸς,
1571 2475 1700 2526 πᾶσι
1735 2472 2031 2542 παραινῶν,
2063 2471 2156 2523 καὶ

513 2557 714 2624 λέγων,
739 2561 819 2612 ὅτι
849 2561 946 2614 Διά
986 2560 1140 2614 τοῦτο
1164 2562 1255 2613 τὸν
1284 2561 1340 2627 ἐξ
1368 2561 1540 2631 ἀρχῆς
1570 2558 1875 2629 ἁμαρτόντα
1905 2556 2153 2620 ἐκόλασα,

514 2642 602 2695 ῖνα
632 2644 725 2695 xal
754 2644 818 2696 σὺ
854 2646 882 2697 ό
907 2645 1021 2712 μετ’
1048 2647 1282 2707 ἐκείνους
1310 2644 1659 2715 πλημμελῶν,
1686 2644 1754 2695 τά
1778 2642 1912 2693 αὐτά
1942 2640 2154 2710 ἀναμέ-

514 2744 631 2800 νῃτ,
657 2731 743 2782 ῖνα
766 2732 1073 2803 μεταϐάλλῃ
1099 2732 1191 2784 καὶ
1213 2731 1343 2804 γένῃ
1363 2731 1601 2800 βελτίων.
1624 2729 1747 2791 Τοῖς
1775 2728 1883 2797 γάρ
1901 2725 2155 2784 τοιούτοις

515 2815 867 2887 ἁμαρτήμασι
895 2816 1136 2870 τοιαῦται
1178 2821 1380 2871 κεῖνται
1425 2815 1701 2886 τιμωρίαι,
1734 2812 1832 2866 κᾶν
1865 2813 1937 2883 μὴ
1978 2828 2154 2880 παρα-

516 2902 703 2970 χρῆμα
730 2901 1010 2972 ἐρχωνται.
1040 2904 1256 2965 Τούτοις
1287 2902 1343 2955 δέ
1376 2903 1471 2970 οὐχ
1493 2900 1671 2963 ἁπλῶς
1698 2898 2015 2968 ἐνδιέτριψα,
2042 2896 2155 2949 ἀλλ’

516 2987 699 3056 ἐπειδὴ
732 2988 963 3058 πονηρὸν
993 2989 1201 3058 νόσημα
1229 2990 1306 3050 είς
1332 2988 1429 3051 τὰς
1459 2989 1565 3039 τῶν
1591 2986 1884 3057 ἀνθρώπιον
1913 2983 2156 3054 εἰσῆλθεν

516 3074 691 3137 οἰκίας
709 3074 796 3127 διὰ
816 3075 914 3144 τῆς
934 3075 1039 3127 τῶν
1060 3074 1326 3143 γυναικῶν
1352 3074 1620 3143 βλακείας,
1646 3072 1673 3123 ό
1693 3072 1791 3140 τῆς
1810 3071 2155 3140 φιλοκοσμίας

517 3160 676 3230 ἔρως.
715 3161 773 3224 ὃς
802 3163 896 3214 καὶ
930 3162 1027 3232 τὴν
1056 3163 1163 3215 τῶν
1198 3162 1491 3233 χρημάτων
1529 3159 1767 3212 ἐπέτεινε
1797 3158 1981 3227 ῥανίδα
1997 3158 2047 3219 ι),
2080 3160 2157 3219 εἰς

516 3245 777 3315 ἀκαίρους
823 3247 1061 3311 δαπάνας
1107 3248 1232 3310 τοὺς
1269 3248 1461 3318 ἄνδρας
1490 3244 1757 3315 ἐμϐαλὼν,
1787 3245 1879 3296 καὶ
1923 3243 2156 3312 πολέμου

522 3332 613 3384 καὶ
662 3332 901 3396 στάσεως
941 3336 1033 3387 καὶ
1078 3334 1399 3401 φιλονεικίας
1429 3332 1679 3395 ὑπόθεσις
1722 3332 1995 3399 γινόμενος
2026 3328 2156 3380 καθ-

521 3417 806 3487 ημερινῆς,
834 3418 927 3471 καὶ
956 3419 1053 3481 τάς
1095 3418 1199 3470 τῶν
1230 3420 1471 3488 πενήτων
1504 3415 1826 3468 κατατείνων
1871 3414 2155 3482 γαστέρας.

522 3498 692 3554 ’Ὀταν
720 3502 828 3572 γάρ
856 3502 1071 3555 ἃπασαν
1095 3502 1192 3572 τὴν
1216 3501 1398 3554 οὐσίαν
1427 3500 1580 3570 γυνὴ,
1616 3500 1649 3569 ἢ
1685 3501 1774 3551 καὶ
1795 3499 1855 3550 τὸ
1874 3498 2031 3549 πλέον
2052 3497 2158 3549 τῶν

519 3585 707 3648 ὄντων,
734 3588 814 3646 είς
855 3588 954 3659 τὴν
984 3586 1078 3640 τοῦ
1114 3587 1358 3657 σώματος
1391 3586 1545 3657 ὓϐριν
1572 3584 1848 3655 ἀναγκάζῃ
1881 3583 1969 3635 τὸν
1996 3582 2159 3652 ἄνδρα

520 3674 762 3744 δαπανᾷν
794 3674 970 3745 (ὕϐρις
1003 3673 1108 3743 γάρ
1133 3674 1394 3741 σώματος,
1416 3673 1476 3724 τὸ
1501 3672 1871 3743 περικείμενον
1894 3670 2158 3740 χρυσίον),

518 3760 733 3830 ἀνάγκη
762 3759 858 3829 τὴν
882 3762 1036 3830 χεῖρα
1068 3758 1440 3811 συστέλλεσθαι
1462 3758 1595 3827 πρὸς
1621 3758 1718 3826 τὴν
1744 3757 1841 3825 τῆς
1869 3756 2160 3826 ἐλεημοσύ-

520 3863 616 3915 νης
635 3845 958 3915 φιλοτιμίαν.
983 3846 1091 3899 Καὶ
1114 3844 1280 3897 πολλά
1298 3845 1351 3897 δὲ
1380 3845 1537 3911 ἕτερα
1569 3844 1632 3895 ἐκ
1660 3842 1845 3895 τούτου
1870 3842 2161 3912 τικτόμενα

521 3933 667 3986 ἐστιν
701 3933 826 3986 ίδεῖν
853 3931 1257 4004 ἁμαρτημάτων
1288 3932 1419 4000 εἴδη.
1468 3930 1626 3983 Ἀλλά
1652 3928 1819 3982 ταῦτα
1851 3930 2073 3995 ἀφέντες
2094 3930 2158 3997 τῇ

518 4018 684 4089 πείρᾳ
725 4019 834 4071 τῶν
891 4019 1201 4087 πασχόντων
1250 4018 1441 4069 ειδέναι
1491 4016 1693 4083 σαφῶς,
1742 4016 1846 4066 τῶν
1895 4014 2160 4083 ἐχομένων

519 4104 837 4174 ἁπτώμεθα.
870 4104 1015 4157 Μετὰ
1043 4104 1151 4173 γάρ
1187 4104 1247 4155 τὸ
1290 4103 1631 4173 παραστῆσαι
1656 4101 1755 4169 τῆς
1794 4100 2161 4169 αἰχμαλωσίας

518 4191 580 4243 τὸ
607 4191 809 4261 σχῆμα,
842 4190 934 4242 καὶ
960 4190 1150 4252 εἰπεῖν,
1176 4188 1256 4240 ὅτι
1296 4188 1438 4241 Ἀντὶ
1452 4187 1545 4240 τοῦ
1560 4187 1936 4256 καλλωπισμοῦ
1961 4186 2160 4255 ταύτην

518 4278 725 4345 ἐπάγω,
750 4274 1004 4327 ἐπιτείνει
1024 4274 1120 4343 τὴν
1152 4273 1446 4343 συμφοράν,
1476 4272 1647 4339 λέγων
1666 4288 1678 4301 ·
1706 4272 1812 4324 Kal
1840 4274 1871 4324 ό
1901 4272 2026 4335 υίός
2045 4287 2160 4327 σου

518 4369 553 4418 ὀ
584 4364 925 4427 κάλλιστος,
954 4361 1025 4412 ὃν
1068 4358 1319 4429 ἀγαπᾷς,
1346 4358 1605 4427 μαχαίρᾳ
1652 4356 1929 4417 πεσεῖται,
1969 4355 2065 4408 καὶ
2108 4358 2160 4409 οί

520 4452 832 4519 ἰσχύοντες
868 4447 1034 4516 ὑμῶν
1057 4446 1314 4515 μαχαίρᾳ
1349 4443 1691 4498 πεσοῦνται.
1722 4442 1887 4495 Τοῦτο
1928 4441 2033 4510 γὰρ
2080 4442 2163 4493 αἰ·-

518 4534 829 4605 χμαλωσίας
855 4532 1247 4602 χαλεπώτερον.
1277 4529 1382 4581 Kal
1410 4528 1515 4599 γάρ
1541 4529 1655 4581 ἐστι
1690 4527 1799 4595 ζωὴ
1830 4526 2056 4579 θανάτου
2074 4543 2161 4577 πι-

521 4621 942 4692 κροτέρα.”οταν
984 4619 1091 4687 γὰρ
1133 4616 1267 4685 μετά
1297 4616 1393 4683 τῆς
1420 4614 1659 4676 δουλείας
1687 4615 1777 4666 καὶ
1809 4614 1961 4682 ἄωρα
1991 4612 2158 4681 πένθη

520 4709 735 4779 θρηνεῖν
762 4704 1187 4772 ἀναγκάζωνται,
1215 4701 1461 4770 ἐννόησον
1507 4701 1629 4752 ὅσον
1671 4700 1767 4766 τῆς
1800 4700 2075 4767 συμφορᾶς
2102 4698 2159 4749 τὸ

523 4794 769 4863 μέγεθος,
795 4790 903 4844 τῶν
933 4789 1052 4843 καθ’
1075 4786 1279 4840 ἐαυτάο
1313 4785 1523 4855 πικρῶν
1556 4784 1721 4837 όντων
1753 4785 2160 4851 συναπτομένων

520 4880 782 4949 ἀλλήλοις.
818 4878 926 4931 Kal
955 4876 1062 4945 γάρ
1106 4875 1155 4926 εί
1199 4870 1538 4941 αἰχμαλωσία
1581 4870 1711 4938 μόνη
1759 4865 1847 4938 ῆν,
1897 4872 2161 4939 ἀφόρητον

519 4962 588 5037 ῆν
621 4965 682 5016 τὸ
727 4963 926 5017 δεινόν·
981 4962 1075 5014 καὶ
1138 4960 1185 5011 εί
1252 4960 1308 5009 ἐν
1365 4956 1642 5025 ἐλευθερίᾳ⁴
1686 4953 1903 5037 ζώντων
1942 4956 2161 5006 τοιαῦτα

522 5051 797 5105 συνέϐαινε
846 5048 1036 5117 πένθη,
1073 5047 1295 5100 θανάτου
1338 5044 1632 5114 πικροτέρα
1676 5036 1742 5109 ἦν
1772 5042 1804 5109 ὴ
1834 5041 1964 5110 ζωή.
2006 5042 2162 5092 Ἀλλά

520 5137 616 5191 νῦν
646 5136 927 5206 ἀμφότερα
955 5134 1124 5194 ἔσται,
1155 5131 1305 5200 φησὶ,
1333 5130 1642 5198 συνηγμένα
1663 5128 1922 5196 ἀλλήλοις.
1954 5127 2162 5179 Μᾶλλον

521 5223 577 5276 δὲ
604 5222 793 5292 διπλῆν
817 5223 897 5274 δεῖ
922 5218 1121 5289 ταύτην
1150 5217 1330 5269 καλεῖν
1364 5215 1664 5285 συμφοράν,
1690 5214 1781 5266 xal
1801 5214 2049 5283 τριπλῆν,
2072 5215 2163 5265 xal

557 5416 599 5490 _'
626 5415 1093 5490 Reg..au.ap‘t¢3v1ec,
1116 5419 1169 5462 et
1193 5414 1262 5461 sic
1302 5410 1528 5473 superius
1568 5411 1886 5473 ἁμαρτῶντας,
1926 5418 1977 5460 el
2016 5415 2165 5474 ἀμαρ-

521 5477 1095 5595 tmm;:11\:'|Ifl.:aa'suspicalur
1115 5534 1373 5593 legendum
1404 5532 1663 5594 τυραννίδα,
1691 5532 1763 5595 ἱιε
1791 5535 1949 5579 tamen
1973 5533 2164 5595 qlhanc

524 5661 716 5736 (ξοηῇὶεῆ
743 5661 911 5730 ξρωτα.
940 5661 1037 5724 Sed
1076 5661 1218 5702 nimia
1244 5667 1408 5699 vocum
1450 5661 1715 5727 diversitas.
1748 5661 1807 5700 Ut
1853 5661 1906 5700 ul
1940 5666 2019 5701 res
2068 5662 2162 5708 est.

524 5719 784 5791 Way»:
806 5729 1116 5791 Qeﬁegnnum
1139 5716 1258 5763 olet.
1285 5714 1390 5761 Mox
1417 5715 1530 5775 Reg.
1562 5715 1772 5774 εμϐαλών
1800 5720 1948 5762 recte.
1995 5714 2160 5763 Morel.

524 5779 578 5831 bl
597 5782 743 5829 SaViI.
766 5779 992 5825 ἐκϐαλών.

588 5845 610 5872 ε
638 5843 758 5903 Reg.
783 5846 835 5889 et
857 5837 1005 5889 Sauli].
1032 5836 1132 5885 καθ’
1152 5836 1328 5882 ἑαυτῶν

2243 485 2566 555 τετραπλῆν,
2594 488 2719 539 ὅταν
2759 487 2853 540 καὶ
2882 485 3012 547 υἱὸς,
3043 485 3134 538 καὶ
3162 484 3457 545 κάλλιστος,
3491 484 3585 537 καὶ
3615 482 3892 551 ποθούμε-

2244 586 2348 634 νος,
2375 572 2466 623 καὶ
2510 572 2613 626 ὐπὸ
2645 572 2947 643 βαρϐάρων,
2982 570 3115 623 ἀλλά
3145 569 3220 639 μή
3246 568 3323 638 τῷ
3354 568 3513 639 κοινῷ
3548 570 3649 639 τῆς
3672 568 3889 638 φύσεως

2246 656 2494 710 καταλύει
2520 658 2667 728 νόμῳ
2693 658 2781 711 τὸν
2808 657 2951 726 βίον⁹
2981 656 3074 709 καί¹
3112 654 3247 723 μετά
3278 654 3461 707 τούτου
3491 656 3582 707 καὶ
3604 656 3653 707 οί
3683 656 3741 706 ἐν
3763 654 3887 723 ήλι-

2244 742 2336 813 κίᾳ
2383 744 2599 805 πάντες,
2631 744 2770 796 ὥστε
2817 742 2948 813 μηδὲ
2988 740 3175 794 ἐλπίδα
3213 739 3392 802 αὐτοῖς
3439 736 3574 793 εἶναι
3620 739 3887 808 χρηστὴν.

2243 828 2363 880 ὅσον
2395 830 2473 891 είς
2500 828 2836 899 ἀνθρωπίνην
2872 823 2973 898 ἧκε
3014 826 3261 895 βοήθειαν
3289 826 3380 879 καὶ
3409 824 3737 894 συμμαχίαν.
3774 825 3891 877 Καὶ

2244 911 2737 977 ταπεινωθήσεται
2759 911 2787 953 ἀ
2813 930 2827 943 ’
2858 913 2956 965 καί
2991 909 3106 983 με]
3145 910 3553 976 πενθήσουσιν
3596 911 3655 962 αἱ
3704 908 3892 976 θῆκαι

2244 998 2350 1051 τοῦ
2380 1000 2607 1068 κόσμου
2646 999 2829 1069 ὑμῶν,
2858 999 2954 1053 καὶ
2981 996 3420 1067 καταλειφθήσῃ
3450 997 3628 1065 μόνη,
3657 996 3755 1049 καὶ
3796 998 3893 1060 εἷς

2244 1083 2359 1149 τὴν
2388 1084 2505 1153 γῆν
2530 1083 2923 1153 ἐδαφισθήσῃ.
2954 1083 3052 1137 Διά
3082 1084 3296 1137 πάντων
3334 1081 3484 1145 αὔξει
3529 1080 3619 1134 τὸν
3666 1080 3892 1150 θρῆνον,

2246 1171 2499 1224 ἐπιτείνει
2517 1170 2607 1224 τὸν
2627 1170 2807 1239 φόϐον,
2836 1169 3183 1240 ἀκμάζουσαν
3202 1169 3297 1238 τὴν
3316 1165 3551 1235 ἀγωνίαν
3574 1166 3894 1238 ἐργάζεται,

2247 1256 2336 1307 ὑπ’
2366 1255 2485 1324 δψιν
2516 1255 2635 1323 ἄγει
2672 1255 2741 1309 τά
2763 1256 2930 1320 δεινά,
2958 1255 3169 1325 εὐρύνει
3209 1258 3306 1324 τῆς
3338 1254 3615 1323 συμφορᾶς
3661 1252 3760 1321 τὴν
3805 1251 3896 1303 δι-

2247 1341 2459 1409 ήγησιν,
2485 1340 2752 1410 πανταχοῦ
2785 1340 3135 1410 περιτρέχων,
3159 1338 3414 1393 πάντοθεν
3431 1338 3671 1404 συνάγων
3702 1336 3771 1387 τὰ
3793 1335 3898 1386 λυ-

2248 1425 2396 1493 πηρά
2437 1424 2525 1478 διὰ
2572 1426 2671 1497 τὴν
2710 1425 2819 1478 τῶν
2862 1425 3162 1478 ἀκουόντων
3199 1422 3565 1494 ἀναισθησίαν.
3582 1419 3900 1489 ’Δγαπητὺν

2247 1511 2355 1580 γὰρ
2387 1507 2456 1581 ῆν
2496 1510 2778 1573 τοσαύταις
2824 1509 3239 1580 κατασειομένας
3269 1508 3434 1571 αὐτάς
3458 1507 3703 1569 ἀπειλαῖς
3733 1506 3901 1557 ἀνεν·

2249 1600 2445 1663 εγκεῖν,
2473 1598 2565 1650 καὶ
2590 1596 2771 1651 λαϐεῖν
2796 1596 3041 1667 αἴσθησιν
3068 1596 3177 1649 τῶν
3202 1595 3495 1666 μελλόντων
3518 1590 3902 1661 συμϐήσεσθαι

2249 1682 2522 1753 λυπηρῶν.
2552 1682 2650 1736 Διά
2674 1682 2738 1753 δὴ
2762 1681 2917 1735 τοῦτο
2944 1681 3037 1734 καὶ
3071 1682 3363 1750 ἐπήγαγεν,
3384 1678 3414 1731 δ
3435 1678 3635 1747 σφόδρα
3658 1675 3902 1730 ἐλεεινὸν

2250 1764 2385 1821 εἷναι
2411 1769 2572 1830 δοκεῖ,
2599 1768 2660 1820 τὸ
2701 1767 2922 1837 χρυσίου
2966 1767 3137 1835 θήκην
3163 1768 3294 1837 ὁρᾷν
3326 1763 3722 1833 κεκενωμένην,
3751 1760 3905 1813 ὐπόο

2254 1871 2440 1923 μνημα
2482 1853 2581 1921 τῆς
2622 1853 2853 1914 παλαιᾶς
2889 1852 3206 1919 εὐπραγίας,
3240 1850 3327 1903 διά
3367 1849 3466 1919 τῆς
3507 1848 3677 1916 ὅψεως
3710 1846 3905 1915 ἀκμά-

2251 1939 2445 2002 ζουσαν
2471 1936 2755 2007 διατηροῦν
2786 1936 2884 2006 τὴν
2924 1935 3207 2006 ἀλγηδόνα.
3238 1934 3343 1987 Kal
3376 1933 3484 2002 γὰρ
3508 1931 3625 1984 τότε
3656 1930 3908 1999 μάλιστα

2250 2023 2459 2076 δάκνειν
2494 2024 2634 2091 ὑμᾶς
2678 2021 2925 2074 εἰώθασιν
2956 2022 3015 2072 αι
3067 2020 3356 2087 συμφοραὶ,
3384 2017 3510 2069 ὅταν
3562 2015 3731 2076 αὐτὰς
3772 2016 3906 2076 ταῖς

2253 2110 2540 2180 προτέραις
2584 2106 3008 2179 παραϐάλλωμεν
3045 2105 3388 2174 εὐημερίαις·
3419 2092 3512 2155 καὶ
3538 2102 3571 2170 ή
3609 2101 3908 2168 σύγκρισις

2254 2194 2620 2264 χαλεπώτερον
2646 2194 2706 2245 τὸ
2730 2194 2882 2255 ἕλκος
2916 2189 3219 2260 ἐργάζεται.
3252 2187 3420 2240 Τοῦτο
3467 2184 3594 2253 γοῦν
3640 2200 3767 2235 ποτε
3797 2182 3909 2235 καὶ

2252 2282 2281 2332 ὁ
2317 2279 2433 2332 Ἰὼϐ
2462 2279 2670 2351 θρηνῶν
2695 2279 2843 2345 ἔλεγε
2864 2292 2878 2306 ·
2914 2278 3009 2342 Τίς
3040 2276 3116 2328 ἂν
3137 2291 3211 2343 με
3240 2274 3364 2340 θείη
3387 2271 3533 2342 μετὰ
3562 2270 3727 2339 μῆνα
3748 2270 3909 2336 ἠμε-

2248 2365 2371 2432 ρῶν
2391 2364 2505 2416 τῶν
2527 2366 2889 2432 ἕμπροσθεν;
2909 2362 2999 2415 καὶ
3018 2362 3281 2431 διηγεῖται
3298 2359 3388 2411 τὸν
3408 2355 3632 2410 πλοῦτον
3654 2355 3910 2417 ἄπαντα,

2256 2451 2347 2504 καὶ
2378 2450 2446 2502 τὰ
2472 2450 2654 2520 ὥσπερ
2680 2450 2743 2501 ἐκ
2771 2448 2959 2519 πηγῶν
2992 2448 3307 2517 ἐπιρρέοντα
3338 2443 3533 2511 ἀγαθὰ,
3564 2442 3662 2511 τὰς
3706 2440 3909 2508 τιμὰς,

2252 2536 2351 2599 τάς
2378 2536 2682 2606 προσόδους,
2713 2534 2812 2603 τὴν
2848 2534 3197 2603 περιφάνειαν
3229 2531 3464 2588 ἃπασαν.
3499 2526 3637 2579 ὥστε
3665 2527 3732 2595 τῇ
3766 2541 3913 2593 συγ-

2253 2621 2428 2691 κρίσει
2454 2622 2653 2673 τούτων
2686 2619 2859 2689 πολλῷ
2886 2618 3233 2689 χαλεπώτερα
3258 2616 3421 2679 δεῖξαι
3445 2614 3513 2667 τά
3540 2613 3780 2682 παρόντα
3808 2612 3915 2665 καὶ

2256 2707 2605 2776 κατειληφότα
2656 2706 2815 2758 αὐτὸν
2865 2704 3028 2758 δεινά.
3060 2707 3125 2756 ὐ
3167 2704 3232 2773 δὴ
3264 2702 3354 2754 καὶ
3400 2702 3429 2753 ό
3474 2700 3754 2769 προφήτης
3803 2696 3914 2749 νῦν

2258 2794 2494 2862 ἐποίησε,
2528 2793 2633 2845 τῶν
2665 2792 2844 2861 θηκῶν
2871 2792 3202 2860 ἀναμνήσας,
3229 2791 3322 2841 καὶ
3351 2787 3469 2840 οὐδέ
3494 2785 3701 2847 τούτοις
3726 2784 3914 2854 ἀρκε-

2259 2877 2423 2942 σθεὶς,
2458 2877 2592 2930 ἀλλά
2620 2876 2712 2929 καὶ
2744 2876 3046 2943 εἰσαγαγὼν
3074 2874 3239 2935 αὐτὰς
3274 2871 3585 2933 πενθούσας.
3603 2871 3914 2939 Ἐμφαντι-

2258 2966 2491 3036 κώτερον
2536 2965 2642 3034 γὰρ
2688 2963 2843 3016 τοῦτο
2879 2963 2972 3016 τοῦ
3014 2962 3171 3029 λόγου
3199 2961 3258 3013 τὸ
3286 2955 3443 3023 εἶδος.
3479 2960 3605 3012 ὅταν
3640 2957 3915 3020 τοιαύτας

2258 3052 2552 3122 ἐργάζηται
2582 3048 3178 3119 προσωποποιίας.”Ηδη
3209 3047 3337 3113 γοῦν
3360 3046 3453 3098 καὶ
3479 3044 3753 3114 ἀμπέλους
3770 3043 3917 3112 θρη-

2256 3139 2446 3200 νούσας
2472 3136 2699 3204 εἰσάγει,
2736 3136 2825 3188 καῖ
2844 3132 3003 3196 οἶνον,
3035 3133 3173 3187 ὥστε
3210 3132 3405 3201 μᾶλλον
3435 3130 3753 3184 καθικέσθαι
3788 3130 3915 3180 τῶν

2256 3223 2633 3295 ἀκροωμένων,
2666 3222 2759 3273 καὶ
2784 3220 2880 3289 τῆς
2905 3218 3207 3289 παχύτητος
3236 3215 3412 3270 αὐτῶν
3440 3213 3810 3283 καθάψασθαι.
3844 3214 3916 3265 Τί

2255 3309 2312 3362 δέ
2343 3311 2478 3369 ἐστι,
2522 3303 2972 3373 Καταλειφθήσῃ
3015 3304 3210 3371 μόνης
3242 3300 3350 3354 Kal
3387 3299 3707 3370 συμμάχων,
3740 3297 3913 3365 φησὶ,

2259 3394 2348 3446 καὶ
2374 3393 2471 3459 τῆς
2502 3391 2593 3444 τοῦ
2624 3390 2757 3443 Θεοῦ
2800 3388 3051 3458 προνοίας
3094 3384 3453 3457 ἐρημωθεῖσα,
3481 3384 3574 3437 καὶ
3603 3383 3704 3450 τῆς
3730 3382 3917 3450 ἄλλης

2262 3476 2605 3549 περιφανείας
2648 3474 2989 3545 γυμνωθεῖσα
3033 3474 3230 3540 πάσης.
3276 3470 3368 3523 καὶ
3416 3467 3746 3537 πανταχόθεν
3799 3468 3919 3520 ὑπὸ

2257 3565 2363 3616 τῶν
2408 3561 2674 3631 πολεμίων
2705 3558 3062 3627 κυκλουμένη,
3096 3558 3189 3611 καὶ
3220 3558 3275 3608 ἐν
3311 3555 3490 3625 μέσοις
3515 3552 3915 3621 ἀπειλημμένη

2260 3648 2569 3719 βαρϐάροις.
2598 3644 2729 3699 Εἶτα
2755 3647 2851 3714 τὴν
2872 3643 3170 3713 ὑπερϐολὴν
3189 3642 3287 3710 τῆς
3306 3638 3679 3699 ταπεινώσεως
3717 3654 3919 3707 παρα-

2260 3737 2453 3804 στῆσαι
2502 3733 2687 3795 θέλων,
2717 3730 2873 3802 φησίο
2912 3729 3019 3784 Kal
3063 3730 3149 3793 είς
3196 3727 3309 3793 τὴν
3343 3724 3458 3793 γῆν
3496 3721 3917 3791 ἐδαφισθήσῃ.

2260 3822 2411 3881 Οὐδὲ,
2442 3820 2608 3888 Πέσῃ,
2628 3815 2795 3881 εἶπεν,
2829 3816 2969 3879 οὐδὲ,
3003 3812 3403 3882 Κατενεχθήσῃ,
3432 3808 3543 3863 ἀλλ’
3574 3806 3738 3878 ἐτέρᾳ
3758 3807 3919 3871 λέξει

2262 3906 2584 3973 σαφέστερον
2615 3901 2989 3972 ἐνδεικνυμένῃ
3027 3899 3123 3969 τὴν
3164 3896 3430 3951 εὐτέλειαν
3472 3894 3638 3963 αὐτῆς
3681 3892 3920 3947 ἃπασαν

2259 3993 2619 4063 ἀπεχρήσατο.

2904 4085 3149 4141 ΚΕΦΔΛ.
3186 4086 3260 4139 Δ⁹.

2261 4219 2365 4274 Καὶ
2395 4216 2789 4285 ἐπιλήψονται
2812 4211 2959 4285 ἑκτὰ
2988 4207 3263 4285 γυναῖκες
3289 4207 3358 4285 ἐν
3387 4205 3463 4274 τῇ
3700 4204 3924 4285 ἐκείνῃ

2329 4273 2636 4354 ἀνθριῦσίὸυ
2655 4282 2809 4354 ἐνὸς,
2830 4273 3113 4354 μγορσαι
3132 4294 3148 4310 ο
3178 4277 3291 4331 Τὸν
3303 4273 3500 4354 Δᾶρτρν
3710 4273 3923 4354 ξιτ-[σῶά

2326 4344 2621 4425 μεθῖικκαὶ
2651 4353 2722 4404 τὰ
2750 4344 2949 4425 ἱμάτια
2969 4347 3134 4425 ἡμῶν
3158 4344 3620 4425 περιϐαμώμεθας
3642 4344 3825 4425 anthr
3837 4344 3920 4425 εὑ

2330 4412 2517 4490 δνομᾶ
2542 4438 2656 4490 σοι)
2686 4412 3109 4485 κειὶλήσθωᾌφ
3139 4412 3314 4484 ἡμᾶς,
3345 4413 3528 4481 ἄφελε
3555 4412 3659 4464 τὸν
3688 4412 3923 4467 ὀνειδι-

2330 4488 2488 4560 σμόν
2516 4488 2702 4557 ἡμῶν.

2332 4594 2518 4663 α’.Τὴν
2534 4594 2597 4645 ἐκ
2622 4590 2716 4644 τοῦ
2740 4588 2970 4658 πολέμου
2990 4604 3050 4639 συ
3058 4586 3268 4657 μϐἄσαν
3294 4579 3721 4653 ὀλιγανθρωπίαν
3738 4583 3927 4653 ἐμφῆ-

2263 4699 2347 4734 ναι
2378 4680 2639 4750 βούλεται,
2672 4677 2763 4729 καὶ
2792 4674 2907 4735 πῶς
2935 4674 3013 4735 είς
3039 4673 3312 4741 ἐλάχιστον
3349 4669 3605 4740 περιέστη
3624 4678 3649 4707 ο
3678 4669 3711 4720 ό
3738 4669 3923 4739 δῆμος

2261 4768 2368 4819 τῶν
2412 4766 2697 4819 Ἰουδαίων.
2754 4760 2885 4814 Οὐδὲ
2927 4759 3034 4827 γάρ
3093 4756 3416 4827 προστασίας
3454 4754 3655 4825 ἔφησαν
3698 4755 3925 4809 δεῖσθαι

2260 4858 2377 4916 ταῖς
2408 4851 2615 4920 γυναιξὶ
2645 4845 3017 4918 προσηκούσης
3036 4842 3140 4896 ὐπὸ
3170 4841 3375 4911 ἀνδρῶν
3402 4839 3754 4912 παρέχεσθαι,
3774 4842 3925 4895 ἀλλὰ

2261 4940 2424 5007 ἀτελῆ
2452 4938 2548 5006 τῆς
2580 4933 2909 5003 λειτουργίας
2940 4932 3102 4983 αὐτὸν
3133 4930 3345 4997 ἀφεῖναι
3373 4927 3594 4996 ταύτης,
3628 4928 3726 4977 καὶ
3754 4929 3927 4997 στέρ-

2260 5043 2375 5094 γειν
2407 5024 2499 5077 xal
2528 5022 2763 5089 ἀγαπᾷν,
2791 5020 2838 5070 εί
2860 5016 3045 5078 ἀπλῶς
3091 5015 3222 5082 γοῦν
3266 5015 3357 5066 καὶ
3395 5014 3469 5075 ὡς
3497 5013 3652 5079 ἔτυχε
3684 5010 3785 5064 τοῦ
3816 5014 3924 5082 τῆς

2262 5113 2480 5183 χηρείας
2510 5109 2863 5175 ἀπαλλαγεῖεν
2891 5105 3171 5173 ὀνόματος.
3202 5102 3372 5154 Τοῦτο
3410 5102 3515 5167 γάρ
3554 5102 3703 5150 ἐστιν
3722 5138 3737 5160 ,
3778 5101 3926 5169 Ἃρ.

2262 5204 2359 5252 ελε
2393 5200 2496 5251 τὸν
2527 5192 2864 5260 ὀνειδισμὸν
2902 5190 3063 5256 ἡμῶν
3086 5207 3098 5219 ·
3134 5188 3319 5255 ἐπειδὴ
3346 5187 3404 5238 τὸ
3440 5185 3662 5236 παλαιὸν
3706 5185 3926 5250 ὖνειδος

2263 5283 2452 5337 τοῦτο(
2494 5277 2632 5333 εἶναι
2676 5278 2865 5329 ἐδόκει.
2905 5273 2979 5341 Τῇ
3020 5274 3086 5325 δὲ
3132 5273 3317 5339 ἡμέρᾳ
3346 5271 3543 5335 ἐκείνῃ
3582 5271 3924 5341 ἐπιλάμψῃ

2263 5375 2294 5423 ὁ
2324 5371 2464 5432 Θεὸς
2495 5368 2562 5419 ἐν
2595 5362 2795 5428 βουλῇ
2816 5360 2960 5428 μετὰ
2997 5359 3178 5425 δόξης
3206 5358 3301 5410 ἐπὶ
3334 5356 3443 5427 [69]
3474 5357 3581 5421 τῆς
3626 5356 3764 5424 γῆς,
3810 5363 3926 5416 τοῦ

2262 5456 2497 5523 ὑψῶσαι
2519 5454 2615 5505 καὶ
2638 5449 2741 5502 τοῦ
2756 5446 3004 5510 δοξάσαι
3024 5445 3088 5499 ιό
3108 5442 3497 5511 καταλειφθὲν
3514 5442 3618 5497 τοῦ
3634 5443 3921 5515 Ἰσραήλ.

2324 5595 2349 5632 d
2376 5594 2579 5641 Alienus
2600 5587 2860 5650 legendum
2878 5587 3058 5634 indicat
3087 5585 3167 5631 καὶ
3198 5582 3639 5639 ταπεινωθήσονται,
3665 5586 3723 5630 ιιι
3743 5595 3921 5645 supra.

2264 5658 2360 5707 Sed
2384 5652 2496 5699 nihil
2526 5652 2627 5699 ausi
2651 5661 2815 5696 sumus
2838 5653 3042 5707 mutare.

2329 5701 2360 5757 ξ
2378 5715 2457 5763 Sic
2479 5713 2592 5760 Mor.
2622 5716 2673 5757 et
2705 5706 2959 5756 Bavaricus
2983 5725 2997 5765 ς
3024 5708 3141 5768 Reg.
3185 5710 3234 5753 et
3284 5702 3432 5751 Savil.
3460 5701 3711 5763 περίεστιν,
3752 5708 3925 5754 minus

2266 5785 2453 5884 Νἳιὲιυ
2484 5834 2646 5881 Ras'ur.
2675 5838 2725 5878 cl
2748 5830 2936 5888 Morel;
2980 5832 3024 5878 in
3048 5829 3149 5888 llog
3194 5836 3243 5875 et
3291 5824 3436 5872 Savil.
3462 5820 3601 5870 τοῦτο
3633 5824 3797 5875 deost.
