4152 6464
206 386 275 443 53
1477 367 1540 422 IN
1580 363 1828 428 ISAIAM,
1868 363 2015 419 car.
2059 364 2145 419 iv.
3377 375 3449 431 54

202 486 312 542 illos
340 492 549 540 tantam
576 487 970 561 providentiam
999 485 1137 539 nacti
1166 491 1325 546 sunt,
1358 496 1526 551 neque
1550 479 1794 546 exemplo

209 580 651 647 temperantiorcs
692 585 975 634 evaserunt
999 616 1015 641 ,
1043 575 1094 630 id
1122 573 1259 644 quod
1302 582 1575 640 peccatum
1625 568 1794 622 reddit

209 672 357 742 longe
383 672 619 742 gravius,
648 686 862 741 poenam
893 670 1020 738 ipsis
1048 668 1365 723 destinatam
1386 661 1658 733 eflugere?
1688 659 1793 715 Cur

220 777 338 832 ergo
375 761 632 817 hactenus
662 775 848 832 pceuas
879 774 982 813 non
1012 756 1308 813 dederunt?
1336 753 1402 810 Ut
1440 751 1647 808 ediscas
1674 748 1793 803 illos

218 853 372 923 longe
398 853 626 922 graviori
657 852 919 907 reservari
948 847 1229 917 supplicio.

287 944 376 998 10.
402 942 553 1010 Quod
585 943 730 997 enim
762 942 967 1012 possint
990 940 1252 993 atrociora
1281 935 1469 1005 inﬂigi,
1500 947 1659 1003 quam
1688 932 1789 987 So-

211 1033 463 1099 domitis,
508 1031 631 1087 audi
669 1031 935 1087 Christum
980 1029 1286 1085 dicentem:
1317 1023 1655 1081 Tolerabilius
1696 1022 1789 1075 erit

213 1134 363 1177 terra:
382 1122 717 1178 Sodomorum
737 1131 782 1175 et
802 1120 1097 1175 Gomorrlue
1121 1119 1176 1172 in
1199 1118 1280 1172 die
1295 1117 1499 1187 judicii,
1533 1130 1683 1182 quam
1708 1113 1783 1166 ci-

214 1213 357 1265 ritati
394 1214 507 1265 huic
537 1212 556 1281 (
582 1212 768 1265 Matth.
803 1211 891 1266 10.
924 1210 987 1265 15
1012 1210 1052 1278 ).
1086 1208 1160 1262 lla
1191 1216 1251 1261 ut
1278 1208 1435 1262 etiam
1472 1205 1516 1260 si
1541 1219 1659 1273 qua:
1689 1202 1791 1255 hoc

211 1316 408 1360 ornatu
432 1306 630 1375 fulgent
668 1305 915 1359 mulieres
945 1318 1051 1357 non
1077 1303 1227 1373 paria
1253 1302 1520 1370 patiantur
1547 1300 1609 1353 iis
1632 1339 1646 1362 ,
1675 1311 1793 1365 qum

213 1407 339 1451 tunc
370 1395 709 1461 ornabantur,
736 1410 801 1450 ne
827 1393 1116 1449 confidant.
1139 1392 1268 1446 Nam
1292 1391 1566 1446 tolerantia
1590 1387 1793 1457 patien-

212 1488 390 1554 tiaque
416 1486 709 1556 graviorem
725 1486 1021 1540 accumulat
1042 1484 1178 1553 ignis
1203 1482 1492 1547 fornacem,
1517 1481 1792 1548 majorem-

210 1590 312 1643 que
341 1576 603 1631 flammam
628 1576 805 1632 efﬁcit.
828 1575 938 1631 Hoc
958 1573 1177 1629 Anania‘.
1202 1582 1255 1627 et
1276 1570 1547 1641 Sapphirm
1576 1568 1793 1637 contigit

210 1667 349 1734 (Act.
377 1666 451 1736 5).
474 1666 601 1720 Nam
624 1667 696 1721 illi
718 1667 771 1720 in
794 1666 1051 1735 principio
1070 1674 1125 1720 et
1143 1663 1362 1719 exordio
1383 1659 1788 1730 prtedieationis,

210 1771 333 1810 cum
364 1771 433 1811 ex
474 1757 705 1824 pecuniis
733 1756 834 1810 illis
859 1756 1127 1826 quidpiam
1167 1753 1405 1808 sull'urati
1435 1760 1634 1815 essent,
1664 1765 1792 1803 con-

211 1848 391 1901 festim
422 1849 625 1917 abrepti
664 1856 822 1913 sunt;
845 1855 967 1915 post
990 1847 1110 1900 illos
1147 1854 1323 1899 autem
1370 1844 1518 1897 multi
1544 1841 1632 1911 qui
1669 1840 1789 1894 talia

208 1937 325 1991 ausi
354 1936 595 2001 fuerant,
640 1936 768 1990 nihil
806 1936 1046 2007 perpessi
1090 1943 1233 1990 sunt.
1263 1934 1362 2002 Qui
1405 1933 1561 2003 igitur
1599 1929 1788 1984 rationi

210 2036 627 2081 consentaneum
657 2041 774 2082 esse
800 2026 985 2095 possit,
1012 2025 1216 2095 justum
1237 2022 1503 2093 judicem,
1531 2019 1618 2089 qui
1642 2018 1785 2087 paria

211 2118 462 2172 omnibus
484 2118 776 2182 distribuit,
807 2130 899 2173 eos
920 2117 1009 2187 qui
1031 2117 1204 2169 minus
1225 2112 1560 2184 peccaverint
1582 2108 1789 2172 ulcisci,

210 2222 309 2262 cos
334 2217 510 2261 autem
549 2208 637 2276 qui
672 2207 912 2277 graviora
954 2205 1220 2259 admisere
1252 2204 1450 2259 scelera
1488 2199 1789 2257 dimittere?

213 2300 407 2350 Annon
432 2297 602 2366 palam
624 2308 725 2362 est,
741 2297 861 2366 quia
885 2296 1023 2350 diem
1046 2294 1250 2360 statuit,
1270 2295 1320 2348 in
1343 2308 1442 2363 qua
1459 2291 1788 2361 iudicaturus

210 2397 296 2442 est
316 2389 528 2454 orbem,
564 2388 681 2442 ideo
709 2388 1019 2457 supplicium
1041 2386 1260 2442 differre
1280 2427 1294 2451 ,
1330 2395 1386 2439 ut
1419 2394 1509 2439 aut
1540 2382 1788 2453 patientia

212 2478 331 2547 ejus
349 2479 598 2534 meliores
620 2479 938 2545 reddantur,
963 2488 1056 2533 aut
1100 2479 1144 2532 si
1172 2480 1224 2532 in
1263 2478 1449 2533 iisdem
1485 2477 1785 2544 persistant,

210 2569 478 2622 atrociora
508 2570 806 2638 patiantur?
832 2569 959 2623 Cum
984 2569 1140 2638 igitur
1164 2569 1347 2623 eadem
1374 2569 1572 2623 scelera
1597 2567 1789 2620 admit-

214 2659 399 2721 timus,
430 2674 546 2728 qutn
575 2660 900 2713 admiserunt
922 2660 994 2712 illi
1028 2659 1117 2728 qui
1143 2660 1398 2727 supplicio
1438 2657 1609 2711 affecti
1640 2666 1782 2721 sunt,

214 2765 315 2804 nec
342 2750 529 2804 eadem
558 2765 676 2819 qua:
706 2750 779 2804 illi
809 2750 1058 2818 patimur,
1087 2764 1154 2804 ne
1174 2749 1522 2813 confidamus,
1551 2749 1645 2803 sed
1672 2762 1785 2801 ma-

213 2842 296 2911 gis
319 2840 617 2895 timeamus.
650 2840 796 2897 Sicut
826 2840 964 2895 enim
1007 2840 1177 2911 legem
1206 2840 1323 2895 tulit
1362 2840 1500 2895 Deus
1539 2854 1634 2908 per
1670 2840 1787 2894 illo-

214 2947 331 2985 rum
361 2930 671 3001 supplicium
694 2972 708 2997 ,
738 2946 923 2986 omnes
948 2931 1238 2986 admonens
1257 2972 1270 2995 ,
1303 2930 1588 2999 dicensque
1621 2945 1633 2983 :
1663 2929 1787 2984 Ideo

212 3037 337 3076 eum
367 3022 454 3089 qui
484 3021 549 3076 ab
579 3022 726 3075 initio
764 3021 997 3091 peccavit
1024 3021 1281 3091 supplicio
1306 3020 1453 3075 ali‘eci
1476 3062 1490 3086 ,
1528 3028 1586 3074 ut
1617 3029 1670 3074 et
1700 3028 1786 3085 tu,

211 3113 305 3181 qui
342 3120 461 3180 post
488 3112 604 3167 illos
626 3111 827 3167 scelera
853 3111 1108 3178 admittis,
1136 3110 1320 3165 eadem
1353 3113 1465 3180 ipsa
1486 3118 1783 3179 exspectes,

212 3213 268 3256 ct
288 3203 617 3257 convertaris
656 3210 710 3256 et
744 3202 934 3255 melior
972 3202 1186 3256 evadas.
1212 3201 1484 3255 Similibus
1516 3201 1655 3255 enim
1683 3200 1787 3253 cri-

213 3294 449 3349 minibus
478 3294 677 3349 similes
721 3308 891 3363 paena‘.
929 3294 1228 3348 constitutae
1266 3302 1417 3358 sunt,
1448 3291 1653 3347 etiamsi
1681 3305 1783 3345 non

211 3384 394 3439 statim
449 3385 680 3439 veniant.
727 3383 783 3437 ln
814 3383 896 3438 his
950 3399 1109 3453 porro
1158 3398 1264 3437 non
1310 3384 1425 3437 sine
1466 3396 1625 3436 causa
1668 3396 1785 3435 sum

214 3476 561 3539 immoratus;
590 3476 681 3530 sed
706 3476 828 3544 quia
850 3475 1038 3528 noxius
1062 3474 1149 3529 ille
1176 3475 1390 3528 morbus
1421 3475 1473 3528 in
1512 3470 1783 3528 hominum

210 3566 360 3620 mdes
387 3566 655 3635 ingressus
679 3574 760 3619 est
796 3565 865 3619 ob
887 3564 1168 3619 mulierum
1206 3564 1502 3632 mollitiem,
1530 3578 1679 3617 amor
1702 3564 1782 3616 vi-

211 3657 407 3711 delicet
456 3666 925 3719 ornamentorum,
978 3655 1067 3725 qui
1118 3655 1457 3723 pecuniarum
1519 3655 1784 3722 impensas

210 3747 380 3811 anxit,
414 3748 466 3800 in
501 3756 743 3815 sumptus
774 3746 1174 3816 intempestivos
1202 3746 1444 3799 homines
1471 3743 1780 3812 conjicicns,

208 3852 274 3891 ac
310 3838 455 3902 belli,
492 3838 857 3901 dissensionis,
890 3845 944 3891 et
984 3836 1303 3905 quotidiana:
1346 3835 1455 3889 litis
1495 3849 1651 3888 causa
1678 3841 1780 3898 est,

211 3942 607 3997 pauperumque
639 3935 850 3981 ventres
874 3926 1072 3980 atterit.
1110 3924 1241 3980 Cum
1269 3925 1409 3977 enim
1440 3933 1575 3978 totas
1612 3922 1782 3977 facul-

209 4027 369 4080 tates,
397 4030 487 4071 aut
523 4033 664 4087 smpe
704 4020 840 4072 ultra
882 4018 1179 4081 facultates,
1212 4016 1402 4071 mulier
1432 4016 1483 4069 in
1509 4026 1783 4071 contume-

212 4111 336 4163 liam
380 4110 619 4177 corporis
644 4111 722 4163 sui
750 4111 918 4163 virum
957 4117 1112 4176 cogat
1140 4108 1442 4175 impendere
1469 4106 1611 4177 (nam
1639 4115 1783 4161 certe

208 4200 533 4255 contumelia
576 4200 810 4269 corporis
834 4207 917 4252 est
939 4214 1125 4252 aurum
1168 4193 1651 4266 circumpositum),
1686 4210 1780 4249 ne-

208 4304 363 4345 cesse
394 4303 608 4359 prorsus
650 4298 731 4343 est
776 4303 991 4343 manum
1033 4287 1304 4342 retrahere
1339 4288 1406 4341 ab
1444 4288 1781 4354 eleemosyna

208 4380 499 4451 eroganda.
530 4380 794 4449 Multaque
821 4380 919 4433 alia
952 4379 1076 4433 hinc
1094 4386 1206 4433 orta
1236 4387 1449 4447 peccata
1475 4377 1653 4431 videre
1678 4386 1779 4431 est.

212 4473 409 4527 Verum
440 4471 521 4524 his
546 4470 776 4525 dimissis
795 4510 811 4536 ,
841 4478 898 4523 ut
927 4484 988 4524 ea
1011 4469 1334 4538 experientia
1363 4468 1569 4523 discant
1596 4467 1662 4530 ii.
1694 4466 1781 4535 qui

211 4564 323 4616 haec
354 4563 648 4630 patientur,
682 4576 740 4615 ea
776 4576 895 4630 qua:
929 4570 1221 4630 sequuntur
1260 4562 1599 4630 attingamus.
1629 4559 1782 4613 Post-

207 4666 366 4720 quam
416 4650 733 4719 captivitatis
770 4650 992 4705 formam
1038 4651 1357 4717 declaravit,
1388 4660 1441 4704 et
1468 4650 1639 4705 dixit:
1680 4649 1781 4703 l’ro

207 4751 398 4795 ornatu
428 4742 592 4809 ipsam
639 4742 881 4795 inducam
901 4780 915 4804 ,
946 4750 1105 4809 auget
1132 4742 1486 4795 calamitatem
1506 4780 1522 4806 ,
1552 4740 1733 4794 dicens
1765 4757 1777 4793 :

211 4830 275 4885 Et
305 4833 444 4901 ﬁlius
470 4841 584 4883 tuus
608 4831 990 4899 pulcherrimus,
1021 4846 1166 4898 quem
1201 4830 1390 4898 diligis,
1422 4829 1591 4897 gladio
1616 4830 1778 4894 cadet,

206 4940 249 4979 et
280 4928 435 4994 fortes
466 4922 611 4975 vestri
637 4920 806 4990 gladio
841 4920 1038 4972 cadent.
1070 4919 1182 4973 Hoc
1223 4921 1416 4988 quippe
1456 4928 1540 4973 est
1576 4918 1655 4972 vel
1686 4932 1780 4972 ea-

207 5019 450 5087 ptivitate
482 5016 711 5086 gravius.
745 5014 841 5067 Est
868 5014 1008 5067 enim
1040 5014 1143 5067 vita
1172 5014 1413 5083 quautam
1444 5020 1613 5066 morte
1630 5026 1782 5065 acer-

208 5114 345 5165 bior.
370 5109 502 5164 Nam
530 5105 740 5179 quando
759 5119 879 5159 cum
902 5106 1158 5159 servitute
1187 5104 1583 5173 intempestivos
1609 5103 1781 5157 luctus

209 5202 459 5270 prosequi
486 5208 765 5269 coguntur,
792 5196 961 5264 cogita
990 5205 1187 5263 quanta
1215 5196 1285 5249 sit
1319 5195 1630 5249 calamitatis
1665 5209 1778 5247 ma-

204 5292 456 5360 gnitudo,
500 5306 618 5345 cum
657 5288 961 5343 continuata
1000 5286 1136 5339 serie
1175 5302 1425 5339 arrumnae
1460 5285 1557 5339 sibi
1599 5294 1781 5337 mutuo

204 5381 510 5436 succedunt.
541 5380 674 5435 Nam
703 5378 803 5431 etsi
832 5375 1105 5443 captivitas
1129 5375 1240 5428 sola
1264 5375 1491 5439 adesset,
1518 5389 1579 5428 ea
1607 5383 1779 5426 tamen

202 5480 343 5525 esset
370 5468 763 5526 intolerandum
793 5464 987 5517 malum
1022 5480 1034 5515 :
1067 5472 1118 5517 et
1154 5465 1197 5516 si
1229 5465 1278 5516 iu
1313 5463 1553 5515 libertate
1594 5462 1777 5514 viven-

202 5565 331 5618 tibus
363 5564 491 5619 tales
530 5571 713 5616 luctus
758 5554 1160 5623 contingerent,
1193 5563 1364 5606 morte
1402 5552 1646 5604 acerbior
1673 5552 1776 5603 vita

195 5666 341 5711 esset.
376 5655 483 5712 Sed
518 5665 667 5706 tiunc
693 5649 809 5699 ham
832 5646 986 5698 ambo
1016 5653 1191 5708 erunt,
1224 5644 1411 5712 inquit,
1447 5652 1627 5694 mutuo
1647 5656 1776 5694 con-

184 5750 371 5807 iuncta.
408 5750 523 5805 inm
545 5742 738 5813 potius
762 5736 897 5791 hanc
922 5735 1271 5790 calamitatem
1304 5734 1565 5802 duplicem
1597 5732 1774 5801 appel-

1903 474 2013 529 lare
2051 490 2145 543 par
2184 482 2281 541 est,
2323 476 2587 546 etiamque
2636 476 2893 547 triplicem
2943 488 2997 534 ct
3042 480 3470 553 quadruplicem,

1902 564 2110 631 qnando
2157 572 2210 619 et
2250 564 2408 630 filius,
2454 575 2508 620 et
2550 566 2953 633 pulcherrimus,
2977 578 3030 622 et
3077 569 3319 639 dilectus,
3359 584 3414 631 et
3439 590 3469 630 a

1901 654 2139 708 barbaris
2169 668 2337 709 erasus
2359 695 2372 719 ,
2404 654 2499 708 sed
2533 670 2702 724 neque
2731 671 2795 710 cx
2821 659 3086 711 communi
3120 669 3318 714 natura}
3353 662 3466 733 lege

1902 746 2059 799 vitam
2100 746 2318 809 clausit;
2358 755 2410 801 ct
2434 760 2552 800 cum
2583 746 2673 800 illo
2706 762 2891 803 omnes
2930 750 3016 819 qui
3048 750 3098 805 in
3128 750 3297 805 tctatis
3336 751 3465 807 flora

1900 845 2068 897 erant,
2100 835 2167 889 ita
2196 845 2250 890 ut
2277 838 2471 891 nullam
2498 850 2646 906 Spem
2672 838 2863 891 bonam
2901 838 3182 907 haberent,
3208 850 3463 911 quantum

1899 926 2150 979 attinebat
2177 925 2241 979 ad
2269 926 2553 980 humanum
2596 928 2844 981 auxilium
2875 936 2928 983 et
2965 929 3349 984 commilitium.
3394 928 3463 983 Et

1900 1015 2240 1068 humiliabitur
2271 1032 2289 1069 :
2310 1026 2352 1070 et
2378 1018 2612 1087 lugebunt
2641 1018 2797 1073 theca
2823 1029 3030 1073 ornatus
3061 1021 3228 1085 vestri,
3256 1030 3302 1075 et
3323 1021 3461 1075 (lere-

1900 1107 2132 1176 linqueris
2182 1110 2325 1175 sola,
2373 1120 2417 1163 et
2460 1109 2528 1162 ad
2576 1118 2757 1163 terram
2805 1113 3149 1180 prosterncris.
3197 1112 3298 1169 Per
3347 1113 3459 1169 haec

1897 1199 2073 1252 omnia
2120 1199 2314 1254 luctum
2359 1201 2667 1269 amplificat,
2706 1212 2859 1271 anget
2903 1204 3167 1269 timorem,
3209 1219 3458 1275 angorem

1898 1288 2071 1343 reddit
2108 1289 2381 1358 majorem.
2409 1290 2517 1345 Sub
2553 1300 2823 1360 aspectum
2859 1292 3002 1348 ducit
3041 1309 3334 1363 mrumnas,
3362 1312 3461 1351 ex-

1900 1379 2065 1433 tendit
2106 1379 2419 1434 calamitatis
2459 1383 2835 1446 narrationem,
2875 1398 3303 1453 quoquoversum
3358 1387 3464 1441 cir—

1897 1481 2267 1533 cumcurrens,
2302 1469 2530 1539 undique
2576 1472 2743 1525 tristia
2780 1472 3031 1542 colligens
3058 1474 3127 1528 ob
3164 1476 3460 1531 auditorum

1897 1558 2256 1614 Stoliditatem.
2285 1560 2413 1614 Nam
2446 1562 2677 1631 optabile
2711 1563 2894 1618 fuisset
2923 1565 3038 1620 illas
3079 1575 3155 1620 tot
3183 1567 3340 1622 minis
3366 1583 3459 1623 ex-

1896 1651 2116 1719 agitatas
2158 1666 2275 1707 sese
2313 1655 2553 1724 erigere,
2582 1664 2637 1711 et
2664 1657 2715 1710 in
2744 1672 2956 1712 sensum
2994 1657 3284 1715 futurarum
3311 1663 3457 1717 cala-

1897 1740 2134 1794 mitatum
2164 1742 2361 1797 venire.
2407 1744 2529 1797 Ideo
2575 1746 2850 1814 subjuuxit
2897 1748 2946 1801 id
2973 1748 3111 1816 quod
3157 1749 3457 1807 miserabile

1897 1845 2112 1899 prorsus
2137 1848 2255 1888 esse
2285 1834 2579 1903 videbatur,
2611 1836 2750 1905 quod
2779 1838 2892 1892 auri
2921 1839 3125 1893 thecam
3151 1851 3454 1896 evacuatam

1898 1926 2084 1979 visuras
2111 1935 2325 1989 essent,
2357 1927 2410 1982 in
2440 1939 2836 1984 monumentum
2876 1932 3111 1999 pristinae
3138 1934 3457 2003 prosperita-

1897 2016 1982 2081 tis,
2012 2024 2069 2069 ut
2096 2031 2187 2085 per
2216 2018 2397 2072 oculos
2431 2032 2713 2074 maerorem
2754 2023 3014 2089 vigentem
3043 2032 3328 2077 servarent.
3359 2023 3451 2078 Et-

1894 2107 2035 2160 enim
2066 2116 2187 2161 tunc
2215 2122 2311 2162 nos
2347 2110 2511 2177 magis
2538 2124 2732 2177 angere
2760 2110 2931 2164 solent
2961 2111 3303 2174 calamitates,
3329 2126 3452 2167 cum

1897 2196 2009 2250 illas
2029 2211 2146 2251 cum
2176 2198 2390 2267 pristina
2418 2197 2669 2253 felicitate
2693 2214 3091 2269 comparamus;
3128 2203 3453 2271 comparatio

1893 2286 2087 2354 quippe
2116 2286 2324 2355 gravius
2371 2288 2518 2342 ulcus
2547 2287 2728 2343 efficit.
2762 2290 2872 2344 Iloc
2912 2291 3067 2361 igitur
3105 2300 3159 2346 et
3200 2292 3300 2347 Job
3327 2293 3452 2347 olim

1893 2377 2101 2432 diccbat
2142 2396 2154 2431 :
2200 2378 2323 2443 Quis
2362 2396 2441 2433 mc
2491 2392 2643 2450 ponat
2687 2383 2959 2435 secundum
2997 2400 3215 2437 mensem
3259 2384 3454 2439 dierum

1895 2468 2219 2536 pristinorum
2254 2467 2371 2537 (Job
2405 2469 2491 2522 29.
2521 2470 2554 2521 2
2581 2471 2641 2539 )?
2680 2481 2963 2539 narratque
3002 2472 3207 2527 divitias
3241 2488 3449 2538 omnes,

1892 2568 1945 2612 ct
1980 2558 2114 2613 bona
2159 2558 2261 2613 sibi
2305 2560 2453 2627 quasi
2500 2575 2565 2613 ex
2595 2558 2823 2614 fontibus
2865 2561 3150 2627 affluentia,
3197 2562 3451 2630 honores,

1897 2658 2214 2718 proventus,
2247 2650 2578 2719 splendorem
2619 2668 2859 2717 omnem;
2891 2654 2960 2706 ita
2990 2663 3045 2708 ut
3073 2655 3278 2709 illorum
3306 2670 3451 2710 com-

1894 2741 2166 2809 paratione
2195 2742 2362 2795 multo
2383 2744 2653 2811 graviores
2671 2744 2912 2797 ostendat
2937 2760 3197 2799 :ernmnas
3217 2760 3450 2815 praesen-

1892 2840 2006 2896 tes,
2036 2846 2153 2900 qum
2182 2831 2352 2900 ipsum
2392 2843 2727 2902 exceperant.
2761 2835 2911 2898 Quod
2952 2836 3107 2890 etiam
3150 2852 3287 2892 nunc
3326 2852 3451 2906 pro-

1894 2922 2053 2990 pheta
2082 2922 2223 2988 fecit,
2250 2922 2429 2979 thecas
2455 2938 2893 2993 commemorans,
2919 2942 3089 2997 neque
3126 2928 3205 2982 his
3229 2940 3450 2985 conten-

1893 3022 1995 3080 tus,
2026 3013 2139 3068 illas
2160 3014 2411 3071 inducens
2433 3016 2688 3087 lugentes.
2710 3018 2831 3073 Hrec
2846 3022 2985 3074 enim
3001 3020 3203 3075 dicendi
3222 3020 3451 3079 formula

1892 3102 2129 3171 emphasi
2162 3104 2369 3172 plenior
2390 3114 2499 3170 est,
2526 3121 2644 3161 cum
2682 3109 2811 3162 tales
2844 3112 3236 3178 prosopopoeias
3264 3112 3447 3168 efficit.

1889 3192 2004 3247 Jam
2032 3208 2156 3262 ergo
2180 3203 2233 3249 et
2260 3197 2440 3249 vineas
2466 3196 2703 3266 lugentes
2731 3198 2929 3253 inducit
2956 3209 3009 3254 et
3032 3200 3243 3269 vinum,
3272 3212 3329 3258 ut
3357 3220 3451 3259 au-

1892 3284 2091 3340 ditores
2113 3286 2280 3355 magis
2309 3297 2533 3356 pungat,
2566 3297 2619 3343 et
2659 3290 2864 3344 illorum
2893 3294 3183 3347 crassitiem
3206 3296 3445 3365 attingat.

1890 3376 2025 3443 Quid
2050 3386 2226 3432 autem
2252 3388 2352 3445 est,
2379 3378 2749 3449 Derelinqueris
2776 3381 2922 3435 sola?
2972 3382 3031 3436 Et
3051 3384 3447 3448 auxliatoribus,

1892 3466 2087 3537 inquit,
2123 3477 2177 3523 et
2204 3468 2297 3523 Dei
2336 3469 2663 3537 providentia
2692 3471 2796 3526 eris
2842 3486 3023 3536 vacua.
3056 3482 3110 3529 et
3156 3479 3299 3530 omni
3345 3477 3449 3531 alio

1889 3559 2170 3628 splendore
2217 3561 2460 3630 spoliata,
2502 3561 2844 3631 hostibusque
2902 3565 3128 3634 undique
3166 3567 3354 3628 cincta.
3396 3568 3449 3623 iu

1891 3649 2181 3720 mediisque
2209 3652 2454 3706 conclusa
2482 3651 2737 3706 barbaris.
2766 3653 2874 3707 Sub
2915 3653 3027 3709 haec
3056 3656 3239 3710 volens
3268 3658 3447 3713 humi-

1888 3740 2117 3796 liationis
2144 3742 2555 3812 magnitudinem
2584 3746 2863 3801 ostendere
2887 3787 2902 3813 ,
2930 3747 3004 3801 ait
3039 3764 3053 3800 :
3080 3746 3144 3801 Et
3169 3749 3236 3802 ad
3264 3758 3445 3805 terram

1888 3833 2231 3900 prosterneris.
2260 3832 2377 3888 Non
2406 3834 2509 3899 ait,
2534 3834 2723 3898 Lades,
2755 3838 2867 3903 vel,
2896 3837 3198 3906 Dejicieris;
3230 3841 3322 3897 sed
3346 3842 3446 3896 alia

1890 3938 2014 3977 usus
2042 3932 2124 3979 est
2149 3923 2381 3980 dictione
2399 3966 2415 3993 ,
2452 3939 2570 3995 qua:
2598 3926 2849 3981 vilitatem
2878 3928 2992 3997 ejus
3018 3943 3229 3986 omnem
3254 3931 3448 3987 clarius

1887 4014 2227 4083 exprimeret.

2494 4126 2718 4183 CAPUT
2758 4128 2843 4182 ιν.

1889 4237 1941 4291 1.
1983 4233 2048 4289 Et
2074 4236 2448 4307 apprehendent
2475 4248 2660 4308 septem
2697 4239 2925 4293 mulieres
2957 4240 3009 4293 in
3045 4240 3126 4294 die
3162 4242 3252 4297 illa
3288 4244 3447 4298 uirum

1957 4343 2132 4391 unum,
2163 4328 2378 4381 dicentes
2404 4343 2424 4381 :
2458 4326 2643 4381 Panem
2671 4339 2893 4383 nostrum
2918 4330 3226 4385 comedemus
3244 4374 3259 4399 ,
3285 4344 3331 4386 et
3371 4350 3451 4388 ve-

1956 4420 2201 4473 stimentis
2244 4420 2426 4473 nostris
2470 4421 2787 4489 operiemur:
2812 4432 3040 4475 cwterum
3085 4439 3264 4478 nomen
3309 4432 3451 4479 tuum

1958 4511 2209 4564 invocetur
2229 4526 2379 4577 super
2398 4526 2509 4576 nos,
2530 4511 2675 4579 aufer
2702 4513 3020 4580 opprobrium
3047 4522 3290 4570 nostrum.

1960 4644 2011 4697 l.
2055 4643 2377 4699 Paucitatem
2409 4643 2639 4697 virorum
2681 4659 2744 4697 ex
2790 4644 2928 4699 bello
2970 4645 3303 4703 residuorum
3342 4650 3451 4704 vult

1888 4731 2187 4798 osmndere,
2234 4741 2287 4787 et
2310 4733 2577 4801 quomodo
2606 4734 2671 4787 ad
2702 4735 2973 4789 minimum
3004 4752 3277 4792 numerum
3318 4741 3452 4793 red-

1887 4834 2034 4879 actus
2062 4825 2129 4878 sit
2150 4825 2372 4894 populus
2392 4823 2715 4879 Judmorum.
2734 4825 2911 4895 Neque
2928 4828 3067 4881 enim
3094 4829 3190 4882 sibi
3218 4829 3451 4884 subsidio

1887 4928 2018 4983 opus
2044 4928 2161 4968 esse
2189 4914 2470 4979 dixerunt,
2504 4915 2642 4983 quod
2666 4916 2973 4969 mulieribus
2996 4930 3027 4969 a
3056 4917 3180 4972 viris
3210 4917 3331 4972 ferri
3360 4936 3453 4988 par

1888 5014 1968 5059 est
1990 5046 2004 5069 ,
2034 5003 2127 5059 sed
2153 5019 2210 5059 se
2235 5004 2380 5057 illum
2404 5018 2433 5057 a
2462 5005 2546 5057 tali
2573 5004 2743 5058 officio
2788 5005 3075 5060 immunem
3104 5008 3379 5077 complec1i
3405 5021 3453 5064 et

1888 5110 2096 5159 amare,
2135 5094 2177 5147 si
2218 5103 2501 5162 utcumque
2532 5094 2699 5147 solum
2728 5109 2756 5146 a
2785 5095 3048 5149 viduitatis
3079 5098 3288 5152 nomine
3320 5099 3452 5152 libe-

1889 5196 2089 5241 rentur.
2124 5186 2176 5239 ld
2204 5188 2342 5239 enim
2369 5187 2467 5240 sibi
2498 5187 2610 5240 vult
2635 5187 2760 5240 illud
2795 5205 2807 5240 :
2836 5188 2993 5257 Aufer
3017 5190 3335 5258 opprobrium
3369 5208 3449 5243 no-

1887 5287 2043 5330 strum
2089 5294 2106 5329 :
2147 5276 2390 5345 quoniam
2420 5276 2544 5329 olim
2572 5276 2619 5329 id
2651 5276 2907 5345 vituperio
2933 5292 3049 5331 esse
3075 5278 3362 5335 videbatur.
3400 5280 3451 5333 2.

1868 5360 1953 5419 71η
1980 5368 2059 5419 die
2080 5368 2169 5419 illa
2189 5366 2461 5433 splendebit
2490 5366 2625 5419 Deus
2653 5368 2705 5419 in
2733 5368 2940 5419 consilio
2972 5384 3084 5420 cum
3114 5369 3274 5438 gloria
3305 5386 3449 5438 super

1889 5470 2071 5509 terram
2092 5500 2105 5518 ,
2134 5466 2186 5509 ut
2212 5458 2389 5509 exultet
2417 5466 2461 5508 et
2490 5457 2733 5525 glori/ieci
2760 5458 2895 5526 quod
2925 5458 3150 5511 relictum
3175 5470 3243 5513 est
3273 5460 3441 5514 Israc-

1887 5550 1964 5601 lis.
2010 5548 2138 5614 Quia
2175 5564 2237 5600 ex
2285 5547 2507 5600 tristium
2550 5546 2957 5601 comminatione
2985 5548 3217 5603 animum
3246 5550 3451 5605 illorum

1887 5639 2167 5691 admodum
2213 5639 2511 5701 concussit,
2553 5646 2605 5690 et
2641 5638 2993 5692 calamitatem
3022 5639 3148 5693 satis
3180 5639 3448 5705 traduxit,

1896 5730 2148 5799 longoque
2176 5740 2420 5781 sermone
2450 5727 2700 5782 terribilia
2730 5730 2957 5784 narravit
2980 5768 2994 5795 ,
3024 5728 3086 5781 ad
3117 5729 3326 5783 meliora
3360 5730 3443 5786 de
