4152 6464
710 386 783 440 55
1461 369 1516 425 S.
1557 365 1831 424 JOANNIS
1856 359 2323 420 CllRYSOSTOMl
2365 360 2679 416 ARCIIIEP.
2718 360 3251 416 CONSTANTINOP.
3892 376 3963 430 56

699 503 841 542 nnnn
882 501 940 542 se
978 487 1256 542 convertit.
1303 486 1391 540 illa
1434 485 1572 540 enim
1609 483 1880 537 medicina:
1905 481 2102 550 optima
2131 479 2267 532 ratio

696 589 799 644 est,
833 593 934 633 non
963 578 1132 632 solum
1157 592 1339 633 secare
1367 585 1420 630 ct
1450 590 1621 636 urere,
1650 575 1741 628 sed
1771 572 1982 626 dolores
2009 571 2128 624 inde
2149 585 2269 637 par-

701 682 784 726 tos
817 670 1138 727 dulcioribus
1182 669 1477 739 pbarmacis
1503 667 1668 721 lenire
1697 682 1710 719 :
1743 665 1792 718 id
1823 665 1935 732 ipse
1962 677 2100 716 nunc
2127 662 2267 715 facit.

698 762 880 832 Neque
924 763 1061 817 enim
1113 763 1163 815 in
1194 761 1361 814 tristia
1388 769 1553 814 totum
1580 757 1869 813 desiturum
1897 770 2016 811 esse
2043 754 2115 806 ait
2133 795 2147 818 ,
2175 753 2269 807 sed

697 854 853 909 malis
872 854 937 907 de
963 853 1135 907 medio
1163 852 1382 907 sublatis
1404 850 1481 923 (a)
1501 850 1718 905 meliora
1744 857 1996 903 eventura
2013 862 2160 902 esse:
2179 863 2272 899 ne-

697 961 800 1016 que
846 955 1046 1000 tantum
1093 959 1448 998 aerumnarum
1497 941 1814 996 solutionem
1861 941 1973 993 fore
2023 937 2132 1001 ait,
2178 936 2270 989 sed

695 1038 854 1091 etiam
906 1037 1128 1091 multum
1172 1034 1504 1105 splendorem
1557 1047 1908 1102 magnamque
1954 1030 2266 1085 claritatem.

702 1130 811 1182 lloe
831 1129 970 1182 enim
994 1125 1391 1181 illustratiOnem
1423 1124 1511 1178 Dei
1542 1132 1694 1177 vocat
1720 1137 1838 1192 qua!
1867 1121 2096 1175 tristitia:
2123 1129 2267 1173 tene-

696 1220 818 1273 bras
846 1218 1035 1284 solvat,
1067 1217 1344 1286 lmtamque
1363 1215 1504 1269 diem
1528 1214 1717 1282 pariat,
1747 1212 1991 1280 ipsosque
2017 1210 2268 1263 illustrio-

698 1325 786 1364 res
832 1308 1037 1364 reddat.
1085 1307 1216 1362 lliud
1263 1316 1478 1371 autem,
1510 1301 1833 1365 Inconsilio,
1861 1301 2121 1370 signiﬁcat
2146 1315 2267 1353 eum

699 1400 983 1470 prudenter
1003 1398 1177 1452 omnia
1207 1397 1409 1458 facere,
1438 1403 1632 1449 etcum
1662 1391 1913 1461 sapientia
1938 1389 2036 1444 sibi
2057 1403 2268 1456 compe-

700 1493 847 1548 tenti.
878 1493 930 1546 5.
964 1489 1030 1544 Et
1055 1490 1146 1543 erit
1172 1488 1307 1559 quod
1329 1487 1580 1541 residuum
1607 1485 1755 1554 fuerit
1784 1481 1991 1536 Israelis
2017 1482 2068 1533 in
2100 1479 2225 1534 Sion
2248 1521 2262 1546 ,

697 1597 742 1640 et
782 1585 914 1655 quod
945 1585 1170 1638 relictum
1197 1581 1347 1652 fuerit
1371 1583 1421 1634 in
1445 1578 1755 1640 Jerusalem,
1783 1575 1944 1630 sancti
1967 1571 2268 1626 vocabuntur

696 1693 865 1729 omnes
897 1676 980 1745 qui
1016 1675 1190 1743 scripti
1214 1681 1332 1727 sunt
1355 1671 1423 1724 ad
1448 1671 1598 1724 vitam
1626 1671 1678 1722 in
1705 1665 2007 1720 Jerusalem.
2036 1664 2104 1719 Ut
2129 1663 2265 1717 scias

698 1781 801 1818 non
828 1765 1044 1819 fortuito
1071 1779 1194 1818 casu
1223 1762 1446 1817 salutem
1478 1771 1661 1815 nactos
1686 1773 1805 1812 esse
1827 1772 1920 1811 eos
1944 1755 2032 1825 qui
2062 1755 2267 1823 pericu-

697 1855 807 1908 lum
829 1854 1125 1924 ell‘ugerunt
1146 1894 1161 1919 ,
1190 1853 1283 1908 sed
1304 1851 1529 1907 celestis
1555 1848 1828 1904 sententiae
1852 1847 2067 1902 decreto
2090 1844 2265 1898 muni-

697 1957 812 2012 tos,
853 1947 1010 2000 etiam
1059 1946 1109 2000 in
1155 1945 1343 2000 mediis
1385 1944 1539 1999 malis
1570 1959 1674 1998 non
1713 1951 1893 2010 captos
1925 1940 2116 2004 fuisse,
2148 1938 2265 1992 ideo

694 2039 768 2092 ait
800 2056 812 2091 :
843 2037 1022 2092 Sancti
1058 2037 1359 2090 vocabuntur
1383 2051 1551 2090 omnes
1574 2034 1659 2104 qui
1687 2033 1856 2103 scripti
1881 2041 1994 2085 sunt
2018 2032 2084 2082 ad
2113 2029 2265 2081 vitam

694 2134 747 2184 in
770 2130 1071 2184 Jerusalem.
1103 2129 1201 2198 Qui
1229 2128 1486 2198 segregati
1513 2137 1666 2194 sunt,
1696 2125 1861 2196 inquit
1881 2165 1895 2187 ,
1923 2123 2011 2194 qui
2038 2121 2261 2192 proba“.

695 2223 782 2291 qui
826 2221 1041 2290 signati,
1083 2231 1137 2274 ut
1176 2220 1306 2275 nihil
1337 2220 1458 2274 mali
1491 2227 1815 2289 paterentur.
1846 2216 1971 2270 Jure
1999 2225 2172 2268 autem
2203 2214 2265 2267 il-

697 2313 779 2367 los
817 2325 1024 2368 sanctos
1060 2323 1244 2379 vocat,
1286 2313 1572 2368 ostendens
1598 2310 2013 2381 segregationem
2046 2324 2148 2361 non
2181 2317 2262 2360 te-

696 2419 841 2458 mere
864 2445 878 2466 ,
924 2419 1019 2457 nec
1064 2404 1180 2458 sine
1218 2417 1374 2457 causa
1411 2403 1502 2456 Dei
1528 2403 1796 2456 decretum
1830 2399 1947 2453 illos
1977 2411 2214 2452 servasse
2246 2413 2261 2450 :

696 2495 791 2549 sed
828 2495 1025 2564 aliquid
1065 2495 1135 2548 illi
1167 2494 1242 2549 rei
1269 2493 1557 2549 contulisse
1583 2493 1830 2546 virtutem
1851 2532 1865 2556 ,
1897 2490 2009 2542 sive
2036 2503 2096 2542 ea
2126 2502 2262 2556 prte-

697 2585 949 2647 cesserit,
979 2586 1090 2639 sive
1116 2594 1234 2654 post
1257 2584 1575 2654 subsequuta
1605 2582 1693 2636 sit.
1725 2579 1944 2634 Etiamsi
1971 2579 2109 2633 enim
2141 2578 2264 2631 boni

698 2677 908 2746 quidam
941 2677 1132 2730 fuerint
1162 2688 1216 2730 et
1239 2676 1373 2744 thui
1393 2714 1410 2740 ,
1445 2684 1676 2727 attamen
1701 2688 1767 2727 ex
1795 2672 1858 2725 iis
1886 2686 2001 2739 qua:
2029 2670 2265 2735 contige-

698 2777 819 2820 runt
839 2766 1084 2820 meliores
1112 2781 1174 2820 ac
1199 2766 1560 2834 diligentiores
1579 2773 1878 2818 evaserunt.
1903 2759 2263 2828 Quemadmo-

697 2858 821 2911 dum
845 2859 982 2911 enitn
1010 2872 1195 2910 aurum
1216 2857 1319 2925 igni
1345 2855 1594 2909 traditum
1617 2868 1826 2907 omnem
1849 2852 2074 2905 scoriam
2097 2850 2260 2917 depu-

700 2951 811 3013 nit,
859 2951 935 3003 sic
979 2960 1031 3003 et
1075 2949 1223 3016 probi
1269 2948 1321 3002 in
1369 2945 1741 3002 tentationibus
1783 2944 2056 3015 probiores
2093 2943 2260 3006 tium,

696 3057 906 3098 omnem
932 3042 1204 3096 abluentes
1238 3040 1555 3095 socordiam.
1588 3041 1638 3094 ι.
1675 3038 1805 3104 Quia
1831 3037 1994 3090 abluet
2017 3033 2264 3088 Dominus

696 3135 893 3188 sordem
920 3134 1140 3200 ﬁliorum
1162 3142 1207 3185 et
1235 3133 1452 3200 ﬁliarum
1475 3130 1621 3193 Sion,
1649 3140 1692 3183 et
1705 3130 1995 3199 sanguinem
2014 3143 2266 3196 expurga-

698 3227 766 3279 bit
808 3226 869 3279 de
916 3225 1076 3278 medio
1118 3240 1286 3279 eorum
1321 3222 1501 3292 spiritu
1519 3221 1730 3292 judicii,
1763 3230 1807 3274 et
1835 3218 2016 3288 spiritu
2044 3217 2263 3271 ardoris.

697 3317 970 3386 Duplicem
1002 3317 1086 3370 hic
1114 3315 1242 3370 mihi
1275 3315 1480 3369 videtur
1509 3315 1685 3368 dicere
1714 3311 2144 3381 expurgationem
2165 3350 2180 3376 ,
2211 3319 2265 3364 et

696 3409 836 3479 quod
867 3409 995 3462 dent
1032 3417 1362 3476 peccatorum
1391 3420 1601 3474 pmnas,
1629 3415 1682 3458 et
1709 3403 1849 3473 quod
1879 3403 2070 3458 exhinc
2101 3403 2150 3455 in
2181 3402 2263 3455 l'u-

698 3511 873 3555 turum
895 3497 1252 3568 diligentiores
1275 3495 1519 3550 evadant.
1552 3495 1871 3563 Sanguinem
1897 3508 2021 3546 vero
2045 3491 2263 3545 Jerusa-

699 3593 805 3647 lem
853 3593 1025 3647 cazdes
1067 3600 1217 3645 vocat
1256 3589 1537 3658 caedesque
1574 3588 1813 3658 injustas.
1845 3586 2040 3642 Deinde
2065 3600 2264 3651 augens

695 3686 1083 3739 accusationem
1127 3683 1232 3746 ait,
1290 3681 1363 3733 De
1388 3681 1549 3734 medio
1590 3697 1779 3734 eorum.
1815 3678 1928 3733 Non
1956 3678 2097 3732 enim
2127 3677 2261 3731 clam

698 3774 978 3829 homicidia
1007 3775 1238 3843 aggressi
1261 3782 1416 3838 sunt,
1447 3773 1538 3826 sed
1565 3776 1715 3840 pejus
1741 3788 1896 3841 quam
1930 3771 2183 3834 latrones,
2214 3780 2267 3824 et

698 3865 731 3918 ii
771 3865 859 3935 qui
905 3866 953 3918 in
995 3865 1216 3931 publicis
1255 3863 1351 3918 viis
1392 3863 1606 3916 insidias
1633 3863 1826 3916 locant.
1857 3862 1932 3915 illi
1961 3878 2186 3931 namque
2214 3862 2261 3914 in

698 3956 927 4011 tenebris
953 3957 1175 4011 latentes
1198 3963 1250 4010 et
1276 3955 1327 4010 in
1355 3953 1746 4021 solitudinibus,
1772 3962 2019 4007 consueta
2038 3952 2261 4006 facinora

697 4047 1108 4116 aggrediuntur;
1161 4045 1212 4100 hi
1263 4055 1440 4100 autem
1488 4045 1662 4099 medio
1710 4045 1761 4099 in
1806 4043 1953 4108 foro,
2002 4043 2055 4096 in
2091 4041 2263 4096 media

700 4138 831 4193 urbe
873 4148 927 4192 et
973 4138 1022 4190 in
1068 4137 1193 4206 ipsis
1235 4138 1581 4192 tribunalibus
1605 4136 1787 4192 eadem
1816 4151 1931 4206 qua:
1963 4134 2033 4188 illi
2066 4133 2264 4187 scelera

701 4227 1092 4298 perpetrabant.
1123 4227 1226 4281 Sed
1256 4237 1308 4281 et
1336 4228 1594 4280 maculam
1622 4226 1745 4281 inde
1769 4238 1938 4279 ortam
1966 4223 2159 4277 bellum
2188 4224 2268 4275 in-

699 4333 892 4391 gruens
935 4328 1228 4375 consumet.
1277 4319 1482 4373 Etenim
1526 4319 1579 4371 in
1624 4328 1856 4387 tempore
1900 4316 2155 4370 bonorum
2201 4315 2266 4367 de

699 4415 949 4468 arrumnis
991 4413 1135 4481 prius
1174 4411 1329 4466 illatis
1369 4426 1426 4464 se
1469 4409 1734 4474 defendit,
1764 4406 1903 4476 quod
1933 4407 2138 4460 scilicet
2164 4405 2265 4457 illze

700 4503 819 4558 ideo
849 4503 1184 4569 acciderent,
1219 4511 1275 4556 ut
1293 4502 1664 4564 abluerentur,
1691 4514 1752 4553 ac
1776 4498 1960 4552 sordes
1987 4506 2263 4565 ponerent,

698 4605 755 4649 ut
787 4595 905 4663 igne
933 4604 1281 4664 purgarentur
1311 4594 1357 4660 ⁸,
1390 4604 1445 4648 ιιι
1470 4608 1681 4647 omnem
1707 4590 1964 4643 maculam
1993 4587 2263 4648 absterge-

700 4696 816 4740 rent
838 4727 852 4749 ,
879 4695 932 4738 ut
958 4687 1206 4754 probrum
1227 4703 1289 4741 ex
1317 4686 1545 4755 peccatis
1567 4694 1618 4738 et
1639 4682 1866 4738 cardibus
1889 4687 2093 4747 partum
2117 4675 2266 4730 elue-

699 4786 835 4833 rent.
887 4777 1020 4843 Quid
1065 4792 1192 4831 vero
1232 4787 1314 4830 est
1357 4775 1496 4844 quod
1520 4777 1626 4838 ait,
1659 4774 1856 4842 Spiritu
1876 4771 2058 4840 judicii
2085 4779 2132 4822 et
2161 4770 2266 4836 spi-

697 4869 796 4920 ritu
841 4867 1084 4920 ardoris?
1111 4866 1165 4920 ln
1196 4874 1329 4919 meta
1341 4865 1498 4933 phora
1527 4863 1766 4918 conllatte
1797 4861 2073 4915 metallicm
2099 4868 2268 4910 male-

700 4962 792 5014 rize
837 4957 1086 5012 substitit.
1128 4955 1577 5022 Quemadmodum
1622 4956 1764 5007 enim
1809 4954 1912 5006 illic
1953 4952 2167 5020 spiritus
2216 4953 2267 5002 in

698 5054 1062 5107 conﬂatoriam
1092 5050 1356 5104 fornacem
1389 5047 1654 5101 immissus
1679 5056 1731 5100 et
1756 5045 2018 5097 liamtnam
2048 5043 2268 5105 allians,

699 5144 1133 5212 ardentioresque
1162 5156 1355 5212 prunas
1381 5140 1637 5203 reddens,
1668 5152 1880 5191 onmem
1907 5136 2134 5189 absumit
2153 5149 2273 5188 sco—

764 5302 779 5332 ι
818 5307 940 5359 llaec,
964 5305 1012 5348 ut
1034 5298 1142 5360 igne
1164 5303 1498 5362 purgarentur,
1527 5297 1701 5362 desunt.
1736 5296 1783 5343 in
1810 5302 1919 5362 neg.
1951 5299 2001 5362 et
2024 5291 2160 5340 Savil.
2181 5291 2274 5341 Sed

701 5364 747 5411 in
775 5351 939 5408 navari
954 5369 1004 5410 et
1025 5351 1185 5410 litorei.
1213 5351 1468 5418 habentur,
1487 5351 1547 5409 'et
1563 5359 1795 5420 quadram
1816 5351 2088 5420 ad‘seriem.

766 5424 838 5484 (a)
874 5422 924 5470 in
942 5430 1115 5478 CHBCO,
1142 5442 1211 5472 τῶν
1233 5442 1390 5485 «emptis
1493 5416 1601 5482 picei)
1630 5432 1841 5485 ᾈηῖθῐντῳγ.
1865 5418 1984 5485 113³81
2010 5416 2273 5485 aliquantu-

705 5475 801 5532 lum
821 5475 880 5532 an
903 5486 971 5533 sic
989 5475 1295 5545 interpretari
1315 5475 1568 5544 oporteret
1591 5497 1602 5530 :
1626 5475 1848 5545 improbis
1865 5479 1925 5527 de
1942 5475 2098 5545 medio
2115 5475 2275 5522 subla-

704 5546 778 5604 tis,
794 5561 872 5604 an,
891 5547 1028 5595 mulis
1051 5539 1137 5592 seu
1163 5539 1376 5594 tristibus
1401 5546 1461 5594 de
1489 5545 1644 5594 medio
1668 5539 1878 5591 sublatis.
1900 5547 1957 5588 ΕΔ
1982 5540 2161 5599 quippe
2182 5549 2272 5604 vox_

705 5598 1083 5670 .oﬁw'priorem
1121 5609 1280 5667 potius
1299 5609 1552 5667 requirere
1588 5605 1858 5670 versionem
1882 5598 2162 5670 videbatur;
2187 5598 2274 5670 sed

705 5680 767 5715 ex
784 5658 924 5717 serie
947 5677 997 5716 et
1017 5658 1316 5716 comiexione
1343 5658 1647 5728 sequentium
1684 5667 1996 5726 posteriorem
2022 5658 2183 5716 tnalui,
2227 5665 2277 5705 et

704 5730 772 5779 sic
794 5731 940 5782 vertit
961 5742 1153 5793 quoque
1177 5729 1466 5780 'l‘ilmannus.

2380 478 2510 531 riam
2556 494 2572 532 :
2616 479 2686 532 ita
2726 486 2780 532 et
2809 478 2894 532 hic
2924 477 3158 532 immissa
3185 492 3214 530 a
3247 477 3354 531 Deo
3381 477 3455 531 ira
3476 519 3489 540 .
3521 487 3576 532 et.
3601 479 3836 535 incidens
3863 483 3956 534 ho-

2377 567 2536 621 stium
2582 568 2862 634 incursus,
2905 568 3074 621 instar
3113 567 3250 637 ignis
3295 569 3408 622 urbi
3457 569 3623 622 lactus
3659 579 3773 637 est,
3824 572 3955 643 ignis

2377 672 2481 712 non
2512 658 2800 726 perniciem
2827 657 3132 723 inferentis,
3164 658 3257 712 sed
3291 660 3510 722 urentis,
3543 663 3831 728 purgantis,
3860 679 3952 729 pu-

2377 748 2571 802 nientis
2595 758 2648 802 et
2676 748 3025 802 emendantis.
3052 747 3201 801 llunc
3221 749 3360 802 enim
3387 763 3599 803 sensum
3623 749 3782 804 habet
3804 751 3952 815 illud,

2377 838 2573 904 Spiritu
2593 837 2781 904 judicii
2799 853 2819 901 ,'
2850 837 2950 891 hoc
2976 847 3092 903 est,
3125 838 3411 906 punitionis
3433 879 3448 904 ,
3480 838 3724 893 vindicta:
3744 881 3760 905 ,
3793 841 3951 893 ultio-

2378 927 2476 980 nis.
2520 927 2572 980 5.
2607 926 2672 979 Et
2715 929 2873 980 veniet
2914 927 3180 980 Dominus.
3212 928 3508 982 Adventum
3540 930 3655 996 ejus
3685 932 3950 998 operatio-

2377 1032 2498 1071 nem
2522 1027 2690 1070 vocat.
2723 1015 2788 1070 Et
2814 1019 2906 1070 erit
2937 1024 3097 1071 omnis
3127 1018 3266 1071 locus
3295 1019 3476 1071 montis
3507 1019 3664 1084 Sion,
3695 1030 3742 1072 et
3763 1022 3951 1082 omnia,

2374 1125 2485 1178 qua
2517 1109 2571 1162 in
2601 1110 2813 1162 circuitu
2840 1111 2948 1180 ejus
2977 1120 3094 1163 sunt
3113 1151 3130 1176 ,
3163 1109 3472 1163 obumbrabit
3497 1113 3649 1165 nubes
3673 1128 3761 1181 per
3785 1113 3913 1165 diem
3935 1155 3950 1178 ,

2374 1210 2420 1254 et
2448 1200 2593 1268 quasi
2622 1202 2762 1270 fama
2786 1239 2801 1266 ,
2832 1209 2876 1252 et
2904 1200 3050 1268 quasi
3076 1201 3187 1253 luce
3209 1201 3339 1270 ignis
3364 1202 3586 1254 ardentis
3610 1219 3697 1270 per
3724 1214 3950 1270 noctem,

2374 1293 2508 1344 omni
2536 1291 2697 1360 gloria
2717 1301 3015 1361 protegetur.
3045 1291 3096 1345 6.
3128 1290 3196 1343 Et
3221 1295 3314 1345 erit
3338 1293 3388 1345 in
3410 1293 3757 1347 uutbraculum
3779 1296 3879 1348 diei
3894 1296 3952 1346 ub

2372 1390 2496 1434 testu
2520 1421 2534 1445 ,
2579 1391 2626 1434 et
2659 1381 2710 1433 in
2739 1391 3018 1450 tegumenta
3050 1391 3097 1434 et
3123 1382 3177 1434 in
3205 1382 3498 1435 abscondito
3523 1384 3584 1435 ab
3612 1386 3884 1452 asperitate
3907 1395 3951 1438 el

2371 1471 2558 1540 pluvia.
2604 1470 2808 1525 Nubem
2855 1470 2940 1524 hic
2967 1480 3120 1525 vocat
3146 1471 3565 1526 consolationem
3597 1473 3648 1526 in
3677 1474 3832 1527 malis
3857 1475 3952 1528 da-

2372 1573 2515 1623 tam:
2543 1579 2724 1632 rogum
2752 1565 2825 1635 (α)
2855 1579 2983 1618 vero
3010 1564 3292 1619 adventum
3317 1566 3431 1634 ejus
3447 1580 3567 1619 cum
3589 1568 3952 1621 consdatione

2369 1655 2690 1723 adjunctum.
2734 1656 2882 1722 Quod
2914 1657 3054 1710 enim
3082 1657 3134 1710 iu
3163 1668 3294 1710 a'stu
3323 1665 3404 1711 est
3433 1657 3628 1721 nubes,
3661 1657 3761 1712 hoc
3790 1660 3841 1712 in
3874 1670 3951 1713 te-

2371 1747 2550 1800 nebris
2577 1757 2628 1799 et
2657 1747 2913 1814 prolunda
2943 1757 3097 1802 nocte
3125 1762 3283 1816 rogus
3308 1749 3567 1815 splendidi
3598 1749 3732 1817 ignis
3763 1765 3951 1803 aet-en-

2369 1852 2482 1892 sus.
2505 1838 2596 1892 llia
2625 1838 2765 1891 enim
2794 1847 2979 1891 aestum
3005 1837 3245 1907 depellit,
3265 1838 3352 1892 hic
3378 1854 3503 1892 vero
3528 1838 3806 1908 caliginem
3835 1840 3949 1893 dis-

2368 1927 2521 1983 cutit.
2544 1926 2839 1981 Adventum
2877 1943 3004 1996 ergo
3039 1927 3154 1997 ejus
3181 1943 3326 1997 pyra:
3347 1928 3648 1996 splendori,
3681 1929 3952 1982 remissiu-

2369 2033 2490 2071 nem
2531 2033 2657 2072 vero
2703 2026 2757 2073 et
2783 2017 3165 2073 recreationem
3194 2019 3396 2072 umbrae
3422 2019 3574 2072 nubis
3599 2023 3945 2086 comparavit.

2370 2109 2570 2164 Deinde
2612 2110 2900 2163 ostendens
2937 2124 3042 2163 non
3081 2109 3333 2178 paulatim
3359 2110 3544 2163 solutis
3571 2109 3811 2163 tristibus
3840 2112 3950 2163 hac

2367 2210 2618 2256 eventura
2648 2216 2768 2256 esse
2789 2243 2807 2268 ,
2838 2201 2931 2255 sed
2959 2201 3249 2271 derepente
3272 2201 3323 2254 in
3351 2201 3566 2269 ipsaque
3590 2216 3948 2255 aerumnarum

2370 2293 2417 2348 vi
2446 2294 2556 2349 fore
2583 2293 2926 2348 mutationem
2946 2333 2963 2360 ,
2991 2301 3047 2347 ut
3069 2303 3121 2348 et
3148 2293 3270 2348 inde
3296 2293 3535 2360 discant,
3565 2310 3668 2346 non
3699 2310 3762 2348 ex
3790 2310 3947 2348 revo-

2369 2385 2568 2441 lutione
2593 2386 2820 2456 quadam
2845 2396 2898 2440 et
2919 2385 3140 2440 lorluito
3162 2387 3506 2439 mutationem
3538 2385 3588 2437 in
3618 2386 3808 2439 melius
3829 2399 3946 2438 esse

2368 2475 2608 2541 factam;
2653 2476 2748 2530 sed
2790 2491 2855 2530 ex
2899 2490 3128 2546 superna
3171 2474 3367 2528 virtute
3411 2485 3575 2527 totum
3613 2489 3732 2527 esse
3765 2474 3949 2527 conre-

2366 2576 2508 2623 ctum
2528 2609 2545 2635 ,
2578 2569 2723 2624 Sicut
2748 2569 2864 2639 igne
2887 2568 3093 2621 ardente
3114 2568 3167 2620 in
3195 2576 3339 2620 nocte
3356 2609 3370 2628 ,
3403 2567 3598 2634 inquit,
3624 2567 3700 2618 sic
3721 2566 3811 2618 fiet
3834 2581 3948 2618 mn.

2367 2662 2496 2716 tatio
2516 2702 2530 2725 ,
2561 2660 2626 2713 Et
2652 2661 2741 2714 erit
2769 2662 2820 2713 in
2848 2661 3076 2713 umbram
3102 2675 3190 2728 per
3216 2659 3370 2712 diem.
3398 2660 3648 2722 Quantam
3680 2657 3794 2709 lucc
3825 2673 3945 2709 um-

2368 2753 2505 2807 bra?
2534 2752 2626 2808 Dei
2654 2752 2930 2818 auxilium,
2959 2751 3149 2821 inquit,
3172 2761 3226 2805 et
3252 2747 3564 2810 subsidium,
3589 2747 3734 2816 quasi
3761 2747 3946 2800 umbra

2367 2844 2419 2897 in
2450 2853 2584 2898 testu
2604 2884 2620 2910 ,
2650 2852 2702 2897 et
2728 2843 2875 2911 quasi
2900 2851 3096 2897 tectum
3123 2840 3206 2896 vel
3232 2855 3478 2895 caverna:
3506 2839 3778 2892 latibulum
3800 2880 3814 2901 ,
3845 2837 3946 2890 im-

2365 2935 2462 2991 bre
2498 2934 2802 2990 vehementi
2843 2935 3067 2989 cadente
3087 2976 3103 3001 ,
3153 2933 3206 2987 in
3252 2941 3366 2986 tuto
3392 2940 3567 2987 servat
3589 2947 3710 2985 eum
3735 2932 3828 3001 qui
3856 2931 3946 2984 illo

2366 3025 2601 3094 confugit
2646 3043 2659 3079 :
2701 3026 2778 3079 sic
2803 3034 2857 3079 et
2881 3025 2972 3079 Dei
3004 3025 3374 3080 commilitium
3398 3023 3532 3077 nihil
3555 3022 3693 3076 sinet
3718 3022 3830 3091 pati
3855 3021 3949 3075 de-

2366 3116 2602 3172 trimenti
2628 3157 2642 3182 ,
2675 3124 2823 3170 tanto
2851 3115 3124 3187 ingruente
3152 3115 3290 3172 bello
3312 3155 3329 3183 ,
3360 3129 3453 3170 eos
3476 3128 3611 3183 quos
3629 3128 3659 3167 a
3686 3112 3947 3182 principio

2366 3223 2581 3265 servare
2608 3207 2852 3264 voluerit.

2991 3338 3218 3396 CAPUT
3258 3338 3324 3393 γ.

2371 3458 2422 3512 1.
2467 3453 2690 3509 Cantabo
2729 3453 2912 3508 dilecto
2961 3452 3212 3505 canticum
3249 3451 3419 3505 dilecti
3466 3450 3564 3506 mei
3607 3450 3764 3505 vinea:
3800 3466 3947 3504 mea.

2440 3569 2491 3622 1.
2533 3567 2818 3636 Postquam
2859 3564 3084 3618 tristiunt
3124 3564 3537 3619 comminatione
3573 3566 3853 3627 exterruit,
3894 3576 3948 3619 et

2366 3660 2626 3713 bonorum
2657 3654 3010 3725 promissione
3037 3653 3349 3709 exhilaravit
3369 3694 3385 3719 ,
3427 3653 3732 3722 variamque
3759 3655 3946 3709 mede-

2369 3749 2470 3802 lam
2499 3747 2770 3811 adhibuit,
2816 3744 2868 3799 in
2905 3743 3046 3798 aliud
3075 3743 3250 3798 denuo
3280 3743 3592 3813 principium
3637 3759 3946 3800 sermOnem

2369 3840 2595 3905 reducit,
2628 3839 2938 3908 principium
2962 3879 2976 3904 ,
3019 3837 3263 3906 inquam,
3299 3836 3439 3904 quod
3469 3837 3754 3905 prophetia:
3784 3853 3947 3893 exor-

2369 3931 2513 3984 dium
2545 3930 2802 3983 videatur.
2841 3926 3296 3994 Quemadmodum
3321 3927 3461 3979 enim
3491 3941 3520 3980 a
3551 3926 3808 3994 principio
3835 3938 3948 3980 sta-

2370 4021 2463 4074 tim
2495 4018 2750 4074 benelicia
2796 4018 2922 4085 ipsis
2965 4033 2993 4070 a
3037 4017 3150 4070 Deo
3191 4016 3380 4069 collata
3429 4017 3693 4070 recensuit
3734 4016 3944 4079 dicens,

2370 4111 2532 4164 Filios
2559 4109 2708 4180 genui
2731 4116 2775 4161 et
2800 4107 3011 4161 exaltari
3044 4105 3210 4176 (lsai.
3239 4108 3289 4159 1.
3318 4106 3409 4173 2),
3435 4105 3672 4159 adductis
3698 4107 3946 4174 proposi-

2370 4202 2540 4269 tisque
2568 4199 2888 4261 sceleribus,
2922 4212 3039 4264 qua:
3069 4196 3141 4250 illi
3173 4204 3509 4265 patraverant
3531 4238 3546 4261 ,
3576 4210 3765 4263 nempe
3785 4238 3802 4261 ,
3838 4195 3950 4263 Ipsi

2370 4301 2658 4360 spreverunt
2684 4306 2777 4353 me,
2807 4299 2878 4355 et,
2903 4287 3070 4341 Israel
3095 4299 3261 4340 autem
3289 4305 3367 4340 me
3385 4305 3482 4341 non
3507 4288 3752 4357 cognovit,
3781 4298 3830 4340 et
3859 4305 3948 4355 po-

2372 4381 2521 4452 pulus
2549 4398 2684 4434 meus
2726 4395 2804 4432 me
2847 4395 2946 4432 non
2981 4378 3226 4431 intellexit
3253 4376 3412 4446 (lsai.
3445 4377 3492 4429 1.
3521 4374 3588 4446 3)
3614 4393 3626 4428 :
3660 4376 3735 4428 sic
3763 4385 3821 4428 et
3850 4377 3950 4429 hoc

2371 4474 2485 4527 loco
2515 4473 2630 4526 aliis
2660 4471 2851 4535 dictis,
2893 4469 2986 4523 sed
3027 4469 3214 4524 eadem
3260 4467 3518 4521 sententia
3566 4481 3625 4518 ea
3669 4465 3783 4532 ipsa
3830 4482 3949 4534 qua:

2373 4566 2514 4634 prius
2543 4563 2772 4616 exhibet.
2809 4562 3003 4616 Verum
3043 4576 3143 4630 qua
3187 4559 3256 4612 de
3300 4571 3459 4611 causa
3501 4555 3946 4625 reprehensurus,

2372 4654 2835 4723 reprehensionem
2858 4651 3118 4705 canticum
3141 4649 3336 4702 vocat?
3364 4648 3565 4718 Moyses
3587 4649 3726 4701 enim
3752 4646 3808 4700 id
3830 4647 3950 4715 jure

2375 4749 2494 4801 fecit
2520 4762 2637 4799 cum
2664 4745 2842 4806 Maria,
2871 4750 3051 4810 utpote
3075 4740 3393 4810 triumphale
3420 4739 3678 4793 canticum
3708 4740 3950 4793 modulac

2376 4851 2524 4892 turus
2543 4880 2558 4902 ,
2588 4837 2878 4902 meritoque
2905 4835 2982 4886 sic
3011 4831 3192 4901 incipit
3223 4849 3234 4883 :
3263 4830 3527 4884 Cantemus
3550 4828 3764 4881 Domino
3789 4845 3810 4881 :
3836 4829 3948 4898 glo-

2373 4932 2503 4982 riose
2529 4929 2659 4982 enint
2689 4925 3038 4995 magniﬁcatus
3067 4931 3172 4987 est,
3214 4935 3392 4987 equum
3423 4927 3467 4972 et
3493 4934 3802 4970 ascensorem
3834 4934 3952 4984 pro-

2365 5023 2485 5092 jecit
2530 5021 2580 5072 in
2623 5035 2760 5071 mare
2805 5015 3012 5087 (Exod.
3042 5013 3126 5068 15.
3161 5014 3253 5082 1).
3299 5014 3366 5065 Et
3408 5011 3608 5065 chora
3657 5019 3774 5076 post
3817 5009 3948 5062 illud

2375 5112 2682 5168 admirabile
2713 5121 2965 5176 tropaeum
2985 5145 3002 5172 ,
3045 5114 3099 5160 et
3135 5105 3457 5173 insperatam
3497 5101 3764 5155 victoriam
3789 5141 3802 5163 ,
3830 5102 3949 5170 jure

2377 5205 2637 5259 Canticum
2665 5201 2791 5255 illud
2824 5196 3138 5265 triumphale
3160 5195 3456 5260 contexuit,
3478 5193 3684 5246 laudem
3711 5191 3950 5248 referens

2381 5297 2488 5351 Deo
2517 5293 2723 5364 (Judic.
2751 5290 2836 5360 5).
2880 5289 2974 5343 Hic
3005 5295 3180 5342 autem
3206 5287 3577 5340 criminaturus
3596 5325 3609 5348 ,
3640 5298 3759 5336 cum
3790 5286 3952 5339 vehe-

2456 5476 2522 5536 (α)
2555 5479 2632 5538 (ir.
2663 5477 2826 5536 πυράν.
2857 5475 3036 5538 Ηὶοηοῐ
3075 5475 3194 5522 infra
3237 5477 3381 5536 πυρὰν
3406 5483 3768 5538 commemorat,
3811 5480 3948 5538 quasi

2392 5551 2448 5585 ea
2475 5552 2559 5584 vox
2589 5537 2634 5583 in
2671 5536 3058 5595 prtecedentibus
3094 5538 3359 5596 Scripturte
3386 5536 3638 5584 versiCttlis
3663 5536 3947 5595 haberetur,

2391 5605 2691 5658 quietatncn
2728 5597 2793 5644 ibi
2834 5612 2927 5643 non
2973 5607 3236 5658 comparet.
3274 5597 3369 5644 Sed
3416 5606 3529 5655 puto
3554 5599 3947 5658 Chrysostomnm

2391 5656 2475 5704 lias
2497 5656 2629 5703 lsuite
2653 5670 2815 5729 \‘pces,
2842 5660 2903 5724 ὡς
2941 5656 3091 5716 φωτὸς
3115 5663 3258 5721 πυρὸς
3289 5659 3537 5718 καιομένου
3560 5659 3739 5717 νυκτός,
3764 5656 3841 5705 llit‘
3861 5671 3949 5719 per

2391 5730 2559 5766 vocem
2582 5735 2728 5779 πυραν
2756 5732 2781 5766 c
2792 5734 2813 5764 λ
2825 5731 3050 5778 pnmcrc.
