4056 6502
442 386 513 441 57
1233 389 1292 443 S.
1333 388 1616 443 JOANNIS
1656 387 2144 446 CIIRYSOSTOMI
2187 394 2504 452 ARCIHEP.
2545 395 3089 451 CONS'I‘ANTINOP.
3779 418 3854 474 58

424 494 534 546 υὺκ
558 494 717 558 αὐτὸς
745 495 799 548 δὲ
835 496 1009 566 μόνος,
1041 500 1175 552 ἀλλὰ
1217 505 1306 554 καὶ
1337 503 1364 553 ὁ
1405 504 1575 572 μέγας
1606 506 1809 568 ἐκεῖνος
1847 506 2089 574 Μωῦσῆς

420 583 519 652 τὴν
548 585 806 637 ἐπινίκιον
829 588 945 639 τότε
977 589 1110 658 ᾄσας
1137 591 1297 660 ᾠδὴν,
1327 593 1644 661 κατηγορῶν
1667 594 1773 644 τῶν
1800 594 2086 656 Ἰουδαίων,

426 671 641 738 μακράν
670 672 811 741 ᾠδὴν
841 675 905 725 τά
941 675 1258 744 ἐγκλήματα
1293 677 1559 745 πεποίηκε
1594 693 1617 718 ιι
1660 680 1862 746 λέγων·
1902 681 2092 733 Ταῦτα

423 755 503 818 τῷ
532 755 728 823 Κυρίῳ
766 759 1227 824 ιὶντοποδίδοτε;
1265 760 1453 828 Οὗτος
1481 768 1512 817 ὀ
1540 764 1690 829 λαὸς
1713 766 1909 833 μωρὸς
1928 806 1942 828 ,
1992 767 2090 820 καί

424 843 560 910 οὺχί
592 845 782 910 σοφός
808 861 821 874 ο
853 846 944 897 καὶ
977 848 1175 911 πολλάς
1213 849 1425 912 συνθεὶς
1467 851 1816 922 κατηγορίας.
1867 853 2093 922 ᾅδοντας

424 927 618 989 αὐτοὺς
644 929 815 982 ταῦτα
837 931 1013 996 λέγειν
1044 935 1348 1002 ἐνομοθέτει
1374 951 1386 963 ·
1422 937 1514 987 καὶ
1543 937 1622 990 ἑτι
1645 939 1736 990 καὶ
1761 937 1853 990 νῦν
1875 937 2091 1007 ᾄδοντες

421 1010 589 1064 ταῦτα
622 1014 849 1083 λέγομεν
876 1019 966 1069 καὶ
997 1020 1170 1088 ἡμεῖς.

492 1102 647 1164 Τίνος
677 1099 769 1156 οῦν
791 1105 974 1157 ἕνεκεν
1003 1109 1098 1169 τὰς
1125 1110 1452 1179 κατηγορίας
1479 1111 1620 1182 ᾠδὴν
1648 1112 1859 1165 ποιοῦσι
1881 1129 1895 1176 ;
1920 1113 2089 1184 Σοφίᾳ.

423 1190 750 1257 κεχρημένοι
774 1198 1109 1263 πνευματικῇ
1139 1197 1228 1247 καὶ
1253 1197 1384 1249 πολὺ
1407 1198 1467 1249 τὸ
1496 1199 1684 1268 κέρδος
1711 1198 1940 1252 ἐνθεῖναι
1970 1201 2089 1262 ταῖς

420 1274 528 1325 τῶν
575 1277 876 1330 ἀκουόντων
922 1279 1230 1350 βουλόμενοι
1264 1284 1483 1353 ψυχαῖς.
1536 1285 1756 1355 Ἐπειδὴ
1789 1285 1896 1355 γάρ
1939 1286 2088 1338 οὐδὲν

420 1361 561 1413 οὑτω
594 1365 879 1432 χρήσιμον,
918 1365 991 1428 ὡς
1025 1368 1083 1418 τὸ
1118 1367 1603 1439 πλημμελημάτων
1648 1372 1954 1442 μεμνῆσθαι
2011 1372 2088 1424 δι-

427 1447 651 1514 ηνεκῶς,
677 1450 897 1518 μνήμην
920 1451 974 1503 δὲ
995 1453 1143 1506 οὐδὲν
1171 1454 1313 1507 οῦτω
1333 1457 1556 1526 μόνιμον
1577 1459 1650 1520 ὡς
1670 1457 1900 1528 μελῳδία
1923 1460 2086 1521 ποιεῖ,

423 1533 508 1585 ἵνα
543 1535 616 1604 μὴ
650 1535 737 1588 διὰ
782 1538 881 1607 τὴν
917 1539 1220 1610 ὑπερϐολὴν
1253 1543 1362 1596 τῶν
1408 1545 1754 1616 κατηγοριῶν
1802 1545 2085 1609 ὀκνοῦντες

421 1621 770 1683 ἀναδυόμενοι
811 1625 1052 1693 φεύγωσι
1105 1628 1165 1680 τὸ
1213 1631 1450 1700 συνεχῶς
1507 1631 1814 1701 μεμνῆσθαι
1849 1631 1958 1684 τῶν
2010 1633 2088 1684 οἰ-

419 1709 581 1762 κείων
619 1713 1055 1782 ἁμαρτημάτων,
1094 1716 1173 1787 τῷ
1221 1717 1371 1788 μέλει
1419 1720 1518 1791 τῆς
1549 1720 1690 1790 ᾠδῆς
1733 1721 2087 1774 ὑποκλέπτων

419 1796 518 1864 τὴν
550 1796 657 1849 ἀπὸ
686 1800 784 1867 τῆς
812 1801 1030 1872 μνήμης
1059 1803 1340 1874 αἰσχύνην,
1373 1808 1468 1859 καὶ
1499 1807 1599 1878 τὴν
1647 1808 1918 1879 ἀφόρητον
1951 1807 2085 1860 ἀθυ-

423 1883 552 1951 μίαν
575 1887 1085 1958 παραμυθούμενος,
1121 1891 1339 1962 ᾄσματα
1376 1893 1516 1947 αὑτά
1544 1895 1860 1965 πεποίηκεν,
1895 1895 1981 1948 ἵνα
2008 1894 2086 1965 τῷ

419 1969 570 2039 πόθῳ
623 1973 885 2042 μελῳδίας
933 1977 1360 2048 ἀναγκαζόμενοι
1394 1980 1630 2050 συνεχῶς
1669 1982 1809 2035 αὐτὰ
1853 1981 2087 2051 φθέγγε-

420 2057 565 2119 σθαι,
600 2060 836 2128 συνεχῶς
868 2062 1046 2115 αὐτῶν
1089 2058 1190 2116 ὦσι
1230 2067 1566 2136 μεμνημένοι
1593 2108 1607 2132 ,
1639 2068 1733 2122 καὶ
1767 2067 2028 2138 διηνεκῶς
2055 2065 2083 2106 δ

417 2140 582 2210 ἔχωσί
640 2162 756 2197 τινα
779 2146 1125 2202 διδασκαλίαν
1163 2153 1362 2222 ἀρετῆς
1389 2153 1489 2223 τὴν
1519 2153 1737 2224 διηνεκῆ
1767 2155 1876 2207 τῶν
1905 2155 2079 2224 ἁμαρ·

416 2231 674 2299 τημάτων
709 2241 945 2305 μνήμην.
983 2236 1121 2290 Ἴστε
1155 2238 1304 2305 γοῦν,
1341 2241 1422 2292 ὅτι
1461 2241 1554 2294 καὶ
1582 2240 1677 2293 νῦν
1706 2242 1775 2293 τά
1814 2242 1911 2310 μὲν
1951 2241 2084 2295 ἄλλα

414 2316 524 2369 οὐδ’
559 2318 616 2382 ἐξ
640 2318 896 2388 ὀνόματος
920 2324 1031 2383 τοῖς
1061 2324 1273 2387 πολλοῖς
1302 2327 1417 2378 ἐστι
1447 2327 1635 2379 Βιϐλία
1671 2329 1950 2398 γνώριμα·
1981 2328 2080 2396 τὴν

415 2403 471 2455 δὲ
497 2404 606 2456 τῶν
631 2407 873 2476 Ψαλμῶν
905 2413 1287 2480 πραγματείαν
1315 2413 1407 2464 ἐπὶ
1431 2414 1694 2483 στόματος
1715 2415 1951 2477 ἅπαντες
1981 2415 2080 2482 φέ-

417 2507 590 2559 ρουσι,
622 2493 712 2546 καὶ
739 2495 907 2557 αὑτὰς
940 2497 1140 2560 ταύτας
1174 2499 1271 2560 τὰς
1303 2499 1474 2569 ᾠδάςο
1509 2499 1654 2554 οὑτω
1677 2501 1745 2553 δι’
1773 2501 1949 2553 αὑτῶν
1973 2501 2081 2553 τῶν

415 2581 753 2650 πραγμάτων
781 2583 1074 2649 δείκνυται,
1109 2587 1273 2640 πόσον
1297 2589 1403 2641 ἀπὸ
1438 2589 1537 2658 τῆς
1571 2589 1834 2659 μελῳδίας
1865 2588 1925 2641 τὺ
1951 2588 2079 2659 κέρ·

414 2663 503 2727 δος
533 2667 666 2721 ἐστί.
714 2670 812 2721 Διὰ
838 2670 899 2740 δὴ
945 2671 1103 2724 τοῦτο
1153 2674 1245 2726 καὶ
1290 2675 1452 2738 αὑτός
1481 2693 1643 2745 φησιν
1665 2694 1678 2708 ·
1709 2678 1873 2744 ’ᾼσω
1897 2675 1973 2742 δὴ
2003 2671 2084 2740 τῷ

412 2750 774 2819 ἠγαπημένῳ
819 2748 981 2825 ᾆσμα
1014 2757 1118 2811 τοῦ
1163 2760 1472 2827 ἀγαπητοῦ
1507 2778 1630 2829 μου
1670 2761 1750 2826 τῷ
1773 2761 2082 2829 ἀμπελῶνί

407 2856 546 2907 μου.
581 2837 784 2910 τᾼσμα
817 2842 896 2907 τῷ
935 2845 1313 2913 ἠγαπημένῳ,
1356 2849 1546 2917 φησὶν,
1587 2849 1892 2917 ἀμπελῶνι
1918 2864 1929 2877 ”
1966 2849 2080 2918 ᾷσω

412 2925 541 2994 περὶ
568 2926 729 2977 αὑτοῦ
758 2926 849 2978 τοῦ
881 2929 1256 2998 ὴγαπημένου.
1289 2933 1397 2984 Καὶ
1434 2931 1580 3002 αὑτῷ
1607 2933 1713 3003 γὰρ
1743 2934 1852 3004 ᾅδω
1872 2976 1886 2996 ,
1915 2935 2077 3003 φησὶ,

413 3025 506 3062 και
539 3011 570 3079 ὴ
598 3010 960 3081 ὑπόθεσιςτῆς
991 3015 1130 3084 ᾠδῆς
1161 3017 1288 3086 περὶ
1311 3017 1474 3070 αὑτοῦ
1503 3019 1595 3070 καὶ
1617 3018 1722 3071 τῶν
1746 3018 1907 3071 αὑτοῦ
1941 3037 2082 3088 πρα-

412 3095 637 3164 γμάτων
666 3097 829 3149 ἐστίν.
853 3099 912 3149 Εἰ
930 3099 985 3150 δὲ
1012 3100 1216 3168 μέλλων
1246 3106 1590 3173 κατηγορεῖν,
1622 3105 1902 3175 ἀγαπητὸν
1927 3105 2082 3156 καλεῖ

411 3185 506 3234 καὶ
527 3183 711 3253 ἡγαπη
722 3184 902 3253 μένον,
925 3186 998 3256 μὴ
1023 3187 1325 3259 θαυμάσῃς.
1351 3191 1458 3243 Καὶ
1478 3190 1634 3243 τοῦτο
1651 3191 1758 3261 γὰρ
1783 3192 2033 3261 μέγιστον
2054 3202 2075 3230 ⁸

412 3272 742 3339 κατηγορίας
776 3271 1003 3340 ἐφόδιον,
1035 3274 1115 3326 ὅτι
1149 3275 1211 3344 δὴ
1241 3276 1652 3345 ἀγαπηθέντες,
1688 3280 1779 3330 καὶ
1807 3279 2077 3345 τοσαύτης

410 3351 811 3418 ἀπολαύσαντες
858 3357 1004 3425 παρὰ
1035 3356 1169 3408 Θεοῦ
1199 3357 1299 3426 τῆς
1348 3356 1461 3428 [52]
1499 3360 1738 3421 εὐνοίας,
1782 3361 1900 3412 οὐδὲ
1937 3361 2078 3412 οὑτω

412 3437 651 3506 βελτίους
675 3441 938 3507 ἐγένοντο.
969 3441 1136 3493 Τοῦτο
1174 3443 1303 3510 γοῦν
1334 3445 1428 3496 καὶ
1459 3446 1642 3515 ἕτερος
1671 3447 1954 3515 προφήτης
1994 3448 2078 3498 αἰ-

409 3527 716 3594 νιττόμενος
745 3527 927 3595 ἔλεγεν
948 3545 960 3558 δ
999 3528 1090 3593 Ὡς
1116 3531 1441 3597 σταφυλὴν
1466 3532 1535 3583 ἐν
1562 3529 1948 3600 ἐρήμῳεᾶρον
1973 3533 2078 3586 τὸν

422 3611 686 3678 Ἰσραὴλ,
708 3614 786 3678 ὡς
815 3615 1052 3668 σκοπὸν
1075 3615 1144 3668 ἐν
1164 3615 1325 3683 συκῇ
1346 3617 1607 3685 πρώϊμον
1633 3616 1795 3672 εἶδον
1816 3619 2076 3686 πατέρας

407 3696 636 3750 αὐτῶν*
670 3699 729 3750 τὸ
759 3698 1002 3752 ποθεινὸν
1034 3701 1209 3753 αὐτῶν
1244 3703 1336 3754 καὶ
1364 3703 1658 3772 ἐπέραστον
1691 3704 1777 3756 διὰ
1799 3704 1905 3756 τῶν
1939 3721 2076 3774 καρ-

411 3781 528 3836 πῶν
556 3784 758 3836 τούτων
787 3786 1190 3856 ἐνδεικνύμενος
1210 3802 1223 3816 °
1256 3787 1499 3841 ποθεινὸν
1530 3789 1585 3840 δὲ
1626 3789 1786 3841 αὐτὸν
1840 3791 1933 3843 καὶ
1978 3791 2076 3841 ἐπ-

413 3870 640 3940 έραστον
663 3872 722 3923 οὑ
755 3873 904 3944 παρά
930 3874 1025 3943 τὴν
1048 3875 1252 3927 οἰκείαν
1268 3875 1466 3945 ἀρετὴν
1489 3916 1503 3940 ,
1530 3876 1660 3928 ἀλλὰ
1689 3876 1839 3948 παρά
1861 3879 1955 3946 τὴν
1981 3877 2073 3929 τοῦ

407 3955 545 4009 Θεοῦ
577 3957 902 4026 ἀγαθὸτητα.
944 3961 1006 4012 Ὃ
1036 3960 1092 4012 δὲ
1128 3960 1306 4028 λέγει,
1333 3961 1566 4013 τοιοῦτόν
1594 3963 1738 4015 ἐστιν
1761 4004 1775 4027 ,
1810 3963 1892 4014 ὅτι
1937 3962 2074 4030 Ἐγὼ

411 4043 509 4111 μὲν
532 4042 702 4105 οῦτως
730 4045 1010 4114 ἠγάπησα,
1051 4046 1125 4110 ὡς
1151 4047 1215 4100 άν
1245 4065 1326 4110 τις
1360 4047 1631 4117 σταφυλὴν
1671 4048 1841 4120 εὑρὼν
1872 4051 1927 4101 ἐν
1947 4051 2076 4119 ἐρή-

411 4146 513 4197 μῳ,
550 4129 581 4197 ἦ
609 4129 681 4190 ὡς
708 4131 770 4182 ἄν
801 4147 884 4192 τις
922 4133 1121 4184 σκοπὸν
1143 4136 1199 4185 ἐν
1231 4138 1388 4205 συκῇ.
1429 4137 1491 4187 Εἰ
1519 4136 1626 4206 γὰρ
1649 4137 1742 4188 καὶ
1767 4137 1960 4200 ἀνάξια
1980 4137 2073 4190 τοῦ

405 4214 538 4267 Θεοῦ
573 4215 640 4267 τὰ
688 4217 1136 4286 παραδείγματα,
1169 4220 1303 4273 ἀλλά
1347 4221 1655 4291 κατάλληλα
1698 4223 1800 4292 τῆς
1852 4223 2072 4277 ἐκείνοιν

405 4305 859 4374 γαστριμαργίας.
889 4307 1067 4359 Αὐτοὶ
1108 4307 1194 4369 δὲ,
1229 4309 1395 4376 φησὶ,
1433 4311 1698 4379 τοσαύτης
1731 4311 2073 4364 ἀπολαύσαν-

405 4407 495 4452 τες
544 4391 641 4460 τῆς
680 4392 931 4461 ἀγάπης,
981 4394 1594 4461 ἀπηλλοτριώθησαν,
1632 4395 1729 4447 καὶ
1782 4396 2073 4464 εἰσῆλθον

405 4477 552 4541 πρὸς
591 4476 697 4528 τὸν
723 4479 1083 4547 Βεελεεεγὼρ.
1117 4480 1270 4533 Οῦτω
1306 4481 1368 4552 δὴ
1393 4481 1486 4533 καὶ
1522 4481 1751 4535 ἐνταῦθα
1777 4483 2070 4554 ἠγαπημέ-

405 4579 494 4613 νον
527 4563 686 4614 αὑτδν
725 4566 877 4617 καλεί
911 4568 1003 4619 καὶ
1034 4567 1314 4638 ἀγαπητὸν
1335 4610 1348 4632 ,
1391 4568 1597 4631 δεικνὺς
1627 4570 1704 4621 ὅτι
1739 4571 1765 4622 ό
1805 4570 1902 4638 μὲν
1941 4569 2070 4632 Θεὸς

402 4645 471 4698 τὰ
496 4649 621 4717 παρ’
645 4649 835 4702 ἐαυτοῦ
859 4652 1033 4704 πάντα
1058 4654 1386 4719 ἐπεδείξατο,
1409 4655 1509 4707 οὐκ
1532 4655 1709 4707 αὐτῶν
1725 4656 2069 4726 ἀρξαμένων,

404 4734 538 4788 ἀλλά
565 4733 655 4785 τοῦ
684 4733 815 4786 Θεοῦ
849 4738 1214 4806 ἡγησαμένου.
1260 4741 1559 4793 Ἐκεῖνοιδέ
1588 4741 1707 4794 οὑδὲ
1741 4741 1878 4810 μετά
1899 4742 2070 4795 ταῦτα

405 4821 588 4884 ἀξίους
622 4822 844 4884 ἑαυτοὺς
885 4823 984 4891 τῆς
1033 4825 1348 4892 εὐεργεσίας
1380 4827 1607 4891 ἔδειξαν,
1643 4827 1776 4880 ἀλλά
1814 4830 2071 4884 τάναντία

403 4907 746 4973 ἐπεδείξαντο
800 4909 1034 4964 ἅπαντα.
1084 4911 1390 4978 Ἀμπελὼν
1437 4914 1687 4981 ἐγενήθη
1725 4915 1805 4980 τῷ
1841 4916 2072 4984 ἠγαπη-

398 4995 579 5061 μένῳ,
605 4996 674 5047 ἐν
700 4994 920 5063 κέρατι,
957 4997 1025 5052 ἐν
1056 4999 1214 5059 τόπῳ
1242 4999 1422 5050 πίονι.
1458 5000 1547 5069 Τῷ
1578 5001 1802 5070 ὀνόματι
1832 5003 1924 5054 τοῦ
1958 5004 2068 5072 ἁμ-

405 5080 640 5144 πελῶνος
669 5085 847 5134 πᾶσαν
872 5085 1097 5154 ἐνέφηνε
1129 5086 1225 5156 τὴν
1254 5085 1536 5154 πρόνοιαν,
1568 5088 1659 5138 καὶ
1686 5087 1783 5158 τὴν
1810 5089 1936 5159 περὶ
1967 5090 2066 5141 αὑ-

401 5164 507 5215 τῶν
534 5164 560 5203 ά
595 5169 933 5235 ἐπιμέλειαν.

475 5251 537 5320 β’.
576 5252 648 5303 υὺ
697 5254 801 5322 μὴν
836 5255 1045 5308 ἵσταται
1080 5256 1238 5326 μέχρι
1270 5257 1476 5322 τούτου,
1507 5258 1643 5311 ἀλλά
1689 5260 1781 5311 καὶ
1814 5259 1881 5312 τά
1904 5261 2068 5332 ’ἐτερα

403 5337 793 5408 ἀπαριθμεῖται
849 5341 1295 5412 εὐεργετήματαο
1359 5346 1452 5397 καὶ
1499 5346 1758 5417 πρότερον
1818 5348 1925 5400 ἀπὸ
1970 5352 2067 5420 τῆς

464 5507 490 5535 ⁸
516 5507 755 5564 Πεποίηκε
778 5508 921 5555 deest
943 5508 988 5556 in
1013 5509 1136 5570 Reg.
1164 5519 1214 5557 et
1251 5511 1400 5559 Savil.
1425 5513 1511 5561 Illa
1538 5521 1699 5560 aule
1722 5515 1906 5563 sublata
1928 5528 2066 5570 voce,

403 5565 539 5636 locu_s
559 5582 754 5636 [pangis
775 5580 884 5636 e559
907 5565 1123 5636 yidvtuF,
1171 5573 1246 5636 (δυὶ
1273 5577 1592 5636 γθειαιιτευάο
1617 5588 1781 5622 vocem
1801 5577 1933 5623 καλεῖ
1957 5565 2065 5636 pro;

403 5630 536 5732 ροιιη
563 5630 789 5700 Savilius.
823 5631 917 5677 Sed
941 5643 1048 5678 cum
1071 5631 1299 5687 πεποίηκε
1324 5635 1370 5679 in
1401 5635 1563 5682 [κενοῖ.
1588 5643 1639 5683 el
1661 5636 1828 5684 Morel.
1857 5630 2067 5697 lega'lur,

422 5699 538 5732 ορυε
567 5703 657 5732 Iam
678 5697 875 5732 llllellﬂl'
899 5698 989 5732 ρει-

422 5699 538 5751 οςυε
561 5703 658 5748 Jam
678 5697 875 5751 integer
899 5698 989 5738 est.

465 5748 968 5812 ιῖδεινὶἰίμεμνημένοι
1005 5753 1242 5808 διηνεκῶς.
1269 5752 1366 5799 Sed
1410 5753 1513 5803 haec
1535 5757 1683 5805 lectio
1703 5760 1880 5806 seriem
1910 5760 2069 5807 inler-

400 5807 581 5864 lurbat,
610 5807 799 5858 sublala
822 5807 1152 5861 distinctione.

466 5873 491 5941 ξ
512 5870 632 5941 [ξος.
660 5877 710 5917 el.
744 5873 890 5941 ‘Safil.
912 5877 996 5941 ‘xai
1015 5873 1155 5922 τοῦτο
1179 5874 1394 5936 μέγιστον
1415 5873 1593 5927 omisso
1615 5879 1718 5941 γάρ.

466 5929 493 5968 τι
512 5929 633 5993 neg.
659 5933 761 5993 περὶ
784 5933 966 5989 αὐτούς.
1179 5929 1188 5936 ’
1245 5929 1256 5936 ’
1625 5929 1636 5940 ’
1679 5929 1704 5941 ”

2197 507 2393 572 θέσεως
2423 511 2515 563 τοῦ
2545 511 2709 562 τόπου
2746 509 2903 562 τοῦτο
2939 511 3115 562 ποιεῖ’
3145 508 3206 560 τὸ
3233 507 3359 577 γὰρ,
3399 508 3500 560 Ἐν
3541 506 3758 572 κέρατι,
3785 507 3857 559 ἐν

2195 596 2352 655 τόπῳ
2375 597 2558 656 πίονι,
2591 597 2651 648 τὸ
2685 596 2780 664 μὲν
2814 596 2912 666 τὴν
2950 595 3109 662 φύσιν
3145 595 3243 664 τῆς
3279 594 3379 662 γῆς
3409 594 3639 645 ἐπαινῶν
3677 593 3854 660 ἔλεγε,

2189 681 2249 732 τδ
2281 681 2335 733 δὲ
2367 682 2465 751 τὴν
2498 682 2642 734 θέσιν
2663 699 2677 712 ⁸
2707 683 2843 751 ὅπερ
2878 681 2969 733 καὶ
2999 684 3026 733 ό
3057 680 3217 733 Δαυῒδ
3246 680 3459 748 ψάλλων
3490 679 3685 749 ἔφησεν
3706 719 3719 732 .
3770 680 3854 731 ὅτι

2200 768 2572 838 Ἰερουσαλὴμ,
2613 771 2757 834 Ὀρη
2792 769 2995 832 κύκλῳ
3024 767 3210 834 αὐτῆς
3235 807 3248 827 ,
3281 767 3376 821 καί
3413 766 3620 832 Κύριος
3649 766 3856 826 κύκλῳ

2189 853 2294 906 τοῦ
2331 854 2483 907 λαοῦ
2517 852 2720 906 αὐτοῦ.
2771 853 3030 921 Ἐτείχισε
3067 852 3163 920 μὲν
3189 853 3294 921 γὰρ
3333 850 3501 920 αὐτὴν
3525 890 3539 912 ,
3573 849 3720 920 φησὶ,
3757 851 3852 901 καὶ

2189 943 2254 1008 τῇ
2289 939 2433 992 θέσει
2463 941 2554 992 τοῦ
2582 941 2748 992 τόπου
2769 955 2782 968 ·
2831 939 2967 1008 πλὴν
2997 939 3094 990 οὑκ
3132 938 3370 1008 ἠρκέσθη
3405 938 3595 1006 τούτῳ,
3631 936 3765 988 ἀλλά
3793 937 3854 988 τὸ

2193 1025 2445 1094 μέγιστον
2478 1029 2652 1095 τεῖχος
2700 1025 2860 1088 αὐτὸς
2908 1026 3040 1094 αὐτῇ
3081 1025 3331 1093 γέγονεν’
3382 1025 3409 1075 δ
3454 1024 3515 1093 δὴ
3567 1025 3659 1075 καὶ
3698 1018 3854 1086 οὗτος

2189 1113 2481 1166 αἰνίττεται
2513 1113 2706 1180 λέγων,
2753 1113 2849 1166 Ἐν
2879 1113 3096 1180 κέρατι,
3126 1112 3186 1164 τό
3226 1129 3283 1163 τε
3332 1112 3624 1181 ἀχείρωτον
3661 1112 3756 1162 καὶ
3792 1108 3856 1161 τὺ

2189 1199 2628 1268 ἀκαταγώνιστον
2681 1199 2773 1251 τοῦ
2822 1199 3008 1262 τόπου,
3043 1199 3135 1252 καὶ
3171 1198 3275 1267 πρὸ
3303 1198 3512 1260 τούτου,
3553 1196 3650 1266 τὴν
3699 1196 3852 1266 παρά

2186 1286 2280 1340 τοῦ
2320 1287 2453 1340 Θεοῦ
2495 1287 2741 1357 βοήθειαν
2759 1284 2966 1354 δηλῶν,
3015 1284 3121 1337 ἀπὸ
3172 1285 3482 1354 μεταφορᾶς
3525 1283 3616 1334 τοῦ
3672 1282 3853 1352 κέρως

2186 1373 2280 1424 τοῦ
2306 1373 2446 1441 βοός.
2477 1373 2588 1425 Καὶ
2617 1371 2723 1439 γὰρ
2744 1371 2836 1423 καὶ
2863 1370 3129 1441 παροιμία
3149 1369 3368 1438 τοιαύτη
3389 1367 3641 1437 δημώδης
3666 1368 3853 1437 ἐξενή-

2187 1475 2370 1510 νεκται
2404 1458 2532 1527 περὶ
2563 1457 2672 1509 τῶν
2701 1460 2778 1520 εἰς
2805 1456 3041 1524 ἀσφαλές
3069 1474 3118 1507 τι
3152 1456 3347 1526 χωρίον
3376 1454 3849 1522 καταφευγόντων.

2200 1544 2417 1614 Ἐπειδὴ
2450 1543 2557 1614 γὰρ
2585 1543 2929 1613 ἰσχυρότερον
2951 1542 3164 1595 πάντων
3184 1543 3211 1593 ὁ
3239 1541 3457 1612 ταῦρος,
3494 1539 3653 1593 αὑτοῦ
3676 1540 3731 1592 δὲ
3755 1540 3852 1592 τοῦ

2187 1630 2326 1693 ζώου
2355 1629 2414 1682 τὸ
2446 1631 2786 1701 ἰσχυρότερον
2824 1629 2883 1681 τὸ
2912 1629 3108 1698 κέρας·
3145 1627 3291 1696 ὅπλῳ
3327 1627 3434 1697 γὰρ
3474 1626 3621 1696 αὖτῷ
3647 1623 3854 1696 κέκρη-

2185 1734 2302 1770 ται’
2336 1716 2423 1770 διὰ
2449 1717 2508 1769 τὸ
2531 1717 2907 1786 δυσχείρωτον,
2939 1715 3094 1768 τοῦτο
3128 1726 3152 1753 ε
3186 1713 3401 1766 εἰώθασι
3442 1713 3617 1780 λέγειν
3645 1714 3691 1764 οἱ
3721 1712 3852 1764 πολ-

2186 1802 2299 1855 λοί·
2335 1803 2424 1856 καὶ
2450 1804 2481 1872 ἡ
2519 1803 2705 1872 Γραφὴ
2730 1801 2787 1854 δὲ
2818 1800 3074 1864 πολλάκις
3102 1801 3271 1871 κέρας
3307 1800 3668 1869 μονοκέρωτος
3693 1797 3856 1851 καλεῖ

2183 1890 2311 1950 τοὺς
2329 1890 2386 1940 ἐν
2413 1889 2681 1958 ἀσφαλείᾳ
2709 1889 2886 1950 ὄντας.
2925 1889 3025 1940 Ἐν
3045 1890 3245 1953 κέρατι
3267 1883 3359 1938 οὖν
3396 1884 3628 1937 ἐνταῦθά
3661 1900 3850 1952 φησιν,

2185 1974 2242 2026 ἐν
2272 1973 2558 2045 ἀσφαλείᾳ,
2599 1976 2654 2026 ἐν
2698 1973 2840 2042 ὕψει,
2883 1975 3020 2044 ὅπερ
3063 1974 3356 2042 ἀρχόμενος
3404 1972 3618 2038 ἔλεγεν·
3677 1969 3852 2036 Υίοὺς

2183 2062 2499 2130 ἐγέννησα,
2532 2061 2628 2114 καί
2658 2061 2894 2128 ὕψωσα.
2943 2062 3038 2113 Ἐν
3059 2063 3215 2126 τόπῳ
3235 2061 3394 2111 πίονι
3420 2075 3431 2087 ·
3462 2060 3597 2126 ὅπερ
3628 2059 3655 2109 ὀ
3677 2058 3854 2109 {dmi-

2188 2147 2284 2217 σῆς
2319 2144 2462 2212 εἶπε,
2494 2147 2624 2215 Γῆν
2647 2148 2916 2214 ῥέουσαν
2943 2147 3095 2216 γάλα
3136 2147 3233 2198 καὶ
3248 2145 3402 2214 μέλι.
3437 2145 3541 2197 Kal
3578 2143 3856 2210 φραγμὸν

2185 2236 2523 2302 περιέθηκα,
2556 2236 2652 2288 καὶ
2681 2234 3056 2303 ἐχαράκωσα.
3092 2232 3414 2300 Φραγμὸνῆ
3455 2231 3512 2284 τὸ
3547 2230 3720 2299 τεῖχός
3744 2246 3854 2298 φη-

2186 2339 2269 2374 σιν
2288 2362 2300 2382 ,
2328 2322 2358 2390 ἢ
2386 2321 2476 2373 τὸν
2512 2322 2693 2390 νόμον,
2720 2323 2751 2391 ἢ
2775 2322 2869 2391 τὴν
2896 2321 3059 2374 αὑτοῦ
3086 2321 3360 2390 πρόνοιαν.
3381 2320 3488 2370 Καὶ
3508 2318 3614 2386 γὰρ
3645 2317 3855 2385 όνόμος

2181 2407 2393 2476 τείχους
2405 2407 2803 2477 ἀσφαλέστερον
2815 2409 2997 2468 αὑτοῖς
3014 2407 3336 2477 περιέκειτο.
3355 2406 3455 2457 Kal
3471 2402 3852 2471 élapdxwaa,

2177 2493 2473 2555 τουτέστιν,
2515 2493 2757 2564 ’ἰσχυρὰν
2783 2495 2881 2563 τὴν
2910 2494 3206 2561 ἀσφάλειαν
3237 2491 3596 2558 ἐποιησάμην.
3628 2487 3854 2557 Ἐπειδὴ

2183 2579 2291 2650 γὰρ
2313 2579 2567 2642 πολλάκις
2590 2581 2839 2649 φραγμὸς
2871 2578 3296 2648 εὐεπιχείρητον,
3325 2575 3417 2628 καὶ
3452 2575 3662 2644 ἑτέραν,
3687 2573 3851 2642 φησὶ,

2184 2665 2501 2736 περιέϐαλον
2526 2665 2707 2726 αὑτοῖς
2738 2664 3069 2734 συμμαχίαν.
3097 2663 3205 2716 Kal
3240 2662 3540 2730 ἐφύτευσα
3574 2660 3855 2727 ἄμπελον

2181 2751 2408 2818 Σωρήχ.
2451 2750 2723 2819 Ἐπιμένει
2750 2754 2813 2820 τῇ
2842 2752 3136 2819 μεταφορᾷ,
3164 2751 3304 2819 ἦνοὺ
3328 2749 3406 2800 δεῖ
3428 2748 3565 2800 κατά
3598 2746 3741 2810 λέξιν
3763 2747 3856 2815 ἐρ-

2185 2838 2457 2904 μηνεύειν,
2509 2836 2642 2888 ἀλλὰ
2701 2838 2789 2888 τὸν
2841 2839 3039 2888 σκοπὸν
3072 2837 3279 2896 εἰδότας
3319 2833 3598 2904 ἀρκεῖσθαι
3648 2831 3850 2902 τούτῳ.

2181 2923 2372 2993 Σωρὴχ
2413 2923 2469 2975 δὲ
2520 2923 2751 2974 ἐνταῦθα
2804 2922 3062 2991 ἀληθινήν
3102 2939 3285 2992 φησιν,
3327 2921 3540 2988 εὐγενῆ,
3573 2919 3690 2988 οὐχὶ
3735 2918 3853 2971 τῶν

2181 3009 2397 3077 φαύλων
2437 3009 2638 3075 φυτῶν,
2668 3009 2785 3061 οὐδὲ
2816 3009 2921 3059 τῶν
2955 3007 3409 3077 καταδεεστέρων,
3449 3006 3579 3059 ἀλλά
3612 3007 3717 3059 τῶν
3751 3005 3852 3058 δο-

2179 3096 2356 3165 κίμων
2385 3097 2478 3148 καὶ
2506 3095 2754 3166 πρώτων.
2787 3096 2962 3148 Πολλὰ
2991 3095 3099 3165 γὰρ
3119 3094 3235 3165 [55]
3261 3095 3517 3164 ἀμπέλων
3546 3094 3695 3162 γένη.
3733 3092 3850 3146 Καί

2178 3181 2536 3250 ᾠκοδόμησα
2579 3183 2808 3250 πύργον
2840 3181 2935 3233 καὶ
2979 3181 3306 3249 προλήνιον
3331 3182 3399 3232 ἐν
3429 3180 3596 3247 μέσῳ
3632 3179 3849 3234 αὑτοῦ.

2181 3267 2336 3330 Τινὲς
2363 3268 2381 3306 ἲ
2420 3268 2510 3320 τὸν
2541 3270 2663 3320 ναόν
2696 3286 2825 3335 φασι
2849 3307 2862 3330 ,
2890 3269 2982 3320 καὶ
3018 3269 3302 3338 προλήνιον
3335 3267 3393 3319 τὸ
3423 3266 3812 3335 θυσιαστήριον
3835 3305 3852 3331 ,

2179 3354 2273 3406 ἆτε
2299 3355 2407 3406 τῶν
2440 3355 2662 3423 καρπῶν
2678 3357 2793 3407 ἐκεῖ
2825 3355 3202 3424 συναγομένων
3236 3355 3330 3424 τῆς
3357 3354 3554 3423 ἀρετῆς
3586 3353 3684 3422 τῆς
3710 3354 3852 3408 ἐκά-

2179 3456 2326 3499 στου,
2346 3440 2565 3491 καὶτῶν
2596 3441 2940 3509 προσφορῶν,
2968 3442 3061 3492 καὶ
3090 3441 3195 3492 τῶν
3225 3441 3419 3492 θυσιῶν
3450 3439 3672 3492 ἁπασῶν
3693 3455 3705 3468 ·
3732 3441 3856 3506 ἐγὼ

2179 3522 2359 3590 μέντοι
2385 3521 2559 3582 τοῦτο,
2602 3523 2738 3591 ὅπερ
2769 3523 2937 3590 ἔφθην
2980 3526 3180 3588 εἰπὼν,
3211 3524 3302 3576 καὶ
3338 3523 3430 3575 νῦν
3461 3523 3569 3592 ἐρῶ
3589 3562 3602 3585 ,
3650 3523 3732 3574 ὅτι
3765 3522 3854 3592 τῷ

2179 3607 2360 3676 σκοπῴ
2391 3608 2471 3660 δεῖ
2515 3608 2799 3676 προσέχειν
2840 3609 2936 3677 τῆς
2970 3611 3298 3679 μεταφορᾶς.
3336 3609 3431 3661 Διὰ
3476 3609 3580 3679 γὰρ
3623 3609 3854 3662 πάντων

2174 3694 2331 3746 τοῦτο
2392 3694 2636 3763 βούλεται
2689 3696 2880 3758 εἰπεῖν,
2935 3696 3014 3747 ὅτι
3053 3695 3133 3747 Τὰ
3189 3697 3314 3765 παρ’
3367 3694 3602 3765 ἐμαυτοῦ
3662 3695 3856 3750 πάντα.

2177 3782 2485 3851 ἐπλήρωσα,
2513 3781 2690 3834 πᾶσαν
2718 3782 3025 3850 ἐπιμέλειαν
3054 3783 3429 3851 ἐπεδειξάμην.
3453 3783 3527 3834 Οὐ
3558 3783 3853 3838 κατέτεινα

2176 3869 2458 3933 καμάτοις,
2496 3868 2554 3918 οὑ
2589 3869 2879 3939 συνέτριψα
2902 3870 3102 3932 πόνοις,
3133 3869 3232 3920 οὑκ
3256 3870 3450 3931 αὐτοὺς
3487 3869 3855 3938 οἰκοδομῆσαι

2175 3954 2453 4014 ἐκέλευσα,
2479 3955 2577 4006 οὐκ
2610 3956 2804 4016 αὐτούς
2831 3956 3054 4023 σκάψαι,
3079 3956 3176 4007 οὐκ
3198 3958 3392 4018 αὐτοὺς
3420 3955 3700 4022 φυτεῦσαι,
3724 3955 3855 4008 ἀλλ’

2174 4039 2578 4110 ἀπηρτισμένον
2608 4039 2667 4091 τὸ
2709 4038 2865 4109 ἔργον
2891 4041 3194 4107 παρέδωκα.
3242 4043 3349 4093 Καὶ
3382 4041 3496 4093 οὑδέ
3524 4042 3683 4111 μέχρι
3717 4044 3856 4095 τού-

2173 4142 2263 4178 του
2284 4125 2352 4177 τὰ
2376 4126 2474 4194 τῆς
2501 4124 2905 4196 φιλανθρωπίας
2925 4125 3124 4195 ἓστησα
3150 4127 3325 4194 μόνον,
3347 4126 3479 4178 ἀλλὰ
3506 4127 3611 4181 Kal
3635 4126 3855 4195 ἔμεινα

2173 4212 2279 4266 τοῦ
2305 4211 2556 4279 ποιῆσαι
2588 4212 2930 4280 σταφυλὴν,
2968 4213 3058 4264 καὶ
3088 4214 3344 4282 ἀνέμεινα
3372 4213 3460 4264 τὸν
3495 4215 3856 4284 προσήκοντα

2175 4300 2363 4369 καιρὸν
2392 4300 2491 4367 τῆς
2533 4301 2906 4370 καρποφορίας
2929 4338 2942 4356 .
2977 4300 3321 4371 μακροθυμίᾳ
3359 4300 3526 4370 πολλῇ
3568 4301 3858 4372 χρησάμε-

2173 4400 2281 4446 νος.
2307 4383 2378 4434 Τὸ
2410 4383 2538 4452 γὰρ,
2565 4386 2829 4451 Ἔμεινα,
2862 4384 3017 4436 τοῦτο
3049 4385 3215 4453 δηλοῖ.
3259 4386 3538 4452 Ἐποίησε
3557 4385 3623 4438 δὲ
3651 4386 3853 4439 ἀκάν-

2171 4475 2298 4535 θας.
2345 4473 2447 4522 Τὸν
2468 4473 2712 4540 ἄκαρπον
2742 4473 2917 4524 αὐτῶν
2960 4473 3070 4540 βίον
3113 4473 3461 4536 ἐνδείκνυται,
3490 4473 3578 4525 τὸν
3605 4475 3850 4543 τραχὺν,

2169 4559 2260 4610 τὸν
2300 4558 2552 4628 σκληρόν.
2605 4559 2758 4621 Τίνος
2785 4555 2874 4611 οῦν
2914 4559 2977 4612 ἂν
3021 4557 3127 4612 εἷεν
3170 4559 3497 4632 συγγνώμης
3529 4560 3667 4625 ἄξιοι
3698 4564 3854 4632 μετὰ

2169 4645 2438 4714 τοσαύτην
2465 4647 2781 4714 ἐπιμέλειαν
2812 4647 3031 4709 τούτους
3051 4648 3337 4712 ἀποδόντες
3363 4649 3438 4718 τῷ
3460 4650 3686 4719 γεωργῷ
3709 4654 3854 4716 τοὺς

2170 4733 2450 4803 καρπούς;
2487 4735 2595 4786 Κιιί
2624 4733 2760 4798 νῦν,
2781 4734 3087 4802 ἄνθρωπος
3114 4735 3218 4788 τοῦ
3263 4735 3457 4789 Ἰούδα
3487 4737 3580 4790 καί
3611 4737 3664 4788 οἰ
3695 4754 3855 4792 κατ-

2171 4820 2477 4885 οικοῦντες
2532 4821 2917 4889 Ἰερουσαλὴμ
2943 4861 2957 4886 ,
3008 4823 3246 4889 κρίνατε
3290 4823 3358 4875 ἐν
3402 4823 3529 4890 ἐμοὶ
3569 4822 3667 4875 καί
3717 4826 3855 4880 ἀνὰ

2165 4907 2361 4975 μέσον
2409 4905 2516 4960 τοῦ
2551 4907 2902 4974 ἀμπελῶνος
2938 4926 3075 4975 μου.
3111 4907 3287 4977 Πολλὴ
3316 4909 3421 4961 τῶν
3454 4908 3853 4978 δικαιωμάτων

2169 4994 2200 5062 ἡ
2243 4993 2550 5062 περιουσία,
2600 4993 2728 5045 ὅταν
2777 4993 2974 5057 αὐτοὺς
3025 4996 3150 5057 τοὺς
3191 4994 3520 5056 ὑπευθύνους
3572 4994 3852 5063 δικαστὰς

2169 5080 2368 5151 καθίζῃ
2391 5083 2501 5141 τοῖς
2531 5081 2621 5131 ὑπ’
2649 5079 2811 5132 αὐτοῦ
2846 5082 3260 5152 γεγενημένοις,
3290 5083 3383 5135 καὶ
3419 5083 3529 5143 τοῖς
3557 5081 3646 5133 ὑπ’
3687 5082 3852 5137 ἐκεί-

2170 5185 2292 5219 νων.
2330 5167 2436 5220 Καὶ
2459 5165 2592 5218 νῦν.
2623 5168 2696 5218 Οὑ
2731 5167 2872 5234 λέγω
2900 5168 2968 5220 τά
2997 5168 3216 5232 παλαιὰ,
3253 5169 3432 5237 φησὶν.
3462 5167 3592 5220 ἀλλά
3620 5168 3706 5221 καὶ
3739 5172 3852 5241 σή-

2173 5271 2336 5324 μερον
2365 5253 2576 5323 ἕτοιμός
2599 5255 2711 5322 είμι
2737 5254 3069 5318 δικάζεσθαι.
3096 5255 3276 5318 Οῦτως
3295 5255 3544 5307 οὐδέποτε
3568 5253 3851 5313 διαλείπω

2168 5341 2234 5393 τά
2268 5341 2503 5410 ἐμαυτοῦ
2548 5341 2770 5410 πληρῶν
2795 5383 2808 5406 ,
2841 5343 2960 5393 οὐδέ
3004 5343 3159 5412 ὑμεῖς
3199 5343 3265 5392 τὰ
3300 5342 3506 5395 ἑαυτῶν
3534 5341 3848 5414 πληροῦτε.

2176 5429 2234 5480 Τί
2259 5426 2487 5491 ποιήσω
2515 5426 2600 5478 ἔτι
2630 5426 2708 5491 τῷ
2748 5428 3056 5495 ἀμπελῶνί
3072 5447 3187 5497 μου
3208 5431 3232 5468 ε
3257 5445 3272 5494 ;
3301 5428 3447 5481 διότι
3467 5431 3668 5496 ἔμεινα
3686 5473 3700 5494 ,
3733 5434 3851 5490 ἵνα

2170 5513 2391 5581 ποιήσῃ
2423 5515 2764 5581 σταφυλὴν,
2797 5516 3045 5582 ἐποίησε
3072 5516 3138 5568 δὲ
3164 5514 3447 5582 ἀκάνθας.
3489 5517 3548 5570 Ἦ
3586 5519 3846 5595 συνθήκη

2235 5652 2257 5678 ε
2280 5637 2333 5684 lu
2360 5639 2479 5698 Reg.
2507 5644 2559 5686 et
2598 5641 2744 5688 Savil.
2771 5640 2911 5688 τοῦτο
2936 5643 3093 5689 deest.

2203 5699 2255 5807 .df
2287 5699 2564 5805 fecundum
2587 5699 2827 5749 Tilmanui
2846 5702 3298 5763 interpretationem
3321 5704 3486 5766 πύργον
3513 5706 3846 5759 inserendum

2187 5771 2213 5806 ri
2252 5774 2278 5806 ρ
2309 5775 2379 5806 nr.

2169 5771 2405 5887 ὶῗσερὸιιτ-ξο
2433 5827 2711 5887 _s_equunlulf
2731 5830 2839 5887 p05!
2859 5825 3098 5887 ἀμπελῶνὶ
3130 5841 3240 5887 μου,
3263 5836 3419 5885 usque
3455 5826 3512 5872 ad
3539 5825 3697 5880 ἐπειδὴ
3747 5829 3844 5884 τήν

2168 5881 2316 5990 alx‘nv.
2341 5882 2679 5952 deslderanlur
2701 5881 2751 5933 ixi
2782 5881 2904 5948 Reg;
2928 5892 2980 5934 el
3003 5881 3240 5945 Savil'.,6(’
3259 5881 3630 5946 ὀμόιοτέ).ιυτον,
3661 5893 3718 5935 ιιι
3760 5881 3841 5938 δίο

2203 5955 2229 5990 c
2257 5955 2330 5990 ur.
2355 5953 2546 5990 omissa.

2203 5953 2330 5999 Cllﬂ',
2355 5953 2546 5991 οηηεει.
