4152 6502
207 484 270 542 57
1519 452 1585 508 IN
1626 446 1870 515 ISAIAM,
1912 453 2062 509 CAP.
2108 450 2164 511 V.

200 579 363 636 menti
394 593 664 634 sermone
684 583 855 647 egeat,
883 582 936 629 et
962 572 1139 626 animo
1158 582 1263 624 non
1285 565 1528 629 remisso,
1556 564 1646 618 sed
1669 578 1794 618 con-

206 673 389 733 citato.
422 688 485 727 se
518 679 849 726 cantaturum
876 664 1028 719 nobis
1055 659 1330 732 promittit,
1359 665 1413 711 et
1434 654 1795 710 accusationes

210 763 479 820 canticum
525 768 706 814 vocat.
752 758 822 812 At
858 771 965 810 non
1009 756 1125 824 ipse
1152 752 1297 807 solus
1320 789 1335 814 ,
1365 747 1459 803 sed
1488 756 1535 802 et
1576 759 1795 814 magnus

220 853 302 908 ille
322 851 540 922 Moyses
556 891 572 915 ,
600 853 689 918 qui
718 856 840 901 tunc
864 842 1184 913 triumphale
1220 838 1346 894 illud
1370 838 1629 893 canticum
1653 834 1795 889 ccci-

226 952 412 1007 nerat;
460 942 590 996 dum
623 939 834 993 Judzeos
866 932 1234 1006 reprehendit,
1269 931 1478 999 longum
1510 927 1636 983 illud
1665 937 1797 981 ean-

229 1035 385 1089 ticum
412 1032 546 1086 fecit
566 1026 1061 1099 reprehensionibus
1076 1021 1500 1091 plenum,dicens
1524 1038 1537 1073 :
1564 1017 1797 1072 llazccine

231 1124 445 1179 Domino
466 1119 712 1175 redditis?
738 1117 836 1172 Hic
862 1117 1078 1186 populus
1103 1113 1285 1167 stultus
1303 1120 1350 1164 et
1370 1111 1606 1180 insipiens
1620 1106 1794 1179 (Deut.

232 1216 317 1271 32.
345 1214 463 1285 6);
494 1223 549 1267 et
576 1211 751 1266 multis
785 1207 1022 1265 collectis
1050 1202 1486 1263 accusationibus.
1520 1201 1633 1254 hare
1657 1200 1800 1268 ipsos

234 1319 427 1361 canere
456 1305 571 1373 lege
599 1299 882 1371 praecepit;
912 1305 967 1351 et
994 1310 1093 1349 nos
1116 1292 1379 1363 hodieque
1412 1299 1661 1347 canentes
1686 1291 1799 1343 htcc

235 1397 476 1451 dicimus.

299 1488 561 1543 Canticum
606 1499 696 1537 cur
742 1479 1111 1535 criminationes
1152 1476 1421 1531 contineat.
1444 1504 1514 1515 —
1539 1473 1647 1529 Cur
1675 1485 1800 1543 ergo

232 1576 628 1633 criminationes
650 1582 706 1626 ut
724 1571 985 1627 canticum
1008 1568 1367 1624 concinnant?
1392 1566 1659 1634 Sapientia
1685 1578 1802 1618 cer-

232 1681 285 1723 te
314 1666 396 1721 usi
439 1664 731 1734 spirituali,
773 1671 825 1717 et
861 1660 1086 1715 multum
1122 1657 1464 1713 emolumenti
1505 1654 1799 1709 auditorum

229 1758 422 1811 animis
452 1755 644 1810 inferre
667 1754 926 1807 volentes.
957 1750 1089 1816 Quia
1117 1749 1258 1803 enim
1285 1747 1414 1800 nihil
1441 1746 1518 1800 sic
1543 1745 1673 1799 utile
1697 1752 1798 1808 est,

234 1858 290 1901 ut
327 1846 594 1901 scelerum
624 1842 835 1897 assidue
879 1839 1186 1902 recordari,
1234 1837 1468 1907 nihilque
1495 1837 1800 1890 memoriam

228 1942 298 1996 ita
347 1942 553 1993 firmam
595 1936 729 2006 parit
747 1976 761 1999 ,
792 1942 849 1988 ut
878 1931 1104 1987 melodia
1128 1969 1144 1996 ,
1186 1943 1253 1984 ne
1280 1928 1350 1983 ob
1378 1928 1799 1984 criminationum

229 2028 646 2099 magnitudinem
678 2023 898 2078 taederet
930 2036 1024 2077 eos
1043 2061 1059 2086 ,
1090 2030 1143 2076 et
1170 2019 1435 2074 assiduam
1465 2028 1801 2090 peccatorum

231 2120 547 2175 memoriam
576 2116 1017 2185 subterfugerent,
1046 2113 1234 2168 cantici
1260 2113 1613 2167 modulatione
1638 2110 1804 2179 pudo-

228 2226 342 2266 rem
371 2209 668 2278 subripiens
694 2222 760 2262 ex
789 2205 1043 2261 memoria
1074 2212 1279 2273 partum
1299 2242 1314 2265 ,
1342 2211 1394 2256 et
1420 2200 1802 2256 intolerabilem

227 2314 521 2357 mcerorem
568 2296 791 2361 leniens,
846 2295 959 2349 haec
1000 2294 1206 2348 cantica
1256 2291 1415 2355 fecit,
1459 2299 1517 2344 ut
1562 2288 1803 2343 melodiae

228 2402 417 2442 amore
458 2387 625 2441 coacti
660 2385 727 2440 ad
776 2398 839 2440 ea
867 2384 1171 2450 frequenter
1214 2378 1595 2450 pronuntianda
1620 2418 1634 2437 .
1665 2391 1805 2446 saepe

231 2479 446 2533 illorum
476 2476 888 2532 recordarentur
906 2515 921 2541 ,
949 2473 1266 2542 assidueque
1292 2471 1581 2526 doctrinam
1610 2469 1678 2523 de
1713 2483 1806 2523 co-

230 2568 389 2624 lenda
417 2568 612 2622 virtute
641 2566 898 2621 baberent
916 2606 931 2631 ,
961 2578 1153 2633 nempe
1181 2560 1443 2616 assiduam
1473 2569 1804 2629 peccatorum

231 2658 683 2714 recordationem.
731 2655 887 2711 Scitis
934 2654 1093 2723 igitur
1138 2652 1272 2706 alios
1314 2650 1597 2720 Scriptura:
1640 2650 1806 2703 libros

230 2749 416 2804 multis
454 2746 718 2816 hodieque
760 2760 830 2799 ne
870 2743 937 2799 de
965 2742 1178 2797 nomine
1219 2741 1430 2812 quidem
1473 2748 1626 2794 notos
1653 2753 1805 2805 esse;

232 2839 568 2894 Psalmorum
597 2846 773 2890 autem
801 2849 934 2903 opus
971 2847 1157 2887 omnes
1197 2833 1249 2884 in
1278 2845 1371 2884 ore
1407 2830 1573 2892 ferre,
1613 2838 1666 2882 et
1695 2828 1808 2882 hazc

235 2929 399 2984 etiam
425 2927 628 2981 cantica
652 2941 666 2978 :
691 2924 873 2993 sicque
893 2938 957 2978 ex
982 2923 1142 2977 rebus
1167 2921 1295 2989 ipsis
1315 2918 1626 2984 ostenditur,
1652 2934 1810 2986 quan-

233 3031 346 3074 tum
375 3034 444 3073 ex
474 3026 629 3072 cantu
653 3016 858 3070 lucrum
884 3012 1121 3068 accedat.
1162 3011 1363 3065 Idcirco
1391 3009 1504 3078 ipse
1531 3010 1605 3063 ait
1629 3026 1643 3061 :
1670 3006 1808 3063 Can-

233 3110 352 3163 tabo
380 3107 561 3161 dilecto
591 3122 699 3159 meo
727 3103 977 3158 canticum
1005 3101 1169 3156 dilecti
1200 3101 1296 3152 mei
1320 3100 1474 3153 vinea:
1509 3114 1650 3153 mete.
1678 3096 1812 3153 Can—

234 3201 393 3253 ticum
421 3198 601 3251 dilecto
620 3237 634 3261 ,
662 3194 768 3259 ait,
800 3196 993 3247 cinere:
1022 3190 1247 3245 cantabo
1274 3190 1413 3243 circa
1456 3190 1625 3258 ipsum
1669 3187 1808 3242 dile-

232 3303 402 3349 ctum.
449 3292 518 3347 Et
545 3291 644 3362 ipsi
684 3298 859 3355 canto,
905 3286 1092 3357 inquit,
1131 3293 1185 3340 ct
1210 3292 1575 3355 argumentum
1622 3281 1811 3337 cantici

232 3387 382 3440 circa
412 3384 560 3437 illum
589 3392 640 3437 et
670 3396 756 3436 res
783 3380 849 3434 ad
887 3393 1008 3433 eum
1052 3385 1349 3446 spectantes
1373 3384 1628 3429 versatur.
1660 3372 1809 3439 Quod

235 3476 284 3529 si
314 3475 688 3542 objurgaturus
711 3479 765 3525 et
799 3470 1047 3524 dilectum
1072 3475 1226 3521 vocat
1252 3475 1307 3520 et
1334 3472 1585 3526 amatum.
1614 3479 1681 3516 ne
1708 3463 1810 3515 mi-

234 3565 397 3619 reris.
448 3562 579 3617 Nam
625 3571 677 3614 et
722 3560 825 3614 hoc
870 3571 1116 3625 magnum
1161 3563 1244 3610 est
1284 3555 1348 3607 ad
1391 3553 1810 3607 criminationem

232 3651 523 3717 viaticum,
569 3649 707 3716 quod
752 3648 955 3703 scilicet
999 3660 1119 3701 cum
1162 3644 1526 3712 diligerentur,
1572 3650 1626 3696 et
1666 3649 1811 3695 tanta

234 3746 543 3799 fruerentur
573 3741 667 3795 Dei
693 3736 1085 3802 benevolentia,
1111 3749 1285 3804 neque
1311 3734 1388 3788 sic
1414 3735 1659 3788 meliores
1688 3731 1813 3786 eﬂ‘e—

233 3835 308 3887 cti
340 3833 469 3887 sint.
519 3830 630 3885 Hoc
665 3838 718 3883 et
746 3828 883 3882 alius
922 3827 1180 3895 propheta
1207 3823 1543 3878 subindieans
1564 3822 1808 3876 dicebat:

234 3924 402 3990 Quasi
429 3939 577 3976 uvam
616 3923 668 3974 in
707 3920 899 3974 deserto
926 3918 1089 3971 intimi
1124 3916 1291 3970 Israel
1314 3955 1329 3980 ,
1356 3915 1499 3986 quasi
1526 3930 1733 3982 scopum
1759 3915 1812 3967 in

234 4017 343 4084 ficu
390 4011 465 4084 (a)
510 4026 779 4079 pracocem
821 4009 922 4064 vidi
966 4019 1131 4078 patres
1175 4023 1346 4061 eorum
1383 4005 1550 4075 (Osee
1580 4004 1632 4060 9.
1668 4004 1810 4074 10):

231 4105 506 4176 optabiles
534 4103 653 4157 illos
694 4101 1051 4170 amabilesque
1094 4113 1213 4154 esse
1241 4113 1337 4167 per
1364 4097 1464 4152 hos
1506 4096 1705 4152 fruetus
1734 4096 1814 4150 in-

229 4197 428 4252 dicans
456 4211 469 4248 :
499 4193 755 4263 optabiles
775 4233 790 4257 ,
822 4191 1035 4260 inquam
1056 4231 1072 4255 ,
1105 4189 1461 4257 amabilesque
1486 4202 1591 4241 non
1629 4202 1692 4240 cx
1718 4200 1809 4240 sua

228 4287 472 4348 virtute,
518 4283 613 4338 sed
652 4297 720 4338 ex
759 4282 853 4335 Dei
897 4280 1240 4349 benignitate.
1271 4278 1420 4344 Quod
1447 4285 1620 4331 autem
1664 4276 1809 4343 dicit,

232 4376 549 4448 hujusmodi
575 4384 655 4431 est
687 4393 700 4428 :
732 4374 851 4444 Ego
876 4373 948 4427 ita
978 4372 1157 4434 dilexi,
1186 4377 1246 4423 ut
1268 4369 1312 4424 si
1340 4369 1457 4438 quis
1485 4384 1638 4423 uvam
1668 4370 1813 4423 inve-

231 4468 384 4523 nerit
412 4466 466 4521 in
492 4465 723 4528 deserto,
751 4473 842 4517 aut
868 4463 912 4517 si
942 4462 1061 4531 quis
1084 4474 1302 4529 scopum
1329 4460 1583 4527 repererit
1609 4460 1660 4512 in
1690 4458 1808 4512 ficu.

227 4559 461 4617 Etiamsi
492 4558 634 4612 enim
661 4554 776 4609 hmc
802 4552 1044 4621 exempla
1079 4550 1289 4619 indigna
1318 4548 1424 4603 sint
1453 4548 1581 4611 Deo,
1610 4557 1662 4601 at
1694 4548 1813 4601 illo-

226 4666 356 4706 rum
386 4646 633 4718 ingluviei
676 4651 1030 4699 consentanea
1059 4647 1203 4696 sunt.
1230 4638 1256 4691 Ι
1266 4639 1339 4708 psi
1366 4653 1492 4693 vero
1510 4679 1524 4703 ,
1556 4638 1663 4701 ait,
1691 4652 1811 4692 eum

227 4748 386 4795 tanta
409 4735 697 4792 dilectione
718 4732 1044 4795 fruerentur,
1067 4728 1339 4783 abalienati
1356 4738 1488 4793 sunt,
1512 4728 1815 4798 ingressique

227 4838 355 4883 sunt
381 4828 450 4881 ad
476 4823 803 4895 Beelphegor.
832 4823 921 4877 Sic
946 4836 1074 4876 sane
1098 4820 1244 4874 illum
1274 4820 1359 4873 hic
1386 4827 1540 4873 vocat
1560 4819 1811 4872 dilectum

225 4934 288 4976 et
330 4927 571 4974 amatum
600 4957 616 4982 ,
656 4913 944 4971 ostendens
982 4913 1145 4966 Deum
1189 4911 1365 4965 omnia
1406 4925 1522 4978 qua;
1562 4924 1591 4962 a
1636 4910 1812 4977 seipso

224 5017 392 5066 erant
416 5006 749 5069 exhibuisse,
777 5018 883 5058 non
913 5002 1055 5072 quod
1093 5001 1193 5070 ipsi
1237 5000 1524 5069 coeperint,
1553 4998 1645 5052 sed
1671 4999 1808 5067 quod

228 5103 383 5157 Deus
416 5099 561 5169 prior
584 5098 793 5152 amarit.
827 5094 905 5150 Illi
927 5107 1055 5149 vero
1079 5106 1251 5162 neque
1279 5101 1460 5160 postea
1483 5091 1669 5160 dignos
1691 5105 1811 5145 sese

222 5190 507 5249 beneﬁcio
533 5189 921 5251 exbibuerunt;
958 5184 1053 5240 sed
1079 5198 1243 5255 Opere
1282 5183 1396 5251 ipso
1435 5182 1609 5236 omnia
1654 5181 1807 5235 exhi-

221 5285 406 5338 buere
449 5278 733 5334 contraria.
776 5275 935 5329 Vinea
975 5274 1111 5343 facta
1160 5281 1230 5326 est
1284 5271 1495 5335 dilecto,
1526 5271 1578 5322 in
1616 5286 1806 5333 cornu,

219 5377 284 5428 in
334 5373 449 5426 loco
496 5369 683 5441 pingui.
730 5367 912 5422 Vinezc
960 5364 1177 5420 nomine
1210 5377 1421 5417 omnem
1464 5361 1811 5417 subindicavit

289 5508 367 5569 (α)
402 5504 458 5574 ξπ
473 5510 654 5574 Ξηίὲον
678 5515 725 5559 δε
747 5511 883 5552 ’καθ
906 5511 941 5574 ίΥ
959 5500 1416 5574 οῖ’ξσῖέῗτξξυὶἳὲἕ
1439 5493 1576 5574 9Ῑ⁸ίῖξί
1598 5493 1812 5574 ἕΡῗῩηίίθ

215 5556 382 5621 ωινὶῶ
400 5566 449 5615 in
461 5564 571 5629 ﬁcu.
591 5556 702 5629 Nam
715 5556 859 5617 V6136;
876 5556 1155 5629 paulo'ante
1174 5558 1222 5604 iu
1249 5556 1423 5629 eodem
1434 5556 1637 5629 capite?
1654 5566 1807 5629 qseze,

217 5615 281 5679 ii;
401 5615 787 5698 est_speculutor.
804 5615 919 5698 tlti'c
940 5628 1105 5698 autem
1138 5630 1281 5698 vet-stt
1306 5615 1589 5698 lOAVulgata
1614 5617 1757 5698 habet
1792 5630 1807 5667 :

214 5678 370 5752 φαιδί
412 5678 563 5752 prima
607 5699 753 5752 poma
799 5680 1036 5752 ﬁculneae.
1080 5679 1137 5752 in
1175 5682 1382 5752 ‘Heltmo
1424 5690 1586 5747 autem
1632 5678 1809 5752 legitur

646 5738 841 5814 primus
864 5743 1049 5806 [ructus
1071 5738 1305 5803 ﬁculnetv,
1340 5740 1475 5801 quasi
1498 5739 1809 5803 primogenita

284 5830 313 5865 α
334 5830 447 5870 neat.

1901 567 2274 635 providentiam
2301 608 2316 637 ,
2352 587 2606 643 suamque
2644 573 2780 628 circa
2820 572 2936 627 illos
2971 574 3397 635 sollicitudinem.

1966 660 2021 713 2.
2061 660 2241 730 Neque
2265 664 2351 717 hic
2375 664 2592 732 gradqu
2622 665 2792 731 sistit,
2824 667 2915 720 sed
2942 669 3039 721 alia
3069 670 3225 724 etiam
3258 672 3459 725 bent-ll-

1896 751 1976 803 cia
2004 762 2280 806 enumerat
2306 770 2319 805 :
2349 754 2627 824 primoque
2657 755 2707 810 id
2734 766 2946 825 prarstat
2976 773 3004 812 a
3033 758 3134 813 situ
3164 761 3301 827 loci;
3335 762 3459 817 illud

1898 842 2037 895 enim
2059 879 2076 909 ,
2104 839 2170 894 In
2198 858 2355 896 cornu
2373 884 2388 907 ,
2428 844 2480 898 in
2508 845 2618 899 loco
2638 847 2845 917 pingui,
2879 856 2985 901 tum
3015 858 3253 905 naturam
3281 862 3457 912 teme.

1902 940 2011 985 tum
2039 932 2199 985 situm
2226 933 2451 989 laudans
2475 934 2603 990 dicit
2631 955 2643 991 :
2673 937 2723 991 id
2752 938 2891 1008 quod
2920 947 2971 993 et
3000 940 3159 994 David
3190 943 3461 1011 psallendo

1899 1019 2031 1074 dixit
2056 1020 2123 1076 de
2146 1020 2437 1078 Jerusalem
2466 1041 2480 1078 :
2511 1024 2707 1080 Montes
2728 1028 2782 1081 in
2810 1029 3020 1082 circuitu
3050 1031 3177 1099 ejus,
3210 1040 3257 1084 et
3280 1030 3459 1088 Domi-

1901 1125 1994 1163 nus
2019 1110 2071 1164 in
2098 1111 2310 1165 circuitu
2341 1114 2514 1182 papuli
2535 1115 2613 1168 sui
2641 1114 2807 1185 (Psal.
2834 1116 2951 1173 124.
2975 1118 3055 1188 2).
3085 1118 3322 1190 Namque
3349 1120 3461 1174 cin-

1902 1202 1977 1255 xit
1999 1215 2112 1255 eam
2132 1239 2149 1267 ,
2184 1203 2382 1272 inquit,
2409 1203 2489 1259 vel
2517 1219 2581 1259 ex
2622 1206 2722 1259 situ
2755 1207 2852 1261 loci
2883 1225 2897 1261 :
2927 1218 3175 1265 cxcterum
3207 1212 3306 1265 hoc
3329 1225 3460 1266 con-

1902 1301 2075 1347 tentus
2100 1308 2205 1347 non
2232 1293 2359 1363 fuit,
2392 1295 2484 1350 sed
2523 1296 2783 1351 maximus
2808 1298 2918 1367 ipse
2954 1314 3135 1355 murus
3177 1301 3251 1355 illi
3294 1302 3461 1357 factus

1901 1395 1984 1439 est
2011 1403 2025 1438 :
2051 1386 2190 1455 quod
2221 1386 2307 1443 hic
2346 1388 2641 1444 subindicat
2669 1389 2849 1445 dicens
2872 1430 2887 1454 ,
2918 1389 2984 1443 In
3025 1407 3179 1445 cornu
3200 1432 3214 1453 ,
3244 1392 3462 1463 inexpu-

1899 1476 2163 1544 gnabilem
2192 1493 2380 1547 nempe
2403 1494 2522 1535 esse
2545 1480 2715 1534 locum
2742 1496 2758 1545 ;
2787 1489 2843 1533 at
2864 1480 3002 1549 quod
3028 1480 3197 1551 majus
3225 1491 3337 1548 est,
3370 1483 3459 1536 Dei

1901 1565 2191 1621 subsidium
2218 1567 2446 1623 declarat
2481 1585 2547 1624 ex
2587 1570 2890 1639 metaphora
2930 1569 3106 1625 bovinl
3134 1586 3317 1627 cornu.
3364 1572 3459 1626 Et-

1901 1658 2042 1711 enim
2071 1658 2173 1711 tale
2196 1656 2437 1728 adagium
2466 1660 2516 1713 in
2542 1660 2726 1728 vulgus
2749 1660 2876 1715 exiit
2913 1659 2978 1715 de
3007 1661 3072 1715 iis
3095 1661 3180 1730 qui
3210 1662 3261 1715 in
3294 1670 3459 1716 tutum

1902 1745 2129 1815 aliquem
2153 1745 2325 1801 locum
2348 1747 2671 1817 confugiunt.
2696 1750 2828 1814 Quia
2853 1749 2995 1804 enim
3017 1751 3249 1803 omnium
3287 1751 3462 1806 fortis-

1903 1835 2068 1890 simus
2097 1845 2179 1891 est
2210 1845 2388 1892 taurus
2406 1878 2423 1904 ,
2448 1839 2586 1908 quod
2617 1854 2742 1894 vero
2768 1839 2954 1894 fortius
2980 1840 3030 1894 in
3057 1854 3141 1907 eo,
3169 1848 3248 1895 est
3273 1857 3458 1907 cornu,

1902 1940 2008 1995 quo
2028 1940 2125 1981 ceu
2148 1928 2309 1981 armis
2335 1928 2515 1994 utitur,
2538 1928 2659 1998 quia
2679 1940 2833 1999 captu
2854 1929 3070 1987 diftlcile
3092 1940 3194 1997 est,
3218 1932 3267 1986 id
3292 1934 3464 1987 solent

1903 2016 2053 2070 multi
2081 2016 2260 2072 dicere
2288 2033 2303 2071 :
2335 2031 2398 2073 ac
2425 2018 2690 2089 Scriptura
2720 2035 2861 2089 saepe
2889 2035 3055 2075 cornu
3081 2022 3347 2077 unicornis
3372 2036 3463 2076 vo-

1903 2114 1991 2160 cat
2014 2120 2108 2161 eos
2129 2147 2144 2171 ,
2183 2107 2273 2177 qui
2302 2108 2355 2161 in
2396 2117 2509 2162 tuto
2537 2109 2690 2177 positi
2717 2119 2857 2165 sunt.
2905 2109 2970 2164 In
2995 2128 3148 2166 cornu
3180 2112 3350 2183 itaque
3379 2113 3465 2167 hic

1905 2194 2052 2257 dicit,
2082 2197 2237 2265 quasi
2264 2198 2315 2251 in
2343 2206 2474 2262 tuto,
2499 2196 2551 2252 in
2581 2199 2688 2253 alto
2716 2200 2832 2253 loco
2864 2218 2876 2254 :
2903 2201 2953 2255 id
2984 2203 3120 2270 quod
3148 2201 3295 2255 initio
3322 2202 3464 2256 dice-

1905 2283 1996 2337 bat
2016 2300 2030 2337 :
2052 2283 2213 2338 Filios
2234 2287 2383 2354 genui
2403 2296 2449 2340 et
2468 2287 2681 2341 exaltavi
2700 2287 2847 2355 (Isai.
2870 2291 2921 2343 1.
2939 2288 3015 2348 2).
3040 2290 3106 2344 In
3128 2292 3235 2344 loco
3256 2292 3465 2363 pingui:

1906 2372 2047 2441 quod
2090 2373 2298 2444 Moyses
2341 2376 2549 2430 dicebat
2587 2392 2601 2429 :
2640 2377 2846 2431 Terram
2888 2380 3121 2448 ﬂuentem
3162 2381 3241 2434 lac
3278 2390 3328 2435 et
3368 2381 3466 2435 mel

1911 2464 2101 2534 (Exod.
2119 2466 2172 2520 5.
2191 2466 2267 2535 8).
2290 2466 2345 2519 2.
2374 2466 2433 2520 Et
2453 2485 2619 2536 sepem
2638 2470 2991 2538 circumposui,
3011 2481 3056 2524 et
3076 2472 3463 2526 circumvallavi.

1909 2556 2093 2627 Sepem
2118 2566 2208 2611 aut
2229 2573 2433 2612 murum
2456 2558 2604 2623 dicit,
2635 2569 2726 2613 aut
2750 2560 2936 2630 legem,
2967 2568 3058 2614 aut
3086 2561 3466 2631 providentiam

1910 2664 2080 2704 suam.
2112 2650 2320 2704 Etenim
2360 2652 2443 2705 lex
2485 2653 2648 2705 tutius
2687 2667 2840 2721 quam
2871 2668 3052 2707 murus
3089 2652 3206 2708 illos
3236 2655 3466 2709 circnm-

1906 2742 2165 2810 cingebat.
2198 2740 2265 2793 Et
2302 2743 2672 2796 circumvallavi
2695 2758 2713 2805 ;
2759 2752 2919 2795 tutam
2960 2743 3111 2811 posui
3154 2745 3466 2799 custodiam.

1908 2833 2039 2897 Quia
2061 2833 2201 2885 enim
2222 2847 2375 2900 sepes
2394 2833 2530 2886 solet
2553 2847 2672 2886 esse
2691 2841 2937 2901 superatu
2966 2834 3149 2897 facilis,
3178 2834 3315 2888 aliud
3342 2835 3469 2903 ipsis

1912 2921 2210 2990 praesidium
2244 2922 2613 2992 circumposui.
2645 2922 2713 2976 Et
2737 2923 2957 2991 plantavi
2984 2924 3175 2977 vineam
3206 2925 3379 2979 Sorec.
3412 2925 3468 2978 lu

1910 3012 2219 3082 metaphora
2250 3012 2514 3081 persistit,
2546 3028 2663 3083 qua:
2706 3026 2811 3067 non
2840 3023 2920 3068 est
2961 3012 3026 3068 ad
3067 3014 3271 3068 literam
3299 3015 3468 3084 expli-

1910 3102 2098 3167 canda,
2126 3101 2219 3157 sed
2243 3117 2362 3157 cum
2392 3116 2612 3171 sc0pum
2640 3103 2924 3172 attigimus.
2956 3102 3056 3158 hoc
3080 3105 3207 3158 satis
3231 3119 3348 3159 esse
3372 3104 3471 3159 de-

1911 3192 2021 3247 bet.
2047 3191 2211 3247 Sorec
2237 3201 2411 3247 autem
2457 3192 2545 3247 hic
2584 3193 2842 3262 signiﬁcat
2859 3232 2876 3259 ,
2901 3207 3076 3248 veram
3096 3234 3113 3257 .
3138 3207 3469 3263 generosam,

1913 3298 2017 3339 non
2040 3283 2190 3337 malis
2206 3298 2304 3338 nec
2323 3283 2581 3337 inferioris
2598 3292 2734 3339 notae
2755 3283 3123 3353 propaginibus
3141 3284 3469 3351 instructam,

1911 3374 2005 3429 sed
2042 3373 2272 3441 probatis
2307 3382 2360 3427 et
2395 3374 2689 3443 pmcipuis.
2725 3373 2884 3427 Multa
2910 3388 3136 3443 namque
3162 3374 3347 3430 vitium
3376 3390 3473 3445 ge-

1914 3481 2037 3520 nera
2066 3473 2208 3518 sunt.
2254 3464 2323 3517 Et
2362 3464 2603 3532 adiﬁcavi
2647 3466 2821 3517 turrim
2844 3503 2861 3530 ,
2900 3473 2948 3518 et
2987 3467 3203 3520 torcular
3228 3467 3280 3520 in
3309 3467 3473 3520 medio

1913 3558 2039 3628 ejus.
2071 3555 2291 3623 Quidam
2320 3555 2505 3609 turrim
2544 3553 2954 3623 interpretantur
2984 3555 3253 3626 templum,
3284 3565 3339 3611 et
3368 3565 3475 3611 tor-

1913 3650 2061 3705 cular
2084 3649 2287 3703 altare:
2318 3648 2439 3717 quia
2470 3646 2574 3701 illic
2604 3647 2807 3701 fructus
2837 3645 3043 3701 virtutis
3066 3650 3320 3717 cujusque
3347 3661 3476 3701 con-

1914 3741 2283 3811 gregabantur,
2309 3754 2511 3794 necnon
2531 3738 2823 3793 oblationes
2845 3747 2898 3792 et
2922 3738 3107 3793 hostiae
3129 3753 3314 3794 omnes
3337 3756 3351 3793 :
3374 3754 3475 3809 ego

1915 3829 2256 3900 utique,quod
2281 3829 2457 3885 dicere
2481 3843 2766 3898 coeperam,
2796 3842 2936 3882 nunc
2962 3827 3121 3883 etiam
3141 3828 3333 3894 dicam,
3357 3829 3473 3883 ani-

1914 3936 2057 3975 mum
2088 3934 2277 3990 nempe
2302 3918 2623 3990 metaphorae
2643 3932 2806 3988 scopo
2830 3917 3182 3973 adhibendum
3210 3932 3347 3974 esse.
3373 3918 3474 3974 Per

1914 4014 2028 4068 haec
2052 4013 2191 4069 enim
2213 4013 2387 4068 omnia
2410 4012 2510 4067 hoc
2531 4010 2829 4081 significare
2852 4010 2963 4064 vult
2992 4027 3004 4063 :
3032 4008 3160 4075 Quae
3184 4024 3300 4065 mea
3323 4019 3475 4064 erant

1914 4107 2126 4177 implevi
2153 4106 2351 4169 omnia,
2381 4119 2592 4159 omnem
2618 4101 2833 4158 exhibui
2857 4100 3201 4171 diligentiam.
3244 4100 3359 4155 Non
3389 4109 3475 4154 at-

1914 4201 2032 4256 trivi
2062 4197 2325 4253 laboribus
2346 4236 2362 4263 ,
2394 4210 2498 4249 non
2527 4193 2658 4264 fregi
2685 4191 2966 4247 sudoribus
2986 4229 3002 4257 ,
3032 4204 3137 4245 non
3173 4191 3316 4259 ipsos
3340 4189 3474 4259 jussi

1913 4290 2175 4345 tedilicare
2193 4327 2209 4353 ,
2248 4300 2352 4339 non
2383 4283 2596 4347 fodere,
2638 4296 2741 4336 non
2768 4282 3027 4350 plantare,
3056 4278 3150 4334 seni
3178 4278 3471 4337 absolutum

1914 4380 2041 4449 ipsis
2068 4391 2200 4447 npus
2226 4373 2434 4429 tradidi.
2472 4372 2653 4441 Neque
2676 4370 2779 4425 huc
2802 4369 2935 4424 desii
2961 4369 3333 4439 benignitatem
3376 4386 3475 4423 ex-

1914 4474 2126 4536 hibere,
2154 4470 2245 4525 sed
2270 4467 2565 4537 Exspectavi
2594 4474 2644 4518 ut
2675 4469 2861 4535 faceret
2884 4479 3031 4517 uvam
3047 4503 3062 4529 ,
3093 4472 3147 4517 et
3173 4464 3475 4531 eXSpectavi

1915 4572 2122 4632 tempus
2161 4569 2509 4630 Opportunum
2553 4565 2613 4610 ut
2654 4555 2877 4609 fructum
2922 4553 3116 4617 ferret,
3149 4554 3310 4606 multa
3349 4568 3475 4605 usus

1914 4652 2162 4722 patientia
2194 4664 2207 4702 :
2239 4648 2365 4703 illud
2395 4647 2533 4700 enim
2553 4685 2570 4711 ,
2590 4643 2920 4714 Exspectavi,
2951 4643 3002 4697 id
3031 4641 3307 4711 significat.
3337 4640 3478 4694 Fecit

1914 4755 2077 4796 autem
2117 4742 2308 4810 spinas.
2350 4738 2733 4793 lufructuosam
2776 4736 2984 4789 illorum
3022 4734 3182 4786 vitam
3223 4732 3472 4797 ostendit,

1914 4848 2177 4903 asperam,
2205 4832 2409 4886 duram.
2435 4829 2546 4895 Qua
2576 4841 2706 4896 ergo
2734 4826 2889 4880 venia
2913 4824 3054 4894 digni
3079 4824 3271 4879 fuerint
3297 4823 3353 4889 ii,
3384 4825 3475 4894 qui

1914 4934 2033 4993 post
2059 4930 2253 4976 tantam
2283 4920 2523 4989 agricola:
2566 4931 2768 4983 curam,
2806 4916 2936 4970 tales
2978 4918 3176 4970 fructus
3210 4916 3307 4985 ipsi
3350 4915 3474 4969 red-

1913 5014 2081 5069 dunt?
2112 5014 2166 5067 5.
2191 5012 2254 5065 Et
2284 5027 2435 5074 nunc,
2462 5009 2607 5062 homo
2627 5007 2767 5061 Iuda
2794 5017 2840 5061 et
2867 5007 3146 5060 habitantes
3168 5006 3473 5073 Jerusalem,

1906 5106 2130 5177 judicate
2156 5103 2286 5154 inter
2311 5116 2389 5154 me
2415 5109 2459 5153 et
2488 5099 2681 5153 vineam
2713 5114 2892 5151 meam.
2921 5096 3105 5165 Magna
3139 5097 3273 5167 juris
3298 5097 3473 5166 copia,

1913 5212 2033 5251 cum
2059 5194 2201 5263 ipsos
2225 5207 2345 5246 reos
2388 5190 2657 5245 constituit
2692 5189 2896 5257 judices
2930 5188 3068 5243 inter
3102 5203 3165 5242 ea
3194 5203 3311 5259 qute
3340 5190 3471 5259 ipse,

1913 5295 1967 5341 et
1992 5288 2126 5339 inter
2148 5298 2207 5337 ea
2237 5297 2355 5352 quae
2396 5282 2470 5335 illi
2512 5281 2765 5336 fecerunt.
2809 5278 2876 5332 Et
2914 5296 3062 5333 nunc.
3091 5278 3207 5334 Non
3235 5294 3471 5335 comme-

1914 5396 2063 5435 moro
2092 5388 2290 5443 vetera,
2320 5378 2515 5447 inquit,
2544 5375 2636 5431 sed
2664 5375 2820 5430 hodie
2851 5386 3059 5444 paratus
3083 5389 3199 5429 sum
3220 5374 3473 5444 judicium

1914 5474 2111 5529 subire.
2143 5473 2231 5526 Sic
2267 5485 2544 5538 numquam
2572 5482 2725 5521 cesso
2759 5468 2979 5536 implere
3007 5482 3145 5529 mea,
3184 5481 3275 5520 vos
3302 5475 3471 5517 vestra

1913 5580 2019 5619 non
2058 5562 2305 5631 impletis.
2346 5560 2397 5613 4.
2444 5558 2576 5626 Quid
2606 5559 2792 5629 faciam
2831 5558 3048 5625 amplius
3090 5558 3243 5609 vinea:
3271 5570 3392 5608 mete
3415 5555 3474 5606 ‘t

1988 5683 2004 5713 ί
2032 5682 2148 5739 Qum
2170 5686 2444 5741 sequuntur
2466 5685 2575 5741 post
2597 5680 2698 5728 hac
2723 5679 2885 5734 verba.
2913 5678 3036 5741 Quid
3059 5676 3233 5741 faciam
3264 5676 3474 5738 amplius

1927 5742 2075 5810 uinea;
2100 5740 2421 5810 mervi’usquc
2455 5740 2531 5789 ad.
2560 5740 2983 5810 Quidpittoriam,
3008 5740 3133 5790 bene
3163 5742 3313 5789 multa
3330 5745 3476 5789 certe

1928 5803 2265 5854 desiderantur
2301 5803 2347 5851 in
2375 5804 2492 5863 llcg.
2521 5810 2571 5850 ct
2595 5804 2741 5851 Savil.
