4152 6464
697 432 771 488 59
1412 412 1466 467 s.
1509 408 1779 465 manans
1818 404 2279 461 CllltYSOS't‘mll
2321 403 2634 458 ARCIIIEP.
2673 403 3202 460 CONSTANTINOP.
3860 416 3928 469 ϐο

691 533 929 599 quoniam
952 532 1223 597 exspectavi
1252 540 1302 583 ut
1328 534 1507 599 faceret
1535 545 1699 593 uvam,
1729 529 1843 597 fecit
1868 539 2030 581 autem
2060 525 2249 593 spinus.

696 620 958 675 Orationis
988 631 1249 674 structura
1283 621 1489 672 videtur
1512 634 1630 673 esse
1666 618 1937 670 obscurior
1968 636 1981 672 :
2013 617 2256 685 quocirca

692 726 914 766 necesse
942 720 1022 764 est
1053 712 1192 765 illam
1219 710 1582 762 dilucidiorcm
1612 708 1911 762 reddamus.
1940 709 2087 774 Quod
2109 708 2254 772 dicit,

692 802 793 855 hoc
830 800 927 854 sibi
961 801 1068 855 vult
1101 819 1114 853 ε
1144 800 1277 866 Quid
1320 798 1594 869 oportebat
1639 800 1827 861 facere,
1874 807 1928 852 et
1968 813 2069 851 non
2117 797 2258 850 feci?

689 891 985 956 Nimirum,
1018 901 1074 944 ut
1102 892 1223 943 talia
1267 899 1477 958 peccata
1507 890 1866 944 admitterent.
1911 887 2045 954 Quid
2080 898 2257 943 autem

693 984 925 1053 objiecrc
955 980 1216 1050 possunt?
1245 995 1311 1034 an
1342 981 1479 1049 quod
1510 978 1823 1051 quibusdam
1866 979 2254 1047 praetermissis,

689 1075 788 1143 ipsi
817 1075 897 1127 sic
924 1072 1283 1141 deliquerint?
1315 1072 1448 1138 Quid
1479 1072 1660 1140 faciam
1692 1071 1825 1122 ultra
1850 1071 2003 1123 vincte
2030 1087 2183 1136 meae,
2213 1081 2256 1124 et

690 1183 786 1219 non
831 1164 926 1233 feci
955 1163 1098 1232 ipsi?
1142 1163 1269 1230 Quae
1308 1162 1436 1229 feci,
1481 1162 1687 1231 inquit,
1736 1160 1850 1215 haec
1876 1171 1997 1215 sunt
2029 1180 2041 1215 :
2076 1177 2257 1216 verum

684 1258 792 1323 jam
826 1254 975 1311 iactis
1010 1272 1113 1310 non
1140 1264 1421 1310 contentus
1454 1269 1592 1320 sum,
1636 1269 1805 1323 neque
1844 1254 1961 1309 dico
1985 1270 2071 1309 me
2096 1255 2258 1309 multa

687 1347 941 1403 beneficia
988 1347 1278 1401 contulisse
1321 1364 1335 1401 :
1382 1345 1475 1401 sed
1513 1347 1557 1399 si
1603 1361 1707 1399 non
1750 1347 1925 1401 omnia
1965 1347 2097 1411 feci,
2140 1356 2259 1414 post

688 1454 804 1503 qua:
849 1437 977 1491 nihil
1015 1438 1311 1491 faciendum
1356 1436 1787 1506 relinquebatur,
1824 1438 1875 1491 id
1914 1452 2043 1506 rogo
2070 1436 2258 1491 dicatis

688 1529 849 1593 inihi,
891 1544 987 1582 vos
1029 1529 1119 1597 qui
1159 1528 1271 1581 hmo
1314 1529 1660 1598 consequuti,
1701 1539 1751 1583 et
1794 1537 2063 1598 gestorum
2094 1536 2258 1583 testes

687 1622 835 1685 estis,
878 1637 944 1675 ex
985 1621 1309 1689 experientia
1350 1622 1464 1675 litec
1501 1620 1782 1687 didicistis,
1822 1636 1928 1675 non
1967 1620 2167 1675 alienos
2206 1628 2259 1675 et

687 1712 997 1782 peregrinos
1020 1714 1307 1781 interrogo.
1336 1714 1389 1765 5.
1419 1712 1566 1766 Nunc
1589 1722 1754 1766 autem
1772 1711 2079 1766 annuntiabo
2102 1711 2256 1776 vobis,

688 1802 809 1869 quid
848 1804 1031 1872 faciam
1075 1805 1228 1857 vincte
1268 1818 1409 1857 mete.
1457 1802 1589 1870 Quia
1633 1802 1908 1857 victoriam
1950 1802 2256 1872 reportavit,

690 1893 1059 1962 ingratumque
1082 1893 1291 1947 illorum
1319 1894 1553 1947 animum
1579 1892 1977 1959 demonstravit,
2015 1900 2139 1947 tunc
2165 1892 2257 1947 de-

689 1998 834 2036 mum
861 1984 1060 2051 profert
1096 1985 1435 2047 sententiam,
1477 1990 1531 2037 et
1569 1999 1687 2053 quae
1726 1984 1960 2038 facturus
2000 1984 2069 2037 sit
2108 1984 2253 2049 dicit,

693 2090 800 2128 non
825 2085 880 2127 ut
906 2074 1244 2141 condemnet,
1275 2075 1368 2131 sed
1392 2084 1448 2130 ut
1468 2091 1535 2130 ex
1569 2085 1714 2131 metu
1738 2092 1831 2146 per
1851 2076 2021 2131 minas
2046 2077 2261 2134 incusso

692 2164 1077 2219 moderatiores
1118 2166 1324 2219 reddat.
1366 2165 1606 2234 Auferam
1647 2183 1813 2237 sepem
1843 2168 1970 2237 ejus,
2012 2178 2057 2222 et
2093 2169 2186 2222 erit
2208 2169 2262 2223 in

692 2254 1018 2321 direptionem
1050 2272 1068 2307 :
1094 2266 1139 2308 et
1175 2256 1425 2309 destruam
1456 2273 1655 2311 murum
1684 2260 1819 2327 ejus,
1850 2270 1899 2313 et
1926 2260 2019 2313 erit
2060 2260 2112 2313 in
2137 2276 2261 2314 con-

690 2346 1039 2399 culcationent.

766 2436 818 2489 3.
862 2434 1133 2500 Auferam,
1168 2436 1354 2505 inquit,
1386 2438 1636 2492 auxilium
1660 2454 1859 2505 meum,
1887 2440 2133 2509 praesidio
2158 2457 2260 2496 ttu-

691 2526 850 2590 dabo,
878 2527 963 2579 tali
1001 2526 1325 2594 providentia
1354 2542 1546 2583 vacuos
1568 2529 1805 2596 reddam,
1836 2540 1890 2585 et
1918 2530 2261 2586 adversorum

686 2619 1019 2689 experientia
1042 2620 1230 2686 scient,
1254 2623 1463 2690 quantis
1483 2629 1606 2677 ante
1625 2622 1777 2677 bonis
1799 2622 2117 2689 fruerentur,
2141 2638 2266 2682 cum

690 2710 887 2764 fuerint
923 2710 1167 2765 omnibus
1186 2710 1251 2765 ad
1273 2712 1621 2782 direptionem
1645 2714 1889 2785 expositi.
1918 2716 1970 2772 6.
1996 2716 2060 2770 Et
2092 2718 2263 2771 dimit-

692 2811 794 2852 tant
834 2802 1026 2853 vineam
1064 2818 1257 2868 meam,
1290 2811 1336 2855 et
1377 2820 1476 2857 non
1516 2806 1801 2873 putabitur,
1840 2824 1996 2880 neque
2021 2810 2258 2875 {odietun

692 2890 895 2945 Rursus
934 2892 1053 2947 dico
1075 2933 1090 2958 ,
1130 2907 1253 2946 eum
1288 2895 1596 2964 metaphora
1627 2897 1721 2951 uti.
1768 2898 1823 2953 Si
1862 2901 1979 2970 quis
2006 2911 2177 2957 tamen
2209 2904 2261 2959 id

691 2982 986 3035 accuratius
1017 2982 1294 3050 explorare
1339 2984 1595 3052 voluerit,
1644 2988 1711 3043 de
1743 2989 1998 3045 doctrinae
2026 3002 2080 3046 et
2108 3009 2262 3047 man-

690 3071 933 3124 datorum
965 3072 1319 3129 sollicitudine
1350 3075 1596 3145 loquitur.
1628 3077 1743 3131 Non
1770 3081 1911 3134 enim
1942 3082 2127 3136 iisdem
2158 3083 2263 3137 fru-

696 3173 847 3216 entur
894 3163 1084 3232 quibus
1128 3173 1306 3230 antea,
1359 3182 1463 3220 non
1509 3168 1757 3225 doctores
1803 3170 2102 3239 habebunt,
2156 3190 2261 3230 non

692 3248 980 3324 principes,
1013 3269 1119 3309 non
1150 3255 1434 3325 prophetas
1461 3259 1595 3313 sicut
1623 3261 1772 3329 olim,
1803 3264 1894 3332 qui
1924 3264 2067 3333 ipsos
2093 3268 2261 3321 corri-

691 3355 851 3414 gant,
905 3347 991 3415 qui
1039 3348 1271 3416 ipsorum
1314 3364 1495 3404 curam
1541 3362 1744 3420 gerant.
1798 3354 1948 3409 Sicut
1987 3357 2126 3411 enim
2172 3359 2259 3428 qui

689 3438 874 3491 vincas
903 3440 1102 3505 colunt,
1138 3440 1362 3509 fodiunt,
1395 3453 1598 3511 putant,
1628 3446 1703 3499 sic
1732 3448 1819 3516 qui
1846 3449 2047 3505 animas
2073 3465 2257 3505 emen-

691 3526 839 3589 dant,
863 3529 1270 3595 comminantur,
1294 3542 1580 3594 exterrent,
1599 3534 1812 3601 docent,
1836 3540 2253 3607 reprehendunt:

690 3634 873 3674 verum
906 3620 970 3674 iis
998 3620 1233 3676 destituti
1261 3634 1448 3692 erunt,
1488 3626 1688 3696 inquit,
1719 3630 1770 3684 in
1794 3630 2017 3685 alienam
2048 3634 2261 3689 abducti

693 3722 908 3765 terram.
956 3712 1020 3765 Et
1050 3716 1279 3768 ascendet
1309 3734 1398 3785 per
1431 3735 1540 3771 eam
1559 3761 1571 3784 ,
1598 3723 1744 3789 quasi
1774 3740 1863 3791 per
1900 3726 2139 3780 incultam
2167 3738 2263 3780 ter-

690 3819 832 3867 ram,
864 3804 1009 3870 spina
1038 3820 1057 3857 :
1085 3815 1132 3860 et
1170 3807 1379 3861 nubibus
1419 3811 1698 3879 mandabo,
1745 3830 1806 3866 ne
1841 3816 2020 3885 pluant
2061 3819 2113 3871 in
2151 3835 2261 3872 eam

690 3893 916 3947 imbrem.
947 3898 1051 3949 Aut
1079 3896 1458 3954 desolationem
1489 3902 1632 3957 urbis
1664 3916 1952 3972 memorat,
1984 3918 2071 3963 aut
2102 3910 2262 3964 deso-

692 3985 945 4040 lationem
994 4002 1176 4043 eorum
1225 3999 1278 4045 et
1322 3992 1733 4064 uniuscujusque
1793 3999 1982 4054 animae
2029 4017 2255 4069 eorum;

691 4080 862 4133 nubes
888 4089 1062 4135 autem
1086 4082 1172 4136 hic
1196 4083 1408 4152 quidam
1430 4084 1613 4141 dicunt
1640 4104 1757 4143 esse
1784 4092 2087 4161 prOphetas,
2110 4096 2262 4165 quip-

692 4185 759 4239 pe
788 4170 876 4238 qui
906 4170 1137 4238 pluviam
1166 4172 1396 4241 desuper
1436 4176 1768 4245 aceiperent,
1802 4190 1855 4234 et
1884 4182 1983 4236 sibi
2028 4184 2161 4238 dicta
2194 4186 2260 4240 ad

695 4263 951 4331 populum
979 4264 1421 4319 transmitterem.
1452 4267 1646 4323 Verum
1692 4286 1758 4325 ne
1799 4274 1849 4325 hi
1891 4275 2104 4343 quidem
2143 4292 2261 4347 quae

693 4364 1081 4408 consueverant
1123 4355 1333 4411 facient.
1380 4359 1599 4415 Etiamsi
1642 4364 1780 4417 enim
1828 4380 1962 4419 unus
2004 4368 2086 4423 vel
2129 4370 2262 4424 alter

695 4444 956 4514 propheta
980 4460 1099 4499 cum
1126 4446 1252 4515 ipsis
1268 4451 1657 4519 commigrarat,
1682 4455 2054 4524 prophetarum
2084 4468 2258 4515 tamen

698 4537 846 4591 turba
879 4546 1003 4591 tunc
1032 4537 1238 4593 silebat.
1270 4541 1319 4592 7.
1354 4540 1509 4595 Vinea
1532 4545 1662 4596 enim
1690 4544 1895 4600 Domini
1922 4550 2143 4604 Sabaoth
2169 4554 2261 4606 do-

692 4644 804 4681 mus
831 4625 997 4680 Israel
1020 4637 1111 4691 est,
1142 4637 1189 4681 et
1217 4630 1365 4683 homo
1392 4632 1531 4685 Juda
1555 4635 1751 4689 novella
1777 4636 2022 4705 plantatio
2052 4642 2257 4696 dilecta.

703 4718 991 4787 Exspectavi
1012 4758 1028 4782 ,
1060 4728 1112 4771 ut
1140 4719 1323 4788 faceret
1355 4723 1638 4791 judicium,
1683 4729 1798 4796 fecit
1838 4739 2003 4782 autem
2030 4732 2262 4801 iniquita-

694 4820 811 4871 tem,
840 4822 886 4864 et
920 4828 1019 4866 non
1034 4816 1286 4884 justitiam
1306 4860 1317 4881 ,
1361 4819 1448 4871 sed
1488 4819 1777 4874 clamorem.
1810 4822 2065 4889 Quoniam
2100 4829 2261 4882 multa

696 4903 967 4957 nominum
995 4907 1300 4975 metaphora
1334 4925 1458 4965 usus
1484 4920 1583 4976 est,
1617 4914 1822 4968 vineam
1844 4958 1857 4978 ,
1902 4919 2116 4982 turrim,
2152 4929 2263 4975 tor-

692 4992 861 5056 cular,
903 5008 1081 5062 sepem
1102 5038 1114 5060 ,
1146 4996 1427 5054 fossionem
1447 5043 1463 5066 ,
1494 5012 1546 5055 et
1578 5006 1898 5070 putationem
1929 5009 2094 5063 vinea:
2120 5026 2265 5065 com-

693 5099 1028 5148 memorans;
1062 5102 1129 5141 ne
1170 5090 1286 5155 quis
1330 5091 1684 5160 insipientium
1724 5096 1792 5151 de
1820 5097 1967 5151 vinea
2020 5101 2131 5156 hrec
2161 5104 2261 5157 dici

695 5184 933 5242 putaret,
966 5178 1065 5232 sub
1095 5178 1249 5233 linem
1282 5192 1498 5249 repente
1542 5193 1704 5238 totttm
1746 5188 2119 5257 interpretatus
2159 5204 2257 5247 est.

702 5264 857 5318 Vinea
894 5268 1024 5319 enim
1069 5268 1275 5324 Domini
1316 5274 1538 5328 Sabaoth
1584 5276 1759 5330 domus
1803 5280 1967 5335 Israel
2009 5294 2098 5336 est.
2148 5286 2259 5340 Non

693 5362 832 5412 enim
859 5361 926 5415 de
956 5361 1147 5429 plantis
1172 5366 1299 5418 mihi
1342 5384 1519 5421 sermo
1545 5380 1645 5433 est,
1683 5389 1848 5441 neque
1874 5375 1939 5429 de
1971 5388 2151 5430 natura
2184 5380 2254 5431 iti-

693 5451 922 5505 animata
951 5452 1048 5523 (a),
1076 5471 1245 5524 neque
1270 5458 1336 5511 de
1368 5459 1624 5529 lapidibus
1650 5474 1699 5514 et
1730 5465 1892 5517 muris
1917 5482 1929 5530 ;
1963 5469 2051 5519 sed
2079 5469 2141 5523 de
2171 5485 2263 5538 po-

700 5767 715 5781 .
758 5709 831 5780 (τι)
867 5709 921 5781 lu
942 5716 1120 5781 Grteco,
1144 5725 1222 5773 περι
1243 5726 1541 5781 pilas-valet:
1567 5716 1636 5763 Ad
1662 5715 1847 5765 literam
1890 5730 1981 5777 est,
2024 5724 2083 5771 de
2105 5725 2264 5776 anima

695 5771 971 5851 inanimato,
997 5771 1199 5851 qualem
1215 5771 1322 5822 esse
1346 5771 1467 5823 diuit
1494 5777 1853 5841 Cht'ysostotuUs
1881 5771 2083 5835 annnam

697 5829 876 5879 tantum
902 5834 946 5879 in
974 5829 1169 5895 plantis.

2370 524 2490 591 pulo
2521 533 2718 578 nostro.
2773 524 2891 579 Ideo
2930 526 3233 594 subjnnxit,
3278 524 3343 578 Et
3382 525 3528 577 homo
3561 524 3705 578 Juda
3744 524 3930 577 novella

2368 616 2611 683 plantatio
2654 618 2833 670 dilecta
2863 634 2881 671 :
2923 620 3043 687 quia
3082 619 3284 672 scilicet
3328 618 3460 672 Juda
3509 616 3626 686 plus
3674 614 3940 669 obtineret

2366 724 2518 776 quam
2566 721 2770 763 cartcrte
2818 711 2986 764 tribus
3026 729 3039 763 :
3084 721 3304 779 eratque
3348 712 3455 764 illic
3501 725 3533 763 e
3562 709 3737 763 vicino
3775 710 3929 764 situm

2365 797 2616 866 templum
2636 839 2651 863 ,
2682 810 2733 853 et
2762 801 2997 868 reliquus
3034 802 3205 854 cultus
3243 819 3254 853 :
3281 811 3438 869 atque
3469 800 3555 853 illa
3587 800 3752 869 magis
3776 814 3930 867 quam

2364 896 2571 941 creterra
2591 902 2774 943 omnes
2794 890 3032 954 ﬂorebat,
3056 889 3122 942 ad
3144 890 3445 959 regiamque
3466 889 3632 959 magis
3653 889 3929 949 accedens,

2364 979 2629 1044 potentior
2654 990 2782 1034 erat.
2808 982 3062 1035 Dilectum
3089 990 3262 1035 autem
3284 980 3433 1044 dixit,
3464 994 3644 1034 rursus
3674 980 3793 1033 illos
3818 994 3930 1047 per-

2364 1066 2649 1135 stringens.
2679 1071 2815 1136 quod
2849 1072 2981 1125 tales
3004 1086 3127 1138 erga
3154 1086 3211 1124 se
3235 1071 3386 1124 valde
3414 1079 3676 1123 amantem
3702 1084 3821 1122 sese
3845 1085 3933 1122 ex-

2364 1154 2676 1213 hibuissent.
2707 1161 2779 1215 Ea
2808 1165 3000 1232 quippe
3022 1165 3107 1218 lex
3134 1172 3217 1217 est
3243 1163 3588 1231 diligentiam,
3613 1177 3680 1216 ne
3707 1162 3759 1215 iu
3788 1160 3933 1216 obla«

2365 1250 2433 1305 tis
2462 1252 2672 1319 quidem
2712 1255 3167 1309 criminationibus
3212 1271 3459 1324 magnum
3501 1270 3653 1308 suum
3697 1269 3931 1309 amorem

2363 1342 2647 1397 occultare.
2679 1344 2811 1398 Hine
2838 1346 2975 1399 aliud
3005 1346 3272 1415 quidpiam
3303 1361 3406 1400 non
3438 1344 3795 1414 spernendum
3823 1345 3933 1400 edi-

2364 1432 2581 1487 scimus.
2607 1433 2771 1500 Quale
2796 1434 2965 1489 illud?
2989 1436 3190 1504 Nempe
3208 1437 3420 1506 quando
3438 1447 3492 1491 et
3510 1452 3627 1505 qua:
3649 1436 3934 1505 Scriptura:

2365 1525 2481 1579 loca
2530 1525 2814 1595 allegorice
2861 1528 3197 1597 interpretari
3244 1538 3523 1599 oporteat:
3557 1543 3730 1598 neque
3774 1543 3936 1599 penes

2365 1625 2596 1671 nostram
2627 1632 2744 1673 esse
2788 1618 3087 1674 facultatem
3118 1619 3213 1673 has
3242 1618 3383 1688 leges
3422 1634 3519 1688 pro
3561 1620 3728 1675 lubito
3764 1619 3934 1687 expli-

2364 1720 2521 1772 care,
2558 1707 2652 1761 sed
2682 1708 2847 1777 ipsam
2887 1710 3170 1777 Scriptum
3211 1719 3442 1763 mentem
3487 1710 3635 1776 sequi
3664 1721 3932 1777 oportere,

2365 1796 2544 1864 sicque
2569 1797 2819 1867 allegoria
2849 1800 2942 1853 nti.
2984 1797 3135 1865 Quod
3163 1808 3339 1853 autem
3365 1797 3506 1862 dico,
3536 1798 3612 1852 sic
3639 1798 3935 1866 intelligen-

2365 1886 2509 1942 dutn.
2538 1887 2807 1960 Scriptura
2836 1907 2974 1947 nunc
2997 1893 3202 1947 vineam
3234 1891 3387 1957 dixit,
3429 1905 3632 1960 sepem,
3668 1890 3934 1945 torcular:

2367 1992 2465 2033 nec
2492 1994 2653 2049 penes
2681 1980 2974 2036 auditorem
3005 1982 3217 2052 reliquit
3235 2024 3249 2042 .
3278 1991 3335 2035 ut
3364 1996 3457 2051 pro
3486 1981 3649 2035 lubito
3679 1980 3793 2035 hazc
3818 1981 3935 2050 qui.

2366 2066 2587 2123 busdam
2611 2070 2772 2125 rebus
2800 2080 2891 2125 aut
2918 2072 3156 2141 personis
3181 2080 3422 2140 aptaret;
3465 2072 3558 2126 sed
3587 2072 3638 2125 iu
3666 2071 3936 2140 sequenti-

2367 2157 2467 2213 bus
2490 2173 2609 2215 sese
2638 2161 2979 2230 interpretata
3007 2172 3088 2217 est
3127 2163 3310 2217 dicens
3335 2179 3349 2218 :
3382 2162 3538 2215 Vinea
3565 2163 3697 2216 enim
3732 2162 3939 2215 Domini

2368 2250 2594 2306 Sabaoth
2637 2252 2816 2307 domus
2859 2253 3025 2308 Israel
3070 2266 3141 2309 est
3186 2254 3408 2323 (Ezeclt.
3435 2256 3520 2308 17.
3555 2255 3647 2323 5).
3689 2254 3938 2309 Ezechiel

2366 2356 2494 2396 vero
2540 2358 2787 2411 rursum,
2836 2360 2955 2399 cura
2999 2346 3227 2415 aquilam
3274 2360 3517 2416 magnam
3548 2337 3937 2415 etmaguarum

2364 2434 2571 2490 alarum
2593 2436 2973 2505 ingredientem
3002 2438 3053 2492 in
3081 2437 3362 2504 Libanum,
3384 2448 3437 2492 et
3456 2439 3772 2492 avellentem
3795 2452 3940 2491 sum.

2368 2538 2513 2576 mum
2539 2527 2791 2579 verticem
2816 2526 2962 2580 cedri
2997 2536 3410 2591 commemorat,
3443 2544 3546 2581 non
3576 2527 3826 2596 relinquit
3852 2540 3940 2594 pe-

2367 2626 2464 2667 nes
2490 2612 2769 2667 arbitrium
2807 2614 3106 2669 auditorum
3136 2616 3289 2686 hujus
3326 2616 3592 2685 allegoria:
3621 2617 3940 2685 interpreta-

2370 2704 2605 2768 tionem;
2637 2703 2730 2758 sed
2759 2704 2988 2774 explicat
3016 2706 3122 2773 ille,
3153 2721 3309 2775 quam
3336 2706 3565 2775 aquilam
3588 2705 3757 2771 dicat,
3784 2721 3940 2774 quam

2367 2790 2607 2845 cedrum.
2650 2792 2718 2847 Et
2764 2793 2849 2848 hic
2876 2809 3083 2849 rursum
3116 2795 3167 2849 in
3198 2796 3572 2865 sequentibus,
3606 2795 3693 2849 ubi
3723 2795 3939 2849 fluvium

2368 2882 2649 2951 quemdam
2681 2883 2969 2939 violentum
3015 2886 3214 2940 inducit
3258 2886 3309 2939 iu
3355 2886 3613 2951 Jndmam,
3660 2901 3729 2941 ne
3760 2888 3941 2939 liceret

2366 2974 2589 3027 auditori
2615 2974 2780 3027 cuivis
2805 2990 3045 3043 persona:
3075 2991 3170 3044 pro
3194 2976 3415 3030 arbitrio
3441 2976 3555 3029 ham
3580 2986 3790 3045 aptare,
3810 2975 3941 3029 dixit

2366 3077 2545 3131 regem
2576 3079 2694 3118 esse
2720 3079 2841 3118 eum
2864 3106 2878 3129 ,
2910 3082 3065 3134 quem
3094 3068 3307 3120 fluvium
3338 3068 3660 3122 nominasset
3688 3067 3856 3139 (lsai.
3885 3068 3939 3122 8.

2367 3153 2399 3205 7
2428 3154 2467 3221 ).
2492 3152 2615 3207 [late
2641 3169 2767 3207 vero
2793 3156 2873 3208 lex
2903 3156 3098 3223 ubique
3126 3158 3360 3211 locorum
3388 3160 3439 3211 in
3464 3159 3737 3226 Scriptura
3764 3174 3941 3213 serva-

2369 3251 2476 3307 tur,
2507 3254 2566 3297 ut
2592 3259 2711 3298 cum
2739 3246 3017 3315 allegorice
3046 3247 3297 3317 loquitur,
3328 3250 3593 3317 allegoria:
3624 3250 3944 3318 interpreta-

2370 3334 2568 3387 tionem
2608 3333 2833 3397 all‘erat.
2874 3346 2930 3390 ut
2974 3354 3040 3391 ne
3087 3353 3268 3391 eorum
3310 3340 3397 3408 qui
3436 3340 3713 3408 allegorias
3768 3350 3945 3394 amant

2368 3424 2590 3492 cupidus
2620 3427 2827 3479 animus
2859 3437 3056 3482 temere
3085 3442 3138 3482 et
3178 3430 3395 3484 fortuito
3434 3440 3577 3485 erret
3605 3440 3659 3485 et
3684 3448 3945 3501 quocum-

2369 3530 2472 3584 que
2498 3516 2714 3571 feratur.
2752 3517 2818 3571 Et
2846 3519 2969 3587 quid
2998 3522 3225 3586 miraris,
3259 3523 3301 3575 si
3336 3523 3383 3575 id
3417 3524 3686 3591 propheta:
3713 3523 3945 3577 faciant?

2370 3598 2777 3662 Proverbioruru
2822 3621 2967 3665 certe
3014 3622 3197 3667 auctor
3244 3615 3291 3665 id
3334 3615 3600 3668 observat.
3633 3617 3765 3669 Cum
3807 3617 3947 3670 enim

2369 3698 2591 3754 dixisset
2620 3717 2632 3753 :
2664 3700 2845 3756 Cervus
2871 3705 3133 3768 amicitiw,
3169 3716 3213 3757 et
3242 3708 3413 3775 pullus
3440 3709 3716 3776 gratiarum
3746 3718 3947 3760 tuarum

2367 3804 2681 3845 conversetur
2707 3804 2868 3847 tecum
2897 3806 2984 3849 :et
3030 3798 3143 3865 fons
3169 3815 3313 3866 aqua:
3353 3810 3452 3851 tua?
3493 3800 3579 3851 tibi
3623 3799 3717 3851 soli
3763 3801 3831 3853 sit
3870 3801 3949 3869 (a)

2367 3885 2549 3954 (Prov.
2564 3885 2744 3954 5.19):
2767 3888 3141 3956 interpretatus
3160 3898 3262 3956 est,
3278 3905 3374 3944 cur
3392 3890 3503 3943 htec
3518 3890 3740 3953 diceret,
3757 3906 3950 3959 nempe

2370 3981 2437 4035 de
2468 3996 2631 4035 uxore
2672 3980 2901 4049 legitima
2941 3991 2993 4036 et
3020 3982 3205 4045 libera,
3240 3994 3296 4037 ιιι
3324 3992 3585 4037 averteret
3614 3997 3643 4035 a
3668 3985 3950 4038 meretrice

2368 4083 2420 4126 et
2446 4074 2635 4127 aliena.
2682 4073 2801 4127 Pari
2832 4073 2988 4127 modo
3028 4073 3112 4127 hic
3151 4074 3435 4143 explicavit
3481 4074 3581 4127 hoc
3622 4074 3762 4137 loco,
3791 4090 3948 4145 quam

2368 4163 2569 4219 diceret
2612 4182 2731 4220 esse
2772 4166 3001 4219 vineam.
3060 4165 3261 4219 Deinde
3302 4180 3422 4219 cum
3480 4180 3667 4219 eorum
3721 4167 3950 4220 crimina

2369 4256 2713 4322 enuntiasset,
2759 4257 3123 4325 suppliciaque
3147 4256 3388 4320 dixisset,
3428 4270 3611 4309 rursus
3638 4257 3689 4309 in
3721 4257 3832 4312 fine
3856 4259 3950 4311 de-

2369 4346 2661 4401 fensionem
2694 4357 2846 4417 parat
2886 4348 3067 4401 dicens
3096 4364 3110 4399 :
3143 4346 3441 4417 Exspectavi
3463 4389 3478 4411 ,
3507 4358 3560 4399 ut
3590 4349 3779 4415 faceret
3802 4351 3947 4419 judi.

2368 4436 2501 4488 cium
2527 4477 2541 4498 ,
2587 4438 2703 4505 fecit
2745 4446 2912 4491 autem
2953 4438 3267 4507 iniquitatem
3290 4478 3303 4500 ,
3339 4448 3385 4490 et
3414 4454 3512 4490 non
3532 4438 3789 4507 justitiam
3811 4480 3827 4503 ,
3868 4440 3951 4493 sed

2367 4528 2656 4581 clamorem.
2687 4527 2836 4582 Juste
2863 4569 2880 4593 ,
2914 4528 3119 4596 inquit,
3149 4542 3359 4596 patriam
3405 4529 3579 4599 exigo.
3628 4528 3948 4599 Exspectavi

2368 4618 2529 4681 enim,
2564 4617 2631 4671 Ut
2656 4618 2837 4686 faceret
2854 4619 3129 4688 judicium,
3161 4618 3211 4671 id
3242 4628 3342 4683 est,
3367 4619 3664 4687 justitiam;
3700 4620 3803 4688 ipsi
3827 4636 3952 4675 vero

2367 4709 2631 4761 contraria
2682 4708 3075 4772 exhibuerunt,
3124 4710 3493 4777 iniquitatem,
3540 4708 3854 4777 injustitiam
3901 4722 3950 4766 et

2368 4798 2674 4852 clamorem.
2722 4798 3021 4853 Clamorem
3067 4799 3151 4853 hic
3190 4809 3342 4853 vocat
3378 4802 3687 4870 acquirendi
3744 4806 3949 4873 cupidi-

2371 4896 2556 4952 tatem,
2601 4887 2851 4956 injustnm
2893 4888 3147 4952 furorem,
3190 4890 3605 4945 irrationabilem
3651 4893 3805 4959 iram,
3849 4912 3948 4965 pu-

2369 4995 2519 5047 gnas,
2550 4981 2934 5035 contentiones.
2980 4982 3031 5036 8.
3071 4981 3156 5036 Vw
3189 4984 3273 5049 qui
3310 4986 3623 5054 conjungunt
3652 4986 3861 5039 domum
3883 4988 3951 5039 ad

2369 5073 2607 5136 domum,
2634 5090 2812 5144 agrum
2838 5075 2905 5127 ad
2944 5092 3121 5143 agrum
3151 5086 3401 5145 aptantes,
3445 5088 3496 5129 ut
3534 5094 3564 5129 a
3599 5079 3831 5147 proximo
3857 5097 3933 5131 au.

2370 5166 2534 5233 [erant
2565 5165 2773 5233 aliquid.
2807 5164 2937 5218 Cum
2962 5166 3185 5219 dixisset
3212 5167 3382 5234 ipsum
3409 5168 3695 5221 clamorem
3731 5168 3941 5231 fecisse.

2371 5254 2420 5307 id
2459 5263 2539 5308 est
2582 5255 2889 5323 acquirendi
2933 5255 3307 5323 cupiditatem,
3352 5266 3405 5309 et
3444 5258 3690 5325 rapinas,
3734 5259 3945 5327 sulnjicit

2372 5346 2660 5415 iniquitatis
2687 5347 2917 5413 speciem
2949 5347 3109 5399 multa
3138 5346 3345 5415 plenam
3373 5349 3603 5417 nequitia
3628 5366 3642 5413 ;
3676 5364 3736 5402 ac
3764 5365 3945 5403 rursus

2369 5453 2395 5488 a
2432 5437 2675 5489 lamentis
2715 5437 2917 5489 initium
2958 5437 3119 5501 ducit,
3158 5437 3569 5506 magnitudinem
3604 5448 3941 5507 peccatorum

2369 5527 2651 5579 ostemleus
2681 5561 2699 5591 ,
2739 5542 2933 5597 eosque
2979 5528 3247 5582 insinuans
3288 5528 3375 5597 qui
3422 5529 3696 5583 iucurabili
3755 5532 3943 5584 ntorbo

2372 5618 2695 5671 laborabant.

2434 5730 2505 5789 (ιι)
2540 5736 2646 5776 [tam
2670 5743 2761 5777 non
2806 5732 2868 5777 ita
2907 5729 3137 5787 leguntur
3181 5733 3226 5777 in
3261 5730 3382 5779 libro
3405 5733 3765 5780 Proverbiorum
3790 5735 3837 5783 5.
3869 5735 3940 5783 19.

2370 5792 2440 5839 sic
2463 5800 2623 5839 autem
2644 5804 2773 5851 szepe
2788 5791 2913 5855 solet
2930 5792 3293 5853 Chrysostomus
3308 5791 3409 5840 loca
3427 5794 3678 5855 Scriptura:
3693 5795 3787 5841 alio
3801 5810 3937 5855 quam

2368 5856 2554 5912 ᾔδει-δεδι
2580 5856 2718 5903 ιιιοιεο
2741 5854 2937 5913 aﬂ‘crre,
2956 5856 3068 5917 quia
3092 5867 3269 5918 nempe
3292 5853 3573 5906 memoriter
3594 5853 3848 5907 aﬂ'crebat.
