  <div class='ocr_page' id='page_1' title='image "/cluster/home/n/w/nwhite01/storage/ocr_20150623/56/uva.x004697988/071.png"; bbox 0 0 4056 6496; ppageno 0'>
   <div class='ocr_carea' id='block_1_1' title="bbox 422 400 2984 467">
    <p class='ocr_par' dir='ltr' id='par_1_1' title="bbox 422 400 2984 467">
     <span class='ocr_line' id='line_1_1' title="bbox 422 400 2984 467; baseline 0 -8"><span class='ocrx_word' id='word_1_1' title='bbox 422 413 490 467; x_wconf 84' lang='grc'>61</span> <span class='ocrx_word' id='word_1_2' title='bbox 1182 402 1238 458; x_wconf 85' lang='lat' dir='ltr'>S.</span> <span class='ocrx_word' id='word_1_3' title='bbox 1278 401 1558 456; x_wconf 73' lang='lat' dir='ltr'>JOANNIS</span> <span class='ocrx_word' id='word_1_4' title='bbox 1587 400 2065 460; x_wconf 74' lang='lat' dir='ltr'>CHRYSOSTOMI</span> <span class='ocrx_word' id='word_1_5' title='bbox 2093 404 2407 464; x_wconf 77' lang='lat' dir='ltr'>ARCIIIEP.</span> <span class='ocrx_word' id='word_1_6' title='bbox 2443 406 2984 466; x_wconf 77' lang='lat' dir='ltr'>CONSTANTINOP.</span> 
     </span>
    </p>
   </div>
   <div class='ocr_carea' id='block_1_2' title="bbox 486 516 2067 590">
    <p class='ocr_par' dir='ltr' id='par_1_2' title="bbox 486 516 2067 590">
     <span class='ocr_line' id='line_1_2' title="bbox 486 516 2067 590; baseline 0.001 -20"><span class='ocrx_word' id='word_1_7' title='bbox 486 517 552 570; x_wconf 84' lang='grc' dir='ltr'>δ’.</span> <span class='ocrx_word' id='word_1_8' title='bbox 577 516 757 571; x_wconf 80' lang='grc' dir='ltr'>ταῦτα</span> <span class='ocrx_word' id='word_1_9' title='bbox 781 518 836 571; x_wconf 85' lang='grc' dir='ltr'>δέ</span> <span class='ocrx_word' id='word_1_10' title='bbox 862 518 954 572; x_wconf 74' lang='grc' dir='ltr'>καὶ</span> <span class='ocrx_word' id='word_1_11' title='bbox 992 518 1084 570; x_wconf 90' lang='grc' dir='ltr'>νῦν</span> <span class='ocrx_word' id='word_1_12' title='bbox 1124 517 1441 586; x_wconf 80' lang='grc' dir='ltr'>τολμώμενα</span> <span class='ocrx_word' id='word_1_13' title='bbox 1468 519 1562 570; x_wconf 82' lang='grc' dir='ltr'>ἰδοι</span> <span class='ocrx_word' id='word_1_14' title='bbox 1585 535 1668 580; x_wconf 91' lang='grc' dir='ltr'>τις</span> <span class='ocrx_word' id='word_1_15' title='bbox 1713 518 1778 571; x_wconf 87' lang='grc' dir='ltr'>ἂν</span> <span class='ocrx_word' id='word_1_16' title='bbox 1795 520 1942 590; x_wconf 85' lang='grc' dir='ltr'>παρά</span> <span class='ocrx_word' id='word_1_17' title='bbox 1962 520 2067 572; x_wconf 90' lang='grc' dir='ltr'>τῶν</span> 
     </span>
    </p>
   </div>
   <div class='ocr_carea' id='block_1_3' title="bbox 414 607 2067 679">
    <p class='ocr_par' dir='ltr' id='par_1_3' title="bbox 414 607 2067 679">
     <span class='ocr_line' id='line_1_3' title="bbox 414 607 2067 679; baseline -0.002 -14"><span class='ocrx_word' id='word_1_18' title='bbox 414 609 601 672; x_wconf 82' lang='grc' dir='ltr'>κακῶς</span> <span class='ocrx_word' id='word_1_19' title='bbox 625 610 700 679; x_wconf 86' lang='grc' dir='ltr'>τῷ</span> <span class='ocrx_word' id='word_1_20' title='bbox 737 607 948 678; x_wconf 84' lang='grc' dir='ltr'>πλούτῳ</span> <span class='ocrx_word' id='word_1_21' title='bbox 982 609 1352 679; x_wconf 82' lang='grc' dir='ltr'>κεχρημένων,</span> <span class='ocrx_word' id='word_1_22' title='bbox 1387 609 1436 660; x_wconf 82' lang='grc' dir='ltr'>οἳ</span> <span class='ocrx_word' id='word_1_23' title='bbox 1462 608 1560 670; x_wconf 80' lang='grc' dir='ltr'>τάς</span> <span class='ocrx_word' id='word_1_24' title='bbox 1596 611 1917 677; x_wconf 85' lang='grc' dir='ltr'>γειτνιάσεις</span> <span class='ocrx_word' id='word_1_25' title='bbox 1943 614 2067 663; x_wconf 81' lang='grc' dir='ltr'>ἐπι-</span> 
     </span>
    </p>
   </div>
   <div class='ocr_carea' id='block_1_4' title="bbox 415 693 2066 764">
    <p class='ocr_par' dir='ltr' id='par_1_4' title="bbox 415 693 2066 764">
     <span class='ocr_line' id='line_1_4' title="bbox 415 693 2066 764; baseline 0 -16"><span class='ocrx_word' id='word_1_26' title='bbox 415 695 656 758; x_wconf 78' lang='grc' dir='ltr'>νοοῦσιν,</span> <span class='ocrx_word' id='word_1_27' title='bbox 692 694 790 747; x_wconf 83' lang='grc' dir='ltr'>ούκ</span> <span class='ocrx_word' id='word_1_28' title='bbox 837 695 916 756; x_wconf 86' lang='grc' dir='ltr'>εἰς</span> <span class='ocrx_word' id='word_1_29' title='bbox 970 693 1261 762; x_wconf 74' lang='grc' dir='ltr'>ἀσφάλειαν</span> <span class='ocrx_word' id='word_1_30' title='bbox 1287 731 1302 754; x_wconf 88' lang='grc'>,</span> <span class='ocrx_word' id='word_1_31' title='bbox 1341 693 1457 744; x_wconf 78' lang='grc' dir='ltr'>ἀλλ’</span> <span class='ocrx_word' id='word_1_32' title='bbox 1491 695 1569 756; x_wconf 77' lang='grc' dir='ltr'>είς</span> <span class='ocrx_word' id='word_1_33' title='bbox 1624 695 1914 764; x_wconf 80' lang='grc' dir='ltr'>ἐπιϐουλὴν</span> <span class='ocrx_word' id='word_1_34' title='bbox 1959 698 2066 748; x_wconf 88' lang='grc' dir='ltr'>τῶν</span> 
     </span>
    </p>
   </div>
   <div class='ocr_carea' id='block_1_5' title="bbox 418 781 2067 853">
    <p class='ocr_par' dir='ltr' id='par_1_5' title="bbox 418 781 2067 853">
     <span class='ocr_line' id='line_1_5' title="bbox 418 781 2067 853; baseline 0.002 -18"><span class='ocrx_word' id='word_1_35' title='bbox 418 783 662 853; x_wconf 87' lang='grc' dir='ltr'>πλησίον,</span> <span class='ocrx_word' id='word_1_36' title='bbox 697 781 943 851; x_wconf 86' lang='grc' dir='ltr'>καθάπερ</span> <span class='ocrx_word' id='word_1_37' title='bbox 972 781 1081 851; x_wconf 88' lang='grc' dir='ltr'>πῦρ</span> <span class='ocrx_word' id='word_1_38' title='bbox 1112 781 1214 850; x_wconf 80' lang='grc' dir='ltr'>όδῷ</span> <span class='ocrx_word' id='word_1_39' title='bbox 1245 781 1477 850; x_wconf 77' lang='grc' dir='ltr'>βαδίζον,</span> <span class='ocrx_word' id='word_1_40' title='bbox 1506 782 1646 835; x_wconf 77' lang='grc' dir='ltr'>οὕτω</span> <span class='ocrx_word' id='word_1_41' title='bbox 1679 784 1803 845; x_wconf 76' lang='grc' dir='ltr'>τοὺς</span> <span class='ocrx_word' id='word_1_42' title='bbox 1843 787 1907 838; x_wconf 89' lang='grc' dir='ltr'>ἐκ</span> <span class='ocrx_word' id='word_1_43' title='bbox 1953 803 2067 853; x_wconf 89' lang='grc' dir='ltr'>γει-</span> 
     </span>
    </p>
   </div>
   <div class='ocr_carea' id='block_1_6' title="bbox 413 867 2068 938">
    <p class='ocr_par' dir='ltr' id='par_1_6' title="bbox 413 867 2068 938">
     <span class='ocr_line' id='line_1_6' title="bbox 413 867 2068 938; baseline 0.002 -17"><span class='ocrx_word' id='word_1_44' title='bbox 413 870 583 922; x_wconf 79' lang='grc' dir='ltr'>τόνων</span> <span class='ocrx_word' id='word_1_45' title='bbox 618 869 821 930; x_wconf 78' lang='grc' dir='ltr'>πάντας</span> <span class='ocrx_word' id='word_1_46' title='bbox 865 867 1262 937; x_wconf 86' lang='grc' dir='ltr'>ἐπινεμόμενοι.</span> <span class='ocrx_word' id='word_1_47' title='bbox 1309 867 1403 934; x_wconf 75' lang='grc' dir='ltr'>Μὴ</span> <span class='ocrx_word' id='word_1_48' title='bbox 1454 867 1728 932; x_wconf 73' lang='grc' dir='ltr'>οἰκήσετε</span> <span class='ocrx_word' id='word_1_49' title='bbox 1767 871 1936 938; x_wconf 82' lang='grc' dir='ltr'>μόνοι</span> <span class='ocrx_word' id='word_1_50' title='bbox 1970 872 2068 925; x_wconf 78' lang='grc' dir='ltr'>ἐπὶ</span> 
     </span>
    </p>
   </div>
   <div class='ocr_carea' id='block_1_7' title="bbox 415 949 2072 1022">
    <p class='ocr_par' dir='ltr' id='par_1_7' title="bbox 415 949 2072 1022">
     <span class='ocr_line' id='line_1_7' title="bbox 415 949 2072 1022; baseline 0.002 -18"><span class='ocrx_word' id='word_1_51' title='bbox 415 953 526 1021; x_wconf 83' lang='grc' dir='ltr'>τῆς</span> <span class='ocrx_word' id='word_1_52' title='bbox 548 952 690 1022; x_wconf 48' lang='grc' dir='ltr'>γῆς</span> <span class='ocrx_word' id='word_1_53' title='bbox 719 953 1005 1019; x_wconf 82' lang='grc' dir='ltr'>Ἠκούσθη</span> <span class='ocrx_word' id='word_1_54' title='bbox 1041 953 1150 1021; x_wconf 61' lang='grc' dir='ltr'>γπὰρ</span> <span class='ocrx_word' id='word_1_55' title='bbox 1178 952 1294 1006; x_wconf 88' lang='grc' dir='ltr'>νῦν</span> <span class='ocrx_word' id='word_1_56' title='bbox 1323 956 1411 1018; x_wconf 82' lang='grc' dir='ltr'>εἰς</span> <span class='ocrx_word' id='word_1_57' title='bbox 1438 954 1513 1008; x_wconf 78' lang='grc' dir='ltr'>τὰ</span> <span class='ocrx_word' id='word_1_58' title='bbox 1548 949 1666 1007; x_wconf 86' lang='grc' dir='ltr'>ὦτα</span> <span class='ocrx_word' id='word_1_59' title='bbox 1707 957 1928 1021; x_wconf 80' lang='grc' dir='ltr'>Κυρίου</span> <span class='ocrx_word' id='word_1_60' title='bbox 1961 960 2072 1008; x_wconf 70' lang='lat' dir='ltr'>Ea-</span> 
     </span>
    </p>
   </div>
   <div class='ocr_carea' id='block_1_8' title="bbox 416 1038 2070 1114">
    <p class='ocr_par' dir='ltr' id='par_1_8' title="bbox 416 1038 2070 1114">
     <span class='ocr_line' id='line_1_8' title="bbox 416 1038 2070 1114; baseline 0.003 -24"><span class='ocrx_word' id='word_1_61' title='bbox 416 1038 569 1093; x_wconf 78' lang='grc' dir='ltr'>σαὼθ</span> <span class='ocrx_word' id='word_1_62' title='bbox 613 1039 815 1092; x_wconf 85' lang='grc' dir='ltr'>ταῦτα.</span> <span class='ocrx_word' id='word_1_63' title='bbox 866 1039 1143 1092; x_wconf 87' lang='grc' dir='ltr'>Δείκνυσιν</span> <span class='ocrx_word' id='word_1_64' title='bbox 1170 1041 1398 1111; x_wconf 87' lang='grc' dir='ltr'>ἀνόνητα</span> <span class='ocrx_word' id='word_1_65' title='bbox 1455 1041 1760 1112; x_wconf 89' lang='grc' dir='ltr'>κάμνοντας</span> <span class='ocrx_word' id='word_1_66' title='bbox 1802 1042 1893 1096; x_wconf 82' lang='grc' dir='ltr'>καὶ</span> <span class='ocrx_word' id='word_1_67' title='bbox 1944 1044 2070 1114; x_wconf 84' lang='grc' dir='ltr'>εἰκῆ</span> 
     </span>
    </p>
   </div>
   <div class='ocr_carea' id='block_1_9' title="bbox 415 1125 2072 1198">
    <p class='ocr_par' dir='ltr' id='par_1_9' title="bbox 415 1125 2072 1198">
     <span class='ocr_line' id='line_1_9' title="bbox 415 1125 2072 1198; baseline 0.004 -22"><span class='ocrx_word' id='word_1_68' title='bbox 415 1125 510 1177; x_wconf 72' lang='grc' dir='ltr'>καὶ</span> <span class='ocrx_word' id='word_1_69' title='bbox 551 1125 744 1194; x_wconf 88' lang='grc' dir='ltr'>μάτην.</span> <span class='ocrx_word' id='word_1_70' title='bbox 795 1126 1006 1197; x_wconf 87' lang='grc' dir='ltr'>Ἐπειδὴ</span> <span class='ocrx_word' id='word_1_71' title='bbox 1072 1127 1177 1198; x_wconf 81' lang='grc' dir='ltr'>γὰρ</span> <span class='ocrx_word' id='word_1_72' title='bbox 1225 1128 1322 1196; x_wconf 80' lang='grc' dir='ltr'>οὐχ</span> <span class='ocrx_word' id='word_1_73' title='bbox 1353 1125 1524 1192; x_wconf 78' lang='grc' dir='ltr'>οὕτως</span> <span class='ocrx_word' id='word_1_74' title='bbox 1585 1129 1641 1180; x_wconf 89' lang='grc' dir='ltr'>αἰ</span> <span class='ocrx_word' id='word_1_75' title='bbox 1687 1128 1933 1193; x_wconf 79' lang='grc' dir='ltr'>κολάσεις</span> <span class='ocrx_word' id='word_1_76' title='bbox 1979 1132 2072 1184; x_wconf 73' lang='grc' dir='ltr'>καὶ</span> 
     </span>
    </p>
   </div>
   <div class='ocr_carea' id='block_1_10' title="bbox 415 1212 2072 1282">
    <p class='ocr_par' dir='ltr' id='par_1_10' title="bbox 415 1212 2072 1282">
     <span class='ocr_line' id='line_1_10' title="bbox 415 1212 2072 1282; baseline 0.004 -19"><span class='ocrx_word' id='word_1_77' title='bbox 415 1214 469 1265; x_wconf 90' lang='grc' dir='ltr'>αἱ</span> <span class='ocrx_word' id='word_1_78' title='bbox 521 1212 778 1282; x_wconf 76' lang='grc' dir='ltr'>τιμωρίαι</span> <span class='ocrx_word' id='word_1_79' title='bbox 810 1214 935 1276; x_wconf 83' lang='grc' dir='ltr'>τοὺς</span> <span class='ocrx_word' id='word_1_80' title='bbox 973 1213 1241 1276; x_wconf 83' lang='grc' dir='ltr'>τοιούτους</span> <span class='ocrx_word' id='word_1_81' title='bbox 1279 1214 1500 1282; x_wconf 82' lang='grc' dir='ltr'>ἀγαγεῖν</span> <span class='ocrx_word' id='word_1_82' title='bbox 1560 1214 1838 1280; x_wconf 87' lang='grc' dir='ltr'>εἰώθασιν,</span> <span class='ocrx_word' id='word_1_83' title='bbox 1893 1216 1967 1278; x_wconf 88' lang='grc' dir='ltr'>ὼς</span> <span class='ocrx_word' id='word_1_84' title='bbox 2012 1218 2072 1270; x_wconf 84' lang='grc' dir='ltr'>τὸ</span> 
     </span>
    </p>
   </div>
   <div class='ocr_carea' id='block_1_11' title="bbox 419 1298 2068 1372">
    <p class='ocr_par' dir='ltr' id='par_1_11' title="bbox 419 1298 2068 1372">
     <span class='ocr_line' id='line_1_11' title="bbox 419 1298 2068 1372; baseline 0.004 -23"><span class='ocrx_word' id='word_1_85' title='bbox 419 1298 608 1366; x_wconf 79' lang='grc' dir='ltr'>μαθεῖν</span> <span class='ocrx_word' id='word_1_86' title='bbox 643 1299 919 1368; x_wconf 83' lang='grc' dir='ltr'>ἀκριϐῶς,</span> <span class='ocrx_word' id='word_1_87' title='bbox 968 1300 1049 1352; x_wconf 83' lang='grc' dir='ltr'>ότι</span> <span class='ocrx_word' id='word_1_88' title='bbox 1091 1300 1189 1352; x_wconf 83' lang='grc' dir='ltr'>οὐκ</span> <span class='ocrx_word' id='word_1_89' title='bbox 1236 1300 1628 1355; x_wconf 73' lang='grc' dir='ltr'>ἀπολαύσονται</span> <span class='ocrx_word' id='word_1_90' title='bbox 1661 1303 1756 1371; x_wconf 83' lang='grc' dir='ltr'>τῆς</span> <span class='ocrx_word' id='word_1_91' title='bbox 1799 1304 2068 1372; x_wconf 82' lang='grc' dir='ltr'>ἁρπαγῆς,</span> 
     </span>
    </p>
   </div>
   <div class='ocr_carea' id='block_1_12' title="bbox 414 1385 2071 1459">
    <p class='ocr_par' dir='ltr' id='par_1_12' title="bbox 414 1385 2071 1459">
     <span class='ocr_line' id='line_1_12' title="bbox 414 1385 2071 1459; baseline 0.002 -22"><span class='ocrx_word' id='word_1_92' title='bbox 414 1385 617 1454; x_wconf 86' lang='grc' dir='ltr'>ταύτην</span> <span class='ocrx_word' id='word_1_93' title='bbox 647 1387 829 1448; x_wconf 84' lang='grc' dir='ltr'>αὐτοῖς</span> <span class='ocrx_word' id='word_1_94' title='bbox 867 1385 1058 1454; x_wconf 88' lang='grc' dir='ltr'>ἐπάγει</span> <span class='ocrx_word' id='word_1_95' title='bbox 1090 1385 1187 1456; x_wconf 82' lang='grc' dir='ltr'>τὴν</span> <span class='ocrx_word' id='word_1_96' title='bbox 1218 1387 1462 1457; x_wconf 80' lang='grc' dir='ltr'>ἀπειλὴν,</span> <span class='ocrx_word' id='word_1_97' title='bbox 1495 1387 1686 1456; x_wconf 88' lang='grc' dir='ltr'>λέγων,</span> <span class='ocrx_word' id='word_1_98' title='bbox 1721 1390 1801 1441; x_wconf 87' lang='grc' dir='ltr'>ὃτι</span> <span class='ocrx_word' id='word_1_99' title='bbox 1830 1389 2071 1459; x_wconf 84' lang='grc' dir='ltr'>καμοῦν-</span> 
     </span>
    </p>
   </div>
   <div class='ocr_carea' id='block_1_13' title="bbox 414 1471 2073 1544">
    <p class='ocr_par' dir='ltr' id='par_1_13' title="bbox 414 1471 2073 1544">
     <span class='ocr_line' id='line_1_13' title="bbox 414 1471 2073 1544; baseline 0.003 -23"><span class='ocrx_word' id='word_1_100' title='bbox 414 1488 505 1524; x_wconf 88' lang='grc' dir='ltr'>ται</span> <span class='ocrx_word' id='word_1_101' title='bbox 537 1473 634 1541; x_wconf 82' lang='grc' dir='ltr'>μὲν</span> <span class='ocrx_word' id='word_1_102' title='bbox 661 1472 751 1524; x_wconf 75' lang='grc' dir='ltr'>καὶ</span> <span class='ocrx_word' id='word_1_103' title='bbox 775 1471 1268 1541; x_wconf 85' lang='grc' dir='ltr'>ταλαιπωρήσουσι,</span> <span class='ocrx_word' id='word_1_104' title='bbox 1297 1473 1390 1525; x_wconf 78' lang='grc' dir='ltr'>καὶ</span> <span class='ocrx_word' id='word_1_105' title='bbox 1418 1472 1516 1543; x_wconf 81' lang='grc' dir='ltr'>τὴν</span> <span class='ocrx_word' id='word_1_106' title='bbox 1546 1474 1815 1542; x_wconf 82' lang='grc' dir='ltr'>ἁμαρτίαν</span> <span class='ocrx_word' id='word_1_107' title='bbox 1852 1473 2073 1544; x_wconf 87' lang='grc' dir='ltr'>καρπώ-</span> 
     </span>
    </p>
   </div>
   <div class='ocr_carea' id='block_1_14' title="bbox 418 1558 2072 1631">
    <p class='ocr_par' dir='ltr' id='par_1_14' title="bbox 418 1558 2072 1631">
     <span class='ocr_line' id='line_1_14' title="bbox 418 1558 2072 1631; baseline 0.002 -23"><span class='ocrx_word' id='word_1_108' title='bbox 418 1575 618 1622; x_wconf 90' lang='grc' dir='ltr'>σονται,</span> <span class='ocrx_word' id='word_1_109' title='bbox 659 1559 760 1627; x_wconf 84' lang='grc' dir='ltr'>τῆς</span> <span class='ocrx_word' id='word_1_110' title='bbox 799 1558 855 1610; x_wconf 87' lang='grc' dir='ltr'>δέ</span> <span class='ocrx_word' id='word_1_111' title='bbox 885 1558 1230 1622; x_wconf 85' lang='grc' dir='ltr'>ἀπολαύσεως</span> <span class='ocrx_word' id='word_1_112' title='bbox 1263 1560 1615 1612; x_wconf 78' lang='grc' dir='ltr'>ἐκπεσοῦνται</span> <span class='ocrx_word' id='word_1_113' title='bbox 1659 1560 1795 1631; x_wconf 75' lang='grc'>[56].</span> <span class='ocrx_word' id='word_1_114' title='bbox 1829 1562 1942 1614; x_wconf 85' lang='grc' dir='ltr'>υὺκ</span> <span class='ocrx_word' id='word_1_115' title='bbox 1976 1563 2072 1630; x_wconf 85' lang='grc' dir='ltr'>ἐφ-</span> 
     </span>
    </p>
   </div>
   <div class='ocr_carea' id='block_1_15' title="bbox 416 1644 2072 1716">
    <p class='ocr_par' dir='ltr' id='par_1_15' title="bbox 416 1644 2072 1716">
     <span class='ocr_line' id='line_1_15' title="bbox 416 1644 2072 1716; baseline 0.004 -22"><span class='ocrx_word' id='word_1_116' title='bbox 416 1644 675 1713; x_wconf 80' lang='grc' dir='ltr'>ησυχάζει</span> <span class='ocrx_word' id='word_1_117' title='bbox 705 1644 831 1714; x_wconf 83' lang='grc' dir='ltr'>γὰρ,</span> <span class='ocrx_word' id='word_1_118' title='bbox 863 1646 1015 1715; x_wconf 74' lang='grc' dir='ltr'>φησί,</span> <span class='ocrx_word' id='word_1_119' title='bbox 1039 1649 1154 1708; x_wconf 88' lang='grc' dir='ltr'>τοῖς</span> <span class='ocrx_word' id='word_1_120' title='bbox 1180 1647 1483 1716; x_wconf 85' lang='grc' dir='ltr'>γινομένοις</span> <span class='ocrx_word' id='word_1_121' title='bbox 1511 1649 1538 1698; x_wconf 88' lang='grc' dir='ltr'>ό</span> <span class='ocrx_word' id='word_1_122' title='bbox 1561 1649 1851 1716; x_wconf 84' lang='grc' dir='ltr'>ἀκοίμητος</span> <span class='ocrx_word' id='word_1_123' title='bbox 1874 1648 2072 1715; x_wconf 79' lang='grc' dir='ltr'>ὀφθαλ-</span> 
     </span>
    </p>
   </div>
   <div class='ocr_carea' id='block_1_16' title="bbox 420 1729 2073 1802">
    <p class='ocr_par' dir='ltr' id='par_1_16' title="bbox 420 1729 2073 1802">
     <span class='ocr_line' id='line_1_16' title="bbox 420 1729 2073 1802; baseline 0.003 -20"><span class='ocrx_word' id='word_1_124' title='bbox 420 1729 535 1799; x_wconf 88' lang='grc' dir='ltr'>μός.</span> <span class='ocrx_word' id='word_1_125' title='bbox 570 1731 641 1781; x_wconf 87' lang='grc' dir='ltr'>Τὸ</span> <span class='ocrx_word' id='word_1_126' title='bbox 670 1731 749 1793; x_wconf 81' lang='grc' dir='ltr'>δὲ,</span> <span class='ocrx_word' id='word_1_127' title='bbox 780 1730 1047 1802; x_wconf 79' lang='grc' dir='ltr'>Ἠκούσθη</span> <span class='ocrx_word' id='word_1_128' title='bbox 1073 1730 1188 1797; x_wconf 92' lang='grc' dir='ltr'>νῦν,</span> <span class='ocrx_word' id='word_1_129' title='bbox 1212 1733 1312 1801; x_wconf 76' lang='grc' dir='ltr'>οὐχ</span> <span class='ocrx_word' id='word_1_130' title='bbox 1343 1731 1418 1795; x_wconf 87' lang='grc' dir='ltr'>ὡς</span> <span class='ocrx_word' id='word_1_131' title='bbox 1455 1732 1572 1784; x_wconf 86' lang='grc' dir='ltr'>τότε</span> <span class='ocrx_word' id='word_1_132' title='bbox 1594 1732 1702 1784; x_wconf 89' lang='grc' dir='ltr'>τῶν</span> <span class='ocrx_word' id='word_1_133' title='bbox 1735 1734 2073 1802; x_wconf 84' lang='grc' dir='ltr'>πραγμάτων</span> 
     </span>
    </p>
   </div>
   <div class='ocr_carea' id='block_1_17' title="bbox 415 1817 2074 1888">
    <p class='ocr_par' dir='ltr' id='par_1_17' title="bbox 415 1817 2074 1888">
     <span class='ocr_line' id='line_1_17' title="bbox 415 1817 2074 1888; baseline 0.002 -21"><span class='ocrx_word' id='word_1_134' title='bbox 415 1817 706 1887; x_wconf 83' lang='grc' dir='ltr'>γνωρίμων</span> <span class='ocrx_word' id='word_1_135' title='bbox 748 1821 1047 1887; x_wconf 82' lang='grc' dir='ltr'>γενομένων</span> <span class='ocrx_word' id='word_1_136' title='bbox 1090 1818 1237 1888; x_wconf 79' lang='grc' dir='ltr'>αὐτῴ</span> <span class='ocrx_word' id='word_1_137' title='bbox 1285 1817 1460 1870; x_wconf 88' lang='grc' dir='ltr'>ταῦτά</span> <span class='ocrx_word' id='word_1_138' title='bbox 1499 1835 1681 1887; x_wconf 82' lang='grc' dir='ltr'>φησιν,</span> <span class='ocrx_word' id='word_1_139' title='bbox 1724 1819 1837 1870; x_wconf 81' lang='grc' dir='ltr'>ἀλλ’</span> <span class='ocrx_word' id='word_1_140' title='bbox 1872 1819 1947 1882; x_wconf 86' lang='grc' dir='ltr'>ὼς</span> <span class='ocrx_word' id='word_1_141' title='bbox 1975 1819 2074 1888; x_wconf 82' lang='grc' dir='ltr'>τῆς</span> 
     </span>
    </p>
   </div>
   <div class='ocr_carea' id='block_1_18' title="bbox 415 1899 2073 1974">
    <p class='ocr_par' dir='ltr' id='par_1_18' title="bbox 415 1899 2073 1974">
     <span class='ocr_line' id='line_1_18' title="bbox 415 1899 2073 1974; baseline 0.003 -22"><span class='ocrx_word' id='word_1_142' title='bbox 415 1899 569 1971; x_wconf 80' lang='grc' dir='ltr'>δίκης</span> <span class='ocrx_word' id='word_1_143' title='bbox 601 1902 740 1955; x_wconf 87' lang='grc' dir='ltr'>κατά</span> <span class='ocrx_word' id='word_1_144' title='bbox 772 1903 932 1966; x_wconf 83' lang='grc' dir='ltr'>πόδας</span> <span class='ocrx_word' id='word_1_145' title='bbox 966 1902 1147 1972; x_wconf 89' lang='grc' dir='ltr'>ἰούσης</span> <span class='ocrx_word' id='word_1_146' title='bbox 1182 1903 1385 1966; x_wconf 83' lang='grc' dir='ltr'>λοιπὸν,</span> <span class='ocrx_word' id='word_1_147' title='bbox 1418 1905 1510 1957; x_wconf 64' lang='grc' dir='ltr'>καὶ⁵</span> <span class='ocrx_word' id='word_1_148' title='bbox 1545 1907 1642 1974; x_wconf 84' lang='grc' dir='ltr'>τῆς</span> <span class='ocrx_word' id='word_1_149' title='bbox 1672 1905 2073 1969; x_wconf 88' lang='grc' dir='ltr'>ἀνταποδόσεως</span> 
     </span>
    </p>
   </div>
   <div class='ocr_carea' id='block_1_19' title="bbox 416 1986 2074 2058">
    <p class='ocr_par' dir='ltr' id='par_1_19' title="bbox 416 1986 2074 2058">
     <span class='ocr_line' id='line_1_19' title="bbox 416 1986 2074 2058; baseline 0.003 -20"><span class='ocrx_word' id='word_1_150' title='bbox 416 1986 727 2058; x_wconf 79' lang='grc' dir='ltr'>γινομένης.</span> <span class='ocrx_word' id='word_1_151' title='bbox 785 1989 924 2045; x_wconf 82' lang='grc' dir='ltr'>Ἐὰν</span> <span class='ocrx_word' id='word_1_152' title='bbox 979 1989 1088 2058; x_wconf 74' lang='grc' dir='ltr'>γὰρ</span> <span class='ocrx_word' id='word_1_153' title='bbox 1130 1989 1412 2058; x_wconf 77' lang='grc' dir='ltr'>γένωνται</span> <span class='ocrx_word' id='word_1_154' title='bbox 1455 1991 1632 2044; x_wconf 74' lang='grc' dir='ltr'>οἰκίαι</span> <span class='ocrx_word' id='word_1_155' title='bbox 1677 1991 1934 2055; x_wconf 71' lang='grc' dir='ltr'>πολλαὶ,</span> <span class='ocrx_word' id='word_1_156' title='bbox 1987 1993 2074 2057; x_wconf 85' lang='grc' dir='ltr'>εἰς</span> 
     </span>
    </p>
   </div>
   <div class='ocr_carea' id='block_1_20' title="bbox 415 2072 2073 2146">
    <p class='ocr_par' dir='ltr' id='par_1_20' title="bbox 415 2072 2073 2146">
     <span class='ocr_line' id='line_1_20' title="bbox 415 2072 2073 2146; baseline 0.005 -23"><span class='ocrx_word' id='word_1_157' title='bbox 415 2072 638 2140; x_wconf 73' lang='grc' dir='ltr'>ἔρημον</span> <span class='ocrx_word' id='word_1_158' title='bbox 663 2074 904 2128; x_wconf 71' lang='grc' dir='ltr'>ἔσονται</span> <span class='ocrx_word' id='word_1_159' title='bbox 929 2075 1182 2146; x_wconf 67' lang='grc' dir='ltr'>μεγάλαι</span> <span class='ocrx_word' id='word_1_160' title='bbox 1215 2076 1312 2129; x_wconf 80' lang='grc' dir='ltr'>καὶ</span> <span class='ocrx_word' id='word_1_161' title='bbox 1334 2078 1534 2142; x_wconf 72' lang='grc' dir='ltr'>καλαὶ,</span> <span class='ocrx_word' id='word_1_162' title='bbox 1565 2076 1664 2131; x_wconf 83' lang='grc' dir='ltr'>καί</span> <span class='ocrx_word' id='word_1_163' title='bbox 1688 2078 1799 2130; x_wconf 85' lang='grc' dir='ltr'>οὐκ</span> <span class='ocrx_word' id='word_1_164' title='bbox 1830 2076 2073 2134; x_wconf 82' lang='grc' dir='ltr'>ἔσονται</span> 
     </span>
    </p>
   </div>
   <div class='ocr_carea' id='block_1_21' title="bbox 415 2161 1266 2229">
    <p class='ocr_par' dir='ltr' id='par_1_21' title="bbox 415 2161 1266 2229">
     <span class='ocr_line' id='line_1_21' title="bbox 415 2161 1266 2229; baseline 0.006 -18"><span class='ocrx_word' id='word_1_165' title='bbox 415 2163 470 2212; x_wconf 89' lang='grc' dir='ltr'>οί</span> <span class='ocrx_word' id='word_1_166' title='bbox 509 2161 925 2228; x_wconf 81' lang='grc' dir='ltr'>κατοικοῦντες</span> <span class='ocrx_word' id='word_1_167' title='bbox 947 2163 1014 2214; x_wconf 85' lang='grc' dir='ltr'>ἐν</span> <span class='ocrx_word' id='word_1_168' title='bbox 1040 2163 1266 2229; x_wconf 82' lang='grc' dir='ltr'>αὑταῖς.</span> 
     </span>
    </p>
   </div>
   <div class='ocr_carea' id='block_1_22' title="bbox 487 2245 2075 2324">
    <p class='ocr_par' dir='ltr' id='par_1_22' title="bbox 487 2245 2075 2324">
     <span class='ocr_line' id='line_1_22' title="bbox 487 2245 2075 2324; baseline 0.003 -26"><span class='ocrx_word' id='word_1_169' title='bbox 487 2245 737 2300; x_wconf 88' lang='grc' dir='ltr'>Τοιοῦτον</span> <span class='ocrx_word' id='word_1_170' title='bbox 777 2248 882 2317; x_wconf 80' lang='grc' dir='ltr'>γὰρ</span> <span class='ocrx_word' id='word_1_171' title='bbox 923 2251 954 2317; x_wconf 81' lang='grc' dir='ltr'>ἡ</span> <span class='ocrx_word' id='word_1_172' title='bbox 993 2249 1305 2315; x_wconf 73' lang='grc' dir='ltr'>πλεονεξία*</span> <span class='ocrx_word' id='word_1_173' title='bbox 1345 2251 1472 2304; x_wconf 82' lang='grc' dir='ltr'>ὅταν</span> <span class='ocrx_word' id='word_1_174' title='bbox 1520 2249 1738 2305; x_wconf 85' lang='grc' dir='ltr'>πλείονα</span> <span class='ocrx_word' id='word_1_175' title='bbox 1776 2250 2075 2324; x_wconf 82' lang='grc' dir='ltr'>περιϐάλλῃ</span> 
     </span>
    </p>
   </div>
   <div class='ocr_carea' id='block_1_23' title="bbox 415 2334 2074 2408">
    <p class='ocr_par' dir='ltr' id='par_1_23' title="bbox 415 2334 2074 2408">
     <span class='ocr_line' id='line_1_23' title="bbox 415 2334 2074 2408; baseline 0.002 -23"><span class='ocrx_word' id='word_1_176' title='bbox 415 2336 529 2396; x_wconf 87' lang='grc' dir='ltr'>τοῖς</span> <span class='ocrx_word' id='word_1_177' title='bbox 559 2334 762 2404; x_wconf 78' lang='grc' dir='ltr'>ἔχουσι,</span> <span class='ocrx_word' id='word_1_178' title='bbox 794 2337 888 2389; x_wconf 71' lang='grc' dir='ltr'>καὶ</span> <span class='ocrx_word' id='word_1_179' title='bbox 918 2335 1024 2389; x_wconf 87' lang='grc' dir='ltr'>τῶν</span> <span class='ocrx_word' id='word_1_180' title='bbox 1051 2339 1327 2408; x_wconf 85' lang='grc' dir='ltr'>προτέρων</span> <span class='ocrx_word' id='word_1_181' title='bbox 1366 2337 1561 2398; x_wconf 79' lang='grc' dir='ltr'>αὐτοὺς</span> <span class='ocrx_word' id='word_1_182' title='bbox 1593 2336 1874 2407; x_wconf 84' lang='grc' dir='ltr'>ἐξήγαγεν.</span> <span class='ocrx_word' id='word_1_183' title='bbox 1915 2339 1980 2389; x_wconf 89' lang='grc' dir='ltr'><em>Ὃ</em></span> <span class='ocrx_word' id='word_1_184' title='bbox 2011 2337 2074 2408; x_wconf 84' lang='grc' dir='ltr'>δὴ</span> 
     </span>
    </p>
   </div>
   <div class='ocr_carea' id='block_1_24' title="bbox 417 2419 2074 2494">
    <p class='ocr_par' dir='ltr' id='par_1_24' title="bbox 417 2419 2074 2494">
     <span class='ocr_line' id='line_1_24' title="bbox 417 2419 2074 2494; baseline 0.004 -23"><span class='ocrx_word' id='word_1_185' title='bbox 417 2419 512 2472; x_wconf 79' lang='grc' dir='ltr'>καὶ</span> <span class='ocrx_word' id='word_1_186' title='bbox 551 2420 780 2473; x_wconf 87' lang='grc' dir='ltr'>ἐνταῦθα</span> <span class='ocrx_word' id='word_1_187' title='bbox 810 2422 1100 2475; x_wconf 84' lang='grc' dir='ltr'>αἰνίττεται</span> <span class='ocrx_word' id='word_1_188' title='bbox 1133 2423 1302 2491; x_wconf 90' lang='grc' dir='ltr'>λέγων</span> <span class='ocrx_word' id='word_1_189' title='bbox 1324 2462 1339 2486; x_wconf 88' lang='grc'>,</span> <span class='ocrx_word' id='word_1_190' title='bbox 1374 2423 1455 2476; x_wconf 87' lang='grc' dir='ltr'>ὄτι</span> <span class='ocrx_word' id='word_1_191' title='bbox 1483 2425 1654 2477; x_wconf 82' lang='grc' dir='ltr'>’Ὂταν</span> <span class='ocrx_word' id='word_1_192' title='bbox 1687 2423 2074 2494; x_wconf 86' lang='grc' dir='ltr'>οἰκοδομήσητε</span> 
     </span>
    </p>
   </div>
   <div class='ocr_carea' id='block_1_25' title="bbox 417 2506 2074 2583">
    <p class='ocr_par' dir='ltr' id='par_1_25' title="bbox 417 2506 2074 2583">
     <span class='ocr_line' id='line_1_25' title="bbox 417 2506 2074 2583; baseline 0.005 -26"><span class='ocrx_word' id='word_1_193' title='bbox 417 2506 699 2577; x_wconf 82' lang='grc' dir='ltr'>λαμπρῶς,</span> <span class='ocrx_word' id='word_1_194' title='bbox 733 2510 823 2560; x_wconf 73' lang='grc' dir='ltr'>καὶ</span> <span class='ocrx_word' id='word_1_195' title='bbox 856 2509 922 2563; x_wconf 72' lang='grc' dir='ltr'>τὰ</span> <span class='ocrx_word' id='word_1_196' title='bbox 958 2511 1171 2563; x_wconf 87' lang='grc' dir='ltr'>πάντων</span> <span class='ocrx_word' id='word_1_197' title='bbox 1202 2511 1353 2580; x_wconf 85' lang='grc' dir='ltr'>ὑμῶν</span> <span class='ocrx_word' id='word_1_198' title='bbox 1382 2511 1560 2564; x_wconf 82' lang='grc' dir='ltr'>αὐτῶν</span> <span class='ocrx_word' id='word_1_199' title='bbox 1601 2511 1914 2583; x_wconf 80' lang='grc' dir='ltr'>ποιήσησθε,</span> <span class='ocrx_word' id='word_1_200' title='bbox 1954 2512 2074 2565; x_wconf 87' lang='grc' dir='ltr'>τότε</span> 
     </span>
    </p>
   </div>
   <div class='ocr_carea' id='block_1_26' title="bbox 418 2595 2076 2671">
    <p class='ocr_par' dir='ltr' id='par_1_26' title="bbox 418 2595 2076 2671">
     <span class='ocr_line' id='line_1_26' title="bbox 418 2595 2076 2671; baseline 0.004 -25"><span class='ocrx_word' id='word_1_201' title='bbox 418 2597 510 2646; x_wconf 78' lang='grc' dir='ltr'>καὶ</span> <span class='ocrx_word' id='word_1_202' title='bbox 535 2595 643 2648; x_wconf 85' lang='grc' dir='ltr'>τῶν</span> <span class='ocrx_word' id='word_1_203' title='bbox 668 2599 944 2667; x_wconf 80' lang='grc' dir='ltr'>προτέρων</span> <span class='ocrx_word' id='word_1_204' title='bbox 969 2599 1358 2671; x_wconf 87' lang='grc' dir='ltr'>ἀποστήσεσθε.</span> <span class='ocrx_word' id='word_1_205' title='bbox 1379 2601 1486 2653; x_wconf 77' lang='grc' dir='ltr'>Καὶ</span> <span class='ocrx_word' id='word_1_206' title='bbox 1510 2602 1795 2670; x_wconf 83' lang='grc' dir='ltr'>στήσονται</span> <span class='ocrx_word' id='word_1_207' title='bbox 1827 2603 1881 2654; x_wconf 87' lang='grc' dir='ltr'>αἰ</span> <span class='ocrx_word' id='word_1_208' title='bbox 1907 2602 2076 2654; x_wconf 85' lang='grc' dir='ltr'>οίκίαι</span> 
     </span>
    </p>
   </div>
   <div class='ocr_carea' id='block_1_27' title="bbox 417 2683 2074 2759">
    <p class='ocr_par' dir='ltr' id='par_1_27' title="bbox 417 2683 2074 2759">
     <span class='ocr_line' id='line_1_27' title="bbox 417 2683 2074 2759; baseline 0.005 -26"><span class='ocrx_word' id='word_1_209' title='bbox 417 2683 704 2752; x_wconf 82' lang='grc' dir='ltr'>οἰκήτορας</span> <span class='ocrx_word' id='word_1_210' title='bbox 738 2685 836 2753; x_wconf 85' lang='grc' dir='ltr'>μὲν</span> <span class='ocrx_word' id='word_1_211' title='bbox 873 2686 970 2738; x_wconf 80' lang='grc' dir='ltr'>οὐκ</span> <span class='ocrx_word' id='word_1_212' title='bbox 1018 2687 1255 2756; x_wconf 74' lang='grc' dir='ltr'>ἔχουσαι,</span> <span class='ocrx_word' id='word_1_213' title='bbox 1283 2688 1578 2756; x_wconf 84' lang='grc' dir='ltr'>σάλπιγγος</span> <span class='ocrx_word' id='word_1_214' title='bbox 1620 2689 1677 2741; x_wconf 85' lang='grc' dir='ltr'>δὲ</span> <span class='ocrx_word' id='word_1_215' title='bbox 1708 2689 1888 2759; x_wconf 85' lang='grc' dir='ltr'>πάσης</span> <span class='ocrx_word' id='word_1_216' title='bbox 1933 2689 2074 2759; x_wconf 87' lang='grc' dir='ltr'>λαμ-</span> 
     </span>
    </p>
   </div>
   <div class='ocr_carea' id='block_1_28' title="bbox 418 2770 2077 2846">
    <p class='ocr_par' dir='ltr' id='par_1_28' title="bbox 418 2770 2077 2846">
     <span class='ocr_line' id='line_1_28' title="bbox 418 2770 2077 2846; baseline 0.005 -26"><span class='ocrx_word' id='word_1_217' title='bbox 418 2770 687 2839; x_wconf 81' lang='grc' dir='ltr'>προτέραν</span> <span class='ocrx_word' id='word_1_218' title='bbox 729 2771 968 2838; x_wconf 73' lang='grc' dir='ltr'>ἀφιεῖσαι</span> <span class='ocrx_word' id='word_1_219' title='bbox 1009 2773 1190 2841; x_wconf 81' lang='grc' dir='ltr'>φωνὴν</span> <span class='ocrx_word' id='word_1_220' title='bbox 1242 2775 1381 2826; x_wconf 86' lang='grc' dir='ltr'>κατά</span> <span class='ocrx_word' id='word_1_221' title='bbox 1411 2775 1520 2826; x_wconf 87' lang='grc' dir='ltr'>τῶν</span> <span class='ocrx_word' id='word_1_222' title='bbox 1567 2777 1717 2844; x_wconf 83' lang='grc' dir='ltr'>παρά</span> <span class='ocrx_word' id='word_1_223' title='bbox 1756 2776 1854 2846; x_wconf 81' lang='grc' dir='ltr'>τὴν</span> <span class='ocrx_word' id='word_1_224' title='bbox 1903 2777 2077 2844; x_wconf 83' lang='grc' dir='ltr'>ἀρχὴν</span> 
     </span>
    </p>
   </div>
   <div class='ocr_carea' id='block_1_29' title="bbox 416 2856 2076 2930">
    <p class='ocr_par' dir='ltr' id='par_1_29' title="bbox 416 2856 2076 2930">
     <span class='ocr_line' id='line_1_29' title="bbox 416 2856 2076 2930; baseline 0.003 -22"><span class='ocrx_word' id='word_1_225' title='bbox 416 2856 742 2924; x_wconf 85' lang='grc' dir='ltr'>ήρπακότων</span> <span class='ocrx_word' id='word_1_226' title='bbox 788 2858 986 2924; x_wconf 78' lang='grc' dir='ltr'>αὑτὰς,</span> <span class='ocrx_word' id='word_1_227' title='bbox 1035 2860 1132 2930; x_wconf 85' lang='grc' dir='ltr'>τῆς</span> <span class='ocrx_word' id='word_1_228' title='bbox 1177 2859 1506 2930; x_wconf 80' lang='grc' dir='ltr'>ἐρημώσεως</span> <span class='ocrx_word' id='word_1_229' title='bbox 1537 2862 1636 2929; x_wconf 84' lang='grc' dir='ltr'>τῆς</span> <span class='ocrx_word' id='word_1_230' title='bbox 1687 2862 2076 2930; x_wconf 84' lang='grc' dir='ltr'>ἐπιτεταμένης</span> 
     </span>
    </p>
   </div>
   <div class='ocr_carea' id='block_1_30' title="bbox 418 2943 2077 3016">
    <p class='ocr_par' dir='ltr' id='par_1_30' title="bbox 418 2943 2077 3016">
     <span class='ocr_line' id='line_1_30' title="bbox 418 2943 2077 3016; baseline 0.003 -20"><span class='ocrx_word' id='word_1_231' title='bbox 418 2943 540 2996; x_wconf 72' lang='grc' dir='ltr'>ἀντὶ</span> <span class='ocrx_word' id='word_1_232' title='bbox 562 2945 819 3014; x_wconf 74' lang='grc' dir='ltr'>τροπαίου</span> <span class='ocrx_word' id='word_1_233' title='bbox 850 2945 992 3009; x_wconf 72' lang='grc' dir='ltr'>τινος</span> <span class='ocrx_word' id='word_1_234' title='bbox 1015 2947 1364 3016; x_wconf 80' lang='grc' dir='ltr'>φαινομένης.</span> <span class='ocrx_word' id='word_1_235' title='bbox 1395 2944 1477 3002; x_wconf 86' lang='grc' dir='ltr'><em>Οὖ</em></span> <span class='ocrx_word' id='word_1_236' title='bbox 1501 2949 1608 3016; x_wconf 74' lang='grc' dir='ltr'>γὰρ</span> <span class='ocrx_word' id='word_1_237' title='bbox 1630 2947 1910 3016; x_wconf 73' lang='grc' dir='ltr'>ἐργῶνται</span> <span class='ocrx_word' id='word_1_238' title='bbox 1931 2947 2077 3002; x_wconf 78' lang='grc' dir='ltr'>δέκα</span> 
     </span>
    </p>
   </div>
   <div class='ocr_carea' id='block_1_31' title="bbox 420 3027 2077 3102">
    <p class='ocr_par' dir='ltr' id='par_1_31' title="bbox 420 3027 2077 3102">
     <span class='ocr_line' id='line_1_31' title="bbox 420 3027 2077 3102; baseline 0 -16"><span class='ocrx_word' id='word_1_239' title='bbox 420 3027 590 3096; x_wconf 71' lang='grc' dir='ltr'>ζεύγη</span> <span class='ocrx_word' id='word_1_240' title='bbox 632 3029 814 3094; x_wconf 79' lang='grc' dir='ltr'>βοῶν,</span> <span class='ocrx_word' id='word_1_241' title='bbox 860 3031 1094 3097; x_wconf 74' lang='grc' dir='ltr'>ποιήσει</span> <span class='ocrx_word' id='word_1_242' title='bbox 1143 3033 1422 3101; x_wconf 80' lang='grc' dir='ltr'>κεράμιον</span> <span class='ocrx_word' id='word_1_243' title='bbox 1460 3034 1560 3087; x_wconf 85' lang='grc' dir='ltr'>ἓν·</span> <span class='ocrx_word' id='word_1_244' title='bbox 1606 3035 1700 3086; x_wconf 79' lang='grc' dir='ltr'>καί</span> <span class='ocrx_word' id='word_1_245' title='bbox 1744 3037 1775 3087; x_wconf 84' lang='grc' dir='ltr'>ό</span> <span class='ocrx_word' id='word_1_246' title='bbox 1817 3035 2077 3102; x_wconf 84' lang='grc' dir='ltr'>σπείρων</span> 
     </span>
    </p>
   </div>
   <div class='ocr_carea' id='block_1_32' title="bbox 417 3117 2077 3193">
    <p class='ocr_par' dir='ltr' id='par_1_32' title="bbox 417 3117 2077 3193">
     <span class='ocr_line' id='line_1_32' title="bbox 417 3117 2077 3193; baseline 0.003 -25"><span class='ocrx_word' id='word_1_247' title='bbox 417 3117 675 3182; x_wconf 74' lang='grc' dir='ltr'>ἀρτάϐας</span> <span class='ocrx_word' id='word_1_248' title='bbox 700 3117 789 3182; x_wconf 78' lang='grc' dir='ltr'>ἐξ,</span> <span class='ocrx_word' id='word_1_249' title='bbox 815 3118 1052 3183; x_wconf 74' lang='grc' dir='ltr'>ποιήσει</span> <span class='ocrx_word' id='word_1_250' title='bbox 1081 3120 1265 3189; x_wconf 86' lang='grc' dir='ltr'>μέτρα</span> <span class='ocrx_word' id='word_1_251' title='bbox 1291 3124 1440 3190; x_wconf 83' lang='grc' dir='ltr'>τρία.</span> <span class='ocrx_word' id='word_1_252' title='bbox 1474 3122 1604 3174; x_wconf 80' lang='grc' dir='ltr'>’Λπὺ</span> <span class='ocrx_word' id='word_1_253' title='bbox 1631 3125 1726 3193; x_wconf 82' lang='grc' dir='ltr'>τῆς</span> <span class='ocrx_word' id='word_1_254' title='bbox 1757 3122 1962 3184; x_wconf 84' lang='grc' dir='ltr'>πόλεως</span> <span class='ocrx_word' id='word_1_255' title='bbox 1987 3121 2077 3174; x_wconf 79' lang='grc' dir='ltr'>ἐπὶ</span> 
     </span>
    </p>
   </div>
   <div class='ocr_carea' id='block_1_33' title="bbox 417 3202 2078 3277">
    <p class='ocr_par' dir='ltr' id='par_1_33' title="bbox 417 3202 2078 3277">
     <span class='ocr_line' id='line_1_33' title="bbox 417 3202 2078 3277; baseline 0.005 -25"><span class='ocrx_word' id='word_1_256' title='bbox 417 3202 515 3272; x_wconf 75' lang='grc' dir='ltr'>τὴν</span> <span class='ocrx_word' id='word_1_257' title='bbox 545 3204 644 3272; x_wconf 72' lang='grc' dir='ltr'>τῆς</span> <span class='ocrx_word' id='word_1_258' title='bbox 685 3205 864 3275; x_wconf 88' lang='grc' dir='ltr'>χώρας</span> <span class='ocrx_word' id='word_1_259' title='bbox 895 3207 1127 3277; x_wconf 78' lang='grc' dir='ltr'>ἐρημίαν</span> <span class='ocrx_word' id='word_1_260' title='bbox 1164 3209 1344 3276; x_wconf 80' lang='grc' dir='ltr'>ἐξάγει</span> <span class='ocrx_word' id='word_1_261' title='bbox 1376 3209 1467 3260; x_wconf 87' lang='grc' dir='ltr'>τὸν</span> <span class='ocrx_word' id='word_1_262' title='bbox 1501 3209 1673 3276; x_wconf 86' lang='grc' dir='ltr'>λόγον,</span> <span class='ocrx_word' id='word_1_263' title='bbox 1708 3209 1848 3261; x_wconf 82' lang='grc' dir='ltr'>ὥστε</span> <span class='ocrx_word' id='word_1_264' title='bbox 1884 3209 2078 3261; x_wconf 79' lang='grc' dir='ltr'>πάντοο</span> 
     </span>
    </p>
   </div>
   <div class='ocr_carea' id='block_1_34' title="bbox 419 3289 2074 3368">
    <p class='ocr_par' dir='ltr' id='par_1_34' title="bbox 419 3289 2074 3368">
     <span class='ocr_line' id='line_1_34' title="bbox 419 3289 2074 3368; baseline 0.005 -28"><span class='ocrx_word' id='word_1_265' title='bbox 419 3289 510 3342; x_wconf 90' lang='grc' dir='ltr'>θεν</span> <span class='ocrx_word' id='word_1_266' title='bbox 536 3293 874 3361; x_wconf 74' lang='grc' dir='ltr'>καταπλῆξαι</span> <span class='ocrx_word' id='word_1_267' title='bbox 901 3296 990 3347; x_wconf 78' lang='grc' dir='ltr'>τὸν</span> <span class='ocrx_word' id='word_1_268' title='bbox 1015 3299 1306 3366; x_wconf 82' lang='grc' dir='ltr'>ἀκροατήν.</span> <span class='ocrx_word' id='word_1_269' title='bbox 1343 3297 1478 3349; x_wconf 78' lang='grc' dir='ltr'>Οὔτε</span> <span class='ocrx_word' id='word_1_270' title='bbox 1509 3298 1615 3368; x_wconf 82' lang='grc' dir='ltr'>γὰρ</span> <span class='ocrx_word' id='word_1_271' title='bbox 1636 3300 1690 3349; x_wconf 87' lang='grc' dir='ltr'>αί</span> <span class='ocrx_word' id='word_1_272' title='bbox 1713 3298 1900 3360; x_wconf 85' lang='grc' dir='ltr'>οίκίαι,</span> <span class='ocrx_word' id='word_1_273' title='bbox 1922 3298 2074 3366; x_wconf 80' lang='grc' dir='ltr'>φησὶ,</span> 
     </span>
    </p>
   </div>
   <div class='ocr_carea' id='block_1_35' title="bbox 423 3376 2076 3452">
    <p class='ocr_par' dir='ltr' id='par_1_35' title="bbox 423 3376 2076 3452">
     <span class='ocr_line' id='line_1_35' title="bbox 423 3376 2076 3452; baseline 0.004 -24"><span class='ocrx_word' id='word_1_274' title='bbox 423 3376 705 3442; x_wconf 79' lang='grc' dir='ltr'>καθέξουσι</span> <span class='ocrx_word' id='word_1_275' title='bbox 752 3382 876 3442; x_wconf 81' lang='grc' dir='ltr'>τοὺς</span> <span class='ocrx_word' id='word_1_276' title='bbox 904 3381 1264 3442; x_wconf 82' lang='grc' dir='ltr'>ἐνοικοῦντας,</span> <span class='ocrx_word' id='word_1_277' title='bbox 1299 3381 1420 3433; x_wconf 78' lang='grc' dir='ltr'>οὔτε</span> <span class='ocrx_word' id='word_1_278' title='bbox 1456 3384 1488 3451; x_wconf 85' lang='grc' dir='ltr'><strong>ή</strong></span> <span class='ocrx_word' id='word_1_279' title='bbox 1523 3384 1594 3450; x_wconf 85' lang='grc' dir='ltr'>γῆ</span> <span class='ocrx_word' id='word_1_280' title='bbox 1623 3384 1720 3451; x_wconf 81' lang='grc' dir='ltr'>τὴν</span> <span class='ocrx_word' id='word_1_281' title='bbox 1753 3384 1919 3452; x_wconf 82' lang='grc' dir='ltr'>αὐτῆς</span> <span class='ocrx_word' id='word_1_282' title='bbox 1957 3386 2076 3436; x_wconf 89' lang='grc' dir='ltr'>ἐπι-</span> 
     </span>
    </p>
   </div>
   <div class='ocr_carea' id='block_1_36' title="bbox 416 3463 2074 3538">
    <p class='ocr_par' dir='ltr' id='par_1_36' title="bbox 416 3463 2074 3538">
     <span class='ocr_line' id='line_1_36' title="bbox 416 3463 2074 3538; baseline 0.004 -24"><span class='ocrx_word' id='word_1_283' title='bbox 416 3463 643 3528; x_wconf 79' lang='grc' dir='ltr'>δείξεται</span> <span class='ocrx_word' id='word_1_284' title='bbox 671 3465 914 3535; x_wconf 84' lang='grc' dir='ltr'>δύναμιν.</span> <span class='ocrx_word' id='word_1_285' title='bbox 949 3467 1057 3519; x_wconf 74' lang='grc' dir='ltr'>Καὶ</span> <span class='ocrx_word' id='word_1_286' title='bbox 1087 3467 1192 3538; x_wconf 85' lang='grc' dir='ltr'>γὰρ</span> <span class='ocrx_word' id='word_1_287' title='bbox 1226 3468 1282 3532; x_wconf 79' lang='grc' dir='ltr'>ἐξ</span> <span class='ocrx_word' id='word_1_288' title='bbox 1317 3468 1488 3536; x_wconf 84' lang='grc' dir='ltr'>ἀρχῆς</span> <span class='ocrx_word' id='word_1_289' title='bbox 1518 3467 1604 3520; x_wconf 77' lang='grc' dir='ltr'>διὰ</span> <span class='ocrx_word' id='word_1_290' title='bbox 1636 3469 1734 3537; x_wconf 80' lang='grc' dir='ltr'>τὴν</span> <span class='ocrx_word' id='word_1_291' title='bbox 1775 3469 1868 3520; x_wconf 88' lang='grc' dir='ltr'>τοῦ</span> <span class='ocrx_word' id='word_1_292' title='bbox 1906 3469 2074 3538; x_wconf 74' lang='grc' dir='ltr'>’Δδὰμ</span> 
     </span>
    </p>
   </div>
   <div class='ocr_carea' id='block_1_37' title="bbox 421 3552 2073 3625">
    <p class='ocr_par' dir='ltr' id='par_1_37' title="bbox 421 3552 2073 3625">
     <span class='ocr_line' id='line_1_37' title="bbox 421 3552 2073 3625; baseline 0.002 -21"><span class='ocrx_word' id='word_1_293' title='bbox 421 3552 695 3621; x_wconf 88' lang='grc' dir='ltr'>ἁμαρτίαν</span> <span class='ocrx_word' id='word_1_294' title='bbox 734 3553 972 3617; x_wconf 80' lang='grc' dir='ltr'>ἀκάνθας</span> <span class='ocrx_word' id='word_1_295' title='bbox 1024 3555 1117 3606; x_wconf 71' lang='grc' dir='ltr'>καὶ</span> <span class='ocrx_word' id='word_1_296' title='bbox 1155 3553 1432 3624; x_wconf 87' lang='grc' dir='ltr'>τριϐόλους</span> <span class='ocrx_word' id='word_1_297' title='bbox 1476 3554 1765 3624; x_wconf 66' lang='grc' dir='ltr'>ἐξήνεγκεν</span> <span class='ocrx_word' id='word_1_298' title='bbox 1803 3555 1895 3608; x_wconf 78' lang='grc' dir='ltr'>καὶ</span> <span class='ocrx_word' id='word_1_299' title='bbox 1956 3555 2073 3625; x_wconf 82' lang='grc' dir='ltr'>μετ’</span> 
     </span>
    </p>
   </div>
   <div class='ocr_carea' id='block_1_38' title="bbox 418 3638 2074 3712">
    <p class='ocr_par' dir='ltr' id='par_1_38' title="bbox 418 3638 2074 3712">
     <span class='ocr_line' id='line_1_38' title="bbox 418 3638 2074 3712; baseline 0.004 -25"><span class='ocrx_word' id='word_1_300' title='bbox 418 3638 648 3704; x_wconf 81' lang='grc' dir='ltr'>ἐκεῖνον,</span> <span class='ocrx_word' id='word_1_301' title='bbox 681 3639 768 3693; x_wconf 74' lang='grc' dir='ltr'>διὰ</span> <span class='ocrx_word' id='word_1_302' title='bbox 797 3641 892 3712; x_wconf 83' lang='grc' dir='ltr'>τὴν</span> <span class='ocrx_word' id='word_1_303' title='bbox 919 3641 1012 3693; x_wconf 82' lang='grc' dir='ltr'>τοῦ</span> <span class='ocrx_word' id='word_1_304' title='bbox 1049 3641 1188 3694; x_wconf 78' lang='grc' dir='ltr'>Κάῖν</span> <span class='ocrx_word' id='word_1_305' title='bbox 1221 3641 1584 3712; x_wconf 84' lang='grc' dir='ltr'>παρανομίαν,</span> <span class='ocrx_word' id='word_1_306' title='bbox 1609 3641 1864 3695; x_wconf 87' lang='grc' dir='ltr'>ἐλάττονα</span> <span class='ocrx_word' id='word_1_307' title='bbox 1896 3641 2074 3712; x_wconf 78' lang='grc' dir='ltr'>πολλῷ</span> 
     </span>
    </p>
   </div>
   <div class='ocr_carea' id='block_1_39' title="bbox 416 3727 2074 3804">
    <p class='ocr_par' dir='ltr' id='par_1_39' title="bbox 416 3727 2074 3804">
     <span class='ocr_line' id='line_1_39' title="bbox 416 3727 2074 3804; baseline 0.006 -27"><span class='ocrx_word' id='word_1_308' title='bbox 416 3727 507 3778; x_wconf 84' lang='grc' dir='ltr'>τὸν</span> <span class='ocrx_word' id='word_1_309' title='bbox 539 3729 695 3781; x_wconf 80' lang='grc' dir='ltr'>πόνον</span> <span class='ocrx_word' id='word_1_310' title='bbox 725 3729 813 3782; x_wconf 73' lang='grc' dir='ltr'>τὸν</span> <span class='ocrx_word' id='word_1_311' title='bbox 841 3731 1047 3783; x_wconf 88' lang='grc' dir='ltr'>ἐκείνου</span> <span class='ocrx_word' id='word_1_312' title='bbox 1071 3745 1096 3772; x_wconf 78' lang='grc' dir='ltr'>ι</span> <span class='ocrx_word' id='word_1_313' title='bbox 1122 3732 1334 3800; x_wconf 76' lang='grc' dir='ltr'>καὶτῆς</span> <span class='ocrx_word' id='word_1_314' title='bbox 1360 3732 1563 3796; x_wconf 79' lang='grc' dir='ltr'>οἰκείας</span> <span class='ocrx_word' id='word_1_315' title='bbox 1588 3734 1767 3802; x_wconf 86' lang='grc' dir='ltr'>ἰσχύος</span> <span class='ocrx_word' id='word_1_316' title='bbox 1785 3736 1882 3803; x_wconf 81' lang='grc' dir='ltr'>τὴν</span> <span class='ocrx_word' id='word_1_317' title='bbox 1907 3734 2074 3804; x_wconf 81' lang='grc' dir='ltr'>φοράν</span> 
     </span>
    </p>
   </div>
   <div class='ocr_carea' id='block_1_40' title="bbox 417 3815 2074 3890">
    <p class='ocr_par' dir='ltr' id='par_1_40' title="bbox 417 3815 2074 3890">
     <span class='ocr_line' id='line_1_40' title="bbox 417 3815 2074 3890; baseline 0.007 -25"><span class='ocrx_word' id='word_1_318' title='bbox 417 3815 780 3872; x_wconf 81' lang='grc' dir='ltr'>ἐπεδείκνυτο.</span> <span class='ocrx_word' id='word_1_319' title='bbox 828 3820 936 3872; x_wconf 74' lang='grc' dir='ltr'>Καὶ</span> <span class='ocrx_word' id='word_1_320' title='bbox 971 3820 1238 3890; x_wconf 88' lang='grc' dir='ltr'>πολλαχοῦ</span> <span class='ocrx_word' id='word_1_321' title='bbox 1277 3820 1332 3873; x_wconf 83' lang='grc' dir='ltr'>δὲ</span> <span class='ocrx_word' id='word_1_322' title='bbox 1371 3821 1603 3890; x_wconf 82' lang='grc' dir='ltr'>ἀλλαχοῦ</span> <span class='ocrx_word' id='word_1_323' title='bbox 1641 3822 1737 3874; x_wconf 87' lang='grc' dir='ltr'>ῐδοι</span> <span class='ocrx_word' id='word_1_324' title='bbox 1768 3839 1850 3885; x_wconf 89' lang='grc' dir='ltr'>τις</span> <span class='ocrx_word' id='word_1_325' title='bbox 1891 3823 1956 3876; x_wconf 85' lang='grc' dir='ltr'>ἂν</span> <span class='ocrx_word' id='word_1_326' title='bbox 1987 3824 2074 3876; x_wconf 86' lang='grc' dir='ltr'>διά</span> 
     </span>
    </p>
   </div>
   <div class='ocr_carea' id='block_1_41' title="bbox 416 3902 2076 3979">
    <p class='ocr_par' dir='ltr' id='par_1_41' title="bbox 416 3902 2076 3979">
     <span class='ocr_line' id='line_1_41' title="bbox 416 3902 2076 3979; baseline 0.005 -26"><span class='ocrx_word' id='word_1_327' title='bbox 416 3902 514 3964; x_wconf 70' lang='grc' dir='ltr'>τὰς</span> <span class='ocrx_word' id='word_1_328' title='bbox 557 3904 666 3957; x_wconf 89' lang='grc' dir='ltr'>τῶν</span> <span class='ocrx_word' id='word_1_329' title='bbox 698 3905 996 3978; x_wconf 86' lang='grc' dir='ltr'>ἀνθρώπων</span> <span class='ocrx_word' id='word_1_330' title='bbox 1037 3909 1308 3978; x_wconf 84' lang='grc' dir='ltr'>ἁμαρτίας</span> <span class='ocrx_word' id='word_1_331' title='bbox 1347 3909 1515 3977; x_wconf 77' lang='grc' dir='ltr'>αὐτὴν</span> <span class='ocrx_word' id='word_1_332' title='bbox 1551 3908 1932 3979; x_wconf 76' lang='grc' dir='ltr'>κολαζομένην.</span> <span class='ocrx_word' id='word_1_333' title='bbox 1970 3911 2076 3962; x_wconf 78' lang='grc' dir='ltr'>Καὶ</span> 
     </span>
    </p>
   </div>
   <div class='ocr_carea' id='block_1_42' title="bbox 413 3990 2074 4071">
    <p class='ocr_par' dir='ltr' id='par_1_42' title="bbox 413 3990 2074 4071">
     <span class='ocr_line' id='line_1_42' title="bbox 413 3990 2074 4071; baseline 0.009 -29"><span class='ocrx_word' id='word_1_334' title='bbox 413 3990 466 4042; x_wconf 85' lang='grc' dir='ltr'>τί</span> <span class='ocrx_word' id='word_1_335' title='bbox 499 3991 814 4063; x_wconf 73' lang='grc' dir='ltr'>θαυμάζεις.</span> <span class='ocrx_word' id='word_1_336' title='bbox 849 4000 896 4052; x_wconf 87' lang='grc' dir='ltr'>εἰ</span> <span class='ocrx_word' id='word_1_337' title='bbox 933 4001 1096 4068; x_wconf 88' lang='grc' dir='ltr'>πηροῖ</span> <span class='ocrx_word' id='word_1_338' title='bbox 1117 4000 1214 4063; x_wconf 75' lang='grc' dir='ltr'>τὰς</span> <span class='ocrx_word' id='word_1_339' title='bbox 1242 4001 1403 4069; x_wconf 81' lang='grc' dir='ltr'>γονὰς</span> <span class='ocrx_word' id='word_1_340' title='bbox 1441 4002 1607 4071; x_wconf 79' lang='grc' dir='ltr'>αὐτῆς</span> <span class='ocrx_word' id='word_1_341' title='bbox 1635 4005 1726 4055; x_wconf 77' lang='grc' dir='ltr'>καὶ</span> <span class='ocrx_word' id='word_1_342' title='bbox 1761 4007 1858 4066; x_wconf 81' lang='grc' dir='ltr'>τὰς</span> <span class='ocrx_word' id='word_1_343' title='bbox 1884 4005 2074 4067; x_wconf 86' lang='grc' dir='ltr'>ὠδῖνας</span> 
     </span>
    </p>
   </div>
   <div class='ocr_carea' id='block_1_43' title="bbox 414 4077 2072 4163">
    <p class='ocr_par' dir='ltr' id='par_1_43' title="bbox 414 4077 2072 4163">
     <span class='ocr_line' id='line_1_43' title="bbox 414 4077 2072 4163; baseline 0.01 -35"><span class='ocrx_word' id='word_1_344' title='bbox 414 4077 524 4129; x_wconf 83' lang='grc' dir='ltr'>τῶν</span> <span class='ocrx_word' id='word_1_345' title='bbox 558 4080 857 4151; x_wconf 86' lang='grc' dir='ltr'>ἀνθρώπων</span> <span class='ocrx_word' id='word_1_346' title='bbox 902 4087 934 4153; x_wconf 83' lang='grc' dir='ltr'>ἡ</span> <span class='ocrx_word' id='word_1_347' title='bbox 965 4088 1292 4156; x_wconf 87' lang='grc' dir='ltr'>παρανομία,</span> <span class='ocrx_word' id='word_1_348' title='bbox 1327 4089 1459 4140; x_wconf 84' lang='grc' dir='ltr'>ὅπου</span> <span class='ocrx_word' id='word_1_349' title='bbox 1506 4107 1568 4158; x_wconf 90' lang='grc' dir='ltr'>γε</span> <span class='ocrx_word' id='word_1_350' title='bbox 1611 4092 1702 4143; x_wconf 73' lang='grc' dir='ltr'>καὶ</span> <span class='ocrx_word' id='word_1_351' title='bbox 1751 4092 1960 4163; x_wconf 75' lang='grc' dir='ltr'>φθαρτή</span> <span class='ocrx_word' id='word_1_352' title='bbox 2005 4093 2072 4146; x_wconf 85' lang='grc' dir='ltr'>δι’</span> 
     </span>
    </p>
   </div>
   <div class='ocr_carea' id='block_1_44' title="bbox 417 4168 2071 4246">
    <p class='ocr_par' dir='ltr' id='par_1_44' title="bbox 417 4168 2071 4246">
     <span class='ocr_line' id='line_1_44' title="bbox 417 4168 2071 4246; baseline 0.008 -28"><span class='ocrx_word' id='word_1_353' title='bbox 417 4168 564 4237; x_wconf 69' lang='grc' dir='ltr'>ἡμᾶς</span> <span class='ocrx_word' id='word_1_354' title='bbox 608 4168 846 4233; x_wconf 86' lang='grc' dir='ltr'>ἐγένετο,</span> <span class='ocrx_word' id='word_1_355' title='bbox 888 4171 978 4222; x_wconf 77' lang='grc' dir='ltr'>καὶ</span> <span class='ocrx_word' id='word_1_356' title='bbox 1017 4171 1288 4240; x_wconf 80' lang='grc' dir='ltr'>ἄφθαρτος</span> <span class='ocrx_word' id='word_1_357' title='bbox 1339 4174 1499 4226; x_wconf 85' lang='grc' dir='ltr'>πάλιν</span> <span class='ocrx_word' id='word_1_358' title='bbox 1543 4176 1608 4227; x_wconf 82' lang='grc' dir='ltr'>δι’</span> <span class='ocrx_word' id='word_1_359' title='bbox 1642 4176 1783 4246; x_wconf 81' lang='grc' dir='ltr'>ἡμᾶς</span> <span class='ocrx_word' id='word_1_360' title='bbox 1827 4179 2071 4245; x_wconf 88' lang='grc' dir='ltr'>γίνεται;</span> 
     </span>
    </p>
   </div>
   <div class='ocr_carea' id='block_1_45' title="bbox 431 4253 2078 4335">
    <p class='ocr_par' dir='ltr' id='par_1_45' title="bbox 431 4253 2078 4335">
     <span class='ocr_line' id='line_1_45' title="bbox 431 4253 2078 4335; baseline 0.007 -29"><span class='ocrx_word' id='word_1_361' title='bbox 431 4256 645 4326; x_wconf 81' lang='grc' dir='ltr'>Ἐπειδὴ</span> <span class='ocrx_word' id='word_1_362' title='bbox 677 4258 784 4328; x_wconf 79' lang='grc' dir='ltr'>γὰρ</span> <span class='ocrx_word' id='word_1_363' title='bbox 815 4256 948 4320; x_wconf 84' lang='grc' dir='ltr'>ὅλως</span> <span class='ocrx_word' id='word_1_364' title='bbox 978 4258 1037 4309; x_wconf 86' lang='grc' dir='ltr'>τὸ</span> <span class='ocrx_word' id='word_1_365' title='bbox 1068 4253 1204 4310; x_wconf 79' lang='grc' dir='ltr'>εἰναι</span> <span class='ocrx_word' id='word_1_366' title='bbox 1232 4259 1296 4311; x_wconf 81' lang='grc' dir='ltr'>δι’</span> <span class='ocrx_word' id='word_1_367' title='bbox 1327 4263 1473 4328; x_wconf 77' lang='grc' dir='ltr'>ἡμᾶς</span> <span class='ocrx_word' id='word_1_368' title='bbox 1507 4261 1664 4314; x_wconf 84' lang='grc' dir='ltr'>ἐλαϐε</span> <span class='ocrx_word' id='word_1_369' title='bbox 1700 4265 1790 4315; x_wconf 69' lang='grc' dir='ltr'>καὶ</span> <span class='ocrx_word' id='word_1_370' title='bbox 1817 4267 1911 4335; x_wconf 80' lang='grc' dir='ltr'>τὴν</span> <span class='ocrx_word' id='word_1_371' title='bbox 1937 4267 2078 4334; x_wconf 79' lang='grc' dir='ltr'>ἡμε-</span> 
     </span>
    </p>
   </div>
   <div class='ocr_carea' id='block_1_46' title="bbox 416 4343 2077 4416">
    <p class='ocr_par' dir='ltr' id='par_1_46' title="bbox 416 4343 2077 4416">
     <span class='ocr_line' id='line_1_46' title="bbox 416 4343 2077 4416; baseline 0.006 -21"><span class='ocrx_word' id='word_1_372' title='bbox 416 4343 578 4413; x_wconf 78' lang='grc' dir='ltr'>τέραν</span> <span class='ocrx_word' id='word_1_373' title='bbox 626 4343 930 4408; x_wconf 81' lang='grc' dir='ltr'>διακονίαν,</span> <span class='ocrx_word' id='word_1_374' title='bbox 965 4347 1056 4398; x_wconf 74' lang='grc' dir='ltr'>καὶ</span> <span class='ocrx_word' id='word_1_375' title='bbox 1088 4347 1149 4398; x_wconf 83' lang='grc' dir='ltr'>τὸ</span> <span class='ocrx_word' id='word_1_376' title='bbox 1188 4345 1355 4409; x_wconf 75' lang='grc' dir='ltr'>οὕτως</span> <span class='ocrx_word' id='word_1_377' title='bbox 1397 4348 1428 4416; x_wconf 82' lang='grc' dir='ltr'>ἦ</span> <span class='ocrx_word' id='word_1_378' title='bbox 1475 4349 1696 4412; x_wconf 86' lang='grc' dir='ltr'>ἐκείνως</span> <span class='ocrx_word' id='word_1_379' title='bbox 1745 4348 1884 4403; x_wconf 76' lang='grc' dir='ltr'>εἶναι</span> <span class='ocrx_word' id='word_1_380' title='bbox 1921 4352 2077 4405; x_wconf 84' lang='grc' dir='ltr'>πάλιν</span> 
     </span>
    </p>
   </div>
   <div class='ocr_carea' id='block_1_47' title="bbox 418 4430 2077 4506">
    <p class='ocr_par' dir='ltr' id='par_1_47' title="bbox 418 4430 2077 4506">
     <span class='ocr_line' id='line_1_47' title="bbox 418 4430 2077 4506; baseline 0.005 -24"><span class='ocrx_word' id='word_1_381' title='bbox 418 4430 665 4484; x_wconf 88' lang='grc' dir='ltr'>ἐντεῦθεν</span> <span class='ocrx_word' id='word_1_382' title='bbox 696 4431 959 4501; x_wconf 87' lang='grc' dir='ltr'>λαμϐάνει</span> <span class='ocrx_word' id='word_1_383' title='bbox 993 4432 1089 4503; x_wconf 79' lang='grc' dir='ltr'>τὴν</span> <span class='ocrx_word' id='word_1_384' title='bbox 1118 4434 1288 4504; x_wconf 83' lang='grc' dir='ltr'>ἀρχὴν</span> <span class='ocrx_word' id='word_1_385' title='bbox 1317 4435 1406 4487; x_wconf 71' lang='grc' dir='ltr'>καὶ</span> <span class='ocrx_word' id='word_1_386' title='bbox 1440 4435 1536 4505; x_wconf 80' lang='grc' dir='ltr'>τὴν</span> <span class='ocrx_word' id='word_1_387' title='bbox 1563 4435 1735 4506; x_wconf 77' lang='grc' dir='ltr'>ῥίζαν.</span> <span class='ocrx_word' id='word_1_388' title='bbox 1762 4439 1916 4490; x_wconf 78' lang='grc' dir='ltr'>Οὕτω</span> <span class='ocrx_word' id='word_1_389' title='bbox 1947 4439 2077 4506; x_wconf 92' lang='grc' dir='ltr'>γοῦν</span> 
     </span>
    </p>
   </div>
   <div class='ocr_carea' id='block_1_48' title="bbox 418 4518 2076 4593">
    <p class='ocr_par' dir='ltr' id='par_1_48' title="bbox 418 4518 2076 4593">
     <span class='ocr_line' id='line_1_48' title="bbox 418 4518 2076 4593; baseline 0.005 -24"><span class='ocrx_word' id='word_1_390' title='bbox 418 4518 516 4569; x_wconf 67' lang='grc' dir='ltr'>καὶ</span> <span class='ocrx_word' id='word_1_391' title='bbox 544 4519 637 4570; x_wconf 74' lang='grc' dir='ltr'>ἐπὶ</span> <span class='ocrx_word' id='word_1_392' title='bbox 666 4519 757 4571; x_wconf 90' lang='grc' dir='ltr'>τοῦ</span> <span class='ocrx_word' id='word_1_393' title='bbox 785 4520 927 4576; x_wconf 86' lang='grc' dir='ltr'>Νῶε.</span> <span class='ocrx_word' id='word_1_394' title='bbox 959 4521 1171 4591; x_wconf 82' lang='grc' dir='ltr'>Ἐπειδὴ</span> <span class='ocrx_word' id='word_1_395' title='bbox 1193 4522 1324 4592; x_wconf 78' lang='grc' dir='ltr'>πρὸς</span> <span class='ocrx_word' id='word_1_396' title='bbox 1350 4523 1542 4575; x_wconf 86' lang='grc' dir='ltr'>κακίαν</span> <span class='ocrx_word' id='word_1_397' title='bbox 1569 4524 1795 4593; x_wconf 81' lang='grc' dir='ltr'>ἐσχάτην</span> <span class='ocrx_word' id='word_1_398' title='bbox 1827 4525 2076 4588; x_wconf 79' lang='grc' dir='ltr'>ἐξώκειλε</span> 
     </span>
    </p>
   </div>
   <div class='ocr_carea' id='block_1_49' title="bbox 417 4603 2075 4683">
    <p class='ocr_par' dir='ltr' id='par_1_49' title="bbox 417 4603 2075 4683">
     <span class='ocr_line' id='line_1_49' title="bbox 417 4603 2075 4683; baseline 0.006 -27"><span class='ocrx_word' id='word_1_399' title='bbox 417 4604 527 4656; x_wconf 87' lang='grc' dir='ltr'>τῶν</span> <span class='ocrx_word' id='word_1_400' title='bbox 569 4603 867 4674; x_wconf 88' lang='grc' dir='ltr'>ἀνθρώπων</span> <span class='ocrx_word' id='word_1_401' title='bbox 899 4609 932 4676; x_wconf 78' lang='grc' dir='ltr'>η</span> <span class='ocrx_word' id='word_1_402' title='bbox 961 4607 1142 4676; x_wconf 84' lang='grc' dir='ltr'>φύσις,</span> <span class='ocrx_word' id='word_1_403' title='bbox 1185 4611 1360 4666; x_wconf 82' lang='grc' dir='ltr'>πάντα</span> <span class='ocrx_word' id='word_1_404' title='bbox 1395 4611 1622 4682; x_wconf 82' lang='grc' dir='ltr'>ἐφύρετο</span> <span class='ocrx_word' id='word_1_405' title='bbox 1652 4613 1717 4664; x_wconf 88' lang='grc' dir='ltr'>τά</span> <span class='ocrx_word' id='word_1_406' title='bbox 1758 4615 2075 4683; x_wconf 86' lang='grc' dir='ltr'>πράγματα,</span> 
     </span>
    </p>
   </div>
   <div class='ocr_carea' id='block_1_50' title="bbox 420 4691 2075 4771">
    <p class='ocr_par' dir='ltr' id='par_1_50' title="bbox 420 4691 2075 4771">
     <span class='ocr_line' id='line_1_50' title="bbox 420 4691 2075 4771; baseline 0.005 -27"><span class='ocrx_word' id='word_1_407' title='bbox 420 4693 514 4744; x_wconf 71' lang='grc' dir='ltr'>καὶ</span> <span class='ocrx_word' id='word_1_408' title='bbox 545 4691 852 4761; x_wconf 86' lang='grc' dir='ltr'>σπέρματα,</span> <span class='ocrx_word' id='word_1_409' title='bbox 901 4695 991 4745; x_wconf 75' lang='grc' dir='ltr'>καὶ</span> <span class='ocrx_word' id='word_1_410' title='bbox 1027 4697 1189 4762; x_wconf 82' lang='grc' dir='ltr'>φυτὰ,</span> <span class='ocrx_word' id='word_1_411' title='bbox 1239 4699 1330 4749; x_wconf 74' lang='grc' dir='ltr'>καὶ</span> <span class='ocrx_word' id='word_1_412' title='bbox 1359 4698 1565 4766; x_wconf 86' lang='grc' dir='ltr'>ἀλόγων</span> <span class='ocrx_word' id='word_1_413' title='bbox 1604 4699 1756 4768; x_wconf 91' lang='grc' dir='ltr'>γένη,</span> <span class='ocrx_word' id='word_1_414' title='bbox 1788 4701 1879 4752; x_wconf 73' lang='grc' dir='ltr'>καὶ</span> <span class='ocrx_word' id='word_1_415' title='bbox 1913 4702 1945 4771; x_wconf 85' lang='grc' dir='ltr'>ἡ</span> <span class='ocrx_word' id='word_1_416' title='bbox 1981 4700 2075 4769; x_wconf 81' lang='grc' dir='ltr'>γῆ,</span> 
     </span>
    </p>
   </div>
   <div class='ocr_carea' id='block_1_51' title="bbox 420 4778 2076 4858">
    <p class='ocr_par' dir='ltr' id='par_1_51' title="bbox 420 4778 2076 4858">
     <span class='ocr_line' id='line_1_51' title="bbox 420 4778 2076 4858; baseline 0.006 -29"><span class='ocrx_word' id='word_1_417' title='bbox 420 4779 513 4831; x_wconf 70' lang='grc' dir='ltr'>καὶ</span> <span class='ocrx_word' id='word_1_418' title='bbox 548 4778 804 4843; x_wconf 83' lang='grc' dir='ltr'>θάλαττα,</span> <span class='ocrx_word' id='word_1_419' title='bbox 835 4779 928 4831; x_wconf 72' lang='grc' dir='ltr'>καὶ</span> <span class='ocrx_word' id='word_1_420' title='bbox 958 4779 1086 4849; x_wconf 78' lang='grc' dir='ltr'>ἀὴρ,</span> <span class='ocrx_word' id='word_1_421' title='bbox 1128 4783 1219 4833; x_wconf 74' lang='grc' dir='ltr'>καὶ</span> <span class='ocrx_word' id='word_1_422' title='bbox 1251 4783 1370 4851; x_wconf 80' lang='grc' dir='ltr'>ὅρη,</span> <span class='ocrx_word' id='word_1_423' title='bbox 1403 4786 1498 4837; x_wconf 79' lang='grc' dir='ltr'>καὶ</span> <span class='ocrx_word' id='word_1_424' title='bbox 1523 4787 1708 4851; x_wconf 90' lang='grc' dir='ltr'>νάπαι,</span> <span class='ocrx_word' id='word_1_425' title='bbox 1747 4789 1839 4840; x_wconf 80' lang='grc' dir='ltr'>καὶ</span> <span class='ocrx_word' id='word_1_426' title='bbox 1879 4788 2076 4858; x_wconf 62' lang='grc' dir='ltr'>βουνοί,</span> 
     </span>
    </p>
   </div>
   <div class='ocr_carea' id='block_1_52' title="bbox 418 4866 2080 4941">
    <p class='ocr_par' dir='ltr' id='par_1_52' title="bbox 418 4866 2080 4941">
     <span class='ocr_line' id='line_1_52' title="bbox 418 4866 2080 4941; baseline 0.004 -23"><span class='ocrx_word' id='word_1_427' title='bbox 418 4867 515 4919; x_wconf 75' lang='grc' dir='ltr'>καὶ</span> <span class='ocrx_word' id='word_1_428' title='bbox 549 4866 751 4927; x_wconf 84' lang='grc' dir='ltr'>πόλεις,</span> <span class='ocrx_word' id='word_1_429' title='bbox 775 4866 866 4918; x_wconf 71' lang='grc' dir='ltr'>καὶ</span> <span class='ocrx_word' id='word_1_430' title='bbox 886 4867 1058 4934; x_wconf 88' lang='grc' dir='ltr'>τείχη,</span> <span class='ocrx_word' id='word_1_431' title='bbox 1082 4867 1173 4920; x_wconf 81' lang='grc' dir='ltr'>καὶ</span> <span class='ocrx_word' id='word_1_432' title='bbox 1199 4867 1382 4928; x_wconf 91' lang='grc' dir='ltr'>οἰκίαι,</span> <span class='ocrx_word' id='word_1_433' title='bbox 1406 4873 1498 4921; x_wconf 72' lang='grc' dir='ltr'>καὶ</span> <span class='ocrx_word' id='word_1_434' title='bbox 1525 4872 1721 4941; x_wconf 86' lang='grc' dir='ltr'>πύργοι</span> <span class='ocrx_word' id='word_1_435' title='bbox 1741 4890 1754 4903; x_wconf 79' lang='grc' dir='ltr'><strong>ο</strong></span> <span class='ocrx_word' id='word_1_436' title='bbox 1783 4875 1876 4926; x_wconf 76' lang='grc' dir='ltr'>καὶ</span> <span class='ocrx_word' id='word_1_437' title='bbox 1906 4874 2080 4926; x_wconf 87' lang='grc' dir='ltr'>πάντα</span> 
     </span>
    </p>
   </div>
   <div class='ocr_carea' id='block_1_53' title="bbox 422 4951 2081 5025">
    <p class='ocr_par' dir='ltr' id='par_1_53' title="bbox 422 4951 2081 5025">
     <span class='ocr_line' id='line_1_53' title="bbox 422 4951 2081 5025; baseline 0.002 -20"><span class='ocrx_word' id='word_1_438' title='bbox 422 4953 610 5016; x_wconf 83' lang='grc' dir='ltr'>ἁπλῶς</span> <span class='ocrx_word' id='word_1_439' title='bbox 641 4953 830 5022; x_wconf 85' lang='grc' dir='ltr'>ἐκείνῳ</span> <span class='ocrx_word' id='word_1_440' title='bbox 859 4951 936 5020; x_wconf 81' lang='grc' dir='ltr'>τῷ</span> <span class='ocrx_word' id='word_1_441' title='bbox 963 4951 1172 5022; x_wconf 71' lang='grc' dir='ltr'>φοϐερῴ</span> <span class='ocrx_word' id='word_1_442' title='bbox 1206 4951 1324 5004; x_wconf 89' lang='grc' dir='ltr'>τότε</span> <span class='ocrx_word' id='word_1_443' title='bbox 1363 4954 1660 5023; x_wconf 85' lang='grc' dir='ltr'>ἐκρύπτετο</span> <span class='ocrx_word' id='word_1_444' title='bbox 1690 4958 1935 5025; x_wconf 83' lang='grc' dir='ltr'>πελάγει.</span> <span class='ocrx_word' id='word_1_445' title='bbox 1971 4960 2081 5011; x_wconf 79' lang='grc' dir='ltr'>Καὶ</span> 
     </span>
    </p>
   </div>
   <div class='ocr_carea' id='block_1_54' title="bbox 427 5039 2081 5109">
    <p class='ocr_par' dir='ltr' id='par_1_54' title="bbox 427 5039 2081 5109">
     <span class='ocr_line' id='line_1_54' title="bbox 427 5039 2081 5109; baseline 0.002 -16"><span class='ocrx_word' id='word_1_446' title='bbox 427 5041 613 5109; x_wconf 78' lang='grc' dir='ltr'>ἐπειδὴ</span> <span class='ocrx_word' id='word_1_447' title='bbox 641 5041 802 5092; x_wconf 81' lang='grc' dir='ltr'>πάλιν</span> <span class='ocrx_word' id='word_1_448' title='bbox 834 5039 1105 5092; x_wconf 85' lang='grc' dir='ltr'>ἐπιδοῦναι</span> <span class='ocrx_word' id='word_1_449' title='bbox 1135 5039 1197 5092; x_wconf 71' lang='grc' dir='ltr'>τὸ</span> <span class='ocrx_word' id='word_1_450' title='bbox 1229 5039 1385 5104; x_wconf 88' lang='grc' dir='ltr'>γένος</span> <span class='ocrx_word' id='word_1_451' title='bbox 1415 5039 1536 5102; x_wconf 73' lang='grc' dir='ltr'>ἔδει,</span> <span class='ocrx_word' id='word_1_452' title='bbox 1558 5040 1656 5109; x_wconf 81' lang='grc' dir='ltr'>τὴν</span> <span class='ocrx_word' id='word_1_453' title='bbox 1689 5045 1892 5095; x_wconf 86' lang='grc' dir='ltr'>οἰκείαν</span> <span class='ocrx_word' id='word_1_454' title='bbox 1924 5045 2081 5095; x_wconf 74' lang='grc' dir='ltr'>εὐτα-</span> 
     </span>
    </p>
   </div>
   <div class='ocr_carea' id='block_1_55' title="bbox 426 5125 2080 5197">
    <p class='ocr_par' dir='ltr' id='par_1_55' title="bbox 426 5125 2080 5197">
     <span class='ocr_line' id='line_1_55' title="bbox 426 5125 2080 5197; baseline 0 -17"><span class='ocrx_word' id='word_1_455' title='bbox 426 5128 543 5194; x_wconf 81' lang='grc' dir='ltr'>ξίαν</span> <span class='ocrx_word' id='word_1_456' title='bbox 577 5126 960 5197; x_wconf 82' lang='grc' dir='ltr'>ἀπελάμϐανεν</span> <span class='ocrx_word' id='word_1_457' title='bbox 987 5127 1020 5196; x_wconf 82' lang='grc' dir='ltr'><strong>ἡ</strong></span> <span class='ocrx_word' id='word_1_458' title='bbox 1043 5125 1135 5195; x_wconf 82' lang='grc' dir='ltr'>γῆ,</span> <span class='ocrx_word' id='word_1_459' title='bbox 1158 5125 1248 5177; x_wconf 68' lang='grc' dir='ltr'>καὶ</span> <span class='ocrx_word' id='word_1_460' title='bbox 1269 5126 1344 5187; x_wconf 86' lang='grc' dir='ltr'>εἰς</span> <span class='ocrx_word' id='word_1_461' title='bbox 1366 5125 1461 5196; x_wconf 79' lang='grc' dir='ltr'>τὴν</span> <span class='ocrx_word' id='word_1_462' title='bbox 1487 5125 1754 5196; x_wconf 88' lang='grc' dir='ltr'>προτέραν</span> <span class='ocrx_word' id='word_1_463' title='bbox 1779 5129 2080 5197; x_wconf 75' lang='grc' dir='ltr'>εὐμορφίαν</span> 
     </span>
    </p>
   </div>
   <div class='ocr_carea' id='block_1_56' title="bbox 424 5213 2080 5284">
    <p class='ocr_par' dir='ltr' id='par_1_56' title="bbox 424 5213 2080 5284">
     <span class='ocr_line' id='line_1_56' title="bbox 424 5213 2080 5284; baseline 0.002 -20"><span class='ocrx_word' id='word_1_464' title='bbox 424 5213 651 5284; x_wconf 71' lang='grc' dir='ltr'>ἐπανῄει</span> <span class='ocrx_word' id='word_1_465' title='bbox 688 5215 865 5266; x_wconf 87' lang='grc' dir='ltr'>πάλιν.</span> <span class='ocrx_word' id='word_1_466' title='bbox 889 5213 1013 5269; x_wconf 82' lang='grc' dir='ltr'>Ἱδοι</span> <span class='ocrx_word' id='word_1_467' title='bbox 1036 5214 1078 5268; x_wconf 82' lang='grc' dir='ltr'>δ’</span> <span class='ocrx_word' id='word_1_468' title='bbox 1105 5213 1168 5266; x_wconf 83' lang='grc' dir='ltr'>ἄν</span> <span class='ocrx_word' id='word_1_469' title='bbox 1193 5230 1275 5274; x_wconf 86' lang='grc' dir='ltr'>τις</span> <span class='ocrx_word' id='word_1_470' title='bbox 1293 5213 1448 5264; x_wconf 89' lang='grc' dir='ltr'>τοῦτο</span> <span class='ocrx_word' id='word_1_471' title='bbox 1479 5214 1572 5265; x_wconf 73' lang='grc' dir='ltr'>καὶ</span> <span class='ocrx_word' id='word_1_472' title='bbox 1601 5213 1691 5264; x_wconf 76' lang='grc' dir='ltr'>ἐπὶ</span> <span class='ocrx_word' id='word_1_473' title='bbox 1714 5213 1907 5282; x_wconf 83' lang='grc' dir='ltr'>μέρους</span> <span class='ocrx_word' id='word_1_474' title='bbox 1939 5217 2080 5280; x_wconf 83' lang='grc' dir='ltr'>γινό-</span> 
     </span>
    </p>
   </div>
   <div class='ocr_carea' id='block_1_57' title="bbox 429 5299 2078 5370">
    <p class='ocr_par' dir='ltr' id='par_1_57' title="bbox 429 5299 2078 5370">
     <span class='ocr_line' id='line_1_57' title="bbox 429 5299 2078 5370; baseline 0 -19"><span class='ocrx_word' id='word_1_475' title='bbox 429 5316 589 5369; x_wconf 86' lang='grc' dir='ltr'>μενον</span> <span class='ocrx_word' id='word_1_476' title='bbox 623 5300 708 5352; x_wconf 83' lang='grc' dir='ltr'>διά</span> <span class='ocrx_word' id='word_1_477' title='bbox 751 5300 849 5368; x_wconf 78' lang='grc' dir='ltr'>τὴν</span> <span class='ocrx_word' id='word_1_478' title='bbox 882 5301 960 5361; x_wconf 90' lang='grc' dir='ltr'>εἰς</span> <span class='ocrx_word' id='word_1_479' title='bbox 999 5299 1311 5368; x_wconf 76' lang='grc' dir='ltr'>ἀνθρώπους</span> <span class='ocrx_word' id='word_1_480' title='bbox 1349 5301 1530 5368; x_wconf 75' lang='grc' dir='ltr'>τιμήν.</span> <span class='ocrx_word' id='word_1_481' title='bbox 1571 5300 1680 5350; x_wconf 75' lang='grc' dir='ltr'>Καὶ</span> <span class='ocrx_word' id='word_1_482' title='bbox 1714 5299 1820 5370; x_wconf 78' lang='grc' dir='ltr'>γὰρ</span> <span class='ocrx_word' id='word_1_483' title='bbox 1851 5301 2078 5368; x_wconf 87' lang='grc' dir='ltr'>πέλαγος</span> 
     </span>
    </p>
   </div>
   <div class='ocr_carea' id='block_1_58' title="bbox 426 5385 2082 5458">
    <p class='ocr_par' dir='ltr' id='par_1_58' title="bbox 426 5385 2082 5458">
     <span class='ocr_line' id='line_1_58' title="bbox 426 5385 2082 5458; baseline 0.002 -20"><span class='ocrx_word' id='word_1_484' title='bbox 426 5387 717 5457; x_wconf 64' lang='grc' dir='ltr'>ἠφανίσθη,</span> <span class='ocrx_word' id='word_1_485' title='bbox 751 5387 842 5436; x_wconf 76' lang='grc' dir='ltr'>καὶ</span> <span class='ocrx_word' id='word_1_486' title='bbox 883 5385 1039 5438; x_wconf 74' lang='grc' dir='ltr'>πάλιν</span> <span class='ocrx_word' id='word_1_487' title='bbox 1077 5387 1272 5455; x_wconf 73' lang='grc' dir='ltr'>ἐφάνη.</span> <span class='ocrx_word' id='word_1_488' title='bbox 1315 5389 1407 5439; x_wconf 74' lang='grc' dir='ltr'>καὶ</span> <span class='ocrx_word' id='word_1_489' title='bbox 1440 5387 1586 5456; x_wconf 71' lang='grc' dir='ltr'>ἣλιος</span> <span class='ocrx_word' id='word_1_490' title='bbox 1617 5388 1908 5457; x_wconf 85' lang='grc' dir='ltr'>ἐχαλινώθη</span> <span class='ocrx_word' id='word_1_491' title='bbox 1945 5389 2082 5458; x_wconf 84' lang='grc' dir='ltr'>μετά</span> 
     </span>
    </p>
   </div>
   <div class='ocr_carea' id='block_1_59' title="bbox 428 5468 2084 5542">
    <p class='ocr_par' dir='ltr' id='par_1_59' title="bbox 428 5468 2084 5542">
     <span class='ocr_line' id='line_1_59' title="bbox 428 5468 2084 5542; baseline 0.001 -20"><span class='ocrx_word' id='word_1_492' title='bbox 428 5471 676 5540; x_wconf 81' lang='grc' dir='ltr'>σελήνης.</span> <span class='ocrx_word' id='word_1_493' title='bbox 721 5468 927 5520; x_wconf 77' lang='grc' dir='ltr'>καὶτὸν</span> <span class='ocrx_word' id='word_1_494' title='bbox 960 5470 1153 5521; x_wconf 89' lang='grc' dir='ltr'>οἰκεῖον</span> <span class='ocrx_word' id='word_1_495' title='bbox 1202 5469 1397 5539; x_wconf 77' lang='grc' dir='ltr'>δρόμον</span> <span class='ocrx_word' id='word_1_496' title='bbox 1431 5470 1650 5522; x_wconf 77' lang='grc' dir='ltr'>ἐπέλιπε</span> <span class='ocrx_word' id='word_1_497' title='bbox 1674 5511 1688 5534; x_wconf 96' lang='grc'>,</span> <span class='ocrx_word' id='word_1_498' title='bbox 1730 5472 1822 5522; x_wconf 66' lang='grc' dir='ltr'>καὶ</span> <span class='ocrx_word' id='word_1_499' title='bbox 1875 5472 1982 5542; x_wconf 85' lang='grc' dir='ltr'>πῦρ</span> <span class='ocrx_word' id='word_1_500' title='bbox 2014 5473 2084 5524; x_wconf 73' lang='grc' dir='ltr'>τά</span> 
     </span>
    </p>
   </div>
   <div class='ocr_carea' id='block_1_60' title="bbox 429 5557 2085 5628">
    <p class='ocr_par' dir='ltr' id='par_1_60' title="bbox 429 5557 2085 5628">
     <span class='ocr_line' id='line_1_60' title="bbox 429 5557 2085 5628; baseline 0.003 -18"><span class='ocrx_word' id='word_1_501' title='bbox 429 5557 616 5617; x_wconf 76' lang='grc' dir='ltr'>ὓδατος</span> <span class='ocrx_word' id='word_1_502' title='bbox 645 5557 968 5620; x_wconf 80' lang='grc' dir='ltr'>ἐπεδείξατο,</span> <span class='ocrx_word' id='word_1_503' title='bbox 1005 5558 1096 5609; x_wconf 72' lang='grc' dir='ltr'>καὶ</span> <span class='ocrx_word' id='word_1_504' title='bbox 1121 5558 1189 5626; x_wconf 80' lang='grc' dir='ltr'>γῆ</span> <span class='ocrx_word' id='word_1_505' title='bbox 1221 5557 1288 5609; x_wconf 84' lang='grc' dir='ltr'>τά</span> <span class='ocrx_word' id='word_1_506' title='bbox 1312 5559 1599 5625; x_wconf 81' lang='grc' dir='ltr'>πελάγους,</span> <span class='ocrx_word' id='word_1_507' title='bbox 1622 5562 1715 5612; x_wconf 73' lang='grc' dir='ltr'>καὶ</span> <span class='ocrx_word' id='word_1_508' title='bbox 1747 5561 1977 5628; x_wconf 87' lang='grc' dir='ltr'>πέλαγος</span> <span class='ocrx_word' id='word_1_509' title='bbox 2015 5562 2085 5615; x_wconf 76' lang='grc' dir='ltr'>τὰ</span> 
     </span>
    </p>
   </div>
   <div class='ocr_carea' id='block_1_61' title="bbox 429 5646 2085 5722">
    <p class='ocr_par' dir='ltr' id='par_1_61' title="bbox 429 5646 2085 5722">
     <span class='ocr_line' id='line_1_61' title="bbox 429 5646 2085 5722; baseline -0.002 -24"><span class='ocrx_word' id='word_1_510' title='bbox 429 5646 527 5714; x_wconf 80' lang='grc' dir='ltr'>τῆς</span> <span class='ocrx_word' id='word_1_511' title='bbox 569 5647 671 5715; x_wconf 76' lang='grc' dir='ltr'>γῆς</span> <span class='ocrx_word' id='word_1_512' title='bbox 696 5663 707 5678; x_wconf 84' lang='grc'><strong>·</strong></span> <span class='ocrx_word' id='word_1_513' title='bbox 741 5647 832 5699; x_wconf 79' lang='grc' dir='ltr'>καὶ</span> <span class='ocrx_word' id='word_1_514' title='bbox 878 5646 1074 5712; x_wconf 89' lang='grc' dir='ltr'>πάντα,</span> <span class='ocrx_word' id='word_1_515' title='bbox 1109 5646 1185 5709; x_wconf 84' lang='grc' dir='ltr'>ῶς</span> <span class='ocrx_word' id='word_1_516' title='bbox 1229 5647 1399 5700; x_wconf 87' lang='grc' dir='ltr'>εἰπεῖν</span> <span class='ocrx_word' id='word_1_517' title='bbox 1432 5648 1636 5711; x_wconf 86' lang='grc' dir='ltr'>ἁπλῶς,</span> <span class='ocrx_word' id='word_1_518' title='bbox 1665 5649 1799 5719; x_wconf 82' lang='grc' dir='ltr'>πρὸς</span> <span class='ocrx_word' id='word_1_519' title='bbox 1836 5651 1933 5722; x_wconf 73' lang='grc' dir='ltr'>τὴν</span> <span class='ocrx_word' id='word_1_520' title='bbox 1978 5651 2085 5704; x_wconf 82' lang='grc' dir='ltr'>τῶν</span> 
     </span>
    </p>
   </div>
   <div class='ocr_carea' id='block_1_62' title="bbox 498 5874 2088 5950">
    <p class='ocr_par' dir='ltr' id='par_1_62' title="bbox 498 5874 2088 5950">
     <span class='ocr_line' id='line_1_62' title="bbox 498 5874 2088 5950; baseline 0.011 -29"><span class='ocrx_word' id='word_1_521' title='bbox 498 5880 524 5950; x_wconf 59' lang='grc' dir='ltr'>ξι</span> <span class='ocrx_word' id='word_1_522' title='bbox 549 5874 640 5950; x_wconf 73' lang='grc' dir='ltr'>ωε</span> <span class='ocrx_word' id='word_1_523' title='bbox 660 5877 856 5950; x_wconf 68' lang='grc' dir='ltr'>οηιηξυο</span> <span class='ocrx_word' id='word_1_524' title='bbox 876 5878 1138 5950; x_wconf 60' lang='grc' dir='ltr'>ιεεςηόιιιη</span> <span class='ocrx_word' id='word_1_525' title='bbox 1177 5881 1369 5932; x_wconf 67' lang='lat' dir='ltr'>videtur</span> <span class='ocrx_word' id='word_1_526' title='bbox 1396 5884 1489 5931; x_wconf 82' lang='grc' dir='ltr'>τῶν</span> <span class='ocrx_word' id='word_1_527' title='bbox 1516 5883 1670 5933; x_wconf 78' lang='grc' dir='ltr'>πόνων</span> <span class='ocrx_word' id='word_1_528' title='bbox 1695 5886 1788 5933; x_wconf 82' lang='grc' dir='ltr'>τῶν</span> <span class='ocrx_word' id='word_1_529' title='bbox 1811 5886 2008 5950; x_wconf 79' lang='grc' dir='ltr'>ἐκείνου,</span> <span class='ocrx_word' id='word_1_530' title='bbox 2035 5892 2088 5939; x_wconf 76' lang='lat' dir='ltr'>ut</span> 
     </span>
    </p>
   </div>
   <div class='ocr_carea' id='block_1_63' title="bbox 437 5937 1186 5992">
    <p class='ocr_par' dir='ltr' id='par_1_63' title="bbox 437 5937 1186 5992">
     <span class='ocr_line' id='line_1_63' title="bbox 437 5937 1186 5992; baseline 0.009 -9"><span class='ocrx_word' id='word_1_531' title='bbox 437 5937 582 5987; x_wconf 66' lang='lat' dir='ltr'><strong>etiam</strong></span> <span class='ocrx_word' id='word_1_532' title='bbox 609 5937 950 5991; x_wconf 67' lang='lat' dir='ltr'>auimadverlif</span> <span class='ocrx_word' id='word_1_533' title='bbox 963 5941 1186 5992; x_wconf 76' lang='lat' dir='ltr'>Savilius.</span> 
     </span>
    </p>
   </div>
   <div class='ocr_carea' id='block_1_64' title="bbox 3758 405 3844 460">
    <p class='ocr_par' dir='ltr' id='par_1_64' title="bbox 3758 405 3844 460">
     <span class='ocr_line' id='line_1_64' title="bbox 3758 405 3844 460; baseline -0.023 0"><span class='ocrx_word' id='word_1_534' title='bbox 3758 405 3844 460; x_wconf 86' lang='grc'>62</span> 
     </span>
    </p>
   </div>
   <div class='ocr_carea' id='block_1_65' title="bbox 2172 515 3846 594">
    <p class='ocr_par' dir='ltr' id='par_1_65' title="bbox 2172 515 3846 594">
     <span class='ocr_line' id='line_1_65' title="bbox 2172 515 3846 594; baseline -0.007 -18"><span class='ocrx_word' id='word_1_535' title='bbox 2172 523 2472 593; x_wconf 87' lang='grc' dir='ltr'>ἀνθρώπων</span> <span class='ocrx_word' id='word_1_536' title='bbox 2521 521 3053 594; x_wconf 79' lang='grc' dir='ltr'>μετασχηματίζεται</span> <span class='ocrx_word' id='word_1_537' title='bbox 3098 517 3448 572; x_wconf 88' lang='grc' dir='ltr'>λυσιτέλειαν.</span> <span class='ocrx_word' id='word_1_538' title='bbox 3482 515 3588 568; x_wconf 78' lang='grc' dir='ltr'>Καὶ</span> <span class='ocrx_word' id='word_1_539' title='bbox 3639 515 3846 583; x_wconf 76' lang='grc' dir='ltr'>ἐπειδὴ</span> 
     </span>
    </p>
   </div>
   <div class='ocr_carea' id='block_1_66' title="bbox 2174 603 3844 681">
    <p class='ocr_par' dir='ltr' id='par_1_66' title="bbox 2174 603 3844 681">
     <span class='ocr_line' id='line_1_66' title="bbox 2174 603 3844 681; baseline -0.007 -17"><span class='ocrx_word' id='word_1_540' title='bbox 2174 612 2389 664; x_wconf 88' lang='grc' dir='ltr'>πάντων</span> <span class='ocrx_word' id='word_1_541' title='bbox 2413 612 2730 681; x_wconf 88' lang='grc' dir='ltr'>τιμιώτερος</span> <span class='ocrx_word' id='word_1_542' title='bbox 2760 610 3060 679; x_wconf 79' lang='grc' dir='ltr'>ἄνθρωπος,</span> <span class='ocrx_word' id='word_1_543' title='bbox 3082 607 3172 659; x_wconf 77' lang='grc' dir='ltr'>καὶ</span> <span class='ocrx_word' id='word_1_544' title='bbox 3195 607 3262 658; x_wconf 82' lang='grc' dir='ltr'>δι’</span> <span class='ocrx_word' id='word_1_545' title='bbox 3292 605 3453 658; x_wconf 78' lang='grc' dir='ltr'>αὐτὸν</span> <span class='ocrx_word' id='word_1_546' title='bbox 3470 603 3536 655; x_wconf 86' lang='grc' dir='ltr'>τά</span> <span class='ocrx_word' id='word_1_547' title='bbox 3563 603 3844 670; x_wconf 82' lang='grc' dir='ltr'>γενόμενα.</span> 
     </span>
    </p>
   </div>
   <div class='ocr_carea' id='block_1_67' title="bbox 2167 689 3846 764">
    <p class='ocr_par' dir='ltr' id='par_1_67' title="bbox 2167 689 3846 764">
     <span class='ocr_line' id='line_1_67' title="bbox 2167 689 3846 764; baseline -0.008 -13"><span class='ocrx_word' id='word_1_548' title='bbox 2167 698 2396 758; x_wconf 72' lang='grc' dir='ltr'>ἅπαντα,</span> <span class='ocrx_word' id='word_1_549' title='bbox 2419 699 2506 751; x_wconf 87' lang='grc' dir='ltr'>διά</span> <span class='ocrx_word' id='word_1_550' title='bbox 2521 715 2602 750; x_wconf 91' lang='grc' dir='ltr'>τοι</span> <span class='ocrx_word' id='word_1_551' title='bbox 2625 697 2779 750; x_wconf 89' lang='grc' dir='ltr'>τοῦτο</span> <span class='ocrx_word' id='word_1_552' title='bbox 2802 696 2894 747; x_wconf 78' lang='grc' dir='ltr'>καὶ</span> <span class='ocrx_word' id='word_1_553' title='bbox 2917 694 3034 758; x_wconf 89' lang='grc' dir='ltr'>νῦν,</span> <span class='ocrx_word' id='word_1_554' title='bbox 3056 692 3167 764; x_wconf 81' lang='grc'>[57]</span> <span class='ocrx_word' id='word_1_555' title='bbox 3198 693 3382 760; x_wconf 82' lang='grc' dir='ltr'>ἐπειδὴ</span> <span class='ocrx_word' id='word_1_556' title='bbox 3399 692 3640 761; x_wconf 78' lang='grc' dir='ltr'>ἥμαρτεν</span> <span class='ocrx_word' id='word_1_557' title='bbox 3665 693 3694 740; x_wconf 84' lang='grc' dir='ltr'>ὁ</span> <span class='ocrx_word' id='word_1_558' title='bbox 3723 689 3846 740; x_wconf 75' lang='grc' dir='ltr'>τῶν</span> 
     </span>
    </p>
   </div>
   <div class='ocr_carea' id='block_1_68' title="bbox 2179 776 3846 855">
    <p class='ocr_par' dir='ltr' id='par_1_68' title="bbox 2179 776 3846 855">
     <span class='ocr_line' id='line_1_68' title="bbox 2179 776 3846 855; baseline -0.007 -18"><span class='ocrx_word' id='word_1_559' title='bbox 2179 785 2445 837; x_wconf 84' lang='grc' dir='ltr'>Ἰουδαίων</span> <span class='ocrx_word' id='word_1_560' title='bbox 2473 785 2658 855; x_wconf 83' lang='grc' dir='ltr'>δῆμος,</span> <span class='ocrx_word' id='word_1_561' title='bbox 2693 784 2874 852; x_wconf 83' lang='grc' dir='ltr'>ἐπέχει</span> <span class='ocrx_word' id='word_1_562' title='bbox 2904 781 3002 844; x_wconf 77' lang='grc' dir='ltr'>τῆς</span> <span class='ocrx_word' id='word_1_563' title='bbox 3027 781 3130 850; x_wconf 83' lang='grc' dir='ltr'>γῆς</span> <span class='ocrx_word' id='word_1_564' title='bbox 3161 779 3259 842; x_wconf 79' lang='grc' dir='ltr'>τάς</span> <span class='ocrx_word' id='word_1_565' title='bbox 3291 779 3481 840; x_wconf 81' lang='grc' dir='ltr'>ὠδῖνας</span> <span class='ocrx_word' id='word_1_566' title='bbox 3514 776 3706 839; x_wconf 81' lang='grc' dir='ltr'>ὁΘεὸς,</span> <span class='ocrx_word' id='word_1_567' title='bbox 3737 776 3846 827; x_wconf 70' lang='grc' dir='ltr'>καὶ</span> 
     </span>
    </p>
   </div>
   <div class='ocr_carea' id='block_1_69' title="bbox 2173 863 3844 942">
    <p class='ocr_par' dir='ltr' id='par_1_69' title="bbox 2173 863 3844 942">
     <span class='ocr_line' id='line_1_69' title="bbox 2173 863 3844 942; baseline -0.008 -17"><span class='ocrx_word' id='word_1_568' title='bbox 2173 872 2308 942; x_wconf 86' lang='grc' dir='ltr'>μετά</span> <span class='ocrx_word' id='word_1_569' title='bbox 2333 873 2556 935; x_wconf 74' lang='grc' dir='ltr'>πολλοὺς</span> <span class='ocrx_word' id='word_1_570' title='bbox 2578 873 2768 935; x_wconf 88' lang='grc' dir='ltr'>πόνους</span> <span class='ocrx_word' id='word_1_571' title='bbox 2789 870 2880 923; x_wconf 72' lang='grc' dir='ltr'>καὶ</span> <span class='ocrx_word' id='word_1_572' title='bbox 2904 869 3132 938; x_wconf 76' lang='grc' dir='ltr'>ἱδρῶτας</span> <span class='ocrx_word' id='word_1_573' title='bbox 3157 868 3255 920; x_wconf 75' lang='grc' dir='ltr'>οὐκ</span> <span class='ocrx_word' id='word_1_574' title='bbox 3279 867 3467 935; x_wconf 82' lang='grc' dir='ltr'>ἀφίησι</span> <span class='ocrx_word' id='word_1_575' title='bbox 3486 865 3585 925; x_wconf 73' lang='grc' dir='ltr'>τὰς</span> <span class='ocrx_word' id='word_1_576' title='bbox 3616 863 3844 928; x_wconf 72' lang='grc' dir='ltr'>ἐκείνης</span> 
     </span>
    </p>
   </div>
   <div class='ocr_carea' id='block_1_70' title="bbox 2169 949 3846 1029">
    <p class='ocr_par' dir='ltr' id='par_1_70' title="bbox 2169 949 3846 1029">
     <span class='ocr_line' id='line_1_70' title="bbox 2169 949 3846 1029; baseline -0.007 -18"><span class='ocrx_word' id='word_1_577' title='bbox 2169 958 2402 1025; x_wconf 83' lang='grc' dir='ltr'>λαγόνας</span> <span class='ocrx_word' id='word_1_578' title='bbox 2426 961 2524 1029; x_wconf 73' lang='grc' dir='ltr'>τὴν</span> <span class='ocrx_word' id='word_1_579' title='bbox 2546 959 2794 1011; x_wconf 82' lang='grc' dir='ltr'>εἰωθυῖαν</span> <span class='ocrx_word' id='word_1_580' title='bbox 2823 955 2994 1026; x_wconf 82' lang='grc' dir='ltr'>φορὰν</span> <span class='ocrx_word' id='word_1_581' title='bbox 3016 956 3274 1022; x_wconf 87' lang='grc' dir='ltr'>ἐνεγκεῖν,</span> <span class='ocrx_word' id='word_1_582' title='bbox 3300 952 3384 1005; x_wconf 81' lang='grc' dir='ltr'>ἵνα</span> <span class='ocrx_word' id='word_1_583' title='bbox 3406 949 3698 1003; x_wconf 86' lang='grc' dir='ltr'>κάντεῦθεν</span> <span class='ocrx_word' id='word_1_584' title='bbox 3730 949 3846 1016; x_wconf 83' lang='grc' dir='ltr'>μά-</span> 
     </span>
    </p>
   </div>
   <div class='ocr_carea' id='block_1_71' title="bbox 2172 1037 3846 1116">
    <p class='ocr_par' dir='ltr' id='par_1_71' title="bbox 2172 1037 3846 1116">
     <span class='ocr_line' id='line_1_71' title="bbox 2172 1037 3846 1116; baseline -0.008 -17"><span class='ocrx_word' id='word_1_585' title='bbox 2172 1045 2357 1108; x_wconf 85' lang='grc' dir='ltr'>θωσιν,</span> <span class='ocrx_word' id='word_1_586' title='bbox 2390 1047 2471 1098; x_wconf 77' lang='grc' dir='ltr'>ὅτι</span> <span class='ocrx_word' id='word_1_587' title='bbox 2513 1047 2574 1098; x_wconf 83' lang='grc' dir='ltr'>οὺ</span> <span class='ocrx_word' id='word_1_588' title='bbox 2603 1045 2921 1116; x_wconf 82' lang='grc' dir='ltr'>γεωργικῶν</span> <span class='ocrx_word' id='word_1_589' title='bbox 2962 1041 3158 1112; x_wconf 88' lang='grc' dir='ltr'>χειρῶν</span> <span class='ocrx_word' id='word_1_590' title='bbox 3192 1041 3374 1109; x_wconf 84' lang='grc' dir='ltr'>τέχνη,</span> <span class='ocrx_word' id='word_1_591' title='bbox 3413 1038 3533 1091; x_wconf 82' lang='grc' dir='ltr'>οὐδέ</span> <span class='ocrx_word' id='word_1_592' title='bbox 3579 1037 3700 1104; x_wconf 83' lang='grc' dir='ltr'>βόες</span> <span class='ocrx_word' id='word_1_593' title='bbox 3741 1037 3846 1087; x_wconf 79' lang='grc' dir='ltr'>καὶ</span> 
     </span>
    </p>
   </div>
   <div class='ocr_carea' id='block_1_72' title="bbox 2169 1127 3846 1203">
    <p class='ocr_par' dir='ltr' id='par_1_72' title="bbox 2169 1127 3846 1203">
     <span class='ocr_line' id='line_1_72' title="bbox 2169 1127 3846 1203; baseline -0.007 -16"><span class='ocrx_word' id='word_1_594' title='bbox 2169 1133 2424 1202; x_wconf 83' lang='grc' dir='ltr'>ἄροτρον,</span> <span class='ocrx_word' id='word_1_595' title='bbox 2458 1135 2576 1186; x_wconf 77' lang='grc' dir='ltr'>οὐδὲ</span> <span class='ocrx_word' id='word_1_596' title='bbox 2606 1135 2706 1203; x_wconf 76' lang='grc' dir='ltr'>γῆς</span> <span class='ocrx_word' id='word_1_597' title='bbox 2759 1132 2938 1200; x_wconf 76' lang='grc' dir='ltr'>φύσις,</span> <span class='ocrx_word' id='word_1_598' title='bbox 2974 1131 3074 1183; x_wconf 80' lang='grc' dir='ltr'>οὐκ</span> <span class='ocrx_word' id='word_1_599' title='bbox 3119 1129 3247 1183; x_wconf 77' lang='grc' dir='ltr'>ἄλλο</span> <span class='ocrx_word' id='word_1_600' title='bbox 3294 1129 3401 1181; x_wconf 85' lang='grc' dir='ltr'>τῶν</span> <span class='ocrx_word' id='word_1_601' title='bbox 3443 1127 3701 1179; x_wconf 83' lang='grc' dir='ltr'>τοιούτων</span> <span class='ocrx_word' id='word_1_602' title='bbox 3743 1128 3846 1178; x_wconf 79' lang='grc' dir='ltr'>οὐ-</span> 
     </span>
    </p>
   </div>
   <div class='ocr_carea' id='block_1_73' title="bbox 2169 1211 3847 1284">
    <p class='ocr_par' dir='ltr' id='par_1_73' title="bbox 2169 1211 3847 1284">
     <span class='ocr_line' id='line_1_73' title="bbox 2169 1211 3847 1284; baseline -0.005 -13"><span class='ocrx_word' id='word_1_603' title='bbox 2169 1221 2276 1281; x_wconf 83' lang='grc' dir='ltr'>δὲν,</span> <span class='ocrx_word' id='word_1_604' title='bbox 2305 1220 2418 1274; x_wconf 76' lang='grc' dir='ltr'>ἀλλ’</span> <span class='ocrx_word' id='word_1_605' title='bbox 2439 1220 2684 1272; x_wconf 87' lang='grc' dir='ltr'>ὁτούτων</span> <span class='ocrx_word' id='word_1_606' title='bbox 2721 1219 2973 1272; x_wconf 84' lang='grc' dir='ltr'>ἁπάντων</span> <span class='ocrx_word' id='word_1_607' title='bbox 3007 1217 3280 1284; x_wconf 82' lang='grc' dir='ltr'>Δεσπότης</span> <span class='ocrx_word' id='word_1_608' title='bbox 3307 1211 3458 1277; x_wconf 80' lang='grc' dir='ltr'>οῦτός</span> <span class='ocrx_word' id='word_1_609' title='bbox 3483 1217 3629 1266; x_wconf 85' lang='grc' dir='ltr'>ἐστιν</span> <span class='ocrx_word' id='word_1_610' title='bbox 3676 1214 3706 1264; x_wconf 84' lang='grc' dir='ltr'>ὁ</span> <span class='ocrx_word' id='word_1_611' title='bbox 3738 1211 3847 1264; x_wconf 77' lang='grc' dir='ltr'>καὶ</span> 
     </span>
    </p>
   </div>
   <div class='ocr_carea' id='block_1_74' title="bbox 2168 1297 3844 1377">
    <p class='ocr_par' dir='ltr' id='par_1_74' title="bbox 2168 1297 3844 1377">
     <span class='ocr_line' id='line_1_74' title="bbox 2168 1297 3844 1377; baseline -0.005 -19"><span class='ocrx_word' id='word_1_612' title='bbox 2168 1305 2378 1374; x_wconf 83' lang='grc' dir='ltr'>δαψιλεῖ</span> <span class='ocrx_word' id='word_1_613' title='bbox 2407 1309 2472 1377; x_wconf 79' lang='grc' dir='ltr'>τῇ</span> <span class='ocrx_word' id='word_1_614' title='bbox 2508 1307 2650 1374; x_wconf 76' lang='grc' dir='ltr'>χειρὶ</span> <span class='ocrx_word' id='word_1_615' title='bbox 2675 1307 2848 1358; x_wconf 89' lang='grc' dir='ltr'>πάντα</span> <span class='ocrx_word' id='word_1_616' title='bbox 2871 1304 3096 1372; x_wconf 85' lang='grc' dir='ltr'>ἐκχέων,</span> <span class='ocrx_word' id='word_1_617' title='bbox 3118 1303 3212 1355; x_wconf 71' lang='grc' dir='ltr'>καὶ</span> <span class='ocrx_word' id='word_1_618' title='bbox 3242 1302 3422 1364; x_wconf 85' lang='grc' dir='ltr'>πάλιν,</span> <span class='ocrx_word' id='word_1_619' title='bbox 3453 1300 3670 1352; x_wconf 74' lang='grc' dir='ltr'>ἐπειδὰν</span> <span class='ocrx_word' id='word_1_620' title='bbox 3705 1297 3844 1367; x_wconf 81' lang='grc' dir='ltr'>βού-</span> 
     </span>
    </p>
   </div>
   <div class='ocr_carea' id='block_1_75' title="bbox 2169 1384 3843 1460">
    <p class='ocr_par' dir='ltr' id='par_1_75' title="bbox 2169 1384 3843 1460">
     <span class='ocr_line' id='line_1_75' title="bbox 2169 1384 3843 1460; baseline -0.007 -16"><span class='ocrx_word' id='word_1_621' title='bbox 2169 1391 2348 1460; x_wconf 90' lang='grc' dir='ltr'>ληται,</span> <span class='ocrx_word' id='word_1_622' title='bbox 2369 1394 2664 1444; x_wconf 83' lang='grc' dir='ltr'>συστέλλων</span> <span class='ocrx_word' id='word_1_623' title='bbox 2687 1393 2916 1445; x_wconf 76' lang='grc' dir='ltr'>ἃπαντα.</span> <span class='ocrx_word' id='word_1_624' title='bbox 2940 1393 3082 1444; x_wconf 84' lang='grc' dir='ltr'>Οὺαί</span> <span class='ocrx_word' id='word_1_625' title='bbox 3112 1392 3165 1444; x_wconf 77' lang='grc' dir='ltr'>οἱ</span> <span class='ocrx_word' id='word_1_626' title='bbox 3188 1390 3540 1457; x_wconf 79' lang='grc' dir='ltr'>ἐγειρόμενοι</span> <span class='ocrx_word' id='word_1_627' title='bbox 3564 1385 3628 1438; x_wconf 80' lang='grc' dir='ltr'>τὸ</span> <span class='ocrx_word' id='word_1_628' title='bbox 3657 1384 3843 1450; x_wconf 74' lang='grc' dir='ltr'>πρωῒ,</span> 
     </span>
    </p>
   </div>
   <div class='ocr_carea' id='block_1_76' title="bbox 2169 1470 3848 1544">
    <p class='ocr_par' dir='ltr' id='par_1_76' title="bbox 2169 1470 3848 1544">
     <span class='ocr_line' id='line_1_76' title="bbox 2169 1470 3848 1544; baseline -0.005 -14"><span class='ocrx_word' id='word_1_629' title='bbox 2169 1477 2266 1530; x_wconf 82' lang='grc' dir='ltr'>καὶ</span> <span class='ocrx_word' id='word_1_630' title='bbox 2300 1478 2365 1529; x_wconf 83' lang='grc' dir='ltr'>τό</span> <span class='ocrx_word' id='word_1_631' title='bbox 2391 1478 2603 1544; x_wconf 79' lang='grc' dir='ltr'>σίκερα</span> <span class='ocrx_word' id='word_1_632' title='bbox 2628 1476 3028 1540; x_wconf 84' lang='grc' dir='ltr'>διώκοντες,οὶ</span> <span class='ocrx_word' id='word_1_633' title='bbox 3052 1475 3338 1542; x_wconf 83' lang='grc' dir='ltr'>μένοντες</span> <span class='ocrx_word' id='word_1_634' title='bbox 3366 1474 3430 1523; x_wconf 89' lang='grc' dir='ltr'>τὸ</span> <span class='ocrx_word' id='word_1_635' title='bbox 3462 1472 3595 1539; x_wconf 72' lang='grc' dir='ltr'>ὀψέ.</span> <span class='ocrx_word' id='word_1_636' title='bbox 3637 1473 3700 1521; x_wconf 92' lang='lat'>&#39;0</span> <span class='ocrx_word' id='word_1_637' title='bbox 3724 1470 3848 1537; x_wconf 72' lang='grc' dir='ltr'>γὰρ</span> 
     </span>
    </p>
   </div>
   <div class='ocr_carea' id='block_1_77' title="bbox 2169 1555 3846 1632">
    <p class='ocr_par' dir='ltr' id='par_1_77' title="bbox 2169 1555 3846 1632">
     <span class='ocr_line' id='line_1_77' title="bbox 2169 1555 3846 1632; baseline -0.006 -15"><span class='ocrx_word' id='word_1_638' title='bbox 2169 1560 2330 1628; x_wconf 78' lang='grc' dir='ltr'>οἶνος</span> <span class='ocrx_word' id='word_1_639' title='bbox 2360 1564 2578 1628; x_wconf 81' lang='grc' dir='ltr'>αὐτοὺς</span> <span class='ocrx_word' id='word_1_640' title='bbox 2599 1563 2952 1632; x_wconf 77' lang='grc' dir='ltr'>συγκαύσει.</span> <span class='ocrx_word' id='word_1_641' title='bbox 2969 1561 3125 1616; x_wconf 86' lang='grc' dir='ltr'>Μετὰ</span> <span class='ocrx_word' id='word_1_642' title='bbox 3152 1559 3262 1628; x_wconf 77' lang='grc' dir='ltr'>γὰρ</span> <span class='ocrx_word' id='word_1_643' title='bbox 3294 1557 3533 1624; x_wconf 73' lang='grc' dir='ltr'>κιθάρας</span> <span class='ocrx_word' id='word_1_644' title='bbox 3556 1555 3651 1608; x_wconf 78' lang='grc' dir='ltr'>καὶ</span> <span class='ocrx_word' id='word_1_645' title='bbox 3673 1559 3846 1623; x_wconf 73' lang='grc' dir='ltr'>ψαλο</span> 
     </span>
    </p>
   </div>
   <div class='ocr_carea' id='block_1_78' title="bbox 2169 1641 3842 1717">
    <p class='ocr_par' dir='ltr' id='par_1_78' title="bbox 2169 1641 3842 1717">
     <span class='ocr_line' id='line_1_78' title="bbox 2169 1641 3842 1717; baseline -0.005 -16"><span class='ocrx_word' id='word_1_646' title='bbox 2169 1651 2376 1717; x_wconf 84' lang='grc' dir='ltr'>τηρίου</span> <span class='ocrx_word' id='word_1_647' title='bbox 2403 1649 2498 1702; x_wconf 84' lang='grc' dir='ltr'>καί</span> <span class='ocrx_word' id='word_1_648' title='bbox 2529 1648 2856 1717; x_wconf 73' lang='grc' dir='ltr'>τυμπάνων</span> <span class='ocrx_word' id='word_1_649' title='bbox 2873 1649 2968 1701; x_wconf 78' lang='grc' dir='ltr'>καί</span> <span class='ocrx_word' id='word_1_650' title='bbox 2995 1646 3197 1701; x_wconf 77' lang='grc' dir='ltr'>αὐλῶν</span> <span class='ocrx_word' id='word_1_651' title='bbox 3223 1647 3327 1698; x_wconf 84' lang='grc' dir='ltr'>τὸν</span> <span class='ocrx_word' id='word_1_652' title='bbox 3359 1641 3526 1698; x_wconf 79' lang='grc' dir='ltr'>οἶνον</span> <span class='ocrx_word' id='word_1_653' title='bbox 3545 1643 3800 1695; x_wconf 84' lang='grc' dir='ltr'>πίνουσι</span> <span class='ocrx_word' id='word_1_654' title='bbox 3825 1658 3842 1672; x_wconf 66' lang='grc' dir='ltr'><strong>ο</strong></span> 
     </span>
    </p>
   </div>
   <div class='ocr_carea' id='block_1_79' title="bbox 2168 1728 3850 1804">
    <p class='ocr_par' dir='ltr' id='par_1_79' title="bbox 2168 1728 3850 1804">
     <span class='ocr_line' id='line_1_79' title="bbox 2168 1728 3850 1804; baseline -0.006 -15"><span class='ocrx_word' id='word_1_655' title='bbox 2168 1736 2240 1789; x_wconf 81' lang='grc' dir='ltr'>τὰ</span> <span class='ocrx_word' id='word_1_656' title='bbox 2272 1735 2338 1788; x_wconf 83' lang='grc' dir='ltr'>δὲ</span> <span class='ocrx_word' id='word_1_657' title='bbox 2372 1736 2514 1804; x_wconf 74' lang='grc' dir='ltr'>ἔργα</span> <span class='ocrx_word' id='word_1_658' title='bbox 2545 1736 2651 1788; x_wconf 89' lang='grc' dir='ltr'>τοῦ</span> <span class='ocrx_word' id='word_1_659' title='bbox 2685 1733 2830 1788; x_wconf 84' lang='grc' dir='ltr'>Θεοῦ</span> <span class='ocrx_word' id='word_1_660' title='bbox 2872 1737 2981 1788; x_wconf 85' lang='grc' dir='ltr'>οὐκ</span> <span class='ocrx_word' id='word_1_661' title='bbox 3021 1735 3408 1802; x_wconf 69' lang='grc' dir='ltr'>ἐμϐλέπουσι,</span> <span class='ocrx_word' id='word_1_662' title='bbox 3438 1730 3535 1783; x_wconf 78' lang='grc' dir='ltr'>καὶ</span> <span class='ocrx_word' id='word_1_663' title='bbox 3574 1729 3645 1782; x_wconf 85' lang='grc' dir='ltr'>τὰ</span> <span class='ocrx_word' id='word_1_664' title='bbox 3689 1728 3850 1796; x_wconf 59' lang='grc' dir='ltr'>ἔργα</span> 
     </span>
    </p>
   </div>
   <div class='ocr_carea' id='block_1_80' title="bbox 2169 1816 3850 1891">
    <p class='ocr_par' dir='ltr' id='par_1_80' title="bbox 2169 1816 3850 1891">
     <span class='ocr_line' id='line_1_80' title="bbox 2169 1816 3850 1891; baseline -0.004 -14"><span class='ocrx_word' id='word_1_665' title='bbox 2169 1822 2288 1877; x_wconf 87' lang='grc' dir='ltr'>τῶν</span> <span class='ocrx_word' id='word_1_666' title='bbox 2307 1823 2520 1891; x_wconf 88' lang='grc' dir='ltr'>χειρῶν</span> <span class='ocrx_word' id='word_1_667' title='bbox 2539 1823 2722 1876; x_wconf 84' lang='grc' dir='ltr'>αὑτοῦ</span> <span class='ocrx_word' id='word_1_668' title='bbox 2743 1823 2814 1875; x_wconf 90' lang='grc' dir='ltr'>οὺ</span> <span class='ocrx_word' id='word_1_669' title='bbox 2842 1820 3224 1874; x_wconf 80' lang='grc' dir='ltr'>κατανοοῦσι.</span> <span class='ocrx_word' id='word_1_670' title='bbox 3239 1821 3630 1889; x_wconf 82' lang='grc' dir='ltr'>Κατηγορήσας</span> <span class='ocrx_word' id='word_1_671' title='bbox 3653 1816 3850 1871; x_wconf 77' lang='grc' dir='ltr'>αὐτῶν</span> 
     </span>
    </p>
   </div>
   <div class='ocr_carea' id='block_1_81' title="bbox 2171 1904 3847 1978">
    <p class='ocr_par' dir='ltr' id='par_1_81' title="bbox 2171 1904 3847 1978">
     <span class='ocr_line' id='line_1_81' title="bbox 2171 1904 3847 1978; baseline -0.004 -16"><span class='ocrx_word' id='word_1_672' title='bbox 2171 1909 2477 1973; x_wconf 78' lang='grc' dir='ltr'>πλεονεξίαν</span> <span class='ocrx_word' id='word_1_673' title='bbox 2528 1908 2746 1978; x_wconf 80' lang='grc' dir='ltr'>πολλὴν,</span> <span class='ocrx_word' id='word_1_674' title='bbox 2775 1908 2867 1960; x_wconf 76' lang='grc' dir='ltr'>καὶ</span> <span class='ocrx_word' id='word_1_675' title='bbox 2920 1907 3017 1977; x_wconf 75' lang='grc' dir='ltr'>τὴν</span> <span class='ocrx_word' id='word_1_676' title='bbox 3052 1905 3208 1976; x_wconf 74' lang='grc' dir='ltr'>ῥίζαν</span> <span class='ocrx_word' id='word_1_677' title='bbox 3249 1905 3341 1958; x_wconf 84' lang='grc' dir='ltr'>τοῦ</span> <span class='ocrx_word' id='word_1_678' title='bbox 3385 1905 3558 1957; x_wconf 88' lang='grc' dir='ltr'>κακοῦ</span> <span class='ocrx_word' id='word_1_679' title='bbox 3595 1904 3847 1972; x_wconf 73' lang='grc' dir='ltr'>τίθησιν.</span> 
     </span>
    </p>
   </div>
   <div class='ocr_carea' id='block_1_82' title="bbox 2170 1991 3847 2068">
    <p class='ocr_par' dir='ltr' id='par_1_82' title="bbox 2170 1991 3847 2068">
     <span class='ocr_line' id='line_1_82' title="bbox 2170 1991 3847 2068; baseline -0.004 -20"><span class='ocrx_word' id='word_1_680' title='bbox 2170 1996 2316 2068; x_wconf 85' lang='grc' dir='ltr'>Δῦτη</span> <span class='ocrx_word' id='word_1_681' title='bbox 2347 1996 2402 2049; x_wconf 88' lang='grc' dir='ltr'>δέ</span> <span class='ocrx_word' id='word_1_682' title='bbox 2432 1991 2499 2066; x_wconf 84' lang='grc' dir='ltr'>ἦν</span> <span class='ocrx_word' id='word_1_683' title='bbox 2537 1999 2570 2066; x_wconf 80' lang='grc' dir='ltr'><strong>ἡ</strong></span> <span class='ocrx_word' id='word_1_684' title='bbox 2601 1996 2759 2066; x_wconf 86' lang='grc' dir='ltr'>μέθη,</span> <span class='ocrx_word' id='word_1_685' title='bbox 2792 1995 2998 2065; x_wconf 87' lang='grc' dir='ltr'>μυρίων</span> <span class='ocrx_word' id='word_1_686' title='bbox 3028 1993 3283 2062; x_wconf 87' lang='grc' dir='ltr'>γινομένη</span> <span class='ocrx_word' id='word_1_687' title='bbox 3331 1993 3518 2044; x_wconf 84' lang='grc' dir='ltr'>κακῶν</span> <span class='ocrx_word' id='word_1_688' title='bbox 3552 1991 3847 2052; x_wconf 83' lang='grc' dir='ltr'>ὑπόθεσις,</span> 
     </span>
    </p>
   </div>
   <div class='ocr_carea' id='block_1_83' title="bbox 2171 2077 3853 2154">
    <p class='ocr_par' dir='ltr' id='par_1_83' title="bbox 2171 2077 3853 2154">
     <span class='ocr_line' id='line_1_83' title="bbox 2171 2077 3853 2154; baseline -0.006 -17"><span class='ocrx_word' id='word_1_689' title='bbox 2171 2084 2264 2137; x_wconf 80' lang='grc' dir='ltr'>καὶ</span> <span class='ocrx_word' id='word_1_690' title='bbox 2301 2084 2534 2154; x_wconf 90' lang='grc' dir='ltr'>μάλιστα</span> <span class='ocrx_word' id='word_1_691' title='bbox 2580 2084 2706 2136; x_wconf 84' lang='grc' dir='ltr'>ὅταν</span> <span class='ocrx_word' id='word_1_692' title='bbox 2739 2084 2876 2154; x_wconf 80' lang='grc' dir='ltr'>μετά</span> <span class='ocrx_word' id='word_1_693' title='bbox 2919 2081 3184 2150; x_wconf 86' lang='grc' dir='ltr'>τοσαύτης</span> <span class='ocrx_word' id='word_1_694' title='bbox 3213 2079 3474 2149; x_wconf 85' lang='grc' dir='ltr'>τολμᾶται</span> <span class='ocrx_word' id='word_1_695' title='bbox 3514 2077 3612 2147; x_wconf 82' lang='grc' dir='ltr'>τῆς</span> <span class='ocrx_word' id='word_1_696' title='bbox 3661 2078 3853 2147; x_wconf 82' lang='grc' dir='ltr'>ὑπερ-</span> 
     </span>
    </p>
   </div>
   <div class='ocr_carea' id='block_1_84' title="bbox 2171 2171 2354 2240">
    <p class='ocr_par' dir='ltr' id='par_1_84' title="bbox 2171 2171 2354 2240">
     <span class='ocr_line' id='line_1_84' title="bbox 2171 2171 2354 2240; baseline 0.011 -18"><span class='ocrx_word' id='word_1_697' title='bbox 2171 2171 2354 2240; x_wconf 82' lang='grc' dir='ltr'>ϐολῆς.</span> 
     </span>
    </p>
   </div>
   <div class='ocr_carea' id='block_1_85' title="bbox 2243 2249 3852 2325">
    <p class='ocr_par' dir='ltr' id='par_1_85' title="bbox 2243 2249 3852 2325">
     <span class='ocr_line' id='line_1_85' title="bbox 2243 2249 3852 2325; baseline -0.005 -16"><span class='ocrx_word' id='word_1_698' title='bbox 2243 2256 2308 2309; x_wconf 84' lang='grc' dir='ltr'>ε’.</span> <span class='ocrx_word' id='word_1_699' title='bbox 2334 2258 2530 2309; x_wconf 85' lang='grc' dir='ltr'>Σκόπει</span> <span class='ocrx_word' id='word_1_700' title='bbox 2559 2257 2688 2325; x_wconf 91' lang='grc' dir='ltr'>γοῦν</span> <span class='ocrx_word' id='word_1_701' title='bbox 2720 2255 2834 2318; x_wconf 85' lang='grc' dir='ltr'>πῶς</span> <span class='ocrx_word' id='word_1_702' title='bbox 2866 2254 3003 2325; x_wconf 85' lang='grc' dir='ltr'>μετὰ</span> <span class='ocrx_word' id='word_1_703' title='bbox 3035 2252 3317 2324; x_wconf 87' lang='grc' dir='ltr'>ἀκριϐείας</span> <span class='ocrx_word' id='word_1_704' title='bbox 3335 2251 3532 2312; x_wconf 73' lang='grc' dir='ltr'>αὐτοὺς</span> <span class='ocrx_word' id='word_1_705' title='bbox 3561 2249 3852 2320; x_wconf 77' lang='grc' dir='ltr'>κωμῳδεῖ.</span> 
     </span>
    </p>
   </div>
   <div class='ocr_carea' id='block_1_86' title="bbox 2171 2335 3848 2412">
    <p class='ocr_par' dir='ltr' id='par_1_86' title="bbox 2171 2335 3848 2412">
     <span class='ocr_line' id='line_1_86' title="bbox 2171 2335 3848 2412; baseline -0.005 -18"><span class='ocrx_word' id='word_1_706' title='bbox 2171 2342 2357 2394; x_wconf 83' lang='grc' dir='ltr'>Πᾶσαν</span> <span class='ocrx_word' id='word_1_707' title='bbox 2384 2342 2490 2412; x_wconf 86' lang='grc' dir='ltr'>γὰρ</span> <span class='ocrx_word' id='word_1_708' title='bbox 2521 2343 2619 2412; x_wconf 80' lang='grc' dir='ltr'>τὴν</span> <span class='ocrx_word' id='word_1_709' title='bbox 2651 2342 2863 2410; x_wconf 77' lang='grc' dir='ltr'>ἡμέραν</span> <span class='ocrx_word' id='word_1_710' title='bbox 2890 2343 2968 2402; x_wconf 84' lang='grc' dir='ltr'>είς</span> <span class='ocrx_word' id='word_1_711' title='bbox 2995 2339 3152 2392; x_wconf 87' lang='grc' dir='ltr'>τοῦτο</span> <span class='ocrx_word' id='word_1_712' title='bbox 3181 2337 3517 2389; x_wconf 83' lang='grc' dir='ltr'>δαπανᾶσθαί</span> <span class='ocrx_word' id='word_1_713' title='bbox 3546 2352 3734 2402; x_wconf 78' lang='grc' dir='ltr'>φησιν.</span> <span class='ocrx_word' id='word_1_714' title='bbox 3761 2335 3848 2386; x_wconf 72' lang='grc' dir='ltr'>Οὐ</span> 
     </span>
    </p>
   </div>
   <div class='ocr_carea' id='block_1_87' title="bbox 2169 2422 3852 2499">
    <p class='ocr_par' dir='ltr' id='par_1_87' title="bbox 2169 2422 3852 2499">
     <span class='ocr_line' id='line_1_87' title="bbox 2169 2422 3852 2499; baseline -0.006 -20"><span class='ocrx_word' id='word_1_715' title='bbox 2169 2427 2278 2498; x_wconf 83' lang='grc' dir='ltr'>γὰρ</span> <span class='ocrx_word' id='word_1_716' title='bbox 2312 2430 2441 2481; x_wconf 82' lang='grc' dir='ltr'>ὅταν</span> <span class='ocrx_word' id='word_1_717' title='bbox 2468 2427 2924 2499; x_wconf 88' lang='grc' dir='ltr'>ἀριστοποιεῖσθαι</span> <span class='ocrx_word' id='word_1_718' title='bbox 2956 2426 3070 2494; x_wconf 81' lang='grc' dir='ltr'>δέῃ,</span> <span class='ocrx_word' id='word_1_719' title='bbox 3101 2424 3259 2477; x_wconf 87' lang='grc' dir='ltr'>τοῦτο</span> <span class='ocrx_word' id='word_1_720' title='bbox 3299 2423 3619 2492; x_wconf 79' lang='grc' dir='ltr'>πράττουσι,</span> <span class='ocrx_word' id='word_1_721' title='bbox 3643 2422 3852 2488; x_wconf 63' lang='grc' dir='ltr'>φησὶν,</span> 
     </span>
    </p>
   </div>
   <div class='ocr_carea' id='block_1_88' title="bbox 2171 2508 3856 2585">
    <p class='ocr_par' dir='ltr' id='par_1_88' title="bbox 2171 2508 3856 2585">
     <span class='ocr_line' id='line_1_88' title="bbox 2171 2508 3856 2585; baseline -0.005 -16"><span class='ocrx_word' id='word_1_722' title='bbox 2171 2516 2304 2569; x_wconf 80' lang='grc' dir='ltr'>ἀλλὰ</span> <span class='ocrx_word' id='word_1_723' title='bbox 2337 2517 2511 2568; x_wconf 91' lang='grc' dir='ltr'>πάντα</span> <span class='ocrx_word' id='word_1_724' title='bbox 2546 2516 2636 2568; x_wconf 78' lang='grc' dir='ltr'>τὸν</span> <span class='ocrx_word' id='word_1_725' title='bbox 2674 2515 2862 2585; x_wconf 81' lang='grc' dir='ltr'>καιρὸν</span> <span class='ocrx_word' id='word_1_726' title='bbox 2901 2513 3068 2582; x_wconf 80' lang='grc' dir='ltr'>μέθης</span> <span class='ocrx_word' id='word_1_727' title='bbox 3101 2511 3371 2572; x_wconf 85' lang='grc' dir='ltr'>ποιοῦντες</span> <span class='ocrx_word' id='word_1_728' title='bbox 3403 2510 3612 2579; x_wconf 76' lang='grc' dir='ltr'>καιρὸν,</span> <span class='ocrx_word' id='word_1_729' title='bbox 3644 2508 3739 2560; x_wconf 71' lang='grc' dir='ltr'>καὶ</span> <span class='ocrx_word' id='word_1_730' title='bbox 3780 2510 3856 2561; x_wconf 74' lang='grc' dir='ltr'>ἐκ</span> 
     </span>
    </p>
   </div>
   <div class='ocr_carea' id='block_1_89' title="bbox 2172 2595 3856 2672">
    <p class='ocr_par' dir='ltr' id='par_1_89' title="bbox 2172 2595 3856 2672">
     <span class='ocr_line' id='line_1_89' title="bbox 2172 2595 3856 2672; baseline -0.005 -19"><span class='ocrx_word' id='word_1_731' title='bbox 2172 2603 2469 2672; x_wconf 88' lang='grc' dir='ltr'>προοιμίων</span> <span class='ocrx_word' id='word_1_732' title='bbox 2510 2603 2607 2670; x_wconf 71' lang='grc' dir='ltr'>τῆς</span> <span class='ocrx_word' id='word_1_733' title='bbox 2637 2601 2866 2671; x_wconf 76' lang='grc' dir='ltr'>ἡμέρας,</span> <span class='ocrx_word' id='word_1_734' title='bbox 2924 2601 3011 2651; x_wconf 78' lang='grc' dir='ltr'>ὅτε</span> <span class='ocrx_word' id='word_1_735' title='bbox 3051 2597 3283 2667; x_wconf 85' lang='grc' dir='ltr'>μάλιστα</span> <span class='ocrx_word' id='word_1_736' title='bbox 3327 2597 3507 2657; x_wconf 77' lang='grc' dir='ltr'>αὐτοῖς</span> <span class='ocrx_word' id='word_1_737' title='bbox 3549 2595 3856 2664; x_wconf 78' lang='grc' dir='ltr'>προσέχειν</span> 
     </span>
    </p>
   </div>
   <div class='ocr_carea' id='block_1_90' title="bbox 2173 2681 3858 2760">
    <p class='ocr_par' dir='ltr' id='par_1_90' title="bbox 2173 2681 3858 2760">
     <span class='ocr_line' id='line_1_90' title="bbox 2173 2681 3858 2760; baseline -0.006 -18"><span class='ocrx_word' id='word_1_738' title='bbox 2173 2691 2360 2760; x_wconf 81' lang='grc' dir='ltr'>ἐχρῆν,</span> <span class='ocrx_word' id='word_1_739' title='bbox 2389 2690 2566 2760; x_wconf 87' lang='grc' dir='ltr'>πολλῷ</span> <span class='ocrx_word' id='word_1_740' title='bbox 2595 2690 2670 2760; x_wconf 80' lang='grc' dir='ltr'>τῷ</span> <span class='ocrx_word' id='word_1_741' title='bbox 2706 2689 2927 2759; x_wconf 83' lang='grc' dir='ltr'>ἀκράτῳ</span> <span class='ocrx_word' id='word_1_742' title='bbox 2962 2687 3192 2747; x_wconf 82' lang='grc' dir='ltr'>διδόντες</span> <span class='ocrx_word' id='word_1_743' title='bbox 3215 2684 3461 2744; x_wconf 70' lang='grc' dir='ltr'>ἑαυτοὺς,</span> <span class='ocrx_word' id='word_1_744' title='bbox 3491 2683 3585 2735; x_wconf 71' lang='grc' dir='ltr'>καὶ</span> <span class='ocrx_word' id='word_1_745' title='bbox 3613 2681 3858 2744; x_wconf 75' lang='grc' dir='ltr'>ἄκοντες</span> 
     </span>
    </p>
   </div>
   <div class='ocr_carea' id='block_1_91' title="bbox 2172 2768 3859 2845">
    <p class='ocr_par' dir='ltr' id='par_1_91' title="bbox 2172 2768 3859 2845">
     <span class='ocr_line' id='line_1_91' title="bbox 2172 2768 3859 2845; baseline -0.006 -17"><span class='ocrx_word' id='word_1_746' title='bbox 2172 2775 2356 2828; x_wconf 81' lang='grc' dir='ltr'>λοιπὸν</span> <span class='ocrx_word' id='word_1_747' title='bbox 2391 2777 2483 2828; x_wconf 74' lang='grc' dir='ltr'>καὶ</span> <span class='ocrx_word' id='word_1_748' title='bbox 2517 2777 2676 2845; x_wconf 86' lang='grc' dir='ltr'>μέχρι</span> <span class='ocrx_word' id='word_1_749' title='bbox 2703 2778 2798 2844; x_wconf 77' lang='grc' dir='ltr'>τῆς</span> <span class='ocrx_word' id='word_1_750' title='bbox 2838 2773 3074 2842; x_wconf 79' lang='grc' dir='ltr'>ἑσπέρας</span> <span class='ocrx_word' id='word_1_751' title='bbox 3122 2771 3542 2840; x_wconf 83' lang='grc' dir='ltr'>ἐναπομένοντες</span> <span class='ocrx_word' id='word_1_752' title='bbox 3575 2768 3650 2836; x_wconf 82' lang='grc' dir='ltr'>τῷ</span> <span class='ocrx_word' id='word_1_753' title='bbox 3681 2770 3859 2836; x_wconf 72' lang='grc' dir='ltr'>νοσή-</span> 
     </span>
    </p>
   </div>
   <div class='ocr_carea' id='block_1_92' title="bbox 2175 2855 3858 2931">
    <p class='ocr_par' dir='ltr' id='par_1_92' title="bbox 2175 2855 3858 2931">
     <span class='ocr_line' id='line_1_92' title="bbox 2175 2855 3858 2931; baseline -0.004 -19"><span class='ocrx_word' id='word_1_754' title='bbox 2175 2879 2323 2931; x_wconf 88' lang='grc' dir='ltr'>ματι.</span> <span class='ocrx_word' id='word_1_755' title='bbox 2360 2861 2607 2912; x_wconf 74' lang='grc' dir='ltr'>Ἐπειδὰν</span> <span class='ocrx_word' id='word_1_756' title='bbox 2638 2860 2745 2929; x_wconf 88' lang='grc' dir='ltr'>γὰρ</span> <span class='ocrx_word' id='word_1_757' title='bbox 2774 2859 2919 2921; x_wconf 80' lang='grc' dir='ltr'>ἆπαξ</span> <span class='ocrx_word' id='word_1_758' title='bbox 2958 2858 3203 2925; x_wconf 66' lang='grc' dir='ltr'>φθάσωσι</span> <span class='ocrx_word' id='word_1_759' title='bbox 3239 2855 3730 2921; x_wconf 81' lang='grc' dir='ltr'>καταποντισθῆναι</span> <span class='ocrx_word' id='word_1_760' title='bbox 3765 2857 3858 2914; x_wconf 84' lang='grc' dir='ltr'>εἰς</span> 
     </span>
    </p>
   </div>
   <div class='ocr_carea' id='block_1_93' title="bbox 2170 2940 3857 3016">
    <p class='ocr_par' dir='ltr' id='par_1_93' title="bbox 2170 2940 3857 3016">
     <span class='ocr_line' id='line_1_93' title="bbox 2170 2940 3857 3016; baseline -0.006 -17"><span class='ocrx_word' id='word_1_761' title='bbox 2170 2946 2258 3000; x_wconf 81' lang='grc' dir='ltr'>τὸν</span> <span class='ocrx_word' id='word_1_762' title='bbox 2281 2947 2377 3016; x_wconf 82' lang='grc' dir='ltr'>τῆς</span> <span class='ocrx_word' id='word_1_763' title='bbox 2413 2944 2678 3015; x_wconf 81' lang='grc' dir='ltr'>ἀκρασίας</span> <span class='ocrx_word' id='word_1_764' title='bbox 2706 2943 2882 3012; x_wconf 79' lang='grc' dir='ltr'>βυθὸν,</span> <span class='ocrx_word' id='word_1_765' title='bbox 2918 2942 3012 2994; x_wconf 76' lang='grc' dir='ltr'>καὶ</span> <span class='ocrx_word' id='word_1_766' title='bbox 3050 2942 3159 2992; x_wconf 90' lang='grc' dir='ltr'>τῶν</span> <span class='ocrx_word' id='word_1_767' title='bbox 3191 2941 3332 2993; x_wconf 84' lang='grc' dir='ltr'>κατὰ</span> <span class='ocrx_word' id='word_1_768' title='bbox 3369 2940 3529 3006; x_wconf 77' lang='grc' dir='ltr'>φύσιν</span> <span class='ocrx_word' id='word_1_769' title='bbox 3559 2940 3857 2990; x_wconf 83' lang='grc' dir='ltr'>ἐκπέσωσι</span> 
     </span>
    </p>
   </div>
   <div class='ocr_carea' id='block_1_94' title="bbox 2171 3025 3861 3103">
    <p class='ocr_par' dir='ltr' id='par_1_94' title="bbox 2171 3025 3861 3103">
     <span class='ocr_line' id='line_1_94' title="bbox 2171 3025 3861 3103; baseline -0.005 -17"><span class='ocrx_word' id='word_1_770' title='bbox 2171 3033 2407 3103; x_wconf 81' lang='grc' dir='ltr'>φρενῶν.</span> <span class='ocrx_word' id='word_1_771' title='bbox 2437 3034 2529 3085; x_wconf 73' lang='grc' dir='ltr'>καὶ</span> <span class='ocrx_word' id='word_1_772' title='bbox 2565 3031 2662 3101; x_wconf 78' lang='grc' dir='ltr'>τὴν</span> <span class='ocrx_word' id='word_1_773' title='bbox 2687 3030 2862 3101; x_wconf 72' lang='grc' dir='ltr'>ψυχὴν</span> <span class='ocrx_word' id='word_1_774' title='bbox 2894 3029 3238 3099; x_wconf 83' lang='grc' dir='ltr'>αἰχμάλωτον</span> <span class='ocrx_word' id='word_1_775' title='bbox 3269 3029 3334 3097; x_wconf 78' lang='grc' dir='ltr'>τῇ</span> <span class='ocrx_word' id='word_1_776' title='bbox 3365 3027 3574 3097; x_wconf 80' lang='grc' dir='ltr'>πονηρᾷ</span> <span class='ocrx_word' id='word_1_777' title='bbox 3614 3025 3715 3095; x_wconf 75' lang='grc' dir='ltr'>τῆς</span> <span class='ocrx_word' id='word_1_778' title='bbox 3746 3028 3861 3096; x_wconf 79' lang='grc' dir='ltr'>μέ-</span> 
     </span>
    </p>
   </div>
   <div class='ocr_carea' id='block_1_95' title="bbox 2173 3115 3860 3190">
    <p class='ocr_par' dir='ltr' id='par_1_95' title="bbox 2173 3115 3860 3190">
     <span class='ocr_line' id='line_1_95' title="bbox 2173 3115 3860 3190; baseline -0.004 -17"><span class='ocrx_word' id='word_1_779' title='bbox 2173 3121 2272 3190; x_wconf 87' lang='grc' dir='ltr'>θης</span> <span class='ocrx_word' id='word_1_780' title='bbox 2314 3119 2675 3190; x_wconf 85' lang='grc' dir='ltr'>παραδώσωσι</span> <span class='ocrx_word' id='word_1_781' title='bbox 2704 3117 2993 3186; x_wconf 85' lang='grc' dir='ltr'>τυραννίδι,</span> <span class='ocrx_word' id='word_1_782' title='bbox 3037 3116 3289 3185; x_wconf 90' lang='grc' dir='ltr'>καθάπερ</span> <span class='ocrx_word' id='word_1_783' title='bbox 3323 3115 3506 3167; x_wconf 87' lang='grc' dir='ltr'>πλοῖον</span> <span class='ocrx_word' id='word_1_784' title='bbox 3542 3115 3860 3182; x_wconf 78' lang='grc' dir='ltr'>ἀνερμάτι-</span> 
     </span>
    </p>
   </div>
   <div class='ocr_carea' id='block_1_96' title="bbox 2174 3200 3859 3275">
    <p class='ocr_par' dir='ltr' id='par_1_96' title="bbox 2174 3200 3859 3275">
     <span class='ocr_line' id='line_1_96' title="bbox 2174 3200 3859 3275; baseline -0.005 -17"><span class='ocrx_word' id='word_1_785' title='bbox 2174 3223 2316 3268; x_wconf 87' lang='grc' dir='ltr'>στον,</span> <span class='ocrx_word' id='word_1_786' title='bbox 2341 3207 2432 3257; x_wconf 71' lang='grc' dir='ltr'>καὶ</span> <span class='ocrx_word' id='word_1_787' title='bbox 2454 3205 2786 3275; x_wconf 83' lang='grc' dir='ltr'>κυϐερνήτου</span> <span class='ocrx_word' id='word_1_788' title='bbox 2812 3204 2906 3255; x_wconf 74' lang='grc' dir='ltr'>καὶ</span> <span class='ocrx_word' id='word_1_789' title='bbox 2937 3202 3149 3255; x_wconf 87' lang='grc' dir='ltr'>ναυτῶν</span> <span class='ocrx_word' id='word_1_790' title='bbox 3170 3201 3627 3270; x_wconf 81' lang='grc' dir='ltr'>ἀπεστερημένον,</span> <span class='ocrx_word' id='word_1_791' title='bbox 3652 3200 3859 3263; x_wconf 76' lang='grc' dir='ltr'>ἁπλῶς</span> 
     </span>
    </p>
   </div>
   <div class='ocr_carea' id='block_1_97' title="bbox 2173 3287 3857 3362">
    <p class='ocr_par' dir='ltr' id='par_1_97' title="bbox 2173 3287 3857 3362">
     <span class='ocr_line' id='line_1_97' title="bbox 2173 3287 3857 3362; baseline -0.005 -16"><span class='ocrx_word' id='word_1_792' title='bbox 2173 3295 2267 3347; x_wconf 80' lang='grc' dir='ltr'>καὶ</span> <span class='ocrx_word' id='word_1_793' title='bbox 2293 3293 2414 3362; x_wconf 87' lang='grc' dir='ltr'>εἰκῆ</span> <span class='ocrx_word' id='word_1_794' title='bbox 2441 3293 2687 3362; x_wconf 76' lang='grc' dir='ltr'>φέρεται,</span> <span class='ocrx_word' id='word_1_795' title='bbox 2717 3294 2782 3360; x_wconf 86' lang='grc' dir='ltr'>τῇ</span> <span class='ocrx_word' id='word_1_796' title='bbox 2810 3289 2916 3342; x_wconf 89' lang='grc' dir='ltr'>τῶν</span> <span class='ocrx_word' id='word_1_797' title='bbox 2948 3289 3156 3342; x_wconf 78' lang='grc' dir='ltr'>ὑδάτων</span> <span class='ocrx_word' id='word_1_798' title='bbox 3193 3290 3411 3358; x_wconf 87' lang='grc' dir='ltr'>ἀτάκτῳ</span> <span class='ocrx_word' id='word_1_799' title='bbox 3442 3287 3586 3357; x_wconf 73' lang='grc' dir='ltr'>ῥύμη</span> <span class='ocrx_word' id='word_1_800' title='bbox 3628 3304 3857 3338; x_wconf 85' lang='grc' dir='ltr'>παντα-</span> 
     </span>
    </p>
   </div>
   <div class='ocr_carea' id='block_1_98' title="bbox 2172 3368 3862 3450">
    <p class='ocr_par' dir='ltr' id='par_1_98' title="bbox 2172 3368 3862 3450">
     <span class='ocr_line' id='line_1_98' title="bbox 2172 3368 3862 3450; baseline -0.003 -17"><span class='ocrx_word' id='word_1_801' title='bbox 2172 3382 2268 3450; x_wconf 91' lang='grc' dir='ltr'>χοῦ</span> <span class='ocrx_word' id='word_1_802' title='bbox 2306 3381 2727 3450; x_wconf 86' lang='grc' dir='ltr'>περιαγόμενον,</span> <span class='ocrx_word' id='word_1_803' title='bbox 2773 3380 2864 3432; x_wconf 81' lang='grc' dir='ltr'>τὸν</span> <span class='ocrx_word' id='word_1_804' title='bbox 2897 3379 3060 3431; x_wconf 69' lang='grc' dir='ltr'>αὑτὸν</span> <span class='ocrx_word' id='word_1_805' title='bbox 3088 3377 3151 3448; x_wconf 82' lang='grc' dir='ltr'>δὴ</span> <span class='ocrx_word' id='word_1_806' title='bbox 3192 3377 3391 3446; x_wconf 86' lang='grc' dir='ltr'>τρόπον</span> <span class='ocrx_word' id='word_1_807' title='bbox 3430 3377 3524 3428; x_wconf 79' lang='grc' dir='ltr'>καὶ</span> <span class='ocrx_word' id='word_1_808' title='bbox 3553 3368 3700 3426; x_wconf 78' lang='grc' dir='ltr'>οῦτοι</span> <span class='ocrx_word' id='word_1_809' title='bbox 3736 3375 3862 3428; x_wconf 81' lang='grc' dir='ltr'>ὑπὸ</span> 
     </span>
    </p>
   </div>
   <div class='ocr_carea' id='block_1_99' title="bbox 2173 3461 3860 3536">
    <p class='ocr_par' dir='ltr' id='par_1_99' title="bbox 2173 3461 3860 3536">
     <span class='ocr_line' id='line_1_99' title="bbox 2173 3461 3860 3536; baseline -0.003 -16"><span class='ocrx_word' id='word_1_810' title='bbox 2173 3468 2272 3536; x_wconf 77' lang='grc' dir='ltr'>τῆς</span> <span class='ocrx_word' id='word_1_811' title='bbox 2302 3469 2471 3536; x_wconf 87' lang='grc' dir='ltr'>μέθης</span> <span class='ocrx_word' id='word_1_812' title='bbox 2519 3466 2835 3535; x_wconf 84' lang='grc' dir='ltr'>ὑποϐρύχιοι</span> <span class='ocrx_word' id='word_1_813' title='bbox 2887 3465 3187 3534; x_wconf 87' lang='grc' dir='ltr'>γενόμενοι.</span> <span class='ocrx_word' id='word_1_814' title='bbox 3231 3464 3319 3516; x_wconf 91' lang='grc' dir='ltr'>Διό</span> <span class='ocrx_word' id='word_1_815' title='bbox 3363 3479 3555 3532; x_wconf 76' lang='grc' dir='ltr'>φησιν·</span> <span class='ocrx_word' id='word_1_816' title='bbox 3602 3461 3758 3514; x_wconf 72' lang='grc' dir='ltr'>Οὐαί</span> <span class='ocrx_word' id='word_1_817' title='bbox 3797 3467 3860 3515; x_wconf 89' lang='grc' dir='ltr'>οι</span> 
     </span>
    </p>
   </div>
   <div class='ocr_carea' id='block_1_100' title="bbox 2171 3548 3858 3621">
    <p class='ocr_par' dir='ltr' id='par_1_100' title="bbox 2171 3548 3858 3621">
     <span class='ocr_line' id='line_1_100' title="bbox 2171 3548 3858 3621; baseline -0.004 -15"><span class='ocrx_word' id='word_1_818' title='bbox 2171 3554 2525 3621; x_wconf 63' lang='grc' dir='ltr'>ἐγειρόμενοι</span> <span class='ocrx_word' id='word_1_819' title='bbox 2566 3553 2630 3604; x_wconf 84' lang='grc' dir='ltr'>τὸ</span> <span class='ocrx_word' id='word_1_820' title='bbox 2667 3553 2845 3619; x_wconf 69' lang='grc' dir='ltr'>πρωῒ,</span> <span class='ocrx_word' id='word_1_821' title='bbox 2890 3552 2986 3603; x_wconf 84' lang='grc' dir='ltr'>καί</span> <span class='ocrx_word' id='word_1_822' title='bbox 3029 3553 3094 3603; x_wconf 78' lang='grc' dir='ltr'>τὸ</span> <span class='ocrx_word' id='word_1_823' title='bbox 3145 3550 3356 3616; x_wconf 81' lang='grc' dir='ltr'>σίκερα</span> <span class='ocrx_word' id='word_1_824' title='bbox 3387 3548 3728 3611; x_wconf 83' lang='grc' dir='ltr'>διώκοντες.</span> <span class='ocrx_word' id='word_1_825' title='bbox 3770 3549 3858 3600; x_wconf 81' lang='grc' dir='ltr'>Οὐ</span> 
     </span>
    </p>
   </div>
   <div class='ocr_carea' id='block_1_101' title="bbox 2172 3634 3860 3711">
    <p class='ocr_par' dir='ltr' id='par_1_101' title="bbox 2172 3634 3860 3711">
     <span class='ocr_line' id='line_1_101' title="bbox 2172 3634 3860 3711; baseline -0.004 -18"><span class='ocrx_word' id='word_1_826' title='bbox 2172 3641 2279 3711; x_wconf 78' lang='grc' dir='ltr'>γὰρ</span> <span class='ocrx_word' id='word_1_827' title='bbox 2307 3642 2404 3709; x_wconf 79' lang='grc' dir='ltr'>τὴν</span> <span class='ocrx_word' id='word_1_828' title='bbox 2434 3640 2621 3710; x_wconf 88' lang='grc' dir='ltr'>χρείαν</span> <span class='ocrx_word' id='word_1_829' title='bbox 2661 3639 2949 3709; x_wconf 85' lang='grc' dir='ltr'>ἐπλήρουν,</span> <span class='ocrx_word' id='word_1_830' title='bbox 2981 3636 3100 3689; x_wconf 81' lang='grc' dir='ltr'>ούδέ</span> <span class='ocrx_word' id='word_1_831' title='bbox 3134 3636 3391 3704; x_wconf 87' lang='grc' dir='ltr'>ἀνέμενον</span> <span class='ocrx_word' id='word_1_832' title='bbox 3424 3634 3719 3702; x_wconf 86' lang='grc' dir='ltr'>ἐπιθυμίας</span> <span class='ocrx_word' id='word_1_833' title='bbox 3751 3651 3860 3700; x_wconf 81' lang='grc' dir='ltr'>γε·</span> 
     </span>
    </p>
   </div>
   <div class='ocr_carea' id='block_1_102' title="bbox 2171 3721 3862 3798">
    <p class='ocr_par' dir='ltr' id='par_1_102' title="bbox 2171 3721 3862 3798">
     <span class='ocr_line' id='line_1_102' title="bbox 2171 3721 3862 3798; baseline -0.005 -16"><span class='ocrx_word' id='word_1_834' title='bbox 2171 3729 2402 3798; x_wconf 83' lang='grc' dir='ltr'>νομένης</span> <span class='ocrx_word' id='word_1_835' title='bbox 2451 3726 2735 3795; x_wconf 89' lang='grc' dir='ltr'>πληρῶσαι</span> <span class='ocrx_word' id='word_1_836' title='bbox 2777 3726 2875 3795; x_wconf 81' lang='grc' dir='ltr'>τὴν</span> <span class='ocrx_word' id='word_1_837' title='bbox 2909 3723 3145 3786; x_wconf 76' lang='grc' dir='ltr'>ἔνδειαν,</span> <span class='ocrx_word' id='word_1_838' title='bbox 3191 3722 3304 3775; x_wconf 79' lang='grc' dir='ltr'>ἀλλ’</span> <span class='ocrx_word' id='word_1_839' title='bbox 3353 3722 3512 3791; x_wconf 81' lang='grc' dir='ltr'>ἔργον</span> <span class='ocrx_word' id='word_1_840' title='bbox 3557 3721 3862 3773; x_wconf 83' lang='grc' dir='ltr'>ἐποιοῦντο</span> 
     </span>
    </p>
   </div>
   <div class='ocr_carea' id='block_1_103' title="bbox 2171 3807 3864 3883">
    <p class='ocr_par' dir='ltr' id='par_1_103' title="bbox 2171 3807 3864 3883">
     <span class='ocr_line' id='line_1_103' title="bbox 2171 3807 3864 3883; baseline -0.005 -15"><span class='ocrx_word' id='word_1_841' title='bbox 2171 3815 2330 3868; x_wconf 91' lang='grc' dir='ltr'>τοῦτο</span> <span class='ocrx_word' id='word_1_842' title='bbox 2356 3817 2447 3867; x_wconf 77' lang='grc' dir='ltr'>καὶ</span> <span class='ocrx_word' id='word_1_843' title='bbox 2481 3814 2729 3883; x_wconf 88' lang='grc' dir='ltr'>μελέτην,</span> <span class='ocrx_word' id='word_1_844' title='bbox 2760 3812 2820 3864; x_wconf 80' lang='grc' dir='ltr'>τὸ</span> <span class='ocrx_word' id='word_1_845' title='bbox 2849 3809 3109 3879; x_wconf 80' lang='grc' dir='ltr'>διηνεκῶς</span> <span class='ocrx_word' id='word_1_846' title='bbox 3144 3809 3380 3878; x_wconf 88' lang='grc' dir='ltr'>μεθύειν.</span> <span class='ocrx_word' id='word_1_847' title='bbox 3423 3807 3514 3859; x_wconf 90' lang='grc' dir='ltr'>Διό</span> <span class='ocrx_word' id='word_1_848' title='bbox 3555 3823 3744 3875; x_wconf 69' lang='grc' dir='ltr'>φησιν·</span> <span class='ocrx_word' id='word_1_849' title='bbox 3788 3812 3864 3862; x_wconf 83' lang='grc' dir='ltr'>οι</span> 
     </span>
    </p>
   </div>
   <div class='ocr_carea' id='block_1_104' title="bbox 2172 3896 3864 3970">
    <p class='ocr_par' dir='ltr' id='par_1_104' title="bbox 2172 3896 3864 3970">
     <span class='ocr_line' id='line_1_104' title="bbox 2172 3896 3864 3970; baseline -0.005 -13"><span class='ocrx_word' id='word_1_850' title='bbox 2172 3904 2484 3968; x_wconf 78' lang='grc' dir='ltr'>διώκοντες</span> <span class='ocrx_word' id='word_1_851' title='bbox 2511 3904 2737 3969; x_wconf 86' lang='grc' dir='ltr'>σίκερα.</span> <span class='ocrx_word' id='word_1_852' title='bbox 2779 3902 2977 3970; x_wconf 87' lang='grc' dir='ltr'>Σίκερα</span> <span class='ocrx_word' id='word_1_853' title='bbox 3014 3899 3069 3951; x_wconf 85' lang='grc' dir='ltr'>δέ</span> <span class='ocrx_word' id='word_1_854' title='bbox 3110 3897 3341 3950; x_wconf 83' lang='grc' dir='ltr'>ἐνταῦθά</span> <span class='ocrx_word' id='word_1_855' title='bbox 3372 3913 3503 3966; x_wconf 82' lang='grc' dir='ltr'>φησι</span> <span class='ocrx_word' id='word_1_856' title='bbox 3532 3896 3639 3947; x_wconf 91' lang='grc' dir='ltr'>τῶν</span> <span class='ocrx_word' id='word_1_857' title='bbox 3671 3899 3864 3964; x_wconf 77' lang='grc' dir='ltr'>φοινί-</span> 
     </span>
    </p>
   </div>
   <div class='ocr_carea' id='block_1_105' title="bbox 2174 3984 3866 4058">
    <p class='ocr_par' dir='ltr' id='par_1_105' title="bbox 2174 3984 3866 4058">
     <span class='ocr_line' id='line_1_105' title="bbox 2174 3984 3866 4058; baseline -0.005 -13"><span class='ocrx_word' id='word_1_858' title='bbox 2174 4010 2282 4045; x_wconf 90' lang='grc' dir='ltr'>κων</span> <span class='ocrx_word' id='word_1_859' title='bbox 2311 3993 2401 4044; x_wconf 83' lang='grc' dir='ltr'>τὸν</span> <span class='ocrx_word' id='word_1_860' title='bbox 2433 3991 2582 4052; x_wconf 75' lang='grc' dir='ltr'>ὀπὸν,</span> <span class='ocrx_word' id='word_1_861' title='bbox 2622 3990 2681 4042; x_wconf 83' lang='grc' dir='ltr'>ὃν</span> <span class='ocrx_word' id='word_1_862' title='bbox 2727 3989 3067 4058; x_wconf 84' lang='grc' dir='ltr'>ἐπετήδευον,</span> <span class='ocrx_word' id='word_1_863' title='bbox 3103 3985 3470 4056; x_wconf 84' lang='grc' dir='ltr'>συντρίϐοντες</span> <span class='ocrx_word' id='word_1_864' title='bbox 3505 3984 3593 4035; x_wconf 81' lang='grc' dir='ltr'>τὸν</span> <span class='ocrx_word' id='word_1_865' title='bbox 3627 3986 3866 4053; x_wconf 78' lang='grc' dir='ltr'>καρπὸν</span> 
     </span>
    </p>
   </div>
   <div class='ocr_carea' id='block_1_106' title="bbox 2174 4070 3868 4144">
    <p class='ocr_par' dir='ltr' id='par_1_106' title="bbox 2174 4070 3868 4144">
     <span class='ocr_line' id='line_1_106' title="bbox 2174 4070 3868 4144; baseline -0.005 -11"><span class='ocrx_word' id='word_1_866' title='bbox 2174 4082 2269 4134; x_wconf 78' lang='grc' dir='ltr'>καὶ</span> <span class='ocrx_word' id='word_1_867' title='bbox 2301 4079 2693 4141; x_wconf 86' lang='grc' dir='ltr'>καταθλῶντες,</span> <span class='ocrx_word' id='word_1_868' title='bbox 2720 4079 2798 4138; x_wconf 87' lang='grc' dir='ltr'>εἰς</span> <span class='ocrx_word' id='word_1_869' title='bbox 2817 4077 2960 4128; x_wconf 81' lang='grc' dir='ltr'>οἴνου</span> <span class='ocrx_word' id='word_1_870' title='bbox 3003 4070 3497 4144; x_wconf 78' lang='grc' dir='ltr'>μετασχηματίζειν</span> <span class='ocrx_word' id='word_1_871' title='bbox 3526 4070 3710 4138; x_wconf 72' lang='grc' dir='ltr'>φύσιν.</span> <span class='ocrx_word' id='word_1_872' title='bbox 3740 4071 3868 4124; x_wconf 80' lang='grc' dir='ltr'>Κα-</span> 
     </span>
    </p>
   </div>
   <div class='ocr_carea' id='block_1_107' title="bbox 2178 4157 3858 4238">
    <p class='ocr_par' dir='ltr' id='par_1_107' title="bbox 2178 4157 3858 4238">
     <span class='ocr_line' id='line_1_107' title="bbox 2178 4157 3858 4238; baseline -0.006 -18"><span class='ocrx_word' id='word_1_873' title='bbox 2178 4166 2404 4238; x_wconf 75' lang='grc' dir='ltr'>ρωτικδν</span> <span class='ocrx_word' id='word_1_874' title='bbox 2451 4166 2508 4219; x_wconf 82' lang='grc' dir='ltr'>δέ</span> <span class='ocrx_word' id='word_1_875' title='bbox 2557 4167 2674 4217; x_wconf 89' lang='grc' dir='ltr'>ἐστι</span> <span class='ocrx_word' id='word_1_876' title='bbox 2722 4165 2782 4216; x_wconf 81' lang='grc' dir='ltr'>τὸ</span> <span class='ocrx_word' id='word_1_877' title='bbox 2828 4161 3087 4226; x_wconf 91' lang='grc' dir='ltr'>τοιοῦτον,</span> <span class='ocrx_word' id='word_1_878' title='bbox 3141 4160 3233 4212; x_wconf 75' lang='grc' dir='ltr'>καὶ</span> <span class='ocrx_word' id='word_1_879' title='bbox 3288 4159 3454 4228; x_wconf 87' lang='grc' dir='ltr'>μέθης</span> <span class='ocrx_word' id='word_1_880' title='bbox 3488 4157 3858 4225; x_wconf 75' lang='grc' dir='ltr'>ἐργαστικόν.</span> 
     </span>
    </p>
   </div>
   <div class='ocr_carea' id='block_1_108' title="bbox 2187 4243 3867 4322">
    <p class='ocr_par' dir='ltr' id='par_1_108' title="bbox 2187 4243 3867 4322">
     <span class='ocr_line' id='line_1_108' title="bbox 2187 4243 3867 4322; baseline -0.006 -15"><span class='ocrx_word' id='word_1_881' title='bbox 2187 4255 2327 4306; x_wconf 86' lang='grc' dir='ltr'>Ἀλλ’</span> <span class='ocrx_word' id='word_1_882' title='bbox 2346 4254 2497 4306; x_wconf 76' lang='grc' dir='ltr'>οὐδὲν</span> <span class='ocrx_word' id='word_1_883' title='bbox 2524 4251 2816 4322; x_wconf 76' lang='grc' dir='ltr'>ὑφωρῶντο</span> <span class='ocrx_word' id='word_1_884' title='bbox 2838 4250 3039 4302; x_wconf 90' lang='grc' dir='ltr'>τούτων</span> <span class='ocrx_word' id='word_1_885' title='bbox 3063 4251 3276 4311; x_wconf 87' lang='grc' dir='ltr'>ἐκεῖνοι,</span> <span class='ocrx_word' id='word_1_886' title='bbox 3301 4245 3396 4315; x_wconf 87' lang='grc' dir='ltr'>τὴν</span> <span class='ocrx_word' id='word_1_887' title='bbox 3421 4243 3609 4313; x_wconf 77' lang='grc' dir='ltr'>ἡδονὴν</span> <span class='ocrx_word' id='word_1_888' title='bbox 3641 4260 3867 4297; x_wconf 75' lang='grc' dir='ltr'>πανταο</span> 
     </span>
    </p>
   </div>
   <div class='ocr_carea' id='block_1_109' title="bbox 2174 4328 3865 4410">
    <p class='ocr_par' dir='ltr' id='par_1_109' title="bbox 2174 4328 3865 4410">
     <span class='ocr_line' id='line_1_109' title="bbox 2174 4328 3865 4410; baseline -0.006 -17"><span class='ocrx_word' id='word_1_889' title='bbox 2174 4342 2270 4410; x_wconf 87' lang='grc' dir='ltr'>χοῦ</span> <span class='ocrx_word' id='word_1_890' title='bbox 2301 4341 2611 4401; x_wconf 86' lang='grc' dir='ltr'>διώκοντες,</span> <span class='ocrx_word' id='word_1_891' title='bbox 2650 4340 2899 4407; x_wconf 83' lang='grc' dir='ltr'>μένοντες</span> <span class='ocrx_word' id='word_1_892' title='bbox 2939 4337 2997 4388; x_wconf 82' lang='grc' dir='ltr'>τὸ</span> <span class='ocrx_word' id='word_1_893' title='bbox 3032 4336 3146 4404; x_wconf 72' lang='grc' dir='ltr'>ὀψέ.</span> <span class='ocrx_word' id='word_1_894' title='bbox 3189 4335 3241 4386; x_wconf 91' lang='grc' dir='ltr'><em>Ὁ</em></span> <span class='ocrx_word' id='word_1_895' title='bbox 3273 4336 3382 4402; x_wconf 71' lang='grc' dir='ltr'>γὰρ</span> <span class='ocrx_word' id='word_1_896' title='bbox 3417 4328 3574 4394; x_wconf 71' lang='grc' dir='ltr'>οἶνος</span> <span class='ocrx_word' id='word_1_897' title='bbox 3613 4332 3865 4398; x_wconf 75' lang='grc' dir='ltr'>αὐτοὺς</span> 
     </span>
    </p>
   </div>
   <div class='ocr_carea' id='block_1_110' title="bbox 2175 4417 3865 4495">
    <p class='ocr_par' dir='ltr' id='par_1_110' title="bbox 2175 4417 3865 4495">
     <span class='ocr_line' id='line_1_110' title="bbox 2175 4417 3865 4495; baseline -0.006 -14"><span class='ocrx_word' id='word_1_898' title='bbox 2175 4429 2526 4495; x_wconf 76' lang='grc' dir='ltr'>συγκαύσει.</span> <span class='ocrx_word' id='word_1_899' title='bbox 2559 4426 2789 4493; x_wconf 88' lang='grc' dir='ltr'>Τοιαύτη</span> <span class='ocrx_word' id='word_1_900' title='bbox 2825 4423 2932 4492; x_wconf 83' lang='grc' dir='ltr'>γάρ</span> <span class='ocrx_word' id='word_1_901' title='bbox 2959 4423 3055 4490; x_wconf 75' lang='grc' dir='ltr'>τῆς</span> <span class='ocrx_word' id='word_1_902' title='bbox 3085 4420 3251 4491; x_wconf 87' lang='grc' dir='ltr'>μέθης</span> <span class='ocrx_word' id='word_1_903' title='bbox 3285 4422 3318 4490; x_wconf 80' lang='grc' dir='ltr'>ὴ</span> <span class='ocrx_word' id='word_1_904' title='bbox 3361 4417 3537 4486; x_wconf 74' lang='grc' dir='ltr'>φύσις·</span> <span class='ocrx_word' id='word_1_905' title='bbox 3573 4417 3865 4485; x_wconf 82' lang='grc' dir='ltr'>προϊοῦσα</span> 
     </span>
    </p>
   </div>
   <div class='ocr_carea' id='block_1_111' title="bbox 2175 4501 3866 4581">
    <p class='ocr_par' dir='ltr' id='par_1_111' title="bbox 2175 4501 3866 4581">
     <span class='ocr_line' id='line_1_111' title="bbox 2175 4501 3866 4581; baseline -0.005 -15"><span class='ocrx_word' id='word_1_906' title='bbox 2175 4515 2413 4579; x_wconf 75' lang='grc' dir='ltr'>αὔξεται,</span> <span class='ocrx_word' id='word_1_907' title='bbox 2437 4513 2531 4566; x_wconf 75' lang='grc' dir='ltr'>καὶ</span> <span class='ocrx_word' id='word_1_908' title='bbox 2559 4510 2935 4581; x_wconf 87' lang='grc' dir='ltr'>χαλεπώτερον</span> <span class='ocrx_word' id='word_1_909' title='bbox 2960 4510 3018 4559; x_wconf 79' lang='grc' dir='ltr'>τὸ</span> <span class='ocrx_word' id='word_1_910' title='bbox 3054 4507 3203 4575; x_wconf 72' lang='grc' dir='ltr'>δίψος</span> <span class='ocrx_word' id='word_1_911' title='bbox 3236 4507 3395 4557; x_wconf 86' lang='grc' dir='ltr'>ποιεῖ.</span> <span class='ocrx_word' id='word_1_912' title='bbox 3437 4501 3567 4556; x_wconf 84' lang='grc' dir='ltr'>Εἶτα</span> <span class='ocrx_word' id='word_1_913' title='bbox 3599 4504 3698 4555; x_wconf 75' lang='grc' dir='ltr'>καὶ</span> <span class='ocrx_word' id='word_1_914' title='bbox 3727 4505 3866 4558; x_wconf 74' lang='grc' dir='ltr'>ἓτε-</span> 
     </span>
    </p>
   </div>
   <div class='ocr_carea' id='block_1_112' title="bbox 2177 4588 3870 4669">
    <p class='ocr_par' dir='ltr' id='par_1_112' title="bbox 2177 4588 3870 4669">
     <span class='ocr_line' id='line_1_112' title="bbox 2177 4588 3870 4669; baseline -0.006 -18"><span class='ocrx_word' id='word_1_915' title='bbox 2177 4617 2266 4669; x_wconf 89' lang='grc' dir='ltr'>ρον</span> <span class='ocrx_word' id='word_1_916' title='bbox 2293 4600 2391 4650; x_wconf 82' lang='grc' dir='ltr'>οὑκ</span> <span class='ocrx_word' id='word_1_917' title='bbox 2428 4598 2642 4649; x_wconf 78' lang='grc' dir='ltr'>ἔλαττον</span> <span class='ocrx_word' id='word_1_918' title='bbox 2668 4595 2915 4663; x_wconf 75' lang='grc' dir='ltr'>ἔγκλημα</span> <span class='ocrx_word' id='word_1_919' title='bbox 2943 4592 3035 4644; x_wconf 87' lang='grc' dir='ltr'>τοῦ</span> <span class='ocrx_word' id='word_1_920' title='bbox 3068 4591 3332 4661; x_wconf 87' lang='grc' dir='ltr'>προτέρου</span> <span class='ocrx_word' id='word_1_921' title='bbox 3367 4588 3716 4658; x_wconf 89' lang='grc' dir='ltr'>προστίθησι,</span> <span class='ocrx_word' id='word_1_922' title='bbox 3765 4590 3870 4642; x_wconf 71' lang='grc' dir='ltr'>λέο</span> 
     </span>
    </p>
   </div>
   <div class='ocr_carea' id='block_1_113' title="bbox 2172 4675 3869 4754">
    <p class='ocr_par' dir='ltr' id='par_1_113' title="bbox 2172 4675 3869 4754">
     <span class='ocr_line' id='line_1_113' title="bbox 2172 4675 3869 4754; baseline -0.005 -16"><span class='ocrx_word' id='word_1_923' title='bbox 2172 4701 2306 4754; x_wconf 83' lang='grc' dir='ltr'>γων·</span> <span class='ocrx_word' id='word_1_924' title='bbox 2329 4687 2487 4737; x_wconf 86' lang='grc' dir='ltr'>Μετὰ</span> <span class='ocrx_word' id='word_1_925' title='bbox 2513 4685 2621 4752; x_wconf 78' lang='grc' dir='ltr'>γὰρ</span> <span class='ocrx_word' id='word_1_926' title='bbox 2641 4679 2880 4748; x_wconf 83' lang='grc' dir='ltr'>κιθάρας</span> <span class='ocrx_word' id='word_1_927' title='bbox 2911 4679 3008 4731; x_wconf 80' lang='grc' dir='ltr'>καὶ</span> <span class='ocrx_word' id='word_1_928' title='bbox 3033 4679 3369 4746; x_wconf 71' lang='grc' dir='ltr'>ψαλτηρίου</span> <span class='ocrx_word' id='word_1_929' title='bbox 3393 4676 3491 4730; x_wconf 77' lang='grc' dir='ltr'>καὶ</span> <span class='ocrx_word' id='word_1_930' title='bbox 3516 4675 3869 4743; x_wconf 77' lang='grc' dir='ltr'>τυμπάνων</span> 
     </span>
    </p>
   </div>
   <div class='ocr_carea' id='block_1_114' title="bbox 2176 4764 3870 4834">
    <p class='ocr_par' dir='ltr' id='par_1_114' title="bbox 2176 4764 3870 4834">
     <span class='ocr_line' id='line_1_114' title="bbox 2176 4764 3870 4834; baseline -0.005 -9"><span class='ocrx_word' id='word_1_931' title='bbox 2176 4773 2272 4825; x_wconf 75' lang='grc' dir='ltr'>καὶ</span> <span class='ocrx_word' id='word_1_932' title='bbox 2308 4771 2512 4824; x_wconf 76' lang='grc' dir='ltr'>αὐλῶν</span> <span class='ocrx_word' id='word_1_933' title='bbox 2551 4771 2656 4822; x_wconf 83' lang='grc' dir='ltr'>τὸν</span> <span class='ocrx_word' id='word_1_934' title='bbox 2698 4765 2865 4820; x_wconf 81' lang='grc' dir='ltr'>οἶνον</span> <span class='ocrx_word' id='word_1_935' title='bbox 2893 4768 3160 4819; x_wconf 84' lang='grc' dir='ltr'>πίνουσι.</span> <span class='ocrx_word' id='word_1_936' title='bbox 3199 4764 3371 4817; x_wconf 86' lang='grc' dir='ltr'>Τοῦτο</span> <span class='ocrx_word' id='word_1_937' title='bbox 3402 4765 3495 4817; x_wconf 77' lang='grc' dir='ltr'>καὶ</span> <span class='ocrx_word' id='word_1_938' title='bbox 3532 4764 3725 4833; x_wconf 74' lang='grc' dir='ltr'>ἕτερος</span> <span class='ocrx_word' id='word_1_939' title='bbox 3764 4767 3870 4834; x_wconf 86' lang='grc' dir='ltr'>ἐγ-</span> 
     </span>
    </p>
   </div>
   <div class='ocr_carea' id='block_1_115' title="bbox 2177 4851 3872 4927">
    <p class='ocr_par' dir='ltr' id='par_1_115' title="bbox 2177 4851 3872 4927">
     <span class='ocr_line' id='line_1_115' title="bbox 2177 4851 3872 4927; baseline -0.004 -14"><span class='ocrx_word' id='word_1_940' title='bbox 2177 4859 2331 4914; x_wconf 87' lang='grc' dir='ltr'>καλεῖ</span> <span class='ocrx_word' id='word_1_941' title='bbox 2359 4857 2638 4927; x_wconf 68' lang='grc' dir='ltr'>προφήτης</span> <span class='ocrx_word' id='word_1_942' title='bbox 2679 4857 2957 4922; x_wconf 85' lang='grc' dir='ltr'>λέγων·οὶ</span> <span class='ocrx_word' id='word_1_943' title='bbox 2991 4854 3267 4917; x_wconf 84' lang='grc' dir='ltr'>πίνοντες</span> <span class='ocrx_word' id='word_1_944' title='bbox 3303 4851 3410 4905; x_wconf 84' lang='grc' dir='ltr'>τὸν</span> <span class='ocrx_word' id='word_1_945' title='bbox 3448 4852 3872 4918; x_wconf 72' lang='grc' dir='ltr'>διυλισμένον</span> 
     </span>
    </p>
   </div>
   <div class='ocr_carea' id='block_1_116' title="bbox 2176 4938 3870 5009">
    <p class='ocr_par' dir='ltr' id='par_1_116' title="bbox 2176 4938 3870 5009">
     <span class='ocr_line' id='line_1_116' title="bbox 2176 4938 3870 5009; baseline -0.005 -11"><span class='ocrx_word' id='word_1_946' title='bbox 2176 4941 2362 5008; x_wconf 80' lang='grc' dir='ltr'>οἶνον,</span> <span class='ocrx_word' id='word_1_947' title='bbox 2391 4945 2487 4995; x_wconf 78' lang='grc' dir='ltr'>καὶ</span> <span class='ocrx_word' id='word_1_948' title='bbox 2535 4945 2606 4995; x_wconf 86' lang='grc' dir='ltr'>τὰ</span> <span class='ocrx_word' id='word_1_949' title='bbox 2634 4942 2831 5009; x_wconf 80' lang='grc' dir='ltr'>πρῶτα</span> <span class='ocrx_word' id='word_1_950' title='bbox 2868 4942 3026 5008; x_wconf 83' lang='grc' dir='ltr'>μύρα</span> <span class='ocrx_word' id='word_1_951' title='bbox 3055 4940 3374 5007; x_wconf 76' lang='grc' dir='ltr'>χριόμενοι,</span> <span class='ocrx_word' id='word_1_952' title='bbox 3405 4941 3458 4990; x_wconf 85' lang='grc' dir='ltr'>οί</span> <span class='ocrx_word' id='word_1_953' title='bbox 3487 4938 3870 5005; x_wconf 79' lang='grc' dir='ltr'>κροτοῦντες</span> 
     </span>
    </p>
   </div>
   <div class='ocr_carea' id='block_1_117' title="bbox 2175 5024 3869 5100">
    <p class='ocr_par' dir='ltr' id='par_1_117' title="bbox 2175 5024 3869 5100">
     <span class='ocr_line' id='line_1_117' title="bbox 2175 5024 3869 5100; baseline -0.005 -15"><span class='ocrx_word' id='word_1_954' title='bbox 2175 5035 2324 5100; x_wconf 80' lang='grc' dir='ltr'>,πρὸς</span> <span class='ocrx_word' id='word_1_955' title='bbox 2357 5034 2471 5098; x_wconf 76' lang='grc' dir='ltr'>τὴν</span> <span class='ocrx_word' id='word_1_956' title='bbox 2506 5030 2714 5098; x_wconf 66' lang='grc' dir='ltr'>φωνὴν</span> <span class='ocrx_word' id='word_1_957' title='bbox 2751 5031 2776 5068; x_wconf 72' lang='grc' dir='ltr'>ι)</span> <span class='ocrx_word' id='word_1_958' title='bbox 2802 5028 2920 5081; x_wconf 86' lang='grc' dir='ltr'>τῶν</span> <span class='ocrx_word' id='word_1_959' title='bbox 2947 5028 3233 5094; x_wconf 78' lang='grc' dir='ltr'>ὀργάνων.</span> <span class='ocrx_word' id='word_1_960' title='bbox 3274 5026 3366 5090; x_wconf 84' lang='grc' dir='ltr'>Ὡς</span> <span class='ocrx_word' id='word_1_961' title='bbox 3389 5024 3616 5078; x_wconf 79' lang='grc' dir='ltr'>ἑστῶτα</span> <span class='ocrx_word' id='word_1_962' title='bbox 3647 5024 3869 5094; x_wconf 69' lang='grc' dir='ltr'>ἐλογί-</span> 
     </span>
    </p>
   </div>
   <div class='ocr_carea' id='block_1_118' title="bbox 2176 5113 3866 5185">
    <p class='ocr_par' dir='ltr' id='par_1_118' title="bbox 2176 5113 3866 5185">
     <span class='ocr_line' id='line_1_118' title="bbox 2176 5113 3866 5185; baseline -0.002 -14"><span class='ocrx_word' id='word_1_963' title='bbox 2176 5136 2384 5180; x_wconf 82' lang='grc' dir='ltr'>σαντο,</span> <span class='ocrx_word' id='word_1_964' title='bbox 2411 5118 2508 5170; x_wconf 83' lang='grc' dir='ltr'>καί</span> <span class='ocrx_word' id='word_1_965' title='bbox 2543 5120 2654 5185; x_wconf 82' lang='grc' dir='ltr'>οὐχ</span> <span class='ocrx_word' id='word_1_966' title='bbox 2683 5118 2762 5181; x_wconf 89' lang='grc' dir='ltr'>ὠς</span> <span class='ocrx_word' id='word_1_967' title='bbox 2789 5118 3105 5184; x_wconf 73' lang='grc' dir='ltr'>φεύγοντα.</span> <span class='ocrx_word' id='word_1_968' title='bbox 3139 5116 3249 5168; x_wconf 69' lang='grc' dir='ltr'>Καὶ</span> <span class='ocrx_word' id='word_1_969' title='bbox 3275 5115 3383 5184; x_wconf 83' lang='grc' dir='ltr'>γάρ</span> <span class='ocrx_word' id='word_1_970' title='bbox 3412 5113 3647 5180; x_wconf 87' lang='grc' dir='ltr'>ἐσχάτης</span> <span class='ocrx_word' id='word_1_971' title='bbox 3681 5113 3866 5167; x_wconf 68' lang='grc' dir='ltr'>ἀναλο</span> 
     </span>
    </p>
   </div>
   <div class='ocr_carea' id='block_1_119' title="bbox 2175 5197 3869 5274">
    <p class='ocr_par' dir='ltr' id='par_1_119' title="bbox 2175 5197 3869 5274">
     <span class='ocr_line' id='line_1_119' title="bbox 2175 5197 3869 5274; baseline -0.001 -19"><span class='ocrx_word' id='word_1_972' title='bbox 2175 5205 2373 5274; x_wconf 85' lang='grc' dir='ltr'>γησίας</span> <span class='ocrx_word' id='word_1_973' title='bbox 2422 5202 2579 5255; x_wconf 85' lang='grc' dir='ltr'>τοῦτο</span> <span class='ocrx_word' id='word_1_974' title='bbox 2624 5203 2684 5254; x_wconf 83' lang='grc' dir='ltr'>τὸ</span> <span class='ocrx_word' id='word_1_975' title='bbox 2730 5204 2972 5271; x_wconf 83' lang='grc' dir='ltr'>σημεῖον,</span> <span class='ocrx_word' id='word_1_976' title='bbox 3006 5202 3099 5253; x_wconf 83' lang='grc' dir='ltr'>καὶ</span> <span class='ocrx_word' id='word_1_977' title='bbox 3140 5201 3313 5270; x_wconf 75' lang='grc' dir='ltr'>ψυχῆς</span> <span class='ocrx_word' id='word_1_978' title='bbox 3363 5197 3754 5268; x_wconf 85' lang='grc' dir='ltr'>ἐκλελυμένης,</span> <span class='ocrx_word' id='word_1_979' title='bbox 3795 5201 3869 5255; x_wconf 68' lang='grc' dir='ltr'>τὸ</span> 
     </span>
    </p>
   </div>
   <div class='ocr_carea' id='block_1_120' title="bbox 2178 5292 3866 5367">
    <p class='ocr_par' dir='ltr' id='par_1_120' title="bbox 2178 5292 3866 5367">
     <span class='ocr_line' id='line_1_120' title="bbox 2178 5292 3866 5367; baseline -0.002 -17"><span class='ocrx_word' id='word_1_980' title='bbox 2178 5298 2404 5367; x_wconf 86' lang='grc' dir='ltr'>θέατρον</span> <span class='ocrx_word' id='word_1_981' title='bbox 2461 5299 2632 5347; x_wconf 87' lang='grc' dir='ltr'>ποιεῖν</span> <span class='ocrx_word' id='word_1_982' title='bbox 2682 5295 2778 5364; x_wconf 71' lang='grc' dir='ltr'>τὴν</span> <span class='ocrx_word' id='word_1_983' title='bbox 2834 5296 3011 5347; x_wconf 79' lang='grc' dir='ltr'>οἰκίαν</span> <span class='ocrx_word' id='word_1_984' title='bbox 3057 5295 3154 5364; x_wconf 75' lang='grc' dir='ltr'>τὴν</span> <span class='ocrx_word' id='word_1_985' title='bbox 3200 5294 3411 5354; x_wconf 87' lang='grc' dir='ltr'>ἐαυτοῦ,</span> <span class='ocrx_word' id='word_1_986' title='bbox 3448 5292 3540 5343; x_wconf 76' lang='grc' dir='ltr'>καὶ</span> <span class='ocrx_word' id='word_1_987' title='bbox 3574 5292 3866 5359; x_wconf 82' lang='grc' dir='ltr'>τοιούτοις</span> 
     </span>
    </p>
   </div>
   <div class='ocr_carea' id='block_1_121' title="bbox 2178 5376 3866 5456">
    <p class='ocr_par' dir='ltr' id='par_1_121' title="bbox 2178 5376 3866 5456">
     <span class='ocr_line' id='line_1_121' title="bbox 2178 5376 3866 5456; baseline -0.001 -20"><span class='ocrx_word' id='word_1_988' title='bbox 2178 5386 2413 5456; x_wconf 79' lang='grc' dir='ltr'>ᾄσμασιν</span> <span class='ocrx_word' id='word_1_989' title='bbox 2475 5384 2698 5443; x_wconf 69' lang='grc' dir='ltr'>ἑαυτοὺς</span> <span class='ocrx_word' id='word_1_990' title='bbox 2756 5383 3041 5437; x_wconf 83' lang='grc' dir='ltr'>ἐκδιδόναι.</span> <span class='ocrx_word' id='word_1_991' title='bbox 3073 5383 3245 5452; x_wconf 78' lang='grc' dir='ltr'>”υπερ</span> <span class='ocrx_word' id='word_1_992' title='bbox 3299 5380 3392 5432; x_wconf 75' lang='grc' dir='ltr'>καὶ</span> <span class='ocrx_word' id='word_1_993' title='bbox 3439 5381 3471 5447; x_wconf 86' lang='grc' dir='ltr'>ἡ</span> <span class='ocrx_word' id='word_1_994' title='bbox 3520 5376 3658 5446; x_wconf 83' lang='grc' dir='ltr'>μέθη</span> <span class='ocrx_word' id='word_1_995' title='bbox 3701 5385 3866 5434; x_wconf 82' lang='grc' dir='ltr'>ποιεῖ</span> 
     </span>
    </p>
   </div>
   <div class='ocr_carea' id='block_1_122' title="bbox 2180 5464 3864 5540">
    <p class='ocr_par' dir='ltr' id='par_1_122' title="bbox 2180 5464 3864 5540">
     <span class='ocr_line' id='line_1_122' title="bbox 2180 5464 3864 5540; baseline -0.004 -16"><span class='ocrx_word' id='word_1_996' title='bbox 2180 5471 2466 5534; x_wconf 88' lang='grc' dir='ltr'>σκοτοῦσα,</span> <span class='ocrx_word' id='word_1_997' title='bbox 2510 5471 2665 5523; x_wconf 88' lang='grc' dir='ltr'>τοῦτο</span> <span class='ocrx_word' id='word_1_998' title='bbox 2693 5473 2726 5538; x_wconf 82' lang='grc' dir='ltr'>ἡ</span> <span class='ocrx_word' id='word_1_999' title='bbox 2769 5471 2997 5540; x_wconf 86' lang='grc' dir='ltr'>μουσικὴ</span> <span class='ocrx_word' id='word_1_1000' title='bbox 3033 5471 3366 5539; x_wconf 85' lang='grc' dir='ltr'>μαλάττουσα</span> <span class='ocrx_word' id='word_1_1001' title='bbox 3395 5466 3454 5517; x_wconf 78' lang='grc' dir='ltr'>τὸ</span> <span class='ocrx_word' id='word_1_1002' title='bbox 3486 5464 3703 5516; x_wconf 69' lang='grc' dir='ltr'>εὔτονον</span> <span class='ocrx_word' id='word_1_1003' title='bbox 3750 5467 3864 5537; x_wconf 77' lang='grc' dir='ltr'>τῆς</span> 
     </span>
    </p>
   </div>
   <div class='ocr_carea' id='block_1_123' title="bbox 2178 5551 3862 5627">
    <p class='ocr_par' dir='ltr' id='par_1_123' title="bbox 2178 5551 3862 5627">
     <span class='ocr_line' id='line_1_123' title="bbox 2178 5551 3862 5627; baseline -0.004 -16"><span class='ocrx_word' id='word_1_1004' title='bbox 2178 5559 2433 5620; x_wconf 86' lang='grc' dir='ltr'>διανοίας,</span> <span class='ocrx_word' id='word_1_1005' title='bbox 2481 5559 2572 5610; x_wconf 76' lang='grc' dir='ltr'>καὶ</span> <span class='ocrx_word' id='word_1_1006' title='bbox 2612 5556 2935 5608; x_wconf 84' lang='grc' dir='ltr'>κατακλῶσα</span> <span class='ocrx_word' id='word_1_1007' title='bbox 2961 5558 3076 5627; x_wconf 73' lang='grc'>158]</span> <span class='ocrx_word' id='word_1_1008' title='bbox 3108 5557 3202 5624; x_wconf 77' lang='grc' dir='ltr'>τῆς</span> <span class='ocrx_word' id='word_1_1009' title='bbox 3229 5554 3406 5623; x_wconf 70' lang='grc' dir='ltr'>ψυχῆς</span> <span class='ocrx_word' id='word_1_1010' title='bbox 3434 5552 3534 5622; x_wconf 80' lang='grc' dir='ltr'>τὴν</span> <span class='ocrx_word' id='word_1_1011' title='bbox 3562 5551 3862 5621; x_wconf 82' lang='grc' dir='ltr'>ἀνδρείαν,</span> 
     </span>
    </p>
   </div>
   <div class='ocr_carea' id='block_1_124' title="bbox 2181 5636 3865 5714">
    <p class='ocr_par' dir='ltr' id='par_1_124' title="bbox 2181 5636 3865 5714">
     <span class='ocr_line' id='line_1_124' title="bbox 2181 5636 3865 5714; baseline -0.006 -14"><span class='ocrx_word' id='word_1_1012' title='bbox 2181 5647 2274 5700; x_wconf 71' lang='grc' dir='ltr'>καὶ</span> <span class='ocrx_word' id='word_1_1013' title='bbox 2302 5647 2392 5697; x_wconf 72' lang='grc' dir='ltr'>ἐπὶ</span> <span class='ocrx_word' id='word_1_1014' title='bbox 2418 5644 2663 5714; x_wconf 78' lang='grc' dir='ltr'>μείζονας</span> <span class='ocrx_word' id='word_1_1015' title='bbox 2703 5643 2967 5710; x_wconf 79' lang='grc' dir='ltr'>ἐξάγουσα</span> <span class='ocrx_word' id='word_1_1016' title='bbox 3006 5641 3305 5709; x_wconf 76' lang='grc' dir='ltr'>ἀσελγείας,</span> <span class='ocrx_word' id='word_1_1017' title='bbox 3344 5638 3416 5691; x_wconf 77' lang='grc' dir='ltr'>Τὰ</span> <span class='ocrx_word' id='word_1_1018' title='bbox 3451 5636 3518 5689; x_wconf 81' lang='grc' dir='ltr'>δὲ</span> <span class='ocrx_word' id='word_1_1019' title='bbox 3551 5637 3695 5706; x_wconf 73' lang='grc' dir='ltr'>ἔργα</span> <span class='ocrx_word' id='word_1_1020' title='bbox 3741 5639 3865 5695; x_wconf 78' lang='grc' dir='ltr'>τοῦ</span> 
     </span>
    </p>
   </div>
   <div class='ocr_carea' id='block_1_125' title="bbox 2242 5881 3864 5944">
    <p class='ocr_par' dir='ltr' id='par_1_125' title="bbox 2242 5881 3864 5944">
     <span class='ocr_line' id='line_1_125' title="bbox 2242 5881 3864 5944; baseline -0.002 -9"><span class='ocrx_word' id='word_1_1021' title='bbox 2242 5888 2346 5935; x_wconf 72' lang='grc' dir='ltr'>Ῐιῐη</span> <span class='ocrx_word' id='word_1_1022' title='bbox 2375 5885 2744 5943; x_wconf 65' lang='lat' dir='ltr'>BthiiSIOgilur</span> <span class='ocrx_word' id='word_1_1023' title='bbox 2769 5888 2812 5932; x_wconf 77' lang='grc' dir='ltr'>οἱ</span> <span class='ocrx_word' id='word_1_1024' title='bbox 2858 5882 3210 5938; x_wconf 75' lang='grc' dir='ltr'>ἐπικοατοῦντες</span> <span class='ocrx_word' id='word_1_1025' title='bbox 3251 5881 3364 5944; x_wconf 72' lang='grc' dir='ltr'>πρὸς</span> <span class='ocrx_word' id='word_1_1026' title='bbox 3411 5899 3494 5937; x_wconf 74' lang='grc' dir='ltr'>την</span> <span class='ocrx_word' id='word_1_1027' title='bbox 3536 5881 3718 5944; x_wconf 66' lang='grc' dir='ltr'>φωνήν·</span> <span class='ocrx_word' id='word_1_1028' title='bbox 3779 5883 3864 5931; x_wconf 86' lang='lat' dir='ltr'>lo-</span> 
     </span>
    </p>
   </div>
   <div class='ocr_carea' id='block_1_126' title="bbox 2184 5942 3797 6012">
    <p class='ocr_par' dir='ltr' id='par_1_126' title="bbox 2184 5942 3797 6012">
     <span class='ocr_line' id='line_1_126' title="bbox 2184 5942 3797 6012; baseline -0.006 -12"><span class='ocrx_word' id='word_1_1029' title='bbox 2184 5964 2366 6012; x_wconf 67' lang='lat' dir='ltr'>cusque</span> <span class='ocrx_word' id='word_1_1030' title='bbox 2392 5950 2466 5998; x_wconf 75' lang='lat' dir='ltr'>hic</span> <span class='ocrx_word' id='word_1_1031' title='bbox 2495 5950 2656 5999; x_wconf 63' lang='grc' dir='ltr'>Αωυδι</span> <span class='ocrx_word' id='word_1_1032' title='bbox 2697 5950 2922 5997; x_wconf 79' lang='lat' dir='ltr'>imcrsus</span> <span class='ocrx_word' id='word_1_1033' title='bbox 2964 5949 3183 6002; x_wconf 70' lang='grc' dir='ltr'>θηριων,</span> <span class='ocrx_word' id='word_1_1034' title='bbox 3219 5942 3454 6004; x_wconf 70' lang='grc' dir='ltr'>υιιειψτιι</span> <span class='ocrx_word' id='word_1_1035' title='bbox 3481 5942 3797 5994; x_wconf 69' lang='lat' dir='ltr'>dicebamus.</span> 
     </span>
    </p>
   </div>
  </div>
