4152 6490
277 442 347 498 61
1541 415 1606 472 ΙΝ
1646 414 1859 472 iSAiAN

1965 414 2087 469 :AP.
2132 414 2196 471 ν.
3470 432 3544 488 62

342 549 392 602 ι.
425 546 550 601 llmc
569 546 731 601 etiam
748 559 883 599 nunc
896 541 1082 597 tentari
1103 539 1280 593 videre
1298 543 1377 591 est
1396 533 1464 587 ab
1487 532 1571 599 iis,
1601 532 1689 601 qui
1722 530 1859 584 male

274 640 473 693 divitiis
512 648 755 703 utuntur,
804 638 893 706 qui
938 634 1110 688 vicina
1156 630 1269 684 loca
1324 625 1572 681 invadere
1598 623 1853 692 cogitant,

274 747 384 786 non
404 739 463 784 ut
484 730 825 785 securitatem
854 726 1077 795 pariant,
1111 725 1203 777 seu
1245 730 1301 773 ut
1348 716 1569 772 insidias
1597 713 1859 784 proximis

282 824 591 885 moliantur,
637 820 725 891 qui
757 828 812 873 ut
842 818 974 888 ignis
1011 829 1259 884 grassans
1280 853 1295 877 ,
1325 810 1393 863 ita
1425 808 1629 862 vicinos
1672 819 1861 859 omnes

274 912 527 983 Spoliant.
562 910 824 981 Numquid
854 904 1139 962 habitabilis
1164 903 1261 958 soli
1272 917 1421 971 super
1439 897 1729 954 terram?9.
1758 897 1862 950 Au-

275 1008 389 1059 dita
412 1016 527 1061 sunt
550 1008 682 1061 enim
730 1023 863 1059 nunc
915 1009 966 1058 in
1016 1002 1220 1056 auribus
1250 997 1455 1053 Domini
1482 996 1705 1053 Sabaoth
1734 994 1859 1047 Im.

279 1098 526 1155 Ostendit
555 1099 673 1152 illos
697 1098 889 1151 frustra
935 1094 1178 1149 laborare
1221 1100 1273 1146 et
1301 1090 1449 1145 nullo
1488 1089 1685 1143 fructu.
1727 1085 1861 1153 Quia

278 1188 427 1243 enim
452 1203 557 1241 non
583 1187 655 1242 ila
675 1187 931 1255 supplicia
959 1194 1014 1239 et
1049 1183 1316 1238 cruciatus
1343 1178 1645 1249 hujusmodi
1686 1176 1862 1231 homi-

281 1292 381 1331 nes
404 1276 668 1331 abducere
698 1278 891 1339 solent,
923 1283 981 1328 ut
1007 1288 1131 1327 cum
1151 1272 1317 1343 probe
1363 1269 1664 1331 didicerint,
1693 1282 1750 1322 se
1770 1282 1861 1321 ra—

284 1368 425 1436 pina:
449 1368 674 1421 fructum
702 1382 808 1421 non
832 1375 1198 1435 percepturos,
1232 1364 1367 1417 hanc
1387 1363 1439 1417 in
1465 1376 1559 1417 eos
1580 1362 1681 1414 fert
1708 1374 1861 1413 com-

280 1459 625 1511 minationem
670 1457 891 1522 dicens,
933 1455 1077 1525 ipsos
1129 1454 1495 1517 laboraturos,
1541 1458 1595 1506 et
1636 1447 1863 1504 miseriis

278 1547 500 1601 affectos
525 1556 793 1617 peceatum
813 1546 1158 1611 admissuros,
1189 1544 1282 1600 sed
1312 1544 1379 1598 ab
1406 1544 1518 1613 ejus
1550 1557 1649 1597 usu
1677 1550 1730 1597 et
1752 1542 1864 1594 fru-

278 1646 367 1692 ctu
403 1639 641 1707 lapsuros
673 1654 808 1693 esse.
828 1638 941 1693 Non
968 1638 1108 1691 enim
1137 1638 1394 1692 insomnis
1421 1636 1509 1691 ille
1532 1637 1717 1690 oculus
1742 1634 1861 1687 tali-

279 1729 381 1785 bus
410 1731 537 1785 visis
566 1729 883 1785 facinoribus
908 1730 1164 1799 quiescet.
1200 1728 1330 1782 lllud
1360 1741 1507 1792 vero,
1539 1726 1725 1779 Audita
1750 1733 1865 1778 sunt

278 1838 432 1887 nunc,
458 1837 561 1877 non
592 1822 719 1876 dicit
739 1822 887 1892 quasi
914 1832 1037 1875 tunc
1062 1835 1148 1875 res
1178 1827 1340 1889 gesta:
1366 1827 1506 1873 notae
1534 1817 1634 1871 sibi
1660 1822 1859 1880 essent,

276 1913 375 1968 sed
410 1914 559 1984 quasi
594 1914 724 1967 ultio
764 1929 795 1968 e
836 1912 1055 1982 vestigio
1107 1920 1452 1981 sequeretur,
1482 1906 1865 1975 retributioque

277 2005 523 2059 instaret.
552 2004 613 2060 Si
640 2004 771 2059 enim
798 2004 983 2072 fuerint
1026 2004 1204 2057 domus
1248 2000 1439 2065 multae,
1463 2001 1516 2052 in
1544 1998 1864 2053 solitudinem

276 2107 425 2150 erunt
456 2112 652 2164 magni:
669 2105 715 2149 et
736 2097 981 2166 pulchrae,
1008 2112 1096 2149 nec
1124 2104 1265 2148 erunt
1296 2094 1381 2163 qui
1406 2093 1625 2146 habitent
1647 2092 1698 2145 in
1726 2093 1817 2145 eis.

350 2188 593 2241 Avaritia
630 2188 852 2241 morbus.
879 2217 952 2229 --
986 2186 1293 2256 llnjusmodi
1339 2192 1422 2240 est
1450 2184 1671 2239 avaritia
1702 2201 1715 2238 :
1742 2198 1863 2239 cum

276 2277 431 2346 plura
456 2276 855 2345 possessoribus
897 2276 1059 2341 addit,
1098 2276 1242 2345 ipsos
1281 2275 1439 2329 etiam
1472 2290 1533 2330 ex
1568 2274 1710 2344 prius
1737 2288 1864 2344 pos-

278 2368 444 2422 scssis
469 2367 662 2436 dejicit.
692 2368 843 2436 Quod
870 2368 1030 2423 etiam
1054 2368 1139 2421 hic
1168 2366 1699 2422 subindicatdieens:
1731 2367 1863 2421 Cum

278 2460 561 2530 splendide
604 2461 1011 2527 :editicaveritis,
1048 2470 1100 2514 et
1137 2460 1370 2513 omnium
1398 2459 1535 2514 bona
1567 2458 1716 2512 vobis
1743 2473 1863 2513 cor-

279 2552 559 2617 raseritis,
603 2560 727 2606 tunc
774 2551 933 2606 etiam
980 2551 1046 2604 ab
1073 2551 1173 2613 iis,
1205 2566 1323 2619 qua:
1365 2554 1511 2619 prius
1551 2549 1863 2612 habebatis,

279 2641 560 2696 excidetis.
594 2643 655 2696 Et
675 2644 890 2697 stabunt
930 2642 1071 2696 mdes
1112 2641 1283 2694 nullos
1311 2640 1636 2694 habitatores
1663 2638 1863 2693 haben-

283 2742 387 2798 tes,
416 2734 509 2787 sed
544 2733 663 2785 tuba
691 2733 968 2787 clariorem
1015 2732 1313 2786 emittentes
1346 2745 1527 2785 vocem
1554 2740 1739 2785 contra
1767 2743 1862 2783 eos

279 2823 372 2890 qui
424 2822 543 2877 illas
572 2822 717 2891 prius
747 2829 1051 2890 rapuerant,
1091 2822 1338 2875 vastitate
1375 2822 1465 2875 illa
1495 2829 1638 2874 tanta
1682 2819 1865 2889 tropaei

282 2914 452 2967 instar
499 2914 750 2967 exhibita.
782 2913 868 2967 10.
904 2910 1001 2965 Ubi
1042 2913 1175 2965 enim
1217 2922 1490 2981 operantur
1527 2909 1697 2964 decem
1734 2911 1868 2980 juga

281 3005 454 3065 boum,
490 3004 638 3075 faciet
670 3002 991 3073 lagunculam
1016 3018 1169 3055 uuam
1195 3018 1214 3057 :
1234 3011 1278 3056 et
1302 3002 1388 3072 qui
1415 3002 1628 3056 seminat
1664 3002 1867 3055 artabas

281 3114 392 3159 sex,
422 3097 571 3167 faciet
609 3112 867 3149 mensuras
895 3106 1013 3149 tres.
1043 3094 1127 3148 Ab
1173 3095 1305 3149 urbe
1334 3095 1385 3148 in
1414 3094 1523 3163 agri
1567 3094 1867 3148 vastitatem

283 3202 590 3242 sermonem
624 3187 820 3249 educit,
852 3188 918 3239 ita
950 3196 1006 3239 ut
1042 3184 1271 3253 undique
1317 3183 1609 3237 auditorem
1660 3184 1864 3252 percel-

284 3280 377 3331 lat.
413 3276 596 3345 Neque
638 3279 780 3332 cnim
809 3276 1018 3341 domus,
1061 3275 1260 3344 inquit,
1294 3274 1619 3329 habitatores
1657 3275 1865 3329 detine-

282 3370 447 3433 bunt,
498 3385 666 3438 neque
711 3381 848 3423 terra
886 3383 1033 3422 suam
1062 3366 1303 3421 ostendet
1336 3365 1564 3419 nativam
1591 3366 1862 3423 virtutem.

282 3463 501 3517 Etenim
530 3462 595 3516 ab
616 3462 765 3515 initio
787 3461 855 3515 ob
880 3458 1009 3514 Adte
1038 3468 1315 3529 peccatum
1356 3458 1535 3526 spinas
1561 3465 1615 3512 et
1641 3456 1866 3510 tribulos

284 3554 537 3623 protulit;
580 3567 640 3607 ac
697 3560 811 3621 post
854 3552 1023 3617 illum,
1054 3560 1270 3620 propter
1316 3547 1465 3603 Caini
1512 3549 1861 3619 iniquitatem,

282 3645 456 3698 nnuto
478 3644 736 3698 minorem
763 3657 921 3712 quam
948 3642 1155 3696 labores
1175 3640 1290 3710 ejus
1307 3639 1607 3709 exigebant,
1630 3648 1684 3693 et
1703 3653 1863 3708 quam

279 3737 364 3790 vis
391 3734 563 3788 nativa
597 3742 751 3788 terra:
793 3734 1126 3803 postulabat,
1157 3741 1470 3801 proventum
1502 3730 1639 3785 tulit.
1685 3731 1864 3799 Saepe-

278 3842 389 3897 que
413 3827 536 3880 alibi
566 3826 748 3880 videre
770 3834 853 3880 cst
879 3833 1075 3878 terram
1100 3824 1167 3877 ob
1197 3833 1409 3891 peccata
1440 3822 1711 3875 hominum
1744 3823 1860 3891 ple-

278 3919 374 3972 cti.
410 3916 474 3971 Et
504 3916 625 3985 quid
670 3914 899 3978 miraris,
940 3914 984 3967 si
1029 3912 1279 3981 iniquitas
1324 3920 1480 3966 terra:
1538 3911 1861 3967 fertilitatem

277 4008 542 4062 obtundat
592 4006 971 4076 hominumque
1006 4003 1381 4059 fecunditatem
1404 4045 1419 4070 ,
1453 4003 1666 4073 quando
1702 4005 1861 4058 etiam

278 4108 502 4168 propter
543 4112 641 4153 nos
688 4096 1048 4166 corruptibilis
1086 4094 1223 4150 facta
1273 4104 1376 4160 est,
1402 4103 1456 4149 et
1503 4104 1717 4164 propter
1764 4110 1861 4150 nos

278 4204 497 4244 rursum
569 4187 979 4256 ineorruptibilis
1047 4185 1313 4241 efﬁcitur?
1368 4185 1499 4253 Quia
1549 4187 1693 4240 enim
1741 4201 1864 4254 pro-

276 4290 403 4350 pter
438 4293 535 4333 nos
582 4279 820 4343 omnino,
848 4286 900 4332 et
941 4287 1158 4346 prepter
1190 4277 1541 4330 ministerium
1595 4286 1856 4343 nostrum,

276 4367 643 4422 exsistentiam
680 4366 903 4434 accepit,
950 4364 1074 4418 hinc
1115 4364 1275 4419 etiam
1299 4363 1488 4433 accipit
1533 4373 1590 4418 ut
1634 4364 1733 4419 hac
1775 4366 1861 4421 vel

275 4460 369 4515 illa
393 4456 696 4511 conditione
718 4456 823 4509 sint
842 4455 955 4525 ejus
978 4455 1295 4524 principium
1319 4465 1371 4510 et
1398 4454 1569 4509 radix.
1598 4454 1685 4510 Sic
1698 4457 1859 4512 etiam

281 4562 530 4617 tempore
578 4546 690 4602 Noe
724 4546 940 4601 factum.
982 4546 1115 4613 Quia
1144 4547 1195 4600 in
1224 4556 1515 4601 extremam
1569 4548 1859 4615 nequitiam

276 4649 467 4695 natura
497 4638 767 4692 hominum
801 4636 1092 4692 deﬂexerat
1110 4677 1126 4702 ,
1154 4651 1243 4692 res
1263 4651 1449 4691 omnes
1476 4637 1854 4703 miscebantur,

276 4730 507 4794 semina,
539 4728 753 4798 planae,
782 4728 1055 4782 brutorum
1083 4742 1299 4797 genera,
1338 4736 1475 4781 terra
1499 4769 1515 4793 ,
1548 4743 1714 4793 mare,
1742 4744 1854 4795 aer,

272 4828 510 4881 montes,
541 4818 726 4881 saltus,
764 4819 947 4881 colles,
986 4819 1167 4879 urbes,
1199 4818 1357 4882 muri,
1390 4817 1601 4884 domus,
1635 4829 1808 4874 turres
1839 4836 1852 4872 :

270 4907 562 4976 omniaque
606 4922 823 4976 prorsus
852 4907 1072 4963 terribili
1118 4908 1208 4961 illo
1248 4909 1847 4978 pelago-obruebantur.

268 5002 414 5069 Quia
454 5016 581 5057 vero
619 5015 831 5055 rursum
869 5015 1089 5056 necesse
1128 4994 1325 5054 eratut
1365 5002 1651 5056 humanum
1690 5018 1856 5073 genus

270 5101 629 5157 accresceret,
664 5101 802 5147 terra
830 5093 1066 5145 nativum
1090 5106 1243 5145 suum
1277 5091 1517 5147 ordinem
1546 5096 1771 5162 accepit,
1802 5104 1856 5149 et

265 5193 326 5246 in
363 5186 595 5256 priorem
626 5182 940 5253 elegantiam
980 5182 1219 5236 restituta
1249 5192 1351 5236 εει.
1382 5181 1437 5236 1d
1470 5194 1643 5238 autem
1675 5185 1854 5239 videas

266 5292 337 5331 ex
369 5284 519 5343 parte
551 5272 741 5327 factum
769 5271 820 5325 in
846 5270 1119 5325 hominum
1164 5271 1441 5325 honorem.
1472 5273 1676 5326 Etenim
1706 5275 1853 5342 pcla-

262 5381 373 5437 gus
415 5379 472 5418 se
501 5363 807 5426 summovit,
837 5370 893 5415 et
921 5362 1111 5416 iterum
1139 5363 1399 5431 apparuit,
1449 5363 1526 5416 sol
1560 5361 1853 5417 refrenatus

262 5464 356 5513 est
376 5470 497 5510 cum
527 5456 668 5521 luna,
698 5454 1025 5521 solitumque
1047 5469 1258 5508 cursum
1284 5454 1545 5519 deseruit,
1577 5454 1710 5523 ignis
1732 5471 1852 5523 qua)

259 5548 336 5604 ad
357 5563 549 5617 aquam
563 5544 900 5617 pertinebant
918 5545 1179 5613 prtcstitit,
1215 5554 1355 5599 terra
1381 5560 1500 5613 quze
1523 5546 1588 5598 ad
1613 5545 1845 5614 pelagus,

258 5640 487 5711 pelagus
514 5654 627 5708 quae
656 5638 723 5692 ad
758 5646 958 5690 terram
990 5651 1003 5687 :
1039 5637 1345 5704 omniaque,
1379 5645 1434 5689 ut
1464 5636 1626 5689 semel
1654 5635 1848 5702 dicam,

256 5733 323 5788 in
355 5729 624 5788 utilitatem
652 5729 937 5787 hominum
968 5743 1025 5782 se
1058 5729 1453 5784 transformaut.
1493 5729 1557 5783 Et
1584 5729 1703 5798 quia
1730 5744 1847 5782 om-

257 5824 351 5879 nia
383 5825 575 5882 honore
602 5819 867 5899 przeccdit
896 5818 1055 5875 homo
1078 5862 1092 5888 ,
1127 5832 1445 5891 propterque
1469 5819 1641 5890 ipsum
1668 5820 1846 5875 omina

1966 529 2101 583 facta
2131 537 2285 591 sunt;
2343 530 2463 586 ideo
2489 540 2542 586 et
2570 545 2733 598 nunc,
2760 531 2880 601 quia
2895 533 3402 606 Judaicuspopulus
3428 555 3541 609 pce-

1962 622 2134 689 cavit,
2165 633 2321 677 terra:
2346 633 2527 692 partus
2559 625 2697 679 Deus
2725 624 2953 691 cohibet,
2992 644 3054 682 ac
3081 620 3202 698 post
3228 633 3421 687 multos
3453 633 3534 686 la.

1966 717 2124 772 bores
2151 716 2478 787 sudoresque
2503 735 2606 772 non
2639 719 2766 773 sinit
2791 719 2907 788 ejus
2936 722 3135 776 viscera
3168 724 3383 780 solitum
3412 742 3539 795 pro-

1964 817 2177 861 ventum
2222 807 2463 871 referre;
2514 817 2571 862 ut
2616 808 2739 862 inde
2784 810 3011 877 discant,
3054 826 3158 867 non
3204 817 3538 884 agricultura:

1964 908 2152 962 artem,
2182 914 2279 952 nec
2319 897 2482 954 boves
2510 908 2560 955 et
2589 910 2824 955 aratrum
2846 943 2861 965 ,
2893 918 3063 973 neque
3095 914 3248 960 terra:
3274 919 3541 976 naturam,

1966 1006 2064 1046 nec
2093 992 2235 1047 aliud
2265 993 2436 1047 simile
2457 994 2747 1063 quidpiam,
2772 994 2867 1049 sed
2897 996 3083 1050 bormn
3106 998 3339 1052 omnium
3366 1001 3550 1055 Domi-

1968 1101 2090 1138 num
2120 1100 2261 1152 esse,
2307 1087 2397 1156 qui
2452 1086 2660 1141 liberali
2689 1101 2847 1140 manu
2876 1088 3052 1141 omnia
3097 1089 3337 1155 effundit,
3366 1102 3419 1146 et
3446 1094 3544 1147 ite.

1966 1189 2107 1241 rum,
2151 1190 2270 1230 cum
2302 1176 2434 1242 vult,
2475 1174 2651 1230 omnia
2696 1176 2928 1231 cohibet.
2956 1180 3041 1232 ll.
3084 1177 3172 1233 γω
3207 1184 3293 1250 qui
3330 1194 3544 1253 surgunt

1966 1281 2130 1331 mane,
2150 1276 2194 1320 et
2214 1267 2423 1320 siceram
2451 1277 2829 1336 persequuntur,
2854 1268 2937 1335 qui
2958 1279 3159 1323 manent
3183 1272 3247 1323 ad
3264 1288 3539 1343 vesperam.

1979 1355 2158 1411 Vinum
2197 1373 2327 1411 enim
2375 1359 2647 1411 succendat
2685 1374 2789 1411 eos.
2826 1358 2915 1412 12.
2948 1358 3086 1412 Nam
3131 1378 3245 1415 cum
3272 1363 3469 1417 cithara
3494 1375 3545 1419 et

1969 1448 2209 1517 psalterio
2232 1457 2279 1501 et
2318 1449 2571 1518 tympanis
2595 1458 2642 1502 et
2681 1450 2815 1503 tibiis
2844 1451 3015 1503 uinum
3035 1450 3207 1505 bibunt
3232 1470 3251 1507 :
3272 1471 3425 1523 opera
3452 1442 3549 1509 au-

1967 1553 2062 1592 tent
2090 1537 2188 1592 Dei
2209 1555 2311 1592 non
2330 1541 2623 1609 respiciunt,
2657 1550 2702 1595 et
2720 1556 2874 1609 opera
2895 1558 3135 1595 manuum
3163 1544 3270 1612 ejus
3295 1562 3395 1598 non
3416 1558 3537 1599 cou-

1965 1631 2206 1685 siderant.
2233 1631 2516 1700 Postquam
2546 1633 2814 1703 ingentem
2839 1634 3049 1689 illorum
3070 1638 3347 1693 avaritiam
3363 1639 3547 1694 redar—

1965 1724 2094 1793 guit,
2127 1724 2253 1778 mali
2292 1724 2525 1779 radicem
2548 1726 2631 1778 hic
2657 1725 2826 1795 ponit.
2856 1724 2982 1780 llaec
3007 1743 3133 1781 vero
3154 1739 3267 1782 erat
3292 1730 3544 1797 ebrietas,

1968 1826 2339 1872 sexcentorum
2372 1832 2529 1873 causa
2570 1819 2829 1872 malorum
2860 1836 2872 1873 :
2900 1835 3020 1874 cum
3060 1822 3287 1877 maxime
3316 1823 3403 1877 illa
3432 1840 3547 1878 mo-

1967 1907 2096 1963 dum
2126 1922 2342 1964 omnem
2370 1910 2599 1964 excedit.

2037 1999 2091 2053 5.
2150 1998 2340 2053 Contra
2386 2000 2689 2054 ebrietatem.
2741 2031 2813 2041 —
2860 2002 3092 2056 Observa
3143 2003 3337 2074 igitur,
3386 2022 3545 2069 quam

1966 2098 2211 2144 accurate
2234 2089 2352 2143 illos
2400 2090 2658 2145 traducat.
2688 2091 2879 2145 Totum
2918 2094 3058 2146 enim
3084 2094 3223 2148 diem
3251 2095 3300 2148 in
3327 2095 3439 2149 lure
3466 2098 3549 2151 in-

1968 2178 2106 2231 sumi
2133 2178 2281 2233 dicit.
2320 2177 2503 2248 Neque
2529 2180 2669 2234 enim
2698 2195 2818 2234 cum
2858 2182 3220 2249 prandendum
3251 2186 3422 2251 est,id
3470 2186 3548 2240 fac

1967 2268 2147 2331 ciunt,
2172 2268 2360 2339 inquit,
2388 2269 2481 2323 sed
2508 2284 2665 2323 omne
2692 2280 2900 2339 tempus
2946 2272 2996 2324 in
3025 2272 3293 2327 ebrietatis
3339 2284 3549 2343 tempus

1969 2369 2237 2415 vertentes
2256 2400 2273 2425 ,
2302 2360 2369 2415 ab
2396 2369 2516 2415 ortu
2541 2360 2643 2414 diei
2666 2400 2682 2425 ,
2725 2361 2937 2431 quando
2976 2364 3207 2419 maxime
3242 2364 3343 2419 sibi
3372 2376 3546 2422 atten-

1967 2450 2095 2504 dere
2119 2450 2420 2517 debebant,
2452 2451 2616 2506 multo
2641 2466 2791 2507 mero
2817 2467 2875 2507 se
2903 2453 3177 2518 dedentes,
3211 2457 3404 2512 vellent
3431 2461 3549 2514 uol.

1968 2540 2077 2593 lent
2111 2539 2364 2609 deinceps
2404 2556 2570 2611 usque
2598 2542 2664 2596 ad
2690 2556 2969 2612 vesperam
2998 2545 3047 2598 in
3082 2548 3269 2601 morbo
3300 2565 3549 2617 perseve-

1969 2628 2173 2684 rabant.
2211 2628 2434 2695 Quando
2475 2630 2616 2685 enim
2657 2632 2823 2687 semel
2862 2633 2913 2687 in
2954 2637 3255 2704 voraginem
3286 2638 3547 2710 intempe-

1968 2721 2152 2775 rantia}
2178 2736 2298 2777 sese
2322 2721 2687 2778 demerserant
2713 2765 2729 2791 ,
2755 2739 2818 2780 ac
2844 2724 2912 2780 de
2941 2730 3165 2781 naturali
3191 2734 3380 2785 mentis
3402 2744 3544 2788 statu

1968 2809 2303 2878 deciderant,
2352 2814 2690 2884 animamque
2725 2816 2989 2885 captivam
3041 2833 3215 2886 pravae
3268 2822 3543 2879 ebrietatis

1970 2902 2231 2973 tyrannidi
2268 2903 2627 2970 tradiderant;
2658 2907 3101 2975 quemadmodum
3142 2911 3291 2967 navis
3318 2926 3421 2967 non
3457 2930 3553 2968 sa-

1970 2991 2205 3059 burrata,
2234 2996 2701 3065 gubernatoreque
2729 3004 2784 3050 et
2812 3000 2985 3054 nautis
3014 2998 3287 3067 destituta,
3320 3001 3544 3059 fortuito

1969 3094 2024 3140 et
2054 3101 2464 3155 quoquoversus
2510 3088 2712 3154 fertur,
2744 3093 3027 3146 temerario
3050 3108 3306 3161 aquarum
3346 3097 3547 3167 impetu

1969 3176 2232 3245 exagitata
2260 3193 2274 3229 :
2306 3177 2554 3231 eumdem
2586 3179 2638 3231 in
2679 3179 2894 3233 modum
2921 3181 2976 3234 hi
3011 3183 3269 3239 ebrietate
3315 3186 3551 3243 demersi

1970 3267 2230 3323 feruntur.
2262 3266 2387 3322 Ideo
2416 3267 2489 3322 ait
2519 3286 2532 3322 :
2572 3266 2661 3322 Va:
2690 3271 2777 3339 qui
2805 3282 3015 3339 surgunt
3054 3290 3197 3328 mane
3222 3316 3234 3339 ,
3261 3284 3310 3329 et
3334 3278 3547 3332 siceram

1969 3372 2353 3432 persequuntur.
2382 3360 2498 3416 Non
2526 3361 2667 3416 enim
2691 3365 3064 3418 necessitatem
3099 3368 3417 3437 explebant,
3452 3389 3549 3426 nc-

1967 3467 2071 3521 que
2099 3452 2390 3521 appetitum
2435 3452 2833 3522 exspectabant,
2885 3464 2941 3509 ut
2974 3454 3050 3510 illi
3103 3456 3339 3513 facerent
3384 3473 3544 3529 satis;

1967 3542 2061 3597 sed
2089 3542 2140 3596 in
2171 3542 2273 3597 hoc
2300 3543 2392 3596 toti
2419 3541 2817 3608 incumbebant,
2854 3543 2952 3600 hoc
2972 3547 3247 3615 curabant,
3278 3560 3333 3603 ut
3362 3565 3548 3620 perpe-

1968 3640 2060 3687 tuo
2092 3632 2370 3687 temulenti
2396 3642 2595 3687 essent.
2628 3632 2830 3689 idcirco
2852 3635 2925 3688 ait
2959 3652 2973 3689 :
3002 3635 3101 3702 Qui
3128 3638 3340 3692 siceram
3370 3657 3545 3708 perse-

1966 3735 2207 3791 quuntur.
2227 3724 2462 3779 Siceram
2481 3724 2623 3778 enim
2646 3724 2731 3779 hic
2744 3724 2874 3779 dicit
2890 3726 3182 3796 palmarum
3203 3743 3417 3785 succum
3442 3731 3541 3803 (a),

1966 3832 2124 3887 quam
2155 3816 2527 3881 conficiebant,
2574 3816 2805 3871 fructum
2853 3828 3192 3875 conterentes
3237 3831 3291 3875 et
3318 3833 3543 3879 contun-

1966 3908 2155 3963 dcntes
2179 3949 2193 3973 ,
2224 3916 2281 3962 ut
2310 3909 2362 3963 in
2403 3908 2511 3962 vini
2545 3907 2983 3964 transformarent
3025 3922 3290 3968 naturam.
3325 3916 3543 3985 δοροῑί-

1968 4000 2125 4054 ﬁcum
2168 4010 2344 4054 autem
2374 4011 2456 4055 est
2496 3999 2646 4065 illud,
2691 3999 3108 4071 ebrietatemque
3154 4006 3309 4072 parit.
3354 4014 3421 4061 At
3469 4010 3543 4065 illi

1967 4091 2096 4145 nihil
2128 4090 2316 4145 horum
2347 4091 2740 4156 observabant,
2775 4091 3097 4161 voluptatem
3127 4096 3318 4167 ubique
3363 4114 3544 4167 perse-

1966 4192 2208 4251 quentes,
2262 4190 2316 4238 et
2347 4196 2513 4253 usque
2558 4182 2625 4236 ad
2676 4198 2959 4253 vesperam
3006 4199 3299 4246 manentes.
3360 4192 3545 4250 Vinum

1966 4276 2097 4329 enim
2117 4276 2379 4330 succendat
2406 4293 2506 4331 eos.
2528 4276 2672 4331 Talis
2700 4279 2894 4348 quippe
2910 4289 2992 4335 est
3014 4281 3291 4338 ebrietatis
3313 4297 3496 4342 natura
3522 4310 3536 4345 :

1965 4380 2245 4436 progressa
2273 4377 2515 4436 augetur,
2536 4377 2595 4423 et
2623 4372 2921 4438 graviorem
2943 4372 3083 4425 sitim
3101 4374 3313 4428 excitat.
3342 4378 3543 4434 Deinde

1963 4459 2105 4513 aliud
2136 4474 2240 4513 non
2273 4461 2447 4515 minus
2487 4462 2664 4531 priore
2688 4462 2891 4518 crimen
2923 4464 3106 4532 objicit
3140 4465 3321 4520 dicens
3352 4487 3363 4522 :
3398 4471 3536 4523 Nam

1963 4567 2078 4604 cum
2106 4552 2300 4604 cit/utra
2332 4562 2378 4605 et
2408 4554 2648 4621 psalterio
2669 4593 2683 4617 ,
2731 4563 2778 4607 et
2811 4557 3063 4625 tympanis
3099 4567 3147 4611 et
3192 4559 3324 4614 tibiis
3369 4562 3541 4617 vinum

1963 4643 2156 4696 bibunt.
2201 4643 2346 4696 llanc
2394 4642 2819 4697 criminationem
2867 4648 3065 4713 profert
3112 4650 3249 4703 alter
3280 4655 3539 4721 prepbeta

1963 4733 2144 4787 dicens
2186 4750 2200 4785 :
2242 4732 2337 4797 Qui
2366 4731 2539 4785 bibunt
2579 4733 2876 4803 defaecatum
2916 4734 3103 4801 uinum,
3148 4750 3193 4792 et
3230 4743 3407 4811 primis
3434 4760 3531 4797 un-

1962 4824 2159 4893 guentis
2186 4823 2345 4889 uncti,
2369 4824 2453 4892 qui
2475 4823 2726 4892 plaudunt
2742 4825 2808 4877 ad
2829 4840 2994 4879 vocem
3014 4843 3340 4899 organorum.
3378 4833 3536 4897 Quasi

1960 4916 2151 4969 stantia
2176 4925 2552 4984 reputaverunt,
2583 4926 2629 4969 et
2652 4933 2753 4970 non
2793 4919 2939 4985 quasi
2962 4920 3205 4990 fugientia
3253 4924 3271 4988 (
3296 4925 3445 4979 Amos
3481 4927 3535 4982 6.

1962 5007 2015 5062 6.
2046 5006 2135 5078 '5).
2167 5003 2399 5060 Etenim°
2425 5016 2678 5061 extremae
2708 5008 3013 5063 stoliditatis
3047 5010 3255 5079 signum
3286 5023 3389 5075 est,
3421 5019 3543 5069 aui-

1961 5097 2139 5165 mique
2177 5095 2419 5150 dissoluti
2466 5095 2681 5150 domum
2719 5112 2868 5151 suam
2901 5099 2951 5151 in
2983 5098 3249 5154 theatrum
3280 5112 3495 5159 vertere
3516 5147 3535 5171 ,

1959 5200 2013 5244 et
2045 5189 2345 5259 bujusmodi
2385 5189 2606 5245 canticis
2646 5203 2705 5244 se
2747 5190 2962 5245 dedere.
2996 5190 3150 5257 Quod
3197 5201 3254 5247 et
3303 5196 3537 5254 ebrietas

2021 5321 2092 5383 (a)
2125 5320 2387 5383 singularis
2430 5328 2569 5370 certe
2612 5321 2759 5379 vocis,
2807 5318 2978 5384 sicera,
3013 5322 3369 5384 interpretatio.
3395 5334 3545 5378 Nemo

1958 5385 2139 5445 quippe
2184 5385 2366 5440 nescit,
2412 5384 2537 5431 hanc
2579 5395 2751 5431 vocem
2791 5383 3073 5431 Hebraicatn
3120 5383 3231 5434 esse
3266 5400 3278 5435 :
3326 5400 3386 5436 ex
3427 5393 3544 5445 Ὃν

1958 5457 2179 5519 nimirum
2205 5467 2493 5519 expressum
2519 5460 2612 5519 est,
2637 5452 2811 5519 δεθέντας
2850 5452 3086 5519 signiﬁcat
3106 5463 3270 5505 autem
3290 5469 3433 5506 omne
3457 5472 3543 5519 po-

1959 5518 2101 5564 tionis
2123 5529 2283 5578 genus
2308 5515 2586 5578 ginebriandi
2620 5517 2716 5563 vim
2739 5514 2948 5578 habens;
2972 5515 3101 5578 unde
3124 5530 3152 5565 a
3176 5521 3367 5567 caeteris
3390 5514 3541 5568 inter-

1956 5575 2177 5639 pretibus
2200 5576 2433 5639 redditur,
2460 5576 2679 5626 elm'etas.
2705 5576 2969 5639 Hesychius
2990 5575 3355 5639 interpretatur,
3381 5580 3539 5629 vinun'

1955 5638 2265 5704 cortdimentis
2288 5638 2509 5686 mixtum.
2534 5645 2772 5704 Tempore
2795 5638 3000 5704 fortasse
3023 5638 3359 5704 Chrysostutni,
3385 5641 3543 5703 liquor

1957 5714 2017 5749 cx
2044 5700 2471 5771 palmarumsucco
2506 5700 2773 5771 confectus,
2791 5700 2946 5750 sicera
2974 5700 3247 5749 vocabatur.
3273 5706 3379 5749 Eam
3403 5700 3549 5767 qitip-

1954 5776 2015 5833 pe
2042 5764 2493 5825 interpretationem
2520 5764 2677 5825 ipsum
2717 5776 2831 5815 esse
2862 5772 3186 5815 commentum
3210 5776 3307 5813 non
3334 5764 3541 5827 puum.

1953 5838 2061 5875 ιίιιι.
