4152 6472
639 401 712 454 63
1344 383 1400 437 S.
1440 381 1716 439 JOANNJS
1751 383 2221 442 CHRYSOSTOLII
2260 386 2574 444 ARCHIEP.
2617 389 3124 455 CONSTANTINO“

635 497 760 552 facit
805 496 1036 553 tenebris
1083 496 1384 562 otl'undens,
1410 497 1510 551 hoc
1545 508 1598 552 et
1623 495 1822 552 musica
1849 504 2101 566 operatur
2128 495 2210 551 vi-

631 603 813 657 gorem
854 589 1048 642 mentis
1087 587 1405 652 emolliens,
1444 587 1713 657 roburque
1741 587 1903 641 animi
1934 585 2211 658 frangens,

631 686 685 732 et
725 676 790 732 ad
817 677 1075 745 majorem
1102 677 1342 732 alliciens
1365 677 1658 731 lasciviam.
1698 676 1869 747 Opera
1910 685 2078 732 autem
2117 676 2214 730 Dei

632 783 732 821 non
763 769 1056 836 respiciunt,
1084 776 1128 821 et
1156 782 1310 836 opera
1337 783 1577 821 manuunt
1606 768 1716 838 ejus
1742 784 1842 822 non
1868 769 2209 822 considerant.

636 856 728 914 γει
757 857 1013 913 miracula
1042 857 1158 928 ejus
1177 857 1324 922 dicit,
1346 858 1428 913 vel
1452 867 1655 914 naturae
1683 859 2208 930 contemplationem.

631 947 912 1015 Quomodo
932 959 1108 1004 autem
1129 950 1333 1019 possint
1356 948 1549 1004 horum
1573 959 1902 1020 spectatores
1922 965 2059 1014 esse,
2089 965 2212 1005 cum

631 1041 772 1096 diem
802 1041 855 1094 in
897 1051 1106 1098 noctem
1149 1051 1387 1110 vertant,
1443 1051 1603 1097 noctu
1651 1057 1780 1097 vero
1824 1043 1992 1098 nihilo
2023 1042 2214 1097 melius

631 1133 739 1187 sint
766 1130 941 1186 allecti
963 1173 977 1197 ,
1012 1147 1174 1200 quam
1201 1132 1434 1189 mortui?
1455 1132 1730 1204 quomodo
1761 1142 2013 1203 poterunt
2037 1133 2207 1188 solem

633 1224 905 1280 orientem
952 1223 1152 1290 videre,
1185 1224 1304 1280 caeli
1328 1224 1696 1296 splendentem
1727 1224 2172 1295 pulchritudinem
2195 1267 2210 1294 ,

632 1333 958 1389 vespereque
986 1317 1189 1372 varium
1227 1319 1372 1372 illum
1403 1318 1676 1374 stellarum
1706 1318 1952 1386 chorum,
1983 1328 2213 1374 caeterao

632 1423 860 1478 rumque
888 1418 1254 1464 creaturarum
1286 1409 1531 1465 ordinem
1553 1419 1608 1466 et
1632 1412 1986 1467 ministerium
2015 1452 2031 1478 ,
2059 1427 2123 1467 ex
2136 1420 2215 1467 te-

633 1500 862 1556 rioribus
901 1499 1346 1570 interioribusque
1392 1501 1560 1556 oculis
1607 1501 1842 1570 privati?
1882 1502 1998 1557 Non
2028 1517 2211 1571 parum

631 1607 764 1663 ergo
807 1592 858 1647 in
890 1591 992 1648 hoc
1040 1592 1150 1646 lznsi
1178 1600 1335 1659 sunt,
1367 1591 1509 1662 quod
1550 1607 1839 1662 numquam
1868 1593 2213 1663 contemplati

635 1685 728 1740 Dei
750 1685 1010 1740 mirabilia
1050 1699 1115 1740 ex
1151 1684 1251 1739 hac
1290 1684 1395 1739 vita
1425 1683 1724 1751 discedant,
1752 1698 1874 1740 cum
1905 1686 2047 1741 omni
2079 1695 2215 1742 tem-

637 1790 768 1844 pore
793 1775 1067 1831 ebrietatis
1103 1775 1336 1830 tenebris
1365 1775 1537 1829 obruti
1575 1776 1787 1830 fuerint.
1817 1777 1904 1832 l3.
1930 1776 2095 1847 Igitur
2123 1793 2214 1830 ca-

636 1867 800 1936 ptivus
821 1866 986 1936 [actus
1009 1877 1079 1920 est
1107 1867 1323 1937 p0pulus
1349 1882 1508 1931 meus,
1531 1883 1587 1920 eo
1608 1867 1741 1937 quod
1769 1883 1869 1921 non
1891 1873 2213 1938 cognoverint

634 1956 931 2011 Dominum.
961 1956 1162 2012 Rursus
1188 1957 1328 2028 quod
1371 1957 1601 2012 futurum
1629 1970 1743 2013 erat
1791 1968 1848 2013 ut
1887 1958 2214 2027 prmteritum

637 2049 939 2114 :mnuntiat,
971 2056 1025 2103 et
1063 2064 1273 2119 pmnam
1318 2049 1480 2105 infert
1505 2049 1699 2104 delicto
1743 2049 1888 2104 huic.
1938 2049 2214 2119 Siquidem

633 2138 717 2192 vel
741 2139 852 2208 ipsa
880 2139 1108 2194 ebrietas
1133 2138 1358 2209 quodvis
1382 2140 1700 2210 supplicium
1729 2149 1994 2210 exmquat,
2021 2142 2216 2195 tumul-

635 2239 744 2282 tum
797 2229 848 2282 in
893 2229 1068 2283 anima
1126 2230 1356 2300 pariens,
1403 2231 1628 2299 caligine
1667 2241 1898 2285 mentem
1955 2231 2212 2300 replens,

633 2324 895 2392 captivam
924 2324 1092 2393 ipsam
1122 2325 1474 2391 constituens,
1518 2324 1814 2379 innumeris
1843 2325 1964 2379 illos
1995 2326 2216 2380 interius

633 2424 688 2468 et
736 2417 966 2472 exterius
1008 2420 1241 2472 obruens
1293 2417 1510 2470 morbis.
1556 2417 1670 2471 lloc
1721 2427 1944 2471 noverat
1987 2417 2214 2483 Paulus,

635 2523 826 2578 nempe
877 2500 1130 2563 malitiam
1173 2523 1267 2578 pro
1308 2509 1568 2578 supplicio
1615 2524 1767 2574 esse;
1813 2509 1934 2563 ideo
1977 2510 2047 2563 ait
2085 2528 2097 2562 :
2149 2508 2216 2563 Et

635 2599 909 2652 mercedem
935 2616 1082 2669 quam
1113 2601 1352 2668 aportuit,
1386 2600 1568 2654 erroris
1599 2601 1677 2653 sui
1707 2600 1756 2652 in
1780 2601 2056 2668 semetipsis
2085 2600 2216 2654 reci-

635 2691 822 2757 pientes
844 2690 862 2759 (
881 2689 1024 2744 liam.
1055 2687 1106 2741 1.
1129 2688 1243 2757 27).
1284 2689 1480 2744 Verum
1506 2689 1718 2759 quando
1748 2690 1800 2744 id
1825 2691 1986 2744 etiam
2015 2690 2217 2745 stolidi-

636 2783 758 2836 tatis
782 2797 964 2836 eorum
1001 2782 1274 2852 proprium
1317 2790 1435 2846 est,
1477 2781 1619 2851 quod
1648 2781 1972 2850 puniantur,
2021 2797 2120 2836 nec
2159 2797 2218 2836 se

634 2876 809 2943 puniri
839 2875 1090 2941 sentiant,
1124 2874 1267 2944 quod
1303 2883 1582 2944 :rgrotent,
1630 2889 1730 2928 nec
1769 2875 1939 2928 sciant
1970 2889 2030 2928 se
2058 2890 2220 2943 aegro-

635 2978 769 3031 tare,
809 2968 876 3022 ab
911 2968 1111 3022 exteris
1152 2968 1314 3023 etiam
1345 2966 1666 3036 snpplicium
1715 2964 1938 3032 inducit,
1992 2965 2215 3035 aitque:

634 3059 803 3132 Igitur
840 3059 1062 3128 captivus
1106 3059 1268 3129 factus
1296 3068 1367 3111 est
1395 3058 1613 3127 populus
1641 3074 1803 3122 meus,
1853 3074 1910 3110 eo
1958 3057 2090 3126 quod
2114 3072 2214 3109 non

634 3151 954 3224 cognoverint
1000 3148 1294 3202 Dominum.
1329 3148 1394 3201 Et
1423 3149 1694 3202 multitudo
1732 3151 1866 3218 facta
1898 3158 1966 3201 cst
1991 3157 2216 3199 mortuo-

633 3262 748 3299 rum
778 3254 982 3314 propter
1007 3248 1191 3314 fantem
1211 3249 1257 3298 et
1281 3239 1414 3298 sitim
1446 3255 1611 3312 aqua.
1642 3238 1768 3295 Vide
1796 3237 2012 3292 multam
2052 3237 2219 3295 inser-

635 3345 743 3389 tam
794 3336 846 3388 in
895 3333 1156 3404 supplicio
1197 3335 1570 3398 monitionem,
1621 3347 1792 3402 neque
1846 3332 2213 3402 gravissimam

635 3426 814 3480 statim
843 3426 1024 3479 induci
1055 3425 1375 3480 sectionem.
1407 3424 1589 3494 Neque
1616 3426 1760 3480 enim
1789 3426 1967 3478 subito
1996 3423 2217 3492 captivi-

638 3527 800 3570 tatem
844 3517 1058 3581 intulit,
1090 3515 1184 3571 sed
1228 3515 1419 3570 famem
1459 3516 1606 3584 prius
1643 3523 1698 3570 et
1752 3514 1921 3580 sitim,
1964 3524 2019 3567 ιιι
2072 3514 2216 3568 domi

635 3618 948 3672 manentes,
983 3607 1231 3662 meliores
1265 3605 1598 3672 evaderent,
1641 3620 1812 3676 neque
1838 3606 1908 3660 ob
1950 3605 2217 3660 incurabi-

639 3702 745 3756 lem
765 3700 1009 3756 morbum
1028 3699 1374 3755 barbarorum
1394 3698 1684 3753 exercitum
1709 3696 2058 3752 attraherent.
2081 3696 2215 3762 Quia

636 3807 764 3846 vero
789 3807 895 3846 non
917 3800 1212 3856 cesserunt,
1233 3789 1471 3859 nihilque
1500 3788 1623 3843 inde
1640 3788 1828 3843 lucrati
1851 3797 1974 3842 sunt
1997 3829 2012 3853 ,
2048 3797 2218 3842 extre-

637 3898 785 3937 mum
815 3882 1046 3952 denique
1070 3880 1196 3951 ipsis
1214 3879 1416 3936 inducit
1438 3879 1780 3949 supplicium.
1814 3881 2065 3933 Attamen
2094 3891 2218 3936 ante

636 3975 726 4028 illa
753 4016 768 4042 ,
801 3975 978 4030 verbis
1007 3973 1215 4030 extollit
1241 3981 1298 4027 et
1325 3973 1615 4042 amplificat
1642 3971 1798 4026 famis
1826 3972 2213 4039 calamitatem,

636 4072 865 4125 dicens:
902 4069 988 4122 14.
1035 4065 1281 4120 Dilataoit
1324 4066 1550 4134 infernus
1589 4065 1811 4117 animant
1862 4080 2006 4118 suam
2053 4080 2073 4118 :
2113 4079 2218 4120 non

635 4159 779 4232 quod
823 4158 1063 4214 infernus
1091 4159 1323 4212 animam
1369 4157 1558 4212 habeat
1592 4175 1605 4210 :
1640 4156 1734 4212 sed
1765 4172 2007 4226 persona:
2051 4157 2217 4214 forma

639 4253 810 4306 minas
858 4250 1122 4313 intentat,
1156 4257 1214 4302 ut
1253 4248 1454 4317 majore
1485 4263 1607 4303 cum
1652 4249 1895 4318 emphasi
1945 4250 2215 4318 loquatur,

639 4341 944 4414 ingentique
984 4341 1175 4394 timore
1203 4339 1503 4394 auditorum
1533 4341 1744 4394 animos
1787 4341 2055 4408 percellat.
2094 4339 2220 4396 ldeo

641 4437 695 4489 in
732 4433 1100 4504 pro50poposia
1127 4432 1365 4502 persistit
1392 4431 1608 4486 dicens:
1639 4430 1706 4485 Et
1732 4434 1928 4498 aperuit
1960 4449 2017 4486 os
2042 4450 2208 4498 suum,

641 4538 694 4581 ut
739 4543 837 4579 non
864 4535 1017 4578 cesset
1053 4524 1240 4593 :quasi
1265 4523 1332 4578 de
1366 4522 1476 4577 fera
1510 4514 1669 4578 verba
1696 4524 1930 4590 faciens,
1953 4535 2008 4578 et
2033 4526 2220 4594 imagi-

642 4633 765 4674 nem
806 4633 986 4672 rerum
1032 4629 1196 4684 prope
1227 4616 1371 4682 ipsos
1401 4615 1692 4670 adducens.
1721 4615 1980 4684 Quodque
2009 4618 2222 4685 gravius

642 4719 746 4774 est,
799 4723 904 4761 non
941 4705 1100 4760 modo
1128 4705 1336 4773 aperuit
1362 4720 1424 4760 us
1459 4720 1633 4769 suum,
1659 4705 1756 4761 sed
1785 4705 1951 4762 hianti
1979 4721 2072 4761 ore
2103 4722 2221 4760 ma-

644 4810 755 4863 net,
789 4814 885 4853 nec
929 4813 994 4851 ex
1018 4797 1128 4864 jam
1163 4796 1429 4864 absorptis
1456 4798 1700 4849 satiatur.
1739 4796 1804 4849 Et
1833 4798 2126 4850 descendent
2155 4798 2222 4849 ad

641 4908 755 4944 eum
785 4889 1028 4960 gloriosi,
1057 4898 1102 4940 et
1132 4898 1388 4957 magnetes
1413 4928 1426 4949 ,
1455 4897 1499 4940 et
1545 4887 1718 4940 divites
1743 4928 1757 4951 ,
1809 4899 1853 4941 et
1889 4899 2047 4956 pestes
2091 4891 2218 4958 ejus.

645 4980 871 5042 Exhinc,
911 4991 966 5032 ut
995 4978 1133 5032 scias
1159 4994 1264 5032 non
1289 4977 1581 5034 secundum
1609 4990 1812 5033 naturae
1841 4981 2081 5036 ordinem
2111 4983 2224 5038 haec

644 5071 782 5133 fieri,
807 5069 900 5124 sed
928 5085 958 5121 a
983 5070 1091 5122 Deo
1121 5069 1411 5123 immissam
1448 5084 1568 5123 esse
1598 5069 1836 5138 plagam,
1867 5081 1920 5123 et
1951 5071 2220 5125 decretum

639 5178 705 5216 ex
735 5163 868 5216 czelo
882 5160 1117 5214 delatum
1138 5201 1150 5221 .
1172 5162 1222 5214 in
1255 5159 1509 5229 dignitate
1527 5170 1579 5214 et
1611 5162 1845 5228 putentia
1874 5161 2220 5226 constitutos,

641 5250 730 5319 qui
751 5250 928 5305 omnia
955 5251 1268 5316 miscebant,
1287 5266 1476 5320 resque
1493 5251 1799 5306 .ludtcorum
1823 5253 2220 5319 subvertebant,

643 5357 708 5396 eo
733 5341 1086 5396 descensuros
1115 5355 1233 5394 esse
1263 5343 1358 5394 ait.

717 5435 770 5489 6.
802 5436 984 5490 Pestes
1023 5445 1195 5490 autem
1239 5435 1356 5491 illos
1386 5435 1506 5505 jure
1550 5445 1740 5500 vocat,
1782 5445 1964 5505 utpote
2002 5439 2088 5507 qui
2135 5454 2225 5491 ne-

647 5527 863 5595 quitiam
903 5539 1007 5578 non
1042 5541 1202 5593 penes
1243 5541 1299 5580 se
1334 5535 1646 5587 servarent,
1691 5526 1784 5579 sed
1814 5528 1969 5581 etiam
2000 5529 2064 5581 ad
2097 5529 2226 5581 alios

647 5617 890 5676 morbum
918 5616 1359 5671 transmitterem.
1392 5617 1534 5673 Talis
1563 5618 1758 5686 quippe
1791 5626 1875 5671 est
1911 5619 2225 5686 pestilenthe

649 5719 834 5762 natura
867 5723 1025 5762 :cum
1067 5708 1133 5763 ab
1171 5723 1277 5762 uno
1318 5723 1540 5777 corpore
1576 5709 1831 5776 cmperit,
1875 5709 2132 5778 gradatim
2175 5711 2224 5765 in

655 5797 1038 5858 multitudinem
1071 5810 1360 5871 grassatur.
1399 5800 1459 5855 Et
1486 5799 1741 5854 exsultans
1772 5802 1822 5856 in
1855 5819 1930 5856 ea.
1961 5802 2058 5868 Qui
2090 5806 2218 5860 deli-

3813 431 3881 484 64

2315 497 2410 592 ciis
2437 512 2604 592 vacat,
2634 505 2722 574 qui
2749 509 3008 574 exsultat,
3035 514 3124 582 qui
3158 521 3303 584 putat
3324 532 3379 572 se
3405 517 3692 576 immobilia
3718 525 3886 592 possi-

2315 587 2440 644 dere
2462 589 2618 659 bona,
2651 594 2765 665 ipse
2789 613 2999 670 quoque
3027 603 3182 658 cadet
3209 614 3262 660 ct
3291 609 3546 676 capietur.
3578 612 3665 669 15.
3698 587 3765 668 ἐι
3792 616 3889 669 ltu-

2315 681 2589 738 miliabitur
2611 688 2780 754 homo,
2807 701 2854 742 et
2882 691 3260 748 in/tonorabitur
3285 699 3359 752 vir
3383 714 3401 754 :
3424 711 3471 754 et
3495 703 3628 756 oculi
3653 705 3889 760 sublimes

2316 773 2726 831 lmmiliabuntur.
2774 780 2859 834 16.
2894 781 2958 834 Et
2994 785 3295 840 excitabitur
3329 788 3575 846 Dominus
3608 795 3745 848 solus
3787 795 3890 848 Sa-

2315 864 2462 919 baotli
2489 868 2540 920 in
2556 869 2772 938 judicio.
2810 871 2937 927 Vide
2964 891 3147 930 rursus
3190 878 3280 932 Dei
3319 882 3722 949 providentiam.
3768 885 3886 939 Non

2314 955 2455 1009 enim
2499 958 2912 1016 internecionem
2956 965 3202 1032 adducit,
3235 985 3405 1039 neque
3446 981 3608 1026 totum
3641 990 3671 1028 e
3711 977 3889 1029 medio

2313 1043 2480 1114 abripi
2508 1049 2758 1116 populum
2791 1054 3067 1121 permittit,
3100 1057 3192 1110 sed
3222 1060 3474 1127 quosdam
3513 1063 3793 1133 relinquit,
3832 1076 3888 1120 ut

2313 1146 2377 1187 ex
2399 1134 2703 1192 abeuntium
2726 1143 2984 1210 supplicio
3007 1144 3337 1214 rcsipiseant.
3367 1150 3475 1205 lloc
3499 1166 3624 1221 ergo
3647 1155 3889 1207 subindi-

2315 1239 2440 1280 cans
2469 1226 2575 1292 ait,
2609 1229 3046 1301 llumiliabuntur,
3083 1237 3133 1291 id
3163 1250 3264 1302 eSt,
3296 1242 3382 1309 qui
3410 1253 3650 1310 manent,
3679 1246 3764 1312 qui
3799 1260 3889 1298 re-

2313 1312 2421 1370 licti
2460 1328 2604 1372 sunt.
2631 1319 2695 1372 Et
2719 1322 3020 1376 exaltabitur
3044 1325 3290 1382 Dominus
3321 1329 3542 1383 Sabaoth
3583 1333 3634 1384 in
3656 1333 3884 1404 judicio,

2314 1416 2360 1460 et
2383 1406 2519 1462 Deus
2536 1421 2735 1465 sanctus
2754 1413 3114 1483 gloriﬁcabitur
3133 1418 3414 1488 injustitia.
3437 1422 3546 1476 Duo
3565 1425 3707 1491 ponit
3726 1429 3885 1492 bona,

2313 1507 2366 1552 et
2395 1499 2513 1555 illos
2535 1517 2725 1571 nempe
2753 1507 2991 1561 timorem
3020 1507 3354 1578 deposituros
3374 1527 3513 1576 esse,
3537 1515 3891 1587 melioresque

2313 1589 2520 1646 futuros
2542 1632 2557 1658 ,
2596 1602 2649 1648 et
2694 1595 2858 1651 Deum
2900 1598 3233 1655 admirationi
3265 1600 3378 1656 fore
3419 1604 3556 1672 apud
3587 1621 3806 1674 omnes;
3838 1609 3890 1662 id

2314 1683 2454 1735 cnim
2482 1684 2579 1738 sibi
2604 1687 2714 1740 vult
2738 1686 2864 1740 illud
2890 1728 2904 1753 ,
2935 1686 3258 1744 Exaltabitur
3283 1702 3328 1746 et
3356 1694 3752 1764 glori/imbitur;
3797 1713 3892 1767 per

2315 1775 2630 1844 supplicium
2659 1792 2868 1846 nempe,
2893 1793 2953 1833 ac
2981 1795 3075 1848 per
3101 1781 3266 1850 ipsam
3290 1784 3565 1844 ultionem.
3636 1785 3769 1852 Quid
3798 1803 3894 1841 an-

2317 1873 2422 1919 tem
2450 1875 2527 1919 est
2546 1864 2658 1937 ',ln
2673 1868 2871 1936 judicio
2891 1870 2918 1923 .9
2946 1869 3047 1923 Per
3073 1871 3343 1926 ultionem.
3377 1875 3464 1929 17.
3490 1875 3555 1928 Et
3585 1887 3786 1941 poscent
3813 1879 3895 1930 di-

2315 1959 2475 2028 spersi
2497 1961 2638 2028 quasi
2663 1965 2813 2025 tauri,
2836 1971 2883 2014 et
2909 1961 3105 2016 deserta
3125 1979 3314 2031 eorum,
3337 1968 3418 2035 qui
3438 1969 3680 2038 assumpti
3708 1980 3824 2023 sunt
3849 1979 3890 2037 ⁸,

2316 2051 2436 2119 agni
2462 2051 2739 2105 comedent.
2762 2052 3087 2108 Relictorum
3121 2057 3433 2124 paucitatem
3461 2059 3544 2112 his
3567 2058 3891 2126 subindicat,

2316 2151 2368 2195 ct
2397 2142 2662 2211 ingentem
2694 2143 2926 2213 regionis
2964 2145 3323 2202 solitudinem.
3368 2149 3454 2202 18.
3495 2147 3582 2202 l'te
3613 2151 3698 2217 qui
3727 2161 3895 2203 aura.

2317 2232 2440 2285 ltunt
2469 2245 2674 2300 peccata
2700 2251 2792 2288 sua
2821 2245 2874 2288 ut
2903 2238 3129 2305 funiculo
3157 2238 3325 2309 longo,
3353 2250 3397 2292 et
3423 2243 3564 2309 quasi
3587 2242 3702 2311 jugi
3726 2244 3893 2295 carri-

2317 2325 2400 2392 gia
2426 2325 2593 2379 vitula:
2617 2326 2900 2396 iniquitates
2926 2344 3062 2382 suas.
3095 2329 3180 2383 19.
3207 2329 3304 2394 Qui
3330 2331 3500 2384 dicunt
3525 2347 3542 2385 :
3567 2331 3675 2386 Cito
3702 2349 3894 2403 appro-

2320 2415 2553 2486 pinguem
2574 2432 2688 2484 quae
2716 2417 2866 2485 faciet
2891 2417 3027 2472 Deus
3047 2460 3060 2483 ,
3091 2429 3144 2471 ut
3181 2420 3431 2473 rideamus
3461 2436 3480 2473 :
3506 2431 3550 2474 et
3580 2424 3742 2475 ueniat
3769 2439 3896 2476 con-

2317 2505 2483 2559 silium
2514 2509 2671 2560 sancti
2700 2508 2862 2561 lsrael
2888 2550 2899 2573 ,
2936 2520 2986 2562 ut
3017 2512 3250 2563 sciamus.
3281 2511 3558 2579 Prophetis
3585 2511 3896 2582 frequenter

2317 2599 2759 2654 comminantibus
2785 2614 2837 2655 ct
2864 2601 3112 2655 terribilia
3137 2604 3630 2670 praenuntiantibus,
3659 2603 3894 2674 pseudo-

2319 2690 2590 2760 propheta:
2628 2691 2694 2747 ad
2734 2694 2956 2762 gratiam
2995 2694 3272 2762 loquentes
3296 2736 3309 2758 ,
3346 2696 3627 2765 populique
3656 2697 3895 2766 vigorem

2321 2783 2671 2840 dissolventes
2693 2826 2706 2850 ,
2737 2786 2947 2840 illorum
2971 2785 3108 2840 dicta
3138 2786 3286 2851 falsa,
3314 2802 3405 2840 sua
3435 2803 3558 2843 vera
3589 2803 3706 2844 esse
3737 2789 3895 2844 dicti-

2321 2875 2518 2928 tabant.
2549 2876 2694 2929 Multi
2725 2891 2850 2945 ergo
2875 2877 3077 2930 seducti
3107 2877 3317 2932 illorum
3352 2879 3528 2932 verbis
3568 2894 3670 2933 non
3701 2880 3897 2934 crede-

2319 2966 2463 3020 bant.
2510 2966 2711 3023 Deinde
2739 2968 2856 3037 quia
2891 2966 3178 3037 prephetia:
3214 2984 3318 3022 non
3355 2969 3528 3023 statim
3567 2980 3724 3040 atque
3767 2987 3895 3039 pru-

2318 3057 2574 3112 nuntialte
2590 3066 2762 3122 erant,
2783 3058 3121 3123 eveniebant;
3147 3058 3433 3128 prophetia:
3456 3075 3681 3128 namque
3703 3071 3894 3120 natura

2319 3157 2428 3202 erat
2449 3188 2463 3212 ,
2495 3148 2662 3202 multo
2699 3156 2822 3201 ante
2851 3156 3087 3217 tempore
3115 3162 3174 3203 ea
3204 3149 3544 3216 pronuntiare
3571 3165 3688 3219 qua:
3727 3166 3896 3206 even-

2324 3246 2438 3292 tura
2477 3245 2660 3300 erant;
2701 3238 2950 3307 quoniam
2989 3251 3115 3308 ergo
3150 3237 3455 3308 frequenter
3492 3243 3767 3314 propheta:
3803 3245 3890 3299 fa-

2318 3346 2458 3386 mem
2482 3372 2496 3397 ,
2530 3340 2731 3401 pestem
2756 3371 2772 3398 ,
2810 3331 3051 3402 bellaque
3079 3331 3431 3401 prccdicebant
3454 3373 3468 3396 ,
3501 3347 3599 3387 nee
3627 3343 3802 3387 tamen
3833 3349 3899 3388 ea

2318 3422 2490 3490 reipsa
2512 3421 2893 3487 ostendebant,
2926 3422 3138 3476 interim
3164 3423 3310 3476 multi
3339 3438 3401 3477 ex
3433 3423 3497 3477 iis
3519 3463 3538 3490 ,
3568 3424 3653 3493 qui
3681 3424 3898 3492 decepti

2319 3521 2505 3576 erant,
2535 3528 2599 3567 ex
2627 3513 2961 3568 cunctatione
2991 3513 3055 3568 ad
3083 3530 3185 3567 non
3216 3513 3538 3569 credendum
3559 3517 3900 3574 occasionem

2319 3604 2660 3673 accipientes,
2687 3604 2932 3658 dicebant
2959 3623 2971 3659 :
2994 3605 3216 3658 Veniant
3245 3620 3364 3676 quae
3388 3605 3668 3671 dicuntur;
3696 3609 3742 3661 si
3770 3624 3899 3663 vere

2318 3696 2511 3763 dicitis,
2541 3695 2794 3752 accedant
2819 3711 2904 3750 res
2927 3696 3085 3765 ipsae;
3115 3697 3357 3752 exhibete
3381 3699 3533 3752 nobis
3554 3713 3616 3752 ex
3642 3699 3903 3768 operibus

2318 3786 2447 3856 ipsis
2467 3787 2744 3841 consilium
2773 3787 2884 3841 Dei.
2910 3786 3040 3854 Quia
3069 3789 3225 3856 igitur
3251 3788 3363 3857 ejus
3389 3789 3690 3859 patientiam
3724 3792 3902 3846 incre-

2319 3876 2554 3932 dulitatis
2579 3878 2909 3932 occasionem
2939 3878 3240 3934 efﬁciebant
3265 3920 3278 3944 ,
3307 3889 3361 3934 et
3385 3881 3616 3952 peccatis
3653 3883 3767 3936 suis
3800 3885 3902 3938 hoc

2319 3967 2654 4035 adjiciebant,
2678 3977 2786 4020 tum
2816 3968 2956 4036 quod
2987 3984 3090 4024 non
3120 3969 3420 4036 crederent,
3445 3981 3552 4025 tum
3571 3971 3707 4041 quod
3732 3973 3802 4027 ob
3821 3974 3904 4027 in-

2321 4059 2685 4114 credulitatem
2707 4060 2977 4129 segniores
3003 4062 3306 4126 evaderent,
3327 4063 3445 4130 jure
3469 4063 3611 4132 ipsos
3637 4063 3904 4132 propheta

2321 4151 2464 4220 luget
2484 4151 2665 4206 dicens
2686 4167 2698 4202 :
2723 4150 2880 4216 Quasi
2905 4151 3135 4206 funiculo
3159 4154 3333 4222 longo,
3360 4153 3436 4207 sic
3461 4162 3642 4207 contra
3669 4168 3765 4207 vos
3791 4164 3904 4208 tra-

2324 4243 2447 4296 hitis
2477 4243 2605 4296 iram
2640 4243 2772 4308 Dei,
2817 4252 2870 4297 et
2911 4244 3194 4313 nequitiam
3233 4251 3462 4297 vestram
3501 4245 3721 4312 augetis.
3765 4244 3904 4311 Quia

2322 4335 2462 4388 enim
2489 4334 2642 4389 dictis
2668 4349 2771 4388 non
2799 4333 3036 4401 creditis,
3062 4333 3113 4387 id
3139 4335 3448 4403 relinquitur
3469 4335 3698 4400 demum,
3728 4345 3790 4390 ut
3813 4351 3904 4392 re-

2324 4441 2441 4478 rum
2485 4425 2632 4478 vobis
2659 4424 2984 4492 experientia
3026 4425 3295 4480 afferatur.
3332 4425 3403 4479 Ita
3432 4435 3487 4480 ut
3513 4440 3604 4480 vos
3633 4426 3728 4495 ipsi
3761 4429 3906 4482 mala

2325 4518 2473 4572 vobis
2503 4518 2812 4581 attrahatis,
2837 4519 2927 4586 qui
2961 4519 3136 4573 verbis
3172 4519 3326 4572 tidem
3361 4535 3462 4573 non
3507 4520 3730 4573 habetis.
3777 4521 3906 4575 ideo

2324 4609 2397 4661 ait
2429 4627 2439 4661 :
2479 4607 2564 4662 Va:
2589 4608 2671 4676 qui
2697 4610 2953 4661 attrahunt
2983 4620 3183 4678 peccata
3210 4625 3332 4671 sua;
3364 4609 3412 4662 id
3441 4619 3520 4664 est
3540 4649 3559 4676 ,
3590 4611 3905 4664 retributio-

2327 4715 2449 4754 nem
2492 4709 2826 4769 peccatorum
2857 4717 2869 4752 :
2903 4700 3052 4768 quasi
3096 4701 3250 4768 longo
3293 4699 3524 4752 funiculo
3553 4715 3582 4752 e
3613 4701 3907 4770 longinquo

2329 4792 2534 4843 trahitis
2556 4831 2570 4854 ,
2605 4791 2805 4860 inquit,
2847 4791 3114 4844 definitam
3156 4791 3381 4859 peccatis
3407 4791 3594 4844 vestris
3622 4792 3904 4858 ultionem,

2328 4889 2380 4935 et
2405 4881 2551 4949 quasi
2576 4882 2684 4950 jugi
2713 4882 2938 4951 corrigia
2973 4881 3146 4935 vitulze
3190 4880 3476 4950 subjugalis
3500 4922 3514 4944 ,
3543 4891 3600 4934 ut
3637 4883 3909 4950 exprimat

2329 4974 2536 5028 illorum
2559 4974 2788 5027 studium
2815 4983 2868 5028 et
2886 4990 3066 5028 curam
3088 4975 3140 5026 in
3167 4974 3453 5042 peccando.
3481 4973 3549 5029 Ut
3576 4976 3619 5027 si
3648 4975 3770 5043 quis
3791 4981 3910 5030 loro

2329 5066 2448 5119 forti
2475 5065 2598 5134 quid
2630 5066 2976 5133 pertraxerit,
3009 5067 3084 5118 sic
3112 5079 3204 5117 vos
3231 5079 3324 5132 per
3355 5064 3776 5118 incredulitatem
3813 5065 3906 5119 Dei

2329 5157 2458 5210 iram
2499 5165 2681 5210 contra
2724 5152 2818 5210 v'os
2848 5154 3072 5209 trahitis.
3118 5154 3314 5209 Deinde
3352 5154 3478 5210 dicit
3503 5153 3768 5224 quomodo
3800 5165 3910 5210 tra-

2394 5317 2407 5345 ¹
2446 5322 2553 5362 ttzpc
2578 5315 2742 5372 verba,
2769 5320 2814 5363 et
2847 5325 2932 5376 per
2957 5313 3119 5376 ipsam
3136 5311 3431 5360 ultionem...
3453 5323 3537 5371 per
3554 5307 3796 5376 ultionem,
3813 5310 3906 5376 de-

2331 5383 2464 5425 erant
2480 5381 2526 5426 in
2549 5376 2728 5431 Morel,
2744 5377 2828 5423 sed
2848 5373 2910 5422 ex
2931 5373 3074 5434 Regio
3092 5373 3337 5434 desumpta
3353 5373 3907 5434 suntrnavaricusdetiam

2329 5441 2492 5495 habet,
2517 5438 2602 5486 sed
2623 5429 2806 5498 aliquot
2821 5429 3021 5498 adjectis
3045 5429 3460 5495 vocibusflllaque
3485 5432 3674 5493 legerat
3693 5429 3906 5481 Tilman-

2330 5512 2420 5550 ntts
2444 5503 2701 5564 interpres.
3283 5555 3293 5564 .
3511 5554 3541 5564 _.

2391 5564 2411 5593 ²
2447 5563 2498 5610 ln
2522 5553 2698 5616 anteco,
2723 5571 3001 5619 auawtm,
3027 5570 3188 5619 eorum
3212 5555 3293 5619 qui
3313 5554 3541 5619 assumpti
3555 5557 3676 5602 sunt.
3693 5553 3906 5602 Ttltnan-

2331 5638 2421 5673 nns
2445 5630 2678 5677 verterat,
2703 5616 2864 5669 eorum
2878 5616 2960 5678 qui
2983 5616 3137 5669 relicti
3157 5616 3280 5674 sunt,
3292 5619 3426 5685 quasi
3451 5616 3667 5685 legisset,
3683 5627 3904 5685 nam“:

2332 5705 2450 5745 "tum.
2493 5689 2761 5741 Ᾱηιλημμένων
2803 5689 2938 5745 certe
2961 5688 3082 5745 est,
3116 5693 3278 5745 eorum
3314 5677 3401 5735 qui
3435 5677 3662 5745 assumpti
3693 5677 3906 5745 sunt__ab

2332 5739 2597 5804 ἐίτῖβιμςάνω,
2626 5739 2674 5791 et
2695 5752 2854 5791 tamen
2895 5743 3082 5804 videtur
3106 5742 3467 5803 Chrysostomus
3501 5739 3546 5785 in
3582 5739 3904 5798 sequentibus

2337 5828 2415 5860 me
2446 5809 2741 5870 intelligere,
2761 5807 2840 5872 qui
2863 5803 3013 5855 relicti
3038 5813 3162 5854 sunt.
