4056 6470
440 422 513 478 σε,
1269 408 1326 464 s.
1356 406 1638 464 JOANNIS
1665 396 2150 462 cnmsosmm
2181 394 2498 452 ARCHIEP.
2539 392 3077 452 CONSTANTINOP.
3785 398 3869 454 66

428 521 667 588 ποιήσει
697 524 730 578 ό
774 523 936 590 Θεὸς,
974 525 1073 580 ινα
1102 525 1336 595 ἴδωμεν.
1364 527 1429 579 '0
1460 524 1553 578 καὶ
1584 524 1769 595 ἕτερος
1801 521 2087 592 προφήτης

429 609 668 679 ἐγκαλεῖ,
696 610 886 678 λέγων’
942 612 1084 666 Οὐαὶ
1139 615 1193 665 οἰ
1225 612 1654 680 ἐπιθυμοῦντες
1697 611 1813 676 τὴν
1860 607 2088 676 ἡμέραν

429 696 675 764 Κυρίου.
714 698 823 751 Kal
863 698 961 750 ἵνα
999 699 1056 752 τί
1093 699 1234 767 ὑμῖν
1271 700 1310 766 ἠ
1348 699 1536 768 ἡμέρα
1564 699 1714 764 αὕτη
1733 713 1752 760 ;
1787 696 1897 749 Kal
1932 694 2085 762 αὕτη

431 781 559 836 ἐστί
592 783 811 850 σκότος
841 783 1032 839 καίού
1061 784 1207 854 φῶς,
1243 786 1340 839 καὶ
1376 785 1599 854 γνόφος
1631 787 1742 838 οὐκ
1771 783 1927 852 ἔχων
1951 777 2091 851 ῥέγ-

432 885 537 935 ἰυς
560 868 765 937 αὐτῆς.
812 871 922 923 Kal
960 871 1064 942 γὰρ
1110 873 1202 924 καὶ
1245 873 1442 924 ἐκεῖνοι
1493 869 1847 933 ἀπιστοῦντες
1885 869 2086 936 ἔλεγον·

433 954 570 1007 Πότε
613 954 732 1025 ἥξει
769 958 802 1028 ή
850 957 1031 1028 ἡμέρα
1073 959 1171 1026 τῆς
1207 958 1480 1022 κολάσεως
1526 958 1618 1011 καὶ
1662 957 1761 1027 τῆς
1789 956 2086 1026 τιμωρίαςς

443 1041 580 1094 οὐαί
619 1046 673 1096 οἰ
702 1043 981 1112 λέγοντες
1019 1044 1084 1097 τὸ
1109 1045 1376 1112 πονηρὸν
1418 1046 1624 1109 καλὸν,
1658 1045 1753 1097 καὶ
1794 1042 1860 1096 τὸ
1900 1042 2092 1095 καλὸν

434 1129 718 1196 πονηρόν·
754 1133 808 1182 οἰ
836 1130 1095 1196 τιθέντες
1133 1131 1197 1184 τὸ
1224 1131 1348 1199 φῶς
1380 1133 1615 1196 σκότος,
1648 1133 1744 1182 καὶ
1774 1129 1838 1182 τὸ
1871 1130 2091 1194 σκότος

433 1211 580 1279 φῶς
625 1216 680 1266 οι
727 1214 984 1281 τιθέντες
1022 1215 1088 1268 τὸ
1127 1217 1321 1284 γλυκὺ
1363 1217 1596 1284 πικρὸν,
1640 1216 1736 1269 καὶ
1781 1215 1847 1268 τὸ
1877 1214 2093 1283 πικρὸν

439 1300 646 1368 γλυκύ.
684 1301 849 1354 Πάλιν
878 1303 1003 1371 περὶ
1029 1303 1135 1356 τῶν
1158 1304 1335 1356 αύτῶν
1365 1304 1688 1372 διαλέγεται.
1729 1302 1946 1373 Ἐπειδὴ
1967 1302 2092 1365 τοὺς

439 1385 539 1455 μὲν
571 1390 851 1459 προφήτας
890 1388 1106 1460 ὕϐριζον
1147 1391 1238 1443 καὶ
1278 1390 1595 1453 ἀπατεῶνας
1629 1390 1832 1459 ἔλεγον,
1866 1390 1991 1453 τοὺς
2036 1389 2092 1442 δέ

433 1471 875 1546 ψευδοπροφήτας
898 1475 1118 1546 ἐτίμων,
1142 1478 1234 1530 καί
1262 1479 1593 1549 ἀνέστρεφον
1618 1477 1724 1530 τῶν
1752 1477 2091 1547 πραγμάτων

431 1558 532 1631 τὴν
568 1559 740 1627 τάξιν,
773 1561 1042 1626 ταλανίζει
1083 1564 1278 1626 αὐτοὺς
1313 1565 1405 1617 ἐπί
1436 1567 1499 1634 τῇ
1532 1564 1710 1635 κρίσει
1741 1565 1806 1632 τῇ
1835 1562 2092 1633 διεφθαρ-

437 1645 596 1718 μένῃ.
638 1647 802 1712 Οὐαί,
848 1649 1029 1718 φησὶν,
1069 1650 1123 1702 οί
1160 1649 1440 1718 λέγοντες
1480 1649 1548 1702 τὸ
1585 1648 1853 1716 πονηρὸν
1902 1649 2092 1702 καλὸν

436 1731 718 1800 (τουτέστι,
740 1734 836 1805 τὴν
854 1733 1488 1808 ψευδοπροφητείαν),καί
1507 1736 1575 1790 τὸ
1601 1737 1791 1790 καλὸν
1836 1737 2100 1806 πονηρόν

435 1819 552 1891 (τὴν
583 1821 957 1893 προφητείανΥ
979 1827 1031 1878 οἰ
1058 1825 1315 1889 τιθέντες
1354 1823 1420 1876 τὸ
1463 1822 1588 1892 φῶς
1624 1825 1862 1891 σκότος,
1892 1825 1990 1878 καί
2025 1823 2091 1877 τὸ

433 1908 654 1973 σκότος
689 1905 834 1976 φῶς·
877 1911 931 1963 οί
981 1911 1241 1976 τιθέντες
1279 1911 1344 1964 τὸ
1388 1911 1580 1980 γλυκὺ
1608 1911 1842 1978 πικρὸν,
1885 1911 1985 1964 καί
2025 1911 2093 1965 τὸ

435 1993 649 2059 πικρὸν
686 1995 896 2063 γλυκύ.
933 1996 995 2048 Εἰ
1028 1997 1136 2068 γὰρ
1169 1998 1262 2050 καὶ
1290 1998 1543 2067 φορτικὰ,
1571 2001 1724 2068 φησὶ,
1757 1997 1831 2051 τὰ
1854 1999 2092 2068 ῥήματα,

432 2079 548 2134 ἀλλ’
585 2082 737 2136 οὐδὲν
770 2084 1095 2157 γλυκύτερον
1125 2086 1232 2142 τῶν
1269 2087 1582 2159 προφητῶν,
1613 2092 1677 2160 τῇ
1705 2089 1812 2141 τῶν
1835 2090 2093 2159 ῥημάτων

434 2169 630 2240 ἀπειλῇ
660 2170 758 2240 τὴν
790 2170 877 2224 διὰ
901 2171 1011 2225 τῶν
1036 2173 1374 2243 πραγμάτων
1394 2173 1848 2243 ἀποκρουομένων
1875 2177 2092 2244 πεῖραν.

434 2257 497 2309 Εἰ
531 2257 626 2310 καὶ
655 2257 855 2326 γλυκέα
875 2259 943 2313 τὰ
963 2260 1070 2313 τῶν
1091 2261 1566 2331 ψευδοπροφητῶν,
1596 2263 1710 2316 ἀλλ’
1735 2264 1887 2316 οὐδὲν
1913 2265 2094 2318 αὐτῶν

435 2343 774 2415 πικρότερον,
795 2349 860 2417 τῇ
888 2346 1069 2418 χάριτι
1091 2347 1199 2402 τῶν
1230 2349 1403 2416 λόγων
1422 2349 1519 2420 τὴν
1540 2349 1626 2403 διὰ
1655 2349 1763 2403 τῶν
1784 2350 1957 2421 ἔργων
1994 2352 2094 2403 ἐπ-

433 2429 675 2497 αγόντων
707 2431 955 2503 ἀπειλήν.

503 2517 565 2582 ζ’.
585 2517 712 2571 Ἰδοὺ
745 2520 1021 2591 προφήτου
1057 2523 1269 2591 σοφίαν,
1294 2522 1412 2586 πῶς
1447 2524 1773 2596 ἀνέστρεψεν
1801 2523 1976 2578 αὐτῶν
1997 2526 2095 2596 τὴν

433 2602 704 2659 ὑπόνοιαν.
736 2605 951 2678 Ἐπειδὴ
980 2608 1086 2679 γὰρ
1118 2613 1228 2674 τοῖς
1265 2611 1362 2679 μὲν
1399 2611 1473 2674 ὡς
1513 2612 1814 2682 πικρότατα
1855 2612 2092 2681 φθεγγο-

437 2690 617 2760 μένοις
636 2692 695 2744 ού
730 2696 1034 2765 προσεῖχον,
1062 2699 1174 2760 τοῖς
1201 2697 1256 2750 δέ
1283 2697 1356 2760 ὡς
1383 2699 1835 2769 προσηνεστάτοις
1862 2699 1953 2752 καὶ
1975 2699 2093 2768 γλυο

434 2775 641 2848 κύτητα
674 2778 873 2851 πολλὴν
899 2780 1132 2851 ἔχουσιν,
1174 2782 1391 2853 ἔφησεν,
1424 2786 1503 2837 ὅτι
1531 2785 1838 2838 τούναντίον
1875 2786 1974 2855 μὲν
2003 2782 2095 2840 οὖν

433 2864 570 2916 ἐστι’
595 2863 727 2917 πολὺ
753 2865 861 2918 τῶν
889 2868 1180 2938 προφητῶν
1213 2870 1272 2922 τὸ
1307 2869 1447 2940 μέλι,
1482 2869 1648 2940 πολλὴ
1680 2871 1736 2923 δέ
1772 2871 1880 2924 τῶν
1906 2873 2096 2941 ψευδο-

432 2949 728 3021 προφητῶν
770 2953 803 3022 ή
849 2954 1056 3025 πικρία·
1102 2955 1243 3008 οὓτω
1284 2958 1376 3010 καὶ
1407 2958 1500 3010 ἐπὶ
1545 2956 1639 3010 τοῦ
1675 2958 1850 3026 φωτὸς
1880 2958 2096 3013 καὶτοῦ

435 3035 659 3101 σκότους
688 3037 778 3092 τὸν
802 3038 957 3109 λόγον
984 3044 1416 3113 μεταχειριστέον
1437 3045 1590 3114 ἡμῖν.
1620 3046 1681 3097 Ol
1713 3045 1810 3114 μὲν
1832 3044 1940 3116 γάρ
1960 3045 2096 3118 πρὸς

434 3123 532 3195 τὴν
568 3123 771 3195 πλάνην
798 3127 1025 3198 ήγαγον,
1060 3131 1109 3182 οἰ
1138 3130 1194 3183 δέ
1229 3131 1322 3184 καὶ
1357 3130 1490 3201 πρὸς
1519 3131 1616 3199 τὴν
1641 3130 1896 3196 ἀλήθειαν
1920 3134 2097 3203 ἐχειρσ

439 3207 701 3279 αγὼγουνο
746 3213 840 3266 καὶ
883 3215 932 3266 οἰ
964 3214 1062 3284 μὲν
1093 3214 1169 3285 τῷ
1199 3213 1345 3285 ζόφῳ
1372 3215 1470 3279 τῆς
1501 3216 1876 3287 αἰχμαλωσίας
1912 3235 2099 3289 μονον-

441 3296 554 3367 ουχὶ
576 3296 673 3361 τὰς
702 3300 887 3370 χεῖρας
913 3299 1171 3371 δήσαντες
1198 3302 1572 3372 παρεδίδοσαν,
1602 3305 1649 3356 οἰ
1679 3304 1734 3356 δέ
1761 3304 1906 3367 ὅπως
1935 3306 1991 3357 ἐν
2019 3304 2097 3375 τῷ

440 3383 578 3449 φωτί
609 3384 705 3454 τῆς
743 3385 1052 3458 ἐλευθερίας
1101 3388 1370 3456 ἀγάγωσι,
1408 3389 1583 3442 πάντα
1615 3389 1900 3458 ἔπραττον.
1943 3391 2098 3445 Ἐπεὶ

439 3463 529 3522 οὗν
576 3468 676 3533 τὰς
721 3472 965 3536 ἐναντίας
1003 3475 1130 3545 περ).
1162 3475 1364 3530 τούτων
1401 3475 1560 3542 δόξας
1599 3471 1744 3547 εἰχον
1784 3479 1876 3530 καὶ
1911 3478 2008 3541 τὰς
2034 3480 2094 3532 ού

438 3556 852 3626 προσηκούσας,
901 3558 1122 3623 εἰκότως
1173 3559 1369 3624 αὐτοὺς
1420 3561 1723 3633 διορθοῦται
1784 3562 1989 3631 λέγων·
2031 3565 2098 3617 Ol

435 3639 695 3707 τιθέντες
717 3643 782 3697 τὸ
808 3643 932 3712 φῶς
953 3647 1191 3713 σκότος,
1218 3648 1314 3701 καί
1349 3649 1414 3702 τὸ
1444 3650 1663 3716 σκότος
1693 3649 1839 3718 φῶς.
1866 3650 2010 3704 Οὐαί
2043 3653 2098 3705 ol

437 3726 680 3780 συνετοί
725 3728 794 3780 ἐν
829 3729 1080 3796 ἐαυτοῖς,
1125 3731 1223 3784 καί
1261 3731 1516 3786 ἐνώπιον
1540 3733 1738 3788 αὐτῶν
1775 3736 2100 3806 ἐπιστήμο-

437 3827 558 3877 νες.
581 3811 655 3865 Ού
696 3814 888 3885 μικρὸν
917 3816 1012 3869 καὶ
1044 3816 1202 3870 τοῦτο
1232 3817 1537 3889 ἐλάττωμα,
1589 3819 1650 3873 τὸ
1681 3823 1842 3889 σοφόν
1870 3840 1990 3875 τινα
2013 3839 2099 3875 νο-

441 3902 618 3973 μίζειν
653 3904 860 3968 ἑαυτὸν,
909 3907 1002 3960 καὶ
1036 3911 1149 3972 τοῖς
1193 3908 1382 3963 ἑαυτοῦ
1426 3908 1540 3982 [61]
1580 3909 1856 3980 λογισμοῖς
1897 3911 1959 3964 τὸ
1989 3913 2098 3965 πᾶν

438 3991 772 4062 ἐπιτρέπειν.
806 3995 914 4047 Kal
945 3995 1050 4067 γάρ
1078 3996 1322 4050 ἐντεῦθεν
1351 3999 1523 4050 ἐκεῖνο
1549 3997 1752 4067 γίνεται
1772 3998 1790 4070 [
1813 4011 1838 4039 ε
1865 3999 2006 4067 λέγω
2035 4000 2098 4072 δὴ

439 4078 502 4132 τὺ
521 4079 747 4146 φάσκειν
771 4081 832 4134 τὸ
856 4083 1088 4154 πονηρὸν
1111 4084 1295 4150 καλὸν,
1323 4085 1418 4138 καὶ
1445 4086 1506 4139 τὸ
1539 4086 1700 4140 καλὸν
1723 4086 1975 4158 πονηρὸν,
2003 4087 2099 4141 καὶ

439 4164 508 4217 τά
529 4165 698 4238 ἐξῆς].
725 4167 892 4221 Τοῦτο
916 4171 1008 4222 καὶ
1033 4171 1062 4223 ὁ
1085 4170 1295 4235 Παῦλος
1317 4175 1430 4237 τοῖς
1457 4172 1562 4237 ἔξω
1588 4173 1895 4242 φιλοσόφοις
1933 4175 2099 4242 ἐγκα-

440 4248 548 4304 λῶν
575 4251 777 4322 ἔλεγεν,
796 4255 876 4308 δτι
897 4254 1232 4322 Φάσκοντες
1255 4254 1405 4312 εἶναι
1421 4259 1621 4328 σοφοί,
1644 4259 2093 4329 ἐμωράνθησαν.

441 4338 552 4392 Kal
583 4340 610 4391 ὁ
641 4340 1008 4413 παροιμιώδης
1049 4342 1204 4411 λόγος
1248 4344 1407 4398 πάλιν
1446 4345 1629 4415 φησίνο
1663 4342 1844 4399 Εἶδον
1875 4347 2098 4415 ἅνθρω-

440 4439 560 4478 πον
604 4424 895 4482 δοκοῦντα
936 4425 1087 4482 εῖναι
1132 4429 1328 4498 σοφὸν
1358 4431 1494 4498 παρ’
1533 4429 1742 4497 ἐαυτῷο
1782 4432 1998 4485 ἐλπίδα
2031 4432 2099 4486 δὲ

440 4509 563 4578 ἔχει
579 4508 819 4579 μᾶλλον
848 4513 1049 4582 ἄφρων
1072 4516 1278 4571 αὐτοῦ.
1309 4516 1478 4570 Τοῦτο
1517 4517 1611 4570 καὶ⁵
1638 4517 1846 4581 Παῦλος
1879 4519 2099 4586 ἐγκαλεῖ

443 4597 604 4651 πάλιν
638 4597 827 4664 λέγων·
857 4600 952 4668 Μὴ
983 4603 1221 4671 γίνεσθε
1250 4605 1523 4673 φρόνιμοι
1557 4604 1692 4672 παρ’
1724 4604 1974 4670 ἑαυτοῖς*
2008 4605 2100 4658 καὶ

442 4681 622 4735 πάλινο
658 4684 732 4740 ΕΖ
763 4702 850 4751 τις
878 4685 1048 4740 δοκεῖ
1072 4689 1263 4758 σοφὸς
1289 4687 1440 4744 εῖναι
1466 4690 1537 4744 ἐν
1561 4689 1704 4758 ὑμῖν
1730 4691 1801 4744 ἐν
1828 4690 1910 4756 τῷ
1933 4691 2100 4745 αἰῶνι

440 4769 649 4836 τούτῳ,
677 4769 937 4838 γενέσθω
953 4775 1168 4842 μωρὸς,
1196 4777 1295 4829 ἵνα
1325 4775 1563 4846 γένηται
1586 4779 1797 4846 σοφός.
1824 4778 1916 4850 Μὴ
1938 4783 2002 4850 τῇ
2025 4780 2101 4831 οἰ-

443 4855 566 4927 κείᾳ
602 4856 780 4927 σοφίᾳ,
826 4859 979 4930 φησι,
1026 4861 1159 4931 μηδέ
1193 4864 1305 4924 τοῖς
1346 4863 1538 4916 ἐαυτοῦ
1582 4865 1921 4934 ἐπιτρεπέτω
1958 4864 2101 4933 λογι-

445 4945 597 5012 σμοῖς
627 4945 674 5008 δ,
708 4945 820 4998 ἀλλ’
849 4945 1085 5012 ἐκείνους
1110 4948 1466 5014 κατευνάσας,
1506 4952 1757 5005 ἐκδιδότω
1786 4953 1885 5022 τὴν
1925 4953 2101 5024 ψυχὴν

443 5031 508 5101 τῇ
537 5031 629 5085 τοῦ
660 5032 968 5103 Πνεύματος
999 5035 1330 5108 διδασκαλίᾳ.
1370 5038 1522 5090 Ἐπεὶ
1545 5034 1636 5092 οὖν
1664 5041 1755 5091 καὶ
1781 5039 1931 5109 παρά
1968 5041 2099 5093 Ἰου-

443 5115 610 5180 δαίοις
636 5119 861 5172 τοιοῦτοί
882 5139 1022 5185 τινες
1044 5119 1182 5193 ἦσαν
1217 5125 1588 5195 ὑπερορῶντες
1616 5127 1713 5194 μὲν
1744 5126 1852 5178 τῶν
1890 5145 2104 5198 προφη-

443 5203 551 5255 τῶν
578 5202 652 5266 ὼς
680 5205 947 5276 ποιμένων
977 5209 1067 5261 καὶ
1097 5211 1349 5274 αἰπόλων,
1380 5211 1688 5282 βουλόμενοι
1713 5212 1769 5265 δὲ
1792 5213 2101 5281 σοφίζεσθαι

445 5289 670 5354 οἴκοθεν,
701 5293 730 5346 δ
772 5295 864 5347 καὶ
903 5294 1157 5359 ἀπονοίας
1207 5299 1388 5362 αὐτοῖς
1433 5299 1686 5363 ὑπόθεσις
1739 5300 1963 5368 ἐγίνετο,
2008 5302 2102 5354 καὶ

445 5381 539 5434 τοῦ
576 5388 929 5454 καταφρονεῖν
956 5387 1064 5440 τῶν
1088 5388 1414 5458 λεγομένων,
1443 5389 1664 5452 εἰκότως
1688 5390 1884 5453 αὐτοὺς
1917 5392 2104 5461 θρηνεῖ

446 5467 639 5538 λέγων’
670 5471 812 5524 Οὐαί
848 5475 900 5525 οἰ
927 5475 1164 5528 συνετοί
1203 5475 1271 5527 ἐν
1306 5474 1559 5540 ἑαυτοῖς,
1588 5475 1684 5528 καί
1713 5476 1967 5530 ἐνώπιον
1998 5480 2103 5530 αὑ-

448 5555 566 5610 τῶν
612 5558 1027 5626 ἐπιστήμονες.
1075 5563 1217 5615 Οὐαὶ
1256 5567 1308 5617 οι
1349 5563 1662 5631 ἰσχύοντες
1695 5562 1878 5631 ὑμῶν,
1921 5567 1973 5616 οἰ
2000 5564 2104 5617 τὸν

442 5641 615 5701 οἶνον
668 5648 963 5714 πίνοντες,
1007 5650 1103 5702 καί
1149 5653 1201 5703 οἰ
1241 5651 1550 5716 δυνάσται,
1596 5655 1649 5706 ol
1687 5651 2003 5720 κιρνῶντες
2039 5657 2101 5709 τὸ

449 5734 688 5800 σίκερα.
707 5736 800 5806 Μὴ
828 5736 1128 5808 θαυμάσῃς,
1157 5739 1205 5789 εἰ
1232 5738 1335 5807 πρὸ
1368 5740 1561 5807 μικροῦ
1591 5741 1826 5794 τοσαῦτα
1847 5745 1985 5796 κατά
2017 5744 2104 5813 μὲ-

509 5821 534 5850 ⁶
559 5820 675 5888 Qua:
697 5823 881 5888 υειιείοίε
899 5823 1193 5888 εἰειιάυριυτ
1216 5823 1457 5888 desunle
1485 5826 1606 5888 Reg.
1632 5833 1684 5878 cl
1714 5827 1859 5878 Suvil.
1887 5828 1986 5879 Sed
2018 5831 2100 5880 ha-

447 5877 629 5931 bentur
647 5883 697 5929 in
733 5882 899 5933 Morel.
925 5885 1041 5932 elln
1071 5885 1297 5932 Bavarico
1320 5885 1507 5933 codice.

513 5943 540 5982 b
561 5942 682 6005 llcg.
719 5948 770 5992 cl
799 5943 944 5994 Savil.
982 5945 1236 6008 ἐπιτρέπων
1261 5946 1514 6007 λογισμοῖς,

2193 515 2292 585 θης
2311 515 2498 574 εἰπὼν.
2527 515 2688 567 πάλιν
2713 515 2806 568 τὸν
2825 513 2984 566 αύτδν
3003 511 3442 581 ἐπαναλαμδάνει
3469 510 3642 579 λόγον.
3683 511 3870 564 Ἐπει-

2192 603 2255 673 δὴ
2282 605 2390 673 γὰρ
2419 602 2653 672 χαλεπὸν
2688 601 2749 653 τὸ
2772 600 2928 663 ἐλκος
2954 600 3047 652 καὶ
3076 598 3354 654 δύσεικτον
3377 609 3425 663 ο,
3455 598 3540 652 διά
3571 598 3728 651 τοῦτο
3760 599 3866 650 καὶ

2193 689 2432 759 συνεχῶς
2464 687 2748 742 ἐπαντλεῖν
2782 687 2908 739 ἔδει.
2945 686 3195 739 Χαλεπὸν
3234 685 3288 738 δέ
3319 687 3411 738 καὶ
3437 684 3735 748 δύσεικτον,
3775 684 3865 754 τῷ

2194 776 2270 846 μὴ
2313 775 2486 830 δοκεῖν
2526 775 2676 845 παρά
2716 776 2828 837 τοῖς
2865 773 3078 836 πολλοῖς
3114 772 3416 843 ἁμάρτημα
3443 767 3601 837 εἰναι,
3634 773 3868 824 πάντων

2189 862 2600 932 ἁμαρτημάτων
2628 859 3000 931 χαλεπώτερον
3021 861 3099 923 δν,
3130 861 3224 912 καὶ
3249 860 3414 930 μυρία
3447 860 3736 930 βλαστάνον
3763 877 3862 912 νο-

2191 950 2432 1019 σήματα.
2488 948 2579 1001 Διό
2621 964 2802 1018 φησιν⁹
2856 949 2922 1000 Ol
2957 946 3066 1000 τὸν
3108 941 3277 1000 οῖνον
3321 945 3617 1013 πίνοντες,
3661 947 3760 1000 καί
3801 948 3867 1000 οι

2190 1035 2508 1100 δυνάσται,
2529 1037 2583 1088 οί
2603 1033 2918 1103 κιρνῶντες
2934 1033 3000 1087 τὸ
3027 1033 3258 1101 σίκερα.
3283 1033 3510 1096 Διπλοῦς
3536 1037 3564 1086 ό
3588 1035 3865 1105 κρημνὸς,

2190 1122 2442 1192 τυραννὶς
2465 1121 2654 1192 μέθης,
2689 1121 2782 1174 καὶ
2805 1119 3114 1183 δυναστείας
3139 1121 3240 1173 ὑπε
3251 1119 3432 1191 ρϐολή.
3457 1119 3594 1173 Πᾶσι
3629 1120 3725 1190 μὲν
3747 1121 3866 1189 γάρ

2191 1207 2499 1279 ἀνθρώποις
2522 1207 2782 1277 λογισμοῦ
2813 1206 2987 1278 χρεία,
3021 1207 3254 1278 μάλιστα
3280 1206 3336 1260 δέ
3365 1209 3474 1270 τοῖς
3501 1208 3558 1260 ἐν
3583 1205 3869 1276 ἀξιώμασι

2194 1296 2286 1348 καὶ
2303 1295 2638 1357 δυναστείαις
2669 1290 2838 1356 οὖσιν,
2864 1293 3007 1346 ὥστε
3037 1293 3132 1364 μὴ,
3167 1292 3415 1364 καθάπερ
3443 1294 3690 1346 ἀτάκτων
3725 1293 3868 1346 ύδά·

2191 1399 2300 1434 των
2337 1381 2484 1452 ῥύμῃ
2510 1382 2635 1447 τινὶ,
2665 1381 2743 1450 τῷ
2762 1383 2859 1450 τῆς
2887 1380 3059 1451 ἀρχῆς
3093 1380 3485 1450 ἐκφερομένους
3517 1379 3664 1449 ὄγκῳ
3697 1397 3874 1432 κατα-

2193 1471 2608 1542 κρημνίζεσθαι.
2651 1474 2718 1524 Ol
2751 1470 3121 1536 δικαιοῦντες
3158 1471 3264 1524 τὸν
3293 1471 3480 1540 ιίσεὸἦ
3507 1472 3716 1524 ἕνεκεν
3751 1470 3874 1524 δὼ-

2189 1576 2330 1626 ρων,
2361 1558 2459 1611 καί
2488 1560 2550 1613 τὸ
2584 1558 2818 1612 δίκαιον
2845 1557 2950 1612 τοῦ
2983 1557 3216 1611 δικαίου
3235 1559 3503 1625 αίροντες
3525 1559 3624 1613 ἀπ’
3646 1559 3872 1615 αὐτοῦ.

2194 1645 2424 1698 Διπλοῦν
2469 1646 2528 1698 τὸ
2580 1645 2829 1715 ἔγκλημα
2868 1643 3110 1698 πάλιντδ
3145 1644 3238 1697 τὸν
3283 1644 3576 1698 ὑπεύθυνον
3617 1648 3874 1713 ἀφιέναι,

2194 1732 2286 1785 καὶ
2308 1731 2396 1783 τὸν
2415 1731 2702 1784 ἀνεύθυνον
2727 1729 3127 1793 καταδικάζειν.
3149 1729 3438 1800 Ἐκατέρου
3469 1732 3684 1802 ἀμαρτή
3693 1749 3878 1801 ματος

2194 1819 2229 1887 ή
2261 1817 2385 1889 ῥίζα
2422 1818 2735 1889 δωροδοκία.
2781 1817 2884 1871 Διά
2923 1816 3098 1871 τοῦτο
3140 1817 3213 1871 ὃν
3240 1819 3460 1884 τρόπον
3498 1818 3876 1885 καυθήσεται

2194 1903 2428 1973 καλάμη
2472 1905 2591 1958 ὑπὸ
2635 1906 2928 1974 ἄνθρακος
2981 1903 3190 1972 πυρὸς,
3226 1905 3323 1957 καί
3377 1905 3878 1974 συγκαυθήσεται

2193 1991 2312 2046 ὑπὸ
2336 1992 2560 2060 φλογὸς
2587 1991 2954 2061 άνημμένης.
2984 1991 3059 2044 Τὸ
3084 1991 3180 2061 τῆς
3207 1993 3472 2060 τιμωρίας
3497 1993 3654 2062 ταχὺ,
3683 1993 3744 2045 τὸ
3773 1991 3880 2044 εὕρ

2195 2078 2350 2131 κολον
2369 2078 2467 2148 τῆς
2495 2076 2767 2142 κολάσεως
2796 2078 3112 2149 παρίστησι,
3137 2075 3224 2129 διὰ
3249 2075 3350 2146 τῆς
3375 2077 3573 2142 εἰκόνος
3601 2077 3701 2148 τὴν
3727 2095 3880 2132 παν-

2195 2162 2462 2235 ωλεθρίαν
2493 2163 2673 2218 αὐτῶν
2706 2165 2901 2235 δηλῶν.

2265 2253 2592 2322 η’.”Απαντα
2623 2251 2728 2322 γάρ
2767 2251 2938 2306 ταῦτα
2970 2253 3004 2323 ή
3033 2251 3163 2321 φλὸξ
3195 2253 3287 2306 καὶ
3315 2253 3365 2305 οἰ
3393 2251 3678 2323 ἄνθρακες,
3708 2253 3810 2304 καὶ
3839 2253 3879 2322 ή

2196 2336 2440 2406 καλάμη,
2471 2338 2565 2390 καί
2601 2337 2670 2390 τὰ
2694 2337 2816 2406 ἐξῆς
2843 2339 2972 2408 ἡμῖν
2997 2339 3396 2409 παρεδήλωσεν.
3436 2336 3638 2405 Ἠρίζα
3664 2336 3883 2390 αὐτῶν

2195 2426 2276 2489 ὡς
2311 2425 2499 2494 χνοῦς
2522 2427 2712 2490 ἔσται,
2749 2427 2846 2479 καί
2897 2426 2962 2479 τὸ
3003 2427 3184 2492 ἄνθος
3217 2425 3414 2479 αὐτῶν
3448 2427 3527 2492 ὡς
3558 2424 3882 2493 κονιορτὸς

2195 2513 2576 2582 ἀναϐήσεται.
2609 2513 2690 2566 Τά
2717 2513 2997 2583 πεπηγότα
3023 2513 3114 2566 καὶ
3133 2513 3202 2565 τά
3226 2513 3415 2582 βέϐαια
3446 2512 3743 2572 ἀπολεῖται,
3776 2513 3883 2564 καὶ

2195 2599 2575 2670 διαχυθήσεται
2607 2600 2675 2652 τά
2706 2599 2952 2670 λαμπρὰ,
2992 2601 3084 2653 καὶ
3121 2599 3191 2653 τά
3232 2599 3432 2671 φαιδρὰ
3463 2601 3737 2670 οἰχήσεται
3773 2600 3881 2652 και

2195 2686 2602 2758 διαρῤυήσεται.
2647 2687 2729 2740 Οὺ
2770 2687 2882 2755 γὰρ
2919 2686 3231 2754 ἠθέλησαν
3273 2687 3380 2740 τὸν
3426 2687 3610 2754 νόμον
3641 2686 3883 2752 Κυρίου

2197 2777 2438 2830 Σαϐαὼθ
2480 2777 2690 2840 ποιεῖν,
2738 2777 2898 2830 ἀλλὰ
2926 2775 2990 2830 τὸ
3014 2777 3222 2846 λόγιον
3258 2774 3365 2830 τοῦ
3392 2776 3562 2844 ἁγίου
3597 2774 3886 2842 παρώξυ-

2196 2880 2335 2920 ναν.
2393 2863 2586 2931 Λόγιον
2629 2864 2718 2915 τὸν
2769 2863 2929 2930 νόμον
2971 2862 3139 2930 λέγει.
3180 2863 3290 2916 Kal
3332 2863 3596 2931 ἐθυμώθη
3648 2866 3877 2930 Κύριος

2197 2950 2439 3006 Σαϐαὼθ
2467 2950 2612 3019 ὀργῇ
2651 2949 2751 3003 ἐπὶ
2784 2950 2890 3003 τὸν
2924 2952 3077 3003 λαὸν
3103 2950 3308 3003 αὐτοῦ’
3335 2950 3432 3003 καί
3468 2952 3719 3005 ἐπέϐαλε
3751 2951 3886 3018 τὴν

2197 3037 2363 3105 χεῖρα
2396 3036 2584 3091 αὑτοῦ
2615 3037 2708 3090 ἐπ’
2735 3035 2976 3102 αὐτοὺς,
3004 3035 3103 3093 καί
3137 3035 3435 3101 ἐπάταξεν
3473 3039 3710 3104 αὐτούς.
3747 3037 3887 3112 [62]

2196 3125 2306 3179 Kal
2333 3125 2688 3192 παρωξύνθη
2708 3123 2805 3176 ἐπὶ
2831 3125 2902 3176 τὰ
2929 3124 3059 3190 ὅρη,
3081 3123 3179 3176 καί
3196 3124 3431 3193 ἐγένετο
3452 3126 3522 3178 τὰ
3543 3127 3886 3194 θνησιμαῖα

2196 3210 2393 3266 αὐτῶν
2417 3211 2498 3275 ὠς
2516 3211 2730 3279 κοπρία
2757 3211 2826 3262 ἐν
2851 3210 3014 3278 μέσῳ
3037 3207 3202 3264 ὀδοῦ.
3227 3210 3332 3264 Καὶ
3363 3211 3432 3264 ὲν
3463 3210 3606 3264 πᾶσι
3633 3215 3887 3279 τούτοις

2196 3299 2307 3352 οὐκ
2340 3296 2690 3365 ἀπεστράφη
2725 3300 2758 3350 ό
2781 3297 2968 3368 θυμὸς
3009 3295 3216 3359 αὐτοῦ,
3240 3297 3377 3350 ἀλλ’
3401 3297 3489 3350 ἐτι
3531 3299 3569 3366 ἠ
3607 3298 3734 3366 χείρ
3771 3302 3889 3353 af:-

2197 3385 2305 3439 τοῦ
2336 3383 2568 3454 ὑψηλή.
2616 3384 2876 3438 Ἐνταῦθα
2899 3384 3129 3455 πόλεμον
3159 3383 3187 3424 ά
3217 3385 3506 3438 αἰνίττεται
3529 3384 3790 3455 χαλεπὸν,
3817 3387 3885 3452 ὃς

2197 3473 2318 3527 ούδέ
2339 3476 2480 3542 ταφῇ
2511 3491 2577 3527 τα
2608 3472 2834 3542 σώματα
2862 3474 3204 3544 συγχωρήσει
3238 3474 3626 3545 παραδοθῆναι,
3649 3477 3748 3545 ούχ
3789 3479 3885 3533 ἵνα

2198 3559 2396 3613 ἐκεῖνοι
2435 3560 2652 3612 κόλασιν
2677 3560 2859 3624 δῶσιν,
2883 3559 2999 3612 ἀλλ’
3025 3560 3111 3613 ῖνα
3157 3560 3206 3612 οἰ
3247 3559 3444 3624 ζῶντες
3477 3563 3534 3614 ἐν
3558 3564 3676 3624 ταῖς
3705 3563 3883 3618 ἀλλο-

2196 3646 2377 3716 τρίαις
2404 3647 2708 3716 συμφοραῖς
2740 3645 2838 3716 τῆς
2865 3645 3071 3708 οἰκείας
3105 3646 3516 3716 ἀποτέμνωνταί
3548 3664 3603 3700 τι
3643 3651 3882 3715 κακίας.

2198 3732 2308 3784 Kal
2335 3733 2436 3802 ὅρα
2464 3731 2582 3796 πῶς
2623 3731 3000 3803 χαλεπώτερον
3029 3731 3120 3784 τὸν
3155 3732 3310 3801 λόγον
3340 3734 3609 3804 ἐποίησεν.
3643 3737 3718 3789 Οὐ
3757 3741 3884 3811 γὰρ

2197 3816 2372 3882 εἰπεν,
2402 3821 2483 3873 ὃτι
2513 3821 2612 3872 οὐκ
2636 3820 2931 3890 ἐτάφησαν,
2964 3819 3079 3872 ἀλλ’
3111 3821 3193 3873 ὅτι
3229 3820 3433 3890 κόπρου
3465 3823 3644 3891 πάσης
3673 3824 3883 3895 ἀτιμό-

2197 3921 2355 3977 τερον
2385 3906 2704 3976 ἐρῤιμμένοι
2748 3902 2888 3976 ἦσαν
2923 3907 2971 3959 οἰ
3004 3906 3469 3976 τετελευτηκότες,
3521 3908 3548 3960 δ
3579 3912 3691 3972 τοῖς
3729 3912 3883 3975 ζῶσι

2201 3993 2629 4063 φρικωδέστερον
2670 3993 2923 4046 ἁπάντων
2966 3988 3104 4046 εἶναι
3142 3994 3308 4060 δοκεῖ,
3347 3995 3439 4047 καὶ
3473 3998 3570 4066 τῆς
3608 3999 3883 4068 τελευτῆς

2201 4080 2370 4149 αὐτῆς
2409 4079 2804 4150 χαλεπώτερον.
2841 4079 2950 4132 Kal
2973 4079 3034 4131 τὸ
3062 4079 3126 4150 δὴ
3158 4083 3360 4149 χεῖρον,
3395 4082 3474 4134 ὃτι
3508 4083 3626 4134 οὐδὲ
3658 4085 3883 4139 τούτων

2198 4169 2519 4239 γινομένων,
2538 4168 2723 4240 φησὶν,
2751 4167 3139 4239 ἐπιεικέστεροι
3159 4172 3462 4236 γεγόνασιν,
3478 4169 3610 4223 ἀλλά
3635 4175 3750 4233 τοῖς
3776 4175 3886 4226 αύ-

2197 4258 2310 4318 τοῖς
2362 4255 2727 4326 ἐπιμένουσιν.
2789 4253 2942 4307 Ἐπεὶ
2983 4250 3075 4308 οῦν
3113 4255 3264 4308 οὐδὲν
3311 4255 3548 4325 βελτίους
3595 4259 3880 4328 ἐγένοντο,

2199 4343 2411 4398 ἀπειλεῖ
2446 4343 2605 4395 πάλιν
2635 4343 2818 4405 αὐτοῖς
2845 4342 2942 4412 τὴν
2975 4342 3362 4412 χαλεπωτάτην
3391 4344 3600 4414 ἐκείνην
3625 4346 3883 4419 πληγὴν,

2200 4429 2296 4499 τὴν
2333 4429 2443 4481 τῶν
2479 4429 2787 4499 βαρῦάρων.
2820 4429 2911 4480 Διὸ
2943 4429 3036 4481 καὶ
3078 4429 3274 4496 ἐπάγει
3315 4429 3504 4497 λέγων’
3549 4433 3884 4499 Τοιγαροῦν

2200 4515 2332 4581 ἀρεῖ
2356 4516 2684 4581 σύσσημον
2719 4515 2788 4568 ἐν
2816 4515 2937 4579 τοῖς
2967 4515 3166 4569 ἐθνεσι
3195 4516 3319 4580 τοῖς
3347 4517 3600 4584 μακράν.
3637 4518 3760 4571 Ἵνα
3800 4523 3882 4595 μὴ

2198 4603 2296 4671 τῆς
2323 4601 2440 4654 ὁδοῦ
2473 4601 2533 4653 τὸ
2570 4601 2740 4670 μῆκος
2767 4602 2845 4664 εἰς
2879 4601 3151 4672 ῥᾳθυμίαν
3181 4604 3378 4666 αὐτοὺς
3407 4604 3668 4674 ἐμῦάλλῃ,
3703 4611 3885 4676 φησὶν

2200 4689 2280 4742 ὃτι
2306 4687 2446 4741 οὓτω
2480 4687 2556 4756 τῷ
2576 4687 2693 4757 Θεῷ
2726 4687 2905 4758 ῥᾴδιον
2929 4689 3155 4756 ἀγαγεῖν
3178 4689 3392 4752 αὐτοὺς,
3428 4689 3502 4754 ὡς
3528 4689 3603 4759 τῷ
3634 4692 3697 4743 τὸ
3738 4694 3882 4748 σύσο

2204 4793 2374 4844 σημον
2403 4775 2630 4843 αῖροντι,
2657 4775 2750 4826 καὶ
2774 4775 2898 4837 τοὺς
2924 4776 3468 4846 παρεσκευασμένους
3498 4779 3588 4831 καὶ
3615 4779 3883 4849 ἑτοίμους

2201 4865 2447 4931 ἐξάγοντι
2484 4862 2618 4932 πρὸς
2649 4861 2972 4932 παράταξιν,
3001 4863 3138 4933 ὅπερ
3165 4864 3257 4915 καὶ
3285 4864 3376 4916 ἐπί
3395 4863 3501 4916 τῶν
3527 4865 3707 4919 ἵππων
3729 4869 3885 4934 γίνεο

2199 4968 2288 5002 ται
2315 4950 2422 5003 τῶν
2448 4950 2871 5020 ἀμιλλητηρίων.
2906 4948 3070 5019 Ὁμοῦ
3111 4966 3168 5001 τε
3207 4949 3315 5017 γὰρ
3351 4951 3413 5003 τὸ
3447 4951 3712 5021 σύμϐολον
3771 4956 3882 5020 τῆς

2202 5038 2456 5105 ἀφέσεως.
2499 5038 2745 5106 αἴρεται,
2797 5037 3035 5088 κάκεῖνοι
3093 5035 3200 5088 τῶν
3262 5036 3520 5105 βαλϐίδων
3556 5039 3878 5107 ἐκπηδῶσιν

2201 5123 2420 5184 εὐθέως.
2455 5123 2557 5175 Δύο
2582 5123 2758 5174 τοίνυν
2799 5121 3030 5176 ἐνταῦθα
3061 5121 3092 5173 ὀ
3126 5125 3410 5194 προφήτης
3437 5125 3751 5189 αἰνίττεται,
3792 5128 3880 5182 ὅτι

2203 5213 2294 5264 καὶ
2321 5209 2538 5263 εῦκολον
2563 5210 2758 5271 αὐτοὺς
2784 5209 2973 5273 ἐλθεῖν,
3010 5210 3102 5263 τοῦ
3137 5210 3270 5262 Θεοῦ
3302 5209 3605 5274 καλοῦντος,
3634 5213 3730 5263 καί
3766 5215 3878 5266 πά-

2202 5299 2289 5350 λαι
2328 5298 2394 5350 ἂν
2417 5293 2596 5368 ἦλθον.
2629 5299 2677 5349 εἰ
2711 5296 2784 5365 μὴ
2819 5297 2850 5365 ἡ
2891 5295 3058 5367 πολλὴ
3084 5299 3333 5366 κατεῖχεν
3372 5297 3563 5358 αὐτοὺς
3592 5301 3880 5366 μακροθυ-

2209 5385 2323 5455 μία.
2354 5381 2484 5436 Εἷτα
2507 5387 2572 5453 τῇ
2600 5382 2921 5452 ἐπεξηγήσει
2953 5382 3168 5436 πλείονα
3201 5383 3300 5452 τὴν
3328 5381 3571 5434 εὐκολίαν
3603 5383 3880 5437 ἐνδείκνυ-

2203 5490 2293 5527 ται
2320 5472 2509 5540 λέγων·
2541 5471 2650 5526 Kal
2669 5470 2865 5538 συριεῖ
2885 5470 3104 5536 αὐτοὺς
3139 5469 3238 5523 ἀπ’
3263 5469 3448 5536 ἄκρου
3481 5467 3589 5536 τῆς
3617 5468 3754 5538 τῆς.
3782 5473 3885 5544 Μὴ

2268 5646 2289 5674 ο
2318 5643 2409 5690 Καὶ
2437 5640 2696 5689 δύσεικτον.
2731 5637 2878 5687 Putat
2927 5638 3134 5687 Alienus
3177 5635 3439 5696 ngendum
3473 5646 3583 5681 esse
3623 5635 3876 5686 δυσίατον,

2205 5706 2303 5754 Sed
2329 5706 2571 5750 δύσεικτον
2595 5700 2741 5748 etiam
2770 5700 2991 5758 quadrat,
3034 5707 3086 5746 et
3126 5695 3343 5757 alioQuiu
3365 5708 3472 5744 cum
3494 5695 3570 5742 bis
3591 5703 3878 5758 repetatur,

2207 5768 2480 5824 hincicc’irle
2505 5763 2818 5824 conﬁrmatur
2839 5761 3006 5824 lectio.
3029 5818 3041 5824 _
3194 5817 3223 5824 __
3276 5817 3290 5824 _
3317 5817 3326 5824 .
3574 5815 3586 5824 _
3659 5815 3670 5824 ,

2269 5825 2293 5862 ἀ
2319 5823 2373 5872 In
2397 5823 2500 5883 Reg
2533 5830 2593 5883 _el
2615 5822 2761 5868 Savil.
2789 5822 2992 5881 πόλεμον
3012 5818 3170 5866 deest.
3192 5817 3290 5883 Sqd
3315 5817 3556 5883 ἰριξτρτςπ
3574 5815 3726 5883 legit.‘
3747 5817 3875 5883 "lict

2210 5887 2333 5946 Reg.
2356 5891 2407 5931 et
2432 5876 2580 5946 Sivil.
2605 5885 2668 5946 ὡς
2700 5883 2807 5946 οὐδέ
2859 5876 3020 5946 minus
3047 5887 3200 5930 recte.
3243 5878 3299 5926 ιιι
3321 5876 3493 5928 iisdem
3514 5878 3636 5936 hac,
3681 5877 3774 5940 οὐχ
3799 5880 3883 5928 tua

2219 5942 2387 5998 ἐκεῖνοι
2421 5945 2615 5992 κόλασιν
2651 5943 2812 6002 δῶσιν,
2842 5942 3037 5991 dcsuut.
