4152 6458
294 388 363 442 0:")
1578 382 1642 437 ΙΝ
1682 381 1857 439 iSAlA

1973 384 2124 442 CAP.
2166 388 2228 447 ν.
3509 424 3581 478 66

296 488 421 541 haut
450 502 463 539 :
501 486 603 556 Qui
632 489 832 557 dicunt,
855 490 965 547 Cito
994 494 1399 565 appropinquent
1420 512 1534 565 quae
1561 500 1793 569 facturus
1816 512 1890 556 est

296 575 453 640 Deus,
480 592 534 631 ut
564 581 848 637 videamus.
878 582 929 636 Id
954 584 1095 652 quod
1125 594 1179 639 et
1203 586 1339 641 alius
1368 587 1622 656 prepheta
1650 591 1730 646 eis
1758 592 1887 647 vitio

293 672 450 724 vertit
478 670 696 726 dicens:
732 672 822 728 γω
840 675 1234 730 desiderantibus
1262 677 1392 731 diem
1422 677 1650 733 Domini.
1676 679 1744 735 Et
1764 684 1893 752 quid

293 762 431 814 vobis
461 762 565 815 lucc
596 762 703 816 dies
721 765 747 817 .9
777 762 842 817 Et
871 765 978 819 lucc
1002 775 1075 821 est
1099 768 1331 834 tenebrae,
1363 786 1466 823 non
1493 771 1617 836 lux,
1648 782 1695 826 et
1722 775 1886 845 caligo

292 868 394 903 non
442 853 628 905 habens
675 854 991 923 splendorem
1027 874 1174 910 suum
1208 857 1381 928 (Amos
1426 862 1480 916 5.
1513 862 1597 917 18.
1628 862 1757 934 20).
1788 865 1886 920 Et-

289 941 436 993 enim
481 941 555 995 illi
592 957 806 1012 quoque
850 944 1104 1000 increduli
1141 947 1386 1005 dicebant
1416 968 1431 1005 :
1462 951 1683 1019 Quando
1711 956 1887 1011 veniet

286 1032 406 1084 dies
431 1034 679 1101 supplicii
709 1044 764 1089 et
806 1034 1063 1091 ultionis?
1099 1037 1191 1092 20.
1236 1038 1322 1094 Vae
1351 1042 1435 1111 qui
1479 1043 1655 1097 dicunt
1694 1047 1883 1100 malum

287 1124 499 1191 bonum,
530 1136 575 1179 et
601 1128 782 1180 bonum
809 1129 1031 1196 malum;
1058 1131 1146 1200 qui
1169 1144 1360 1201 ponunt
1385 1134 1544 1190 lucem
1570 1138 1814 1205 tenebras,
1835 1149 1884 1194 et

286 1217 519 1270 tenebras
553 1218 748 1284 lucem;
773 1222 857 1288 qui
887 1232 1079 1290 ponunt
1107 1224 1254 1280 dulce
1280 1242 1512 1281 amarum
1532 1269 1546 1293 ,
1576 1238 1622 1283 et
1650 1246 1881 1286 amarum

286 1308 454 1360 dulce.
482 1308 712 1364 Rursum
733 1310 799 1366 de
818 1311 1003 1368 iisdem
1025 1313 1277 1385 loquitur.
1306 1317 1564 1384 Quoniam
1594 1322 1880 1392 prophetas

282 1399 628 1453 Contumeliis
658 1401 945 1456 onerabant
973 1413 1026 1458 et
1052 1404 1365 1475 deceptores
1391 1410 1651 1464 vocabant
1677 1430 1689 1465 :
1722 1428 1880 1482 pseu-

283 1488 648 1558 doprophetas
678 1508 805 1548 vero
836 1494 1186 1561 honorabant,
1214 1514 1499 1570 rerumque
1530 1503 1771 1560 ordinem
1798 1506 1878 1561 in-

280 1583 584 1649 vertebant,
609 1584 753 1653 ipsos
780 1587 1003 1641 miseros
1026 1588 1276 1656 praedicat
1305 1592 1375 1646 ob
1400 1605 1703 1664 corruptum
1728 1597 1875 1666 judi-

279 1674 447 1726 cium.
490 1674 609 1742 Vte,
644 1676 849 1745 inquit,
877 1680 963 1749 qui
990 1680 1163 1734 dicunt
1188 1686 1381 1737 malum
1405 1683 1593 1740 bonum
1614 1728 1630 1750 ,
1660 1688 1711 1742 id
1750 1700 1831 1744 est
1855 1730 1871 1755 ,

278 1764 847 1835 pseudoprophetiam,
876 1778 923 1823 et
947 1769 1132 1824 bonum
1160 1772 1370 1841 malum,
1402 1776 1765 1847 prophetiam;
1789 1781 1875 1849 qui

277 1866 478 1921 ponunt
515 1856 676 1912 lucem
711 1860 970 1928 tenebras,
1003 1873 1048 1915 et
1086 1863 1311 1918 tenebras
1340 1864 1535 1932 lucem;
1563 1870 1650 1939 qui
1676 1879 1872 1938 ponunt

276 1945 429 1997 dulce
456 1962 689 2001 amarum
713 1990 729 2016 ,
759 1960 802 2004 et
831 1967 1061 2006 amarum
1090 1954 1256 2011 dulce.
1284 1955 1507 2013 Etiamsi
1535 1961 1675 2014 enim
1703 1962 1871 2017 mole-

275 2044 357 2087 sta
384 2036 492 2090 sint
521 2038 699 2104 verba,
733 2040 922 2111 inquit,
954 2043 1048 2098 sed
1081 2044 1210 2099 nihil
1238 2044 1442 2101 dulcius
1462 2057 1545 2103 est
1570 2050 1870 2121 prophetis,

274 2126 364 2191 qui
391 2127 672 2183 verborum
696 2132 1215 2189 interminationibus
1241 2152 1417 2191 rerum
1437 2141 1868 2210 experimentum

274 2218 569 2286 depellunt.
604 2223 713 2277 Etsi
739 2224 911 2279 dulcia
937 2226 1043 2280 sint
1068 2227 1231 2283 verba
1260 2230 1865 2304 pseudoprophetarum,

272 2310 366 2361 sed
400 2309 531 2363 nihil
564 2310 667 2365 illis
694 2315 946 2381 amarius,
973 2318 1063 2386 qui
1090 2333 1185 2388 per
1207 2318 1429 2389 gratiam
1460 2324 1742 2380 verborum
1768 2327 1867 2381 mi-

272 2416 371 2454 nas
403 2402 455 2455 in
488 2418 598 2457 rem
629 2412 683 2457 et
707 2420 868 2473 opera
896 2419 1128 2464 vertunt.

346 2497 401 2549 7.
433 2497 510 2551 En
542 2498 815 2567 prephetze
841 2502 1173 2570 sapientiam,
1206 2506 1473 2575 quomodo
1498 2508 1713 2563 illorum
1743 2511 1863 2581 cpi-

270 2586 489 2640 nionem
519 2590 765 2643 invertat.
800 2590 931 2658 Quia
958 2594 1102 2647 enim
1123 2595 1227 2647 illis
1252 2605 1307 2648 ut
1334 2597 1605 2651 acerbiora
1636 2613 1861 2651 narran-

272 2678 415 2731 tibus
446 2693 552 2730 non
583 2679 968 2745 altendebant;
1007 2683 1087 2736 iliS
1124 2698 1278 2738 secus
1307 2694 1363 2738 ut
1399 2686 1694 2741 mitioribus
1721 2688 1861 2740 mul-

269 2778 488 2838 tamque
504 2769 839 2826 dulcedinem
862 2772 1259 2839 exltibentibus,
1282 2775 1432 2841 dixit,
1456 2793 1568 2833 rem
1591 2781 1861 2836 contrario

266 2873 329 2912 se
352 2859 552 2914 habere
577 2860 758 2926 modo,
783 2860 1109 2932 multamque
1136 2878 1254 2919 esse
1280 2867 1654 2935 prophetarum
1678 2868 1861 2924 dulce-

266 2948 451 3005 dinem
477 2990 494 3015 ,
526 2950 747 3005 multam
786 2952 1371 3023 pseudoprophetarum
1400 2959 1809 3015 amaritudinem
1842 2978 1855 3015 :

264 3041 345 3094 sic
367 3043 528 3096 etiam
554 3042 622 3097 de
647 3043 767 3099 luce
789 3053 842 3098 ct
860 3043 928 3099 de
953 3046 1185 3101 tenebris
1206 3062 1382 3103 sermo
1404 3049 1555 3104 nobis
1583 3050 1858 3107 habendus

263 3140 372 3184 cst.
398 3130 529 3185 Nam
556 3132 629 3187 illi
655 3134 721 3188 ad
743 3150 1000 3201 errorem,
1024 3136 1076 3189 hi
1097 3137 1161 3191 ad
1186 3140 1459 3194 veritatem
1486 3141 1853 3197 deducebant:

259 3233 315 3275 et
348 3222 425 3275 illi
455 3223 667 3292 quidem
693 3225 1011 3294 captivitatis
1040 3229 1248 3297 caligini
1281 3244 1469 3283 manus
1499 3230 1664 3285 ferme
1691 3232 1858 3301 ligan-

260 3324 347 3367 tcs
376 3314 693 3379 tradebant,
732 3316 783 3369 hi
813 3327 991 3371 autem
1034 3318 1161 3373 nihil
1194 3335 1298 3373 non
1329 3322 1590 3389 agebant,
1623 3337 1678 3376 ut
1708 3324 1756 3377 in
1788 3324 1852 3377 li-

261 3403 492 3459 bertatis
520 3404 688 3459 lucem
724 3406 1072 3463 adducerent.
1106 3409 1366 3477 Quoniam
1400 3428 1526 3480 ergo
1556 3413 1853 3482 oppositam

259 3505 315 3548 ct
350 3510 458 3547 non
491 3506 903 3550 consentaneam
943 3498 1011 3553 de
1052 3499 1179 3568 ipsis
1205 3502 1520 3555 sententiam
1551 3501 1851 3567 habebant,

259 3586 387 3656 jnrc
413 3585 534 3642 illos
559 3588 776 3657 corrigit
802 3588 985 3643 dicens
1018 3606 1034 3645 :
1069 3590 1171 3657 Qui
1194 3602 1385 3661 ponunt
1416 3592 1574 3645 lucem
1607 3594 1852 3658 tenebras,

259 3690 306 3733 et
349 3676 579 3731 tenebras
617 3680 801 3733 lucem.
841 3678 934 3733 21.
976 3678 1065 3735 ναν
1100 3682 1183 3749 qui
1210 3682 1538 3753 intelligentes
1575 3694 1689 3737 sunt
1718 3684 1856 3753 apud

258 3770 561 3837 semetipsos
584 3810 599 3835 ,
628 3781 676 3823 et
705 3787 877 3823 coram
901 3787 955 3825 se
991 3773 1217 3827 scientes.
1257 3773 1371 3827 Non
1414 3789 1640 3844 parvum
1671 3785 1723 3829 et
1755 3775 1855 3831 hoc

261 3857 454 3910 vitium
478 3897 493 3923 ,
523 3873 644 3911 cum
671 3860 931 3929 quispiam
954 3875 1013 3916 se
1041 3862 1333 3931 sapientem
1360 3873 1545 3931 putat,
1574 3874 1625 3919 et
1651 3867 1853 3935 cogita-

259 3950 503 4003 tionibus
522 3951 631 4004 suis
656 3951 834 4006 omnia
860 3952 1134 4022 permittit.
1169 3953 1300 4008 Nam
1332 3954 1457 4010 hinc
1486 3956 1612 4010 illud
1642 3958 1849 4025 oritur;

260 4040 521 4093 nimirum
558 4040 699 4109 quod
727 4041 908 4097 dicant
938 4043 1131 4097 malum
1162 4044 1357 4097 bonum
1383 4086 1397 4111 ,
1427 4054 1481 4099 et
1506 4046 1701 4101 bonum
1743 4064 1853 4101 ma-

262 4131 399 4191 lum,
419 4138 475 4183 et
497 4141 710 4185 cratera.
737 4131 849 4187 Hoc
869 4133 1029 4188 etiam
1051 4133 1244 4187 Paulus
1268 4136 1500 4189 externis
1521 4137 1854 4206 philosophis

258 4222 476 4276 crimini
511 4223 642 4277 dans
670 4225 915 4278 dicebat:
938 4223 1171 4279 Dicentes
1208 4242 1261 4279 se
1286 4228 1535 4295 sapientes
1563 4245 1686 4295 esse,
1714 4230 1854 4283 stulti

258 4314 392 4384 [acti
410 4324 525 4367 sunt
556 4314 730 4383 (Rom.
754 4316 803 4369 1.
821 4315 938 4382 22).
962 4315 1419 4387 Proverbialisque
1444 4334 1621 4373 sermo
1643 4335 1853 4374 rursum

258 4406 343 4460 sic
374 4404 530 4459 habet
552 4421 566 4459 :
605 4402 716 4457 Vidi
741 4405 1011 4470 hominem,
1030 4407 1114 4475 qui
1137 4406 1231 4459 sibi
1252 4408 1452 4477 sapiens
1478 4409 1734 4463 videbatur
1749 4427 1855 4464 esse

257 4498 403 4567 apud
426 4498 781 4563 semetipsum;
806 4499 1047 4566 majorem
1071 4515 1216 4565 quant
1240 4498 1328 4552 ille
1352 4515 1491 4568 spem
1508 4501 1651 4553 habet
1672 4501 1853 4555 stultus

258 4591 278 4659 (
290 4591 449 4643 Prov.
466 4589 557 4645 26.
579 4590 685 4661 12).
710 4589 822 4643 Hoc
838 4590 1009 4658 ipsum
1029 4590 1217 4643 iterum
1234 4590 1402 4659 arguit
1425 4591 1619 4645 Paulus
1636 4590 1717 4644 his
1744 4608 1851 4645 ver-

256 4680 344 4733 bis
370 4696 386 4733 :
413 4678 493 4731 Ne
512 4681 618 4733 sitis
644 4680 915 4749 prudentes
934 4680 1072 4747 apud
1091 4681 1413 4749 vosmetipsos
1438 4680 1712 4751 (RomJﬁ.
1736 4683 1847 4753 i6);

255 4785 322 4823 ac
342 4783 548 4822 rursum
572 4769 654 4822 :Si
673 4768 782 4835 quis
799 4770 851 4819 in
871 4772 1007 4820 vobis
1023 4768 1244 4819 videatur
1260 4769 1460 4837 sapiens
1477 4772 1643 4822 essein
1661 4772 1754 4822 hoc
1765 4786 1851 4824 ste-

254 4864 397 4924 culo,
415 4862 595 4914 stultus
608 4860 861 4928 ﬁat,utsit
877 4858 1137 4926 sapiens“
1152 4896 1165 4910 .
1190 4858 1304 4912 Cor.
1329 4860 1382 4912 5.
1402 4860 1515 4928 18).
1531 4860 1605 4913 Ne
1623 4862 1850 4929 propria:

256 4971 314 5009 sa
324 4951 558 5023 pientize,
573 4951 761 5020 inquit,
783 4965 955 5020 neque
970 4949 1375 5020 cogitationibus
1394 4949 1503 5005 suis
1517 4951 1659 5013 ﬁdat,
1678 4952 1769 5005 sed
1788 4951 1850 5005 il-

257 5048 342 5103 las
368 5044 684 5114 reprimens,
712 5042 943 5111 Spiritus
966 5041 1219 5097 doctrina:
1244 5041 1476 5095 animum
1500 5040 1690 5095 tradat.
1716 5042 1846 5108 Quia

254 5142 421 5209 igitur
438 5137 573 5205 apud
592 5135 803 5191 Judaros
823 5135 1035 5203 quidam
1056 5142 1207 5188 erant
1222 5132 1541 5203 hujusmodi,
1563 5133 1847 5203 prophetas

252 5227 787 5299 despicientes,quasi
806 5236 1041 5294 pastores
1055 5236 1106 5281 et
1119 5226 1759 5296 caprarios,volentesque
1775 5240 1861 5279 sa-

252 5325 467 5395 pientes
485 5322 535 5374 in
558 5318 861 5389 semetipsis
878 5316 1065 5382 videri,
1089 5317 1229 5387 quod
1253 5325 1362 5370 tum
1383 5315 1695 5403 arrogantia:
1718 5315 1845 5384 ipsis

250 5414 469 5467 occasio
496 5422 630 5477 erat,
655 5422 765 5465 tum
790 5416 849 5463 ut
869 5407 967 5461 sibi
986 5408 1121 5463 dicta
1143 5415 1565 5469 contenmerent,
1584 5406 1703 5475 jure
1727 5406 1845 5461 illos

250 5512 399 5572 luget
418 5504 631 5559 dicens:
658 5502 738 5558 Va:
752 5503 839 5572 qui
853 5500 1183 5570 intelligentes
1198 5510 1315 5555 sunt
1327 5502 1465 5571 apud
1474 5498 1783 5565 semetipsos,
1796 5506 1843 5549 et

247 5603 299 5655 in
322 5609 586 5665 conspectu
613 5614 706 5649 suo
727 5594 955 5649 scientes.
974 5592 1062 5644 22.
1081 5590 1168 5645 Va:
1189 5592 1274 5661 qui
1296 5593 1446 5662 {artes
1461 5599 1575 5643 sunt
1591 5591 1715 5641 inter
1732 5604 1836 5654 vos,

240 5695 331 5764 qui
358 5692 519 5743 virium
540 5691 736 5753 bibunt,
759 5688 843 5755 qui
871 5694 1089 5755 potentes
1109 5693 1245 5750 sunt,
1267 5684 1353 5754 qui
1377 5683 1583 5736 miscent
1607 5683 1835 5735 siceram.

229 5787 317 5842 Ne
342 5782 549 5839 mireris
572 5784 615 5838 si
634 5796 759 5839 cum
782 5780 939 5848 paulo
960 5787 1237 5833 antetanta
1260 5777 1451 5832 dixerit
1468 5786 1648 5833 contra
1666 5776 1837 5833 ebrie-

1999 513 2182 572 tatem,
2206 520 2390 564 rursus
2409 511 2655 568 eumdem
2683 527 2916 574 resumat
2935 533 3259 582 sermonem.
3282 525 3415 593 Quia
3436 530 3584 585 enim

1993 610 2155 666 grave
2194 600 2345 655 ulcus
2369 611 2485 656 erat
2507 644 2523 669 ,
2556 620 2655 660 nec
2681 608 2940 676 cedebat,
2970 611 3091 666 ideo
3119 613 3245 667 illud
3277 616 3586 686 frequenter

1993 687 2301 761 abstergere
2329 695 2631 762 oportebat.
2672 697 2845 753 Grave
2878 709 2931 754 et
2973 713 3159 757 curatu
3203 705 3419 761 difﬁcile
3450 708 3580 763 illud

1991 787 2106 844 est,
2137 794 2259 835 cum
2288 782 2340 836 id
2368 784 2509 853 quod
2534 786 2714 841 multis
2740 789 2951 845 videtur
2978 808 3082 846 non
3113 808 3234 849 esse
3265 805 3539 863 peccatum
3563 840 3580 864 ,

1989 870 2359 938 gravissimum
2402 882 2577 930 tamen
2633 880 2869 934 omnium
2926 892 3008 938 est
3054 896 3332 953 peccatum
3362 929 3378 952 ,
3433 888 3578 957 quod

1989 970 2271 1017 sexcentos
2301 962 2574 1033 ingeneret
2604 968 2837 1023 morbos.
2870 971 2994 1026 Ideo
3018 975 3094 1027 ait
3123 992 3138 1028 :
3172 974 3271 1041 Qui
3301 977 3470 1029 vinum
3498 979 3578 1030 bi-

1988 1050 2111 1107 bunt
2132 1096 2146 1120 ,
2177 1065 2224 1109 et
2248 1066 2472 1126 potentes
2495 1099 2509 1124 ,
2537 1060 2623 1130 qui
2650 1061 2857 1115 miscent
2886 1063 3119 1117 siceram.
3153 1066 3355 1136 Duplex
3387 1070 3576 1137 pra-ci-

1986 1144 2207 1213 pitium,
2238 1149 2475 1219 tyrannis
2512 1150 2819 1219 ebrietatis,
2860 1162 2914 1207 et
2952 1156 3201 1222 potentiae
3240 1160 3577 1227 magnitudo.

1986 1234 2243 1290 Omnibus
2271 1238 2465 1308 quippe
2494 1238 2798 1296 hominibus
2834 1243 3114 1299 ratiocinio
3142 1256 3225 1301 est
3249 1261 3382 1318 opus
3404 1287 3423 1314 ,
3454 1266 3573 1305 ma-

1984 1326 2128 1380 xime
2158 1342 2285 1382 vero
2312 1328 2375 1383 iis
2399 1329 2487 1398 qui
2517 1329 2570 1383 in
2595 1330 2853 1401 dignitate
2876 1342 2930 1388 et
2960 1334 3010 1387 in
3042 1336 3274 1404 potentia
3308 1348 3432 1392 sunt
3453 1378 3468 1405 ,
3499 1355 3572 1395 ne

1984 1417 2310 1487 principatus
2333 1430 2560 1487 tumore,
2586 1436 2684 1475 ceu
2712 1423 3078 1479 inundantium
3095 1441 3350 1496 aquarum
3371 1430 3575 1499 impetu

1981 1508 2282 1577 praecipites
2308 1519 2548 1579 agantur.
2571 1512 2661 1566 25.
2697 1513 2796 1579 Qui
2812 1516 3099 1585 justiﬁcant
3123 1518 3335 1588 impium
3362 1531 3572 1589 propter

1980 1614 2206 1665 munera,
2237 1610 2284 1653 et
2302 1602 2395 1671 jus
2409 1602 2537 1671 justi
2564 1604 2745 1657 tollunt
2772 1606 2836 1657 ab
2866 1606 2976 1659 illo.
3009 1606 3214 1676 Duplex
3246 1625 3431 1664 rursus
3459 1613 3567 1666 cri-

1976 1704 2099 1745 men
2130 1691 2321 1759 offert,
2344 1694 2484 1764 quod
2522 1710 2671 1749 reum
2699 1695 2964 1751 dimittant
2984 1740 2999 1767 ,
3028 1707 3081 1753 et
3109 1700 3251 1769 quod
3280 1702 3565 1760 innoxium

1977 1780 2355 1837 condenment.
2402 1783 2689 1855 Utriusque
2734 1788 2937 1856 peccati
2980 1789 3131 1844 radix
3175 1800 3300 1846 sunt
3343 1806 3568 1864 accepta

1975 1886 2216 1928 munera.
2245 1876 2335 1931 24.
2365 1876 2492 1932 Ideo
2518 1880 2940 1950 quemadmodum
2963 1885 3292 1938 succendetur
3318 1888 3508 1957 stipula
3531 1907 3571 1943 α

1973 1966 2190 2022 carbone
2212 1968 2363 2039 ignis,
2392 1980 2438 2025 et
2462 1972 2789 2026 succendetur
2809 1990 2841 2026 a
2866 1976 3077 2045 flamma
3101 1993 3331 2031 accensa.
3359 1978 3567 2035 Celeri-

1975 2066 2133 2112 tatem
2153 2059 2366 2116 ultionis
2380 2072 2433 2117 et
2452 2061 2757 2119 facilitatem
2781 2067 3023 2122 sumendi
3048 2069 3293 2137 supplicii
3320 2071 3557 2140 exhibet,

1972 2159 2266 2205 extremam
2292 2152 2502 2208 illorum
2524 2155 2811 2224 perniciem
2843 2158 3073 2228 imagine
3099 2160 3429 2228 exprimens.

2042 2241 2095 2296 8.
2138 2242 2261 2298 Haec
2287 2244 2481 2314 quippe
2500 2250 2677 2300 omnia
2701 2248 2935 2314 ﬂamma,
2965 2249 3245 2319 carbones,
3277 2254 3469 2323 stipula
3503 2264 3560 2311 et

1971 2346 2089 2401 quae
2134 2346 2428 2404 sequuntur
2467 2338 2621 2393 nobis
2662 2340 2915 2396 indicant.
2965 2342 3139 2397 Radix
3190 2362 3362 2398 eorum
3411 2350 3559 2412 quasi

1968 2426 2132 2494 pulvis
2160 2429 2281 2493 erit,
2329 2438 2377 2482 et
2416 2430 2512 2499 ﬂos
2541 2447 2711 2485 eorum
2743 2434 2886 2499 quasi
2930 2436 3094 2503 pulvis
3135 2438 3389 2490 ascendet.
3426 2439 3557 2504 Qum

1968 2513 2071 2568 ﬁxa
2101 2526 2224 2570 sunt
2253 2527 2307 2572 et
2334 2519 2481 2572 ﬁrma
2509 2521 2773 2587 peribunt,
2806 2538 2924 2589 qua:
2950 2525 3226 2591 splendida
3276 2527 3560 2585 effunden-

1967 2614 2071 2670 tur,
2100 2623 2219 2677 quae
2246 2610 2367 2665 lmta
2402 2611 2624 2666 abibunt
2652 2623 2706 2667 et
2748 2613 3010 2670 difﬁuent.
3056 2616 3177 2670 Non
3219 2621 3350 2673 enim
3380 2624 3556 2677 volue-

1963 2706 2081 2750 runt
2111 2699 2265 2770 legem
2296 2701 2501 2755 Domini
2525 2704 2751 2758 Sabaoth
2782 2709 2969 2776 facere,
3002 2710 3091 2760 sed
3112 2708 3367 2773 eloquium
3394 2717 3556 2769 sancti

1964 2800 2407 2858 exasperaverunt.
2441 2792 2723 2862 Eloquium
2746 2805 2902 2849 vocat
2939 2796 3132 2866 legem.
3160 2798 3248 2854 25.
3288 2799 3357 2853 Et
3395 2803 3555 2857 iratus

1963 2889 2034 2934 est
2053 2884 2225 2952 furore
2246 2881 2494 2937 Dominus
2518 2884 2746 2938 Sabaoth
2776 2886 2825 2940 in
2861 2888 3106 2956 populant
3127 2906 3273 2943 suum
3305 2906 3325 2945 .'
3345 2903 3391 2945 et
3416 2891 3553 2965 inje-

1962 2975 2027 3027 cit
2056 2992 2259 3029 manum
2287 2992 2427 3029 suam
2449 2978 2501 3030 in
2522 2994 2625 3043 eos,
2658 2989 2703 3032 et
2744 2982 2986 3049 percussit
3006 2997 3105 3035 eos.
3141 2980 3203 3034 Et
3230 2986 3553 3039 exacerbatus

1961 3074 2035 3118 est
2070 3066 2311 3120 adversus
2361 3078 2588 3134 montes,
2635 3078 2683 3123 et
2716 3071 2853 3138 facta
2899 3080 3019 3124 sunt
3072 3074 3340 3125 morticina
3378 3091 3552 3128 eorum

1958 3156 2103 3222 quasi
2126 3166 2316 3208 stercus
2355 3157 2406 3209 in
2434 3157 2596 3209 medio
2639 3159 2751 3211 vite.
2786 3158 2857 3211 Et
2896 3160 2949 3212 in
2988 3161 3218 3213 omnibus
3247 3163 3325 3213 liis
3351 3179 3451 3215 non
3474 3175 3548 3217 est

1958 3261 2159 3299 aversus
2189 3247 2331 3315 furor
2357 3248 2471 3319 ejus
2502 3249 2629 3301 :sed
2646 3249 2816 3302 adhuc
2839 3266 3020 3304 manus
3045 3251 3156 3322 ejus
3170 3253 3387 3306 excelsa.
3436 3255 3547 3311 lloc

1959 3338 2077 3392 loco
2120 3340 2315 3394 bellum
2362 3356 2523 3410 grave
2554 3342 2570 3373 ¹
2597 3342 2917 3408 subindicat,
2965 3343 3016 3396 in
3061 3360 3166 3413 quo
3210 3361 3277 3399 nc
3323 3362 3548 3415 corpora

1957 3430 2169 3499 quidem
2214 3430 2426 3500 sepeliri
2473 3441 2739 3500 poterunt,
2774 3448 2881 3487 non
2919 3441 2978 3487 ut
3021 3434 3095 3489 illi
3127 3450 3311 3503 poenas
3343 3437 3471 3491 dent
3500 3440 3545 3506 ',

1958 3521 2052 3575 scd
2081 3530 2134 3575 ut
2157 3522 2244 3592 qui
2272 3522 2450 3577 vivent
2478 3523 2666 3578 alienis
2687 3524 2841 3581 malis
2879 3524 3093 3581 abducti
3122 3526 3321 3597 aliquid
3348 3528 3544 3584 saltem

1958 3613 2025 3667 de
2052 3614 2287 3682 nequitia
2340 3614 2633 3669 succidant.
2676 3618 2755 3670 Ac
2780 3614 2903 3671 vide
2929 3617 3198 3687 quomodo
3220 3620 3543 3674 atrociorem

1959 3704 2249 3760 reddiderit
2278 3707 2736 3763 sermonem.l\'on
2780 3709 2923 3763 enim
2964 3709 3123 3774 dixit,
3153 3726 3257 3764 non
3304 3714 3544 3781 sepultos

1958 3798 2143 3863 fuisse,
2173 3799 2266 3853 sed
2290 3798 2549 3854 cadavera
2577 3799 2893 3869 abjectiora,
2922 3816 3079 3870 quam
3107 3812 3318 3856 stercus
3346 3804 3543 3871 ipsum,

1958 3889 2118 3944 modo
2141 3891 2375 3959 projecta
2417 3905 2537 3945 esse
2563 3909 2579 3945 :
2604 3890 2743 3961 quod
2773 3892 3073 3947 viventibus
3099 3893 3337 3946 omnium
3371 3896 3544 3950 horri-

1959 3982 2273 4036 bilissimum
2322 3996 2442 4037 esse
2496 3982 2737 4048 videtur,
2787 3992 2843 4036 et
2888 3983 3002 4051 ipsa
3052 3993 3224 4037 morte
3275 3986 3543 4041 acerbius.

1956 4073 2108 4138 Quod
2136 4089 2259 4127 vero
2284 4074 2434 4142 pejus
2456 4080 2554 4136 est,
2577 4088 2643 4127 ne
2662 4072 2742 4127 his
2772 4073 2987 4144 quidem
3017 4075 3086 4127 ita
3114 4088 3176 4129 se
3202 4072 3543 4144 habentibus,

1958 4164 2147 4235 inquit,
2176 4167 2562 4220 moderatiores
2593 4166 2719 4220 facti
2743 4174 2898 4232 sunt;
2937 4166 3032 4221 sed
3066 4167 3117 4219 in
3148 4167 3337 4221 iisdem
3370 4169 3543 4237 persi.

1956 4267 2122 4313 stunt.
2152 4259 2283 4326 Quia
2312 4259 2471 4327 igitur
2515 4272 2621 4312 non
2665 4258 2915 4313 meliores
2940 4267 3258 4324 evaserunt,
3308 4260 3547 4314 minatur

1956 4369 2167 4407 rursum
2212 4353 2312 4407 illis
2342 4352 2710 4424 gravissimam
2740 4352 2883 4405 illam
2917 4351 3269 4405 barbarorum
3310 4351 3541 4418 plagam.

1956 4443 2312 4510 Quamobrem
2342 4443 2512 4512 pergit
2533 4443 2717 4495 dicens
2746 4458 2761 4493 :
2791 4440 2882 4494 26.
2910 4439 3081 4508 Igitur
3113 4439 3299 4492 levabit
3339 4438 3543 4508 signum

1954 4537 2007 4589 in
2033 4534 2318 4588 nationibus
2347 4532 2542 4602 procul.
2584 4530 2662 4584 Ne
2698 4530 2798 4582 viae
2835 4528 3111 4597 longitudo
3153 4528 3205 4580 in
3256 4530 3541 4597 segnitiem

1956 4626 2075 4681 illos
2103 4624 2366 4692 conjiciat,
2395 4621 2467 4673 ait
2486 4622 2553 4673 ita
2581 4618 2737 4673 facile
2765 4632 2921 4687 posse
2939 4619 3100 4673 Deum
3128 4618 3540 4686 illosinducere,

1955 4729 2013 4772 ut
2043 4718 2195 4771 facile
2227 4724 2307 4769 est
2333 4716 2508 4767 levare
2536 4712 2767 4782 signum,
2798 4720 2852 4766 et
2879 4725 2972 4765 eos
2992 4710 3084 4781 qui
3113 4709 3354 4765 adornati
3384 4727 3539 4781 para-

1956 4812 2097 4879 tique
2125 4817 2248 4862 sunt
2278 4806 2505 4861 educere
2533 4806 2584 4859 in
2613 4806 2809 4869 aciem,
2837 4802 2980 4873 quod
3008 4805 3189 4873 utique
3217 4803 3276 4858 ﬁt
3302 4804 3352 4858 in
3385 4806 3533 4873 equis

1951 4904 2017 4957 ad
2042 4901 2353 4959 certandum
2382 4898 2679 4953 instructis.
2730 4896 2899 4953 Simul
2946 4898 3088 4950 enim
3134 4905 3294 4963 atque
3323 4897 3536 4964 signum

1951 4992 2253 5049 emissionis
2278 4992 2329 5046 in
2360 4989 2589 5043 sublime
2635 4987 2886 5057 erigitur,
2911 5001 2976 5039 ex
3003 4984 3309 5038 carceribus
3356 4986 3539 5040 confe-

1951 5087 2073 5141 stim
2106 5085 2177 5139 illi
2208 5082 2477 5139 exsiliunt.
2504 5078 2764 5147 Propheta
2796 5078 2953 5145 igitur
2981 5075 3087 5128 duo
3107 5074 3191 5127 hic
3214 5074 3533 5143 subindicat,

1951 5179 2105 5233 facile
2132 5191 2322 5244 nempe
2346 5189 2464 5228 esse
2486 5188 2578 5227 cos
2604 5168 2861 5223 accedere
2902 5167 3009 5220 Deo
3054 5175 3300 5233 vocante,
3328 5176 3383 5221 ct
3427 5168 3535 5237 jam

1950 5271 2078 5324 olim
2106 5281 2357 5323 venturos
2401 5264 2584 5326 fuisse,
2640 5259 2739 5313 nisi
2776 5274 2868 5312 eos
2915 5258 3099 5325 ingens
3141 5258 3235 5312 Dei
3286 5260 3533 5325 patientia

1950 5360 2281 5415 detinuisset.
2312 5352 2512 5409 Deinde
2550 5351 2687 5403 inter
2718 5347 3044 5403 narrandum
3090 5348 3346 5417 majorem
3384 5351 3531 5404 exhi-

1948 5454 2037 5506 bct
2076 5450 2377 5504 facilitatem
2422 5444 2602 5497 dicens
2632 5460 2646 5494 :
2674 5438 2746 5493 Et
2792 5440 3007 5493 sibilavit
3078 5457 3161 5495 eos
3199 5443 3260 5495 ab
3301 5455 3526 5498 extremo

1950 5556 2112 5597 terraz.
2142 5540 2219 5594 Ne
2246 5536 2453 5591 mireris
2479 5544 2656 5589 autem
2686 5529 2754 5587 de
2783 5532 2892 5586 Deo
2931 5532 3233 5604 loquentem
3267 5533 3338 5585 ita
3382 5550 3531 5589 cras-

2010 5656 2027 5687 ¹
2063 5654 2116 5701 In
2142 5661 2256 5715 Reg.
2284 5655 2335 5699 et
2364 5648 2505 5700 Savil.
2538 5646 2738 5710 legitur,
2772 5645 2957 5709 aliquid
2989 5656 3152 5708 grave,
3201 5656 3305 5704 pro,
3359 5640 3531 5692 bellum

1944 5729 2187 5840 argvfticc,
2209 5788 2299 5825 non
2322 5780 2369 5824 ut
2392 5772 2463 5825 illi
2485 5785 2650 5833 partas
2678 5776 2806 5835 dent,
2831 5771 3007 5821 desunt
3038 5767 3086 5815 in
3112 5772 3227 5825 Reg.
3250 5769 3301 5813 et
3340 5767 3491 5817 Savil.
