4152 6464
639 421 710 478 67
1339 399 1398 454 3.
1435 395 1710 455 JOANNIS
1745 385 2213 448 CllRYSOSTOMl
2253 386 2563 442 ARCHILP.
2605 389 3134 448 CONSTANTINOP.
3816 413 3888 464 (53

640 520 862 578 sissimis
889 520 964 575 uti
993 518 1172 574 verbis
1205 532 1218 569 :
1250 530 1372 569 nam
1403 510 1696 568 secundum
1731 504 2203 574 insipientiatmau-

639 611 869 663 (litorum
906 609 1067 663 verba
1092 611 1429 673 attemperat,
1463 615 1625 654 unum
1654 598 1734 651 his
1754 594 2000 649 omnibus
2036 591 2213 645 decla—

641 714 761 754 rare
786 698 994 764 volens,
1017 696 1069 751 id
1092 709 1282 762 nempe
1309 695 1419 747 Deo
1439 690 1594 745 facile
1621 702 1760 752 esse,
1779 695 1829 739 et
1859 699 1970 738 rem
1995 696 2211 751 prorsus

642 797 989 852 eventuram;
1023 786 1144 841 ideo
1168 784 1440 852 subiunxit
1471 799 1484 835 :
1513 781 1582 834 Et
1609 795 1718 832 ecce
1744 781 1839 829 cito
1866 776 2095 828 velociter
2128 789 2210 825 ue-

642 877 906 931 nient.27.
938 875 1060 929 Non
1110 875 1347 936 esurient,
1387 887 1543 940 neque
1569 865 1880 929 laborabunt,
1911 879 2065 932 neque
2096 863 2214 915 dor-

643 970 907 1022 mitabunt.
934 967 1059 1022 Haec
1087 963 1426 1036 hyperbolice
1444 969 1565 1015 sunt
1592 959 1750 1012 dicta.
1772 955 2049 1022 Quomodo
2070 954 2211 1007 enim

643 1058 756 1112 fieri
787 1065 998 1126 poterat
1035 1064 1096 1110 ut
1143 1068 1313 1124 neque
1355 1052 1637 1112 esurirent,
1686 1061 1857 1116 neque
1897 1043 2209 1104 dormirent,

643 1149 890 1205 homines
909 1162 1032 1203 cum
1060 1153 1239 1201 essent
1261 1184 1277 1210 ,
1321 1153 1765 1207 communemque
1809 1145 2007 1191 naturae
2032 1132 2215 1188 condi-

645 1240 844 1295 tionem
895 1237 1068 1293 sortiti
1120 1233 1335 1290 essent?
1385 1231 1487 1286 Sed
1541 1229 1874 1284 velocitatem
1926 1225 2209 1290 exercitus,

644 1329 974 1395 facilitatem,
995 1326 1340 1386 celeritatem,
1369 1330 1429 1377 ut
1448 1321 1556 1391 jam
1577 1320 1704 1384 dixi,
1731 1318 1814 1372 his
1848 1317 2091 1372 omnibus
2120 1314 2214 1370 de-

645 1429 931 1477 monstrat.
979 1417 1158 1488 Neque
1193 1417 1381 1471 solvent
1413 1430 1568 1468 sonas
1611 1427 1731 1466 suas
1762 1428 1794 1463 a
1827 1410 2004 1463 lumbis
2035 1407 2139 1461 suis
2169 1407 2209 1472 ¹,

647 1527 802 1581 neque
848 1510 1220 1577 disrumpentur
1271 1505 1500 1575 corrigite
1537 1502 1980 1556 calceamentorum
2020 1512 2208 1552 eorum.

645 1599 737 1655 9.8.
764 1599 989 1665 Quorum
1007 1597 1203 1667 sagitta:
1227 1604 1390 1649 acuta:
1413 1603 1547 1658 sunt,
1565 1601 1612 1646 et
1635 1607 1782 1645 arcus
1809 1605 1981 1643 eorum
2005 1587 2212 1642 extenti.

651 1690 817 1745 Pedes
845 1702 1084 1757 equorum
1133 1701 1305 1740 eorum
1333 1693 1389 1738 ut
1431 1683 1594 1738 solida
1632 1690 1773 1750 petra
1810 1679 2028 1748 reputati
2062 1688 2213 1744 sunt,

645 1789 772 1834 rotat
794 1793 1031 1832 curruum
1066 1791 1237 1831 eorum
1271 1783 1327 1827 ut
1359 1773 1608 1842 procella.
1635 1770 1723 1828 29.
1753 1770 1953 1839 Impetu
1990 1770 2216 1838 feruntur

647 1881 705 1926 ut
728 1873 914 1936 leones,
940 1878 988 1923 et
1015 1867 1312 1922 adsuta-unt
1334 1876 1387 1918 ut
1411 1864 1565 1918 catuli
1588 1863 1807 1917 leonum.
1840 1861 1907 1914 Et
1938 1863 2217 1930 apprehen-

649 1962 754 2029 det,
779 1970 827 2015 et
853 1958 1089 2015 clamabit
1123 1957 1268 2028 quasi
1303 1956 1432 2025 fera,
1463 1965 1510 2009 et
1551 1955 1748 2024 ejiciet;
1784 1962 1831 2007 et
1866 1969 1967 2007 non
2004 1953 2096 2006 erit
2131 1952 2218 2020 qui

648 2051 820 2106 liberet
848 2065 950 2104 eos.
978 2048 1068 2104 30.
1099 2047 1168 2102 Et
1181 2047 1415 2101 clamabit
1444 2054 1650 2114 propter
1676 2060 1758 2098 eos
1781 2045 1834 2097 in
1853 2043 1933 2096 die
1956 2044 2066 2110 illa,
2089 2042 2218 2096 sicut

648 2158 745 2197 eoa:
762 2142 914 2198 maris
936 2139 1208 2196 tenuantis.
1236 2137 1305 2192 Et
1327 2137 1566 2208 aspicient
1587 2136 1640 2189 in
1659 2136 1834 2189 caelum
1856 2150 2073 2200 sursum,
2101 2142 2146 2186 et
2166 2134 2218 2186 in

649 2243 837 2286 terram
864 2231 1099 2285 deorsum
1127 2245 1147 2284 :
1175 2237 1222 2282 et
1248 2245 1359 2283 ecce
1378 2227 1590 2280 tenebrtz
1618 2226 1781 2290 dum,
1813 2224 2024 2278 tenebrte
2048 2225 2099 2276 in
2120 2240 2217 2276 an-

650 2322 816 2391 gustia
839 2337 1030 2374 eorum.
1064 2319 1220 2374 Hisce
1248 2318 1493 2372 omnibus
1514 2329 1814 2371 sermonem
1844 2315 2214 2384 amplilicavit,

650 2423 707 2468 et
745 2416 988 2467 timorem
1034 2412 1200 2478 auxit,
1233 2411 1532 2464 minutatim
1579 2409 1784 2478 singula
1831 2423 2105 2475 enarrans,
2152 2408 2218 2463 de

652 2504 889 2565 decreto,
917 2504 984 2557 de
1011 2501 1336 2566 fortitudine,
1365 2500 1432 2555 de
1457 2500 1638 2564 armis,
1661 2499 1728 2554 de
1750 2499 1920 2568 equis,
1939 2499 2005 2552 de
2048 2498 2217 2552 curri-

652 2595 772 2661 bus,
804 2595 875 2649 ita
913 2602 970 2648 ut
1013 2593 1275 2648 dictorum
1324 2592 1663 2647 multitudine
1709 2607 1952 2661 magnam
2002 2591 2223 2646 inferret

653 2685 993 2749 anxietatem,
1019 2691 1070 2737 et
1092 2682 1379 2751 imaginum
1407 2683 1648 2737 claritate
1670 2697 1755 2736 res
1779 2696 1942 2750 prope
1972 2683 2070 2736 sub
2097 2698 2222 2737 ocu-

654 2773 737 2827 los
775 2781 974 2842 ageret.
1018 2771 1143 2827 Ideo
1181 2772 1420 2826 leonibus
1463 2772 1584 2825 illos
1621 2780 1925 2838 comparat,
1967 2784 2139 2840 neque
2168 2773 2224 2825 in

657 2863 760 2917 hoc
787 2863 1029 2931 exemplo
1049 2861 1300 2926 substitit,
1335 2860 1427 2915 sed
1453 2860 1658 2930 eflingit
1685 2874 1865 2914 vocem
1888 2871 1940 2915 et
1969 2862 2220 2929 impetum

577 2981 581 2984 -
656 2953 806 3020 ferae,
834 2953 992 3022 inque
1019 2952 1330 3021 metaphora
1352 2949 1566 3017 insistit,
1593 2949 1862 3019 multaque
1899 2951 2060 3004 utitur
2086 2952 2220 3019 ligu-

657 3053 770 3099 rata
797 3043 1053 3098 dictione.
1067 3042 1200 3096 Hine
1215 3041 1279 3096 ad
1297 3055 1442 3096 mare
1457 3055 1759 3095 sermonem
1775 3039 2016 3105 traducit,
2041 3040 2222 3095 dicens

659 3146 862 3190 tantum
882 3134 993 3189 fore
1013 3133 1312 3196 tumultum,
1337 3141 1532 3188 tantam
1551 3131 2013 3202 perturbationem,
2031 3141 2224 3201 quanta

658 3227 817 3282 fuerit
837 3226 1132 3281 insaniente
1161 3234 1216 3281 et
1238 3234 1494 3280 aestuante
1515 3225 1699 3294 pelago
1725 3241 1740 3277 :
1769 3239 1830 3278 ac
1858 3225 2030 3279 modis
2052 3224 2222 3278 omni-

657 3317 758 3372 bus
785 3317 1042 3372 annititur
1068 3326 1126 3370 ut
1150 3326 1348 3371 metum
1368 3325 1577 3385 augeat,
1595 3325 1652 3368 ut
1671 3314 1747 3369 illi
1774 3329 1878 3368 non
1899 3323 2088 3384 egeant
2114 3315 2224 3383 ipsa

658 3422 838 3462 rerum
868 3405 1224 3475 experientia.
1252 3404 1508 3473 Quodque
1531 3403 1740 3473 gravius
1767 3411 1869 3467 est,
1890 3419 2047 3458 nemo
2071 3406 2225 3458 adlu-

657 3505 810 3552 turus
835 3505 936 3564 est,
955 3495 1145 3565 inquit,
1176 3510 1347 3565 neque
1371 3510 1437 3549 ex
1466 3503 1625 3560 terra,
1653 3507 1822 3563 neque
1842 3508 1906 3548 ex
1932 3493 2103 3557 caelis;
2132 3494 2226 3549 sed

659 3585 896 3640 destituti
936 3599 1169 3655 superno
1195 3584 1422 3648 auxilio,
1454 3591 1509 3638 et
1537 3591 1743 3637 terrena
1783 3596 1913 3652 ope,
1959 3582 2233 3638 tradentur

661 3676 925 3731 hostibus.
948 3675 1218 3731 Tenebras
1241 3687 1416 3730 autem
1443 3674 1527 3730 hic
1551 3673 1678 3729 dicit
1698 3688 1810 3741 eas,
1845 3688 1963 3744 quae
1984 3689 2046 3730 ex
2083 3672 2226 3728 cala-

668 3767 852 3822 mitate
882 3767 1009 3835 ipsis
1034 3766 1283 3822 immissae
1313 3775 1467 3830 sunt,
1491 3780 1597 3820 non
1626 3764 1765 3835 quod
1794 3764 1923 3819 radii
1947 3765 2074 3820 solis
2100 3763 2228 3818 sub-

662 3856 753 3911 lati
788 3865 988 3924 essent,
1021 3856 1116 3911 sed
1155 3857 1295 3927 quod
1320 3872 1415 3926 pro
1438 3856 1629 3911 allectu
1656 3854 1964 3925 patientium
1993 3854 2044 3908 in
2066 3854 2229 3908 meri-

665 3947 753 4003 die
779 3948 850 4002 illi
879 3963 974 4019 pro
1014 3947 1134 4004 luce
1181 3947 1426 4004 tenebras
1457 3947 1686 4001 viderint
1716 3965 1731 4001 τ
1763 3944 1814 4000 id
1840 3945 1981 4014 quod
2007 3946 2107 4000 illis
2139 3944 2231 4014 qui

663 4038 847 4094 dolore
867 4047 921 4094 et
952 4039 1203 4093 mrumnis
1234 4049 1544 4109 premuntur
1567 4039 1875 4107 contingere
1903 4037 2054 4092 solet.
2086 4038 2151 4090 Et
2177 4043 2234 4090 ut

663 4130 838 4185 discas
864 4144 969 4184 non
989 4145 1056 4186 ex
1077 4140 1261 4184 natura
1310 4131 1452 4184 aeris
1480 4131 1726 4185 tenebras
1761 4129 2069 4199 provenisse
2093 4171 2106 4194 ,
2138 4128 2231 4183 sed

663 4233 730 4274 ex
759 4219 971 4274 illorum
995 4218 1206 4287 affectu,
1238 4218 1431 4288 adjecit
1457 4237 1470 4273 :
1504 4219 1739 4274 Tenebrae
1766 4221 1906 4273 dum
1929 4221 1979 4272 in
2003 4220 2234 4289 angustia

664 4326 748 4366 ιον
751 4326 852 4364 um.

1272 4421 1492 4478 CAPUT
1533 4421 1620 4476 Vl.

739 4535 791 4588 1.
834 4532 900 4587 Et
927 4537 1118 4604 factum
1141 4543 1217 4588 est
1237 4535 1290 4588 in
1317 4549 1472 4599 anno,
1499 4549 1596 4602 quo
1618 4540 1841 4586 mortuus
1872 4546 1962 4585 rea:
1993 4530 2164 4585 Ozias.

745 4664 794 4719 l.
837 4663 942 4719 Cur
975 4674 1170 4720 caetera
1217 4666 1391 4719 omnia
1417 4676 1652 4737 tempora
1699 4682 1727 4719 a
1771 4666 1876 4720 vita
1907 4681 2112 4735 regum,
2140 4665 2240 4720 hoc

671 4766 847 4811 autem
875 4770 904 4809 a
922 4765 1092 4809 morte
1141 4771 1277 4810 nunc
1303 4759 1561 4825 pr0pheta
1592 4759 1780 4814 notat?
1805 4758 1917 4813 Non
1955 4761 2092 4814 enim
2120 4760 2191 4812 ait
2223 4774 2237 4811 :

672 4847 890 4902 Factum
922 4855 1003 4902 est
1030 4846 1081 4900 in
1105 4845 1290 4900 diebus
1315 4845 1477 4910 Ozias,
1509 4861 1637 4912 non,
1665 4857 1916 4915 regnante
1944 4847 2098 4910 Ozia,
2125 4849 2239 4913 sed,

673 4937 894 4992 Factum
949 4946 1030 4991 est
1075 4951 1196 4990 cum
1245 4942 1484 4989 mortuus
1525 4943 1624 4988 est.
1672 4934 1804 5001 Quid
1852 4951 1977 5003 ergo
2013 4939 2120 4990 vult
2159 4937 2243 4991 hic

677 5026 872 5098 agere?
898 5027 1011 5081 Non
1044 5037 1243 5080 temere
1264 5068 1278 5092 ,
1312 5040 1408 5079 nec
1439 5024 1654 5077 fortuito
1699 5024 1782 5075 hic
1819 5025 1955 5091 agit;
1989 5027 2078 5078 sed
2120 5027 2243 5092 quid

678 5135 927 5174 arcanum
954 5119 1106 5174 nobis
1131 5117 1456 5172 subindicat.
1495 5115 1628 5182 Quid
1665 5114 1790 5168 illud
1813 5116 1929 5168 est?
1956 5115 2049 5169 llic
2093 5117 2245 5169 Ozias

680 5224 742 5262 ex
769 5209 928 5262 rebus
976 5209 1246 5278 gestisque
1291 5209 1557 5276 prosperis
1581 5206 1777 5270 ebrius,
1807 5213 1859 5259 et
1886 5204 2134 5259 felicitate
2165 5207 2244 5258 in-

682 5298 857 5363 flatus,
888 5300 1057 5365 majus
1084 5299 1350 5367 quidpiam
1380 5314 1535 5366 quam
1566 5313 1656 5351 sua
1697 5297 1920 5366 dignitas
1941 5296 2143 5352 ferebat
2167 5299 2246 5350 al"-

683 5388 895 5443 l'cctavit
918 5388 992 5452 (4.
1019 5387 1143 5458 Reg.
1175 5390 1260 5444 l5.
1284 5389 1346 5452 2;
1367 5388 1420 5442 2.
1440 5388 1617 5442 Paral.
1641 5389 1752 5458 26).
1784 5389 1845 5442 Et
1867 5390 1985 5458 quia
2003 5404 2088 5443 rex
2113 5399 2249 5456 erat,

687 5480 888 5550 putavit
921 5479 1016 5534 sibi
1046 5489 1368 5548 competere,
1393 5491 1450 5533 ut
1475 5480 1772 5535 sacerdotio
1813 5480 2142 5551 fungeretur,
2168 5481 2249 5534 in-

761 5633 778 5664 ί
802 5631 933 5688 Haec,
969 5643 998 5677 a
1033 5627 1202 5688 lumbis
1240 5623 1338 5675 suis
1368 5625 1494 5688 iane
1521 5630 1603 5680 τῆς
1626 5624 1798 5688 captio;
1834 5625 2029 5688 αὐτῶν),
2075 5629 2250 5676 desunt

699 5691 747 5742 in
780 5685 992 5751 liegfet
1018 5687 1195 5747 Savil.,
1238 5688 1322 5735 sed
1360 5685 1607 5751 habentur
1651 5685 1701 5733 in
1744 5685 1910 5734 Morel.
1947 5695 1998 5736 ct
2032 5690 2080 5735 in
2109 5695 2249 5736 textu

701 5745 907 5813 Biblico,
933 5758 985 5800 et
1012 5752 1135 5800 lecta
1173 5745 1284 5798 Sunt
1307 5761 1333 5796 a
1360 5745 1628 5796 'l‘iluiauuo.

2321 499 2449 552 siliit
2479 501 2529 553 in
2555 506 3117 574 teniplum,.ingrcssus
3137 517 3219 562 est
3245 509 3294 562 iii
3323 523 3502 564 sancta
3537 521 3843 568 sanctorum
3864 556 3881 578 ,

2313 600 2367 644 et
2387 592 2678 647 reluctante
2703 596 3000 660 sacerdote,
3037 608 3194 666 atque
3224 600 3515 669 ingressum
3546 602 3670 657 illuc
3699 605 3883 672 prohi-

2315 679 2492 746 bente,
2541 696 2645 736 non
2700 684 2815 738 tulit
2854 685 2963 748 ille,
2992 687 3082 739 sed
3132 689 3182 741 in
3223 692 3451 744 amentia
3497 696 3879 760 perseveravit,

2315 786 2528 839 parvam
2575 774 2867 829 sacerdotis
2908 776 3164 832 rationem
3205 779 3420 834 habens.
3456 782 3533 836 Ob
3562 792 3760 837 tantam
3789 786 3887 837 im-

2315 859 2617 927 pudentiam
2650 863 2869 917 immisit
2898 864 2970 918 illi
2989 866 3126 919 Deus
3159 868 3356 936 lcpram
3384 870 3435 922 in
3466 871 3719 927 frontem.
3748 874 3883 928 Cum

2314 949 2454 1002 enim
2483 951 2757 1018 majorem,
2786 969 2940 1022 quam
2970 957 3068 1009 sibi
3092 969 3436 1026 competeret,
3470 961 3730 1018 honorem
3756 968 3887 1018 alle-

2314 1048 2503 1107 ctaret,
2531 1043 2597 1097 ab
2621 1043 2711 1097 illo
2731 1047 2890 1099 etiam
2914 1062 3072 1116 quem
3101 1050 3110 1061 '
3137 1050 3323 1104 abehat
3348 1053 3559 1106 excidit.
3580 1054 3694 1108 Non
3723 1057 3889 1110 modo

2315 1131 2456 1185 enim
2477 1133 2827 1189 sacerdotium
2859 1152 2961 1190 non
2989 1143 3213 1209 accepit,
3243 1143 3335 1196 sed
3367 1143 3668 1202 immundus
3696 1148 3885 1212 lactus,

2315 1239 2346 1277 a
2371 1239 2535 1295 regno
2561 1228 2720 1282 etiam
2761 1231 3012 1298 expulsus
3033 1241 3133 1293 est,
3165 1248 3228 1288 ac
3267 1250 3360 1302 per
3393 1252 3549 1292 omne
3590 1249 3799 1308 tempus
3837 1242 3888 1294 in

2314 1312 2474 1370 domo
2493 1316 2717 1386 quadam
2743 1321 2977 1375 occultus
3008 1321 3297 1390 habitabat,
3326 1327 3467 1394 quod
3495 1329 3748 1396 pudorem
3781 1347 3887 1383 nou

2315 1402 2500 1459 ferret.
2530 1405 2760 1475 Pupulus
2783 1425 2993 1479 quoque
3018 1414 3188 1466 omnis
3221 1416 3271 1467 in
3295 1425 3497 1483 partem
3531 1421 3648 1474 talis
3671 1422 3889 1475 ultionis

2315 1504 2535 1550 vocatus
2555 1507 2660 1562 est,
2690 1499 2810 1566 quia
2840 1501 2983 1570 leges
3011 1502 3099 1556 Dei
3123 1503 3456 1572 despexerat,
3478 1517 3531 1561 et
3558 1513 3889 1564 contumelia

2316 1582 2562 1638 affectum
2616 1589 2968 1644 sacerdotium
3013 1607 3121 1646 non
3166 1595 3546 1651 vindicaverat.
3608 1599 3898 1665 Quomodo

2317 1675 2472 1744 igitur
2493 1678 2542 1730 in
2571 1688 2771 1746 partem
2805 1681 3019 1736 ultionis
3051 1694 3268 1738 vocatus
3297 1688 3416 1739 est?
3441 1688 3570 1753 Quia
3602 1690 3880 1758 prophetia

2318 1773 2545 1820 retracta
2566 1775 2686 1820 est:
2716 1767 2877 1822 iratus
2917 1771 3111 1838 quippe
3152 1773 3291 1827 Deus
3320 1776 3460 1829 circa
3489 1792 3600 1830 rem
3649 1780 3893 1846 quamvis

2319 1854 2450 1908 nihil
2494 1857 2778 1924 respondit.
2836 1860 2944 1917 Hoc
3001 1876 3129 1917 vero
3215 1880 3322 1918 non
3369 1867 3434 1920 ad
3477 1882 3636 1922 omne
3685 1881 3894 1937 tempus

2320 1945 2463 2011 fecit,
2492 1946 2588 2000 sed
2618 1949 2906 2003 secundum
2932 1966 3232 2007 mensuram
3258 1956 3374 2010 vitae
3403 1959 3562 2027 regis,
3583 1976 3896 2016 mensuram

2319 2050 2527 2105 quoque
2555 2037 2768 2093 ultionis
2793 2039 3049 2096 delinivit.
3076 2042 3241 2096 Simul
3273 2060 3398 2114 ergo
3426 2056 3584 2116 atque
3611 2049 3701 2103 ille
3729 2051 3891 2104 vitam

2320 2127 2471 2194 obiit,
2509 2128 2651 2183 Deus
2692 2130 2820 2184 iram
2851 2131 3042 2195 solvit,
3084 2143 3138 2187 et
3184 2134 3324 2190 fores
3364 2135 3550 2192 iterum
3596 2140 3896 2207 prophetiae

2320 2218 2544 2285 aperuit.
2576 2219 2685 2274 Hoc
2713 2220 2888 2290 itaque
2907 2222 3246 2280 subindicans
3269 2226 3547 2295 propheta,
3579 2235 3893 2287 memoriam

2320 2307 2474 2361 nobis
2504 2312 2773 2364 revocavit
2801 2313 2975 2367 obitus
3002 2317 3161 2385 regis.

2390 2394 2527 2448 Deus
2556 2399 2805 2463 quomodo
2830 2400 2984 2453 videri
3011 2405 3182 2470 possit.
3207 2436 3277 2444 —
3301 2406 3652 2472 Quamobrem
3680 2414 3757 2466 sic
3772 2429 3896 2481 pro-

2321 2485 2550 2555 phetiam
2577 2487 2776 2540 orditur
2809 2503 2828 2541 :
2855 2489 3069 2544 Factum
3097 2503 3165 2546 est
3193 2495 3244 2546 in
3268 2512 3419 2561 anno,
3449 2514 3544 2565 quo
3573 2512 3797 2555 mortuus
3823 2515 3895 2556 est

2322 2591 2412 2629 rea:
2433 2575 2603 2640 Ozias,
2627 2580 2725 2632 vidi
2745 2580 3008 2634 Dominum
3029 2584 3293 2638 sedentem.
3322 2588 3482 2656 Atqui
3516 2589 3760 2647 Christus
3779 2596 3857 2648 ait
3879 2613 3890 2647 :

2326 2663 2487 2719 Deum
2511 2684 2654 2720 nemo
2693 2670 2811 2722 vidit
2851 2687 3105 2738 umquam.
3139 2673 3432 2744 Unigenitus
3468 2681 3554 2747 qui
3585 2692 3656 2733 est
3687 2683 3738 2734 in
3778 2686 3896 2736 sinu

2327 2754 2514 2821 Patris,
2547 2759 2635 2811 ille
2667 2762 2886 2813 narravit
2915 2763 2931 2829 (
2959 2761 3111 2816 Joan.
3144 2766 3194 2818 1.
3224 2768 3353 2836 18).
3395 2769 3462 2822 Et
3489 2786 3695 2826 rursum
3729 2791 3741 2826 :
3773 2774 3899 2828 Non

2323 2858 2441 2910 quia
2461 2843 2666 2899 Patrem
2685 2849 2794 2916 quis
2820 2851 2959 2914 vidit,
2984 2853 3080 2904 nisi
3098 2855 3184 2921 qui
3211 2865 3279 2906 est
3309 2874 3339 2907 a
3367 2857 3472 2910 Deo
3490 2874 3508 2910 :
3530 2861 3615 2912 ille
3640 2863 3760 2913 vidit
3785 2863 3896 2914 Pa-

2326 2941 2450 2984 trem
2482 2933 2660 3003 (Joan.
2695 2936 2746 2990 6.
2774 2937 2890 3004 46).
2925 2939 3118 3008 lllcque
3140 2942 3303 3012 Moysi
3329 2945 3490 2998 dixit:
3518 2947 3681 3000 Nemo
3713 2951 3900 3004 videbit

2326 3023 2506 3092 faciem
2529 3043 2687 3079 meam
2711 3037 2756 3082 et
2777 3029 2896 3081 vivet
2922 3029 2938 3099 (
2969 3030 3135 3083 Exod.
3157 3033 3244 3086 55.
3266 3033 3333 3089 20
3359 3035 3398 3103 ).
3431 3036 3708 3100 Quomodo
3741 3043 3901 3109 igitur

2329 3113 2413 3169 hic
2438 3117 2510 3169 ait
2533 3132 2590 3172 se
2611 3119 2802 3174 vidisse
2830 3120 3142 3176 Dominum?
3163 3123 3291 3177 Nam
3323 3128 3412 3191 ait,
3447 3127 3559 3182 Vidi
3584 3130 3861 3184 Dominum
3884 3153 3900 3186 :

2329 3219 2432 3260 non
2463 3210 2722 3262 contraria
2744 3211 2814 3263 ait
2844 3225 2969 3266 vero
2988 3213 3071 3279 iis,
3099 3229 3216 3282 quae
3243 3214 3482 3270 Christus
3506 3219 3656 3283 dixit,
3684 3223 3776 3274 sed
3808 3225 3903 3275 ad-

2329 3296 2544 3351 modum
2589 3301 2990 3356 consona.Nain
3022 3303 3263 3360 Christus
3310 3306 3378 3361 de
3420 3320 3662 3363 accurata
3713 3314 3905 3384 cogni-

2330 3387 2472 3442 tione
2492 3389 2750 3456 loquitur,
2782 3393 3068 3447 secundum
3114 3411 3270 3464 quam
3313 3413 3468 3452 nemo
3498 3402 3626 3454 vidit
3658 3420 3672 3458 :
3705 3407 3909 3457 nudam

2327 3480 2467 3533 enim
2485 3480 2813 3535 divinitatem
2844 3498 3132 3553 puramque
3171 3488 3519 3543 substantiam
3569 3508 3726 3547 nemo
3771 3496 3906 3548 vidit

2329 3579 2519 3639 prater
2551 3570 2920 3640 Unigcnituni;
2951 3577 3201 3645 prepheta
3231 3595 3357 3634 vero
3386 3592 3605 3637 eatenus
3625 3601 3682 3639 se
3705 3587 3906 3641 vidisse

2325 3669 2529 3726 narrat,
2559 3673 2820 3730 quatenus
2849 3675 3078 3733 poterat.
3114 3668 3298 3739 Neque
3320 3673 3460 3726 enim
3508 3675 3621 3739 ipse
3659 3676 3708 3728 id
3754 3680 3902 3746 quod

2329 3750 2468 3806 Dens
2493 3761 2571 3806 est
2596 3753 2772 3809 videre
2800 3764 3021 3824 poterat,
3060 3759 3153 3812 sed
3200 3760 3298 3814 sub
3327 3761 3487 3831 figura
3503 3765 3726 3833 quadam
3757 3768 3907 3821 illum

2330 3845 2801 3913 cantemplabatur,
2843 3848 2930 3917 qui
2973 3857 3178 3904 tantum
3225 3852 3594 3919 descenderat,
3647 3871 3910 3928 quantum

2331 3933 2739 4000 contemplantis
2795 3935 3070 3992 inlirmitas
3115 3942 3406 3997 ascendere
3465 3953 3695 4011 poterat.
3753 3948 3910 4012 Quod

2333 4021 2472 4074 enim
2502 4037 2672 4091 neque
2699 4024 2830 4092 ipse,
2856 4041 3028 4094 neque
3054 4028 3328 4097 quisquam
3344 4033 3480 4084 alius
3503 4034 3693 4087 nudam
3718 4037 3916 4090 viderit

2334 4111 2682 4178 divinitatem,
2705 4115 2772 4168 ab
2802 4115 2866 4170 iis
2890 4132 3006 4184 qua:
3044 4130 3258 4173 narrant
3288 4123 3618 4189 perspicuum
3651 4134 3752 4177 est.
3792 4125 3916 4180 Vidi

2335 4205 2497 4269 enim,
2529 4206 2717 4274 inquit,
2769 4206 3040 4261 Dominum
3085 4211 3352 4266 sedentem.
3401 4212 3538 4266 Deus
3583 4224 3760 4268 autem
3803 4233 3916 4272 non

2336 4293 2488 4348 sedet
2517 4311 2531 4348 :
2561 4295 2673 4349 lucc
2690 4297 2884 4364 quippe
2906 4299 3067 4367 ﬁgura
3084 4315 3364 4370 corporum
3387 4312 3484 4356 est.
3512 4305 3577 4356 At
3604 4321 3708 4358 non
3727 4309 3914 4374 modo,

2339 4383 2626 4448 Sedentem,
2658 4385 2770 4448 Sed,
2794 4387 2961 4453 Super
2990 4389 3188 4440 solium.
3225 4391 3362 4444 Deus
3382 4407 3508 4445 vero
3540 4408 3641 4445 non
3671 4396 3920 4450 contine-

2340 4484 2426 4528 tur
2454 4492 2467 4529 :
2500 4477 2763 4545 quomodo
2792 4478 2934 4531 enim
2974 4481 3230 4534 contineri
3261 4484 3447 4550 possit,
3475 4485 3563 4551 qui
3595 4486 3789 4554 ubique
3818 4489 3916 4540 atl-

2340 4576 2441 4631 est,
2471 4577 2526 4620 et
2544 4569 2718 4620 ouiuia
2749 4568 2964 4635 implet,
2997 4568 3060 4622 In
3087 4573 3228 4638 cuius
3262 4590 3413 4626 manu
3453 4586 3569 4628 sunt
3606 4578 3731 4643 [mes
3770 4589 3921 4633 terra

2342 4659 2510 4727 (Psal.
2544 4660 2630 4714 9L
2665 4661 2755 4729 ω
2787 4661 2933 4716 Unde
2964 4663 3131 4730 palam
3156 4674 3234 4717 est
3266 4666 3314 4718 id
3349 4667 3488 4734 quod
3519 4668 3819 4735 videbatur,
3856 4689 3920 4726 ex

2343 4753 2778 4819 attemperatinne
2835 4753 3059 4821 quadam
3109 4755 3290 4809 fuisse.
3327 4757 3413 4809 Sic
3452 4758 3607 4826 igitur
3637 4760 3773 4814 alter
3795 4778 3925 4829 pro-

2347 4842 2506 4910 pheta
2537 4858 2600 4896 ex
2632 4857 2854 4910 persona
2883 4845 2970 4898 Dei
2991 4845 3329 4902 subindicans
3350 4847 3556 4903 dicebat
3589 4849 3734 4921 :Ego
3765 4856 3926 4906 visio-

2348 4949 2433 4984 nes
2464 4934 2789 5000 multiplicavi
2826 4934 2975 5000 (Osee
2997 4935 3078 4986 12.
3106 4936 3171 4988 10
3197 4937 3235 5002 ),
3270 4937 3319 4990 id
3350 4948 3462 5001 est,
3494 4940 3713 4995 Diverso
3760 4945 3925 4999 modo

2347 5024 2491 5076 visus
2522 5038 2658 5074 Stllll.
2693 5024 2745 5075 Si
2779 5038 2933 5090 porro
2957 5025 3065 5091 ipsa
3097 5025 3387 5080 substantia
3416 5031 3550 5084 nuda
3593 5033 3920 5097 apparebat,

2349 5128 2452 5165 non
2500 5112 2709 5165 diverso
2757 5114 2914 5166 modo
2949 5115 3260 5171 videbatur:
3295 5120 3386 5173 sed
3427 5123 3546 5189 quia
3589 5122 3923 5180 descendens

2351 5220 2489 5258 nunc
2537 5205 2628 5257 illo
2661 5220 2799 5258 nunc
2835 5207 2939 5258 alio
2970 5207 3126 5262 modo
3166 5211 3435 5278 prophetis
3479 5213 3704 5278 seipsum
3733 5223 3924 5268 osten-

2349 5299 2524 5363 debat,
2558 5299 2882 5367 temporibus
2899 5311 3274 5366 congruentem
3303 5303 3513 5369 liguram
3537 5317 3636 5370 qua
3653 5303 3926 5360 videretur

2352 5404 2644 5451 assumens,
2680 5388 2797 5442 ideo
2825 5388 2951 5442 dicit
2979 5408 2991 5442 :
3030 5388 3250 5443 Visiones
3269 5391 3610 5458 multiplicari,
3635 5401 3677 5443 et
3709 5393 3761 5446 in
3799 5412 3927 5446 ma—

2354 5484 2494 5537 nibus
2541 5482 2894 5551 prophetarum
2930 5482 3232 5536 assimilatas
3277 5500 3405 5537 sum.
3437 5483 3545 5536 Non
3584 5485 3722 5538 sicut
3752 5501 3923 5553 erant,

2358 5574 2692 5642 apparcham,
2724 5572 2909 5642 inquit,
2942 5573 3035 5626 sed
3074 5575 3393 5628 assimilatus
3419 5574 3466 5627 ei
3500 5574 3679 5628 forum
3703 5616 3719 5637 ,
3762 5595 3926 5647 quant

2358 5665 2774 5731 contemplantes
2821 5663 3000 5718 videre
3042 5675 3304 5733 poterant.
3348 5663 3504 5718 Vides
3549 5665 3707 5735 igitur
3749 5668 3926 5736 ipsum

2365 5771 2500 5808 nunc
2524 5754 2818 5818 sedentem,
2849 5769 2988 5809 nunc
3011 5766 3293 5822 armatum,
3333 5769 3472 5810 nunc
3507 5757 3654 5812 canis
3682 5759 3889 5831 capillis
3909 5801 3925 5829 ,
