4056 6456
194 410 256 464 67
1504 395 1571 450 IN
1612 392 1867 461 ISMAM,
1907 393 2058 450 CAP.
2106 394 2193 450 νι.
3522 429 3594 482 68

196 510 466 581 θωμάσῃς
499 509 572 573 δὲ,
614 512 660 562 εἰ
687 510 813 580 περὶ
845 509 975 562 Θεοῦ
1009 511 1398 580 διαλεγόμενος,
1429 513 1566 565 οὕτω
1601 512 1835 581 παχυτά-

196 612 304 657 ταις
335 597 592 664 κέχρηται
623 598 820 661 λέξεσι·
855 599 990 669 πρὸς
1014 601 1120 669 γάρ
1145 600 1240 668 τὴν
1268 601 1448 652 ἄνοιαν
1475 602 1581 653 τῶν
1612 601 1834 653 ἀκουόν-

197 700 288 733 των
328 685 648 751 σχηματίζει
689 685 756 736 τὰ
792 687 1031 756 ῥήματα,
1071 688 1128 738 ἓν
1176 687 1491 756 βουλόμενος
1536 689 1702 751 δεῖξαι
1750 686 1838 737 διά

199 769 419 831 πάντιιιν,
462 772 542 821 ὅτι
585 772 678 822 καὶ
710 773 789 841 τῷ
819 774 935 843 Θεῷ
973 774 1149 844 ῥᾴδιον
1177 774 1352 838 τοῦτο,
1387 777 1479 827 καὶ
1510 777 1591 827 ὅτι
1626 775 1839 837 πάντως

197 856 598 924 ἁπαντήσονταν
644 858 722 909 διὸ
761 861 851 910 καὶ
885 862 1126 930 ἐπήγαγε
1161 861 1350 928 λέγων·
1389 863 1493 914 Καὶ
1524 861 1652 914 ἰδοὺ
1687 862 1838 930 ταχὺ

198 943 418 1005 νούρως
433 943 723 1007 ἔρχονται.
739 948 818 997 Οὺ
835 947 1247 1008 πεινάσουσιν,
1264 948 1402 1000 οὐδὲ
1419 948 1836 1011 κοπιάσουσιν,

197 1026 324 1077 οὐδὲ
345 1029 733 1092 νυστάξουσι.
758 1032 938 1084 Ταῦτα
957 1034 1326 1102 ὑπερϐολικῶς
1344 1035 1570 1104 εἴρηται.
1592 1034 1713 1098 Πῶς
1731 1035 1838 1103 γάρ

197 1115 310 1180 ὲνῆν
336 1119 471 1184 μήτε
498 1121 704 1187 πεινῆν,
739 1121 871 1189 μήτε
895 1121 1189 1185 καθεύδειν,
1213 1122 1523 1190 ἀνθρώπους
1545 1123 1720 1185 ὂντας,
1747 1122 1838 1175 καὶ

196 1203 280 1256 τὴν
313 1204 493 1273 κοινὴν
527 1204 784 1274 λαχόντας
819 1208 998 1276 λῆξινς
1048 1209 1205 1261 Ἀλλά
1243 1210 1303 1262 τὸ
1337 1212 1496 1279 τάχος
1545 1211 1642 1281 τῆς
1675 1227 1839 1280 στρα-

196 1290 324 1348 τιᾶς,
359 1289 454 1358 τὴν
499 1291 766 1354 εὐκολίαν,
802 1293 898 1361 τὴν
929 1293 1220 1363 ταχύτητα,
1258 1296 1391 1364 ὅπερ
1435 1296 1603 1366 ἔφθην
1647 1296 1832 1359 εἰπὼν,

195 1374 273 1424 διὰ
303 1378 512 1428 πάντων
542 1379 890 1432 ἐνδείκνυται.
929 1380 1080 1432 Οὐδὲ
1103 1383 1366 1435 ,λύσουσι
1399 1384 1504 1446 τὰς
1530 1383 1710 1446 ζώνας
1729 1385 1836 1435 αὐ-

194 1460 302 1512 τῶν
352 1464 468 1515 ἀπὸ
514 1464 618 1528 τῆς
663 1465 889 1531 ὀσφύος
939 1465 1162 1528 αὐτῶν,
1210 1468 1350 1520 οὐδὲ
1391 1469 1475 1536 μὴ
1511 1468 1736 1536 ραγῶσι
1783 1472 1836 1521 οι

195 1548 420 1612 ἱμάντες
450 1548 561 1600 τῶν
594 1552 988 1620 ὑποδημάτων
1021 1554 1235 1607 αὐτῶν.
1275 1549 1384 1608 Ὧν
1412 1556 1482 1607 τὰ
1507 1555 1662 1621 ,ϐέλη
1697 1556 1837 1618 ὀξέα

194 1634 334 1696 ἐστὶ,
370 1637 459 1687 καὶ
500 1641 568 1689 τὰ
600 1639 745 1701 τόξα
785 1640 981 1692 αὐτῶν
1010 1641 1384 1708 ἐντεταμένα.
1414 1645 1475 1693 Οἱ
1510 1642 1688 1706 πόδες
1719 1641 1836 1694 τῶν

196 1724 384 1772 ἳππων
407 1723 602 1775 αὐτῶν
629 1725 708 1790 ὡς
739 1730 950 1793 στερεὰ
979 1727 1159 1793 πέτρα
1182 1728 1607 1794 ἐλογίσθησαν,
1629 1732 1680 1782 οι
1707 1746 1836 1797 τρο-

196 1810 278 1874 χοὶ
313 1809 429 1860 τῶν
448 1811 717 1879 ἁρμάτων
735 1813 932 1865 αὐτῶν
958 1815 1037 1878 ὡς
1069 1816 1416 1882 καταιγίδες.
1438 1817 1738 1885 Ὀργιῶσιν
1757 1819 1837 1881 ὡς

195 1896 445 1960 λέοντες,
487 1899 584 1951 καί
627 1901 1082 1966 παρεστήκασιν
1131 1903 1210 1967 ὡς
1254 1905 1511 1972 σκύμνοι
1551 1909 1832 1959 λεόντων.

195 1984 290 2034 Kal
324 1986 700 2051 ἐπιλήψεται,
723 1987 818 2039 καί
842 1988 1062 2054 ,ϐοήσει
1089 1988 1168 2052 ὡς
1201 1991 1421 2056 θηρίον,
1449 1991 1542 2043 καὶ
1563 1992 1832 2044 ἐκϐαλεῖο

196 2072 282 2123 καί
305 2075 413 2124 οὐκ
442 2074 612 2126 ἐστιν
643 2077 676 2126 ό
705 2076 999 2144 ῥυόμενος
1027 2078 1265 2143 αὐτούς.
1303 2079 1406 2131 Kal
1437 2079 1730 2145 βοήσεται
1759 2080 1832 2132 δι’

194 2161 404 2224 αὐτοὺς
437 2160 509 2228 τῇ
535 2160 720 2229 ἡμέρᾳ
753 2163 974 2231 ἐκείνῃ,
999 2165 1078 2229 ὠς
1099 2165 1264 2233 φωνὴ
1293 2167 1611 2233 θαλάσσης
1637 2184 1837 2236 κυμαι-

194 2247 430 2311 νούσης.
461 2251 568 2300 Kal
600 2249 997 2318 ἐμϐλέψονται
1025 2255 1112 2318 είς
1143 2254 1248 2306 τὸν
1276 2255 1532 2322 οὐρανὸν
1569 2255 1708 2318 ἅνω,
1739 2254 1834 2307 καί

193 2337 270 2396 εἰς
297 2335 410 2399 τὴν
437 2334 552 2402 γῆν
581 2337 769 2389 κάτω·
807 2340 901 2391 καί
940 2340 1066 2394 ἰδοὺ
1109 2342 1330 2406 σκότος
1363 2343 1656 2408 σκληρὸν,
1692 2342 1837 2394 σκό-

196 2435 285 2482 τος
330 2419 398 2470 ἐν
427 2420 497 2488 τῇ
531 2422 749 2490 ἀπορίᾳ
778 2424 994 2480 αὐτῶν.
1039 2425 1137 2477 Διά
1167 2427 1383 2480 πάντων
1427 2427 1518 2479 τὸν
1558 2427 1710 2495 λόγον
1745 2427 1834 2491 ἐξ·

194 2507 428 2574 ώγκωσε,
465 2510 553 2561 καὶ
578 2510 670 2562 τὸν
687 2510 850 2578 φόϐον
877 2512 1073 2582 ἐπῆρε,
1099 2514 1238 2568 κατά
1265 2516 1455 2585 μικρὸν
1483 2515 1688 2569 ἐκαστα
1709 2528 1732 2555 ἰ
1757 2515 1834 2568 δι-

193 2596 496 2665 ηγούμενος,
519 2600 588 2649 τὰ
621 2599 749 2667 περὶ
784 2599 878 2669 τῆς
908 2599 1148 2670 γνώμης,
1167 2601 1234 2654 τά
1267 2603 1511 2672 περὶτῆς
1540 2602 1740 2672 ἰσχύος,
1767 2602 1833 2655 τά

193 2686 308 2751 περὶ
342 2685 446 2738 τῶν
472 2686 668 2746 ὃπλων,
705 2684 818 2756 [ϋὸ]
842 2688 908 2739 τά
937 2688 1061 2759 περὶ
1092 2689 1197 2741 τῶν
1227 2688 1425 2753 ἵππων,
1460 2690 1527 2742 τά
1563 2690 1689 2761 περὶ
1725 2689 1832 2742 τῶν

194 2771 461 2839 ἁρμάτων,
493 2773 632 2825 ὥστε
663 2774 740 2844 τῷ
767 2774 959 2845 πλήθει
990 2775 1098 2828 τῶν
1123 2775 1428 2844 λεγομένων
1456 2777 1652 2846 πολλὴν
1673 2778 1832 2845 ποιῆ-

197 2874 274 2909 σαι
315 2860 411 2928 τὴν
442 2861 677 2926 ἀγωνίαν
697 2902 709 2922 ,
743 2862 835 2912 καὶ
867 2865 930 2930 τῇ
970 2863 1236 2931 σαφηνείᾳ
1267 2863 1373 2914 τῶν
1421 2863 1640 2914 εἰκόνων
1670 2863 1833 2929 ἐγγὺς

193 2944 252 2994 τὰ
291 2947 578 3013 πράγματα
613 2947 796 3007 αὐτοῖς
827 2947 1050 3014 ἀγαγεῖν
1068 2948 1116 3000 δ.
1157 2949 1247 3000 Διὸ
1275 2950 1369 3001 καὶ
1402 2948 1609 3001 λέουσιν
1641 2949 1835 3013 αὐτοὺς

194 3033 531 3100 παραϐάλλει,
564 3034 659 3085 καὶ
680 3032 800 3086 οὐδὲ
829 3034 1058 3086 ἐνταῦθα
1091 3035 1218 3106 ἔστη
1253 3035 1346 3088 τοῦ
1376 3037 1832 3106 παραδείγματος,

195 3120 314 3170 ἀὶᾶιά
346 3118 436 3172 καῖ
473 3120 652 3190 φωνὴν
683 3120 1003 3174 ἀναπλάττει
1042 3122 1132 3176 καὶ
1160 3123 1331 3193 ὁρμὴν
1356 3123 1449 3175 τοῦ
1486 3124 1672 3194 θηρίου
1691 3165 1706 3189 ,
1742 3125 1834 3178 καί⁸

194 3207 424 3274 ἐπιμένει
449 3211 508 3276 τῆ
547 3210 846 3280 μεταφορᾷ,
889 3211 980 3261 καὶ
1011 3209 1208 3279 πολλὴν
1233 3213 1461 3263 ποιεῖται
1489 3212 1584 3282 τὴν
1604 3214 1830 3282 τροπήν.

195 3294 289 3346 Καὶ
331 3296 572 3349 ἐντεῦθεν
622 3296 714 3348 ἐπὶ
766 3296 1029 3351 θάλατταν
1063 3299 1246 3365 ἐξάγει
1291 3301 1378 3351 τὸν
1414 3299 1588 3367 λόγον,
1640 3301 1829 3369 λέγων,

192 3383 262 3432 ὅτι
288 3382 530 3445 τοσοῦτος
574 3383 726 3435 ἐσται
777 3387 803 3435 6
849 3384 1094 3454 θόρυϐος,
1129 3386 1361 3454 τοσαύτη
1391 3389 1421 3455 ή
1455 3390 1687 3458 ταραχὴ,
1734 3390 1830 3458 ὅση

193 3468 249 3520 ἂν
290 3472 486 3536 γένοιτο
516 3472 850 3541 μαινομένης
878 3473 1151 3541 θαλάσσης
1181 3473 1272 3524 καὶ
1300 3474 1514 3541 κύματα
1544 3475 1834 3544 διεγειρού-

196 3572 312 3622 σῃ.
343 3559 430 3608 καὶ
462 3559 636 3610 πάντα
684 3561 821 3610 κινεῖ
862 3558 1082 3626 τρόπον,
1129 3558 1305 3622 αῧξων
1350 3561 1437 3611 τὸν
1470 3561 1650 3628 φόϐον,
1694 3561 1832 3613 ὥστε

198 3644 260 3712 μὴ
300 3644 542 3714 δεηθῆναι
595 3644 794 3706 αύτούς
831 3645 928 3714 τῆς
960 3645 1046 3697 διὰ
1077 3645 1184 3697 τῶν
1235 3647 1572 3717 πραγμάτων
1622 3649 1830 3718 πείρας.

197 3730 291 3781 Καὶ
337 3733 392 3784 τὸ
436 3733 498 3802 δὴ
546 3731 958 3804 χαλεπώτερον,
996 3736 1075 3786 ὅτι
1121 3735 1238 3786 οὐδὲ
1283 3737 1309 3786 ό
1359 3737 1834 3806 παραστησόμενος

195 3815 349 3881 ἔσται,
384 3821 564 3888 φησὶν,
596 3821 696 3871 οὐκ
729 3821 835 3872 ἀπὸ
858 3824 957 3891 τῆς
996 3825 1116 3891 γῆς,
1150 3823 1248 3874 ούκ
1289 3823 1396 3874 ἀπὸ
1425 3821 1530 3874 τῶν
1556 3823 1829 3893 οὐρανῶν

193 3903 293 3955 ἀλλ’
329 3907 517 3975 ἔρημοι
549 3908 642 3958 καὶ
676 3908 772 3977 τῆς
798 3907 1003 3961 ἄνωθεν
1034 3909 1376 3978 συμμαχίας,
1419 3911 1512 3962 καὶ
1538 3913 1634 3980 τῆς
1661 3911 1834 3962 κάτω-

195 3993 271 4047 θεν
317 3994 563 4064 βοηθείας
587 4036 602 4059 ,
642 3997 1022 4066 ἐκδοθήσονται
1071 4001 1180 4059 τοῖς
1215 3998 1507 4066 πολεμίοις.
1557 3999 1749 4063 Σκότος
1776 3999 1832 4052 δὲ

195 4080 406 4133 ἐνταῦθά
429 4100 558 4151 φησι
597 4083 656 4135 τὸ
694 4083 800 4135 ἀπὸ
832 4084 929 4153 τῆς
957 4085 1235 4152 συμφορᾶς
1258 4085 1436 4146 αὐτοῖς
1466 4085 1828 4154 ἐγγινόμενον,

193 4167 276 4236 οὑχ
304 4169 375 4230 ὡς
402 4168 500 4236 τῆς
530 4171 746 4232 ἀκτῖνος
783 4169 1178 4240 ἀφανιζομένης
1199 4211 1211 4233 ,
1261 4170 1393 4224 ἀλλά
1416 4171 1512 4240 τῆς
1545 4172 1830 4236 διαθέσεως

193 4253 287 4305 τῶν
318 4256 630 4324 πασχόντων
663 4257 720 4307 ἐν
747 4256 886 4328 μέσῃ
914 4259 978 4326 τῇ
1013 4256 1327 4328 μεσημϐρία
1358 4259 1476 4310 ἀντὶ
1507 4259 1679 4326 φωτὸς
1704 4260 1830 4311 σκό-

194 4357 270 4402 τος
312 4341 586 4411 δρώντωνο
642 4343 774 4412 ὅπερ
819 4346 929 4405 τοῖς
970 4342 1321 4414 ὀδυνωμένοις
1366 4345 1459 4397 καὶ
1504 4345 1831 4416 θλιϐομένοις

195 4428 489 4494 συμϐαίνειν
527 4429 707 4482 εἴωθε.
745 4430 852 4482 Καὶ
876 4429 962 4482 ἵνα
993 4430 1168 4501 μάθῃς
1191 4471 1204 4494 ,
1251 4432 1331 4483 ὅτι
1379 4433 1437 4483 ού
1477 4433 1575 4502 τῆς
1620 4434 1831 4501 φύσεως

193 4515 272 4564 τιῦ
305 4517 461 4584 ἀέρος
498 4516 559 4567 τὸ
606 4515 796 4577 σκότος
837 4511 925 4586 ἦν,
957 4515 1089 4568 ἀλλά
1127 4517 1226 4584 τῆς
1263 4518 1482 4571 ἐκείνων
1521 4519 1827 4587 διαθέσεως,

193 4601 414 4670 ἐπήγαγε
437 4617 449 4631 ·
480 4601 761 4669 Σκληρὸν
781 4601 999 4667 σκότος
1018 4603 1088 4656 ἐν
1109 4602 1182 4671 τῇ
1203 4603 1416 4672 ἀπορίᾳ
1439 4605 1654 4662 αὐτῶν.

805 4755 1052 4809 ΚΕΦΑΛ.
1092 4755 1182 4822 (τ’.

195 4853 288 4908 Kal
335 4859 567 4925 ἐγένετο
610 4858 717 4912 τοῦ
771 4858 1187 4987 ὲνὲιυτοιῦηοῦ
1231 4863 1526 4919 ἀπέθανεν
1568 4867 1744 4931 Ὀζῗιις
1798 4869 1831 4920 ὁ

886 4945 986 4982 ασι
1031 4947 1155 4987 ευς.

886 4945 1155 4996 ασιλευς.

253 5048 312 5099 α’.
328 5049 391 5101 Τί
415 5049 608 5118 δήποτε
625 5051 749 5112 τοὺς
768 5050 866 5120 μὲν
882 5051 1071 5114 ἀλλους
1095 5053 1315 5123 χρόνους
1337 5054 1442 5106 ἀπὸ
1456 5055 1551 5123 τῆς
1569 5057 1709 5124 ζωῆς
1725 5058 1829 5108 τῶν

197 5130 456 5197 βασιλέων,
482 5134 669 5189 τοῦτον
707 5137 764 5190 δὲ
793 5137 898 5189 ἀπὸ
925 5139 1022 5208 τῆς
1046 5141 1300 5210 τελευτῆς
1323 5145 1714 5211 χαρακτηρίζει
1737 5144 1828 5196 νῦν

195 5220 549 5290 ἀπροφήτηςς
579 5224 650 5275 Ού
697 5225 805 5293 γὰρ
849 5220 1020 5288 εἶπεν,
1064 5227 1306 5294 Ἐγένετο
1336 5231 1392 5280 ἐν
1440 5232 1556 5292 ταῖς
1597 5231 1828 5299 ἡμέραις

205 5306 392 5369 ’οζίου,
443 5310 590 5371 οὐδὲ,
630 5309 716 5361 Ἐν
768 5314 831 5380 τῇ
878 5312 1120 5384 βασιλεία
1159 5314 1368 5380 Ὀζίου,
1407 5316 1551 5381 ἀλλ’,
1591 5318 1830 5384 Ἐγένετο

197 5394 332 5447 ἡνίκα
367 5395 624 5449 ἀπέθανε.
665 5397 729 5448 Τί
764 5397 956 5466 δήποτε
991 5401 1046 5451 ἐν
1079 5401 1250 5470 τούτῳ
1285 5405 1455 5465 ποιεί;
1486 5404 1594 5472 Οὐχ
1621 5405 1824 5467 ἁπλῶς,

196 5479 297 5532 οὐδὲ
332 5485 405 5542 ὼς
451 5484 658 5550 ἔτυχεν,
695 5482 828 5535 ἀλλά
850 5501 900 5535 τι
933 5487 1238 5555 ἀπόρρητον
1269 5489 1394 5556 ἡμῖν
1419 5490 1727 5542 αἰνίττεται.
1768 5491 1828 5541 Τί

195 5565 412 5621 δὲτοῦτό
437 5573 618 5634 ἐστιν;
666 5572 844 5636 Ὀζίας
888 5569 1039 5635 οὗτος
1081 5578 1146 5644 τῇ
1181 5575 1286 5626 τῶν
1337 5579 1707 5646 γεγενημένων
1749 5581 1831 5631 εύ-

197 5659 383 5727 πραγία
425 5660 658 5728 μεθύων,
708 5661 798 5713 καὶ
848 5662 950 5714 ὑπὸ
993 5664 1089 5731 τῆς
1141 5664 1434 5733 εὐημερίας
1479 5667 1824 5736 ὀγκούμενος,

247 5797 270 5861 _'
297 5797 648 5861 Βθεεέκάστφ-

244 5857 658 5929 ῥὸιελιοιεῃρι
703 5861 823 5925 Reg.
868 5863 1017 5915 Savil.
1052 5865 1220 5929 ἀγάγῃ.
1265 5867 1362 5916 Sed
1410 5867 1568 5917 minus
1596 5875 1748 5928 recte,
1774 5875 1824 5919 ul

198 5923 324 5968 etiam
349 5927 512 5969 monet
539 5922 761 5972 Allcnus.

1945 507 2128 575 μεῖζον
2158 510 2258 578 τῆς
2299 511 2458 577 ἀξίας
2501 513 2784 584 ἐφρόνησε.
2836 512 2944 568 Καὶ
2990 515 3174 587 ἐπειδὴ
3212 517 3461 586 βασιλεὺς
3501 516 3592 593 ἦν,

1943 595 2186 663 ἐνόμισεν
2213 598 2358 668 αὐτῷ
2392 603 2684 669 προσήκειν
2734 602 3000 670 ἱερᾶσθαι,
3044 606 3138 656 καὶ
3183 607 3487 675 ἐπεπήδησε
3517 608 3594 678 τῷ

1945 681 2076 750 ναῷ,
2095 684 2185 735 καὶ
2210 685 2287 746 είς
2317 685 2383 736 τά
2402 686 2565 754 Ἅγια
2593 688 2697 738 τῶν
2727 689 2896 754 ἁγίων
2915 689 3148 757 εἰσῆλθε,
3173 692 3266 743 καὶ
3287 692 3379 744 τοῦ
3405 694 3593 762 ίερέως

1939 767 2233 830 κωλύοντος
2261 770 2350 821 καὶ
2379 771 2810 840 ἀπαγορεύοντος
2853 773 3002 842 αὐτῷ
3031 775 3129 844 τὴν
3163 777 3340 828 ἐκεῖσε
3369 770 3591 844 εἴσοδον,

1939 853 2038 905 οὑκ
2061 854 2337 924 ἠνέσχετο,
2370 857 2481 909 ἀλλ’
2507 859 2746 926 ἐνέμεινε
2771 862 2835 930 τῇ
2869 861 3052 930 μανίᾳ,
3075 861 3252 928 ὀλίγον
3284 864 3377 916 τοῦ
3406 868 3594 936 ίερέως

1939 941 2258 1011 ποιούμενος
2281 942 2453 1010 λόγον.
2483 944 2697 1016 Ταύτης
2747 948 2928 1000 ἕνεκεν
2962 947 3061 1017 τῆς
3091 949 3470 1020 ἀναισχυντίας
3497 955 3594 1007 ἐπ-

1939 1028 2145 1096 αφῆκεν
2183 1030 2331 1099 αὐτῷ
2357 1030 2558 1100 λέπραν
2585 1033 2612 1083 6
2635 1032 2764 1095 Θεὸς
2791 1034 2932 1088 κατά
2969 1035 3061 1088 τοῦ
3093 1036 3362 1105 μετώπου.
3389 1039 3592 1109 Βουλη-

1940 1114 2048 1176 θεὶς
2074 1117 2179 1186 γὰρ
2222 1117 2438 1172 πλείονα
2468 1119 2566 1187 τῆς
2597 1117 2760 1188 οὔσης
2785 1121 2949 1191 τιμὴν
2990 1121 3193 1184 λαϐεῖν,
3233 1125 3324 1176 καὶ
3353 1119 3421 1194 ἦς
3449 1121 3594 1194 εἶχεν

1940 1200 2209 1264 ἐξέπεσεν.
2242 1205 2314 1257 Ού
2343 1206 2448 1276 γὰρ
2480 1205 2542 1276 δὴ
2575 1205 2734 1274 μόνον
2783 1207 3079 1278 ἱερωσύνην
3125 1209 3186 1261 οὐ
3235 1211 3591 1281 προσέλαϐεν,

1939 1287 2073 1339 ἀλλά
2121 1290 2210 1342 καὶ
2238 1293 2524 1359 γενόμενος
2565 1292 2890 1362 ἀκάθαρτος,
2922 1294 3028 1347 τῶν
3059 1294 3342 1362 βασιλείων
3375 1297 3595 1363 ἐξεϐάλ-

1936 1372 2090 1435 λετο,
2124 1375 2218 1427 καὶ
2245 1376 2333 1428 τὸν
2371 1377 2583 1430 ἅπαντα
2613 1377 2799 1448 χρόνον
2830 1380 2886 1430 ἐν
2914 1377 3048 1447 οἴκῳ
3074 1380 3178 1431 τινὶ
3211 1383 3592 1452 κεκρυμμένος

1939 1460 2194 1529 κατῴκει,
2239 1461 2335 1531 τὴν
2382 1463 2639 1533 αἰσχύνην
2671 1464 2731 1516 οὐ
2774 1465 2974 1534 φέρων.
3014 1466 3122 1518 Καὶ
3166 1467 3194 1518 6
3235 1467 3360 1530 λαὸς
3382 1469 3439 1520 δὲ
3470 1487 3594 1524 συν-

1937 1549 2247 1617 απήλαυσεν
2272 1549 2412 1610 ἄπας
2446 1550 2542 1618 τῆς
2587 1551 2838 1620 τοιαύτης
2863 1552 3050 1622 ὀργῆς,
3079 1553 3159 1604 ὅτι
3188 1555 3313 1615 τοὺς
3341 1555 3431 1606 τοῦ
3457 1555 3591 1608 Θεοῦ

1939 1635 2130 1702 νόμους
2169 1636 2454 1704 περιεῖδον,
2494 1637 2584 1688 καὶ
2630 1638 2728 1703 τὴν
2774 1641 3068 1708 ἱερωσύνην
3102 1639 3462 1710 ὑϐριζομένην
3494 1643 3594 1695 οὐκ

1939 1715 2271 1788 ἐξεδίκησαν.
2306 1720 2426 1782 Πῶς
2470 1715 2561 1772 οὖν
2602 1722 2976 1790 συναπήλαυσε
3011 1724 3109 1791 τῆς
3136 1724 3335 1793 ὀργῆς;
3367 1725 3456 1794 Τῷ
3494 1726 3593 1796 τὴν

1939 1807 2265 1874 προφητείαν
2309 1806 2699 1875 ἀνασταλῆναι’
2767 1807 3112 1878 ὀργιζόμενος
3168 1808 3274 1879 γὰρ
3328 1811 3506 1874 αὐτοῖς
3564 1813 3593 1864 6

1938 1887 2067 1949 Θεὸς
2093 1888 2217 1957 περὶ
2241 1888 2450 1951 οὐδενὸς
2477 1887 2591 1960 [64]
2616 1889 2765 1941 οὐδὲν
2799 1891 3147 1961 ἀπεκρίνατο.
3185 1892 3320 1944 Ἀλλ’
3347 1894 3406 1945 οὐ
3433 1893 3592 1964 μέχρι

1938 1973 2138 2036 παντὸς
2175 1973 2329 2026 τοῦτο
2371 1974 2644 2044 ἐποίησεν,
2688 1975 2823 2028 ἀλλά
2852 1977 2929 2046 τῷ
2964 1977 3148 2046 μέτρῳ
3183 1977 3279 2048 τῆς
3317 1977 3464 2048 ζωῆς
3496 1979 3591 2032 τοῦ

1941 2057 2198 2126 βασιλέως
2230 2061 2320 2112 καὶ
2353 2060 2549 2131 μέτρον
2574 2061 2673 2130 τῆς
2695 2063 2962 2132 τιμωρίας
2994 2063 3210 2132 ὥρισεν.
3249 2064 3416 2133 Ὀμοῦ
3459 2066 3594 2132 γοῦν

1937 2144 2141 2196 ἐκείνου
2168 2146 2562 2209 καταλύσαντος
2592 2149 2689 2216 τὴν
2714 2146 2880 2217 ζωὴν,
2916 2150 3010 2201 καὶ
3045 2150 3074 2200 6
3114 2149 3246 2211 Θεὸς
3289 2152 3389 2220 τὴν
3426 2151 3595 2222 ὀργὴν

1935 2249 2222 2308 κατέλυσε,
2253 2247 2344 2299 καὶ
2376 2247 2478 2308 τάς
2509 2245 2678 2312 θύρας
2701 2248 2861 2298 πάλιν
2880 2245 2980 2313 τῆς
3005 2247 3338 2315 προφητείας
3361 2247 3589 2315 ἀνέῳξε.

1935 2331 2106 2384 Τοῦτο
2157 2329 2286 2397 γοῦν
2327 2327 2700 2397 αἰνιττόμενος
2737 2330 2766 2380 6
2797 2329 3080 2398 προφήτης
3114 2327 3419 2398 ἀνέμνησεν
3446 2329 3592 2398 ἡμᾶς

1932 2416 2027 2469 τοῦ
2054 2412 2244 2483 καιροῦ
2275 2413 2371 2481 τῆς
2402 2411 2660 2480 τελευτῆς
2693 2410 2787 2463 τοῦ
2824 2410 3108 2480 βασιλέως.

2002 2499 2201 2566 Διόπερ
2217 2497 2388 2560 οὕτως
2410 2496 2635 2566 ἄρχεται
2656 2495 2753 2564 τῆς
2768 2496 3131 2564 προφητείας,
3154 2494 3350 2562 λέγων·
3370 2495 3591 2564 Ἐγένε-

1932 2597 1998 2632 το
2015 2580 2119 2634 τοῦ
2156 2580 2350 2644 ἔτους,
2381 2575 2451 2634 οὗ
2487 2578 2787 2634 ἀπέθανεν
2815 2577 2996 2643 Ὀζίας
3021 2582 3053 2632 ὀ
3069 2579 3368 2644 βασιλεὺς
3390 2621 3404 2644 ,
3428 2575 3592 2632 εἶδον

1932 2664 2036 2715 τὸν
2054 2665 2272 2729 Κύριον
2292 2661 2654 2730 καθήμενον.
2670 2660 2860 2713 Καίτοι
2883 2677 2947 2728 γε
2964 2660 3238 2729 όΧριστός
3260 2677 3413 2730 φησι·
3445 2661 3591 2714 Θεὸν

1932 2744 2128 2808 οὐδεὶς
2164 2744 2380 2810 ἑώρακε
2419 2742 2754 2796 πώποτε.’0
2787 2740 3124 2810 μονογενὴς
3149 2741 3302 2807 Υἱὸς,
3324 2745 3356 2795 ό
3387 2742 3471 2793 ὢν
3499 2747 3585 2808 είς

1934 2829 2037 2879 τὸν
2052 2831 2282 2880 κόλπον
2305 2827 2411 2882 τοῦ
2429 2829 2654 2894 Πατρὸς
2673 2867 2687 2891 ,
2709 2827 2937 2891 ἐκεῖνος
2957 2824 3316 2894 ἐξηγήσατο.
3350 2827 3460 2880 Καὶ
3489 2830 3592 2882 πά-

1934 2916 2016 2968 λιν
2033 2933 2046 2946 ο
2075 2919 2194 2984 Οὐχ
2217 2917 2306 2969 ὅτι
2323 2917 2428 2970 τὸν
2444 2916 2675 2983 Πατέρα
2697 2933 2787 2982 τις
2806 2915 3083 2982 ἑώρακεν,
3099 2913 3249 2982 είμὴ
3274 2917 3304 2968 ό
3324 2914 3412 2967 ὢν
3435 2917 3591 2983 παρὰ

1933 3002 2040 3054 τοῦ
2091 3002 2236 3056 Θεοῦ
2267 3017 2280 3031 ·
2312 2997 2489 3067 οὗτος
2511 3001 2731 3069 ἑώρακε
2761 3001 2866 3053 τὸν
2899 2999 3150 3069 Πατέρα.
3184 3001 3293 3055 Καὶ
3317 3001 3453 3071 πρὸς
3499 3002 3590 3054 τὸν

1935 3089 2173 3143 Μωῦσέα
2227 3089 2385 3152 αὐτός
2443 3105 2639 3158 φησιν·
2685 3087 2890 3153 Οὐδείς
2925 3088 3133 3156 ὄψεται
3161 3089 3224 3141 τὸ
3265 3089 3589 3156 πρόσωπόν

1933 3196 2051 3246 μου
2095 3177 2193 3228 καὶ
2245 3174 2501 3242 ζήσεται.
2534 3173 2658 3238 Πῶς
2685 3171 2776 3227 οὖν
2805 3170 2956 3237 οὗτός
2975 3192 3137 3244 φησιν
3168 3175 3464 3245 ἑωρακέναι
3502 3175 3590 3228 τόν

1935 3264 2170 3335 Κύριον;
2197 3260 2374 3315 Εἶδον
2390 3263 2520 3332 γὰρ,
2540 3261 2693 3331 φησὶ,
2716 3262 3049 3329 τὸνΚύριον
3069 3278 3082 3292 ·
3106 3262 3204 3314 οὐκ
3236 3263 3453 3315 ἐναντία
3479 3266 3590 3324 τοῖς

1937 3352 2030 3403 τοῦ
2051 3350 2284 3420 Χριστοῦ
2308 3350 2501 3416 λέγων,
2535 3349 2666 3402 ἀλλά
2691 3351 2784 3402 καὶ
2813 3350 3015 3418 σφόδρα
3043 3349 3270 3417 συνῳδὰ.
3290 3351 3348 3401 Ὀ
3364 3349 3460 3417 μὲν
3483 3351 3591 3420 γάρ

1938 3437 2168 3508 Χριστὸς
2194 3437 2291 3506 τὴν
2319 3435 2524 3505 ἀκριϐῆ
2559 3436 2884 3503 κατανόησίν
2915 3452 3098 3503 φησιν,
3137 3439 3202 3504 ἢν
3226 3435 3396 3498 οὐδεὶς
3434 3432 3536 3488 εἶδε
3573 3453 3587 3466 ·

1938 3526 2150 3596 γυμνὴν
2205 3523 2313 3592 γὰρ
2361 3523 2459 3593 τὴν
2494 3522 2719 3593 θεότητα
2751 3523 2843 3576 καὶ
2873 3523 3150 3591 ἀκραιφνῆ
3176 3523 3273 3590 τὴν
3292 3523 3477 3575 οὐσίαν
3503 3525 3593 3576 ού-

1937 3613 2048 3675 δεὶς
2081 3613 2362 3674 ἐθεάσατο,
2386 3610 2525 3680 πλὴν
2551 3610 2643 3663 τοῦ
2664 3609 3001 3677 Μονογενοῦς
3027 3627 3039 3640 ο
3060 3611 3086 3662 6
3110 3609 3164 3661 δὲ
3195 3612 3482 3681 προφήτης
3499 3611 3594 3681 τὴν

1935 3708 2081 3778 αὐτῷ
2107 3708 2335 3776 δυνατὴν
2387 3707 2512 3759 ἰδεῖν
2555 3706 2904 3774 ἀπαγγέλλει.
2953 3705 3085 3760 Οὐδὲ
3118 3707 3227 3777 γὰρ
3265 3710 3426 3771 αὐτὸς
3463 3711 3594 3778 ὅπερ

1935 3797 2079 3847 ἐστὶν
2109 3796 2136 3846 6
2162 3794 2292 3856 Θεὸς
2327 3793 2455 3846 ἰδεῖν
2493 3792 2732 3862 ἠδυνήθη
2759 3832 2773 3856 ,
2809 3792 2943 3845 ἀλλά
2972 3794 3404 3862 σχηματισθέντα
3437 3797 3595 3848 αὑτὸν

1936 3882 2132 3953 θεωρεῖ
2163 3925 2176 3945 ,
2214 3881 2309 3933 καὶ
2343 3879 2590 3932 τοσοῦτον
2617 3880 2956 3942 καταϐάντα,
2986 3882 3106 3933 ὅσον
3146 3882 3408 3951 ἀναϐῆναι
3438 3886 3468 3951 ή
3504 3883 3596 3934 τοῦ

1935 3965 2264 4036 θεωροῦντος
2304 3963 2556 4017 ἀσθένεια
2601 3963 2812 4035 ἐχώρει.
2843 3965 2962 4016 Ὅτι
2997 3965 3104 4034 γὰρ
3147 3965 3206 4016 οὑ
3241 3968 3452 4035 γυμνὴν
3489 3964 3596 4018 εἶδε

1933 4055 2033 4125 τὴν
2065 4053 2321 4123 θεότητα,
2369 4050 2492 4104 οὕτε
2540 4050 2700 4112 αὐτὸς
2722 4089 2736 4112 ,
2789 4049 2910 4102 οὕτε
2939 4050 3096 4114 ἄλλος
3119 4052 3326 4116 οὐδεὶς,
3366 4054 3461 4104 ἀπ’
3496 4055 3596 4104 a6-

1932 4142 2039 4193 τῶν
2072 4135 2146 4193 ὧν
2179 4138 2606 4207 ἀπαγγέλλουσιν
2643 4135 2884 4206 εὔδηλον.
2917 4135 3101 4190 Εἶδον
3130 4136 3258 4208 γὰρ,
3293 4141 3447 4208 φησι,
3491 4140 3597 4192 τὸν

1932 4229 2147 4295 Κύριον
2192 4226 2542 4293 καθήμενον.
2589 4224 2723 4287 Θεὸς
2779 4223 2834 4276 δὲ
2877 4223 2937 4276 οὐ
2986 4223 3217 4294 κάθηται
3245 4240 3260 4255 ο
3333 4226 3597 4295 σωμάτων

1933 4317 2041 4385 γὰρ
2071 4317 2098 4366 6
2128 4311 2519 4383 σχηματισμός.
2553 4311 2663 4365 Καὶ
2691 4313 2788 4380 οὐχ
2816 4311 3024 4375 ἁπλῶς,
3069 4313 3435 4380 Καθήμενον,
3480 4315 3594 4366 ἀλλ’

1946 4401 2074 4453 Ἐπὶ
2108 4401 2342 4465 θρόνου.
2375 4397 2506 4456 Θεὸς
2538 4397 2595 4451 δὲ
2625 4399 2686 4450 ού
2717 4398 3026 4468 περιέχεται
3054 4415 3067 4429 ο
3100 4407 3218 4462 πῶς
3255 4400 3380 4469 γάρ,
3411 4403 3438 4453 6
3466 4419 3596 4454 παν·-

1930 4487 2095 4556 ταχοῦ
2127 4485 2338 4555 παρὼν,
2368 4486 2459 4538 καὶ
2481 4485 2547 4538 τά
2581 4487 2754 4539 πάντα
2778 4487 3016 4556 πληρῶν,
3049 4483 3120 4542 οὗ
3151 4488 3219 4539 ἐν
3243 4487 3318 4555 τῇ
3355 4489 3501 4555 χειρί
3523 4491 3592 4542 τὰ

1932 4573 2154 4640 πέρατα
2191 4572 2299 4640 τῆς
2329 4571 2478 4640 γῆς;
2529 4571 2690 4623 Ὅθεν
2735 4571 2910 4641 δῆλον,
2954 4573 3034 4624 ὅτι
3080 4573 3485 4640 συγκατάϐασις
3526 4570 3592 4644 ῆν

1931 4660 1990 4712 τὸ
2016 4659 2302 4730 ὁρώμενον.
2342 4656 2496 4710 Οὖτω
2517 4656 2645 4724 γοῦν
2684 4658 2868 4727 ἕτερος
2912 4659 3195 4727 προφήτης
3228 4660 3591 4729 αἰνιττόμενος

1930 4747 2109 4813 ἔλεγεν
2135 4748 2197 4798 ἐκ
2221 4744 2508 4815 προσώπου
2528 4745 2620 4796 τοῦ
2645 4745 2779 4796 Θεοῦ
2805 4761 2816 4775 ·
2843 4744 2982 4812 Ἐγὼ
3003 4744 3240 4810 ὁράσεις
3256 4746 3587 4811 ἐπλήθυνα,

1929 4835 2188 4898 τουτέστι,
2213 4833 2476 4902 διαφόρως
2505 4831 2711 4900 ῶφθην.
2747 4831 2808 4882 Εί
2851 4830 2907 4882 δὲ
2949 4831 3084 4900 αὑτὴ
3136 4834 3168 4900 ἡ
3207 4833 3360 4884 οὐσία
3410 4836 3590 4904 γυμνὴ

1929 4923 2194 4989 ἐφαίνετο,
2224 4923 2321 4972 ούκ
2355 4921 2418 4972 ἂν
2436 4919 2704 4988 διαφόρως
2728 4918 2894 4988 ἐφάνη
2930 4933 2943 4949 °
2992 4919 3106 4971 ἀλλ’
3145 4920 3329 4990 ἐπειδὴ
3382 4937 3589 4988 συγκα-

1927 5000 2196 5053 ταϐαίνων
2219 5011 2240 5039 ο
2269 5001 2363 5053 νῦν
2395 5002 2492 5070 μὲν
2517 5000 2693 5072 τούτῳ
2718 5002 2794 5072 τῷ
2825 5003 3031 5073 τρόπῳ,
3059 5005 3153 5058 νῦν
3183 5008 3236 5060 δέ
3262 5011 3454 5078 ἐκείνῳ
3477 5010 3588 5070 τοῖς

1929 5090 2232 5157 προφήταις
2262 5089 2452 5141 ἐαυτὸν
2480 5089 2739 5151 ἐδείκνυε,
2775 5092 3122 5162 καταλλήλως
3151 5097 3262 5156 τοῖς
3298 5096 3588 5164 ὑποκειμέ-

1929 5193 2038 5236 νοις
2094 5178 2306 5244 καιροῖς
2348 5176 2700 5244 σχηματίζων
2735 5177 2834 5240 τὰς
2867 5179 3019 5248 ὄψεις
3046 5219 3059 5240 ,
3090 5180 3177 5233 διὰ
3201 5182 3360 5234 τοῦτό
3385 5199 3546 5251 φησιν
3570 5198 3584 5212 ο

1938 5262 2210 5327 ’Θράσεις
2249 5263 2581 5329 ἐπλήθυνα,
2610 5264 2703 5316 καὶ
2731 5265 2800 5316 ἐν
2830 5266 3001 5333 χερσί
3034 5268 3352 5335 προφητῶν
3376 5268 3586 5337 ὡμοιώ-

1927 5351 2058 5414 θην.
2092 5349 2200 5417 Οὐχ
2235 5349 2423 5418 ῶσπερ
2455 5350 2624 5420 ήμην,
2661 5351 2887 5420 ἐφάνην,
2913 5355 3101 5420 φησὶν,
3139 5355 3253 5407 ἀλλ’
3297 5355 3584 5424 ὡμοιώθην

1927 5437 2062 5502 πρὸς
2107 5437 2241 5505 ὅπερ
2276 5437 2402 5488 ἰδεῖν
2443 5437 2702 5504 ἠδύναντο
2744 5441 2790 5490 οἱ
2845 5439 3192 5509 θεωροῦντες.
3239 5445 3402 5512 Ὀρᾷς
3454 5445 3583 5510 γοῦν

1925 5523 2084 5574 αὐτὸν
2127 5524 2219 5575 νῦν
2271 5525 2368 5593 μὲν
2419 5525 2747 5595 καθήμενον,
2789 5528 2883 5580 νῦν
2918 5528 2971 5580 δὲ
3017 5529 3376 5597 ὡπλισμένον,
3414 5531 3580 5583 νῦνδὲ

1925 5609 2081 5677 τρίχα
2127 5611 2311 5663 πολιὰν
2340 5611 2550 5680 ἔχοντα,
2580 5612 2674 5664 νῦν
2719 5613 2773 5664 δὲ
2803 5616 2878 5682 ,ἐν
2925 5613 3089 5684 αὖρα,
3117 5617 3210 5668 νῦν
3243 5617 3297 5668 δὲ
3326 5620 3381 5668 ἐν
3425 5619 3576 5686 πυρὶ,

1926 5697 2016 5748 νῦν
2042 5699 2092 5748 δὲ
2125 5700 2186 5749 ἐκ
2204 5699 2309 5750 τῶν
2334 5699 2598 5751 ὀπισθίων
2632 5701 2981 5770 φαινόμενον,
3015 5703 3108 5754 νῦν
3146 5705 3200 5755 δὲ
3233 5705 3452 5756 ἐπὶτῶν
3474 5707 3580 5756 Χε-

1925 5784 2151 5853 ρουϐὶμ,
2184 5785 2444 5855 καὶπρὸς
2485 5787 2823 5856 μεταλλικῶν
2875 5790 3014 5841 ύλῶν
3059 5790 3415 5862 λαμπρότητα
3470 5793 3578 5845 τῶν

1987 5914 2008 5942 τ
2033 5909 2113 5959 Sic
2142 5911 2411 5962 Bavaricus.
2442 5913 2535 5963 Alii
2564 5927 2679 5963 vero
2702 5914 2782 5963 οὖν
2819 5915 3131 5964 καταϐαίνων.
