4056 6460
429 429 502 483 69
1263 405 1320 462 S.
1359 401 1641 460 JOANNIS
1675 393 2153 454 CHRYSOSTOMI
2190 394 2501 450 ARCIIIEP.
2545 394 3079 453 CONSTANTINOP.
3755 404 3836 460 70

422 527 856 597 διαφανεστάτων
871 527 970 596 τὴν
995 526 1115 594 ὄψιν
1146 520 1617 590 ἔξεικονιζόμενον.
1644 516 1798 577 Τίνος
1849 515 1947 584 μὲν
1983 510 2076 566 οὖν

425 617 610 666 ἔνεκεν
641 613 736 665 νῦν
778 613 875 681 μὲν
909 611 1245 679 ὡπλισμένος
1288 607 1536 674 φαίνεται
1591 604 1684 654 καὶ
1731 599 2074 670 ᾑμαγμένος,

427 700 521 754 νῦν
539 701 595 751 δὲ
617 701 674 750 ὲν
694 699 772 766 τῷ
799 699 950 766 πυρὶ,
977 697 1070 748 νῦν
1089 697 1144 748 δὲ
1159 695 1224 746 τὰ
1241 692 1459 746 ὀπίσθια
1484 689 1712 750 δεικνὺς,
1745 686 1885 758 [ϋὸ]
1913 685 2005 737 νῦν
2021 685 2077 736 δὲ

325 791 332 796 ’
429 788 487 837 ὲν
511 783 742 854 οὐρανῷ,
781 783 874 835 νῦν
900 783 955 834 δὲ
985 784 1040 834 ὲν
1071 781 1264 850 θρόνῳ,
1295 778 1389 831 νῦν
1429 777 1486 828 δὲ
1514 774 1736 827 ἐπὶτῶν
1783 772 2080 842 Χερουϐὶμ,

430 872 494 922 οὐ
525 869 618 922 τοῦ
642 869 902 940 παρόντος
932 869 998 922 ἂν
1024 867 1107 934 είη
1136 866 1312 932 λέγειν
1342 863 1554 933 καιροῦ,
1584 862 1721 913 ὥστε
1748 859 1822 928 μὴ
1859 860 1918 911 τὸ
1943 858 2084 927 πάρ-

434 970 592 1024 ιργον
647 955 738 1008 τοῦ
777 955 936 1024 ἔργου
967 951 1216 1019 γενέσθαι
1262 950 1460 1018 μεῖζον.
1498 949 1644 1008 Τέως
1689 945 1745 998 δὲ
1791 947 2084 1011 ἀναγκαῖον

436 1043 576 1111 ὑπὲρ
591 1042 686 1111 τῆς
707 1041 981 1110 παρούσης
1005 1038 1177 1105 ὅψεως
1200 1035 1556 1104 διαλεχθῆναι.
1578 1032 1731 1093 Τίνος
1749 1029 1838 1084 οὖν
1857 1033 2039 1083 ἔνεκεν
2056 1040 2083 1068 ι

435 1127 579 1180 οὕτω
618 1126 864 1194 φαίνεται
889 1124 983 1177 νῦν
1001 1125 1091 1176 ἐπὶ
1125 1123 1310 1192 θρόνου
1344 1121 1674 1189 καθήμενος,
1699 1119 1790 1170 καί.
1818 1118 1956 1185 μετά
1976 1115 2084 1168 τῶν

438 1213 719 1283 Σεραφίμς
755 1210 1114 1280 Ἀνθρώπινον
1144 1209 1259 1270 ἔθος
1301 1210 1564 1276 μιμεῖται,
1601 1204 1783 1272 ἐπειδὴ
1817 1203 1910 1255 καὶ
1950 1202 2087 1270 πρὸς

439 1298 757 1368 ἀνθρώπους
810 1293 877 1366 ἦν
927 1297 955 1348 6
1001 1296 1154 1362 λόγος
1201 1295 1366 1363 αὐτῷ.
1411 1290 1627 1360 Ἐπειδὴ
1677 1292 1783 1360 γὰρ
1818 1289 2089 1356 ἀπόφασιν

440 1385 693 1455 ἐκφέρειν
725 1384 902 1453 μέλλει
928 1383 1066 1452 ὑπὲρ
1096 1380 1342 1451 μεγάλων
1373 1377 1708 1448 πραγμάτων
1747 1377 1840 1429 καὶ
1868 1375 1966 1442 τῆς
2010 1375 2090 1425 οἰ·-

443 1472 708 1540 κουμένης
738 1471 972 1539 ἀπάσης,
1007 1468 1169 1520 ἔτιδὲ
1219 1467 1312 1518 καὶ
1361 1467 1487 1536 περὶ
1528 1465 1634 1517 τῶν
1687 1461 2088 1532 Ἱεροσολύμων,

444 1559 538 1611 καὶ
566 1559 756 1627 διπλῆν
783 1557 960 1624 τίθησι
995 1554 1196 1623 ψῆφον,
1230 1553 1327 1622 τὴν
1365 1553 1460 1621 μὲν
1486 1551 1702 1604 κόλασιν
1723 1552 1786 1618 τῇ
1816 1549 1964 1600 πόλει
1999 1547 2094 1612 φέ-

449 1661 642 1716 ρουσαν
665 1645 757 1698 καὶ
786 1643 863 1712 τῷ
891 1641 1031 1693 ἔθνει
1061 1639 1241 1700 παντὶ,
1275 1639 1372 1708 τὴν
1398 1638 1453 1690 δὲ
1487 1636 1802 1707 εὐεργεσίαν
1829 1637 1894 1704 τῇ
1918 1635 2094 1687 οἰκου-

449 1735 603 1804 μένῃ,
636 1733 731 1786 καὶ
769 1731 1009 1803 μεγάλας
1036 1728 1506 1799 ἔπαγγελλομένην
1535 1726 1749 1789 ἐλπίδας
1790 1725 1884 1776 καὶ
1929 1723 2095 1793 τιμάς

446 1821 765 1881 ἀθανάτους.

519 1904 582 1974 β’.
614 1904 768 1967 Ἐθος
795 1903 852 1956 δι
877 1902 1270 1966 τοῖςδικάζουσι
1283 1900 1454 1954 ταῦτα
1479 1901 1648 1953 ποιεῖν
1677 1898 1748 1969 μὴ
1774 1896 1966 1966 λάθρα,
1984 1894 2095 1948 ἀλλ’

447 1993 530 2060 ἔφ’
554 1990 757 2060 ὑψηλοῦ
787 1990 880 2042 τοῦ
901 1989 1139 2059 βήματος
1171 1986 1530 2056 καθημένους,
1554 1983 1910 2054 παρεστώτων
1929 1982 2098 2035 ἀπάν-

446 2095 576 2143 των,
629 2077 722 2130 καί
781 2077 890 2128 τῶν
941 2073 1452 2145 παραπετασμάτων
1493 2070 1896 2138 συνελκομένων
1943 2067 2098 2120 τοῦτο

448 2164 642 2214 ποιεῖν.
671 2159 904 2220 Τούτους
926 2157 1017 2210 καὶ
1049 2155 1206 2218 αὐτὸς
1233 2156 1564 2225 μιμούμενος
1591 2153 1928 2221 παρέστησεν
1953 2149 2100 2221 αὐτῷ

447 2249 516 2300 τά
545 2246 810 2316 Σεραφὶμ,
838 2243 931 2298 καὶ
959 2244 1043 2313 ἐφ’
1074 2241 1278 2311 ὑψηλοῦ
1317 2240 1549 2308 κάθηται
1591 2238 1797 2307 θρόνου,
1832 2239 1924 2290 καὶ
1959 2236 2100 2291 οὕτω

448 2333 546 2403 τὴν
568 2334 837 2401 ἀπόφασιν
870 2331 1071 2400 ταύτην
1095 2329 1336 2399 ἐκφέρει.
1367 2325 1478 2382 Καὶ
1515 2325 1602 2380 ἵνα
1632 2324 1831 2397 μάθῃς,
1875 2325 1955 2376 ὅτι
2003 2325 2099 2392 οὐχ

451 2418 652 2486 ὑποψία
677 2419 736 2472 τὸ
763 2420 1012 2488 πρᾶγμα,
1035 2417 1169 2470 ἀλλά
1197 2417 1353 2469 τοῦτο
1380 2415 1499 2478 ἔθος
1523 2415 1690 2484 αὐτῷ,
1722 2414 1816 2467 καὶ
1832 2415 1888 2479 ἐξ
1913 2412 2100 2485 ἑτέρου

451 2504 727 2575 προφήτου
753 2505 910 2556 τοῦτο
948 2505 1275 2572 πειράσομαι
1307 2504 1525 2571 ποιῆσαι
1560 2501 1809 2570 φανερόν.
1856 2502 1964 2554 Καὶ
1995 2503 2103 2570 γὰρ

452 2589 546 2643 ἐπὶ
591 2589 684 2642 τοῦ
733 2588 954 2658 Δανιὴλ,
987 2587 1173 2656 ἐπειδὴ
1203 2587 1295 2640 καὶ
1333 2589 1449 2639 ἐκεῖ
1479 2586 1660 2654 ψῆφόν
1699 2602 1818 2638 τινα
1862 2587 2103 2656 μεγάλην

453 2678 704 2746 ἐκφέρειν
733 2675 921 2744 ἔμελλε
955 2673 1082 2742 περί
1112 2673 1378 2726 κολάσεων
1423 2671 1518 2724 καὶ
1563 2671 1836 2741 τιμωριῶν
1893 2673 2106 2724 Ἰουδαῖ-

453 2762 566 2816 κῶν
589 2763 682 2814 καὶ
713 2761 820 2813 τῶν
848 2759 1065 2828 ἀγαθῶν
1101 2759 1207 2811 τῶν
1238 2758 1537 2827 μελλόντων
1565 2761 1628 2828 τῇ
1651 2759 1936 2830 οἰκουμένῃ
1971 2759 2104 2811 δίδο-

456 2847 599 2909 σθαι,
621 2847 779 2900 κάκεῖ
800 2846 986 2916 θρόνος
1012 2843 1260 2913 φαίνεται
1287 2843 1535 2913 λαμπρὸς
1563 2845 1655 2896 καὶ
1679 2845 1996 2914 περιφανὴς,
2013 2847 2106 2898 καὶ

455 2933 624 3002 δῆμος
659 2933 900 3000 ἀγγέλων
932 2929 1308 3000 παρεστηκὼς,
1336 2931 1429 2982 καὶ
1461 2930 1587 3000 ἔθνη
1614 2931 1983 3000 ἀρχαγγέλων,
2012 2932 2106 2984 καὶ

456 3021 485 3071 6
511 3018 815 3086 Μονογενὴς
847 3017 1269 3086 συγκαθήμενος,
1319 3015 1411 3068 καὶ
1440 3015 1607 3084 βίϐλοι
1645 3016 1974 3082 ἀνοίγονται,
2015 3017 2108 3068 καὶ

459 3104 689 3171 ποταμοὶ
719 3102 885 3170 πυρὸς
914 3102 1178 3163 ἔλκονται,
1210 3101 1304 3154 καὶ
1332 3101 1592 3154 πάντοθεν
1627 3102 1811 3170 σχῆμα
1851 3101 2106 3169 δικαστη-

463 3188 576 3259 ρίου
601 3187 929 3239 συνίσταται.
958 3186 1066 3237 Καὶ
1088 3185 1201 3236 ἔστι
1236 3185 1459 3238 κάκεῖνα
1489 3186 1721 3253 συγγενῆ
1749 3189 1861 3247 τοῖς
1881 3186 2109 3238 ἐνταῦθα

456 3271 769 3343 λεγομένοις
819 3270 1067 3334 ἅπαντα,
1121 3269 1154 3340 ἦ
1199 3271 1292 3322 καὶ
1339 3270 1665 3340 σαφέστερον
1722 3272 1921 3332 ἐκεῖνος
1971 3271 2108 3322 αὐτά

459 3359 804 3426 ἀπαγγέλλει,
836 3357 927 3410 am
957 3357 1064 3409 τῶν
1089 3357 1292 3426 χρόνων
1319 3357 1606 3427 ἐγγύτερον
1639 3356 1953 3424 γινομένων,
2014 3357 2108 3408 καὶ

461 3445 596 3514 πρὸς
618 3444 785 3506 αὐτάς
815 3443 994 3494 λοιπὸν
1023 3443 1120 3504 τὰς
1143 3443 1306 3512 θύρας
1349 3444 1447 3510 τῆς
1491 3443 1822 3512 προφητείας
1855 3443 2108 3510 ἀφικνου-

469 3531 650 3601 μένης.
688 3529 844 3582 Ἀλλά
869 3527 1036 3581 ταῦτα
1060 3530 1168 3590 τοῖς
1199 3529 1500 3595 φιλοπόνοις
1538 3528 1760 3596 ἀφέντες
1789 3531 2108 3596 συναγαγεῖν

465 3616 558 3669 καὶ
580 3615 953 3685 παρατιθέναι,
984 3615 1076 3667 καὶ
1110 3615 1207 3684 τὴν
1233 3615 1496 3684 ἑκατέρας
1519 3615 1616 3684 τῆς
1647 3614 1975 3684 προφητείας
2005 3632 2109 3666 κοι-

464 3705 656 3756 νωνίαν
711 3701 1168 3770 καταμανθάνειν,
1215 3702 1348 3770 ὅπερ
1399 3700 1573 3770 ἔφην,
1611 3701 1707 3768 τῆς
1749 3703 2111 3770 προκειμένης

463 3790 621 3855 ἡμεῖς
643 3787 906 3855 ἁψώμεθα
943 3785 1078 3855 μετὰ
1103 3785 1412 3854 ἀκριϐείας,
1450 3786 1525 3847 ώς
1559 3785 1624 3838 ἀν
1652 3780 1761 3837 οἷόν
1795 3803 1851 3838 τε
1954 3787 2109 3856 ῥῆσιν

465 3871 697 3939 ἑκάστην
715 3871 1082 3939 ἐξηγούμενοι.
1113 3870 1265 3922 Οὕτω
1286 3871 1392 3939 γάρ
1423 3872 1516 3922 καί
1548 3873 1677 3940 ἡμῖν
1715 3872 1807 3923 καὶ
1851 3873 1978 3940 ύμῖν
2013 3889 2110 3924 σα-

465 3957 700 4025 φέστερα
730 3957 880 4008 ἔσται
909 3957 976 4008 τὰ
1004 3956 1286 4024 εἰρημένα.
1315 3956 1379 4006 Τί
1407 3952 1498 4007 οὖν
1533 3973 1729 4025 φησιν;
1781 3953 1960 4011 Εἶδον
2005 3957 2112 4010 τὸν

467 4045 684 4110 Κύριον
713 4043 1062 4112 καθήμενον.
1100 4041 1171 4093 Τὸ
1199 4041 1461 4110 καθῆσθαι
1505 4043 1595 4094 έπὶ
1624 4041 1808 4110 θρόνου
1847 4043 2111 4111 σύμϐολον

465 4129 550 4181 ἀεὶ
570 4127 801 4197 κρίσεώς
835 4129 982 4179 ἐστιν
1003 4166 1016 4188 ,
1044 4126 1229 4196 ὥσπερ
1269 4128 1298 4178 ό
1341 4127 1501 4178 Δαυῖδ
1548 4143 1709 4194 φησιν
1738 4144 1752 4158 ο
1793 4126 2112 4193 Ἐκὰθισας

466 4212 561 4265 ἐπί
605 4214 817 4279 θρόνου
860 4215 892 4265 ό
933 4213 1149 4278 κρίνων
1186 4211 1616 4278 δικαιοσύνηνο
1663 4213 1756 4264 καί⁵
1797 4214 1826 4264 ό
1863 4215 2059 4282 Δανιήλ
2093 4229 2109 4245 ·

470 4299 674 4364 Θρόνοι
696 4299 1006 4364 ἐτέθησαν,
1035 4298 1131 4350 καὶ
1156 4297 1450 4364 κριτήριον
1469 4297 1726 4354 ἐκάθισε.
1758 4299 1828 4351 Τὸ
1852 4299 1906 4351 δὲ
1929 4300 2111 4363 ἁπλῶς

468 4383 737 4452 καθῆσθαι
763 4384 945 4452 ἑτέρου
976 4383 1237 4452 σύμϐολον
1265 4379 1402 4435 εἷναί
1426 4400 1587 4452 φησιν
1611 4383 1639 4433 6
1671 4385 1974 4453 προφήτης.
2010 4385 2107 4436 Τί-

468 4489 554 4534 νος
575 4471 634 4524 δὲ
665 4470 884 4533 τούτους
914 4469 1017 4523 Τοῦ
1047 4469 1260 4535 παγίου,
1285 4469 1378 4520 τοῦ
1415 4470 1657 4538 μονίμου,
1679 4469 1770 4522 τοῦ
1795 4469 2106 4538 βεϐηκότος,

468 4558 560 4611 τοῦ
610 4559 897 4628 ἀτρέπτου,
925 4554 1018 4607 τοῦ
1045 4555 1419 4624 ἀτελευτήτου,
1449 4559 1545 4624 τῆς
1579 4555 1718 4624 ζωῆς
1745 4557 1842 4624 τῆς
1873 4556 2111 4624 ἀπεράν-

470 4663 583 4698 του.
622 4644 720 4695 Διά
749 4642 904 4694 τοῦτό
942 4657 1095 4710 φησι.
1125 4639 1195 4691 Συ
1233 4640 1530 4709 καθήμενος
1570 4640 1648 4700 εἰς
1670 4640 1759 4690 τὸν
1794 4640 1982 4702 αἰῶνα,
2020 4643 2112 4693 καὶ

471 4733 631 4800 ἡμεῖς
663 4729 1015 4796 ἀπολλύμενοι
1038 4728 1115 4788 εἰς
1137 4727 1227 4777 τὸν
1263 4728 1453 4780 αἰώνα.
1481 4726 1572 4787 Σύ,
1603 4726 1752 4792 φησί,
1791 4727 1982 4794 μένων,
2016 4725 2110 4788 ὢν,

472 4819 614 4881 ζῶν,
670 4815 756 4868 ἀεὶ
809 4813 1068 4874 ώσαύτως
1118 4811 1212 4862 ὢν.
1259 4812 1377 4862 Ὀτι
1426 4812 1532 4880 γὰρ
1575 4813 1634 4862 οὐ
1678 4812 1802 4880 περὶ
1851 4812 2113 4881 καθέδρας

473 4904 677 4968 ἔλεγεν,
706 4901 739 4969 ἡ
777 4897 1141 4966 ἀντιδιαστολὴ
1165 4897 1318 4964 δῆλον
1359 4896 1628 4961 εποίησεν.
1674 4897 1747 4948 Οὐ
1790 4897 1897 4966 γὰρ
1943 4896 2112 4961 εἶπεν,

456 4987 670 5056 ’Ἡμεῖς
712 4984 959 5045 ἔστιῖγτες,
993 4983 1144 5046 ἀλλά,
1194 4981 1587 5050 ’Λπολλύμενοι.
1625 4983 1697 5034 Τὸ
1730 4983 1784 5034 δὲ
1813 4984 1903 5034 ἐπὶ
1929 4985 2114 5052 θρόνου

476 5073 743 5142 καθῆσθαι
770 5071 830 5122 τὸ
869 5070 1070 5140 κρίνειν
1107 5068 1240 5120 ἐστί.
1288 5068 1382 5120 Διά
1427 5068 1581 5120 τοῦτο
1615 5069 1772 5120 αὐτὸν
1810 5069 1977 5132 οὕτως
2017 5073 2117 5142 ὁρᾷ

477 5159 779 5227 καθήμενον
809 5157 900 5207 ἐπὶ
930 5155 1116 5225 θρόνου
1151 5153 1351 5221 ὑψηλοῦ
1385 5154 1478 5205 καὶ
1509 5155 1816 5224 ἐπηρμένου
1837 5193 1848 5210 ,
1879 5156 1909 5223 ἢ
1936 5157 2117 5226 ἔτερον

489 5248 584 5314 μὲν
613 5243 791 5303 τοῦτο,
809 5243 992 5311 ἔτερον
1020 5241 1076 5292 δὲ
1105 5242 1276 5292 έκεῖνο
1304 5240 1610 5291 αἰνίττεται.
1643 5242 1749 5292 Καὶ
1783 5242 1888 5311 γάρ
1916 5243 2116 5311 ὑψηλὸς

475 5329 542 5401 ἦν
579 5333 608 5384 6
646 5330 852 5398 θρόνος,
894 5327 1174 5388 τουτέστι,
1236 5326 1405 5394 μέγας
1432 5367 1444 5387 ,
1482 5328 1574 5378 καὶ
1613 5327 1930 5395 ὑπερμήκης
1965 5347 1979 5359 .
2026 5332 2118 5383 καὶ

482 5416 799 5486 ἐπηρμένος,
828 5413 1086 5474 τουτέστι,
1133 5412 1224 5463 καὶ
1279 5414 1336 5463 ἐν
1385 5412 1504 5480 ὕψει
1548 5414 1861 5480 φαινόμενος
1906 5416 2115 5485 ἀφάτῳ,

476 5504 571 5556 καὶ
603 5503 888 5571 μετέωρος.
912 5500 1015 5552 Καὶ
1055 5499 1288 5564 πλήρης
1314 5501 1345 5550 ό
1373 5495 1536 5562 οἶκος
1563 5497 1668 5563 τῆς
1692 5499 1871 5564 δόξης
1912 5505 2116 5556 αὐτοῦ.

479 5597 633 5655 ιιοῖος
659 5589 833 5654 οἷκος;
860 5591 979 5642 εἰπέ
1007 5607 1114 5658 μοι.
1161 5589 1218 5640 Ὀ
1241 5589 1382 5649 ναός.
1409 5587 1518 5658 [661
1554 5589 1764 5658 Ἐπειδὴ
1786 5589 1891 5658 γάρ
1917 5593 2120 5644 ἐκεῖθεν

477 5683 510 5748 ή
537 5679 722 5748 ἔχθρα,
751 5676 969 5736 εἰκότως
989 5676 1081 5727 καὶ
1109 5676 1165 5725 έν
1196 5678 1257 5742 τῇ
1281 5674 1398 5741 ὕψει
1420 5678 1482 5743 τῇ
1515 5674 1788 5744 θαυμασία
1816 5677 1986 5746 ταύτῃ
2009 5680 2122 5730 ἐκεῖ

539 5805 563 5832 a
591 5802 716 5864 [7}ch
735 5808 785 5848 ει
807 5797 955 5846 Savil.
977 5799 1097 5864 τίνος
1121 5797 1200 5844 οὖν
1242 5798 1411 5864 ἕνεκενζ
1440 5797 1492 5846 In
1528 5798 1695 5847 Morel.
1727 5798 1805 5848 οὖν
1830 5800 1970 5849 deest
1998 5815 2008 5848 :
2032 5802 2118 5850 sed

480 5864 557 5913 hic
582 5858 906 5919 desideratur,
931 5869 979 5910 el
1000 5860 1280 5907 'l‘ilnmmua
1316 5858 1449 5920 legit.

2183 512 2488 582 καθήμενος
2522 513 2788 579 φαίνεται.
2820 513 2985 576 Δόξαν
3023 512 3078 567 δὲ
3128 513 3359 567 ἐνταῦθά
3401 532 3532 584 φησι
3579 516 3842 587 λαμπρό-

2179 616 2336 666 τητα,
2372 599 2486 666 φῶς
2514 600 2803 667 ἀπρόσιτον
2825 600 2873 654 δ.
2899 602 3035 670 ὅπερ
3084 602 3413 669 ἑρμηνεῦσαι
3450 601 3527 670 τῷ
3574 601 3714 670 λόγῳ
3759 599 3846 671 μὴ

2179 685 2492 752 δυνάμενος,
2519 684 2675 747 δόξαν
2707 685 2950 745 έκάλεσε,
2983 686 3076 738 καὶ
3125 687 3221 755 οὐχ
3272 687 3454 748 ἀπλῶς
3492 687 3668 750 δόξαν,
3700 688 3848 739 ἀλλὰ

2179 771 2309 823 Θεοῦ
2361 770 2532 835 δόξαν.
2577 771 2682 824 Kal
2733 773 2989 840 Σεραξρψ
3038 774 3422 837 είστήκεισαν
3471 775 3670 838 κύκλῳ
3726 773 3847 829 αύ-

2181 855 2307 911 τοῦ.
2354 856 2486 907 Τίνα
2538 856 2683 924 λέγει
2721 857 2893 910 ταῦτα
2936 859 3002 911 τὰ
3047 860 3335 928 Σεραφίμ;
3382 861 3646 929 Δυνάμεις
3687 862 3840 914 ἀσωο

2186 942 2386 1012 μάτους
2408 951 2430 979 ε
2465 940 2572 993 τῶν
2601 943 2710 995 ἀνω
2754 943 2956 1013 δήμων,
2995 940 3070 997 ὢν
3094 946 3189 1014 τὴν
3230 945 3425 1015 ἀρετὴν
3455 947 3546 998 καὶ
3587 946 3684 1014 τὴν
3731 964 3845 1014 μα-

2183 1028 2477 1097 καριότητα
2549 1029 2642 1080 καὶ
2708 1029 2814 1081 ἀπὸ
2886 1032 2983 1098 τῆς
3051 1031 3416 1101 προσηγορίας
3477 1033 3621 1084 ἔστιν
3685 1033 3845 1083 ἰδεῖν.

2185 1117 2262 1185 Τῇ
2320 1115 2426 1185 γὰρ
2485 1115 2758 1186 Ἐϐραίων
2815 1117 3027 1189 γλώττῃ
3092 1117 3308 1188 ἔμπυρα
3368 1119 3603 1188 στόματα
3665 1121 3844 1189 έρμηο

2186 1200 2400 1254 νεύεται
2429 1201 2496 1252 τά
2525 1203 2790 1272 Σεραφίμ.

2258 1286 2322 1339 Τί
2387 1282 2479 1339 οὖν
2513 1288 2578 1340 ἔκ
2640 1289 2825 1341 τούτου
2868 1289 3240 1360 μανθάνομεν;
3311 1290 3384 1344 Τὸ
3444 1291 3679 1361 καθαρὸν
3739 1293 3848 1360 τῆς

2187 1372 2372 1434 οὐσίας
2394 1412 2410 1436 ,
2445 1373 2506 1425 τὸ
2551 1373 2820 1444 ἄγρυπνον
2846 1417 2860 1441 ,
2908 1378 2969 1429 τὸ
3017 1377 3426 1449 διεγηγερμένον
3449 1420 3463 1444 ,
3511 1381 3570 1431 τὸ
3610 1379 3846 1448 γοργὸν,

2188 1459 2247 1510 τὸ
2304 1461 2648 1530 ἐνεργητικὸν
2675 1502 2689 1524 ,
2749 1463 2810 1513 τὸ
2863 1464 3206 1530 ἀκηλίδωτον.
3266 1463 3420 1517 Οὕτω
3472 1465 3601 1532 γοῦν
3654 1467 3748 1517 καὶ
3815 1467 3849 1518 6

2192 1553 2471 1621 προφήτης
2515 1551 2672 1603 Δαυῖδ
2729 1551 2835 1603 τῶν
2877 1553 2986 1605 ἀνω
3039 1554 3314 1623 δυνάμεων
3365 1555 3462 1624 τὴν
3509 1555 3850 1624 ἀπαραπόδιο

2194 1653 2314 1689 στον
2339 1637 2609 1690 διακονίαν
2643 1637 2957 1708 βουλόμενος
2977 1639 3106 1708 ἡμῖν
3136 1640 3482 1703 ινδείξασθαι,
3508 1643 3600 1693 καὶ
3623 1642 3684 1692 τὸ
3704 1641 3850 1710 ταχὺ

2193 1727 2291 1792 τῆς
2321 1724 2622 1793 ὑπηρεσίας
2667 1725 2760 1777 καὶ
2801 1725 3000 1796 σφόδρα
3043 1726 3279 1795 ὲνεργὲς,
3321 1727 3533 1793 ἔλεγενο
3573 1729 3626 1779 '0
3657 1727 3856 1780 ποιῶν

2194 1810 2334 1874 τοὺς
2361 1811 2652 1877 ἀγγέλους
2677 1813 2861 1866 αὐτοῦ
2902 1813 3225 1880 πνεύματα,
3274 1813 3370 1866 καί
3403 1814 3542 1878 τοὺς
3573 1817 3850 1879 dettom)-

2195 1895 2340 1961 τοὺς
2375 1895 2558 1948 αὑτοῦ
2604 1896 2791 1963 πυρὸς
2833 1901 3060 1966 φλόγα·
3106 1898 3168 1949 τὸ
3204 1900 3359 1968 ταχὺ,
3400 1898 3461 1950 τὸ
3504 1899 3720 1968 κοῦφον,
3781 1898 3850 1949 τδ

2196 1981 2517 2051 δραστήριον
2551 1984 2680 2051 ἡμῖν
2715 1983 2801 2034 διὰ
2824 1984 2931 2036 τῶν
2966 1983 3241 2053 στοιχείων
3271 1983 3470 2036 τούτων
3504 1985 3849 2053 ἐνδεικνύμε-

2199 2085 2308 2130 νος.
2334 2067 2566 2120 Τοιαῦτα
2611 2069 2705 2120 καί.
2737 2070 2790 2120 αἰ
2818 2068 3069 2139 δυνάμεις
3112 2069 3334 2136 αὐταίά,
3357 2072 3609 2140 καθαροῖς
3636 2072 3850 2138 στόμα-

2201 2171 2285 2206 σιν
2311 2152 2641 2224 ἀνυμνοῦσαι
2673 2153 2766 2206 τὸν
2803 2155 3095 2222 Δεσπότην,
3124 2155 3281 2226 ἔργον
3332 2157 3486 2208 τοῦτο
3515 2159 3728 2224 ἔχουσαι
3766 2157 3860 2207 δι-

2199 2241 2429 2310 ηνεκῶς,
2445 2241 2717 2310 εὐφημίας
2744 2241 3121 2312 ἀναφέρουσαι,
3144 2243 3475 2312 λειτουργίαν
3492 2243 3858 2296 ἀδιάλειπτον.

2201 2327 2446 2380 Δείκνυσι
2476 2327 2533 2379 δὲ
2564 2328 2738 2380 αὐτῶν
2768 2328 2827 2379 τὸ
2862 2328 3072 2397 ἀξίωμα
3097 2329 3154 2381 τὸ
3181 2329 3403 2398 πλησίον
3433 2327 3565 2382 εἶναι
3601 2329 3694 2382 τοῦ
3724 2330 3861 2399 θρό-

2201 2431 2312 2470 νου.
2347 2413 2610 2484 Καθάπερ
2631 2415 2738 2481 γάρ
2771 2415 2860 2466 ἐπὶ
2888 2416 2994 2466 τῶν
3025 2415 3284 2484 βασιλέων
3308 2417 3414 2468 τῶν
3456 2417 3546 2468 ἐπὶ
3574 2417 3678 2484 γῆς
3705 2419 3753 2468 οἱ
3797 2419 3863 2468 έν

2205 2502 2444 2571 μείζοσιν
2467 2499 2766 2571 ἀξιώμασιν
2791 2501 2960 2565 δντες,
2985 2502 3111 2572 παρ’
3137 2501 3298 2554 αὐτὸν
3332 2503 3589 2571 ἑστήκασι
3617 2503 3707 2553 τὸν
3727 2502 3864 2571 θρό-

2203 2605 2289 2639 νον
2314 2588 2401 2639 τὸν
2447 2588 2749 2655 βασιλικόν·
2787 2587 2929 2639 οὕτω
2965 2586 3029 2656 δὴ
3069 2575 3160 2637 καί
3191 2583 3348 2640 αὕται
3381 2589 3439 2638 αἰ
3478 2587 3733 2656 δυνάμεις
3767 2588 3863 2640 διὰ

2202 2675 2298 2741 τὴν
2329 2673 2764 2742 ὑπερϐάλλουσαν
2816 2673 3012 2742 ἀρετὴν
3061 2670 3152 2726 τὸν
3194 2672 3304 2723 ἀνω
3345 2672 3528 2740 θρόνον
3574 2674 3858 2739 κυκλοῦσι,

2203 2758 2302 2826 τῆς
2332 2759 2637 2828 ἀπορρήτου
2669 2760 3060 2829 μακαριότητος
3077 2761 3438 2815 ἀπολαύουσαι
3456 2761 3736 2832 διηνεκῶς,
3763 2763 3866 2819 καὶ

2203 2845 2540 2914 έντρυφῶσαι
2572 2847 2636 2912 τῇ
2681 2846 2923 2915 μακαρία
2964 2845 3112 2914 λήξει
3142 2846 3240 2914 τῆς
3268 2848 3602 2918 λειτουργίας
3629 2851 3861 2919 ταύτης.

2210 2929 2312 2992 Ἐξ
2351 2933 2635 2995 πτέρυγες
2673 2929 2751 2994 τῷ
2784 2931 2893 2993 ένί,
2923 2933 3018 2984 καί
3062 2931 3130 2994 ἐξ
3170 2933 3452 3002 πτέρυγες
3483 2935 3560 2996 τῷ
3596 2937 3708 2989 ἐνί.
3747 2939 3866 2990 Καὶ

2205 3015 2332 3080 ταῖς
2364 3017 2479 3084 μὲν
2516 3016 2657 3069 δυσί
2712 3017 3159 3070 κατεκάλυπτον
3199 3020 3338 3082 τοὺς
3383 3021 3569 3086 πόδας
3606 3023 3865 3089 ἑαυτῶν,

2205 3102 2332 3165 ταῖς
2368 3103 2436 3154 δὲ
2456 3102 2595 3155 δυσί
2618 3102 3064 3155 κατεκάλυπτον
3081 3105 3150 3157 τὰ
3166 3107 3449 3170 πρόσωπα
3472 3107 3715 3170 ἑαυτῶν,
3762 3110 3868 3160 καί

2206 3187 2333 3251 ταῖς
2360 3187 2539 3240 δυσὶν
2566 3188 2870 3240 ἐπέταντο.
2891 3188 2996 3239 Καὶ
3027 3189 3343 3257 ἐκέκραγεν
3367 3191 3563 3258 ἔτερος
3578 3195 3724 3260 πρὸς
3754 3198 3871 3246 τὸν

2205 3272 2428 3338 ἕτερον,
2448 3273 2542 3324 καί
2573 3274 2812 3340 ἔλεγον·
2845 3273 3059 3340 Ἀγιος,
3093 3274 3274 3341 ἅγιος,
3300 3276 3480 3342 ἅγιος,
3514 3281 3722 3344 Κύριος
3752 3285 3871 3333 Σα-

2208 3353 2379 3408 ϐαώθ.
2413 3354 2656 3420 Πλήρης
2684 3353 2849 3407 πᾶσα
2890 3356 2926 3420 ἠ
2959 3354 3031 3422 γῆ
3064 3353 3174 3421 τῆς
3199 3357 3381 3422 δόξης
3412 3360 3616 3412 αὑτοῦ.
3646 3361 3710 3410 Τί
3737 3361 3872 3428 βού-

2208 3439 2354 3492 λεται
2396 3441 2524 3509 ἡμῖν
2557 3439 2725 3492 ταῦτα
2757 3440 2822 3492 τὰ
2863 3443 3053 3508 πτερά,
3087 3443 3179 3492 καὶ
3206 3443 3256 3492 τί
3279 3444 3596 3497 αἰνίττονται
3629 3448 3766 3515 ὴμῖν
3810 3451 3869 3501 αἱ

2209 3527 2510 3595 πτέρυγες;
2543 3527 2615 3578 Οὐ
2645 3526 2749 3595 γάρ
2778 3527 2838 3596 δὴ
2869 3527 3038 3596 πτερά
3068 3528 3158 3579 ἐπὶ
3206 3529 3300 3590 τὰς
3345 3531 3663 3598 ἀσωμάτους
3697 3534 3869 3588 δυνά-

2211 3630 2327 3682 μεις
2374 3613 2621 3674 ἐκείνας’
2656 3612 2790 3663 ἀλλά
2846 3612 3004 3664 πάλιν
3062 3613 3149 3665 διὰ
3203 3617 3514 3683 παχυτέρων
3563 3621 3871 3686 σχημάτων

2207 3699 2487 3768 ἀπόρρητά
2535 3715 2651 3750 τινα
2681 3701 2808 3767 ήμῖν
2851 3700 2879 3749 ό
2922 3701 3202 3768 προφήτης
3243 3701 3553 3770 παραδηλοῖ,
3583 3721 3870 3770 συγκατα-

2209 3783 2406 3837 ϐαίνων
2440 3786 2536 3852 μὲν
2561 3787 2627 3852 τῇ
2660 3783 2909 3851 ἀσθενείᾳ
2934 3784 3038 3835 τῶν
3066 3786 3182 3836 τότε
3214 3787 3593 3854 ἀκροωμένων,
3623 3791 3774 3857 ὅμως
3806 3793 3870 3846 δὲ

2209 3872 2302 3924 καὶ
2320 3871 2404 3923 διά
2423 3873 2518 3939 τῆς
2544 3868 2995 3936 συγκαταϐάσεως
3020 3871 3196 3922 πᾶσαν
3217 3871 3448 3922 διάνοιαν
3467 3874 3870 3944 ὑπερϐαίνοντα

2208 3958 2450 4025 νοήματα
2481 3955 2616 4025 μετά
2647 3953 2928 4024 ἀκριϐείας
2950 3957 3080 4024 ἡμῖν
3110 3955 3528 4024 ἐνδεικνύμενος.

2279 4047 2347 4107 γ’.
2371 4041 2434 4092 Τί
2471 4040 2562 4092 οὕν
2583 4039 2904 4092 αἰνίττονται
2923 4041 2977 4090 αί
2999 4038 3262 4110 πτέρυγες
3279 4058 3293 4105 ;
3312 4041 3383 4092 Τὸ
3399 4043 3594 4110 ὑψηλὸν
3609 4045 3699 4096 καὶ
3728 4064 3868 4115 μετ.

2211 4126 2396 4196 ἀρσιον
2422 4125 2525 4177 τῶν
2563 4125 2837 4194 δυνάμεων
2879 4125 3099 4178 τούτων.
3125 4125 3279 4178 Οὕτω
3309 4130 3402 4179 καὶ
3431 4132 3458 4180 6
3493 4129 3726 4201 Γαϐριὴλ
3762 4153 3870 4187 πε-

2210 4213 2450 4280 τόμενος,
2491 4211 2584 4262 καί
2615 4212 2676 4262 ὲκ
2712 4210 2816 4262 τῶν
2845 4211 3080 4277 οὐρανῶν
3115 4213 3450 4266 καταϐαίνων
3474 4217 3736 4282 φαίνεται,
3775 4223 3870 4274 ἴνα

2215 4298 2388 4366 μάθῃς
2418 4296 2478 4347 τὸ
2514 4298 2646 4363 ταχύ
2685 4297 2776 4347 καὶ
2814 4296 3030 4363 κοῦφον.
3061 4297 3166 4348 Καὶ
3199 4298 3511 4368 θαυμάζεις,
3551 4304 3598 4354 εἰ
3627 4305 3715 4356 ἐπὶ
3751 4308 3870 4362 τῶν

2210 4382 2592 4451 λειτουργικῶν
2630 4382 2905 4450 δυνάμεων
2956 4383 3178 4446 ταύταις
3225 4389 3344 4448 ταῖς
3376 4387 3547 4451 λέξεσι
3571 4390 3859 4461 κέχρηται,

2210 4471 2340 4522 ὅπου
2365 4485 2426 4535 γε
2465 4471 2558 4520 καὶ
2585 4469 2669 4518 ἐπ’
2705 4468 2865 4520 αὐτοῦ
2907 4469 2997 4521 τοῦ
3027 4471 3135 4522 τῶν
3175 4470 3308 4524 ὅλων
3353 4473 3485 4526 Θεοῦ
3519 4477 3577 4528 οὐ
3610 4484 3867 4552 παρῃτή-

2213 4571 2339 4606 σατο
2367 4554 2568 4623 ταύτην
2616 4555 3086 4624 μεταχειρίσασθαι
3119 4559 3216 4626 τὴν
3254 4563 3682 4629 συγκατάϐασιν;
3720 4567 3866 4620 Βου-

2210 4643 2427 4711 λόμενος
2464 4644 2566 4712 γὰρ
2592 4643 2751 4694 αὐτοῦ
2775 4643 2938 4707 δεῖξαι
2965 4643 2996 4712 ἢ
3033 4644 3092 4696 τὸ
3124 4645 3426 4716 ἀσώματον,
3454 4650 3487 4719 ἢ
3512 4652 3570 4702 τὸ
3595 4654 3728 4720 ταχὺ
3761 4658 3870 4724 τῆς

2213 4728 2482 4796 πανταχοῦ
2534 4729 2847 4795 παρουσίας,
2897 4731 3058 4795 φησὶν
3099 4733 3127 4781 ό
3169 4733 3364 4783 Δαυῖδ·
3409 4736 3472 4787 '0
3523 4739 3872 4803 περιπατῶν

2211 4810 2306 4860 ἐπὶ
2329 4811 2630 4875 πτερύγων
2648 4809 2896 4876 ἀνέμων.
2926 4812 3111 4860 Καίτοι
3140 4811 3252 4882 [67]
3277 4831 3336 4880 γε
3364 4814 3483 4867 οὕτε
3510 4817 3693 4886 ἄνεμοι
3723 4824 3870 4875 πτέ-

2218 4911 2379 4963 ρυγας
2403 4895 2627 4962 ἔχουσιν,
2655 4894 2772 4946 οὕτε
2798 4894 2954 4956 αὐτὸς
2979 4895 3068 4946 ἐπὶ
3097 4899 3376 4967 πτερύγων
3401 4907 3697 4971 περιπατεῖ.
3733 4907 3870 4973 Πῶς

2214 4985 2340 5049 γὰρ,
2373 4984 2400 5032 ὁ
2434 4979 2702 5048 πανταχοῦ
2748 4981 2967 5050 παρών;
3006 4981 3142 5033 Ἀλλ’
3177 4985 3310 5053 ὅπερ
3355 4985 3521 5056 ἔφθην
3559 4989 3746 5053 εἰπὼν,
3794 4999 3866 5067 τῇ

2215 5068 2463 5136 ἀσθενείᾳ
2488 5067 2594 5118 τῶν
2616 5068 2912 5120 ἀκουόντων
2940 5071 3400 5135 συγκαταϐαίνων,
3431 5075 3533 5126 ἀπὸ
3555 5077 3659 5128 τῶν
3683 5080 3869 5149 ἐγχω-

2217 5154 2447 5224 ρούντων
2469 5154 2665 5221 ἀνῆγεν
2691 5153 2863 5205 αὐτῶν
2885 5155 2979 5222 τὴν
3006 5155 3255 5211 διάνοιαν.
3285 5159 3388 5210 Καὶ
3416 5160 3572 5214 πάλιν
3602 5163 3698 5232 τὴν
3726 5165 3868 5237 βοή-

2218 5241 2363 5292 θειαν
2396 5241 2556 5294 αὐτοῦ
2591 5241 2905 5310 βουλόμενος
2951 5245 3043 5295 καὶ
3089 5244 3184 5314 τὴν
3235 5247 3297 5298 έκ
3337 5249 3534 5318 ταύτης
3559 5253 3870 5320 ἀσφάλειαν

2217 5328 2560 5391 ἐνδείξασθαι,
2593 5332 2705 5391 ταῖς
2734 5331 2917 5391 αὐταῖς
2952 5330 3206 5400 κέχρηται
3232 5333 3452 5398 λέξεσιν,
3477 5335 3616 5389 οὕτω
3646 5337 3830 5407 λέγων
3851 5362 3867 5376 ο

2231 5417 2329 5469 Ἐν
2361 5414 2555 5482 σκέπῃ
2584 5414 2697 5466 τῶν
2744 5417 3044 5484 πτερύγων
3081 5432 3195 5470 σου
3240 5419 3564 5486 σκεπάσεις
3597 5441 3692 5490 με.
3740 5428 3866 5480 Ἐν-

2279 5559 2447 5631 ὶοβεεζ.
2477 5561 2821 5637 (τιθείμφῷς
2849 5563 3125 5637 ἀπόρρητον.
3160 5565 3325 5637 Μοτοι.
3376 5573 3426 5616 et
3469 5568 3724 5621 Bavaricus
3767 5580 3871 5637 φῶς

2218 5623 2486 5694 ἀπιρὸςξιτον.
2511 5623 2887 5694 algueuila‘legit
2907 5623 3186 5694 Τίιηιειιυυε
3209 5627 3465 5694 intgrpres.

2268 5687 2301 5752 ὐ
2336 5684 2452 5737 Reg.
2485 5684 2700 5752 918a)“:
2739 5684 2950 5752 δυνάμεις
2969 5686 3225 5752 ἀσώματοι.
3263 5684 3439 5752 νότοι.
3478 5690 3690 5752 δυνάμεις
3729 5697 3872 5744 ἀσω-

2220 5746 2388 5810 μάτους
2413 5750 2565 5810 rec_le,
2587 5748 2638 5787 et
2663 5746 2731 5810 sic_
2747 5747 2903 5810 etiam
2920 5748 3140 5810 emendat
3166 5746 3372 5810 Saqiliqs
3390 5751 3435 5796 In
3459 5746 3695 5810 marging.

2253 5800 2308 5907 ια
2336 5802 2589 5851 Bavaricus
2609 5804 2820 5852 τοιαῦται
2863 5809 2910 5854 αί
2951 5807 3160 5866 δυνάμεις
3206 5807 3360 5854 αὐταί.
3403 5810 3500 5859 Alii
3550 5800 3747 5860 τοιαῦτα
3782 5815 3866 5865 ιιι

2220 5877 2285 5909 αι.
