4152 6464
240 404 313 460 69
1530 383 1596 438 IN
1638 382 1888 449 ISAIAM,
1928 382 2058 440 CAP
2085 426 2098 440 .
2142 385 2229 443 Vl.
3434 410 3505 465 70

240 506 405 567 modo
427 508 483 563 in
512 522 667 570 aura,
695 504 857 560 modo
896 504 947 558 in
990 504 1132 574 igne,
1159 515 1298 556 nunc
1322 517 1353 555 a
1394 507 1543 569 tergo
1578 513 1843 568 apparen-

244 614 357 660 tem
380 645 396 671 ,
419 617 567 656 nunc
592 614 761 670 super
789 596 1075 653 Cberubim
1096 636 1111 659 ,
1141 604 1195 650 et
1222 594 1287 647 ad
1316 592 1706 648 metallicarum
1733 604 1847 644 ma-

246 695 508 750 teriarum
548 693 720 760 magis
760 688 1141 759 pellucidarum
1191 684 1528 755 splendorem
1560 682 1841 752 imaginem

243 786 699 841 conformantem.
750 781 860 835 Cur
907 793 1035 847 ergo
1076 776 1235 831 modo
1270 784 1505 829 armatus
1532 782 1752 843 apparet
1790 781 1844 827 et

243 891 447 932 cruore
472 886 809 942 conspersus,
831 868 1117 939 aliquando
1133 868 1184 922 in
1209 867 1349 937 igne,
1369 864 1527 920 modo
1549 864 1843 933 posteriora

246 967 565 1029 ostendens,
594 964 754 1019 modo
781 964 831 1016 in
878 960 1031 1026 caelo,
1080 957 1241 1013 modo
1276 958 1328 1011 in
1364 957 1519 1021 solio,
1548 970 1689 1009 nunc
1713 968 1841 1009 vero

242 1058 736 1129 superCherubim,
756 1069 860 1108 non
887 1050 1167 1122 przcsentis
1190 1048 1444 1118 temporis
1461 1047 1618 1101 fuerit
1638 1046 1837 1111 dicere,

243 1166 321 1205 ne
344 1149 686 1203 corollarium
718 1146 807 1199 fiat
834 1158 1000 1213 Opere
1036 1142 1229 1210 majus.
1264 1140 1477 1195 Interim
1517 1153 1694 1207 operte
1722 1152 1843 1206 pre-

244 1242 392 1293 tium
428 1238 585 1292 fuerit
624 1237 690 1291 de
720 1233 971 1304 presenti
1013 1232 1221 1286 visione
1259 1231 1545 1285 disserere.
1574 1227 1682 1283 Cur
1711 1241 1841 1297 ergo

244 1343 403 1384 nunc
427 1330 503 1383 sic
535 1336 755 1398 apparet
775 1340 935 1395 super
960 1322 1151 1379 solium
1182 1320 1396 1386 sedens,
1436 1329 1491 1374 et
1529 1334 1649 1374 cum
1680 1316 1840 1373 Sera-

245 1418 449 1489 phim?
483 1418 777 1472 Humanum
800 1431 1005 1470 morem
1030 1414 1282 1477 imitatur,
1303 1412 1423 1482 quia
1454 1426 1575 1464 cum
1608 1409 1840 1464 homini-

243 1513 355 1567 bus
374 1524 549 1566 sermo
570 1509 668 1579 ipsi
697 1518 832 1562 erat.
859 1506 991 1572 Quia
1018 1504 1159 1560 enim
1184 1502 1507 1558 sententiam
1540 1501 1841 1569 prolaturus

240 1613 337 1658 est
367 1603 437 1657 de
459 1602 659 1672 magnis
680 1601 839 1656 rebus
867 1599 1042 1669 deque
1074 1606 1185 1652 toto
1210 1606 1473 1650 terrarum
1502 1593 1654 1656 orbe,
1695 1594 1841 1647 insu-

245 1710 461 1765 perque
484 1695 550 1749 de
564 1690 931 1761 Jerosolymis,
962 1687 1232 1758 duplicem
1257 1686 1460 1756 profert
1482 1684 1799 1739 sententiam
1819 1725 1835 1750 ,

238 1787 476 1841 alteram
500 1798 599 1853 qua
629 1797 837 1852 poenam
865 1779 1108 1835 decernit
1140 1776 1261 1831 urbi
1292 1785 1346 1831 et
1366 1776 1511 1846 genti
1549 1775 1677 1840 toti,
1708 1775 1840 1830 alte-

238 1893 366 1933 ram
390 1892 505 1945 quae
527 1874 839 1930 beneficium
880 1871 995 1926 orbi
1023 1879 1671 1940 terrarum,magnamque
1690 1882 1840 1937 spem

239 1972 539 2043 pollicetur
588 1979 639 2024 et
670 1969 901 2022 honores
925 1964 1272 2019 immortales.

318 2063 379 2116 Ξ.
399 2061 507 2115 Mos
532 2068 612 2114 est
628 2069 802 2113 autem
820 2056 1089 2128 judicibus
1105 2055 1220 2110 haec
1236 2069 1341 2109 non
1359 2053 1498 2108 clam
1520 2052 1714 2117 facere,
1736 2051 1831 2107 sed

238 2155 302 2210 in
330 2153 543 2209 excelso
574 2150 821 2206 tribunali
868 2148 1152 2215 sedentes,
1201 2147 1449 2202 omnibus
1475 2140 1835 2201 adstantibus,

235 2259 301 2302 et
349 2246 633 2300 contractis
666 2243 815 2298 velis.
850 2241 959 2297 Hos
989 2240 1203 2294 imitans
1253 2239 1394 2293 Deus
1428 2236 1527 2292 sibi
1550 2235 1834 2291 Cherubim

236 2337 463 2393 adstare
484 2336 661 2405 jussit,
692 2342 745 2390 et
775 2333 827 2387 in
858 2331 1072 2387 excelso
1098 2329 1234 2385 solio
1273 2329 1445 2395 sedet,
1478 2327 1663 2396 sicque
1705 2342 1833 2380 sen-

238 2433 472 2484 tentiam
518 2427 655 2481 banc
694 2424 916 2494 profert.
951 2424 1019 2477 Et
1047 2431 1106 2477 ut
1132 2421 1309 2476 discas
1350 2434 1463 2474 rem
1494 2433 1599 2473 non
1646 2418 1835 2487 conje-

235 2530 403 2574 ctura
430 2526 628 2571 tantum
682 2516 802 2578 niti,
854 2513 947 2569 sed
978 2512 1120 2566 hunc
1159 2511 1231 2565 illi
1266 2524 1469 2565 morem
1508 2509 1673 2563 fuisse
1697 2548 1711 2572 ,
1763 2523 1829 2562 ex

233 2611 351 2665 alio
383 2624 590 2679 quoque
627 2605 885 2677 propheta
916 2604 963 2658 id
1003 2602 1177 2672 palam
1229 2601 1401 2655 facere
1428 2598 1664 2652 tentabo.
1702 2597 1832 2651 Nam

234 2699 389 2768 apud
416 2698 705 2763 Danielem,
738 2695 987 2765 quoniam
1016 2692 1087 2747 ibi
1114 2692 1273 2746 etiam
1295 2690 1611 2744 sententiam
1642 2703 1833 2757 quam-

237 2787 372 2842 dam
400 2801 639 2856 magnam
672 2785 974 2854 prolaturus
996 2790 1113 2837 erat
1140 2780 1280 2835 circa
1302 2779 1560 2849 supplicia
1592 2786 1644 2833 et
1675 2778 1833 2832 ultio.

235 2892 343 2933 nes
373 2877 570 2932 Judazis
600 2874 906 2930 inferendas
928 2914 944 2939 ,
995 2881 1050 2927 et
1070 2872 1211 2927 circa
1257 2871 1391 2925 bona
1418 2885 1539 2939 qua:
1583 2868 1700 2923 orbi
1728 2877 1836 2922 ter-

235 2984 428 3023 rarum
451 2966 767 3022 conferenda
789 2973 960 3031 erant,
985 2963 1177 3017 solium
1198 2976 1405 3031 quoque
1419 2969 1638 3031 apparet
1660 2959 1835 3029 splen-

234 3058 430 3112 didum
462 3066 516 3111 ct
556 3057 920 3126 conSpicuum,
961 3063 1014 3110 et
1039 3054 1348 3123 angelorum
1376 3051 1570 3106 chorus
1592 3050 1829 3114 adstans,

233 3156 299 3202 et
342 3146 778 3215 archangelorum
832 3154 1020 3209 cintus,
1066 3152 1121 3198 et
1166 3141 1474 3211 Unigenitus
1516 3141 1726 3207 sedens,
1778 3149 1831 3195 et

233 3237 368 3292 libri
395 3236 720 3305 aperiuntur,
766 3243 819 3290 et
850 3234 993 3288 ﬂuvii
1040 3234 1178 3301 ignei
1223 3241 1467 3295 manant,
1513 3241 1568 3286 et
1597 3232 1831 3301 undique

235 3327 523 3382 tribunalis
570 3325 739 3379 forma
787 3324 1127 3379 constituitur
1155 3321 1411 3392 (Dan.7).
1464 3319 1601 3375 Sunt
1650 3329 1826 3374 autem

234 3422 332 3476 illa
376 3422 552 3474 omnia
584 3420 646 3473 iis
690 3418 887 3482 affinis,
919 3431 1036 3486 qua:
1067 3415 1154 3469 hic
1195 3421 1477 3469 narrantur
1504 3429 1519 3467 :
1548 3423 1638 3467 aut
1667 3413 1825 3467 etiam

231 3512 481 3581 apertius
528 3511 571 3564 is
601 3510 714 3563 hmc
759 3508 1074 3572 annuntiat,
1129 3506 1249 3575 quia
1292 3503 1543 3559 viciniora
1591 3513 1826 3571 tempora

238 3605 335 3659 illa
370 3611 539 3668 erant,
571 3614 623 3657 et
651 3602 717 3655 ad
749 3600 891 3669 ipsas
919 3600 1134 3654 demum
1162 3597 1305 3652 fores
1344 3594 1617 3665 prophetia
1642 3608 1827 3663 perve-

232 3692 620 3747 nerat.Verum
651 3690 765 3744 hinc
789 3689 1041 3744 studiosis
1072 3689 1453 3756 relinquentes,
1478 3696 1534 3739 ut
1565 3684 1817 3751 colligant

229 3792 291 3839 et
339 3793 644 3850 apponant,
688 3791 742 3835 et
771 3781 1045 3849 utriusque
1077 3778 1368 3847 pr0phetite
1415 3774 1818 3828 consonantiam

228 3875 502 3933 ediscant,
533 3875 606 3925 uti
631 3873 739 3941 jam
766 3872 895 3935 dixi,
924 3885 1039 3924 eam
1069 3884 1227 3938 quam
1267 3866 1420 3921 nobis
1448 3865 1824 3933 proposuimus

212 3962 347 4030 jam
385 3972 628 4017 accurate
673 3969 982 4023 tractemus,
1032 3975 1132 4029 pro
1180 3957 1319 4011 virili
1366 3962 1545 4008 nostra
1591 3954 1825 4023 singulas

227 4055 501 4112 dictiones
521 4051 899 4121 expendentes.
928 4050 999 4104 Ita
1030 4048 1173 4104 enim
1213 4057 1266 4101 et
1296 4046 1449 4101 nobis
1475 4054 1528 4100 et
1553 4044 1705 4099 vobis
1735 4043 1820 4097 di-

229 4144 497 4201 lucidiora
523 4150 678 4199 erunt
701 4156 761 4196 ea
779 4155 896 4211 qua:
917 4139 1053 4194 dicta
1072 4147 1211 4194 sunt.
1237 4137 1371 4205 Quid
1398 4137 1556 4206 igitur
1570 4135 1679 4189 ait?
1710 4133 1824 4186 Vidi

234 4233 519 4288 Dominum
546 4232 812 4285 sedentem.
842 4229 895 4281 In
927 4229 1062 4281 solio
1090 4228 1300 4292 sedere,
1354 4240 1564 4292 semper
1606 4222 1821 4292 symbo-

230 4329 350 4383 lum
370 4323 552 4392 judicii
579 4331 679 4387 est,
725 4318 1171 4390 quemadmodum
1195 4315 1357 4370 David
1388 4316 1461 4367 ait
1488 4331 1500 4365 ;
1530 4313 1722 4367 Sedisti
1740 4329 1819 4366 su-

233 4434 333 4487 per
384 4418 615 4467 thronum
661 4413 747 4480 qui
780 4411 987 4482 judicas
1023 4411 1277 4480 justitiam
1316 4407 1492 4479 (Psal.
1520 4406 1705 4475 9.4);
1762 4414 1822 4458 et

235 4505 431 4562 Daniel
464 4503 693 4559 :Throni
743 4503 891 4572 positi
929 4511 1083 4567 sunt,
1129 4510 1173 4554 et
1200 4499 1463 4567 judicium
1503 4497 1630 4550 sedit
1658 4495 1818 4562 (Dan.

230 4597 421 4667 7.9).
454 4594 655 4650 Sedere
682 4602 857 4646 autem
901 4591 1107 4660 simplic
1151 4605 1210 4645 er
1258 4588 1476 4643 alterius
1524 4585 1819 4655 symbolum

226 4698 343 4753 cst,
366 4688 439 4741 ait
468 4686 742 4755 propheta.
773 4682 1095 4752 Cujusnam?
1123 4681 1306 4748 Firmi,
1339 4679 1823 4745 manentis,proce-

230 4780 441 4841 dentis,
466 4775 825 4839 immutabilis,
847 4773 1398 4836 intertninabilis,vit:e
1420 4768 1820 4839 perennis.ldeo

232 4873 349 4925 ait:
375 4868 454 4923 Tu
485 4867 677 4920 sedens
706 4865 757 4917 in
780 4866 1053 4931 saaculum,
1081 4873 1135 4918 et
1152 4878 1248 4917 nos
1274 4870 1557 4932 pereuntes
1583 4861 1633 4913 in
1654 4874 1822 4912 saecu-

231 4963 354 5019 lum
375 4961 469 5032 (a).
508 4961 610 5026 Tu,
638 4960 827 5030 inquit,
857 4972 1102 5022 manens,
1135 4956 1417 5020 exsistens,
1445 4952 1647 5015 vivens,
1680 4965 1821 5003 scm-

234 5069 341 5125 per
367 5053 552 5107 eodem
574 5052 841 5107 exsisteus
869 5050 1049 5104 modo.
1072 5048 1223 5114 Quod
1256 5046 1396 5101 enim
1426 5043 1476 5098 id
1506 5058 1611 5097 non
1630 5041 1819 5094 dixerit

232 5144 310 5199 de
334 5141 605 5206 cathedra,
657 5142 766 5209 ipsa
805 5139 1075 5194 distinctio
1100 5133 1498 5192 demonstravit.
1524 5131 1637 5186 Non
1680 5131 1819 5184 enim

232 5234 401 5301 dixit,
428 5233 535 5289 Nos
559 5242 779 5297 stantes,
813 5231 929 5295 sed,
954 5240 1256 5301 pereuntes.
1290 5226 1420 5281 illud
1451 5233 1624 5278 autem
1658 5223 1708 5276 in
1731 5236 1820 5275 so-

234 5328 316 5384 lio
343 5325 551 5391 sedere,
581 5323 632 5379 id
659 5331 741 5378 est
766 5322 1022 5392 judicare.
1053 5321 1179 5375 Ideo
1209 5320 1381 5387 ipsum
1421 5317 1497 5369 sic
1542 5314 1688 5367 videt
1732 5328 1821 5367 se-

230 5420 457 5477 dentem
482 5432 642 5488 super
666 5415 855 5470 solium
884 5411 1155 5467 excelsum
1171 5419 1223 5464 et
1245 5410 1508 5465 elcvatum
1535 5424 1548 5471 ;
1571 5405 1655 5460 vel
1680 5403 1822 5458 aliud

230 5516 369 5577 hoc,
391 5512 529 5567 aliud
562 5508 693 5566 illud
720 5505 1037 5562 subindicat.
1070 5503 1276 5557 Etenim
1300 5501 1566 5556 excelsum
1598 5505 1712 5551 erat
1737 5511 1824 5549 so-

229 5607 387 5669 lium,
432 5603 481 5659 id
510 5610 595 5659 est
630 5611 884 5671 magnum
915 5602 969 5650 et
994 5593 1313 5648 altissimum
1335 5634 1349 5659 ,
1378 5599 1431 5646 et
1460 5590 1743 5651 elevatum,
1774 5585 1823 5640 id

298 5740 365 5802 (a)
398 5738 608 5802 Videtur
652 5734 734 5802 hic
766 5731 1134 5802 Chrysostomus
1155 5725 1326 5802 locum
1350 5725 1599 5802 aliquem
1611 5720 1823 5802 “partiens

226 5787 421 5858 “erro.
445 5787 540 5855 aut,
552 5798 767 5852 alterius
783 5787 1063 5858 pro'phette;
1087 5790 1177 5839 sed
1198 5787 1384 5838 nullum
1406 5787 1556 5836 talem
1577 5787 1789 5846 reperio.

1948 508 2063 564 est,
2112 499 2384 556 immensa:
2410 502 2702 560 altitudinis
2747 520 3006 574 apparens
3056 516 3111 563 et
3154 511 3413 570 sublimis.
3451 516 3518 570 Et

1948 589 2098 657 plena
2123 599 2228 642 erat
2269 591 2446 646 domus
2471 594 2633 661 gloria
2661 596 2788 666 ejus.
2819 596 2950 664 Qum
2988 597 3214 654 domus?
3242 603 3328 657 dic
3364 606 3517 668 mihi.

1946 678 2245 750 Templum.
2268 682 2397 749 Quia
2417 685 2555 738 enim
2581 686 2726 741 illine
2746 688 3369 757 oriebanturinimicitize,
3396 696 3521 761 jure

1946 769 1999 823 in
2020 769 2118 826 hac
2139 772 2367 827 mirabili
2388 774 2589 830 visione
2610 776 2679 829 ibi
2700 779 3023 847 conspicitur
3046 782 3256 837 sedens.
3281 784 3514 843 Gloriam

1943 870 2120 916 autem
2164 862 2250 917 hic
2276 873 2432 919 vocat
2479 866 3030 936 splendorem,lucem
3074 872 3512 947 inaccessililem,

1943 968 2101 1021 quam
2128 969 2247 1008 eum
2275 971 2378 1009 non
2420 966 2602 1027 posset
2635 960 2807 1014 verbis
2833 963 3149 1029 exprimere,
3181 966 3399 1036 gloriam
3428 982 3522 1021 vo-

1943 1045 2103 1111 cavit,
2138 1061 2311 1116 neque
2338 1048 2652 1117 simpliciter
2670 1050 2911 1119 gloriam,
2942 1053 3036 1107 sed
3069 1054 3161 1110 Dei
3185 1057 3427 1126 gloriam.
3452 1061 3508 1115 2.

1944 1135 2012 1189 Et
2051 1137 2322 1205 Seraphin:
2365 1139 2562 1193 stabant
2604 1141 2656 1194 in
2695 1142 2906 1195 circuitu
2933 1145 3057 1214 ejus.
3105 1145 3353 1211 Quaznam
3383 1150 3514 1205 dicit

1943 1230 2059 1285 haec
2083 1230 2395 1301 Seraphim?
2420 1231 2657 1288 Virtutes
2680 1234 3019 1303 incorporeas
3034 1251 3378 1306 supernorum
3403 1257 3520 1311 ca;-

1942 1329 2121 1387 tuum,
2164 1337 2384 1391 quarum
2415 1321 2662 1376 virtutem
2694 1333 2746 1377 et
2771 1323 3147 1381 beatitudinem
3173 1343 3237 1383 ex
3276 1329 3390 1399 ipso
3417 1346 3516 1386 no-

1943 1413 2086 1466 mine
2104 1413 2282 1468 videre
2300 1421 2400 1467 est.
2424 1412 2553 1467 Nam
2577 1413 2832 1469 Hebraica
2861 1416 3038 1487 lingua
3061 1416 3335 1490 Seraphim
3353 1423 3513 1492 ignita

1942 1518 2032 1557 ora
2064 1503 2357 1573 significant
2387 1502 2483 1576 (a).

2023 1592 2272 1646 Virtutum
2296 1594 2569 1648 cmlestium
2598 1595 2849 1664 oﬁ'icia.-—
2864 1596 2999 1661 Quid
3026 1597 3183 1667 igitur
3211 1598 3333 1654 hinc
3356 1601 3516 1657 disci-

1941 1685 2096 1739 mus?
2122 1685 2408 1739 Puritatem
2435 1685 2763 1753 substantiae,
2792 1686 3132 1756 vigilantiam,
3162 1690 3510 1761 diligentiam,

1942 1774 2252 1844 agilitatem,
2285 1776 2391 1828 vim
2435 1776 2712 1844 operandi,
2744 1775 3077 1832 munditiem.
3112 1778 3188 1832 ita
3214 1780 3356 1834 enim
3386 1797 3511 1850 pro-

1942 1866 2100 1935 pheta
2129 1866 2295 1920 David
2327 1882 2674 1936 supernarum
2706 1877 3028 1938 potestatum
3059 1870 3357 1940 expeditum
3406 1876 3511 1928 mi-

1940 1955 2216 2010 nisterium
2238 1956 2424 2011 volens
2440 1956 2593 2011 nobis
2614 1958 2915 2022 ostendere,
2946 1974 3148 2014 necnon
3178 1962 3508 2019 velocitatem

1940 2045 2336 2114 agilitatemque
2379 2046 2699 2112 ministerii,
2729 2047 2939 2101 dicebat
2968 2066 2980 2100 :
3017 2050 3114 2114 Qui
3139 2053 3266 2120 facis
3307 2055 3511 2122 angelos

1938 2146 2050 2191 tuos
2087 2141 2310 2207 spiritus,
2362 2148 2409 2191 et
2433 2139 2688 2193 ministros
2715 2148 2826 2193 tuos
2854 2141 3114 2209 ﬂammam
3158 2143 3289 2212 ignis
3337 2145 3507 2214 (Psal.

1940 2230 2061 2285 i03.
2084 2230 2171 2299 4);
2198 2230 2555 2295 velocitatem,
2587 2229 2874 2298 levitatem,
2898 2232 3183 2302 agilitatem
3232 2236 3382 2291 nobis
3414 2252 3510 2307 per

1939 2321 2055 2376 haec
2092 2322 2357 2377 elementa
2392 2321 2705 2377 ostendens.
2739 2322 3051 2391 llujusmodi
3094 2325 3267 2380 officia
3315 2327 3511 2383 habent

1940 2410 2022 2466 haa
2042 2412 2285 2475 virtutes,
2309 2426 2401 2466 ore
2428 2426 2562 2481 puro
2581 2411 2909 2468 celebrantes
2933 2413 3227 2480 Dominum,
3259 2416 3358 2470 hoc
3378 2433 3510 2488 Opus

1933 2504 2133 2575 jngiter
2156 2503 2433 2569 habentes,
2464 2502 2645 2557 laudes
2674 2503 2980 2569 offerentes,
3013 2506 3324 2562 incessabile
3350 2510 3507 2563 mini-

1936 2595 2177 2649 sterium.
2227 2594 2422 2648 Earum
2464 2601 2641 2646 autem
2677 2592 2982 2662 dignitatem
3034 2594 3083 2648 id
3131 2605 3509 2653 commonstrat

1935 2685 2075 2753 quod
2120 2684 2256 2740 solio
2295 2684 2401 2738 sint
2440 2683 2647 2739 vicinae.
2679 2683 3132 2750 Quemadmodum
3180 2688 3318 2743 enim
3369 2690 3506 2758 apud

1937 2786 2180 2832 terrenos
2217 2790 2389 2845 reges,
2421 2776 2510 2845 qui
2554 2776 2607 2830 in
2638 2775 2840 2843 majore
2867 2774 3125 2843 dignitate
3154 2786 3296 2843 sunt,
3344 2794 3508 2849 prope

1935 2868 2128 2923 solium
2158 2868 2358 2936 regium
2391 2875 2535 2920 stant
2561 2884 2573 2919 :
2604 2866 2681 2920 sic
2702 2875 2753 2920 et
2780 2866 2862 2920 hic
2891 2874 3180 2935 poteStates
3202 2868 3271 2922 ob
3299 2871 3505 2925 virtutis

1935 2960 2276 3015 eminentiam
2307 2958 2534 3012 sublime
2565 2957 2758 3011 solium
2784 2957 3206 3023 circumsistunt,
3256 2958 3505 3015 ineffabili

1934 3050 2264 3107 beatitudine
2293 3058 2548 3119 perpetuo
2576 3047 2833 3110 fruentes,
2867 3057 2920 3102 et
2960 3048 3012 3102 in
3049 3048 3201 3103 beata
3234 3060 3379 3105 sorte
3409 3050 3505 3104 hn-

1929 3142 2161 3209 jusmodi
2193 3141 2351 3195 ofﬁcii
2378 3139 2688 3210 gaudentes.
2720 3140 2825 3194 Sea:
2849 3140 2945 3192 ala
2969 3140 3075 3203 uni,
3102 3150 3147 3192 et
3175 3156 3263 3193 sea:
3288 3142 3385 3193 ala:
3422 3143 3500 3195 al-

1932 3233 2042 3285 teri.
2077 3232 2139 3284 Et
2160 3232 2359 3301 quidem
2385 3232 2579 3283 duabus
2603 3229 2828 3282 uelabant
2855 3231 3002 3298 pedes
3022 3246 3157 3295 suos,
3190 3230 3381 3286 duabus
3408 3250 3503 3285 au-

1931 3332 2026 3378 tent
2052 3325 2179 3378 vein.-
2199 3332 2279 3376 τηε
2300 3323 2453 3392 [acies
2477 3338 2593 3375 suas
2619 3320 2692 3394 (b)
2714 3362 2727 3385 ,
2754 3330 2800 3375 et
2827 3322 3021 3374 duabus
3050 3322 3299 3375 volabant.
3327 3323 3381 3376 3.
3431 3323 3497 3378 Et

1930 3416 2210 3470 clamabant
2239 3417 2365 3469 alter
2385 3415 2452 3467 ad
2476 3416 2708 3479 alterum,
2739 3423 2784 3467 et
2821 3414 3083 3468 dicebant:
3112 3414 3349 3479 Sanctus,
3377 3433 3499 3470 san-

1930 3515 2057 3571 ctus,
2085 3514 2303 3569 sanctus,
2336 3504 2581 3558 Dominus
2621 3504 2866 3557 Sabaoth.
2902 3503 3065 3557 Plena
3094 3513 3164 3558 est
3191 3508 3350 3559 omnis
3370 3515 3501 3559 terra

1928 3598 2090 3669 gloria
2120 3600 2244 3667 ejus.
2274 3597 2406 3662 Quid
2436 3596 2588 3649 nobis
2622 3595 2702 3648 hac
2725 3610 2915 3664 penna:
2943 3596 3253 3665 significant,
3279 3606 3332 3652 et
3373 3600 3497 3667 quid

1930 3686 2081 3739 nobis
2111 3687 2207 3738 ala:
2237 3685 2606 3738 subindicant?
2630 3683 2813 3752 Neque
2840 3684 2979 3737 enim
3025 3685 3350 3754 incorporea:
3395 3689 3495 3745 illa!

1925 3784 2218 3844 potestates
2249 3776 2359 3828 alas
2392 3775 2589 3829 habent
2614 3791 2626 3826 :
2650 3774 2742 3828 sed
2766 3789 2975 3828 rursum
3000 3776 3344 3831 crassioribus
3370 3778 3474 3847 figu

1926 3868 1999 3922 ris
2030 3882 2220 3921 arcana
2244 3866 2484 3936 quaedam
2513 3865 2665 3919 nobis
2688 3865 2882 3918 indicat
2913 3866 3184 3935 propheta,
3209 3867 3490 3928 infirmitati

1927 3974 2109 4013 eorum
2138 3959 2224 4028 qui
2256 3968 2381 4012 tunc
2415 3957 2699 4011 audiebant
2725 3972 2781 4010 se
2812 3965 3192 4025 attemperans,
3238 3960 3497 4026 simulque

1927 4052 2084 4107 etiam
2114 4066 2207 4120 per
2238 4051 2373 4104 hanc
2394 4050 2883 4117 attemperationem
2905 4062 3060 4102 sensa
3085 4049 3323 4118 qumdam
3352 4066 3498 4105 men-

1928 4156 2031 4198 tem
2065 4158 2277 4197 onmem
2305 4142 2606 4209 superantia
2633 4148 2878 4193 accurate
2906 4139 3059 4192 nobis
3084 4141 3386 4195 ostendens.

1995 4234 2048 4286 5.
2088 4232 2223 4298 Quid
2264 4233 2419 4301 igitur
2464 4229 2799 4284 subindicant
2845 4229 2980 4282 alae?
3023 4228 3396 4284 Celsitudinem
3443 4241 3497 4287 et

1926 4325 2299 4379 sublimitatem
2331 4322 2516 4375 harum
2544 4320 2818 4374 virtutum.
2858 4319 2945 4374 Sic
2973 4329 3026 4373 et
3054 4319 3259 4374 Gabriel
3290 4321 3494 4387 volans,

1926 4425 1978 4469 et
2005 4416 2069 4468 de
2096 4414 2227 4468 cado
2255 4412 2587 4468 descendens
2607 4420 2845 4479 apparet,
2877 4419 2933 4463 ut
2960 4409 3132 4463 discas
3162 4410 3494 4467 velocitatem

1924 4515 1978 4560 et
2000 4505 2286 4560 levitatem.
2322 4503 2388 4556 Et
2412 4501 2536 4571 quid
2563 4501 2791 4563 miraris,
2824 4500 2866 4552 si
2892 4499 2957 4553 de
2984 4498 3305 4553 administris
3335 4500 3496 4555 virtu-

1927 4597 2065 4650 tibus
2091 4597 2310 4663 loquens
2337 4590 2635 4659 hujnsmodi
2656 4590 2828 4643 verbis
2848 4604 2969 4643 usus
2996 4598 3096 4655 est,
3114 4591 3322 4659 quando
3339 4593 3495 4648 etiam

1925 4686 1991 4738 de
2022 4685 2385 4737 universorum
2412 4681 2519 4734 Deo
2542 4696 2646 4733 non
2669 4680 2977 4748 dedignatus
2997 4689 3077 4733 est
3098 4681 3231 4735 hanc
3245 4681 3498 4737 adhibere

1926 4771 2463 4841 attemperationem?
2502 4770 2633 4825 Cum
2668 4771 2810 4825 enim
2842 4770 2997 4825 vellet
3028 4770 3188 4825 David
3219 4772 3497 4828 ostendere

1924 4875 2013 4919 aut
2049 4866 2164 4935 ejus
2190 4864 2557 4933 incorpoream
2586 4872 2828 4917 naturam
2849 4902 2864 4926 ,
2901 4872 2993 4916 aut
3024 4864 3350 4917 velocitatem
3378 4879 3496 4931 quas

1926 4957 2116 5025 ubique
2149 4969 2388 5031 praesens
2434 4963 2537 5018 est,
2588 4954 2698 5005 ait:
2735 4952 2833 5014 Qui
2869 4952 3096 5002 ambulas
3138 4967 3287 5016 super
3308 4968 3497 5020 pennas

1924 5057 2183 5100 ventorum
2228 5045 2420 5112 (Psal.
2466 5045 2586 5098 105.
2631 5044 2704 5111 ὅ),
2761 5042 2858 5095 etsi
2899 5056 3067 5109 neque
3108 5042 3249 5095 venti
3296 5057 3501 5111 pennas

1927 5138 2175 5203 habeant,
2202 5152 2373 5207 neque
2400 5137 2510 5205 ipse
2539 5148 2698 5201 super
2722 5147 2921 5201 pennas
2941 5132 3191 5185 ambulet.
3223 5134 3499 5198 Quomodo

1927 5231 2068 5286 enim
2094 5230 2205 5284 fieri
2235 5227 2419 5299 possit,
2447 5240 2567 5279 cum
2596 5224 2787 5292 ubique
2817 5238 3049 5291 prmsens
3070 5223 3170 5277 sit?
3196 5222 3409 5285 Verum,
3443 5232 3499 5276 ut

1990 5368 2060 5427 (a)
2093 5374 2219 5413 Hanc
2243 5374 2354 5410 esse
2372 5366 2507 5422 putat
2529 5358 2895 5427 Chrysostomus
2912 5356 3494 5427 interpremtionemgvocls

1928 5418 2198 5485 Hebraicis,
2228 5418 2429 5487 D’DWX'U,
2461 5434 2596 5482 quasi
2620 5418 2845 5468 videlicet
2882 5420 3141 5479 composita
3170 5418 3233 5465 sit
3257 5430 3318 5465 ex
3342 5423 3458 5496 ἤην]
3478 5460 3493 5479 ,

1928 5534 2086 5577 urere,
2114 5525 2165 5568 et
2186 5524 2261 5575 ΠΒ
2290 5513 2369 5565 vel
2392 5521 2449 5571 ’Ξ
2472 5526 2540 5573 os,
2565 5512 2678 5561 oris.
2697 5511 2785 5560 Sed
2810 5510 3069 5572 Seraphim,
3092 5515 3144 5558 ut
3163 5521 3303 5558 nemo
3324 5512 3495 5567 nescit,

1928 5591 2099 5655 ignitos
2124 5588 2200 5636 vel
2224 5588 2384 5655 igneos
2404 5584 2684 5655 simpliciter
2700 5580 2950 5655 significat.

1994 5652 2066 5711 (b)
2101 5657 2209 5698 Haec
2232 5641 2422 5711 inversa
2445 5641 2584 5711 sunt;
2611 5656 2720 5691 nam
2744 5641 2792 5689 iu
2828 5643 3062 5711 Scriptura
3084 5652 3214 5687 sacra
3242 5641 3391 5711 primo
3410 5651 3495 5699 p0-

1931 5699 2115 5824 nu'qturt
2132 5711 2221 5762 alte
2244 5722 2351 5773 (pta:
2376 5707 2547 5757 faciem
2571 5699 2760 5768 tegunt,
2780 5699 2991 5753 secundo
3016 5702 3107 5750 illa:
3130 5714 3237 5761 quae
3255 5699 3404 5761 pedes
3426 5714 3507 5749 oc-

1932 5790 2011 5824 Ctlt
2035 5788 2095 5824 an
2122 5809 2134 5823 .

1932 5788 2134 5827 CUilaﬂl.
