4152 6462
691 392 755 447 71
1343 389 1401 446 8.
1439 387 1712 446 JOANNIS
1740 385 2209 445 οιιηγεοδτολιι

2352 385 2559 443 CiilEP.
2599 383 3125 446 CONSTANTINOP.
3857 403 3932 458 72

679 503 785 573 iam
815 501 952 568 dixi,
995 502 1285 558 infirmitati
1323 501 1647 556 audientium
1674 515 1732 554 se
1758 509 2113 568 attemperans
2133 540 2150 565 ,
2181 500 2248 553 ab

684 594 767 657 iis,
802 609 1020 662 quorum
1045 606 1265 661 capaces
1286 598 1455 652 erant,
1489 598 1720 644 mentem
1752 604 1933 643 eorum
1955 590 2144 642 erexit.
2173 589 2249 642 Ac

682 697 894 738 rursum
938 684 1052 752 ejus
1095 682 1346 737 auxilium
1395 690 1449 735 et
1497 680 1832 735 securitatem
1878 679 2000 733 inde
2045 686 2246 747 partam

681 773 932 832 exhibere
955 773 1138 828 volens
1162 813 1177 838 ,
1208 770 1395 825 iisdem
1421 770 1582 824 utitur
1606 768 1799 830 verbis,
1829 769 1905 822 sic
1929 768 2111 822 dicens
2141 810 2146 814 .
2181 766 2247 820 In

683 863 858 918 umbra
885 864 1080 916 alarum
1106 872 1306 914 tuarum
1333 869 1556 930 proteges
1590 875 1667 912 me
1701 855 1868 930 (Psal.
1900 857 1988 911 16.
2012 858 2088 924 8).
2137 855 2248 911 Hoc

680 962 856 1009 autem
885 953 1000 1008 loco
1030 967 1134 1006 non
1157 951 1529 1006 sublimitatem
1560 948 1732 1001 solum
1767 947 1881 1014 ejus
1906 960 1968 1000 ac
1995 946 2246 1000 velocita-

681 1055 789 1101 tem
820 1061 912 1114 per
935 1044 1047 1098 aias
1069 1042 1396 1106 subindicat;
1424 1039 1516 1094 sed
1541 1048 1595 1094 et
1617 1037 1756 1092 aliud
1783 1037 2048 1106 quidpiam
2071 1037 2244 1090 horri-

683 1138 808 1192 bile.
855 1134 1098 1191 Ostendit
1129 1132 1269 1188 enim
1293 1173 1309 1198 ,
1338 1130 1544 1186 etiamsi
1584 1129 1636 1184 id
1672 1127 1811 1197 quod
1838 1127 2110 1180 videbatur
2149 1141 2246 1196 per

681 1231 1169 1299 attemperationem
1189 1234 1349 1290 esset,
1373 1231 1432 1277 ut
1454 1236 1637 1277 revera
1663 1229 1796 1285 erat,
1823 1234 2078 1288 supernas
2101 1227 2244 1273 certe

680 1329 1002 1394 potestates,
1033 1334 1100 1374 ne
1132 1317 1232 1373 bac
1272 1315 1485 1386 quidem
1527 1325 1774 1367 mensura
1822 1310 1872 1363 id
1914 1324 2104 1378 capere
2146 1323 2241 1376 po-

682 1412 869 1466 tuisse.
898 1409 1026 1464 Nam
1049 1407 1186 1476 quod
1213 1412 1452 1478 tegerent
1480 1402 1663 1474 pedes,
1686 1410 1741 1455 et
1765 1399 1902 1469 quod
1933 1399 2058 1452 item
2084 1397 2242 1452 dorsa

681 1501 935 1564 vetarent,
980 1496 1301 1566 stupentium
1329 1502 1473 1557 erat,
1517 1501 1571 1546 et
1601 1492 1936 1545 tremcutium
1961 1487 2238 1557 fulgorem,

682 1605 780 1645 nec
804 1588 1080 1644 ferentium
1107 1585 1443 1656 splendorem
1463 1598 1531 1638 ex
1558 1582 1691 1636 solio
1713 1581 2090 1650 prosilientem.
2119 1577 2241 1633 ideo

681 1683 888 1752 obiectu
932 1681 1170 1745 alarum,
1216 1693 1314 1732 ceu
1361 1675 1586 1746 quodam
1633 1676 1864 1743 pariete,
1915 1669 2074 1725 facias
2119 1684 2242 1724 suas

679 1771 1093 1833 obumbrabant;
1120 1770 1169 1823 id
1193 1767 1331 1838 quod
1359 1767 1533 1820 facere
1561 1764 1792 1819 solemus
1813 1770 1902 1815 aut
1929 1763 2122 1814 tonitru
2144 1761 2240 1815 de-

681 1866 888 1922 cidente
909 1905 925 1928 ,
955 1873 1045 1918 aut
1073 1862 1362 1932 fulguribus
1393 1857 1632 1920 emissis,
1665 1869 1848 1910 versus
1881 1852 2240 1922 pavimentum

680 1971 779 2013 nos
803 1957 1138 2017 inclinantes,
1168 1952 1268 2006 hoc
1290 1959 1344 2006 et
1370 1949 1472 2004 illa}
1497 1947 1772 2002 faciebant.

751 2049 1013 2103 Anomaeos
1034 2047 1320 2098 insectatur.
1347 2071 1416 2081 —
1443 2039 1594 2106 Quod
1633 2038 1678 2091 si
1716 2036 2014 2104 Seraphim,
2041 2049 2242 2103 magna:

682 2140 786 2196 illae
812 2139 1181 2206 mirabilesque
1213 2135 1450 2196 virtutes,
1477 2132 1644 2186 Deum
1667 2128 1963 2193 sedentem,
2007 2127 2058 2180 in
2086 2127 2239 2192 solio,

681 2230 917 2299 inquam,
945 2227 1215 2282 sedentem
1244 2225 1358 2278 sine
1388 2223 1575 2276 timore
1614 2219 1794 2273 videre
1833 2232 1938 2272 non
1978 2225 2238 2286 poterant,

685 2321 783 2375 sed
823 2327 879 2374 et
921 2317 1080 2371 facies
1108 2324 1160 2370 et
1185 2313 1346 2384 pedes
1371 2311 1642 2368 velabant,
1665 2305 1784 2375 quis
1812 2321 1988 2361 sermo
2035 2308 2240 2360 illorum

680 2409 938 2464 insaniam
966 2407 1238 2461 declarare
1263 2402 1476 2473 poterit,
1505 2399 1594 2469 qui
1622 2413 1680 2453 se
1707 2399 1851 2452 clare
1875 2397 2045 2465 ipsum
2078 2396 2241 2449 Deum

683 2515 840 2556 nosse
881 2499 1081 2562 dicunt,
1109 2505 1162 2551 et
1197 2494 1286 2564 qui
1326 2495 1393 2548 de
1419 2491 1701 2547 immortali
1727 2489 1812 2544 illa
1839 2488 2127 2542 substantia
2153 2502 2245 2541 cu-

681 2592 824 2647 riose
852 2587 1193 2658 perquirunt?
1225 2585 1428 2639 Duabus
1445 2582 1756 2645 volabant,et
1781 2579 2080 2632 clamabant.
2111 2577 2246 2646 Quid

683 2681 787 2736 hoc
829 2689 950 2744 est,
989 2677 1269 2740 Volabant,
1314 2684 1369 2730 et
1409 2674 1532 2742 quid
1579 2672 1689 2726 vult
1730 2670 2059 2740 signiﬁcare?
2102 2669 2245 2737 ipsas

684 2787 872 2841 nempe
891 2771 1100 2825 assidue
1125 2770 1263 2823 circa
1291 2769 1454 2821 Deum
1481 2781 1618 2831 esse,
1647 2779 1746 2818 nec
1767 2764 1948 2816 abillo
1973 2763 2240 2826 secedere,

681 2862 777 2918 sed
823 2861 956 2915 hanc
1002 2860 1106 2914 illis
1150 2872 1268 2913 esse
1295 2855 1504 2910 vivendi
1545 2855 1842 2915 rationem,
1889 2858 1946 2904 ut
1992 2858 2245 2919 perpetuo

684 2955 853 3023 ipsum
879 2959 1108 3013 canant,
1139 2959 1196 3003 ut
1231 2963 1442 3017 semper
1482 2944 1734 3015 Opiﬁcem
1775 2958 1927 2997 suum
1953 2943 2242 2998 celebrent.

683 3044 800 3100 Non
823 3043 963 3097 enim
987 3041 1138 3105 dixit,
1166 3039 1558 3100 Clamavcrunt,
1583 3034 1697 3098 sed,
1722 3032 2033 3096 Clamabunt,
2067 3032 2116 3085 id
2143 3041 2243 3095 est,

686 3137 788 3190 hoc
809 3144 1060 3204 perpetuo
1087 3132 1279 3185 habent
1301 3141 1453 3198 opus.
1496 3127 1635 3180 Alter
1659 3127 1724 3178 ad
1748 3126 1960 3178 alterum
1985 3165 2000 3188 ,
2027 3132 2074 3177 et
2111 3123 2246 3176 dice-

687 3225 842 3277 bant:
877 3222 1113 3284 Sanctus,
1137 3230 1357 3282 sanctus,
1383 3226 1602 3271 sanctus.
1655 3214 1764 3270 [ioc
1791 3214 2102 3268 concinnam
2131 3228 2247 3267 mo-

685 3312 1019 3378 dulatatnque
1048 3324 1228 3363 eorum
1275 3305 1639 3376 symphoniam
1685 3303 1918 3365 indicat,
1967 3302 2250 3369 laudesque

685 3414 874 3470 magno
916 3413 1176 3452 consensu
1219 3395 1530 3449 celebratas.
1589 3393 1685 3446 ilic
1730 3392 1955 3460 hymnus
2001 3405 2105 3443 non
2137 3391 2248 3443 laus

687 3489 846 3544 modo
889 3499 989 3552 est,
1037 3487 1128 3540 sed
1172 3487 1330 3538 etiam
1358 3482 1634 3552 prephctia
1667 3481 1732 3534 de
1759 3482 1910 3535 bonis
1939 3495 2054 3548 qua:
2084 3487 2247 3533 totum

685 3577 867 3632 orbem
896 3585 1210 3643 occupatura
1237 3581 1380 3638 sunt,
1413 3580 1567 3640 atque
1581 3572 1738 3624 etiam
1765 3569 2064 3637 dogmatum
2095 3583 2251 3621 accu-

687 3676 802 3722 rata
845 3666 1137 3734 disciplina.
1185 3662 1290 3717 Cur
1318 3671 1491 3716 autem
1536 3675 1640 3714 non
1683 3660 1846 3713 semel
1889 3658 2164 3723 dixerunt,
2199 3667 2253 3712 et

688 3767 982 3819 tacuerunt,
1016 3771 1184 3824 nequc
1211 3753 1446 3807 secundo
1470 3793 1484 3815 ,
1516 3761 1569 3805 e'.
1598 3759 1778 3819 postea
1805 3749 2111 3813 desierunt,
2158 3747 2251 3801 scd

691 3849 902 3902 tertium
933 3849 1088 3901 etiam
1115 3844 1467 3898 addiderunt?
1498 3843 1686 3894 Annon
1735 3840 1902 3906 palam
1934 3847 2014 3890 est
2040 3839 2088 3890 id
2135 3837 2252 3890 ideo

687 3939 805 3992 illas
831 3937 1016 3992 fecisse
1040 3979 1055 4002 ,
1087 3945 1144 3990 ut
1180 3936 1431 4005 hymnum
1459 3930 1709 3985 offerrent
1739 3928 2021 3982 Trinitati?
2051 3926 2252 3980 idcirco

688 4028 915 4084 Joannes
947 4028 995 4081 id
1023 4029 1087 4081 de
1115 4027 1246 4081 Filio
1273 4025 1470 4080 dictum
1514 4023 1673 4076 fuisse
1699 4021 1790 4085 ait,
1837 4019 2005 4073 Lucas
2034 4033 2159 4072 vero
2187 4017 2253 4071 de

691 4119 912 4190 Spiritu,
945 4119 1198 4188 prepheta
1228 4117 1442 4171 demum
1471 4113 1539 4168 de
1569 4113 1746 4167 Patre.
1796 4110 1924 4176 Qua:
1967 4118 2254 4178 sequuntur

691 4222 864 4265 autem
887 4209 1021 4262 hanc
1042 4208 1194 4262 nobis
1214 4207 1480 4259 insinuant
1496 4203 1830 4256 sententiam.
1855 4200 1980 4253 Post
2003 4199 2253 4269 hymnum

691 4303 834 4358 enim
859 4301 1174 4355 addiderunt
1207 4317 1219 4352 :
1252 4297 1414 4350 Plena
1444 4305 1514 4348 est
1554 4294 1712 4347 omnis
1751 4303 1883 4344 terra
1920 4293 2082 4360 gloria
2124 4293 2251 4358 ejus.

693 4393 751 4451 Id
797 4392 932 4462 quod
965 4401 1223 4445 accuratae
1251 4385 1539 4457 prophetia:
1564 4391 1698 4446 erat,
1729 4380 1953 4434 futuram
1981 4380 2252 4432 scientiam

694 4483 1076 4554 praenuntiant,
1112 4493 1383 4550 perquam
1429 4476 1705 4530 universus
1751 4470 1894 4525 orbis
1945 4469 2040 4524 Dei
2087 4469 2253 4538 gloria

693 4575 926 4643 repletus
955 4583 1035 4626 est
1065 4590 1076 4625 :
1107 4587 1225 4626 cum
1254 4579 1435 4624 contra
1464 4568 1611 4631 olim,
1644 4573 1696 4620 et
1723 4579 1839 4618 cum
1872 4563 1982 4616 haec
2012 4563 2252 4615 diceren-

693 4675 800 4728 tur,
849 4679 950 4716 non
996 4663 1152 4716 modo
1179 4663 1392 4729 reliquae
1422 4659 1566 4714 orbis
1599 4666 1795 4726 partes,
1841 4654 1932 4708 sed
1958 4653 2114 4708 etiam
2141 4653 2254 4721 ipsa

695 4755 989 4811 iudicarunt
1034 4754 1216 4820 regio,
1268 4752 1428 4802 multa
1475 4749 1741 4816 impietate
1771 4747 1940 4814 plena:
1986 4753 2156 4806 erant,
2204 4753 2258 4797 et

693 4863 849 4903 nemo
878 4861 1096 4914 usquam
1130 4846 1291 4897 Deum
1338 4840 1682 4910 glorificabat.
1731 4838 2008 4904 Testisque
2035 4843 2116 4889 est
2146 4837 2256 4902 ipse

689 4940 952 5007 propheta
982 4939 1158 4992 dicens
1189 4951 1202 4988 :
1248 4933 1461 5001 Propter
1487 4947 1569 4983 vos
1608 4945 1786 4982 nomen
1832 4945 1992 4982 meum
2025 4927 2256 4994 blasphe-

695 5040 860 5082 matur
881 5033 929 5082 in
961 5031 1183 5099 gentibus
1215 5025 1364 5097 (Isai.
1390 5024 1477 5078 52.
1509 5023 1584 5091 5).
1615 5020 1956 5087 Quandonam
1986 5021 2140 5088 igitur
2169 5020 2256 5071 im-

697 5119 833 5185 pleta
858 5128 938 5172 cst
965 5129 1099 5172 terra
1123 5117 1284 5185 gloria
1309 5113 1457 5182 ejus?
1478 5113 1606 5164 Cum
1635 5110 1721 5164 hic
1747 5109 1970 5179 hymnus
1993 5112 2041 5160 in
2067 5119 2256 5161 terram

693 5210 900 5263 delatus
943 5221 1022 5262 est
1048 5251 1061 5272 ,
1098 5208 1440 5274 hominesque
1487 5203 1538 5255 in
1570 5211 1705 5255 terra
1733 5199 1885 5268 positi
1913 5213 2256 5266 supernarum

695 5303 941 5354 virtutum
986 5302 1148 5352 choro
1193 5297 1422 5366 adjuncti
1471 5302 1624 5356 sunt,
1673 5305 1930 5357 unamque
1977 5289 2256 5340 melodiam

697 5393 1010 5454 retulerunt,
1040 5401 1091 5443 et
1116 5390 1435 5455 eonjunctim
1469 5388 1630 5440 Deum
1654 5383 2004 5438 celebrarunt.
2037 5379 2184 5445 Quod
2214 5380 2256 5432 si

697 5482 909 5538 Judmus
942 5482 1020 5534 his
1048 5480 1382 5546 impudenter
1407 5477 1626 5530 ObSlsiﬂl
1647 5516 1660 5538 ,
1693 5473 1884 5528 indicet
1925 5470 2256 5539 quan-donum

699 5574 868 5623 omnis
899 5580 1034 5622 terra
1057 5568 1222 5637 gloria
1251 5567 1364 5634 ejus
1392 5567 1588 5634 repleta
1616 5566 1715 5626 sit;
1747 5564 1842 5616 hac
1865 5576 2049 5628 nempe
2071 5560 2256 5628 gloria,

699 5677 814 5724 qua:
843 5675 904 5714 ex
938 5661 1233 5727 cngnitione
1263 5655 1631 5724 proﬁciscitur.
1661 5654 1762 5708 Sed
1783 5666 2062 5718 numquam
2086 5659 2259 5705 osten-

699 5750 858 5814 derit,
886 5751 1089 5804 etiamsi
1134 5748 1424 5802 sexcenties
1474 5745 1850 5815 impudentiam
1875 5758 2020 5801 suam
2052 5740 2257 5811 prodat.

2353 501 2406 553 4.
2437 499 2502 552 Et
2527 501 2765 554 eleuatum
2790 512 2863 556 est
2886 502 3267 572 superliminare
3287 519 3318 556 a
3337 519 3472 570 voce,
3496 519 3594 571 qua
3620 506 3926 560 clamabant.

2355 587 2541 642 Vidisti
2586 592 2880 659 prophetia:
2909 590 3215 646 facilitatem
3242 632 3258 658 ,
3289 607 3374 648 res
3420 593 3559 663 ipsas
3605 595 3702 649 sibi
3743 606 3931 649 mutuo

2351 679 2714 733 coluerentes?
2736 679 2865 734 Nam
2895 689 3016 748 post
3045 680 3188 735 hunc
3227 681 3478 752 hymnum
3502 722 3516 746 ,
3546 696 3666 737 cum
3707 683 3928 752 impleta

2351 780 2490 824 esset
2518 779 2656 824 terra
2679 773 2843 840 gloria
2866 773 3002 842 ejus,
3028 772 3247 828 Judaica
3273 775 3448 828 omnia
3467 785 3762 844 cessarunt,
3781 778 3926 846 quod

2351 861 2522 929 ipsum
2551 863 2784 917 ostendit
2811 879 2905 932 per
2931 865 3194 920 eleratum
3222 867 3639 935 superliminare.

2419 952 2473 1005 4.
2514 951 2624 1006 Hoc
2652 954 2844 1022 quippe
2871 955 3080 1024 signum
3116 966 3231 1012 erat
3267 957 3605 1014 desolationis
3653 971 3708 1016 et
3748 961 3927 1016 eversi

2351 1041 2564 1108 templi;
2588 1043 2787 1111 templo
2817 1054 2993 1098 autem
3019 1045 3087 1101 de
3115 1046 3297 1102 medio
3321 1045 3547 1114 sublato,
3575 1048 3677 1103 alia
3707 1051 3931 1118 insuper

2348 1132 2525 1185 omnia
2545 1145 2902 1190 cessaverunt.
2925 1135 2996 1192 Ut
3014 1146 3192 1192 autem
3208 1138 3381 1194 discas
3395 1139 3597 1195 Novum
3614 1141 3931 1197 Testamen-

2350 1227 2462 1274 tum
2487 1221 2768 1291 abrogasse
2798 1224 2983 1291 Vetus,
3008 1226 3051 1280 Α
3075 1242 3212 1291 voce,
3244 1229 3431 1299 inquit,
3461 1231 3700 1284 eleuatum
3728 1243 3802 1285 est
3827 1248 3926 1286 su-

2349 1311 2701 1378 perliminare;
2726 1313 2776 1367 id
2807 1325 2905 1379 est,
2932 1330 2998 1370 eo
3019 1316 3160 1386 quod
3193 1317 3307 1373 haec
3343 1319 3654 1389 gloriﬁcatio
3691 1322 3932 1380 adven&

2347 1401 2435 1463 rit,
2459 1411 2514 1455 et
2540 1405 2707 1471 gratia
2736 1403 3013 1473 cliulserit,
3043 1406 3317 1478 gloriaque
3345 1409 3510 1464 etiusa
3537 1413 3606 1466 sit
3632 1427 3726 1483 per
3749 1421 3926 1469 totum

2346 1490 2554 1558 orbem,
2587 1493 2787 1548 umbra:
2828 1495 3096 1565 dissipata:
3125 1507 3268 1552 sunt.
3300 1497 3368 1553 Et
3408 1501 3584 1556 domus
3625 1503 3811 1572 repleta
3845 1513 3928 1559 est

2347 1583 2508 1652 fumo.
2555 1583 2668 1639 Hoc
2694 1599 2903 1654 quoque
2932 1588 3060 1642 mihi
3103 1588 3312 1645 videtur
3353 1590 3558 1661 signum
3600 1608 3718 1648 esse
3755 1591 3925 1651 futuri

2345 1673 2461 1741 ejus
2489 1675 2697 1738 excidii,
2723 1676 2964 1746 ignisque
2984 1677 3267 1745 barbarici,
3297 1683 3712 1755 atrocissimique
3736 1686 3926 1743 incen-

2346 1761 2441 1814 dii.
2473 1762 2525 1816 5.
2555 1762 2621 1816 Et
2650 1763 2755 1818 dixi
2775 1779 2795 1818 :
2819 1764 2863 1818 Ο
2885 1782 2962 1820 me
2983 1767 3258 1822 miserum!
3280 1770 3399 1838 quia
3425 1782 3746 1837 compunctus
3780 1792 3920 1839 sum,

2345 1851 2462 1919 quia
2491 1852 2638 1906 homo
2657 1869 2770 1907 cum
2797 1855 2910 1922 sim,
2938 1864 2984 1909 et
3011 1855 3272 1911 immunda
3298 1860 3429 1912 labia
3454 1861 3676 1927 habeam,
3707 1865 3758 1918 in
3809 1882 3926 1920 me-

2347 1943 2431 1997 dio
2455 1946 2630 2012 populi
2651 1946 2910 2000 immunda
2937 1947 3070 2002 labia
3097 1948 3323 2004 habentis
3351 1965 3440 2022 ego
3468 1951 3714 2012 habito,et
3737 1954 3922 2009 Domi.

2346 2049 2465 2086 num
2491 2034 2716 2090 Sabaoth
2736 2038 2751 2068 ί
2779 2037 2880 2090 υἱιΙὶ
2917 2037 3078 2092 oculis
3105 2039 3247 2093 meis.
3283 2039 3407 2096 ch
3434 2041 3567 2096 visio
3605 2044 3923 2114 prophetam

2346 2127 2622 2192 extersuit,
2653 2127 3026 2198 expergefecit,
3055 2129 3107 2184 in
3134 2144 3379 2200 magnam
3418 2131 3748 2190 formidinem
3791 2150 3927 2191 con-

2343 2213 2494 2284 jecit,
2511 2215 2578 2270 ad
2605 2217 2994 2274 confessionem
3017 2221 3532 2289 perpulit,vilitatem
3555 2226 3777 2294 propria:
3796 2227 3927 2282 sub-

2346 2306 2552 2360 stantiae
2581 2315 2637 2360 ut
2671 2308 2860 2362 melius
2913 2318 3260 2379 cognosceret
3298 2309 3489 2366 eﬂ‘ecit.
3526 2312 3679 2368 Tales
3724 2317 3924 2385 quippe

2345 2405 2470 2450 sunt
2496 2398 2661 2451 sancti
2691 2412 2910 2453 omnes:
2933 2398 3144 2469 quando
3183 2401 3371 2470 majori
3416 2401 3660 2457 fruuntur
3687 2402 3919 2468 honore,

2347 2494 2472 2541 tunc
2497 2488 2660 2558 magis
2686 2487 3046 2544 humiliantur.
3088 2489 3178 2546 Sic
3207 2501 3260 2546 et
3298 2489 3562 2546 Abraham
3589 2493 3756 2549 Deum
3789 2495 3924 2548 allo-

2348 2591 2536 2648 quens,
2570 2587 2764 2634 terram
2787 2589 2840 2634 et
2861 2580 3095 2636 cinerem
3125 2581 3360 2650 seipsum
3398 2583 3620 2637 vocabat
3646 2583 3798 2651 (Gen.
3826 2584 3918 2640 18.

2347 2673 2473 2740 27);
2503 2674 2577 2727 sic
2604 2683 2658 2728 et
2683 2674 2878 2728 Paulus
2923 2675 3136 2744 quando
3187 2676 3390 2732 visione
3431 2676 3519 2730 illa
3545 2676 3791 2747 dignatus
3814 2689 3921 2741 εει.

2349 2773 2473 2818 tunc
2492 2765 2783 2819 abortivum
2811 2781 2868 2820 se
2896 2766 3184 2821 nominavit
3204 2766 3278 2837 (i.
3301 2765 3420 2823 Cor.
3449 2769 3638 2838 £5.25);
3671 2769 3736 2823 ita
3755 2779 3808 2824 et
3835 2769 3924 2824 hic

2348 2866 2407 2905 se
2461 2853 2708 2906 miserum
2749 2854 3036 2922 praedicat,
3082 2856 3254 2924 primo
3295 2872 3362 2910 ex
3405 2865 3588 2911 natura
3639 2858 3847 2912 dicens:
3875 2859 3924 2911 0

2349 2959 2428 2995 me
2447 2944 2713 2997 miserum!
2733 2945 2848 3012 quia
2872 2953 3196 3012 compunctus
3216 2961 3347 3012 sum,
3367 2948 3483 3016 quia
3508 2947 3654 3001 homo
3665 2966 3776 3001 cum
3803 2950 3926 3012 sim;

2349 3033 2539 3089 deinde
2587 3033 2656 3087 ab
2699 3035 2860 3088 animi
2911 3035 3237 3100 conditione,
3281 3034 3349 3089 Et
3378 3037 3578 3106 impura
3627 3038 3764 3089 labia
3806 3053 3926 3090 cum

2351 3125 2576 3178 habeam.
2607 3125 2809 3194 lmpura
2836 3124 2971 3182 labia
2997 3139 3092 3181 sua
3118 3127 3344 3192 vocavit,
3374 3136 3431 3181 ut
3456 3142 3554 3197 ego
3582 3128 3842 3190 existimo,
3868 3134 3931 3190 in

2351 3215 2798 3283 comparationem
2827 3216 2973 3285 igniti
2999 3216 3107 3270 oris
3136 3216 3339 3270 illarum
3370 3231 3613 3286 pararam
3645 3217 3921 3282 virtutum,

2352 3315 2406 3359 et
2431 3305 2810 3361 accuratissimi
2833 3307 2972 3362 illius
3001 3307 3298 3362 ministerii.
3329 3306 3506 3376 Neque
3526 3309 3608 3364 hic
3636 3312 3802 3380 stetit,
3828 3309 3928 3362 sed

2355 3412 2448 3464 pro
2480 3405 2588 3450 toto
2618 3398 2809 3465 populo
2832 3397 3130 3462 confitetur,
3151 3397 3265 3452 haec
3290 3398 3582 3466 subjungen
3633 3413 3645 3450 :
3673 3396 3740 3451 In
3764 3399 3930 3454 medio

2354 3488 2528 3555 papuli
2553 3488 2811 3540 immunda
2839 3488 2972 3541 labia
2992 3487 3217 3542 habentis
3237 3505 3327 3556 ego
3355 3489 3538 3542 habito.
3567 3488 3679 3554 Qua
3711 3502 3835 3542 vero
3855 3488 3930 3543 de

2353 3591 2509 3630 causa
2537 3577 2621 3632 hic
2651 3577 2785 3632 labia
2811 3578 3159 3632 criminatur?
3188 3577 3260 3633 Se
3288 3579 3471 3632 ﬁducia
3495 3579 3741 3649 loquendi
3760 3577 3930 3634 desti-

2356 3677 2524 3721 tutum
2554 3667 2858 3722 ostendens.
2886 3667 3015 3721 Nam
3045 3675 3152 3722 tres
3182 3667 3254 3721 illi
3285 3669 3432 3737 pueri
3451 3669 3550 3722 hoc
3571 3669 3739 3738 ipsum
3759 3682 3932 3738 prope

2356 3758 2621 3824 dicebant,
2662 3773 2781 3813 cum
2822 3767 2998 3814 essent
3028 3759 3080 3812 itt
3120 3757 3371 3813 fornace:
3402 3756 3519 3812 Non
3548 3759 3659 3812 licet
3691 3758 3830 3811 nobis
3871 3775 3933 3812 os

2355 3850 2548 3916 aperire
2578 3847 2734 3917 (Dan.
2761 3849 2814 3902 3.
2847 3847 2958 3917 58).
2999 3847 3066 3902 Et
3105 3861 3247 3902 nunc
3272 3847 3482 3917 quando
3523 3846 3661 3917 hym:
3688 3862 3839 3900 urunt
3875 3857 3934 3900 ct

2357 3937 2570 3990 laudum
2601 3947 2807 4005 tempus
2829 3946 2963 4004 erat,
3007 3945 3063 3991 et
3099 3952 3359 4006 supernas
3397 3945 3686 4006 potestates
3714 3935 3934 3989 videbat

2357 4028 2458 4082 hoc
2481 4036 2714 4096 agentes,
2739 4027 2858 4096 jure
2892 4027 2960 4082 ad
2999 4026 3134 4082 labia
3172 4041 3471 4082 sermonem
3502 4027 3779 4088 convertit,
3810 4041 3933 4094 qua:

2357 4121 2584 4175 maxime
2618 4119 2684 4173 ad
2723 4117 2826 4174 hoc
2859 4117 3091 4174 oflicium
3127 4127 3403 4174 vocantur.
3430 4115 3626 4171 Verum
3650 4113 3791 4172 labia
3832 4131 3933 4169 sua

2359 4210 2476 4264 ideo
2507 4209 2773 4264 immunda
2815 4209 3054 4274 vocavit;
3098 4209 3278 4278 pepuli
3313 4221 3441 4262 vero
3470 4206 3604 4260 labia
3644 4220 3749 4260 non
3781 4206 3932 4270 item,

2357 4303 2452 4358 sed
2480 4303 2600 4372 quia
2630 4303 2902 4372 iniquitate
2928 4301 3093 4356 multa
3118 4300 3306 4370 repleti
3334 4307 3502 4354 erant.
3532 4296 3598 4351 Et
3615 4295 3802 4368 Regem
3821 4295 3936 4348 Do-

2358 4395 2551 4448 minum
2585 4395 2685 4447 vidi
2714 4394 2872 4446 oculis
2900 4393 3044 4447 meis.
3074 4390 3201 4447 ideo
3235 4404 3392 4462 gemo
3431 4398 3486 4445 et
3525 4389 3698 4459 lugeo,
3741 4389 3932 4457 inquit,

2357 4483 2496 4554 quod
2518 4483 2760 4552 indignus
2782 4483 2903 4537 licet
2927 4491 3128 4537 tantum
3152 4481 3408 4536 honorem
3428 4480 3528 4534 sim
3549 4486 3934 4548 consequutus,

2357 4574 2447 4643 qui
2479 4588 2651 4627 meam
2674 4574 2981 4641 dignitatem
3005 4581 3238 4641 superat,
3266 4585 3541 4639 meamque
3565 4577 3806 4624 naturam
3833 4584 3939 4623 ex-

2359 4663 2518 4717 cedit.
2546 4663 2678 4717 Cum
2705 4672 2880 4716 autem
2908 4660 3052 4726 dicit,
3084 4660 3213 4725 Vidi,
3237 4674 3303 4714 ne
3318 4669 3555 4714 exactam
3579 4659 3939 4729 cognitionem

2361 4761 2532 4824 putes,
2566 4753 2658 4807 sed
2686 4767 2804 4806 eam
2831 4751 2982 4819 cujus
3003 4750 3090 4805 ille
3115 4764 3282 4819 capax
3311 4758 3446 4804 erat.

2431 4844 2769 4915 Confessionis
2797 4845 2991 4896 lucrum
3027 4850 3289 4910 quantum.
3312 4869 3381 4879 —
3407 4840 3484 4893 Ac
3512 4838 3819 4893 consideres
3849 4853 3941 4893 ve-

2364 4937 2452 4990 lim
2483 4944 2733 5004 quantum
2763 4935 2830 4987 sit
2858 4931 3204 4987 confessionis
3231 4930 3454 4985 lucrum.
3493 4929 3735 4998 Seipsum
3782 4943 3942 4982 accu-

2362 5027 2514 5088 savit,
2541 5035 2592 5078 et
2614 5025 2788 5078 statim
2816 5022 3099 5076 mundatus
3146 5029 3246 5075 est.
3279 5020 3412 5086 Quia
3449 5020 3587 5074 enim
3619 5018 3732 5072 haec
3765 5018 3934 5072 verba

2363 5118 2668 5188 protulerat,
2701 5117 2750 5170 6.
2782 5116 2968 5168 Missus
2989 5124 3060 5168 est
3087 5114 3152 5167 ad
3184 5129 3280 5179 me,
3315 5113 3500 5181 inquit,
3528 5126 3657 5164 unus
3682 5125 3745 5162 ea:
3771 5109 3934 5164 Sera-

2364 5210 2521 5278 phint,
2555 5217 2598 5259 et
2627 5207 2677 5258 in
2705 5222 2855 5257 manu
2880 5221 2971 5258 sua
3009 5203 3217 5258 habebat
3245 5203 3524 5265 carbonem,
3554 5215 3698 5267 quem
3728 5216 3939 5268 accepe—

2362 5308 2439 5350 rat
2465 5299 2652 5367 forcipe
2678 5297 2738 5348 de
2762 5295 2928 5346 altari.
2952 5295 3002 5348 7.
3026 5293 3089 5347 Et
3112 5293 3334 5361 tetigitos
3352 5307 3530 5353 meum,
3561 5298 3605 5342 et
3627 5289 3753 5343 dicit
3772 5289 3944 5346 :Ecce

2364 5388 2516 5456 tetigit
2547 5387 2649 5438 haec
2688 5384 2818 5436 labia
2845 5393 2949 5448 tua,
2981 5393 3025 5437 et
3053 5385 3243 5450 auferet
3270 5381 3548 5448 iniquitates
3588 5388 3722 5441 tuas,
3751 5387 3800 5432 et
3821 5396 3942 5449 pec-

2364 5489 2475 5531 cata
2501 5489 2585 5528 tua
2611 5475 2857 5544 purgabit.
2889 5473 3112 5541 Quidam
3136 5474 3319 5527 dicunt
3360 5471 3472 5524 haec
3502 5469 3801 5525 futurorum
3828 5489 3946 5544 my-

2365 5573 2641 5626 steriorum
2669 5569 2908 5638 symbola
2931 5583 3081 5623 esse:
3113 5567 3280 5622 altare
3309 5580 3518 5635 nempe,
3551 5566 3723 5636 ignem
3750 5582 3944 5640 super.

2434 5750 2449 5779 ¹
2489 5747 2540 5796 in
2565 5742 2724 5794 Bibliis
2742 5742 2940 5807 legitur,
2969 5751 3134 5806 neqem
3161 5742 3412 5792 Dominum
3434 5744 3649 5792 Sabaoth.
