4056 6458
496 389 569 444 73
1267 384 1326 442 S.
1362 383 1645 444 JOANNIS
1680 374 2167 438 CHRYSOSTOMI
2203 373 2519 432 ARCIHEP.
2558 367 3102 432 CONSTANTINOP.
3819 379 3893 434 74

499 500 805 566 Ἰουδαϊκὸν,
829 499 1033 573 φοϐερά
1061 517 1177 556 τινα
1203 499 1560 569 ἀπαγγέλλων
1593 499 1688 554 καὶ
1716 497 1984 567 ἀφόρητα.
2005 492 2150 562 n09.-

489 615 652 652 πεται
687 597 861 653 τοίνυν
897 598 966 651 τὰ
999 597 1269 668 Σεραφιμ,
1307 595 1448 650 ὥστε
1486 594 1650 664 φόϐου
1709 594 1802 646 καὶ
1834 588 2149 662 παρρησίας

496 691 653 746 αὐτὸν
693 689 989 762 ἐμπλῆσαι.
1027 691 1138 745 Καὶ
1193 691 1282 744 ίνα
1339 690 1417 760 μὴ
1466 688 1857 761 προϐάλληται,
1897 686 2151 758 καθάπερ

494 788 748 857 Μωῦσῆς,
779 787 949 856 λέγων
977 786 1300 857 ἰσχνόφωνος
1329 782 1485 850 εἶναι,
1515 785 1607 840 καὶ
1635 783 1923 856 Ἱερεμίας,
1953 782 2152 837 νεώτε-

494 898 586 952 ρος
611 877 770 943 εἶναι,
792 880 933 934 οὕτω
958 881 1050 935 καὶ
1074 875 1226 945 06:0;
1250 880 1534 952 ἀκάθαρτα
1561 879 1716 949 χείλη
1749 879 1916 949 ἔχειν,
1952 876 2047 931 καὶ
2077 876 2152 948 μὴ

491 977 745 1031 δύνασθαι
784 976 1098 1046 διακονῆσαι
1133 979 1244 1040 τοῖς
1279 976 1622 1046 λεγομένοις·
1653 973 1870 1044 ἔρχεται
1896 973 1965 1027 τά
1995 952 2166 1044 Σερα-ί

494 1073 599 1141 φίμ
639 1071 1032 1142 ἐκκαθαίροντα
1075 1071 1239 1127 αὑτοῦ
1287 1070 1354 1126 τά
1396 1069 1790 1143 ἁμαρτήματα,
1837 1069 1938 1123 οὑκ
1978 1068 2154 1140 οἰκείᾳ

493 1164 714 1234 δυνάμει
740 1165 916 1237 (τοῦτο
944 1167 1050 1238 γὰρ
1075 1167 1286 1239 Πατρὸς
1312 1167 1402 1221 καὶ
1428 1165 1559 1220 Υίοῦ
1589 1167 1683 1222 καὶ
1710 1165 1867 1234 ἁγίου
1908 1164 2154 1235 Πνεύμα-

494 1276 584 1322 τος
624 1261 827 1333 μόνον),
855 1262 968 1316 ἀλλ’
993 1262 1342 1334 ἐπιτάγματι,
1386 1262 1479 1315 καὶ
1520 1260 1664 1314 δόσει
1697 1261 1807 1314 τῶν
1846 1260 2149 1331 ἀνθράκων.

496 1354 572 1406 Ού
626 1355 734 1426 709
785 1351 953 1424 εἴπεν,
994 1355 1122 1410 Ἰδοὺ
1163 1355 1381 1426 ἀφαιρῶ
1419 1353 1553 1424 ἐγὼ,
1601 1354 1738 1419 ἀλλ’,
1784 1353 1939 1409 ἰδοὺ
1978 1353 2153 1408 τοῦτο

495 1450 819 1518 ἀφαιρεῖται
855 1453 960 1518 τὰς
997 1453 1249 1521 ἀνομίας
1279 1467 1418 1517 σου,
1462 1453 1559 1506 καί
1591 1451 1698 1518 τὰς
1729 1451 2014 1520 ἁμαρτίας
2037 1466 2151 1504 σου

496 1547 908 1616 περικαθαριεῖ,
943 1546 1030 1600 διὰ
1063 1547 1125 1600 :0
1157 1547 1437 1617 ἐπίταγμα
1483 1544 1579 1600 τοῦ
1615 1545 1949 1617 πέμψαντος.
1997 1546 2153 1610 Τίνος

495 1639 552 1692 δὲ
585 1639 765 1694 ἕνεκεν
789 1642 846 1693 ἐν
867 1643 933 1712 τῇ
960 1641 1134 1697 λαϐίδι
1176 1642 1245 1695 τά
1287 1642 1536 1714 Σεραφὶμ
1570 1640 1729 1695 ἔλαϐε
1751 1641 1844 1695 τὸν
1871 1640 2150 1712 ἀνθρακα;

497 1736 570 1787 υύ
597 1737 706 1808 γάρ
729 1736 792 1808 δή
830 1739 863 1808 ή
887 1737 1174 1810 ἀσώματος
1201 1738 1430 1808 δύναμις
1450 1736 1908 1807 ἐγκατακαίεσθαι
1933 1735 2155 1808 ἔμελλεν

497 1830 605 1883 01:0
629 1831 734 1885 τῶν
765 1831 1067 1904 ἀνθράκων.
1106 1834 1263 1898 Τίνος
1295 1833 1481 1889 ἕνεκεν
1505 1831 1680 1887 ταῦτα
1709 1832 2032 1902 γεγένηταις
2059 1831 2158 1886 Διά

499 1926 702 1999 πολλὴν
731 1928 1157 1997 συγκατάϐασιν.
1187 1927 1288 1984 Διά
1313 1929 1377 2000 δὴ
1410 1928 1566 1984 τοῦτο
1596 1929 1688 1984 καὶ
1710 1927 1820 1982 ἀπὸ
1842 1928 1935 1981 τοῦ
1967 1928 2158 1982 θυσια-

501 2023 722 2096 στηρίου
758 2023 1049 2096 λαμϐάνει,
1100 2022 1230 2079 ἔνθα
1271 2025 1329 2078 αἰ
1388 2023 1568 2080 θυσίαι
1614 2023 2033 2096 προσεφέροντο,
2065 2024 2159 2076 καὶ

498 2122 548 2172 οἰ
596 2120 869 2190 καθαρμοὶ
921 2121 1026 2174 τῶν
1070 2119 1500 2192 ἁμαρτημάτων.
1554 2119 1618 2174 El
1671 2118 1730 2173 δέ
1785 2120 1982 2189 λέγοις,
2034 2119 2160 2184 Πῶς

499 2216 560 2268 τὸ
601 2216 773 2284 στόμα
823 2217 882 2269 οὐ
939 2216 1184 2285 κατεκάη
1242 2215 1336 2269 τοῦ
1391 2217 1714 2287 προφήτου;
1771 2212 2002 2286 μάλιστα
2062 2215 2160 2286 μὲν

499 2310 581 2360 ὅτι
624 2309 742 2362 οὐδὲ
793 2309 905 2379 πῦρ
954 2308 1208 2378 αίσθητὸν
1259 2304 1328 2381 ἦν
1372 2308 1432 2362 :0
1479 2307 1827 2380 φαινόμενονο
1869 2310 2044 2372 ἄλλως
2081 2310 2157 2375 δὲ,

501 2404 632 2457 ὅταν
661 2407 690 2457 δ
715 2403 844 2466 Θεὸς
870 2403 1168 2476 ἐργάζηταί
1200 2420 1272 2471 τι,
1301 2403 1377 2475 μὴ
1407 2402 1870 2475 πολυπραγμόνει,
1905 2404 2040 2475 μηδέ
2069 2421 2162 2458 πε-

505 2497 814 2570 ριεργάζου.

573 2603 633 2648 ε’.
658 2596 767 2650 Καὶ
795 2594 903 2666 709
931 2594 1185 2665 ἐνεργοῦν
1222 2596 1314 2650 καὶ
1340 2596 1595 2667 αίσθητδν
1626 2595 1735 2668 πῦρ
1767 2595 2012 2667 σώμασιν
2037 2597 2163 2667 όμι-

505 2690 694 2759 λῆσαν,
717 2689 784 2742 τά
814 2688 907 2741 τοῦ
937 2689 1107 2760 πυρὸς
1137 2689 1237 2742 ούκ
1257 2689 1584 2755 ἐπεδείξατο.
1616 2691 1679 2742 Εἰ
1703 2691 1760 2742 δὲ
1791 2689 1918 2742 ἔνθα
1951 2690 2162 2760 κλημα-

503 2786 646 2848 τίδες
678 2785 772 2838 καὶ
797 2785 986 2846 πίσσα,
1009 2783 1111 2853 τῆς
1137 2783 1342 2847 οίκείας
1371 2782 1664 2837 ἐπελάθετο
1697 2784 1909 2852 φύσεως
1937 2785 1970 2853 ή
2008 2784 2160 2853 φλὸξ,

504 2879 559 2932 τί
592 2879 908 2950 θαυμάζεις,
928 2880 976 2932 εἰ
1003 2877 1096 2932 νῦν
1119 2879 1384 2948 τοσαύτης
1403 2877 1852 2950 παραδοξοποιίας
1872 2879 2164 2949 γενομένης

506 2973 798 3044 ἐκάθηρεν,
822 2973 934 3026 ἀλλ’
969 2974 1070 3027 οὐκ
1099 2972 1294 3026 ἔκαυσε
1328 2973 1474 3026 τουτὶ
1512 2972 1572 3024 τὸ
1602 2971 1746 3042 πῦρ;
1783 2973 1893 3025 Καί
1931 2972 2166 3040 ἤκουσα

508 3068 619 3137 τῆς
645 3068 850 3138 φωνῆς
876 3068 1099 3136 Κυρίου
1130 3067 1449 3138 λέγοντοςυ
1497 3067 1636 3121 Τίνα
1671 3067 1989 3122 ἀποστελῶ
2011 3107 2026 3132 ,
2071 3069 2167 3120 καί

509 3167 604 3230 τίς
643 3165 999 3233 πορεύσεται
1041 3164 1191 3232 πρὸς
1213 3164 1323 3218 τὸν
1340 3163 1490 3218 λαὸν
1523 3163 1767 3227 τοῦτον;
1805 3165 1968 3235 Ὁρᾷς
2007 3166 2170 3217 πόσον

510 3261 706 3330 ἤνυσεν
738 3263 771 3332 ή
797 3261 939 3331 ὄψις,
981 3261 1144 3314 πόσον
1176 3260 1535 3330 κατώρθωσεν
1565 3262 1593 3313 0
1614 3260 1806 3329 (9060;;
1838 3259 1949 3332 [70]
1980 3260 2170 3313 Καίτοι

510 3355 574 3426 γε
621 3357 716 3411 καὶ
748 3358 838 3412 ἐπὶ
871 3355 1148 3419 Μωῦσέως
1198 3353 1438 3408 τοιοῦτόν
1477 3371 1530 3407 τι
1561 3355 1817 3423 γέγονεν·
1863 3356 1910 3407 εἰ
1952 3356 2060 3426 709
2095 3355 2169 3425 μὴ

510 3449 760 3522 Σεραφὶμ
791 3451 985 3521 ἐφάνη,
1023 3450 1153 3520 μηδέ
1185 3449 1343 3512 αύτδς
1375 3450 1466 3502 ἐπὶ
1483 3449 1670 3519 θρόνου
1701 3448 2028 3519 καθήμενος,
2054 3449 2169 3502 ἀλλ’

513 3547 661 3615 ὅμως
690 3545 873 3615 ἕτερον
892 3544 1190 3615 παράδοξον
1217 3543 1394 3613 θέαμα
1411 3544 1528 3596 τότε
1555 3543 1768 3614 ἐδείχθη
1788 3543 1866 3614 τῷ
1893 3545 2166 3614 προφήτῃ,

514 3640 608 3693 καὶ
628 3639 884 3701 τοιοῦτον,
922 3638 996 3700 ὡς
1028 3639 1232 3708 μηδένα
1251 3637 1565 3708 ἀντιϐλέψαι
1583 3637 1877 3708 δυνηθῆναι
1895 3636 1972 3706 τῷ
1988 3654 2168 3706 φαινοο

518 3733 681 3804 μένῳ.
708 3734 777 3787 Ἡ
789 3733 900 3802 τὰρ
920 3731 1109 3798 ,βάτος
1121 3734 1375 3798 ἐκαίετο,
1397 3734 1550 3803 φησὶ,
1573 3734 1672 3786 καί
1706 3736 1777 3787 οὺ
1802 3735 2168 3786 κατεκαίετο.

531 3831 663 3882 Ἀλλ’
687 3833 832 3899 ὅμως
855 3830 947 3883 καὶ
988 3831 1101 3899 μετ’
1129 3830 1309 3882 ἐκεῖνα
1365 3831 1457 3882 καὶ
1512 3829 1610 3899 τὴν
1654 3829 1853 3899 πολλὴν
1901 3829 1996 3882 τοῦ
2039 3829 2171 3882 Θεοῦ

519 3924 837 3994 παραίνεσιν
860 3925 890 3977 0
931 3923 1102 3993 μέγας
1136 3922 1420 3977 ἀναδύεται
1447 3922 1707 3993 Μωῦσῆς,
1734 3925 1829 3976 καὶ
1852 3924 2170 3993 σκήπτεται,

519 4021 610 4073 καὶ
659 4019 856 4090 μυρίας
890 4018 1092 4070 ἐπινοεῖ
1140 4020 1442 4090 προφάσεις
1495 4019 1898 4090 παραιτήσεως,
1954 4018 2126 4084 λέγων
2157 4034 2172 4048 ο

532 4111 930 4184 Ἰσχνόφωνός
957 4116 1072 4181 ειμι
1105 4113 1203 4167 καί
1223 4112 1736 4182 βραδύτλωσσος·
1783 4115 1898 4178 καὶ,
1933 4113 2178 4181 Προχεί-

488 4202 491 4204 ’
514 4226 682 4280 ρισαι
725 4208 806 4263 σὺ
839 4209 1055 4270 ἄλλον,
1084 4206 1156 4260 ὃν
1191 4205 1642 4272 ὲξαποστελεῖς.
1681 4208 1790 4261 Καὶ
1826 4207 2090 4278 Ἱερεμίας
2122 4209 2177 4262 δὲ

521 4307 620 4376 τήν
661 4304 875 4376 ήλικίαν
919 4301 1298 4374 προϐάλλεται.
1353 4303 1464 4355 Καὶ
1509 4301 1770 4372 Ἰεζεκιὴλ
1820 4304 1878 4356 δὲ
1928 4305 2065 4373 μετά
2121 4304 2179 4357 :0

524 4400 897 4469 κελευσθῆναι,
925 4397 1062 4450 ἐπτά
1104 4396 1368 4468 διατρίϐει
1401 4398 1527 4468 περὶ
1551 4397 1639 4449 τὸν
1670 4398 1911 4466 ποταμὸν
1945 4398 2175 4467 ἡμέρας,

522 4495 880 4563 ἀναδυόμενος
910 4494 1002 4547 καὶ
1029 4492 1221 4546 ὀκνῶν.
1249 4493 1337 4546 Διὸ
1371 4492 1463 4544 καὶ
1490 4491 1587 4562 τὴν
1616 4493 1927 4564 παραϐολὴν
1965 4495 2177 4564 ἐκείνην

528 4591 861 4660 προσέθηκεν
888 4591 916 4642 0
943 4589 1073 4650 Θεὸς
1092 4588 1263 4656 λέγων
1286 4605 1300 4621 ο
1323 4588 1560 4642 Σκοπὸν
1584 4588 1815 4641 δέδωκά
1835 4603 1908 4642 σε
1940 4589 2020 4655 τῷ
2042 4591 2184 4653 οἴκῳ

543 4688 784 4756 Ἰσραήλ
804 4704 818 4718 ·
844 4687 1057 4752 καί,δτι
1109 4685 1228 4756 Τὴν
1264 4687 1475 4754 ψυχὴν
1504 4687 1702 4741 αὐτῶν
1731 4687 1799 4740 ἐκ
1834 4689 2031 4756 χειρός
2065 4702 2183 4742 σου

532 4787 852 4855 ἐκζητήσω.
897 4786 1077 4847 Ἰωνᾶς
1105 4785 1162 4836 δὲ
1195 4785 1255 4837 ού
1289 4785 1447 4854 μόνον
1491 4789 1840 4856 παρῃτήσατο
1863 4827 1879 4853 ,
1928 4787 2062 4840 ἀλλά
2093 4788 2186 4839 καὶ

536 4883 915 4952 ἐδραπέτευσε.
948 4881 1012 4934 Τί
1040 4874 1170 4944 οὗν;
1201 4879 1595 4950 τολμηρότερος
1634 4882 1851 4934 πάντων
1875 4885 1902 4935 0
1940 4884 2184 4946 Ἡσαΐας,

538 4982 630 5032 καὶ
673 4979 946 5039 Μωῦσέως
983 4976 1075 5028 τοῦ
1124 4976 1387 5045 ιιεγάλου;
1431 4977 1539 5029 Καὶ
1587 4976 1667 5037 τίς
1705 4976 1771 5029 ἃν
1816 4977 1971 5029 τοῦτο
1997 4975 2187 5045 εἴποις

540 5074 709 5126 Πόθεν
741 5069 831 5124 οὖν
862 5073 1207 5142 κελευόμενος
1247 5072 1450 5133 ἐκεῖνος
1504 5071 1773 5130 ἀνεδύετο,
1831 5066 1983 5132 οὗτος
2021 5073 2077 5123 δὲ
2115 5072 2188 5142 μὴ

543 5166 785 5237 ςανερῶς
815 5165 1088 5233 ἐπιταγεὶς
1114 5165 1462 5235 εἰσεπήδησεν
1483 5182 1496 5230 ;
1516 5165 1646 5217 Οὐδὲ
1673 5164 1778 5233 γὰρ
1798 5160 1950 5216 εἶπεν
1969 5168 2192 5229 ,Ἂπελ-

545 5263 629 5315 θεο
651 5260 783 5315 ἀλλά
817 5259 906 5312 τοῦ
945 5259 1075 5312 Θεοῦ
1104 5261 1369 5328 λέγοντος,
1419 5263 1555 5314 Τίνα
1587 5260 1932 5322 ἀποστελῶ,
1977 5262 2190 5330 ἥρπασε

547 5361 603 5413 :0
636 5359 926 5426 ἐπίταγμα.
965 5357 1121 5419 Τινὲς
1161 5357 1257 5425 μὲν
1283 5353 1375 5411 οῦν
1402 5374 1582 5425 φασιν,
1631 5359 1710 5410 ὅτι
1733 5356 1919 5428 ἐπειδὴ
1952 5357 2188 5428 ἥμαρτε,

547 5455 633 5507 τδν
667 5455 841 5516 ὐζξαν
861 5452 957 5504 οὐκ
987 5451 1207 5518 ἐλέγξας
1240 5451 1662 5522 κατατολμῶντα
1679 5453 1786 5507 τῶν
1812 5453 2037 5518 ἀδύτων,
2055 5456 2192 5526 ὑπὲρ

549 5552 758 5619 ἐκείνης
801 5549 1112 5620 βουλόμενος
1155 5549 1593 5619 ἀπολογήσασθαι
1635 5554 1732 5622 τῆς
1783 5554 2074 5625 ἁμαρτίας,
2127 5561 2189 5625 τῇ

551 5647 688 5715 μετά
718 5646 887 5698 ταῦτα
914 5644 1185 5717 προθυμίᾳ
1211 5645 1306 5714 τῆς
1346 5646 1590 5717 ὑπακοῆς
1632 5649 1939 5718 ἐπεπήδησε
1968 5652 2170 5718 ταχέως

546 5735 588 5787 ὡ
601 5753 681 5788 ατε
704 5738 1080 5800 ἐξιλεώσασθαι
1110 5742 1194 5798 τὸν
1215 5741 1363 5799 Θεόν.
1381 5743 1476 5798 Διά
1492 5744 1599 5817 γὰρ
1620 5745 1774 5801 τοῦτο
1793 5747 1883 5800 καὶ
1912 5744 2192 5816 ἀκάθαρτα

2250 497 2319 548 τά
2364 496 2514 567 χείλη
2557 496 2724 551 αὐτοῦ
2757 498 2939 568 ἔλεγεν
2986 492 3157 565 εἶναι,
3198 495 3288 552 διά
3333 501 3396 553 :0
3431 497 3900 571 ἀπαρρησίαστον.

2265 589 2403 642 Ἀλλ’
2439 591 2538 644 οὐκ
2573 592 2640 648 ἃν
2689 593 3024 667 ἀνασχοίμην
3062 594 3170 649 τῶν
3204 592 3375 648 ταῦτα
3419 594 3711 662 λεγόντων·
3747 593 3900 657 ἀξιο-

2250 688 2565 758 πιστότερος
2590 687 2698 761 γάρ
2712 689 2889 744 αὐτῶν
2905 692 2933 744 0
2959 689 3187 754 Παῦλος,
3206 691 3235 744 0
3253 689 3521 762 τολμητὴν
3538 688 3698 743 αὐτὸν
3715 687 3904 742 καλῶν

2251 786 2346 840 ναὶ
2374 786 2572 856 λέγων·
2609 790 2855 855 Ἡσαΐας
2876 789 2943 843 δὲ
2973 787 3280 860 ἀποτολμᾷ
3305 788 3404 843 καί
3439 788 3621 858 λέγει.
3647 787 3746 840 Διά
3765 785 3904 855 γοῦν

2250 877 2409 932 τοῦτο
2427 879 2545 933 οὐδὲ
2561 879 2638 951 τῷ
2667 881 2850 950 κοινῷ,
2881 880 2955 944 ῶς
2971 897 3121 950 φασι,
3148 880 3294 951 νόμῳ
3307 881 3404 952 τὴν
3421 879 3562 950 ζωὴν
3585 879 3899 940 κατέλυσεν,

2250 973 2387 1026 ἀλλά
2415 973 2798 1045 χαλεπωτάτην
2823 973 3027 1045 ὑπέστη
3055 973 3334 1044 τιμωρίαν,
3364 973 3472 1026 τῶν
3506 973 3774 1026 Ἰουδαίων
3801 971 3905 1023 οὐκ

2252 1072 2576 1144 ἐνεγκόντων
2608 1071 2770 1125 αὑτοῦ
2817 1072 2916 1144 τὴν
2959 1072 3288 1143 παρρησίαν.
3320 1071 3500 1143 Χωρὶς
3543 1070 3599 1124 δέ
3630 1070 3839 1123 τούτων
3873 1080 3900 1108 ι

2251 1143 2371 1220 δύδέ
2397 1182 2560 1238 φησιν
2582 1167 2616 1236 ή
2646 1166 2833 1238 Γραφή
2863 1183 2986 1233 που,
3018 1167 3098 1220 ότι
3130 1168 3330 1238 παρῆν,
3355 1167 3516 1236 ήνίκα
3543 1165 3610 1218 τά
3650 1165 3791 1218 κατά
3812 1162 3907 1217 τὸν

2265 1261 2447 1325 Ὀζίαν
2473 1261 2708 1332 ἐγένετο,
2741 1264 2835 1316 καὶ
2859 1262 3045 1335 παρὼν
3069 1261 3244 1331 ἐσίγα,
3271 1262 3387 1316 ἀλλ’
3416 1260 3625 1316 οἴκοθεν
3651 1261 3747 1316 καὶ
3771 1259 3906 1330 παρ’

2252 1357 2458 1411 ἑαυτῶν
2485 1357 2656 1411 ταῦτα
2685 1359 2734 1411 οί
2764 1357 3012 1426 λέγοντες
3038 1358 3405 1427 στοχάζονται.
3436 1356 3502 1410 Τί
3530 1350 3622 1410 οὖν
3653 1356 3799 1409 ἔστιν
3826 1355 3906 1407 εἰ-

2253 1454 2404 1518 πεῖν;
2437 1453 2557 1506 Ὅτι
2591 1453 2691 1506 οὐκ
2720 1448 2785 1523 ἦν
2809 1455 2922 1506 ἴσον
2957 1451 3018 1505 :0
3073 1452 3346 1516 Μωῦσέως
3383 1451 3476 1506 καὶ
3505 1450 3678 1505 τοῦτο.
3712 1450 3770 1504 ’0
3804 1449 3908 1520 μὲν

2253 1548 2362 1620 709
2386 1551 2465 1611 είς
2493 1547 2777 1617 ἀλλοτρίαν
2823 1547 3099 1618 ἐπέμπετο
3129 1548 3222 1602 καὶ
3256 1547 3334 1611 είς
3385 1545 3657 1617 βάρϐαρον
3693 1545 3904 1617 χώραν,

2252 1644 2348 1698 καὶ
2375 1643 2508 1715 πρὸς
2531 1643 2811 1714 τύραννον,
2840 1643 2934 1695 καὶ
2967 1642 3303 1714 μαινόμενον,
3326 1644 3420 1697 καὶ
3432 1641 3702 1696 λυττῶντα
3721 1636 3907 1707 ὀὗτος

2253 1738 2310 1793 δὲ
2340 1739 2475 1811 πρὸς
2505 1741 2631 1803 τοὺς
2673 1741 2924 1805 οἰκείους,
2960 1740 3054 1795 καὶ
3091 1738 3347 1802 πολλάκις
3372 1739 3687 1810 ἀκηκοότας,
3719 1738 3815 1791 καὶ
3850 1739 3908 1792 ἐν

2257 1834 2434 1906 πολλῷ
2458 1835 2842 1901 παιδευθέντας
2881 1837 3080 1908 χρόνῳο
3115 1835 3208 1890 καὶ
3235 1836 3296 1889 οὐ
3326 1835 3424 1906 τῆς
3463 1835 3630 1904 αὐτῆς
3659 1834 3906 1906 ἀνδρείας

2254 1926 2326 2002 ἦν
2349 1931 2410 1985 :0
2438 1932 2739 1987 ὑπακοῦσαι
2769 1934 2885 1986 ἐκεῖ
2913 1949 2973 1985 τε
3006 1932 3099 1986 καὶ
3139 1930 3388 1986 ἐνταῦθα.
3419 1932 3575 1995 Τινές
3606 1931 3663 1985 δέ
3704 1949 3870 2001 φασιν
3891 1969 3904 1984 .

2257 2026 2338 2079 ὅτι
2366 2028 2460 2081 καὶ
2491 2027 2674 2100 ἐτερόν
2698 2046 2750 2082 τι
2791 2028 2938 2099 αύτῷ
2961 2028 3060 2099 τήν
3098 2028 3402 2099 προθυμίαν
3437 2027 3655 2099 ἐποίησε
3679 2025 3902 2097 ταύτην.

2271 2123 2484 2194 Ἐπειδὴ
2506 2124 2614 2195 709
2630 2124 2768 2196 ὑπέρ
2785 2142 2842 2178 τε
2869 2123 3060 2179 ἐαυτοῦ
3080 2124 3170 2178 καὶ
3190 2123 3281 2177 τοῦ
3297 2121 3425 2176 λαοῦ
3442 2121 3905 2192 ὶεωμολογήσατο,

2258 2218 2352 2272 καὶ
2380 2219 2446 2272 :0
2485 2219 2730 2290 Σεραφὶμ
2758 2213 2896 2272 εῐδεν
2915 2217 3299 2280 ἀποσταλέντα,
3317 2217 3410 2270 καὶ⁵
3429 2215 3804 2288 ἐκκαθάραντα
3821 2215 3909 2270 00-

2257 2314 2349 2368 :06
2364 2314 2430 2368 :0
2441 2313 2614 2385 χείλη,
2629 2314 2897 2384 προσδοκή
2905 2329 3022 2379 σας,
3035 2314 3114 2368 δτι
3132 2313 3225 2366 καὶ
3238 2312 3316 2383 τῷ
3331 2311 3441 2382 λαῷ
3455 2310 3625 2365 ταῦτα
3642 2311 3820 2382 συμϐή
3830 2327 3910 2364 σε-

2258 2427 2366 2474 ται,
2394 2411 2487 2463 καὶ
2503 2411 2674 2464 ταῦτα
2714 2408 3068 2463 ἀπελεύσεται
3095 2406 3465 2475 ἀπαγγέλλων,
3493 2405 3785 2476 προθύμως
3809 2408 3912 2476 ᾕρ-

2260 2521 2400 2559 πασε
2421 2505 2479 2558 :0
2510 2503 2928 2574 λεχθέν.”οσπερ
2950 2502 3055 2576 709
3080 2500 3193 2573 [Ἠ]
3211 2497 3349 2572 ἦσαν
3377 2500 3630 2570 φιλόθεοι,
3649 2499 3792 2554 οὕτω
3817 2502 3911 2554 καὶ

2263 2601 2601 2671 φιλόστοργοι
2635 2601 2868 2671 μάλιστα
2890 2598 3099 2654 πάντων
3121 2595 3422 2669 ἀνθριὶιπων
3447 2600 3496 2650 οἰ
3531 2598 3693 2666 ἀγιοι.
3735 2597 3912 2650 Ἐλπί-

2264 2711 2362 2758 σας
2389 2691 2481 2749 οῦν
2505 2696 2656 2748 λύσιν
2670 2695 2791 2748 τινὰ
2813 2694 2920 2747 τῶν
2936 2691 3114 2747 κάκῶν
3129 2693 3475 2760 ἀπαγγελεῖν,
3491 2692 3798 2762 ἐπεπήδησε
3812 2708 3908 2744 τα-

2263 2790 2419 2859 χέως,
2444 2790 2536 2844 καί
2557 2806 2719 2859 φησιν
2735 2805 2747 2817 ο
2777 2788 2920 2842 Ἰδοὺ
2940 2787 3197 2858 ότώείμι,
3213 2789 3678 2857 ἀπόστειλόνμε.
3701 2787 3910 2849 Ἄλλως

2261 2885 2316 2937 δὲ
2331 2883 2422 2936 καὶ
2438 2883 2612 2955 ψυχὴν
2628 2883 2830 2955 σφόδρα
2845 2883 2977 2954 πρὸς
2992 2882 3264 2945 κινδύνους
3281 2882 3755 2953 παρατεταγμένην
3770 2878 3905 2951 εῐχε·

2263 2980 2356 3033 καὶ
2373 2979 2526 3048 δῆλον
2559 2979 2721 3033 αὑτοῦ
2743 2978 2897 3032 τοῦτο
2909 2978 2970 3031 :0
2990 2974 3119 3049 ἦθος
3139 2977 3224 3030 διά
3242 2978 3422 3048 πάσης
3446 2977 3542 3048 τῆς
3568 2978 3907 3051 προφητείας

2265 3074 2428 3127 ἐστίν.
2459 3074 2610 3126 Ἐπεὶ
2630 3068 2721 3126 οὖν
2737 3073 3000 3143 ὑπέσχετο
3029 3071 3436 3138 ἀπελεύσεσθαι,
3467 3072 3560 3126 καὶ
3596 3072 3694 3126 οῦκ
3711 3073 3911 3144 ἐτόλμα

2266 3169 2447 3221 λοιπὸν
2479 3167 2789 3230 ἀνανεῦσαι,
2819 3167 2936 3220 τότε
2960 3166 3143 3221 ἀκούει
3174 3168 3240 3221 :0
3265 3167 3496 3239 λυπηρά.
3535 3168 3641 3221 Καὶ
3669 3167 3780 3239 709
3817 3171 3912 3222 καὶ

2265 3267 2294 3317 0
2313 3263 2442 3327 Θεὸς
2460 3265 2620 3317 αὑτὸν
2645 3262 2823 3333 σοφῶς
2855 3263 3236 3334 μετεχείρισεν.
3261 3265 3333 3317 Ού
3360 3263 3466 3335 γὰρ
3487 3264 3546 3329 ἐξ
3573 3264 3742 3335 ἀρχῆς
3767 3261 3911 3329 εἷπε,

2267 3360 2594 3430 Πορεύθητι,
2623 3360 2715 3413 καὶ
2753 3360 2906 3412 εἰπέ·
2939 3359 3070 3412 ἀλλά
3109 3360 3367 3431 πρότερον
3398 3359 3665 3430 μετέωρον
3686 3362 3914 3430 ποιήσας

2265 3454 2326 3506 :0
2371 3455 2666 3524 ἐπίταγμα,
2718 3455 2811 3507 καὶ
2849 3454 3039 3523 ἄδηλον
3091 3456 3186 3522 τῆς
3218 3454 3516 3524 ἀποστολῆς
3561 3453 3652 3507 τὸν
3688 3455 3911 3524 τρόπον.

2279 3549 2493 3618 Ἐπειδὴ
2514 3547 2541 3585 ι’
2565 3549 2758 3620 ῥᾳδίως
2787 3549 3079 3619 ὑπήκουσε,
3099 3548 3244 3616 λέγει
3267 3549 3333 3602 :0
3357 3547 3770 3619 καταληψόμενα
3791 3552 3916 3612 τοὺς

2281 3643 2562 3707 Ἰουδαίους
2601 3643 2766 3698 κακά.
2798 3643 2930 3696 Τίνα
2969 3643 3025 3696 δέ
3057 3642 3224 3696 ταῦτα
3255 3638 3350 3713 ἧνς
3383 3643 3722 3710 Πορεύθητι,
3753 3644 3911 3712 φησὶ,

2271 3739 2368 3792 καί
2402 3740 2532 3792 εἰπὲ
2553 3738 2632 3804 τῷ
2657 3738 2783 3803 λαῷ
2809 3739 2995 3805 τούτῳ
3018 3755 3031 3769 ’
3076 3736 3254 3804 Ἀκοῇ
3285 3737 3590 3799 ἀκούσετε,
3619 3737 3718 3790 καί
3738 3739 3813 3792 οὐ
3829 3738 3914 3806 μὴ

2269 3833 2519 3903 συνῆτε·
2547 3834 2645 3887 καί
2671 3834 3008 3898 ,βλέποντες
3028 3830 3311 3900 βλέψετε,
3359 3831 3458 3885 καί
3500 3833 3570 3886 οὐ
3612 3831 3698 3901 μὴ
3726 3833 3909 3901 tanta.

2283 3929 2616 3996 Ἐπαχύνθη
2651 3929 2760 3996 γὰρ
2797 3930 2834 3995 ἡ
2858 3926 3066 3994 καρδία
3086 3926 3190 3980 τοῦ
3225 3925 3377 3980 λαοῦ
3409 3926 3641 3988 τούτου.
3671 3928 3771 3982 καὶ
3795 3927 3916 3994 τοῖς

2269 4022 2420 4078 ὠσίν
2459 4020 2658 4077 αὐτῶν
2679 4021 2912 4089 ,ϐαρέως
2953 4017 3246 4088 ἥκουσαν,
3274 4021 3370 4074 καί
3393 4021 3534 4086 τοὺς
3571 4023 3917 4091 ὀφθαλμοὺς

2271 4118 2468 4172 αὐτῶν
2507 4117 2886 4184 ἐκάμμυσαν,
2915 4117 3145 4184 μήποτε
3180 4115 3349 4169 ιδωσι
3398 4116 3523 4183 τοῖς
3566 4119 3916 4188 ὀφθαλμοῖς,

2275 4213 2372 4265 καί
2396 4213 2518 4276 τοῖς
2546 4212 2696 4264 ὠσίν
2715 4210 3042 4274 ἀκούσωσι,
3065 4210 3159 4262 καί
3187 4208 3261 4277 τῆ
3286 4210 3496 4279 καρδίᾳ
3527 4211 3782 4278 συνῶσι,
3819 4214 3915 4267 καί

2274 4306 2696 4374 ἐπιστρὲψωσι,
2727 4305 2826 4358 καὶ
2854 4305 3098 4372 ἰάσωμαι
3121 4306 3358 4370 αὐτούς.
3391 4305 3571 4358 Ταῦτα
3597 4306 3714 4358 οὐδὲ
3739 4308 3916 4378 ἑρμη-

2275 4402 2422 4461 νείας
2456 4397 2607 4469 οἶμαι
2643 4399 2869 4463 δεῖσθαι,
2904 4398 3013 4450 τῶν
3044 4398 3284 4468 ἀκριϐῶς
3328 4399 3497 4452 ταῦτα
3520 4400 3915 4470 ἐπισταμένων,

2276 4495 2648 4567 προλαϐόντων
2665 4495 2757 4546 καὶ
2793 4493 3209 4564 ἐξηγησαμένων
3247 4492 3402 4557 αύτά,
3451 4491 3693 4547 Ἰωάννου
3735 4511 3799 4547 τε
3826 4493 3915 4548 τοῦ

2292 4593 2406 4646 υἰοῦ
2437 4594 2532 4663 τῆς
2564 4592 2811 4663 βροντῆς,
2843 4593 2935 4644 καὶ
2964 4591 3175 4644 Παύλου
3201 4593 3294 4644 τοῦ
3331 4591 3397 4644 τά
3419 4592 3620 4646 παλαιά
3642 4593 3734 4645 καὶ
3761 4595 3919 4648 καινά

2282 4689 2416 4758 μετὰ
2443 4687 2727 4758 ἀκριϐείας
2745 4685 2962 4748 εἰδότος.
2977 4685 3034 4738 Ὀ
3051 4685 3262 4757 μὲνγὰρ
3277 4687 3334 4738 ἐν
3351 4689 3417 4756 τῇ
3443 4687 3623 4756 Ῥώμῃ
3644 4687 3780 4756 πρὸς
3798 4689 3918 4750 τοὺς

2281 4782 2627 4844 συνελθόντας
2659 4781 2775 4850 μὲν,
2811 4780 3259 4849 ἀποπηδήσαντας
3277 4779 3352 4843 δὲ,
3390 4780 3480 4834 καὶ
3501 4780 3597 4833 οὐκ
3621 4780 3920 4850 ἀνασχομέ-

2280 4895 2400 4939 νους
2426 4876 2534 4929 τῶν
2561 4874 2883 4944 λεγομένων,
2919 4874 3238 4945 δημηγορῶν
3267 4874 3432 4942 ἔλεγε·
3461 4873 3665 4940 Καλῶς
3699 4874 3833 4929 εἶπε
3854 4876 3917 4929 τὸ

2280 4971 2519 5037 Πνεῦμα
2538 4969 2601 5021 τὸ
2624 4969 2809 5036 ἄτιον·
2842 4965 3009 5034 Ἀκοῇ
3032 4969 3341 5030 ἀκούσετε,
3364 4969 3460 5023 καί
3477 4972 3546 5023 οὐ
3561 4968 3645 5038 μὴ
3669 4970 3916 5038 συν-ἦτε.

2293 5068 2350 5118 '0
2380 5065 2434 5118 δὲ
2456 5065 2551 5132 τῆς
2580 5062 2804 5132 βροντῆς
2848 5062 2978 5128 υἰδς,
3006 5065 3190 5133 ἐπειδὴ
3221 5063 3466 5133 θαύματα
3491 5061 3689 5133 ἐώρων,
3707 5066 3804 5116 καὶ
3827 5065 3920 5118 ούκ

2283 5160 2582 5224 ἐπίστευον,
2610 5157 2699 5211 καὶ
2731 5156 3013 5226 δογμάτων
3046 5159 3256 5228 ἢκουον,
3295 5157 3387 5210 καὶ
3413 5156 3472 5208 ού
3499 5159 3785 5226 προσείχον
3809 5160 3920 5228 (ἁνε-

2286 5257 2478 5324 έστησε
2519 5255 2625 5322 709
2659 5252 2906 5323 Λάζαρον
2943 5253 2971 5304 0
3004 5252 3254 5324 Χριστὸς,
3287 5249 3378 5303 καὶ
3409 5249 3614 5303 ἀνελεῖν
3647 5249 3812 5305 αὐτὸν
3839 5252 3924 5304 ἐπ-

2307 5482 2335 5540 ’,
2354 5486 2381 5513 ι
2399 5479 2549 5540 Χωρίς
2570 5479 2620 5540 δί
2642 5479 2837 5528 τούτων.
2868 5481 2983 5529 Hec
3003 5482 3072 5528 sic
3094 5481 3328 5528 convertit
3348 5480 3634 5529 Tilmannus
3655 5499 3666 5527 :
3707 5477 3922 5540 Exceptis

2287 5539 2415 5590 hisce
2433 5539 2704 5602 nugacibgts.
2730 5541 2993 5602 Perperam
3015 5543 3244 5602 omnino;
3282 5552 3407 5598 nam,
3433 5547 3574 5602 υιοε
3596 5540 3726 5587 serie
3755 5541 3919 5599 liquet,

2289 5599 2594 5662 vertendam}
2619 5601 2804 5649 Practer
2827 5599 2927 5650 haec
2948 5608 3104 5650 autem
3125 5612 3144 5661 ;
3178 5599 3402 5649 nimirum
3435 5599 3563 5648 aliud
3587 5606 3920 5662 argumentum

2289 5661 2678 5724 praqudentibus
2696 5663 2874 5724 adjicit.

2295 5717 2379 5833 'mab
2390 5717 2913 5845 ἓὲεῐὲὃξριὲεεέοάιιω
2929 5723 3086 5780 ἐπειδή
3109 5723 3177 5784 δέ,
3203 5721 3278 5772 vel
3299 5721 3461 5783 potius
3483 5725 3592 5783 post
3606 5719 3780 5782 τρόπον
3797 5729 3919 5769 com-
