4152 6472
336 529 591 599 positum,
646 529 905 586 virtutem
954 528 1355 591 ministrantem,
1398 524 1535 595 quod
1577 524 1819 625 admotus
1840 522 1917 625 sit

340 620 446 683 ori,
477 620 621 688 quod
649 620 717 674 ad
749 620 1109 689 purgationem
1138 625 1468 683 peccatorum
1490 634 1502 669 :
1528 629 1623 670 nos
1644 623 1818 668 autem
1839 620 1918 666 in-

343 712 502 765 terim
529 711 771 765 historiae
809 710 1086 770 haeremus,
1117 722 1178 761 ac
1202 706 1441 772 dicimus,
1471 706 1618 774 cujus
1647 704 1720 758 rei
1759 716 1916 757 causa

348 799 458 854 hoc
484 800 675 854 factum
697 798 787 856 sit.
817 798 1098 853 Mittendus
1124 806 1207 850 est
1241 795 1306 849 ad
1333 795 1578 863 pOpulum
1622 792 1913 859 Judaicum,

347 891 611 946 terribilia
640 889 880 961 quaedam
908 898 961 945 et
997 887 1322 944 intoleranda
1352 886 1775 940 annuntiaturus.
1800 884 1918 939 Mit-

345 988 539 1034 tuntur
557 994 681 1051 ergo
696 979 994 1049 Serapbim,
1016 988 1069 1033 ut
1089 992 1209 1032 eum
1226 978 1415 1031 timore
1429 976 1582 1030 simul
1600 984 1653 1030 et
1672 975 1916 1044 loquendi

344 1068 544 1123 ﬁducia
562 1069 831 1137 impleant.
850 1069 925 1123 Ae
942 1084 1008 1124 ne
1022 1067 1293 1136 objiceret,
1320 1065 1757 1135 quemadmodum
1774 1066 1919 1136 Moy-

342 1171 464 1225 ses,
494 1174 551 1214 se
578 1160 770 1214 exilem
796 1174 978 1214 vocem
1002 1157 1197 1212 habere
1220 1156 1409 1228 (Exod.
1438 1158 1490 1211 4.
1524 1156 1634 1226 to),
1658 1164 1714 1211 et
1736 1164 1794 1210 ut
1824 1156 1918 1212 ,ιθ-

342 1250 568 1315 remias,
597 1249 932 1317 sejuniorem
958 1260 1075 1301 esse
1098 1244 1227 1316 (Jer.
1256 1246 1307 1299 1.
1332 1242 1408 1314 6),
1438 1245 1513 1299 sic
1530 1254 1581 1299 et
1608 1246 1792 1315 ipsese
1820 1244 1919 1299 im-

341 1339 549 1393 munda
576 1339 710 1392 labia
733 1338 925 1391 habere
952 1376 967 1401 ,
995 1350 1099 1389 non
1120 1349 1275 1404 posse
1310 1334 1464 1389 dictis
1486 1336 1804 1401 ministrare,
1825 1350 1919 1391 ve-

339 1427 508 1481 niunt
526 1426 797 1495 Seraphim
816 1434 871 1479 ut
889 1433 1178 1494 expurgent
1192 1425 1304 1493 ejus
1320 1432 1551 1493 peccata,
1581 1440 1685 1479 non
1707 1425 1916 1495 propria

341 1516 549 1569 virtute
578 1517 699 1583 (hoc
724 1517 863 1569 enim
890 1524 973 1569 est
1000 1514 1169 1569 solum
1198 1514 1387 1578 Patris,
1426 1523 1480 1569 et
1504 1513 1642 1576 Filii,
1678 1523 1733 1568 et
1755 1514 1919 1582 Spiri-

340 1613 444 1659 tus
462 1606 672 1675 sancti),
696 1606 790 1661 sed
827 1604 999 1675 jussu,
1041 1613 1095 1662 et
1138 1605 1441 1659 admotione
1468 1603 1772 1659 carbonum.
1802 1604 1916 1661 Non

338 1695 497 1748 enim
521 1695 667 1761 dixit,
702 1695 839 1750 Ecce
867 1696 1099 1750 auferam
1127 1708 1243 1763 ego,
1278 1692 1393 1758 sed,
1423 1692 1553 1747 Ecce
1594 1696 1687 1747 hoc
1726 1698 1919 1765 auferet

339 1784 639 1855 iniquitates
667 1794 797 1851 luas,
827 1794 873 1839 st
900 1794 1101 1853 peccata
1129 1792 1216 1836 tua
1241 1784 1490 1853 purgabil,
1522 1794 1738 1854 propter
1770 1801 1919 1841 man-

338 1874 533 1927 datum
564 1875 836 1929 mittentis.
858 1873 967 1931 Cur
978 1882 1155 1929 autem
1180 1874 1378 1945 forcipe
1398 1874 1673 1945 Seraphin]
1699 1892 1919 1947 accepe-

341 1972 480 2017 runt
506 1964 823 2019 carbonem?
864 1965 1043 2036 Neque
1079 1966 1217 2022 enim
1260 1968 1568 2039 incorporea
1607 1970 1773 2026 virtus
1803 1986 1919 2027 car-

338 2051 576 2106 bonibus
603 2054 682 2107 uri
709 2062 931 2122 poterat.
954 2054 1061 2110 Cur
1079 2055 1191 2111 haec
1216 2056 1348 2112 facta
1373 2060 1532 2113 sunt?
1558 2059 1659 2115 Per
1674 2075 1914 2131 magnam

338 2138 749 2209 indulgentiam.
781 2142 1006 2214 ideoque
1032 2160 1098 2200 ex
1146 2147 1299 2201 altari
1346 2149 1556 2217 accipit,
1603 2150 1690 2204 ubi
1729 2150 1917 2206 hostia:

336 2228 701 2286 en‘erehantur
716 2248 777 2288 ex
786 2234 1148 2304 piationesque
1170 2245 1522 2305 peccatorum.
1545 2237 1693 2305 Quod
1711 2242 1753 2294 si
1771 2239 1919 2296 dixe-

334 2323 457 2373 ris:
489 2320 761 2387 Quomodo
786 2339 847 2379 os
888 2325 1158 2394 prophetae
1200 2341 1303 2381 non
1331 2327 1575 2383 adustum
1619 2331 1733 2384 est?
1760 2330 1917 2387 Certe

337 2412 471 2480 quia
506 2410 555 2465 id
581 2413 718 2481 quod
745 2415 1035 2483 apparebat
1052 2432 1155 2470 non
1174 2426 1289 2471 erat
1314 2418 1449 2488 ignis
1469 2421 1760 2485 sensibilis;
1785 2424 1915 2479 alias

334 2515 497 2564 vero,
523 2516 643 2556 cum
664 2503 931 2573 quidpiam
958 2505 1095 2561 Deus
1120 2518 1389 2577 operatur,
1419 2524 1484 2565 ne
1505 2512 1714 2567 curiose
1742 2514 1913 2583 inqui-

333 2602 435 2645 ras
460 2590 540 2643 vel
566 2594 836 2647 scruteris.

420 2678 474 2733 5.
507 2678 711 2734 Etenim
742 2680 934 2737 ardens
959 2692 1013 2739 et
1036 2686 1299 2742 sensibilis
1327 2687 1461 2759 ignis
1484 2694 1792 2761 corporibus
1818 2694 1911 2749 ad-

333 2777 553 2835 motus,
582 2786 641 2824 ea
671 2788 776 2826 non
813 2774 987 2831 efi‘ccit
1013 2793 1130 2846 qua:
1164 2790 1466 2849 competunt
1497 2784 1600 2852 igni
1630 2784 1723 2854 (a).
1760 2787 1911 2852 Quod

331 2856 387 2909 si
426 2858 512 2911 ubi
552 2870 815 2913 sarmenta
840 2901 855 2926 ,
888 2871 945 2916 et
978 2865 1061 2933 pix
1084 2904 1099 2929 ,
1144 2866 1352 2921 ﬂamma
1385 2872 1613 2939 praprin:
1642 2874 1802 2928 oblita
1830 2885 1911 2931 est

333 2953 546 3000 natura:
570 2987 584 3011 ,
615 2948 735 3017 quid
769 2950 1046 3011 miraris.si
1078 2969 1215 3009 nunc
1243 2954 1294 3010 in
1325 2966 1430 3011 tam
1461 2962 1720 3029 stupendo
1744 2980 1868 3020 casu
1890 3007 1905 3032 ,

332 3035 429 3089 hic
457 3036 589 3105 ignis
616 3041 947 3108 purgaverit,
978 3056 1076 3096 nec
1102 3042 1399 3100 adnsserit?
1426 3048 1478 3103 8.
1518 3049 1584 3103 Et
1629 3053 1794 3106 audivi
1822 3070 1908 3108 vo-

329 3141 444 3179 cem
472 3126 671 3180 Domini
697 3129 907 3184 dicentis
932 3146 949 3183 .'
976 3132 1132 3196 Quem
1160 3136 1368 3201 mittam,
1400 3146 1446 3191 et
1474 3140 1582 3206 quis
1610 3140 1695 3194 ibit
1722 3143 1789 3195 ad
1817 3160 1907 3213 po—

330 3217 514 3283 pulum
536 3219 702 3271 hunc?
728 3219 909 3275 Viden‘
933 3231 1182 3291 quantum
1210 3226 1459 3294 profuerit
1480 3230 1630 3296 visio,
1656 3243 1901 3300 quantam

326 3319 448 3359 rem
477 3308 753 3376 perfecerit
780 3311 972 3366 timor?
999 3312 1145 3368 Licet
1178 3317 1276 3371 sub
1312 3317 1491 3389 Moyse
1524 3323 1788 3392 quidpiam
1825 3326 1900 3395 si-

325 3394 462 3449 mile
480 3407 680 3464 gestum
704 3400 810 3453 sit:
834 3402 933 3456 etsi
954 3404 1094 3457 enim
1117 3404 1391 3475 Seraphim
1414 3423 1516 3463 non
1539 3415 1897 3481 apparuerint,

323 3500 434 3539 nec
461 3486 597 3542 Deus
630 3489 683 3542 in
709 3492 844 3545 solio
884 3492 1107 3558 sedens;
1144 3506 1373 3552 attamen
1408 3501 1546 3555 aliud
1585 3506 1901 3573 stupendum

320 3578 689 3643 spectaculum
716 3589 843 3636 tunc
864 3584 1133 3654 prephetae
1159 3587 1449 3649 exhibitum
1471 3603 1570 3655 est,
1597 3603 1900 3668 tantumque

319 3674 388 3718 ut
408 3681 562 3722 nemo
586 3668 637 3723 in
663 3670 790 3725 illud
814 3674 1080 3743 respicere
1106 3681 1289 3745 possit.
1315 3680 1486 3737 Rubus
1506 3686 1647 3739 enim
1670 3688 1894 3759 ardebat,

316 3756 530 3826 inquit,
570 3770 617 3813 et
658 3777 759 3815 non
794 3765 1170 3821 comburebatur
1199 3768 1399 3840 (Exod.
1442 3775 1493 3829 5.
1524 3775 1559 3828 2
1580 3777 1615 3844 ).
1648 3756 1895 3837 Attamen

316 3847 485 3900 etiam
515 3858 630 3915 post
665 3851 754 3905 illa
774 3891 789 3917 ,
817 3862 869 3907 et
895 3865 1017 3923 post
1052 3859 1268 3913 multam
1305 3861 1398 3916 Dei
1438 3864 1856 3926 adhortationem
1876 3912 1893 3939 ,

316 3936 611 3993 reluctatur
632 3948 805 3997 tamen
835 3944 1042 4015 Moyses
1067 3948 1159 4004 ille
1187 3966 1427 4020 magnus,
1454 3957 1803 4027 causiﬁcatur,
1830 3977 1893 4018 ac

312 4039 600 4084 sescentas
624 4034 886 4104 excogitat
920 4040 1195 4094 recuSandi
1221 4057 1406 4099 causas
1432 4045 1611 4102 dicens
1636 4067 1649 4101 :
1676 4050 1890 4108 Gracilis

312 4119 454 4170 vocis
478 4136 608 4186 sum,
634 4132 680 4176 et
708 4124 879 4194 lingua
906 4130 1079 4183 tardus
1107 4129 1299 4198 (Exod.
1328 4134 1379 4189 4.
1414 4136 1499 4191 10.
1530 4139 1615 4208 15)
1640 4156 1654 4205 ;
1683 4150 1754 4208 et,
1786 4143 1888 4197 De-

311 4208 421 4277 lige
443 4219 497 4261 tu
520 4213 701 4280 alium,
729 4232 875 4284 quem
901 4221 1067 4275 mittas
1096 4222 1229 4293 (Jer.
1260 4226 1310 4279 l.
1337 4227 1445 4298 16).
1474 4228 1730 4287 Jeremias
1758 4250 1885 4289 vero

309 4306 528 4354 aetatem
558 4310 790 4359 teneram
819 4307 1076 4363 obtendit.
1122 4313 1363 4370 Ezechiel
1400 4326 1573 4374 autem
1606 4332 1881 4392 postquam

303 4387 495 4454 jussus
529 4388 734 4457 fuerat,
762 4405 963 4463 septem
1003 4398 1186 4455 diebus
1214 4405 1351 4458 circa
1380 4405 1574 4461 ﬂumen
1606 4387 1879 4479 versatur,

309 4476 584 4533 reluctans
607 4490 661 4534 et
687 4484 1059 4552 tergiversaris.
1088 4488 1212 4545 Ideo
1239 4494 1540 4561 parabolam
1577 4498 1717 4552 illam
1745 4476 1882 4556 Deus

306 4564 512 4632 adjecit
533 4567 712 4625 dicens
738 4588 751 4625 :
785 4571 1158 4642 Speculatorem
1183 4588 1229 4633 te
1252 4581 1366 4634 dedi
1390 4583 1559 4639 domui
1584 4585 1781 4654 Israel;
1804 4602 1876 4655 et,

304 4654 549 4709 Animam
585 4675 754 4713 eorum
790 4662 852 4715 de
883 4680 1035 4718 manu
1061 4676 1147 4720 tua
1176 4671 1423 4737 requiram
1452 4673 1669 4745 (Ezech.
1704 4680 1755 4732 5.
1792 4681 1872 4734 l7.

306 4745 429 4813 18).
458 4745 618 4802 Jonas
645 4759 818 4805 autem
849 4768 953 4807 non
980 4756 1137 4811 modo
1164 4762 1444 4828 recusavit,
1476 4765 1568 4819 sed
1596 4768 1752 4822 etiam
1782 4785 1876 4824 au-

303 4837 462 4905 lugit.
506 4836 636 4903 Quid
682 4841 874 4909 igitur?
917 4845 1231 4904 audaciorne
1268 4853 1511 4910 omnibus
1548 4857 1642 4913 fuit
1678 4860 1869 4929 lsaias,

302 4928 570 4995 etiamque
603 4944 793 4999 magno
824 4932 916 4987 illo
944 4934 1165 5004 Moyse?
1192 4939 1320 5006 Quis
1364 4944 1476 4999 hare
1511 4947 1741 5005 dixerit?
1766 4928 1874 5008 Cur

300 5032 436 5085 ergo
461 5018 546 5075 ille
565 5022 745 5088 jussus
771 5025 1141 5095 reluctabatur,
1168 5030 1251 5086 hic
1277 5048 1400 5089 vero
1428 5051 1530 5091 nou
1559 5053 1739 5108 aperte
1759 5045 1873 5112 jus-

297 5120 429 5171 sus,
464 5109 692 5167 insiliens
730 5126 926 5183 praesto
963 5116 1095 5172 fuit?
1118 5119 1298 5191 Neque
1326 5125 1464 5179 enim
1490 5126 1644 5194 dixit,
1679 5109 1823 5189 Vade
1852 5153 1866 5191 :

297 5196 399 5248 sed
430 5196 533 5253 Deo
560 5202 768 5259 dicente
792 5245 806 5268 ,
836 5206 992 5270 Quem
1018 5209 1207 5264 mittam
1225 5212 1252 5266 7
1272 5213 1477 5282 jussum
1506 5217 1592 5275 ille
1620 5221 1866 5293 abripuit.

296 5288 520 5350 Quidam
545 5306 689 5349 certe
709 5295 911 5362 dicunt,
938 5313 1080 5367 eum,
1107 5303 1225 5372 quia
1253 5320 1577 5378 peccaverat,
1602 5288 1867 5381 quodnon

297 5380 721 5446 reprehendisset
756 5386 970 5457 Oziam,
1004 5393 1091 5461 qui
1135 5396 1187 5449 in
1228 5398 1383 5468 adyta
1422 5416 1479 5457 se
1519 5380 1868 5466 intromittere

293 5484 448 5530 ausus
473 5487 572 5541 est,
603 5488 662 5531 ut
688 5478 757 5532 de
786 5479 878 5533 illo
908 5493 1122 5550 peccato
1152 5501 1269 5542 sese
1296 5503 1538 5561 purgaret
1566 5512 1656 5564 per
1682 5500 1865 5554 alacri-

290 5568 438 5619 tatem
464 5567 813 5634 obedientiae,
843 5570 1015 5626 statim
1042 5574 1303 5644 insiliisse,
1335 5589 1389 5635 ut
1422 5582 1582 5638 Deum
1612 5589 1859 5655 placaret.

269 5699 421 5815 “Erg!
436 5709 547 5754 Hac
567 5708 808 5766 spectant
832 5701 891 5751 ad
914 5709 1015 5754 tres
1035 5718 1215 5769 pueros
1235 5715 1285 5761 et
1302 5710 1360 5761 ad
1383 5712 1620 5767 fornacem
1645 5721 1768 5780 ignis
1785 5734 1862 5769 ar-

1616 411 1681 469 IN
1718 408 1963 478 ISAIAM,
2001 407 2151 466 CAP.
2193 406 2280 466 Vl.
3495 438 3564 491 74

2022 519 2223 577 idcirco
2249 521 2389 579 enim
2415 520 2617 593 impura
2642 536 2761 578 esse
2786 521 2921 578 labia
2946 538 3039 579 sua
3064 522 3289 591 diccbat,
3310 524 3449 595 quod
3476 539 3577 579 non

2020 608 2262 667 libertate
2300 612 2546 680 loquendi
2572 626 2697 668 usus
2720 622 2883 669 esset.
2907 614 2976 668 At
3002 630 3094 670 cos
3122 616 3209 684 qui
3251 616 3370 669 talia
3399 615 3583 670 dicunt

2020 700 2159 755 ferre
2196 715 2298 756 non
2338 702 2535 770 possim
2565 720 2580 757 :
2613 718 2733 758 nam
2760 704 2863 759 fide
2887 704 3093 775 dignior
3123 706 3226 761 illis
3250 717 3331 761 est
3356 705 3581 770 Paulus,

2019 791 2108 860 qui
2148 791 2399 847 audacem
2441 792 2586 847 illum
2620 804 2769 849 vocat
2804 802 2858 849 et
2894 795 3004 861 ait,
3037 797 3201 849 Isaias
3224 811 3336 850 vero
3359 796 3509 850 audet
3538 805 3584 850 et

2020 881 2140 933 dicit
2165 880 2336 951 (Rom.
2362 884 2449 939 10.
2474 883 2589 953 20).
2618 884 2740 940 Ideo
2766 886 2922 955 igitur
2942 901 3046 940 non
3070 902 3134 941 ex
3158 890 3423 943 communi
3446 889 3582 958 lego,

2022 978 2079 1023 ut
2118 970 2301 1036 aiunt,
2340 982 2564 1028 mortem
2606 974 2773 1041 obiit,
2800 977 2893 1033 sed
2933 978 3300 1047 gravissimum
3338 977 3588 1034 sustinuit

2019 1060 2331 1130 Supplicium
2360 1062 2432 1133 (a)
2456 1104 2471 1129 ,
2509 1063 2706 1119 Judmis
2743 1066 2856 1135 ejus
2882 1067 3128 1137 loquendi
3159 1069 3450 1123 libertatem
3482 1086 3585 1125 non

2020 1147 2327 1205 ferentibus.
2361 1152 2562 1210 Practer
2587 1154 2701 1210 haec
2725 1164 2899 1211 autem
2934 1157 3201 1228 Scriptura
3225 1175 3480 1230 nusquau:
3498 1160 3588 1213 di-

2020 1238 2123 1303 cit,
2155 1238 2323 1308 ipsum
2352 1252 2663 1309 praesentem
2683 1243 2888 1309 'fuisse,
2916 1254 2970 1301 et
3006 1258 3317 1316 prinsentcm
3346 1250 3586 1312 siluisse.

2019 1327 2230 1396 quando
2256 1329 2409 1385 Ozias
2449 1332 2534 1388 illa
2570 1336 2887 1390 attentavit:
2916 1336 3009 1391 sed
3047 1338 3132 1406 qui
3163 1338 3276 1395 haec
3312 1340 3591 1409 proferunt

2020 1432 2085 1472 ex
2114 1420 2303 1490 scipsis
2331 1423 2452 1478 talia
2482 1426 2790 1495 conjiciunt.
2829 1429 2963 1496 Quid
3004 1444 3130 1501 ergo
3158 1430 3436 1487 dicendum
3463 1432 3589 1489 est?

2019 1506 2134 1563 Non
2163 1525 2282 1566 esse
2320 1526 2497 1580 parem
2527 1515 2722 1587 Moysis
2746 1528 2799 1573 et
2831 1518 2985 1589 hujus
3014 1521 3293 1577 rationem.
3325 1522 3417 1578 llle
3445 1524 3586 1579 enim

2022 1595 2072 1649 in
2100 1597 2328 1654 alienam
2354 1610 2408 1656 et
2444 1604 2719 1662 barbaram
2748 1617 2941 1664 terram
2974 1611 3303 1677 mittebatur,
3330 1623 3382 1668 et
3410 1614 3474 1668 ad
3502 1622 3588 1685 ty-

2020 1702 2245 1744 rannum
2288 1690 2579 1764 furentem,
2620 1697 3078 1772 insanientemque
3106 1718 3167 1759 ac
3193 1703 3472 1771 rabidum;
3504 1706 3590 1762 hic

2019 1793 2149 1834 vero
2173 1780 2237 1835 ad
2268 1798 2423 1849 suos,
2452 1788 2539 1856 qui
2567 1802 2625 1844 se
2650 1804 2791 1860 saepe
2818 1794 3124 1860 audierant,
3151 1795 3421 1867 multoque
3452 1807 3589 1853 tcm-

2021 1883 2149 1937 pore
2175 1872 2394 1928 instituti
2422 1874 2631 1932 fuerant
2661 1897 2673 1933 :
2704 1897 2872 1951 neque
2898 1886 3036 1952 paris
3061 1896 3173 1940 erat
3196 1889 3508 1943 constantia:
3536 1890 3586 1943 in

2021 1958 2112 2014 illo
2135 1969 2190 2015 et
2212 1962 2262 2017 in
2289 1962 2390 2019 hoc
2409 1980 2533 2021 casu
2554 1970 2790 2041 obsequi.
2818 1973 3038 2041 Quidam
3067 1992 3226 2046 porro
3246 1978 3428 2033 dicunt
3445 1977 3586 2033 aliud

2017 2049 2284 2119 quidpiam
2316 2062 2513 2111 tantam
2540 2059 2615 2114 illi
2643 2060 2896 2119 indidisse
2918 2065 3261 2121 alacritatem.
3285 2068 3415 2135 Quia
3446 2070 3585 2123 enim

2019 2154 2115 2208 pro
2142 2156 2199 2197 se
2226 2153 2280 2199 et
2308 2149 2503 2217 populo
2540 2152 2814 2209 confessus
2851 2168 2998 2222 erat,
3030 2170 3082 2214 et
3111 2160 3387 2233 Seraphim
3426 2162 3491 2218 ad
3529 2179 3590 2219 se

2019 2233 2155 2287 mitti
2184 2235 2408 2303 viderat,
2436 2255 2555 2310 quae
2583 2243 2719 2299 labia
2745 2261 2837 2302 sua
2867 2260 3239 2321 expurgarent,
3262 2268 3382 2308 cum
3409 2269 3590 2325 spera-

2018 2330 2098 2375 ret
2133 2324 2318 2380 eadem
2360 2328 2472 2399 ipsa
2513 2335 2708 2403 populo
2731 2347 2981 2394 eventura
3011 2356 3130 2397 esse
3154 2385 3167 2410 ,
3194 2358 3355 2415 seque
3380 2324 3449 2401 ad
3476 2346 3590 2404 lucc

2016 2416 2373 2473 annuntianda
2419 2421 2681 2480 abiturum
2726 2442 2877 2497 esse,
2926 2432 3171 2490 alacriter
3213 2436 3407 2493 dictum
3457 2439 3587 2496 illud

2015 2506 2270 2571 rapuisse.
2301 2509 2477 2566 Sancti
2500 2514 2639 2570 enim
2666 2528 2724 2572 ut
2762 2518 2855 2575 Dei
2893 2535 3131 2579 amantes
3159 2536 3340 2590 erant.
3372 2529 3440 2584 ita
3469 2532 3587 2599 plus

2013 2608 2169 2660 quam
2209 2598 2295 2652 alii
2339 2616 2526 2659 onmes
2570 2604 2815 2665 homines
2855 2615 3107 2681 populum
3146 2620 3411 2674 amabant.
3451 2598 3581 2677 Cum

2013 2696 2253 2751 speraret
2282 2688 2437 2757 igitur
2464 2707 2523 2749 se
2552 2697 2811 2752 malorum
2839 2703 3120 2769 quamdam
3147 2707 3463 2767 solutionem
3485 2728 3585 2767 an-

2014 2776 2376 2833 nuntiatnrum
2407 2797 2544 2847 esse,
2559 2787 2666 2839 cito
2692 2788 2927 2856 insilivit,
2956 2802 3007 2847 ct
3032 2796 3102 2848 ait
3131 2814 3144 2850 :
3173 2794 3305 2853 Ecce
3329 2817 3420 2872 ego
3448 2820 3581 2869 sum,

2011 2864 2149 2916 mitte
2185 2881 2279 2919 me.
2322 2867 2467 2925 Alias
2504 2886 2631 2929 vero
2667 2877 2896 2934 animam
2936 2882 3000 2936 ad
3043 2887 3271 2953 pericula
3311 2893 3584 2951 subeunda

2010 2952 2161 3008 valde
2206 2971 2519 3026 prepensam
2569 2961 2795 3022 habebat
2844 2988 2854 3022 :
2897 2952 3172 3045 ipsumque
3221 2978 3289 3033 ita
3336 2981 3581 3040 affectum

2010 3041 2170 3101 fuisse
2211 3063 2305 3117 per
2348 3059 2509 3107 totam
2548 3057 2663 3125 ejus
2699 3063 3026 3131 prophetiam
3062 3041 3380 3127 declaratur.
3423 3074 3582 3132 Ροδί-

2008 3151 2160 3206 quam
2193 3157 2318 3211 ergo
2347 3148 2662 3214 promiserat
2688 3167 2746 3207 se
2774 3156 3057 3225 abiturum,
3086 3175 3204 3216 cum
3233 3179 3334 3219 non
3360 3166 3578 3225 auderet

2005 3230 2140 3285 ultra
2170 3232 2421 3301 abnuere,
2451 3246 2572 3295 tunc
2600 3243 2763 3297 tristia
2789 3248 3005 3303 audivit.
3033 3250 3301 3321 Siquidem
3332 3256 3468 3312 Deus
3493 3274 3577 3313 sa-

2003 3322 2201 3387 gaciter
2225 3340 2342 3379 cum
2367 3328 2457 3382 illo
2481 3345 2592 3385 rem
2616 3337 2875 3391 tractavit.
2900 3338 3079 3409 Neque
3100 3344 3240 3398 enim
3264 3361 3292 3399 a
3320 3349 3575 3419 principio

2002 3409 2135 3464 dixit
2164 3429 2179 3464 :
2211 3412 2353 3469 Vade
2375 3458 2389 3482 ,
2423 3426 2476 3471 et
2501 3419 2622 3487 die;
2649 3424 2743 3477 sed
2783 3427 2926 3495 prius
2955 3432 3251 3489 mandatum
3284 3409 3337 3491 in
3362 3409 3573 3496 sublimi

2002 3508 2221 3566 tenens,
2251 3506 2516 3563 missionis
2545 3513 2757 3569 modum
2785 3519 3048 3575 occultum
3088 3523 3287 3581 habuit.
3318 3528 3446 3584 Cum
3474 3548 3572 3585 au-

2004 3598 2107 3647 tem
2136 3594 2222 3649 ille
2248 3595 2402 3652 facile
2431 3602 2712 3670 paruisset,
2741 3615 2865 3663 tunc
2890 3610 3023 3664 mala
3048 3629 3164 3683 quae
3188 3615 3396 3673 Judteos
3422 3618 3573 3676 inva-

1998 3697 2121 3738 sura
2150 3696 2301 3740 erant
2323 3688 2470 3745 dixit.
2501 3692 2749 3760 Quamam
2782 3714 2939 3767 porro
2966 3700 3077 3757 hzec
3102 3709 3293 3761 erant?
3319 3710 3371 3765 9.
3411 3710 3567 3780 Vade,

1999 3771 2197 3842 inquit,
2225 3786 2271 3829 et
2301 3778 2382 3831 dic
2412 3782 2597 3849 papula
2623 3786 2736 3839 huic
2762 3802 2780 3839 :
2806 3789 2995 3843 Audita
3023 3795 3263 3861 audietis,
3290 3809 3334 3852 et
3362 3816 3461 3854 non
3492 3771 3569 3855 in;

1997 3863 2256 3933 telligetis,
2285 3878 2331 3920 et
2362 3869 2576 3927 videntes
2615 3875 2836 3932 videbitis
2856 3920 2871 3945 ,
2900 3890 2945 3934 et
2983 3899 3081 3937 non
3120 3889 3443 3957 perspicietis.
3479 3895 3566 3950 10.

1996 3949 2338 4009 lncrassalum
2364 3961 2497 4013 enim
2521 3973 2592 4016 est
2622 3981 2707 4018 cor
2732 3968 2906 4037 populi
2932 3971 3082 4042 hujus
3101 4015 3116 4040 ,
3150 3986 3195 4029 et
3227 3981 3430 4037 auribus
3462 3986 3567 4038 suis

1992 4043 2206 4109 graviter
2230 4047 2513 4115 audierunt,
2542 4062 2587 4104 et
2610 4056 2778 4110 oculos
2801 4074 2917 4112 suos
2946 4062 3310 4134 clauserunt,ne
3334 4072 3464 4137 forte
3488 4075 3563 4126 vi-

1991 4132 2140 4184 deant
2166 4134 2346 4203 oculis,
2376 4148 2421 4191 et
2456 4141 2656 4194 auribus
2686 4146 2914 4209 audiant,
2946 4159 2991 4201 et
3014 4154 3162 4205 corde
3189 4132 3488 4227 intelligant,
3517 4172 3564 4215 et

1990 4234 2371 4293 convertantur,
2401 4236 2446 4281 et
2481 4246 2651 4284 sanem
2690 4249 2791 4287 eos.
2830 4235 2953 4293 Haec
2992 4239 3427 4312 interpretatione
3456 4269 3559 4307 non

1988 4323 2120 4378 cpus
2147 4312 2340 4368 habere
2367 4326 2511 4383 puto,
2537 4334 2654 4373 cum
2683 4322 2716 4375 ii
2739 4324 2825 4393 qui
2853 4325 2968 4382 hzec
2993 4331 3155 4398 probe
3175 4335 3429 4403 sciebant,
3448 4340 3557 4408 jam

1986 4402 2110 4456 olim
2142 4419 2203 4459 ea
2238 4419 2482 4466 accurate
2520 4413 2845 4484 interpretati
2885 4421 3027 4485 sint;
3056 4422 3287 4482 Joannes
3316 4430 3561 4490 videlicet

1988 4496 2200 4551 tonitrui
2229 4499 2386 4564 filius,
2414 4514 2466 4557 et
2493 4505 2705 4575 Paulus,
2737 4510 2826 4584 qui
2857 4520 2907 4565 et
2938 4523 3113 4568 vetera
3139 4527 3193 4570 et
3218 4534 3352 4574 nova
3382 4528 3559 4594 appri-

1985 4604 2069 4643 me
2095 4604 2331 4646 noverat.
2359 4594 2453 4650 llic
2474 4597 2613 4652 enim
2644 4600 2825 4657 Roma:
2851 4604 2914 4659 iis
2935 4608 3276 4677 concionans,
3301 4614 3389 4683 qui
3414 4630 3558 4685 post-

1981 4692 2137 4745 quam
2178 4695 2539 4752 accesserant,
2567 4690 2865 4746 resilierant
2890 4703 2945 4747 et
2972 4694 3108 4749 dicta
3144 4712 3237 4753 sua
3277 4717 3381 4757 non
3414 4706 3552 4762 fere-

1981 4767 2124 4834 bant,
2149 4771 2321 4826 aiebat
2342 4790 2353 4825 :
2372 4774 2507 4829 Bene
2524 4779 2647 4831 dixit
2670 4780 2891 4848 Spiritus
2910 4795 3111 4839 sanctus
3129 4803 3148 4840 :
3167 4790 3299 4843 Aure
3316 4796 3551 4861 audietis,

1978 4868 2023 4910 et
2051 4876 2147 4913 non
2176 4862 2460 4933 intelligetis
2490 4866 2633 4934 (Act.
2666 4868 2755 4922 28.
2786 4870 2875 4925 25.
2904 4873 3031 4943 26).
3061 4875 3223 4932 Filius
3254 4896 3379 4936 vero
3408 4888 3550 4939 toni-

1979 4951 2101 5017 trui,
2127 4967 2245 5007 cum
2271 4954 2520 5009 miracula
2546 4958 2801 5025 viderent,
2835 4979 2930 5019 nec
2954 4967 3248 5035 crederent,
3274 4972 3519 5043 dogmata
3536 5009 3549 5018 ο

1974 5057 2077 5112 que
2097 5044 2359 5111 audirent,
2386 5062 2483 5103 nec
2501 5051 2831 5109 attenderem
2851 5056 3111 5125 (Christus
3131 5062 3269 5117 enim
3288 5064 3541 5123 Lazarum

2036 5237 2108 5308 (a)
2141 5238 2376 5317 Veterum
2401 5248 2586 5317 Patrum
2608 5250 2766 5317 opinio
2787 5257 3123 5317 sententiaque
3147 5257 3232 5309 fuit
3255 5260 3420 5313 Isaiam
3446 5272 3539 5315 tta-

1971 5302 2123 5347 nassis
2145 5308 2363 5378 tempor'_e
2402 5312 2587 5378 sectum
2610 5302 2775 5359 fuisse.
2797 5313 2847 5361 Id
2872 5317 2936 5363 ait
3255 5302 3535 5378 iiBZ'Eé‘iiiI

1984 5364 2446 5450 Ear'natiéinte..1:o'rrt.
2464 5376 2522 5450 Al,
2555 5390 2599 5450 ρ.
2625 5378 2772 5450 6:8,‘3
2809 5378 2968 5450 {006‘s

1983 5430 2031 5472 et
2131 5427 2206 5485 78,
2235 5430 2268 5478 C
2292 5427 2537 5501 i'fﬂcaiaic
2556 5427 2756 5500 ’ἐπρίσίθη
2790 5443 2888 5501 μὲν,
2924 5427 3032 5489 ἆ).λῖ
3049 5427 3443 5499 'os‘i'eiéi'tdiféd'

1981 5488 2259 5560 xpéttaargt.
2290 5488 2634 5560 llieronymus'
2660 5488 3253 5558 vero'in'Oumstionibus
3286 5488 3535 5560 Hebraicis

1981 5547 2039 5623 ad
2075 5548 2159 5623 ubi.
2190 5547 2587 5623 Paratip._c.'53:
2620 5547 2839 5623 meum
2868 5547 3534 5623 Ηὲιῖἧὲιῖ,”ἑὶὶὲῧὶό’ὂέὲῦς”ἇὸἶ

1982 5606 2266 5686 £5aiam,'eo
2288 5606 2413 5686 quod
2441 5629 2525 5686 eos.
2538 5606 2856 5686 appellaverit
2868 5606 3534 5686 ’ﬁiiaciiés'iééabinérbiiéi

1980 5668 2399 5759 Gorgian/inuis
2410 5668 3463 5759 “addiLbossentangustiam:Tlieoilorctus,
3490 5700 3535 5759 et

1980 5740 2065 5759 ηηρ
2087 5742 2141 5759 η..
2193 5744 2284 5759 .....
2354 5748 2377 5759 -
2448 5752 2533 5759 μ--
2695 5744 2819 5759 μμ.
2855 5748 2866 5759 .
2906 5758 2912 5759 ,
2978 5747 2989 5759 .

2157 5729 2377 5814 ‘(i‘brimde
2404 5729 2657 5802 Prop/telis
2688 5729 3531 5814 apatiinhibitam$313421??in

1977 5786 2077 5837 Izwc
2100 5790 2216 5841 satis
2237 5802 2391 5845 sunto.
