4056 6452
235 401 304 456 75
1558 387 1625 446 1N
1660 384 1908 455 ISAIAM,
1937 387 2088 445 CAP.
2126 390 2214 449 vn.
3562 429 3635 485 76

237 501 489 572 εχείρουν·
523 503 783 575 δαίμονας
811 505 1027 575 ἤλαυνε,
1053 503 1144 558 καὶ
1167 503 1499 574 δαιμονῶντα
1525 504 1767 557 ἐκάλουνο
1801 500 1880 572 τῷ

237 596 403 667 Harp!
429 601 695 669 προσῆγε,
723 599 814 652 καὶ
845 599 1042 652 πλάνον
1068 599 1362 668 ὠνόμαζον,
1386 598 1479 652 καὶ
1509 597 1605 661 τάς
1635 595 1876 658 ἐναντίας

236 691 468 761 ἐδέχοντο
495 689 694 765 δόξας),
728 695 1051 765 μνημονεύει
1073 693 1171 764 τῆς
1205 693 1537 765 προφητείας
1559 692 1760 764 ταύτης
1787 691 1876 744 λέ·-

236 801 363 852 γωνο
409 789 616 854 Καλῶς
652 785 822 844 εἶπεν
868 791 1113 856 Ἡσαΐας
1155 793 1189 844 ό
1220 789 1544 858 προφήτης,
1579 789 1667 842 ὅτι
1713 785 1880 857 Ἀκοῇ

232 886 536 952 ἀκούσετε,
567 889 664 944 καί
693 891 764 944 οὐ
784 890 870 960 μὴ
901 890 1128 960 συνῆτε
1145 908 1158 922 ·
1184 890 1281 944 καὶ
1305 889 1637 954 βλέποντες
1653 887 1878 956 βλέψε-

235 1002 314 1050 τε,
346 987 438 1040 καί
469 989 542 1041 οὐ
564 988 652 1056 μὴ
687 989 864 1058 ῑδητε.

301 1090 377 1147 ς’.
401 1084 617 1156 Ἐπειδὴ
632 1085 741 1157 γάρ
757 1087 822 1139 τὰ
837 1086 981 1140 ἔνδον
999 1088 1220 1158 ὄμματα
1237 1087 1333 1159 τῆς
1349 1086 1580 1149 διανοίας
1593 1085 1736 1157 πεπή
1744 1103 1879 1157 ρων-

233 1194 310 1242 το,
341 1179 488 1232 οὐδὲν
529 1180 720 1249 ὄφελος
747 1176 815 1252 ἦν
853 1181 1035 1246 αὐτοῖς
1069 1184 1177 1237 τῶν
1209 1183 1404 1248 ἔξωθεν
1438 1181 1747 1253 ὀφθαλμῶν,
1782 1181 1877 1235 τοῦ

233 1274 510 1344 κριτηρίου
537 1276 634 1344 τῆς
666 1277 901 1340 διανοίας
922 1277 1331 1351 διεφθαρμένου.
1361 1278 1461 1333 Διά
1486 1277 1641 1333 τοῦτο
1667 1278 1878 1349 βλέπον-

233 1385 318 1430 τες
341 1371 436 1423 οὐκ
469 1371 715 1436 ἔϐλεπον,
747 1374 838 1426 καί
861 1373 1146 1438 ἀκούοντες
1177 1376 1276 1429 οὐκ
1311 1377 1523 1445 ἢκουονσ
1556 1374 1648 1428 καὶ
1671 1373 1768 1445 τὴν
1797 1374 1879 1428 αί-

232 1465 349 1519 τίαν
378 1468 750 1539 προστίθησιν,
775 1470 854 1523 ὅτι
884 1471 1002 1540 οὐχὶ
1023 1470 1092 1523 τὰ
1119 1471 1439 1543 αἰσθητήρια
1461 1467 1528 1542 ἦν
1549 1469 1880 1541 διεφθαρμέ-

231 1574 312 1624 να,
346 1561 463 1613 οὐδέ
490 1563 522 1629 ἡ
558 1561 720 1629 φύσις
752 1563 1116 1634 λελωϐημένῃ,
1152 1565 1286 1619 ἀλλά
1326 1567 1360 1638 ἡ
1397 1566 1592 1637 καρδία
1620 1582 1879 1639 πεπηρω-

235 1655 383 1725 μένη.
445 1658 778 1726 Ἐπαχύνθη
813 1659 922 1728 γὰρ
957 1661 997 1730 ἠ
1050 1662 1262 1729 καρδία
1303 1663 1410 1717 τοῦ
1453 1663 1606 1717 λαοῦ
1643 1663 1875 1729 τούτου,

231 1745 379 1814 φησι·
414 1747 585 1816 πάχος
621 1748 677 1800 δὲ
708 1749 941 1812 διανοίας
977 1751 1182 1818 γίνεται
1217 1751 1324 1806 ἀπό
1353 1769 1412 1806 τε
1446 1753 1874 1824 ἁμαρτημάτων,

228 1839 332 1893 ἀπό
351 1857 406 1893 τε
427 1841 686 1913 βιωτικῆς
705 1844 1017 1915 ἐπιθυμίας.
1038 1847 1146 1901 Καὶ
1171 1848 1373 1920 ταύτην
1398 1849 1755 1921 ἐξηγούμενος
1778 1849 1875 1921 τὴν

229 1938 506 2009 παχύτητα
528 1942 557 1992 ό
585 1940 794 2004 Παῦλος
820 1943 1026 2011 ἐλεγενο
1057 1945 1178 1998 Οὐκ
1204 1944 1513 2014 ἠδυνήθην
1530 1946 1670 2015 ὑμῖν
1692 1946 1878 2017 λαλῆ-

227 2058 326 2097 σαι
370 2046 447 2112 ὡς
493 2051 935 2118 πνευματικοῖς*
987 2053 1151 2106 οὔπω
1197 2052 1312 2129 ,γὰρ
1362 2054 1684 2122 ἠδύνασθε,
1735 2057 1874 2111 ἀλλ’

229 2144 349 2197 οὐδ’
373 2148 457 2200 έτι
492 2147 775 2204 δύνασθε.
816 2150 923 2202 Καὶ
959 2151 1055 2221 τὴν
1101 2151 1279 2205 αἰτίαν
1327 2153 1644 2225 προστίθησι
1681 2154 1871 2222 λέγων·

227 2240 409 2295 Ὅπου
435 2243 544 2310 γὰρ
579 2243 650 2295 ἐν
675 2244 815 2313 ὑμῖν
844 2244 996 2313 ἕρεις
1031 2247 1128 2300 καὶ
1163 2247 1322 2316 ζῆλοι
1354 2250 1451 2304 καὶ
1475 2250 1871 2320 διχοστασίαι,

225 2338 356 2403 οὐχί
389 2341 658 2405 σαρκικοί
687 2341 865 2404 ἐστε;
906 2343 1056 2395 Ἐπεὶ
1082 2339 1176 2398 06v
1222 2345 1458 2399 κάκεῖνοι
1497 2348 1673 2420 φθόνῳ
1699 2351 1875 2422 πολλῷ

226 2434 315 2485 καὶ
337 2433 602 2506 βασκανίᾳ
621 2438 930 2507 τηκόμενοι,
965 2441 1059 2493 καὶ
1083 2441 1286 2512 ἐτέροις
1316 2444 1530 2514 μυρίοις
1561 2445 1874 2516 πολιορκού⁹

224 2543 374 2593 μενοι
401 2531 613 2598 πάθεσι,
645 2534 788 2602 παχύ
821 2534 881 2586 τὸ
913 2534 1065 2606 ὄμμα
1093 2549 1119 2577 ι
1150 2537 1247 2606 τῆς
1266 2537 1498 2602 διανοίας
1529 2542 1869 2611 εἰργάσαντο,

225 2624 427 2696 καθαρὰ
467 2627 682 2695 βλέπειν
725 2629 824 2683 οὐκ
875 2630 954 2684 ἔτι
995 2631 1176 2684 λοιπὸν
1229 2632 1504 2702 ἠδύναντο.
1554 2636 1642 2688 Διδ
1683 2637 1872 2709 ἐτέρας

225 2721 348 2793 περὶ
385 2721 492 2776 τῶν
547 2722 664 2796 [72]
713 2725 1003 2796 δρωμένων
1059 2727 1212 2792 δόξας
1258 2728 1580 2799 ἐλάμϐανον,
1634 2733 1728 2788 κα)⁸
1773 2734 1872 2799 τάς

224 2815 481 2880 ἐναντίας.
512 2818 698 2872 Ταῦτα
735 2816 826 2873 οῦν
857 2821 992 2890 μετά
1019 2823 1301 2893 ἀκριϐείας
1332 2825 1473 2896 ὁρῶν
1512 2829 1540 2880 ὁ
1567 2830 1868 2900 προφήτης.

225 2913 637 2984 προανεφώνησε
670 2916 765 2969 καὶ
794 2915 888 2969 τοῦ
921 2918 1223 2988 νοσήματος
1243 2919 1340 2992 τὴν
1365 2923 1560 2978 αἰτίαν.
1593 2924 1664 2978 Σὺ
1691 2924 1748 2977 δέ
1780 2942 1871 2995 μοι

227 3008 430 3070 σκόπει.
459 3010 532 3072 ὡς
569 3010 714 3064 δυοῖν
755 3014 1096 3084 προφητειῶν
1131 3014 1326 3084 οὐσῶν,
1357 3017 1455 3088 τὴν
1486 3018 1586 3089 μέν
1613 3022 1740 3091 περὶ
1767 3021 1869 3093 τῆς

234 3103 548 3175 Ἐκκλησίας
571 3106 662 3159 καὶ
691 3108 798 3161 τῶν
825 3109 922 3178 τῆς
945 3111 1264 3182 οἰκουμένης
1290 3113 1508 3181 ἀγαθῶν
1532 3115 1598 3168 τά
1623 3117 1868 3191 Σεραφὶμ

225 3199 464 3264 ἐδέξαντο
507 3203 754 3270 λέγονται⁸
797 3204 1004 3273 Ἄγιος,
1046 3205 1228 3273 ἅγιος,
1275 3207 1458 3274 ἅγιος,
1502 3211 1718 3278 Κύριος
1753 3216 1867 3267 Σα-

224 3293 388 3356 ϐαὼθ,
425 3294 657 3362 πλήρης
689 3295 856 3350 πᾶσα
887 3299 924 3365 ἠ
954 3297 1029 3366 γῆ
1077 3298 1188 3367 τῆς
1226 3301 1409 3369 δόξης
1439 3305 1643 3358 αὐτοῦ’
1674 3305 1772 3377 τὴν
1812 3308 1867 3362 δέ

223 3386 342 3455 περὶ
369 3386 465 3454 τῆς
495 3386 746 3451 ἁλώσεως
773 3390 865 3442 καὶ
887 3390 994 3445 τῶν
1018 3392 1295 3462 τιμωριῶν
1318 3393 1427 3448 τῶν
1459 3397 1762 3451 Ἰουδαϊκῶν
1792 3400 1868 3470 τῷ

224 3483 470 3553 προφήτῃ
503 3483 840 3548 κατέλειπον,
873 3485 958 3540 ἵνα
991 3487 1279 3542 κάντεῦθεν
1313 3491 1489 3564 μάθῃς
1515 3493 1614 3564 τῆς
1645 3493 1870 3568 Ἐκκλη-

224 3583 337 3649 σίας
390 3587 486 3659 τὴν
539 3589 831 3660 ὑπεροχήν.
883 3590 991 3644 Καὶ
1035 3587 1244 3647 εἷπον·
1271 3594 1417 3660 Ἕως
1451 3597 1616 3662 πότε,
1659 3600 1866 3668 Κύριε;

230 3677 387 3752 ὐρᾷς
433 3683 506 3746 ὡς
543 3685 604 3738 οὐ
651 3687 829 3757 μάτην
869 3686 987 3740 οὐδὲ
1027 3689 1145 3760 είκῆ
1185 3689 1590 3762 ἐστοχασάμεθα
1631 3694 1728 3766 τῆς
1766 3697 1868 3750 ὐπ-

221 3778 379 3845 ακοῆς
402 3778 492 3831 τοῦ
521 3783 799 3851 προφήτου
821 3782 918 3852 τῆς
948 3783 1083 3853 μετά
1105 3785 1302 3855 πολλῆς
1325 3787 1630 3859 προθυμίας
1654 3809 1869 3864 γεγενηο

225 3871 415 3943 μένης;
462 3875 678 3948 Ἐπειδὴ
725 3877 852 3942 γοῦν
878 3880 1134 3934 τάναντία
1167 3877 1242 3937 ὧν
1279 3887 1674 3958 προσεδόκησεν
1705 3892 1867 3962 ἥκου-

223 3983 326 4035 σεν,
351 3971 604 4043 ἐρημίαν,
638 3974 1029 4046 πανωλεθρίαν,
1053 3978 1192 4045 ἀξιοῖ
1217 3981 1274 4034 τὸ
1303 3983 1431 4050 γοῦν
1454 3986 1650 4057 μέτρον
1676 3989 1864 4059 μαθεῖν

221 4065 312 4135 τῆς
358 4071 643 4140 τιμωρίας·
696 4071 814 4124 οὐδέ
859 4075 966 4146 γὰρ
1009 4076 1207 4148 ἐτόλμα
1240 4080 1531 4153 ὁλοκλήρου
1562 4085 1660 4154 τῆς
1697 4088 1865 4156 όργῆς

221 4163 406 4228 αὐτοὺς
439 4167 764 4237 ἐξαρπάσαι,
799 4170 887 4224 διά
920 4171 980 4224 τὸ
1013 4173 1346 4242 προλαϐόντα
1396 4177 1485 4231 τὸν
1524 4179 1654 4234 Θεὸν
1699 4181 1861 4246 δεῖξαι

219 4261 563 4331 ἀσύγγνωστα
591 4268 1021 4338 ἁμαρτάνοντας.
1053 4271 1127 4323 Οὐ
1163 4271 1271 4342 γὰρ
1297 4277 1644 4348 συναρπαγῆς
1665 4273 1731 4349 ἦν
1767 4279 1863 4332 αὐ-

218 4356 319 4411 τῶν
348 4359 417 4412 τά
447 4362 792 4435 τολμήματα,
832 4366 950 4419 οὐδέ
979 4368 1201 4439 γνώμης
1236 4372 1694 4446 ἐπηρεαζομένης,
1726 4375 1862 4430 ἀλλά

218 4465 384 4537 ψυχῆς
411 4469 568 4540 ἔργον
597 4473 926 4544 ποιουμένης
949 4473 1045 4545 τὴν
1069 4479 1364 4550 παρακοήν,
1393 4483 1485 4535 καὶ
1511 4483 1743 4549 διανοίας
1774 4504 1860 4556 φι-

219 4560 466 4634 ὶονείκου,
499 4567 747 4639 καθάπερ
785 4571 850 4623 ἐκ
882 4571 1109 4642 μελέτης
1149 4574 1289 4638 τινὸς
1317 4577 1408 4630 καὶ
1447 4581 1699 4651 σπουδῆς,
1735 4584 1860 4638 ἀνθ-

222 4663 501 4733 ισταμένης
549 4667 663 4726 τοῖς
710 4665 816 4718 ὑπὸ
853 4667 945 4720 τοῦ
989 4669 1119 4722 Θεοῦ
1173 4674 1490 4743 γινομένοις.
1536 4675 1700 4730 Τοῦτο
1731 4679 1858 4746 γοῦν

217 4754 566 4825 αἰνιττόμενος
600 4761 771 4825 ἔλεγε·
809 4761 1048 4827 Μήποτε
1070 4764 1236 4815 ῑδωσι
1262 4767 1378 4830 τοῖς
1400 4770 1741 4836 ὀφθαλμοῖς,
1762 4772 1855 4825 καὶ

221 4848 282 4917 τῇ
321 4853 529 4918 καρδίᾳ
572 4853 827 4918 συνῶσι,
872 4857 968 4909 καί
1013 4857 1432 4928 ἐπιστρέψωσι,
1475 4864 1570 4916 καὶ
1609 4865 1856 4935 ὶιίσωμαι

216 4949 446 5015 αὐτούς.
488 4951 698 5004 Ὠσανεὶ
731 4951 1024 5016 δεδοικότες
1057 4953 1186 5024 γὰρ,
1222 4956 1371 5026 φησι,
1410 4959 1616 5029 μήποτέ
1657 4978 1706 5014 τι
1749 4961 1855 5016 τῶν

216 5042 433 5100 δεόντων
478 5047 739 5115 μάθωσιν,
774 5046 916 5100 οὕτω
967 5051 1103 5119 μετά
1144 5051 1341 5122 πολλῆς
1371 5055 1467 5124 τῆς
1497 5058 1728 5128 σπουδῆς
1757 5059 1854 5131 τὴν

217 5138 441 5196 διάνοιαν
485 5144 662 5198 αὐτῶν
695 5145 1006 5213 ἐπήρωσαν.
1048 5148 1196 5200 Ἐπεὶ
1237 5146 1330 5204 οὖν
1366 5152 1457 5204 καὶ
1493 5155 1524 5222 η
1559 5157 1852 5226 κατηγορία

219 5236 503 5310 βαρυτάτη,
531 5242 625 5294 καὶ
660 5244 691 5312 ἡ
737 5244 972 5313 τιμωρία
1003 5246 1386 5319 ἀπαραίτητος,
1423 5249 1555 5322 ὅπερ
1581 5249 1646 5314 ἦν
1680 5253 1853 5307 λειπό·

219 5352 384 5404 μενον,
441 5341 596 5394 τοῦτο
650 5341 804 5412 ζητεῖ
847 5342 1058 5413 μαθεῖν’
1097 5347 1209 5398 ἀλλ’
1239 5351 1296 5402 ἐν
1331 5351 1480 5416 τάξει
1513 5351 1602 5403 τοῦ
1643 5353 1850 5422 μαθεῖν,

216 5433 482 5509 ἱκετηρίαν
507 5441 735 5509 είσάγει.
773 5441 982 5514 Ἐπειδὴ
1007 5443 1062 5497 δέ
1083 5444 1199 5499 οὐδέ
1229 5447 1367 5519 ὑπὲρ
1394 5449 1576 5503 τούτου
1610 5451 1852 5522 φανερῶς

267 5688 287 5715 ⁸
311 5687 460 5736 Savil.
494 5689 698 5758 ρίῐζρει..
734 5691 812 5758 καί
837 5691 1383 5758 βασκανίας-’τηκόμενοι
1420 5696 1602 5758 πάθεσι·
1628 5697 1753 5758 παχὺ
1797 5701 1852 5748 τὸ

211 5746 326 5814 ὄμμα
352 5769 361 5795 :
389 5749 581 5815 omissis
600 5746 886 5815 qjibusddm
933 5754 980 5799 in
1003 5753 1163 5800 medio
1184 5746 1372 5815 poéilis.
1424 5746 1754 5808 Morellianéin
1777 5746 1850 5808 1εέ

211 5809 585 5883 ειιρρριῃιξιορρι
609 5809 883 5883 .Ba‘varicqs,
905 5817 1149 5883 egpressil
1183 5809 1444 5879 interpres.

258 5867 285 5909 θ’
303 5871 358 5920 In
379 5870 556 5921 Βιιυιιε
581 5875 624 5920 οι
660 5867 1097 5937 ἐγκαταλειφθέντες.

1987 503 2257 561 ἱκετεῦσαι
2288 509 2508 582 ἐτόλμα,
2530 513 2617 569 διὰ
2638 516 2793 572 τοῦτο
2825 521 3110 591 μαθήσεως
3142 529 3485 600 προσχήματι
3509 533 3641 605 ἐρὼ⁴

1984 618 2142 672 τησιν
2186 608 2388 662 ἐπινοεῖ
2429 611 2620 680 λέγων·
2648 615 2801 682 Ἕως
2842 619 3005 681 πότε,
3049 623 3260 690 Κύριε;
3296 627 3404 680 Καὶ
3445 625 3634 684 εἷπενο

1991 694 2141 761 Ἕως
2165 697 2242 752 ἂν
2267 700 2606 771 ἐρημωθῶσι
2623 708 2831 775 πόλεις
2854 713 3013 780 παρὰ
3035 714 3096 767 τὸ
3110 714 3194 784 μὴ
3217 719 3635 788 κατοικεῖσθαι,

1981 791 2081 844 καὶ
2121 786 2276 849 οἴκοι
2329 798 2488 866 παρὰ
2533 801 2598 854 τὸ
2639 802 2723 872 μὴ
2762 805 2913 860 εἶναι
2945 809 3309 880 ἀνθρώπουςο
3355 815 3452 870 καί
3486 817 3525 884 ὴ
3563 786 3639 887 γρῦ

1984 893 2517 961 καταλειφθήσεται
2553 899 2784 968 ἕρημος.
2817 903 2927 956 Kal
2953 907 3102 973 μετὰ
3133 910 3318 970 ταῦτα
3347 915 3641 984 μακρυνεῖ

1983 987 2017 1038 d
2060 987 2201 1054 Θεὸς
2263 991 2402 1058 τοὺς
2446 993 2812 1065 ἀνθρώπους,
2858 999 2956 1053 καὶ
3005 1006 3531 1073 πληθυνθήσονται
3581 1011 3636 1062 οί

1982 1086 2474 1153 καταλειφθέντες
2512 1089 2539 1128 δ
2585 1091 2685 1145 ἐπὶ
2727 1093 2835 1163 τῆς
2880 1096 3011 1164 τῆς,
3053 1099 3151 1152 καὶ
3191 1099 3278 1154 ἔτι
3313 1102 3406 1155 ἐπ’
3445 1103 3634 1173 αὐτῆς

1979 1177 2109 1231 ἐστι
2139 1179 2206 1234 τὸ
2248 1181 2618 1241 ἐπιδέκατον.
2646 1189 2757 1241 Kal
2793 1193 2978 1245 πάλιν
3009 1193 3178 1249 ἔσται
3214 1197 3300 1261 είς
3326 1201 3634 1268 προνομὴν

1978 1273 2060 1341 ὡς
2083 1276 2426 1346 τερέϐινθος,
2457 1282 2554 1335 καὶ
2582 1283 2967 1354 ὡςβάλανος,
2997 1290 3144 1344 ὅταν
3177 1292 3402 1362 ἐκπέσῃ
3431 1296 3499 1348 ἐκ
3522 1296 3635 1365 τῆς

1981 1370 2167 1438 θήκης
2185 1373 2391 1443 αὐτῆς.
2413 1375 2651 1448 Σπέρμα
2679 1379 2849 1450 ἅγιον
2877 1384 2942 1437 τὸ
2964 1384 3249 1455 στήλωμα
3277 1388 3484 1458 αὐτῆς.
3521 1392 3633 1463 Τὴν

1980 1472 2313 1538 προφητείαν
2337 1471 2644 1541 ἀπαρτίσας
2674 1475 2908 1549 ἐκείνην,
2933 1481 3026 1533 ἐπὶ
3063 1481 3160 1552 τὴν
3195 1485 3432 1556 ίστορίαν
3470 1489 3632 1544 πάλιν

1978 1561 2159 1630 ἐξάγει
2197 1564 2288 1618 τὸν
2332 1565 2506 1634 λόγον,
2533 1569 2632 1639 τήν
2667 1586 2727 1623 τε
2768 1571 2968 1627 ἅλωσιν
2994 1575 3105 1632 τῶν
3131 1578 3260 1632 δέκα
3285 1581 3465 1649 φυλῶν
3502 1601 3634 1655 προ-

1977 1662 2295 1730 αναφωνῶν,
2321 1666 2419 1733 τήν
2446 1681 2504 1716 τε
2528 1664 2616 1718 διὰ
2635 1666 2732 1738 τὴν
2763 1671 3138 1740 αἰχμαλωσίαν
3161 1677 3373 1748 ἐκείνην
3397 1679 3489 1732 ἐπὶ
3515 1683 3632 1746 ταῖς

1975 1754 2069 1807 δύο
2121 1757 2309 1826 φυλαῖς
2355 1761 2728 1832 μακροθυμίαν
2791 1769 3180 1840 γεγενημένην·
3224 1768 3342 1826 εἶτα
3398 1775 3492 1828 καὶ
3534 1777 3634 1846 τὴν

1975 1850 2180 1905 τούτων
2224 1853 2402 1910 αὐτῶν
2443 1858 2762 1930 ἀπαγωγὴν,
2805 1862 2994 1936 ἐπειδὴ
3025 1865 3104 1928 εἱς
3132 1867 3282 1920 οὐδὲν
3310 1868 3427 1923 δέον
3465 1871 3631 1943 ἐχρή-

1980 1962 2138 2002 σαντο
2173 1951 2238 2021 τῇ
2276 1952 2644 2026 μακροθυμίᾳ·
2677 1957 2769 2011 καὶ
2809 1960 2906 2030 τὴν
2949 1962 3012 2014 ἐκ
3052 1961 3142 2015 τοῦ
3176 1963 3425 2033 λειψάνου
3469 1969 3632 2022 πάλιν

1975 2044 2424 2119 ἀναφθησομένην
2457 2051 2638 2115 αὐτοῖς
2661 2053 2980 2126 εὐημερίαν.
3015 2060 3180 2114 Ὅταν
3207 2062 3305 2132 μὲν
3338 2063 3445 2137 γὰρ
3473 2065 3630 2138 λέγῃ,

1976 2140 2130 2208 Ἕως
2156 2143 2232 2197 ἂν
2255 2143 2593 2212 ἐρημωθῶσι
2619 2150 2824 2218 πόλεις
2845 2154 3002 2223 παρὰ
3023 2156 3087 2209 τὸ
3106 2158 3190 2228 μὴ
3213 2162 3630 2227 κατοικεῖσθαι,

1975 2235 2082 2291 τῶν
2115 2237 2248 2292 δέκα
2293 2241 2474 2308 φυλῶν
2507 2242 2602 2314 τὴν
2633 2245 3005 2317 αἰχμαλωσίαν
3038 2253 3350 2310 αἰνίττεται.
3386 2257 3495 2310 Καὶ
3523 2260 3630 2331 γὰρ

1975 2331 2092 2405 [75]
2142 2335 2309 2406 ἄρδην
2356 2339 2730 2411 ἠφανίσθησαν
2779 2342 3034 2410 ἆπαντες,
3094 2350 3188 2402 καὶ
3241 2351 3376 2420 μετά
3433 2354 3630 2424 πολλῆς

1971 2428 2073 2498 τῆς
2109 2431 2465 2502 σφοδρότητος
2493 2435 2826 2504 ἀνάρπαστοι
2857 2440 3154 2510 γενόμενοι,
3195 2445 3394 2510 πάντες
3422 2450 3503 2511 είς
3531 2451 3628 2522 τὴν

1971 2521 2256 2594 ἀλλοτρίαν
2297 2526 2702 2598 ἀπηνέχθησαν,
2754 2531 2829 2596 ὡς
2880 2535 2972 2586 καὶ
3014 2535 3110 2600 τὰς
3169 2539 3348 2604 πόλεις
3412 2542 3628 2608 ἁπάσας

1970 2616 2188 2672 ἑστάναι
2241 2621 2403 2684 κενὰς
2456 2619 2778 2694 ἀνθρὼπων,
2829 2630 2920 2682 καὶ
2963 2630 3058 2702 τὴν
3106 2634 3208 2705 γῆν
3259 2635 3461 2709 ἔρημον
3520 2641 3628 2695 τῶν

1971 2710 2413 2782 θεραπευσόντων
2449 2719 2618 2789 αὐτὴν
2655 2721 2734 2784 είς
2774 2722 3041 2792 ὠφέλειαν
3081 2728 3190 2784 τῶν
3236 2731 3628 2808 ὑπολειφθησο-

1971 2811 2167 2881 μένων.
2195 2815 2366 2870 Ὅταν
2406 2819 2504 2887 μὲν
2541 2815 2633 2874 οὖν
2668 2820 2822 2894 λέγῃ,
2851 2825 3005 2891 Ἕως
3045 2827 3384 2898 ἐρημωθὼσι
3419 2838 3629 2902 πόλεις

1968 2913 2128 2981 παρὰ
2152 2914 2216 2967 τὸ
2239 2915 2325 2984 μὴ
2365 2919 2785 2989 κατοικεῖσθαι,
2818 2923 2915 2976 καί
2948 2921 3098 2979 οἶκοι
3125 2928 3284 2996 παρὰ
3320 2931 3386 2984 τὸ
3426 2932 3510 3000 μὴ
3549 2931 3628 2988 εἷς

1968 3025 2067 3063 ναι
2092 3010 2461 3079 ἀνθρώπους,
2483 3015 2604 3068 τότε
2630 3016 2776 3085 λέγει
2798 3020 2891 3072 καὶ
2914 3021 3012 3091 τὴν
3036 3023 3429 3092 αἰχμαλωσίαν.
3463 3030 3626 3085 Ὅταν

1967 3105 2025 3158 δὲ
2061 3104 2212 3176 λέγῃ,
2246 3107 2327 3160 ὅτι
2363 3111 2474 3164 Kal
2512 3112 2663 3179 μετὰ
2693 3113 2877 3167 ταῦτα
2898 3119 3191 3184 μακρυνεῖ
3235 3124 3269 3174 ό
3310 3123 3452 3189 Θεὸς
3486 3127 3627 3194 τοὺς

1967 3203 2333 3271 ἀνθρώπους,
2389 3205 2423 3277 ἢ
2486 3206 2584 3278 τὴν
2629 3209 2889 3280 ὁλοσχερῆ
2936 3213 3152 3267 πάντων
3197 3217 3501 3289 εὐπραγίαν
3538 3225 3626 3277 αί-

1965 3300 2220 3367 νίττεται,
2252 3301 2286 3372 ἢ
2334 3301 2432 3374 τὴν
2477 3303 2617 3374 μετά
2658 3305 2756 3376 τὴν
2794 3307 3096 3380 ἀπαγωγὴν
3139 3313 3247 3367 τῶν
3280 3313 3411 3370 δέκα
3445 3317 3625 3386 φυλῶν

1965 3397 2260 3468 γενομένην
2298 3401 2418 3462 ταῖς
2453 3398 2546 3452 δύο
2590 3401 2782 3468 φυλαῖς
2815 3403 3134 3475 εὐημερίαν.
3200 3409 3626 3479 Ἀπαλλαγέντες

1965 3492 2074 3564 γὰρ
2102 3493 2195 3547 τοῦ
2225 3495 2548 3567 Σεναχειρὶμ
2599 3498 2692 3551 καὶ
2725 3497 2817 3552 τοῦ
2862 3499 3194 3573 βαρϐαρικοῦ
3242 3509 3622 3578 στρατοπέδου,

1966 3593 2060 3647 καὶ
2101 3595 2201 3666 τῆς
2257 3597 2558 3668 παραδόξου
2613 3598 2767 3668 νίκης
2827 3601 3248 3669 ἀπολαύσαντες,
3294 3608 3374 3671 είς
3423 3610 3626 3681 πλῆθος

1965 3687 2125 3742 πάλιν
2167 3688 2445 3756 ἐπέδοσαν,
2492 3692 2582 3746 καὶ
2615 3693 2694 3757 είς
2741 3693 2855 3764 βίου
2899 3698 3091 3767 μῆκος,
3134 3699 3342 3765 οὐδενὸς
3388 3704 3623 3774 πολέμου

1964 3784 2313 3854 θορυϐοῦντος
2353 3787 2568 3852 αὐτούς.
2621 3788 2789 3844 Ὀταν
2820 3790 2876 3844 δέ
2915 3792 3064 3864 εἴπῃ,
3113 3794 3191 3849 ὅτι
3223 3799 3537 3866 Μακρυνεῒ,
3589 3803 3622 3873 ἢ

1961 3878 2022 3932 τὸ
2054 3878 2255 3949 πλῆθος
2284 3880 2392 3934 τῶν
2416 3883 2734 3954 ἀνθρώπων,
2784 3885 2818 3955 ἢ
2857 3886 2917 3939 τὸ
2949 3889 3120 3957 μῆκος
3147 3891 3254 3943 τῶν
3288 3893 3424 3948 ἐτῶν
3457 3898 3625 3952 αίνίτ-

1961 3991 2130 4030 τεται.
2174 3977 2282 4030 Καὶ
2329 3976 2414 4030 ἴνα
2462 3977 2655 4050 μάθῃς,
2691 3979 2771 4032 ὅτι
2801 3981 2926 4053 περὶ
2960 3983 3065 4036 τῶν
3093 3984 3184 4037 δύο
3233 3988 3411 4056 φυλῶν
3452 3992 3625 4046 ταῦτά

1962 4090 2144 4146 φησιν,
2171 4074 2466 4146 ἐπήγαγεν,
2496 4077 2575 4128 ὅτι
2619 4079 2742 4130 Ἐπ’
2771 4079 2960 4148 αὐτῆς
2993 4081 3121 4136 ἐστι
3159 4084 3224 4138 τὸ
3249 4085 3619 4156 ἐπιδέκατον,

1961 4169 2276 4224 ἐπιδέκατον
2329 4171 2500 4240 λέγων
2568 4173 2627 4226 τὸ
2675 4175 2858 4229 ἐπάνω
2904 4177 3012 4232 τῶν
3057 4179 3204 4246 δέκα,
3261 4181 3320 4236 τὸ
3365 4187 3621 4255 περισσὸν

1959 4267 2067 4321 τῶν
2101 4268 2249 4333 δέκα,
2283 4269 2417 4340 ὅπερ
2441 4267 2578 4343 ἦσαν
2611 4272 2665 4324 αί
2697 4271 2787 4326 δύο
2824 4274 3003 4342 φυλαί.
3053 4278 3234 4350 Ταύτῃ
3274 4281 3366 4333 καὶ
3410 4282 3619 4347 Παῦλος

1957 4367 2024 4436 τῇ
2055 4365 2194 4431 λέξει
2221 4367 2482 4438 κέχρηται
2518 4368 2709 4436 λέγων·
2761 4369 2990 4423 Ἐπάνω
3009 4377 3424 4442 πεντακοσίοις
3443 4379 3619 4435 ἀδελ-

1957 4453 2124 4521 φοῖς·
2151 4455 2415 4521 τουτέστι,
2448 4455 2652 4506 πλείοσι
2685 4457 3072 4513 πεντακοσίων.
3106 4460 3216 4512 Καὶ
3244 4461 3428 4517 πάλιν
3447 4466 3617 4522 ἔσται

1957 4543 2043 4606 εἰς
2074 4540 2381 4609 προνομὴν
2418 4540 2497 4605 ὡς
2530 4539 2874 4606 τερέϐινθος.
2920 4543 3193 4606 Τουτέστι.
3223 4548 3279 4600 αί
3312 4548 3402 4602 δύο
3429 4554 3610 4620 φυλαί.

1955 4637 2064 4688 Καὶ
2108 4636 2188 4700 ὡς
2220 4634 2513 4700 βάλανος,
2570 4633 2715 4689 ὅταν
2757 4637 2984 4707 ἐκπέσῃ
3021 4641 3130 4708 τῆς
3174 4643 3360 4714 θήκης
3399 4649 3605 4720 αὐτῆς.

1957 4735 2164 4804 ’Ὠσπερ
2215 4733 2322 4805 γὰρ
2364 4733 2601 4805 ἀτερπὴς
2657 4737 2859 4802 ἐκεῖνος
2901 4741 2929 4792 ό
2985 4741 3191 4812 καρπὸς
3226 4745 3468 4800 ἐκπεσὼν
3515 4753 3613 4820 τῆς

1956 4833 2147 4901 θήκης,
2189 4830 2328 4883 οὔτω
2386 4832 2478 4884 καὶ
2522 4825 2665 4884 οὗτοι
2707 4834 3092 4902 καταγέλαστοι
3139 4838 3228 4891 καὶ
3268 4841 3612 4897 ἐπονείδιστοι

1956 4928 2186 4993 ἔσονται,
2220 4928 2318 4998 τῆς
2347 4928 2553 4992 πόλεως
2583 4930 2922 4994 ἐκπεσόντες,
2964 4933 3057 4987 καὶ
3093 4934 3192 5004 τῆς
3219 4937 3371 5009 δόξης
3400 4940 3612 5012 ἐκείνης

1955 5023 2325 5094 γυμνωθέντες
2341 5024 2836 5093 ἆπαντες.Σπέρμα
2851 5027 3019 5096 ἅγιον
3033 5029 3095 5082 τὸ
3108 5032 3391 5102 στήλωμα
3401 5035 3606 5104 αὐτῆς.

1956 5121 2029 5173 Οὐ
2066 5120 2172 5191 μὴν
2197 5120 2391 5175 ἀνίατα
2414 5121 2482 5174 τὰ
2510 5121 2655 5174 κακά
2684 5122 2856 5186 ἔσται,
2895 5124 3075 5194 φησὶν,
3106 5127 3225 5179 οὐδέ
3259 5129 3604 5199 ἀτελεύτητα,

1954 5215 2088 5269 ἀλλά
2136 5217 2197 5269 τὸ
2251 5217 2468 5287 σπέρμα
2519 5217 2688 5286 αὐτῆς
2741 5219 2892 5286 ἅγιον
2931 5220 3099 5287 ἔσται,
3147 5223 3241 5278 καὶ
3299 5225 3605 5294 Στήλωμα,

1953 5311 2215 5377 τουτέστι,
2269 5311 2502 5380 βέϐαιον,
2548 5312 2813 5380 πεπηγὸς,
2859 5313 3130 5385 ἀκίνητον,
3191 5318 3452 5388 ἀναμένον
3507 5319 3604 5389 τὴν

1953 5409 2058 5462 τῶν
2107 5408 2442 5479 πραγμάτων
2475 5408 2790 5481 μεταϐολήν.
2845 5410 2954 5482 Τῆς
3009 5415 3108 5483 μὲν
3160 5415 3265 5484 γὰρ
3307 5415 3604 5482 εὐπραγίας

1952 5502 2325 5569 ἐκπεσοῦνται,
2372 5503 2525 5556 αὐτοὶ
2567 5504 2624 5558 δὲ
2665 5507 2725 5559 οὐ
2778 5508 3149 5578 πανωλεθρίαν
3195 5509 3603 5579 ὐποστήσονται,

1953 5599 2085 5654 ἀλλὰ
2112 5598 2331 5668 μενοῦσι
2368 5599 2460 5653 καὶ
2493 5603 2799 5670 στήσονται,
2843 5603 2948 5665 ἕως
2991 5603 3052 5655 ἀν
3090 5602 3398 5657 ἀπολάϐωσι
3439 5613 3462 5642 ε
3508 5605 3607 5678 τὴν

2018 5884 2038 5911 ε
2065 5881 2185 5942 Reg.
2224 5885 2275 5930 el
2296 5880 2442 5929 Savil.
2466 5881 2552 5934 ἕως
2579 5880 2872 5940 ἀπολάϐωσι,
2898 5879 3074 5928 omisso
3092 5881 3171 5932 ἄν,
