4152 6504
218 445 523 595 ῖιῖιηεδιιιιι
568 541 629 591 et
657 531 902 593 stabunt,
927 527 1096 583 donec
1132 519 1413 593 pristinum
1439 513 1563 567 vitae
1600 506 1811 564 institu-

232 640 345 685 tum
370 630 564 684 iterum
594 622 931 694 acceperint,
957 626 1011 675 et
1035 615 1103 671 ad
1140 612 1370 685 priscam
1400 602 1657 662 redierint
1685 611 1813 654 san-

229 717 569 774 ctimoniam.

835 815 1061 875 CAPUT
1096 812 1209 871 VII.

235 943 292 997 ί.
352 939 417 995 Et
447 943 636 1012 factum
660 945 732 993 est
773 934 827 989 in
866 930 1041 987 diebus
1092 928 1264 983 Aelia:
1318 924 1415 993 ﬁlii
1460 920 1689 976 Joathau
1728 915 1823 986 filii

774 1025 914 1080 Gaia:
938 1022 1069 1094 regis
1094 1018 1253 1075 Iuda.

320 1164 377 1217 ι.
417 1160 567 1216 Ratio
607 1157 999 1230 prophetiam.
1042 1150 1334 1222 Prophetia:
1378 1145 1629 1218 quomodo
1675 1144 1827 1213 ﬁdem

238 1252 462 1308 adderet
481 1250 636 1306 Deus.
660 1277 734 1290 —-
756 1247 813 1304 Id
837 1245 977 1317 quod
1003 1257 1147 1313 s'epe
1167 1241 1299 1305 dixi,
1325 1240 1379 1295 id
1394 1246 1449 1293 ot
1469 1251 1610 1292 nunc
1626 1234 1822 1298 dicam,

240 1341 548 1415 prophetia:
578 1338 706 1395 olim
722 1351 829 1393 non
856 1334 977 1391 ideo
1008 1333 1231 1389 emissas
1249 1330 1413 1384 fuisse
1438 1327 1633 1389 solum,
1661 1334 1716 1378 ut
1737 1323 1831 1379 lu-

237 1434 354 1488 dtei
369 1432 538 1488 futura
549 1429 834 1493 discerent,
851 1424 945 1481 sed
960 1430 1018 1479 ut
1031 1421 1229 1487 edocti,
1246 1421 1456 1476 lucrum
1467 1417 1589 1472 inde
1601 1416 1829 1486 percipe-

241 1532 400 1587 rent,
413 1529 468 1577 et
483 1519 738 1575 minarum
757 1524 960 1571 terrore
983 1509 1425 1581 temperantiam
1441 1506 1650 1573 ﬂerent,
1666 1505 1834 1561 bono-

245 1626 479 1682 rumque
507 1607 855 1681 promissione
879 1602 1227 1660 studiosiores
1261 1598 1574 1656 exercendae
1588 1595 1830 1651 virtutis:

246 1704 521 1772 utrimque
544 1700 809 1756 discentes
840 1706 895 1753 et
920 1695 1013 1751 Dei
1063 1692 1376 1764 potentiam,
1433 1698 1489 1746 et
1528 1688 1646 1760 ejus
1701 1701 1833 1759 erga

251 1793 383 1847 illos
404 1789 810 1860 providentiam.
844 1786 953 1842 Hac
969 1784 1111 1842 enim
1131 1781 1201 1839 de
1219 1796 1378 1839 causa
1404 1780 1520 1836 haec
1565 1776 1824 1849 praedice-

247 1880 470 1945 bantur,
493 1892 557 1934 ac
575 1892 641 1933 ne
685 1883 931 1947 putarent
955 1888 1020 1931 ea
1068 1887 1187 1944 qua:
1248 1869 1578 1935 accidebant,
1630 1878 1835 1924 temere

248 1982 313 2027 et
354 1984 483 2027 casu
522 1969 766 2040 quopiam
818 1966 1161 2036 contingere,
1215 1960 1509 2019 secundum
1549 1957 1832 2031 quamdam

252 2072 465 2115 natura
484 2060 699 2125 seriem,
725 2065 817 2113 aut
833 2055 1124 2114 secundum
1147 2067 1326 2109 rerum
1354 2066 1604 2116 cursum;
1632 2049 1724 2105 sed
1759 2049 1838 2103 vi-

250 2151 453 2208 derent
496 2166 561 2207 ex
609 2162 842 2220 superno
881 2156 937 2204 et
961 2146 1143 2202 divino
1177 2145 1394 2200 decreto
1444 2142 1559 2198 hzec
1607 2151 1833 2211 utraque

254 2244 380 2299 ﬁeri
407 2258 422 2297 :
452 2242 503 2297 id
528 2240 668 2312 quod
694 2239 797 2296 illis
817 2238 1044 2294 maxime
1061 2236 1130 2292 ad
1160 2236 1251 2292 Dei
1298 2233 1653 2305 cognitionem
1707 2233 1837 2288 utile

251 2340 398 2387 erat.
428 2329 620 2387 Verum
664 2328 933 2400 quoniam,
961 2334 1021 2382 ut
1058 2335 1183 2382 ante
1223 2323 1356 2390 dixi,
1400 2322 1676 2394 prophetia
1729 2337 1835 2378 non

255 2421 455 2477 eodem
499 2421 616 2490 ipso
661 2426 902 2489 tempore
966 2431 1121 2473 suum
1174 2414 1372 2471 exitum
1427 2412 1692 2478 habebat;
1742 2413 1837 2469 sed

257 2512 428 2569 verba
451 2511 662 2582 quidem
718 2520 844 2565 tunc
888 2506 1314 2578 proferebantur,
1366 2518 1453 2560 res
1492 2513 1670 2560 autem
1718 2512 1839 2573 post

256 2603 511 2657 diuturna
531 2599 652 2656 inde
674 2608 908 2670 tempora
934 2596 1137 2653 exitum
1175 2594 1432 2651 habitura
1482 2602 1658 2660 erant,
1716 2609 1837 2647 cum

253 2693 373 2762 jam
393 2690 625 2746 nonnulli
660 2704 728 2745 ex
743 2690 808 2744 iis
826 2688 921 2759 qui
947 2686 1245 2753 audierant,
1266 2699 1410 2756 sape
1432 2693 1661 2740 mortem
1676 2684 1840 2739 obiis-

258 2789 407 2846 sent,
434 2795 531 2836 nec
552 2780 845 2851 potuissent
866 2777 936 2835 de
957 2776 1216 2834 dictorum
1235 2784 1428 2832 eventu
1448 2773 1710 2845 judicare,
1753 2776 1832 2828 vi-

259 2871 334 2927 de
360 2870 488 2941 quid
514 2870 672 2925 faciat
694 2877 750 2926 et
773 2868 1020 2925 moliatur
1050 2868 1210 2925 Deus.
1242 2866 1577 2937 Prophetiam
1606 2866 1838 2936 prophe-

264 2959 355 3013 tiis
370 2958 631 3014 connectit
653 2972 669 3023 ;
692 2958 757 3013 iis
781 2972 897 3027 qua:
922 2966 1044 3027 post
1068 2956 1284 3026 longum
1309 2961 1517 3025 tempus
1572 2964 1835 3011 eventura

261 3058 469 3117 essent,
491 3062 607 3105 eam
630 3048 780 3118 cujus
815 3049 988 3104 exitus
1033 3060 1200 3119 prope
1246 3054 1385 3114 erat,
1438 3061 1536 3117 per
1558 3060 1678 3102 eam
1718 3061 1839 3117 quae

262 3138 359 3193 illa
410 3139 460 3193 in
483 3136 820 3208 generatione
840 3136 1035 3191 exitum
1056 3135 1296 3192 habitura
1324 3142 1460 3201 erat,
1506 3135 1572 3190 iis
1613 3150 1839 3205 quorum

262 3236 495 3284 eventus
516 3235 637 3301 post
650 3226 954 3283 diuturnum
975 3235 1180 3296 tempus
1196 3225 1402 3281 futurus
1421 3233 1535 3281 erat
1553 3225 1838 3281 maximam

266 3318 432 3373 [idem
464 3316 681 3372 faciens.
724 3316 779 3371 In
804 3316 1089 3387 evangeliis
1115 3324 1290 3371 autem
1317 3317 1421 3369 hoc
1460 3316 1697 3371 utilitatis
1750 3332 1841 3387 ge-

263 3422 371 3461 nus
401 3405 500 3461 alio
527 3404 684 3460 modo
710 3412 917 3473 tractat,
947 3403 1197 3460 miracula
1246 3404 1535 3475 prophetiis
1564 3405 1836 3475 copulam,

263 3496 415 3552 aliud
450 3496 553 3552 alio
579 3497 919 3552 conﬁrmans.
963 3495 1204 3566 Exempli
1238 3510 1398 3552 causa
1430 3514 1444 3551 :
1472 3497 1699 3553 accessit
1743 3498 1842 3552 ali-

263 3585 484 3656 quando
522 3586 589 3642 ad
624 3601 745 3642 eum
782 3586 1041 3656 leprosos,
1069 3594 1125 3643 et
1148 3587 1431 3643 mundatus
1458 3595 1557 3654 est,
1613 3602 1676 3643 ac
1721 3598 1841 3658 post

264 3678 420 3730 illum
440 3691 621 3732 rursus
646 3691 775 3747 puer
799 3676 1123 3733 centurionis
1144 3691 1175 3731 a
1201 3676 1346 3748 gravi
1376 3677 1469 3732 illo
1496 3676 1686 3732 morbo
1707 3678 1840 3733 libe-

264 3776 419 3820 ratus
437 3775 536 3833 est,
574 3766 823 3837 signaque
845 3765 959 3821 htec
986 3780 1174 3836 magna
1202 3773 1355 3821 erant
1381 3783 1395 3820 :
1422 3774 1476 3820 et
1502 3774 1678 3821 tamen
1730 3781 1835 3821 non

261 3856 320 3907 in
374 3855 537 3924 signis
580 3856 746 3919 stetit,
793 3855 885 3910 sed
931 3864 987 3909 et
1044 3854 1375 3923 prophetiam
1436 3854 1650 3924 adjecit.
1699 3854 1834 3922 Quia

260 3946 414 3999 enim
440 3946 679 4001 centurio
721 3945 1085 4001 admirandam
1117 3946 1261 4001 illam
1309 3953 1363 4001 et
1400 3961 1643 4017 magnam
1687 3947 1839 4002 exhi-

262 4035 457 4090 buerat
497 4033 675 4101 fidem,
723 4050 825 4105 qua
872 4050 1094 4105 puerum
1135 4035 1203 4090 ab
1247 4036 1557 4106 aegritudine
1602 4036 1835 4107 eripuit,

261 4129 388 4185 hac
409 4127 636 4186 subdidit
659 4127 898 4184 Christus
932 4127 1125 4185 ξιιιαὶ
1161 4129 1223 4183 ab
1264 4130 1453 4185 oriente
1494 4139 1541 4184 et
1581 4130 1838 4185 occidente

258 4220 479 4283 venient,
503 4228 547 4274 el
568 4218 851 4273 recumbeut
874 4236 988 4273 cum
1012 4220 1286 4283 Abraham,
1314 4219 1464 4273 Isaac
1486 4230 1533 4274 et
1550 4219 1732 4285 Iacob,
1764 4222 1832 4289 [i-

256 4311 321 4363 lii
350 4317 519 4362 autern
563 4308 701 4378 regni
724 4308 981 4377 ejicieutur
1018 4317 1161 4362 extra
1186 4308 1205 4377 (
1228 4307 1413 4362 Matth.
1438 4311 1491 4363 8.
1520 4310 1578 4363 Il
1617 4310 1657 4378 ).
1708 4310 1833 4365 Haec

258 4410 430 4466 porro
470 4396 695 4461 dicebat,
724 4405 779 4452 et
828 4396 1063 4467 gentium
1107 4397 1397 4453 Ecclesiam
1424 4407 1478 4454 et
1524 4398 1833 4455 Judreorum

257 4487 688 4559 reprobationem
716 4488 1072 4558 praenuntiatus
1094 4505 1108 4554 ;
1134 4488 1276 4559 quod
1299 4490 1456 4544 etiam
1511 4505 1651 4545 nunc
1676 4507 1836 4561 opere

253 4578 583 4648 completum
602 4587 703 4647 est,
728 4586 784 4635 et
828 4578 943 4636 sole
968 4579 1163 4636 clarius
1205 4580 1455 4637 omnibus
1500 4583 1782 4639 exhibetur
1815 4602 1829 4639 :

252 4668 356 4722 sed
406 4676 527 4723 tunc
553 4666 834 4724 obscurum
854 4677 988 4737 erat,
1015 4677 1065 4724 et
1107 4670 1175 4726 ab
1219 4670 1506 4727 incredulis
1536 4689 1641 4729 non
1679 4673 1834 4732 facile

249 4758 652 4813 admittebatur.
687 4758 914 4829 Ideoque
952 4760 1159 4831 signum
1203 4768 1329 4817 tunc
1348 4763 1641 4820 exhibitum
1695 4782 1834 4836 pra:-

248 4847 441 4913 cessit,
488 4848 629 4917 quod
655 4849 873 4903 multam
896 4849 1050 4904 fidem
1093 4860 1217 4906 ante
1253 4850 1479 4908 faciebat
1522 4857 1598 4910 rei
1649 4866 1831 4925 postca

249 4944 531 4992 eventura
553 4954 566 4990 :
588 4937 1029 5007 quemadmodum
1044 4949 1097 4995 et
1113 4940 1224 5010 ipsa
1244 4943 1539 5012 prophetia,
1557 4961 1672 5015 quae
1694 4964 1832 5004 nunc

248 5039 427 5095 opere
444 5027 755 5097 completur,
787 5029 939 5099 signo
969 5038 1095 5086 tunc
1138 5030 1279 5087 facto
1328 5046 1572 5104 magnam
1630 5037 1832 5105 praebet

247 5115 733 5173 continuationem.
762 5120 897 5187 Quid
926 5122 1119 5177 dixerit
1146 5123 1495 5181 incredulus?
1519 5143 1585 5182 an
1608 5130 1831 5185 munda-

247 5214 372 5264 tum
420 5222 523 5265 non
577 5209 740 5266 fuisse
786 5210 1090 5281 leprosum?
1121 5213 1389 5285 Respiciat
1436 5219 1488 5273 in
1538 5220 1829 5289 prophetia:

256 5297 562 5365 veritatem,
604 5309 661 5353 ut
705 5299 790 5354 illa
863 5310 1136 5372 perspecta
1200 5306 1352 5375 signo
1402 5306 1563 5363 fidem
1614 5308 1825 5366 habeat.

248 5386 396 5452 Quid
427 5402 582 5456 porro
608 5388 843 5444 dixerint
868 5389 945 5444 illi
972 5399 1097 5446 tunc
1124 5392 1332 5449 Judaei?
1355 5411 1422 5451 an
1450 5412 1514 5453 ea
1566 5413 1684 5467 quze
1734 5400 1825 5455 ille

252 5477 576 5547 praedicebat
627 5493 736 5534 non
783 5493 903 5534 csse
962 5484 1128 5537 vera?
1174 5484 1482 5555 Respiciaut
1550 5488 1822 5557 leprosum

247 5566 579 5635 mundatum,
608 5578 663 5625 et
687 5583 753 5623 ex
785 5567 1041 5625 beneflcio
1066 5572 1139 5627 illi
1164 5575 1357 5630 collato
1377 5574 1566 5631 futuris
1586 5593 1691 5633 non
1722 5593 1818 5634 ne-

239 5666 375 5727 gent
423 5656 599 5726 fidem,
645 5673 773 5715 cum
829 5659 1114 5715 maximum
1168 5663 1242 5719 illi
1289 5666 1581 5734 prophetiae
1637 5668 1826 5737 pignus

244 5749 538 5823 acceperint
565 5792 583 5821 ,
636 5761 839 5819 nempe
888 5748 1115 5821 signum,
1161 5760 1217 5809 ut
1260 5752 1503 5812 hodierni
1548 5756 1684 5826 signi
1742 5758 1824 5827 pi~

1505 400 1574 459 IN
1614 388 1864 458 ISAIAM,
1902 386 2053 446 CAP.
2096 386 2210 443 γυ.
3425 395 3497 451 78

1921 515 2057 573 gnus
2107 499 2438 571 pmphetiam
2470 498 2682 555 habent.
2724 497 2911 555 Viden‘
2955 496 3221 570 quomodo
3265 496 3491 555 alterum

1920 590 2090 645 altero
2138 589 2525 644 confirmetur?
2579 587 2712 643 Illud
2759 587 2921 643 etiam
2969 587 3023 643 in
3066 587 3239 645 Veteri
3307 586 3493 643 Testa-

1921 689 2103 735 mento
2129 679 2308 734 videre
2344 688 2428 735 est
2448 679 2467 749 (
2486 681 2540 735 3.
2569 678 2823 750 Reg.l5).
2852 677 2988 745 Quia
3038 678 3179 733 cnim
3207 677 3495 735 Jeroboam

1922 773 2231 844 gravissima
2269 772 2355 827 illa
2401 772 2603 828 insania
2656 772 2934 840 laboravit,
2977 780 3033 828 et
3070 770 3263 828 vitulas
3307 785 3497 829 aureas

1923 867 2115 932 erexit,
2158 864 2378 919 veniens
2414 863 2669 935 propheta
2707 862 2882 919 futura
2909 863 3299 934 praenuntiavit,
3330 870 3387 919 et
3420 861 3497 917 si-

1924 970 2084 1024 gnum
2111 955 2289 1009 statim
2317 953 2485 1009 dedit.
2519 952 2598 1009 Ne
2633 953 2753 1024 quis
2782 953 2927 1009 enim
2954 952 3112 1010 fidem
3139 966 3245 1008 non
3267 951 3492 1011 haberet

1928 1047 2013 1113 iis,
2037 1061 2156 1119 qulB
2198 1054 2319 1116 post
2347 1054 2615 1102 trecentos
2651 1059 2819 1102 annos
2843 1056 3099 1103 eventura
3126 1052 3281 1101 erant
3299 1081 3317 1109 ,
3349 1057 3499 1099 aram

1927 1139 2101 1211 fregit,
2146 1148 2201 1195 et
2241 1138 2450 1209 adipem
2473 1136 2677 1203 eﬂ‘udit,
2708 1137 2954 1209 regisque
2998 1151 3213 1193 manum
3254 1135 3500 1201 arefecit,

1929 1246 1995 1287 ex
2023 1231 2107 1294 iis,
2135 1245 2253 1301 qua:
2279 1238 2404 1286 ante
2444 1228 2629 1286 oculos
2652 1228 2985 1296 eveniebant,
3011 1242 3196 1285 eorum
3234 1242 3356 1298 qua:
3384 1236 3504 1297 post

1929 1325 2155 1378 multum
2180 1321 2437 1389 temporis
2459 1329 2713 1377 eventura
2729 1327 2879 1376 erant
2894 1320 3232 1388 conspicuam
3258 1316 3508 1389 praebens

1930 1412 2460 1469 demonstrationem.
2490 1411 2756 1482 Multaque
2781 1408 3080 1481 hujusmodi
3128 1408 3310 1465 videre
3346 1415 3429 1463 est
3453 1408 3508 1463 in

1931 1502 2080 1559 Novo
2104 1511 2160 1559 et
2178 1502 2357 1558 Veteri
2384 1502 2743 1568 Testamento,
2776 1500 2887 1557 Deo
2913 1498 3140 1554 diversis
3163 1498 3334 1554 modis
3349 1497 3508 1553 saluti

1933 1605 2132 1652 nostra:
2159 1594 2531 1666 prospiciente.
2558 1591 2614 1648 Id
2635 1591 2776 1664 quod
2802 1592 2961 1648 etiam
2984 1590 3072 1647 hic
3092 1590 3304 1655 accidit,
3326 1600 3380 1646 et
3398 1590 3504 1645 uti-

1934 1702 2041 1756 que
2068 1701 2189 1741 cum
2218 1685 2409 1755 majori
2437 1683 2628 1753 copia:
2665 1697 2771 1738 non
2799 1682 3007 1753 signum
3035 1682 3179 1737 enim
3200 1680 3381 1748 modo,
3408 1680 3502 1736 sed

1937 1776 2270 1847 prophetiam
2310 1790 2433 1830 cum
2460 1776 2614 1844 signo
2642 1772 2949 1828 conuexuit.
2980 1769 3180 1826 Verum
3220 1778 3278 1826 ut
3305 1785 3365 1825 ea
3392 1786 3512 1840 qua:

1934 1864 2166 1920 diximus
2192 1863 2417 1919 clariora
2442 1862 2701 1930 evadant,
2733 1862 2900 1933 ipsam
2940 1860 3215 1917 historiam
3268 1870 3515 1917 accurate

1938 1970 2341 2025 prosequamur.
2386 1955 2436 2009 I.
2471 1952 2538 2008 Et
2562 1952 2753 2023 factum
2793 1961 2863 2007 est
2901 1953 2956 2007 in
2991 1950 3162 2007 diebus
3209 1953 3382 2006 Acha:
3419 1952 3516 2021 ﬁlii

1935 2044 2162 2100 Joatltan
2208 2046 2303 2113 ﬁlii
2350 2043 2491 2099 Osiar
2530 2043 2663 2115 regis
2711 2042 2888 2108 Iuda,
2945 2042 3169 2097 ascendit
3219 2041 3378 2096 Rasiu
3425 2058 3517 2097 rex

1938 2138 2113 2203 Aram,
2144 2146 2191 2192 et
2227 2136 2425 2191 Piraeea
2462 2136 2600 2205 ﬁlius
2626 2133 2871 2190 Romeliw
2893 2150 2984 2188 rea:
3024 2132 3189 2189 Israel
3211 2134 3263 2188 iu
3299 2132 3517 2188 Jerusa-

1939 2229 2060 2295 lem,
2086 2236 2139 2281 ut
2166 2235 2519 2299 appuguarent
2543 2241 2676 2291 eam,
2724 2241 2812 2279 nec
2837 2233 3105 2296 patuerunt
3128 2240 3432 2295 expugnare.
3457 2223 3515 2279 2.

1941 2318 2009 2374 Et
2051 2320 2404 2375 annuntiatum
2437 2328 2511 2374 est
2532 2320 2587 2373 iu
2615 2318 2765 2373 domo
2798 2317 2960 2373 David
2984 2334 3017 2371 a
3045 2317 3319 2371 dicentibus
3342 2331 3360 2370 :
3383 2316 3515 2372 Cou-

1939 2413 2095 2467 seusit
2115 2412 2270 2466 Aram
2295 2426 2412 2465 cum
2440 2408 2711 2481 Ephraim.
2743 2409 2867 2465 Haec
2888 2408 3109 2464 historia
3130 2417 3276 2474 sunt,
3305 2423 3514 2464 rcrutn-

1941 2520 2045 2573 que
2067 2511 2339 2573 gestarum
2363 2502 2599 2558 narratio
2627 2519 2640 2555 :
2671 2501 2769 2557 sed
2787 2500 2876 2571 qui
2902 2512 3082 2557 mente
3106 2500 3267 2568 valet,
3292 2508 3348 2555 et
3362 2508 3514 2555 acute

1941 2597 2103 2661 videt,
2158 2597 2383 2652 multum
2431 2595 2557 2651 hinc
2597 2594 2731 2650 lucri
2769 2594 2986 2659 referet,
3028 2592 3119 2649 Dei
3160 2606 3404 2663 magnam
3431 2606 3521 2645 sa-

1941 2686 2195 2757 pientiam
2219 2726 2237 2753 ,
2298 2699 2503 2741 necnon
2547 2684 2664 2747 eius
2701 2699 2826 2756 erga
2870 2683 3083 2741 Iudaeos
3131 2681 3521 2754 providentiam

1941 2778 2206 2834 ediscens.
2255 2778 2439 2848 Neque
2465 2776 2610 2833 enim
2648 2791 2678 2831 a
2706 2776 2968 2848 principio
2996 2774 3195 2832 bellum
3238 2774 3517 2846 repressit,

1942 2884 2115 2939 neque
2144 2869 2260 2939 ipso
2285 2868 2564 2939 ingruente
2582 2868 2768 2925 urbem
2796 2866 2915 2937 capi
2943 2866 3205 2937 permisit,
3232 2864 3327 2921 sed
3352 2864 3521 2921 verbo

1943 2966 2095 3013 tenus
2125 2966 2329 3013 tantum
2362 2956 2831 3014 comminationem
2872 2955 2989 3012 ﬁeri
3031 2956 3236 3024 sinens,
3277 2955 3395 3026 ejus
3415 2969 3514 3011 cx-

1943 3050 2295 3120 perimentum
2322 3047 2608 3119 prohibuit,
2639 3048 2757 3104 illos
2785 3061 2888 3104 una
2933 3047 3382 3118 expergefaciens,
3408 3054 3462 3102 et
3488 3060 3521 3100 a

1943 3140 2184 3197 socordia
2208 3139 2489 3205 reducens,
2519 3153 2781 3209 suamque
2807 3138 3096 3209 potentiam
3121 3136 3515 3193 demonstrans:

1943 3232 2085 3302 quod
2112 3231 2357 3287 videlicet
2396 3230 2510 3300 ipse
2552 3230 2742 3300 possit,
2767 3228 2927 3285 etiam
2956 3243 3079 3286 cum
3107 3242 3194 3285 res
3232 3228 3300 3284 ad
3340 3236 3519 3285 extre-

1945 3335 2090 3375 mum
2121 3321 2282 3376 ﬂuent
2311 3320 2556 3375 dcductze
2581 3317 2849 3384 videntur,
2876 3318 3027 3389 quasi
3052 3318 3288 3374 nondum
3318 3316 3515 3389 cmpis-

1944 3419 2085 3475 seut,
2126 3410 2206 3465 sic
2244 3410 2295 3464 iu
2324 3409 2562 3479 periculo
2590 3416 2865 3464 versantes
2886 3407 3083 3464 illaesos
3107 3422 3340 3464 servare.
3367 3405 3521 3475 Quod

1945 3498 2119 3569 ipsum
2145 3512 2289 3568 saepe
2315 3496 2509 3554 fecisse
2530 3495 2713 3554 videre
2741 3504 2844 3563 est,
2875 3504 2935 3553 ut
2957 3496 3105 3553 verbi
3130 3497 3296 3568 gratia
3325 3497 3377 3551 iu
3404 3495 3519 3552 for-

1944 3604 2076 3645 nace
2104 3588 2444 3659 Babylonica,
2473 3589 2525 3642 in
2556 3588 2672 3643 lacu
2688 3587 2926 3655 leonum,
2956 3595 3010 3643 et
3034 3586 3087 3642 in
3113 3586 3231 3642 aliis
3250 3588 3519 3643 sexcentis

1943 3680 2175 3735 casibus.
2214 3678 2427 3734 Etenim
2464 3677 2517 3732 hi
2555 3685 2832 3742 venerunt,
2875 3676 3223 3744 obsederunt,
3258 3685 3314 3733 et
3342 3694 3521 3735 muros

1942 3768 2269 3834 adorientes,
2295 3767 2746 3836 obsessorumque
2773 3765 2979 3821 animos
2999 3765 3515 3837 perterrefacientes,

1943 3857 2073 3912 nihil
2096 3856 2232 3912 ultra
2255 3856 2429 3913 facere
2456 3864 2763 3926 potuerunt.

2011 3947 2067 4002 2.
2108 3947 2244 4004 Hinc
2272 3957 2449 4005 autem
2477 3948 2777 4019 perspicere
2802 3946 2927 4005 licet
2950 3947 3133 4005 decem
3163 3949 3395 4005 tribuum
3416 3949 3519 4003 ini-

1942 4039 2218 4110 quitatem,
2261 4038 2404 4110 quod
2438 4053 2544 4093 non
2574 4038 2736 4094 modo
2777 4038 2933 4095 civile
2976 4038 3270 4107 inceperint
3298 4037 3518 4102 bellum,

1943 4145 2115 4200 neque
2140 4129 2298 4185 modo
2322 4137 2508 4184 contra
2536 4127 2727 4182 fratres
2756 4142 2900 4182 arma
2933 4127 3218 4193 moverint,
3237 4126 3331 4183 sed
3358 4128 3519 4183 etiam

1942 4224 2251 4295 alienigenis
2270 4222 2578 4292 exterisque
2594 4220 2836 4291 gentibus
2862 4235 2920 4277 se
2945 4220 3303 4291 adiunxerint,
3327 4228 3382 4275 et
3404 4235 3519 4284 eos,

1939 4312 2254 4383 quibuscum
2280 4311 2590 4368 societatem
2618 4309 2817 4367 habere
2837 4309 2967 4381 ipsis
2994 4324 3101 4366 non
3127 4309 3340 4377 licebat,
3359 4310 3519 4365 etiam

1939 4403 2331 4459 commilitones
2350 4400 2675 4469 vocaverint,
2698 4415 2821 4458 cum
2841 4402 3009 4472 iisque
3044 4401 3401 4459 castrametati
3420 4402 3517 4456 ad-

1940 4508 2130 4550 versus
2153 4493 2422 4549 civitatem
2448 4493 2711 4549 steterint.
2742 4492 2948 4548 Etenim
2979 4491 3138 4547 Rasin
3166 4490 3519 4563 alienigenam

1939 4581 2197 4639 advenas
2239 4581 2575 4652 metropolim
2626 4595 2776 4635 suam
2820 4581 3137 4636 excitarunt.
3180 4581 3412 4651 Eratque
3464 4581 3517 4635 in

1935 4668 2124 4742 prmlio
2150 4665 2379 4737 partium
2424 4666 2783 4737 inaequalitas.
2836 4667 2989 4739 Apud
3022 4667 3142 4729 illos
3168 4668 3313 4725 enim
3344 4670 3523 4727 multi-

1932 4760 2059 4815 tudo
2091 4757 2296 4813 infinita
2326 4766 2461 4823 erat,
2491 4767 2547 4812 et
2574 4758 2757 4826 urbes,
2789 4768 2846 4814 et
2872 4766 3063 4829 gentes
3093 4766 3147 4815 et
3176 4761 3384 4829 pepuli;
3434 4762 3521 4819 hie

1931 4864 2109 4912 autem
2136 4852 2264 4908 nihil
2286 4853 2486 4918 simile,
2509 4852 2602 4909 sed
2636 4854 2762 4908 urbs
2786 4868 2889 4909 una
2918 4862 2973 4910 et
2998 4855 3333 4925 metropolis,
3362 4856 3428 4910 ita
3463 4868 3521 4909 ut

1932 4944 2025 4999 Dei
2058 4941 2315 4999 fortitudo
2342 4942 2725 4999 exuberantius
2751 4944 3091 5000 enitesceret.
3117 4944 3343 5002 Nomine
3372 4946 3516 5001 enitr

1929 5047 2079 5088 arma
2122 5042 2392 5099 movente,
2445 5032 2661 5089 nemine
2702 5042 2935 5088 exeunte
2978 5044 3033 5089 et
3076 5042 3513 5103 castramctante,

1931 5140 2118 5182 eorum
2142 5124 2359 5196 maligni
2387 5135 2610 5181 conatus
2640 5124 2693 5179 in
2726 5124 2946 5179 nihilum
2977 5126 3243 5182 abierunt.
3277 5127 3395 5183 Non
3422 5145 3518 5197 pa-

1931 5227 2134 5273 tuerunt
2154 5218 2317 5284 enim,
2333 5218 2831 5288 iuquit,e.rpuguare
2850 5232 2980 5271 eam.
3010 5218 3077 5272 At
3102 5217 3229 5288 quid
3256 5219 3515 5288 impedie-

1930 5308 2055 5363 bat?
2080 5306 2224 5362 Nihil
2253 5308 2398 5362 aliud
2424 5322 2583 5377 quam
2626 5305 2723 5360 Dei
2769 5321 2977 5373 manus,
3006 5322 3122 5377 quae
3152 5323 3247 5364 eos
3275 5310 3513 5366 invisibi-

1932 5398 2052 5454 liter
2100 5398 2422 5468 depellebat.
2471 5397 2873 5463 Verumtamen,
2900 5406 2957 5453 ut
2996 5397 3105 5467 jam
3152 5398 3281 5465 dixi,
3313 5400 3509 5455 bellum

1930 5488 2157 5558 depulit,
2185 5488 2278 5544 sed
2308 5496 2510 5544 metum
2550 5504 2657 5544 non
2703 5489 2882 5543 statim
2929 5490 3166 5545 sustulit.
3215 5490 3347 5547 Nam
3396 5492 3507 5546 ait:

1938 5580 2299 5634 Auuantiatum
2324 5580 2470 5635 estin
2500 5580 2652 5636 doma
2683 5581 2850 5637 David
2879 5600 2892 5637 :
2921 5582 3187 5639 Conseusit
3215 5586 3371 5638 Aram
3394 5600 3510 5639 cum

1930 5666 2203 5737 Epitraim.
2253 5665 2323 5721 Et
2354 5680 2519 5724 eruo'a
2556 5680 2631 5725 est
2668 5671 2840 5729 anima
2866 5673 3008 5745 ejus,
3040 5681 3087 5727 et
3128 5674 3302 5728 anima
3330 5674 3510 5745 populi

1931 5762 2063 5833 ejus.
2096 5761 2229 5819 Cum
2268 5762 2383 5821 vult
2413 5762 2555 5823 Deus
2580 5763 2781 5836 aliquid
2811 5764 3142 5837 inopinatum
3171 5764 3369 5829 facere.
3401 5781 3509 5826 non
