4056 6456
625 406 687 459 81
1310 389 1368 444 S.
1410 379 1691 443 JOANNIS
1728 366 2175 435 CHRYSOSTOI

2283 365 2589 423 ARCHIEP.
2631 366 3178 427 CONSTANTINOP.
3768 380 3847 436 82

625 514 733 582 7&9
761 511 789 562 6
824 508 985 579 φόϐος
1029 504 1335 569 κατέσεισε,
1382 504 1477 555 καὶ
1523 499 1627 572 πρὸ
1669 493 1963 566 ὀφθαλμῶν
2008 485 2076 561 ἦν
2113 486 2182 541 τά

625 601 792 664 δεινὰ,
823 599 889 653 τὰ
912 598 968 651 δέ
991 595 1200 667 χρηστά
1230 596 1287 648 ἐν
1309 592 1505 654 ἐλπίσι,
1534 591 1629 643 καὶ
1657 583 1977 657 προσδοκίαν
2008 582 2175 649 ὑπερ-

628 692 876 745 ϐαίνοντα
907 689 1107 749 πᾶσαν,
1154 684 1249 739 καὶ
1275 683 1323 735 οί
1357 678 1694 752 ἀκροώμενοι
1733 676 1793 728 ού
1841 673 2044 741 σφόδρα
2082 686 2176 721 πι-

630 779 762 843 στοὶ,
791 779 888 848 δρα
914 776 965 829 τί
996 776 1158 828 ποιεῖ.
1187 772 1377 826 Δίδωσι
1413 771 1635 840 σημεῖον
1667 765 1919 837 μέγιστον
1950 760 2176 848 τῶνέκ-

629 847 960 935 ϐησομένων,
988 862 1055 915 τά
1084 859 1418 931 βουλεύματα
1453 857 1562 910 τῶν
1594 852 1865 923 πολεμίων
1900 847 2177 935 εἰς-μέσον

630 930 893 1023 ἐκφέρων.
922 930 1214 1019 Λέγειγάρ
1242 945 1419 1000 αὐτῶν
1438 945 1537 1013 τὴν
1563 942 1807 1011 γνώμην,
1836 936 1950 1008 μεθ’
1977 930 2043 1005 ἦς
2076 934 2177 1023 ἐπ-

628 1022 989 1113 εστράτευσαν
1013 1044 1078 1111 τῇ
1110 1040 1277 1102 πόλει,
1326 1036 1419 1090 και
1460 1035 1511 1087 τί
1557 1032 1690 1102 πρὸς
1716 1028 1975 1098 ἀλλήλους
2007 1022 2175 1077 διελέ-

627 1136 863 1205 χθησαν,
910 1132 1002 1185 καὶ
1035 1131 1086 1183 τί
1117 1129 1395 1190 συνθέντες
1432 1122 1745 1195 ἐπανῆλθον,
1780 1120 1875 1173 καὶ
1911 1116 2176 1205 δείκνυσιν

627 1204 661 1294 ἢ
694 1204 978 1293 προδοσίαν
1011 1221 1071 1273 τὸ
1116 1219 1344 1290 πρᾶγμα
1374 1215 1433 1270 6v
1464 1208 2015 1283 (Συλλαλήσαντες
2043 1204 2172 1274 γὰρ,

628 1314 813 1385 φησὶν,
832 1311 1059 1376 αὐτοῖς,
1088 1307 1541 1378 (ἕπου-τρέψομεν
1565 1302 1783 1367 αὐτοὺς
1810 1299 1960 1367 πρὸς
1977 1294 2174 1365 ἡμᾶς).

626 1406 659 1475 ἢ
689 1404 850 1473 πολλῇ
882 1406 944 1473 τῇ
969 1401 1191 1473 ἀπονοίᾳ
1225 1398 1539 1471 μεθύοντας,
1568 1394 1662 1448 καὶ
1692 1392 2009 1463 νομίζοντας
2044 1386 2177 1458 μηδὲ

625 1494 801 1548 ὅπλων
826 1494 1002 1555 αὐτοῖς
1028 1492 1157 1558 δεῖν,
1206 1488 1337 1561 μηδὲ
1372 1483 1726 1557 παρατάξεως
1766 1482 1860 1537 καὶ
1908 1476 2178 1549 συμϐολῆς

626 1588 705 1649 εἰς
738 1584 797 1637 τὸ
842 1582 937 1653 τὴν
978 1581 1127 1635 πόλιν
1168 1580 1367 1634 λαϐεῖν.
1405 1580 1587 1647 Ἀρκεῖ
1614 1575 1724 1647 7&9
1751 1575 1884 1645 ἡμῖν
1922 1570 2171 1641 φανῆναι,

626 1677 777 1745 φησὶ,
813 1674 968 1745 μόνον
997 1674 1089 1727 καὶ
1131 1670 1493 1740 διαλεχθῆναι,
1538 1669 1631 1721 καὶ
1659 1667 1864 1728 πάντας
1904 1658 2172 1733 αἰχμαλώ-

625 1782 749 1828 τους
783 1765 1040 1825 λαϐόντας
1089 1760 1359 1815 ἀπελθεῖν.
1405 1754 1567 1823 Εἶτα,
1603 1758 1737 1828 ὅπερ
1791 1755 2088 1824 πάσχουσιν
2128 1752 2179 1804 οί

624 1855 899 1920 ἀλαζόνες,
946 1853 1051 1906 ὑπὸ
1085 1853 1183 1924 τῆς
1215 1851 1425 1913 ἐλπίδος
1467 1848 1669 1917 ταύτης
1709 1845 2037 1915 φυσηθέντες
2084 1842 2179 1896 καὶ

627 1947 754 2018 περὶ
780 1944 1035 2017 βασιλέως
1066 1942 1421 2014 βουλεύονται,
1444 1939 1518 2002 ώς
1540 1937 1639 2007 ἥδη
1664 1937 1761 2006 τῆς
1790 1934 1993 1998 πόλεως
2019 1932 2173 1986 ἀλού-

629 2054 748 2109 σης,
765 2038 856 2092 καὶ
876 2036 995 2089 τίνα
1024 2034 1310 2103 ἐπιστῆσαι
1326 2032 1405 2085 δεῖ
1422 2034 1486 2102 τῇ
1508 2027 1854 2101 μητροπόλει.
1873 2027 1982 2079 Καὶ
1996 2026 2061 2079 τὰ
2082 2024 2179 2094 μὲν

626 2128 847 2183 ἐκείνων
860 2128 1103 2191 τοιαῦτα,
1126 2127 1287 2199 φησί·
1302 2125 1373 2179 τὰ
1388 2125 1443 2179 δὲ
1459 2124 1549 2177 τοῦ
1567 2123 1699 2177 Θεοῦ
1722 2122 1934 2177 πάντων
1957 2119 2179 2174 ἐκείνων

626 2219 959 2289 ὰναιρετικά.
990 2219 1080 2270 Διδ
1104 2219 1197 2271 καὶ
1228 2216 1471 2287 ἐπήγαγε
1490 2230 1505 2245 ·
1542 2213 1689 2268 Τάδε
1733 2212 1895 2281 λέγει
1938 2213 2143 2280 Κύριος
2162 2226 2174 2239 ·

626 2312 720 2364 καὶ
743 2310 840 2363 οὐκ
869 2310 1016 2380 ἔστη,
1036 2310 1169 2363 ἀλλά
1191 2308 1513 2379 προσέθηκε,
1539 2306 1969 2361 Σαϐαὼθ.⁶’οταν
1996 2304 2102 2372 γάρ
2126 2319 2179 2354 τι

630 2402 769 2472 μέγα
793 2399 1149 2469 ἀπαγγέλλειν
1193 2398 1383 2470 μέλλῃ,
1427 2398 1526 2467 τῆς
1561 2397 1840 2466 δυνάμεως
1874 2394 2179 2462 ἀναμιμνή-

628 2509 746 2544 σκει
776 2490 869 2544 τοῦ
898 2489 1053 2556 Θεοῦ,
1092 2489 1186 2542 καὶ
1219 2490 1315 2559 τῆς
1342 2486 1618 2557 βασιλείας
1650 2484 1748 2555 τῆς
1776 2484 1905 2546 ἄνω,
1939 2483 2031 2534 καὶ
2058 2482 2181 2535 θαυ-

630 2582 839 2652 μαστῆς
867 2582 1078 2652 ἐκείνης
1114 2581 1285 2651 ἀρχῆς
1338 2578 1429 2632 καὶ
1460 2575 1787 2648 παραδόξου.
1812 2573 1877 2626 Τί
1899 2568 1991 2625 οὖν
2017 2587 2180 2641 φησιν

626 2674 655 2724 6
683 2673 848 2736 Θεός;
887 2674 968 2725 Οὐ
993 2671 1080 2740 μὴ
1103 2672 1280 2740 μείνῃ
1314 2670 1351 2735 ἠ
1373 2666 1573 2734 ,ϐουλὴ
1613 2666 1785 2732 αὕτη,
1813 2662 1951 2718 οὐδὲ
1973 2663 2142 2715 ἔσται
2161 2677 2175 2693 ο

628 2765 763 2817 ἀλλ’
792 2765 828 2831 ἠ
861 2762 1089 2831 κεφαλὴ
1126 2762 1293 2829 Ἀρὰμ
1337 2759 1669 2828 Δαμασκός.
1712 2756 1775 2808 Ἥ
1803 2754 1944 2825 ἀρχὴ
1980 2750 2178 2813 αὑτοῦ,

628 2855 811 2925 φησὶν,
839 2856 872 2925 ὴ
904 2852 1116 2919 ἐξουσία
1157 2850 1318 2905 αὑτοῦ
1369 2852 1426 2902 ἐν
1457 2845 1727 2917 Δαμασκῷ
1761 2847 2038 2915 στήσεται,
2088 2844 2181 2896 καὶ

628 2943 931 3012 περαιτέρω
957 2943 1015 2995 ού
1048 2941 1393 3012 προϐήσεται.
1412 2940 1518 2993 Kal
1541 2940 1578 3007 ἡ
1603 2934 1834 3006 κεφαλὴ
1864 2932 2180 3003 Δαμασκοῦ

639 3033 862 3089 Ῥασίν.
894 3035 1003 3088 Καὶ
1034 3035 1062 3085 6
1090 3035 1269 3104 ἄρχων
1305 3030 1615 3102 Δαμασκοῦ,
1649 3028 1803 3098 φησι,
1836 3028 1930 3080 καὶ
1972 3029 2001 3078 6
2046 3042 2180 3095 κρα-

627 3124 735 3177 τῶν
770 3124 950 3176 Ῥασίν
978 3123 1125 3177 ἔσται
1146 3141 1159 3154 ·
1182 3121 1472 3184 τουτέστιν,
1497 3121 1553 3173 ἐν
1577 3120 1685 3181 τοῖς
1714 3116 1876 3171 αὐτοῦ
1919 3118 2066 3185 μενεῖ
2089 3116 2180 3168 καὶ

628 3212 844 3266 πλείονα
881 3212 942 3265 ού
973 3211 1267 3283 προσθήσει
1299 3208 1522 3279 δύναμιν
1560 3206 1724 3277 αὐτῷ.
1756 3206 1865 3260 Καὶ
1904 3204 1999 3258 ἔπι
2042 3203 2181 3270 ἐξή-

628 3322 812 3358 κοντα
856 3306 951 3358 καί
981 3305 1156 3357 πέντε
1187 3303 1292 3371 ἔτη
1314 3342 1329 3367 ,
1371 3301 1467 3356 καί
1501 3300 1767 3368 ἐκλείψει
1812 3298 1851 3366 ἡ
1894 3297 2181 3362 ,Βασιλεία

640 3396 877 3464 Ἐςρρατμ
906 3394 1023 3449 ἀπὸ
1060 3393 1233 3449 λαοῦ.

695 3486 756 3539 δ’.
781 3486 1023 3554 Μεγίστη
1054 3488 1150 3555 τῆς
1182 3482 1435 3554 ἀληθείας
1460 3480 1756 3545 ἀπόδειξις,
1790 3480 1915 3532 ὅταν
1945 3476 2181 3539 καὶτοὺς

630 3578 849 3647 καιροὺς
893 3577 1227 3645 προλέγωσιν
1273 3576 1321 3628 οι
1362 3575 1630 3645 προφῆται
1654 3614 1668 3634 ,
1708 3571 2036 3640 παρέχοντες
2068 3572 2179 3631 τοῖς

632 3665 965 3737 βουλομένοις
996 3662 1266 3727 ἐξετάζειν
1318 3662 1454 3732 μετά
1497 3659 1779 3729 ἀκριϐείας
1826 3660 1925 3727 τῆς
1970 3674 2181 3727 προφη-

634 3756 781 3817 τείας
808 3756 905 3824 τὴν
932 3754 1177 3823 δύναμιν.
1208 3750 1316 3804 Νῦν
1344 3751 1440 3819 μέν
1470 3748 1597 3819 γὰρ,
1633 3749 1815 3819 φησὶν,
1843 3749 2177 3818 ἀποστήσον-

625 3864 712 3899 ται
752 3845 849 3914 τῆς
881 3844 1116 3904 πόλεως·
1160 3840 1293 3911 μετά
1326 3839 1384 3892 δέ
1433 3838 1593 3893 πέντε
1633 3839 1727 3890 καὶ
1773 3838 2032 3906 ἐξήκοντα
2082 3836 2178 3905 ἐτη

623 3930 910 4001 ὁλόκληρον
958 3929 1231 3982 ἀπολεῖται
1269 3925 1331 3978 τὸ
1370 3924 1547 3989 ἔθνος,
1578 3924 1669 3976 καὶ
1700 3924 1749 3975 οί
1792 3922 2034 3991 πολέμιοι
2080 3920 2175 3975 λα-

624 4024 806 4085 ϐόντες
834 4021 1047 4083 αὐτοὺς,
1075 4016 1432 4071 ἀπελάσονται
1461 4014 1685 4077 πάντας.
1720 4012 1831 4067 Νῦν
1865 4012 2043 4082 μέντοι
2073 4010 2177 4081 πρὸ

621 4114 720 4183 τῆς
752 4109 998 4171 ἁλώσεως
1044 4108 1253 4177 ἐκείνης
1292 4106 1440 4160 οὐδὲν
1482 4104 1642 4158 πλέον
1685 4104 1793 4157 τῶν
1837 4102 2050 4156 οἰκείων
2078 4101 2176 4171 λή-

619 4204 829 4272 ψονται.
864 4201 979 4252 Ἵνα
1019 4199 1125 4267 γὰρ
1157 4199 1231 4269 μὴ
1273 4196 1507 4258 ἀκούσας
1536 4196 1564 4247 6
1592 4195 1871 4264 βασιλεὺς,
1904 4195 1984 4247 ὅτι
2042 4194 2176 4263 μετά

621 4294 879 4364 ἐξήκοντα
920 4290 1078 4343 πέντε
1122 4289 1214 4358 ἔτη
1257 4286 1596 4348 ἀπολοῦνται,
1624 4285 1756 4354 λέγῃ
1785 4286 1917 4355 πρδς
1948 4284 2136 4337 ἑαυτὸν
2156 4298 2173 4316 ·

620 4382 685 4434 Τί
719 4377 841 4445 οὗν;
871 4379 962 4432 ἐὰν
994 4377 1088 4433 νῦν
1116 4378 1262 4447 ἡμᾶς
1298 4376 1568 4439 λαϐόντες,
1594 4375 1713 4428 τότε
1755 4374 2095 4436 ἀπολοῦνται,
2123 4374 2175 4425 τί

619 4471 679 4523 τὸ
723 4470 909 4539 ὄφελος
942 4470 1101 4539 ὴμῖν;
1146 4468 1371 4537 θάρῤει,
1414 4465 1507 4518 καὶ
1550 4465 1676 4535 περὶ
1726 4463 1831 4516 τῶν
1873 4464 2171 4533 παρόντων.

631 4560 952 4613 Ἀλώσονται
995 4559 1101 4627 γὰρ
1140 4558 1258 4611 τότε
1304 4555 1611 4619 παντελῶς·
1654 4554 1746 4607 νῦν
1785 4554 1963 4624 μέντοι
2014 4554 2175 4606 πλέον

618 4651 771 4704 οὐδὲν
792 4661 810 4681 ⁸
839 4652 943 4703 τῶν
989 4650 1200 4702 οἰκείων
1233 4647 1345 4719 [79]
1385 4648 1612 4714 ἕξουσιν.
1661 4646 1797 4699 Ἀλλ’
1826 4646 1975 4698 ἐσται
2022 4646 2053 4713 ἡ
2081 4662 2173 4697 κε-

620 4741 765 4812 φαλὴ
805 4740 1060 4810 Ἑφραῒμ,
1088 4741 1352 4801 τουτέστι,
1380 4739 1487 4790 τῶν
1529 4737 1659 4790 δέκα
1688 4736 1887 4805 φυλῶν,
1928 4738 1959 4805 ὴ
1992 4737 2173 4805 Σαμά-

620 4849 745 4902 ρεια
764 4847 776 4861 ⁸
814 4833 928 4884 ἐκεῖ
954 4830 1060 4901 γὰρ
1090 4827 1157 4901 ἦν
1186 4830 1362 4891 αὐτοῖς
1390 4829 1421 4897 ἡ
1452 4828 1693 4897 βασιλεία
1713 4842 1725 4855 ·
1764 4828 1855 4881 καί
1886 4827 1982 4879 οὐκ
2014 4828 2172 4879 ἐκτα-

620 4922 841 4991 θήσεται
877 4922 1181 4991 περαιτέρω
1201 4936 1213 4950 ·
1245 4921 1336 4973 καὶ
1366 4922 1397 4987 ἡ
1436 4919 1639 4987 κεφαλὴ
1681 4918 1987 4988 Σαμαρείας
2016 4919 2043 4971 6
2074 4916 2169 4985 βα-

622 5012 799 5073 σιλεὺς
823 5011 913 5063 τοῦ
950 5010 1193 5081 Ἰσραήλ·
1219 5010 1352 5081 ὅπερ
1376 5010 1467 5061 ἐπὶ
1487 5008 1576 5061 τοῦ
1600 5006 1955 5077 Δαμασκηνοῦ
1996 5008 2168 5073 ἔλεγε,

620 5102 777 5155 τοῦτο
806 5103 891 5153 καὶ
929 5100 1155 5153 ἐνταῦθα
1184 5101 1374 5171 δηλῶν,
1402 5101 1481 5153 ὅτι
1512 5100 1661 5153 οὐδὲν
1691 5099 1848 5151 πλέον
1881 5098 2110 5162 ἕξουσιν,
2136 5098 2167 5165 ῆ

618 5192 786 5245 ταῦτα
819 5191 854 5245 ἀ
881 5191 974 5243 νῦν
1006 5190 1338 5260 κατέχουσιν.
1370 5187 1522 5255 Εἶτα,
1554 5190 1737 5260 ἐπειδὴ
1771 5192 2067 5261 πράγματα
2092 5186 2169 5241 εἴ·

620 5298 719 5333 πεν
765 5280 1151 5350 ὑπερϐαίνοντα
1188 5279 1343 5346 λόγον
1381 5278 1746 5349 ἀνθρώπινον,
1794 5281 1886 5333 καὶ
1927 5280 2169 5351 ἀνώτερα

618 5373 717 5440 τῆς
745 5370 849 5422 τῶν
889 5371 1159 5440 λογισμῶν
1184 5369 1517 5432 ἀκολουθίας,
1550 5372 1642 5422 καί
1671 5371 1967 5441 προφητεία
1998 5370 2056 5423 τὸ
2082 5372 2168 5421 λε-

619 5462 846 5531 γόμενον
881 5457 969 5531 ἦν.
1009 5463 1229 5526 εἰκότως
1274 5462 1573 5531 ἐπήγαγεν·
1624 5463 1763 5515 Ἐὰν
1800 5462 1885 5530 μὴ
1926 5464 2168 5517 πιστεύ-

618 5565 791 5616 σητε,
818 5550 958 5603 οὐδὲ
987 5549 1070 5617 μὴ
1100 5551 1344 5618 συνῆτε.
1388 5552 1477 5620 Μὴ
1511 5551 1694 5622 ζήτει,
1727 5552 1890 5620 φησλ,
1931 5552 2046 5615 πῶς
2078 5553 2170 5605 καὶ

617 5640 721 5693 τίνι
754 5640 934 5709 τρόπῳ
961 5640 1128 5693 ταῦτα
1157 5640 1305 5694 ἔσται
1326 5659 1339 5672 ·
1367 5642 1496 5705 Θεὸς
1524 5642 1633 5713 γάρ
1673 5644 1821 5694 ἐστιν
1864 5644 1893 5695 6
1937 5644 2163 5712 ἐργαζό-

619 5744 797 5797 μενος,
828 5730 916 5781 καὶ
949 5729 1182 5793 πίστεώς
1214 5748 1292 5783 σοι
1325 5732 1401 5785 δεῖ
1426 5734 1609 5803 μόνης,
1649 5734 1741 5787 καί
1773 5732 2039 5803 ἐννοήσεις
2074 5734 2164 5787 τοῦ

678 5860 702 5890 ⁸
726 5861 871 5910 Οὐδέν
895 5861 1035 5914 deest
1056 5865 1105 5914 in
1122 5863 1244 5928 Reg.

2288 482 2564 547 ποιοῦντος
2590 483 2688 553 τὴν
2714 482 2940 554 δύναμιν
2961 500 2975 514 ·
3010 486 3191 538 πᾶσαν
3226 484 3457 550 ἐλαϐεςιδ
3486 486 3592 540 τῶν
3621 486 3850 557 εἰρημέ-

2289 592 2395 627 νων
2424 574 2523 645 τὴν
2548 574 2837 641 ἀπόδειξιν.
2861 576 2951 628 Διὸ
2975 577 3071 628 καὶ
3094 577 3123 629 6
3150 576 3431 648 προφήτης
3457 577 3617 631 Δαυῖδ
3638 578 3848 648 ἐλιγεν·

2299 664 2675 727 Ἐπίστευσα,
2717 664 2809 718 διὸ
2852 665 3149 733 ἐλάλησα.
3197 667 3305 720 Καὶ
3330 669 3358 721 6
3387 666 3595 731 Παῦλος
3619 669 3853 734 εἰκότως

2285 754 2670 825 ἐπιλαϐόμενος
2696 756 2794 825 τῆς
2828 757 3035 827 ρήσεως
3061 757 3283 827 ταύτης,
3310 759 3402 812 ἐπὶ
3427 759 3645 831 μείζονα
3673 761 3851 833 αὐτὴν

2283 844 2498 897 εἵλκυσε
2548 842 2845 913 πράγματα
2900 842 3105 912 λέγων·
3143 845 3423 913 Ἔχοντες
3463 845 3534 900 δέ
3578 846 3645 900 τὸ
3692 847 3846 901 αὐτὸ

2284 933 2523 1002 Πνεῦμα
2539 931 2651 1000 τῆς
2676 932 2953 999 πίστεως,
2976 934 3127 988 κατὰ
3153 935 3220 989 τό
3250 936 3671 1006 τετραμμένον,
3688 938 3852 991 Ἐπι-

2282 1039 2538 1086 στευσα,
2564 1023 2657 1078 διὸ
2686 1024 2784 1078 καὶ
2810 1024 3106 1093 ἐλάλησα·
3137 1028 3237 1081 καί
3262 1027 3432 1098 ἡμεῖς
3462 1030 3850 1098 πιστεύομεν,

2283 1118 2377 1171 διὸ
2399 1117 2496 1171 καί
2516 1118 2841 1185 λαλοῦμεν.
2864 1118 2927 1171 Εἰ
2957 1117 3067 1189 7&9
3092 1117 3162 1172 τὰ
3194 1117 3396 1172 παλαιὰ
3421 1120 3654 1185 πίστεως
3682 1121 3853 1193 ἔχρῃ-

2284 1202 2367 1268 ζε,
2397 1203 2643 1257 τοσοῦτον
2672 1203 2942 1272 ἀπέχοντα
2973 1202 3083 1258 τῶν
3116 1206 3175 1258 ἐν
3200 1207 3266 1277 τῇ
3300 1206 3501 1278 Καινῇ,
3530 1206 3653 1261 ὅσον
3698 1208 3734 1277 ἡ
3771 1206 3852 1276 γῆ

2284 1294 2391 1349 τῶν
2417 1293 2679 1366 οὐρανῶν,
2732 1292 2911 1363 πολλῷ
2961 1293 3159 1364 μᾶλλον
3207 1295 3243 1365 ἡ
3283 1294 3392 1349 τῶν
3422 1294 3594 1359 οὕτως
3624 1295 3853 1366 ὑψηλῶν

2283 1386 2567 1455 δογμάτων
2592 1385 2793 1454 γνῶσις
2838 1386 2933 1439 καὶ
2977 1387 3100 1440 οὐδὲ
3146 1388 3226 1450 εἰς
3270 1386 3393 1441 νοῦν
3435 1387 3696 1442 ἐλθόντων
3734 1386 3853 1443 τινί

2285 1493 2435 1530 ποτε.
2463 1476 2639 1545 Ὅπερ
2675 1471 2766 1530 οὖν
2797 1476 2889 1529 καὶ
2911 1475 3071 1539 αὐτὸς
3097 1475 3273 1547 δηλῶν
3298 1476 3477 1546 ἐλεγεν
3495 1480 3583 1533 ’Ἃ
3618 1478 3853 1547 ὀφθαλ-

2278 1566 2394 1637 μὸς
2414 1567 2523 1620 οὐκ
2549 1562 2727 1631 εἶδεν,
2765 1565 2862 1620 καὶ
2885 1561 2994 1632 οὖς
3013 1568 3125 1621 οὐκ
3163 1566 3412 1636 ἤκουσε,
3451 1567 3549 1621 καί
3578 1566 3677 1622 ἐπὶ
3708 1585 3856 1638 καρ-

2283 1652 2421 1705 δίαν
2434 1652 2743 1720 άνθρώπου
2760 1655 2871 1707 οὐκ
2890 1655 3095 1722 ἀνέϐη,
3113 1654 3151 1708 d
3170 1656 3497 1724 ἡτοίμασεν
3515 1659 3547 1711 d
3563 1656 3706 1724 Θεὸς
3723 1656 3856 1724 τοῖς

2284 1739 2596 1810 ἀγαπῶσιν
2618 1742 2821 1795 αὐτόν.
2844 1742 2952 1796 Καὶ
2979 1742 3303 1810 προσέθετο
3335 1744 3545 1813 Κύριος
3578 1744 3856 1815 λαλῆσαι

2284 1831 2364 1896 τῷ
2396 1830 2577 1899 Ἅχαζ
2602 1830 2822 1899 λέγων·
2850 1833 3104 1899 Διτησαι
3148 1833 3381 1900 σεαυτῷ
3418 1834 3667 1903 σημεῖον
3689 1836 3856 1905 παρὰ

2284 1922 2503 1989 Κυρίου
2526 1922 2634 1976 τοῦ
2664 1922 2811 1977 Θεοῦ
2846 1938 2984 1989 σου,
3028 1924 3116 1988 εἰς
3141 1924 3332 1990 ,ϐάθος
3359 1924 3396 1993 ἦ
3420 1927 3507 1992 εἰς
3524 1926 3701 1995 ὕψος.
3736 1926 3854 1982 Καὶ

2283 2010 2451 2066 εἴπεν
2474 2013 2675 2081 Ἀχαζ·
2702 2015 2783 2067 Οὐ
2800 2014 2886 2083 μὴ
2911 2014 3158 2084 αἰτήσω,
3182 2015 3323 2070 οὐδὲ
3340 2015 3424 2087 μὴ
3447 2017 3708 2087 πειρόσω
3731 2020 3855 2077 Κύ-

2276 2121 2431 2170 ριον.
2486 2105 2593 2160 Καὶ
2637 2105 2804 2159 εἷπεν
2855 2105 3124 2171 Ἡσαΐας·
3184 2108 3503 2163 Ἀκούσατε
3536 2107 3644 2178 δὴ,
3684 2106 3859 2177 οἷκοσ

2284 2194 2496 2248 Δαυτδ·
2533 2195 2629 2262 Μὴ
2656 2196 2872 2263 μικρὸν
2901 2195 3063 2265 ὑμῖν,
3089 2196 3294 2266 ἀγῶνα
3326 2199 3606 2267 παρέχειν
3629 2199 3857 2269 ἀνθρώ-

2286 2297 2421 2346 ποις
2437 2299 2456 2346 ;
2475 2282 2584 2335 Καὶ
2612 2281 2736 2347 πῶς
2761 2282 2953 2350 Κυρίῳ
2974 2283 3264 2352 παρέχετε
3287 2283 3485 2353 ἀγῶνα
3500 2302 3520 2351 ;
3543 2285 3647 2340 Διὰ
3672 2286 3859 2342 τοῦτο

2285 2368 2464 2423 δώσει
2497 2370 2710 2437 Κύριος
2750 2370 2930 2437 αὐτὸς
2956 2371 3100 2440 ὑμῖν
3132 2373 3403 2441 σημεῖον.
3441 2373 3583 2429 Ἰδοὺ
3620 2374 3659 2441 ἡ
3704 2392 3858 2443 παρ-

2286 2459 2459 2526 θένος
2502 2459 2573 2514 ἐν
2608 2462 2816 2530 ’κτιστρί
2851 2462 3130 2531 λήψεται,
3173 2466 3270 2519 καὶ
3309 2466 3535 2530 τέξεται
3570 2468 3721 2533 υιὸν,
3751 2469 3859 2524 και

2286 2550 2617 2605 καλέσουσι
2657 2552 2724 2604 τὸ
2767 2552 2955 2622 ὄνομα
2994 2554 3183 2609 αὑτοῦ
3231 2557 3622 2627 Ἐμμανουήλ.
3672 2559 3855 2632 Πολλὴ

2284 2639 2377 2693 τοῦ
2405 2640 2539 2694 Θεοῦ
2580 2642 3016 2709 ωγκατάϐασις,
3064 2644 3157 2698 καὶ
3192 2645 3286 2699 τοῦ
3324 2645 3581 2715 βασιλέως
3619 2651 3653 2720 ὴ
3681 2650 3860 2719 ἀγνω-

2288 2732 2513 2802 μοσύνη.
2548 2734 2693 2787 Ἔδει
2724 2734 2822 2803 μέν
2846 2734 2955 2805 γὰρ
2980 2735 3144 2789 αὐτὸν
3180 2736 3484 2793 ἀκούσαντα
3515 2738 3608 2793 τοῦ
3636 2743 3856 2814 προφήο

2286 2839 2400 2886 του,
2434 2824 2594 2892 μηδὲν
2624 2824 2979 2893 ἀμφιϐάλλειν
3017 2827 3145 2896 περί
3176 2827 3284 2880 τῶν
3324 2828 3656 2899 εἰρημένων·
3705 2833 3756 2887 εἰ
3794 2832 3856 2887 δέ

2288 2912 2378 2965 καὶ
2402 2911 2733 2982 ἀμφέϐαλλε,
2756 2913 2858 2966 κᾶν
2879 2914 3103 2984 σημεῖον
3124 2915 3352 2972 λαϐόντα
3386 2918 3689 2985 πιστεῦσαι,
3708 2922 3855 2993 ὅπερ

2287 3002 2472 3056 πολλοὶ
2501 3003 2609 3056 τῶν
2648 3002 2797 3074 παρὰ
2834 3004 3107 3068 Ἰουδαίοις
3140 3008 3492 3078 πεποιήκασι.
3530 3010 3639 3064 Καὶ
3670 3010 3782 3085 7&9
3819 3014 3853 3066 6

2285 3092 2435 3155 Θεὸς,
2456 3092 2829 3164 φιλάνθρωπος
2849 3094 2944 3159 ῶν,
2974 3094 3094 3147 οὐδέ
3120 3096 3276 3150 τοῦτο
3301 3101 3649 3171 παρῃτήσατο
3670 3120 3855 3174 παραυ

2288 3184 2432 3251 σχεῖν
2462 3182 2719 3245 πολλάκις
2749 3186 2861 3247 τοῖς
2900 3185 3229 3255 παχυτέροις
3274 3186 3365 3239 καὶ
3405 3189 3577 3259 χαμαὶ⁵
3615 3190 3861 3261 συρομέ-

2284 3286 2417 3333 νοις,
2469 3271 2561 3323 καὶ
2588 3273 2655 3341 τῇ
2689 3275 2758 3342 γῇ
2808 3273 3270 3345 προσηλωμένοις,
3320 3273 3431 3330 οἷον
3466 3279 3717 3350 ἐποίησεν
3754 3281 3853 3335 ἐπὶ

2284 3360 2375 3414 τοῦ
2405 3361 2625 3416 Γεδεών.
2671 3364 2885 3435 Ἐπειδὴ
2919 3364 3028 3435 7&9
3076 3364 3292 3420 πάντων
3336 3368 3752 3442 καταδεέστερος
3778 3366 3858 3443 ἦν

2285 3453 2379 3506 καὶ
2410 3452 2714 3521 παχύτατος
2735 3492 2751 3517 ,
2781 3455 2883 3525 ὅρα
2926 3455 3029 3509 ποῦ
3074 3458 3388 3513 καταϐαίνει
3429 3459 3589 3513 πάλιν
3619 3460 3649 3513 6
3689 3460 3847 3526 Θεός.

2284 3542 2457 3605 Αὐτὸς
2490 3542 2649 3595 αὐτὸν
2695 3544 3000 3611 ἐφέλκεται,
3044 3547 3139 3599 καὶ
3167 3548 3459 3618 προτρέπει
3488 3550 3622 3620 πρὸς
3664 3549 3725 3604 τδ
3759 3568 3854 3621 σης

2288 3635 2436 3702 μεῖον
2468 3633 2720 3702 αἰτῆσαι·
2752 3633 2927 3687 καίτοι
2974 3650 3038 3703 γε
3062 3635 3181 3688 οὐδὲ
3217 3637 3409 3708 μικρὸν
3433 3636 3587 3692 τοῦτο
3624 3641 3855 3710 σημεῖον

2283 3718 2371 3793 ἦν,
2404 3722 2466 3775 τὸ
2518 3722 2735 3791 ἐλέγξαι
2768 3721 2935 3776 αὑτοῦ
2965 3724 3035 3778 τά
3078 3724 3383 3797 ἀπόρρητα,
3428 3729 3520 3783 καὶ
3559 3730 3640 3794 εἰς
3681 3728 3855 3801 μέσον

2292 3815 2516 3882 ἀγαγεῖν
2538 3812 2700 3865 αὑτοῦ
2728 3813 2825 3884 τὴν
2855 3812 3079 3885 γνώμην
3109 3816 3348 3882 ἀπασαν,
3373 3818 3467 3871 καὶ
3496 3817 3593 3891 τὴν
3617 3819 3852 3892 ὑπόκρι-

2285 3915 2367 3951 σιν
2413 3898 2676 3966 διελέγξαι
2708 3902 2906 3954 πᾶσαν.
2948 3899 3164 3973 Ἐπειδὴ
3206 3903 3315 3974 γὰρ
3343 3907 3372 3959 ό
3418 3906 3515 3975 μέν
3556 3908 3851 3979 προφήτης

2283 3985 2455 4053 εἶπεν,
2504 3990 2754 4057 Αἴτησαι
2794 3990 3028 4056 σεαυτῷ
3071 3993 3351 4062 σημεῖον,
3398 3997 3602 4061 ἐκεῖνος
3645 3998 3703 4051 δέ
3752 3999 3852 4053 τὸν

2284 4080 2485 4151 σφόδρα
2510 4081 2699 4133 πιστὸν
2727 4081 3168 4152 ὑποκρινόμενος,
3202 4083 3402 4153 ἔλεγεν,
3440 4088 3521 4141 Οὐ
3548 4086 3635 4157 μὴ
3679 4090 3851 4159 σιτή-

2281 4186 2387 4235 σω,
2415 4169 2556 4224 οὐδὲ
2574 4169 2659 4238 μὴ
2681 4170 2940 4237 πειράσω
2959 4172 3198 4239 Κύριον,
3218 4174 3319 4246 ὅρα
3341 4174 3457 4239 πῶς
3484 4177 3619 4247 μετά
3640 4178 3851 4251 πολλῆς

2280 4260 2377 4329 τῆς
2409 4259 2761 4329 σφοδρότητος
2796 4258 2912 4331 [80]
2937 4261 3132 4329 ἐπάγει
3160 4262 3260 4334 τὴν
3280 4265 3450 4336 τομὴν
3478 4267 3507 4319 6
3534 4269 3847 4340 προφήτης,

2281 4350 2501 4412 εἰκότως
2528 4351 2661 4419 μετά
2686 4350 2783 4421 τὴν
2816 4352 3088 4417 ἀπόδειξιν
3110 4354 3208 4424 τῆς
3235 4355 3575 4427 ὑποκρίσεως
3609 4360 3850 4432 βαρυτί.

2285 4454 2383 4507 ραν
2408 4438 2723 4506 ποιούμενος
2748 4438 2845 4507 τὴν
2873 4441 3227 4511 κατηγορίαν.
3249 4444 3344 4497 Διά
3366 4445 3429 4516 δὴ
3451 4447 3608 4501 τοῦτο
3634 4450 3848 4507 ἐκεῖνον

2284 4528 2381 4597 μὲν
2412 4526 2531 4580 οὐδὲ
2561 4527 2903 4597 ἀποκρίσεως
2931 4528 3105 4594 ἀξιοῖ,
3138 4532 3272 4601 πρὸς
3303 4534 3360 4587 δὲ
3383 4535 3474 4589 τὸν
3502 4537 3669 4607 δῆμον
3704 4541 3847 4596 ἀπο-

2282 4618 2566 4688 στρέφεται
2594 4617 2763 4685 λέγων
2780 4636 2793 4649 ·
2828 4618 3172 4687 Ἀκούσατε,
3198 4617 3359 4689 οἶκος
3385 4626 3561 4680 Δαυτδ
3580 4643 3594 4659 ·
3627 4628 3725 4697 Μὴ
3741 4649 3843 4700 μι-

2280 4707 2427 4775 κρὸν
2457 4708 2615 4776 ὑμῖν,
2648 4706 2845 4775 ἀγῶνα
2886 4709 3170 4779 παρέχειν
3191 4712 3553 4783 (tramam;
3577 4716 3687 4773 Καὶ
3714 4717 3845 4786 πῶς

2277 4797 2471 4863 Κυρίῳ
2509 4796 2796 4863 παρέχετε
2850 4797 3089 4867 ἀγτῶνα;
3145 4801 3375 4870 Ἀσαφές
3408 4804 3469 4858 τὸ
3516 4807 3840 4877 εἰρημένον·

2277 4887 2357 4940 διὸ
2390 4887 2452 4957 δὴ
2482 4888 2561 4942 δεῖ
2584 4887 2679 4957 τὴν
2710 4889 2865 4957 ῥῆσιν
2885 4900 2907 4928 ο
2941 4888 3241 4955 ἀναπτύξαι
3274 4892 3413 4962 μετὰ
3438 4894 3737 4967 ἀκριϐείας.
3772 4899 3843 4955 ’0

2278 4979 2383 5049 γὰρ
2432 4979 2613 5045 λέγει,
2656 4978 2811 5030 τοῦτό
2866 4979 3011 5031 ἐστι·
3054 4980 3144 5051 Μὴ
3196 4983 3301 5051 γὰρ
3351 4983 3457 5055 ἐμὰ
3504 4984 3573 5043 τά
3618 4986 3843 5056 ῥήματά

2278 5071 2425 5131 ἐστι;
2466 5068 2539 5138 μὴ
2580 5069 2685 5136 γὰρ
2729 5069 2834 5137 ἐμὴ
2878 5070 2911 5136 ἠ
2961 5070 3269 5139 ἀπόφασις;
3318 5073 3380 5128 Εἰ
3430 5074 3487 5130 δέ
3528 5075 3840 5146 ἀνθρώποις

2276 5159 2520 5213 ἀπιστεῖν
2544 5156 2726 5219 ἀπλῶς
2746 5158 2839 5209 καλ⁸
2868 5157 2993 5211 ἀνευ
3012 5159 3169 5226 λόγου
3196 5161 3332 5233 βαρὺ
3360 5164 3453 5216 καὶ
3478 5164 3839 5237 ἐγκλημάτων

2276 5249 2442 5314 ἀξιον,
2458 5249 2632 5318 πολλῷ
2648 5249 2845 5318 μᾶλλον
2861 5248 2995 5319 Θεῷ.
3014 5251 3087 5302 Τὸ
3100 5248 3191 5305 οῦν
3209 5253 3393 5320 ἀγῶνα
3406 5257 3659 5326 παρέχειν
3683 5256 3839 5315 ούδέν

2277 5341 2459 5410 ἕτερόν
2486 5344 2650 5401 ἐστιν,
2680 5340 2997 5408 ἢάπιστεῖν.
3016 5343 3185 5396 Τοῦτο
3212 5342 3323 5409 οῦν,
3356 5345 3507 5415 φησὶ,
3542 5348 3614 5418 μὴ
3641 5350 3839 5422 μικρόν

2277 5432 2423 5482 ἐστιν
2445 5428 2695 5497 ἔγκλημα
2716 5444 2729 5491 ;
2762 5428 2835 5499 μὴ
2859 5430 2891 5498 ἡ
2917 5430 3148 5500 τυχοῦσα
3178 5434 3477 5505 κατηγορία
3499 5438 3609 5499 τοῖς
3626 5436 3836 5509 ἀνθρώ-

2276 5536 2397 5581 ποις
2412 5519 2677 5582 ἀπιστεῖν;
2703 5518 2762 5568 Εἰ
2784 5518 2838 5570 δὲ
2853 5518 3009 5571 τοῦτο
3025 5520 3187 5593 βαρὺ,
3203 5521 3378 5593 πολλῷ
3394 5523 3591 5594 μᾶλλον
3603 5524 3679 5595 τῷ
3693 5526 3834 5597 Θεῷ.

2338 5628 2365 5667 b
2400 5628 2543 5696 μυῖαι
2563 5628 2768 5696 Διιοῃιιε
2787 5636 2900 5696 οηιο
2921 5635 3079 5696 πᾶσαν
3100 5633 3261 5696 ἔλαϐες
3283 5634 3461 5696 aliqujd
3480 5634 3676 5696 deesse,
3695 5649 3834 5687 necn-

2276 5703 2337 5750 pe
2361 5689 2616 5755 πίστευσον
2626 5689 2774 5755 μόνον
2793 5691 2901 5755 καί,
2928 5694 3004 5741 vel
3036 5694 3151 5755 quid
3175 5696 3350 5742 simile.
3365 5689 3486 5744 'Sed
3512 5689 3737 5746 exisuino
3760 5699 3826 5749 lo-

2274 5752 2521 5824 gllnl'siﬂe
2572 5750 2675 5824 υιιρ
2695 5750 3066 5824 ‘aflditamento'
3090 5761 3221 5805 sure
3243 5768 3405 5819 posse.
3430 5755 3537 5810 lo:
3559 5759 3607 5809 In
3626 5758 3749 5823 Reg.
3781 5768 3833 5814 οι

2276 5810 2402 5860 Suvil
2415 5846 2424 5855 .
2449 5810 2600 5867 ἐλεγεν
2622 5808 2780 5856 deest.

2343 5877 2362 5900 ε
2386 5871 2506 5935 Reg.
2534 5871 2605 5920 διὸ
2627 5870 2694 5919 δεῖ
2718 5872 2797 5929 τήν
2820 5872 2970 5933 ῥῆσιν.
