4152 6460
228 367 293 419 81
1430 361 1497 420 IN
1535 363 1784 431 ISAIAM,
1823 363 1971 422 CAP.
2016 363 2123 421 VII.

227 472 479 543 Epiri-sim
510 471 797 538 Sontoron,
830 482 877 530 et
903 484 1054 545 caput
1082 473 1329 529 Somaron
1364 476 1501 543 ﬁlius
1542 476 1802 532 Romelite.

229 560 297 614 Et
335 562 376 616 si
406 579 506 616 non
546 564 891 631 credideritis,
937 581 1038 618 non
1086 564 1390 635 intelligetis.
1439 564 1643 619 Rursus
1685 580 1809 634 pro-

227 650 387 718 pheta
419 666 667 720 magnum
694 652 984 723 prophetiaa
1018 662 1383 723 argumentum
1409 652 1642 709 exhibet.
1675 653 1806 722 Quia

225 741 374 794 enim
427 740 583 794 timor
632 742 751 797 illos
791 743 1128 813 exagitabat,
1174 750 1228 796 et
1273 751 1396 797 ante
1440 744 1622 798 oculos
1670 744 1806 798 mala

226 839 418 892 erant,
454 830 592 885 bona
631 841 805 887 autem
846 833 897 887 in
932 847 1049 902 spe,
1090 834 1647 903 exspectationemque
1689 848 1808 887 om-

225 933 354 973 nem
397 922 723 990 superantia,
774 937 872 977 nec
911 922 1041 977 satis
1077 921 1278 977 creduli
1323 930 1477 978 erant
1516 922 1804 989 auditores,

222 1009 351 1064 vide
395 1012 520 1080 quid
556 1010 733 1068 faciat.
763 1012 862 1068 Dat
886 1014 1097 1082 signum
1138 1012 1425 1067 maximum
1468 1027 1652 1069 eorum
1688 1027 1808 1082 qua:

221 1112 487 1154 eventura
510 1110 682 1166 erant,
701 1102 920 1157 consilia
942 1101 1173 1157 hostium
1196 1102 1249 1156 in
1266 1103 1496 1157 medium
1517 1102 1804 1158 adducens.

226 1187 434 1243 Eorum
467 1204 693 1261 namque
718 1193 951 1246 animum
982 1193 1175 1261 aperit,
1203 1207 1309 1262 quo
1337 1192 1466 1247 moti
1495 1192 1678 1247 urbem
1706 1208 1807 1263 op-

223 1279 560 1348 pugnabant,
590 1290 644 1335 et
690 1282 813 1349 quid
845 1290 1027 1337 mutuo
1064 1283 1353 1353 colloquuti
1384 1292 1589 1347 essent,
1624 1294 1677 1339 et
1701 1300 1808 1355 quo

221 1380 387 1439 pacto
427 1371 558 1425 inito
620 1372 895 1438 redierint,
944 1374 1280 1443 ostenditque
1322 1383 1412 1429 aut
1455 1375 1805 1444 proditionem

218 1472 344 1512 esse
368 1458 418 1513 id
442 1459 581 1527 quod
601 1463 852 1530 agebatur
872 1462 1177 1533 (Colloquuti
1209 1463 1372 1527 enim,
1399 1479 1588 1529 mutuo,
1615 1466 1803 1536 inquit,

219 1566 341 1603 cum
373 1554 473 1620 ipsi
481 1572 517 1619 ο,
539 1569 621 1607 eos
648 1564 923 1607 avertemus
943 1555 1010 1607 ad
1031 1554 1176 1621 nos);
1204 1563 1295 1609 aut
1324 1556 1485 1610 multa
1506 1559 1804 1627 arrogantia

222 1640 373 1709 ipsos
425 1642 604 1700 ebrios
649 1657 807 1710 esse,
867 1644 1233 1700 existimantes
1283 1660 1351 1700 ne
1389 1647 1551 1701 armis
1592 1647 1802 1716 quidem

224 1731 359 1799 ipsis
388 1746 507 1785 esse
530 1746 683 1798 opus,
717 1747 887 1802 neque
911 1734 1026 1789 acie
1053 1746 1106 1789 et
1132 1733 1400 1800 conﬂictu,
1425 1746 1484 1790 ut
1511 1736 1696 1791 urbem
1718 1752 1805 1791 ca-

225 1831 441 1889 perent.
467 1820 609 1874 Satis
629 1830 709 1876 est
730 1862 746 1888 ,
776 1822 1017 1892 inquiunt
1049 1864 1066 1891 ,
1097 1823 1142 1878 si
1164 1824 1215 1878 in
1247 1836 1593 1895 conspectum
1619 1828 1801 1880 venia-

223 1927 347 1965 mus
402 1920 457 1966 et
512 1913 922 1983 colloquamur,
964 1923 1017 1969 et
1069 1929 1257 1970 omnes
1324 1916 1379 1970 in
1438 1917 1803 1985 captivitatem

220 2000 552 2056 abducentes
576 2002 929 2059 discedemus.
953 2003 1174 2071 Deinde,
1205 2014 1260 2060 ut
1282 2006 1454 2060 solent
1471 2016 1801 2076 arrogantes,

222 2090 327 2146 hac
352 2106 450 2160 spe
476 2091 638 2146 intlati
666 2093 732 2148 de
768 2108 892 2164 rege
919 2094 1290 2150 constituendo
1315 2096 1592 2150 consilium
1625 2098 1806 2153 ineunt

222 2183 376 2250 quasi
402 2183 511 2251 jam
538 2194 688 2253 capta
716 2185 848 2240 urbe
871 2225 885 2251 ,
919 2197 971 2242 et
1000 2201 1158 2257 quem
1190 2197 1433 2257 oporteat
1458 2189 1509 2244 in
1540 2199 1807 2259 metropo.

222 2274 316 2326 lim
346 2290 528 2344 regem
550 2277 875 2332 constituere
902 2279 1222 2333 consultant.
1272 2280 1347 2333 Eo
1379 2280 1430 2334 in
1462 2289 1602 2335 statu
1635 2296 1720 2336 res
1742 2283 1806 2337 il-

222 2365 403 2419 lorum
436 2376 608 2433 erant,
636 2369 804 2437 inquit
827 2386 841 2425 :
865 2385 983 2438 qua:
1012 2384 1140 2424 vero
1170 2370 1307 2425 Deus
1332 2371 1652 2427 moliebatur
1692 2373 1806 2428 haec

220 2457 407 2510 omnia
434 2456 502 2511 de
529 2458 706 2514 medio
734 2460 1080 2515 sustulerunt.
1110 2460 1314 2518 idcirco
1339 2462 1640 2530 subjunxit:
1674 2462 1801 2517 Hcce

221 2545 346 2598 dicit
375 2546 621 2601 Dominus
650 2564 668 2612 ;
698 2563 866 2619 neque
894 2549 978 2603 hic
1003 2551 1169 2617 stetit,
1201 2551 1292 2605 sed
1319 2551 1529 2619 adjecit,
1554 2551 1801 2606 Sabaoth.

222 2636 360 2689 Cum
387 2638 530 2690 enim
552 2637 724 2707 magni
756 2637 1024 2707 quidpiam
1046 2639 1455 2694 annuntiaturus
1478 2649 1579 2706 est,
1610 2650 1801 2709 poten-

224 2727 357 2781 tiam
392 2727 485 2782 Dei
513 2738 793 2792 memorat,
819 2744 1107 2798 supernum
1130 2745 1322 2800 nempe
1350 2746 1571 2800 regnum
1599 2774 1613 2796 ,
1644 2741 1804 2803 atque

223 2818 511 2886 imperium
544 2818 669 2872 illud
706 2833 954 2889 maguum
980 2835 1041 2875 ac
1080 2820 1418 2889 stupendum.
1447 2822 1584 2890 Quid
1629 2822 1805 2891 itaque

223 2910 300 2962 ait
322 2908 511 2963 Deus?
539 2908 661 2963 Non
698 2910 915 2964 manebit
951 2912 1215 2965 consilium
1244 2911 1337 2965 hoc
1360 2929 1515 2982 neque
1554 2914 1647 2967 erit
1672 2929 1690 2968 :
1715 2915 1804 2968 sed

220 3009 381 3067 caput
416 3000 575 3052 Aram
605 2999 903 3054 Damascus.
933 3000 1215 3070 imperium
1237 3002 1352 3070 ejus
1382 3042 1396 3067 ,
1429 3003 1499 3055 ait
1530 3043 1545 3068 ,
1571 3012 1803 3072 potestas

222 3090 365 3159 ejus.
393 3090 442 3144 in
470 3090 724 3145 Damaseo
751 3092 911 3146 stabit
951 3133 965 3157 ,
1002 3107 1100 3148 nec
1132 3093 1266 3146 ultra
1297 3093 1679 3162 progredietur.
1734 3094 1803 3147 Et

216 3191 378 3250 caput
411 3181 647 3235 Damasci
671 3183 848 3236 Rasin.
912 3184 973 3237 Et
1022 3184 1266 3252 princeps
1298 3184 1534 3238 Damasci
1563 3224 1581 3249 ,
1613 3185 1799 3252 inquit,

218 3281 386 3341 atque
413 3270 713 3325 dominator
739 3273 899 3327 Rasin
932 3272 1033 3327 erit
1066 3290 1081 3337 ;
1129 3271 1179 3325 id
1219 3279 1335 3339 est,
1387 3273 1438 3326 in
1482 3273 1547 3326 iis
1586 3287 1705 3342 quae
1733 3271 1800 3327 ad

219 3362 399 3430 ipsum
418 3361 685 3430 pertinent
706 3361 957 3426 manebit,
981 3376 1043 3416 ac
1064 3360 1315 3430 majorem
1331 3360 1429 3416 sibi
1457 3377 1563 3415 non
1588 3361 1801 3430 adjiciet

220 3451 538 3519 potentiam.
577 3449 640 3503 Et
669 3452 834 3504 adhuc
855 3451 1119 3521 sexaginta
1140 3460 1187 3505 et
1212 3452 1430 3521 quinque
1455 3452 1597 3519 anui,
1630 3461 1682 3506 et
1709 3451 1799 3506 de-

219 3542 358 3611 ﬁciet
385 3558 592 3613 regnum
616 3541 862 3611 Ephraim
886 3560 917 3595 α
938 3542 1146 3612 populo.

295 3635 352 3690 4.
383 3635 607 3690 Maxima
628 3636 863 3691 veritatis
890 3635 1298 3695 demonstratio.
1331 3634 1542 3705 quando
1563 3644 1801 3706 tempora

217 3723 520 3794 praedicunt
539 3724 838 3795 propheta},
866 3739 1051 3779 ansam
1084 3725 1380 3794 prmbentes
1406 3726 1470 3779 iis
1498 3726 1586 3795 qui
1615 3726 1801 3781 volunt

217 3814 535 3883 explorandi
583 3830 701 3869 cum
749 3814 1083 3870 aceuratione
1132 3816 1236 3869 vim
1290 3817 1601 3886 prophetia.
1648 3816 1799 3873 Nunc

217 3905 397 3969 enim,
431 3903 631 3973 inquit,
678 3903 964 3960 abscedent
989 3904 1057 3961 ab
1082 3904 1243 3970 urbe;
1287 3904 1381 3960 sed
1422 3914 1539 3975 post
1566 3906 1800 3977 quinque

216 4005 275 4050 et
302 3995 577 4064 sexaginta
607 4011 775 4050 annos
806 3996 1049 4051 universa
1079 4011 1210 4067 gens
1236 3996 1460 4066 peribit,
1499 4006 1552 4053 et
1578 4012 1797 4067 regnum

217 4085 385 4142 Israel
406 4086 472 4141 de
499 4086 672 4141 medio
698 4086 945 4151 tolletur;
973 4087 1039 4141 ab
1063 4086 1304 4141 hostibus
1328 4088 1605 4156 intercepti
1630 4086 1799 4141 abdu-

217 4185 412 4232 centur
440 4190 646 4231 omnes.
678 4176 829 4231 Nunc
855 4185 1001 4232 certe
1046 4185 1167 4230 ante
1194 4176 1456 4231 excidium
1511 4176 1636 4230 illud
1664 4175 1797 4231 nihil

216 4267 338 4337 plus
385 4266 685 4333 habebunt,
715 4281 874 4337 quam
914 4280 976 4321 ea
1003 4280 1121 4335 quze
1145 4279 1241 4319 sua
1282 4274 1426 4320 sunt.
1462 4264 1527 4321 Ut
1551 4280 1620 4320 ne
1653 4266 1794 4321 enim

214 4373 311 4414 rex
342 4356 567 4412 audiens
596 4372 688 4412 eos
715 4366 835 4428 post
868 4356 1138 4426 sexaginta
1178 4354 1410 4425 quinque
1447 4369 1614 4410 annos
1669 4369 1794 4425 per-

216 4451 393 4505 ituros
414 4463 555 4513 esse,
575 4449 711 4519 apud
732 4464 791 4504 se
810 4448 1047 4504 diceret:
1077 4446 1211 4514 Quid
1244 4445 1431 4517 igitur?
1448 4446 1793 4516 si,postquam

214 4554 315 4595 nos
345 4553 489 4594 nunc
516 4539 780 4609 ceperint,
829 4547 954 4593 tunc
1001 4537 1279 4609 peribunt,
1308 4552 1426 4607 quae
1475 4535 1600 4590 hinc
1642 4535 1794 4592 nobis

214 4630 461 4684 utilitas?
483 4629 731 4695 Conﬁde,
772 4630 972 4700 inquit,
1014 4628 1173 4685 etiam
1198 4628 1263 4683 de
1289 4626 1653 4697 praesentibus.
1690 4625 1792 4681 Ca-

208 4720 432 4786 pientur
455 4719 593 4771 enim
621 4728 744 4773 tunc
768 4719 1019 4782 omnino;
1047 4718 1141 4772 sed
1165 4731 1303 4771 nunc
1332 4717 1459 4771 nihil
1488 4717 1605 4785 plus
1636 4717 1795 4771 habe-

204 4814 350 4865 bunt
369 4850 384 4876 ,
411 4824 569 4879 quam
598 4809 648 4863 id
669 4810 807 4879 quod
830 4809 1044 4863 habent.
1076 4808 1180 4863 Sed
1210 4809 1309 4862 erit
1328 4817 1484 4877 caput
1515 4808 1787 4876 Ephraim,

214 4900 318 4955 hoc
350 4909 433 4953 est
469 4897 651 4953 decem
682 4899 910 4952 tribuum
931 4940 944 4961 ,
978 4896 1211 4953 Samaria
1241 4914 1255 4927 ο
1304 4898 1371 4951 ibi
1397 4897 1537 4952 enim
1582 4897 1789 4951 illorum

209 4993 365 5063 regia
405 4999 548 5055 erat;
580 4998 757 5044 etnon
780 4990 998 5044 ulterius
1028 4987 1375 5051 extendetur;
1409 4996 1463 5041 et
1490 4995 1648 5055 caput
1687 4986 1789 5041 Sa-

209 5087 399 5143 marize
428 5100 522 5141 rex
548 5083 730 5139 Israel.
762 5083 910 5150 Quod
938 5083 1005 5138 de
1037 5084 1362 5137 Damasceno
1393 5079 1603 5135 dicebat
1623 5119 1637 5143 ,
1688 5078 1789 5134 hoc

208 5179 375 5234 etiam
426 5176 515 5231 hic
554 5174 841 5246 signiﬁcat,
890 5189 1080 5243 nempe
1129 5172 1258 5228 nihil
1315 5172 1431 5242 plus
1479 5171 1784 5236 habituros,

208 5280 370 5336 quam
414 5278 554 5320 nunc
595 5263 872 5318 haberent.
922 5260 1158 5328 Deinde,
1210 5260 1331 5332 Quia
1373 5259 1533 5315 verba
1582 5258 1789 5313 dixerat

207 5356 493 5412 humanam
522 5353 787 5409 rationem
832 5353 1135 5421 superantia
1158 5392 1171 5417 ,
1202 5359 1256 5405 et
1294 5350 1533 5420 quamvis
1572 5347 1785 5403 ratioci-

204 5448 474 5503 nationem
505 5444 705 5502 seriem
747 5442 1086 5509 excedentia,
1114 5457 1231 5496 cum
1264 5442 1315 5496 id
1348 5441 1489 5512 quod
1513 5440 1786 5495 dicebatur

197 5538 472 5611 prophetia
500 5543 685 5599 esset,
712 5533 834 5603 jure
858 5531 1087 5602 adjecit:
1120 5530 1235 5585 Nisi
1260 5530 1594 5597 credideritis,
1628 5545 1783 5600 neque

195 5631 500 5705 intelligetis.
532 5627 616 5684 Ne
643 5638 887 5697 quaeras,
920 5622 1117 5693 inquit,
1143 5638 1248 5693 quo
1273 5621 1433 5677 modo
1471 5630 1525 5677 et
1550 5636 1653 5691 qua
1698 5635 1783 5674 ra-

187 5723 323 5783 tione
360 5724 483 5782 htec
514 5720 707 5777 futura
737 5714 844 5774 sint
874 5730 889 5771 :
918 5713 1058 5772 Deus
1096 5713 1237 5771 enim
1266 5720 1348 5769 est
1377 5711 1463 5783 qui
1495 5719 1775 5783 operatur,

3413 378 3487 431 82

1911 478 2126 544 solaque
2151 475 2254 531 ﬁde
2286 490 2419 547 opus
2446 477 2538 533 tibi
2560 483 2673 544 est,
2703 485 2756 533 et
2786 477 3041 549 intelliges
3070 481 3339 551 operantis
3368 482 3481 537 vir-

1912 576 2111 634 tatem;
2142 568 2647 625 demonstrationem
2685 586 2895 626 omnem
2923 587 3077 640 supra
3102 572 3360 627 dictorum
3389 589 3479 629 ac-

1911 662 2115 731 cepisti.
2143 662 2267 717 Ideo
2297 662 2459 717 David
2484 663 2739 732 propheta
2768 663 2979 719 dicebat
3007 682 3021 719 :
3052 663 3484 738 Credidi,pr0pter

1911 750 2044 819 quod
2071 750 2306 818 loquutus
2325 768 2434 805 sum
2460 753 2629 822 (Psal.
2658 754 2779 809 115.
2811 754 2921 823 10).
2950 754 3019 809 Et
3043 754 3239 809 Paulus
3266 756 3361 810 hac
3389 772 3479 811 ar-

1911 847 2059 907 repta
2081 838 2330 907 dictione,
2346 856 2377 896 e
2397 856 2453 896 re
2470 842 2611 896 illam
2634 842 2699 897 ad
2728 857 2814 897 res
2828 844 3055 913 majores
3078 844 3235 899 traxit
3252 844 3436 900 dicens
3459 864 3474 900 :

1914 926 2164 983 [labentes
2192 940 2358 985 autem
2398 932 2627 986 eumdem
2656 933 2903 1002 Spiritum
2945 934 3097 1004 ﬁdei,
3118 936 3391 989 secundum
3423 936 3480 989 id

1910 1022 2042 1089 quod
2061 1022 2297 1091 scriptum
2322 1032 2413 1088 est,
2442 1023 2678 1091 Credidi,
2701 1034 2900 1094 propter
2924 1025 3058 1095 quod
3083 1024 3315 1096 loquutus
3342 1040 3474 1091 sum,

1912 1118 1958 1161 et
1977 1125 2067 1164 nos
2109 1112 2374 1177 credimus,
2405 1122 2610 1183 prapter
2636 1114 2771 1182 quod
2796 1123 2845 1167 et
2885 1113 3130 1185 loquimur
3156 1114 3235 1184 (2.
3274 1114 3392 1168 Cor.
3418 1114 3476 1169 ι.

1912 1197 2025 1263 15).
2046 1198 2176 1253 Nam
2202 1201 2245 1254 si
2270 1209 2448 1255 vetera
2478 1201 2581 1255 ﬁde
2621 1216 2753 1271 opus
2795 1202 3091 1265 habebant,
3123 1219 3240 1272 qua:
3272 1213 3478 1258 tantum

1910 1289 2104 1345 distant
2126 1291 2193 1346 ab
2218 1290 2280 1345 iis
2310 1306 2426 1361 qua:
2452 1292 2502 1345 in
2528 1307 2663 1346 nova
2690 1293 2806 1363 lege
2831 1302 2986 1360 sunt,
3017 1304 3265 1364 quantum
3285 1296 3475 1350 ciuium

1909 1396 1938 1433 a
1963 1390 2097 1436 terra
2119 1420 2134 1447 ,
2174 1382 2339 1435 multo
2382 1382 2548 1451 magis
2578 1391 2683 1436 tam
2721 1383 3022 1438 sublimium
3057 1383 3359 1453 dogmatum
3384 1399 3478 1439 co-

1908 1472 2095 1539 gnitio,
2126 1486 2243 1539 qua:
2274 1471 2324 1524 in
2355 1471 2549 1525 nullius
2576 1488 2824 1541 umquam
2849 1482 3077 1529 mentem
3108 1482 3383 1529 venerunt.
3420 1475 3476 1530 Id

1909 1560 2049 1629 quod
2068 1571 2121 1614 et
2147 1561 2259 1629 ipse
2294 1560 2593 1631 signiﬁcans
2627 1564 2872 1618 dicebat:
2905 1565 3032 1631 Quae
3055 1565 3233 1620 oculus
3270 1582 3370 1620 non
3396 1567 3475 1619 vi-

1908 1652 2014 1715 dit,
2046 1660 2090 1705 et
2109 1654 2249 1706 auris
2276 1670 2375 1707 non
2419 1654 2638 1720 audiuit,
2666 1664 2710 1706 et
2735 1656 2785 1707 in
2814 1672 2900 1708 cor
2925 1656 3140 1711 hominis
3178 1673 3278 1710 non
3301 1674 3479 1711 ascen-

1907 1744 2119 1812 derunt,
2150 1762 2261 1812 qua
2290 1747 2591 1816 praeparavit
2614 1746 2748 1800 Deus
2769 1748 3088 1818 diligentibus
3107 1763 3161 1800 se
3188 1748 3263 1816 (1.
3279 1747 3398 1802 Cor.
3417 1748 3475 1801 2.

1908 1836 1985 1904 9).
2019 1836 2103 1890 10.
2134 1837 2200 1890 Et
2223 1838 2405 1907 adjecit
2436 1838 2679 1891 Dominus
2708 1839 2841 1906 loqui
2868 1838 2935 1890 ad
2958 1838 3125 1890 Acha:
3145 1838 3314 1891 dicens
3336 1853 3355 1891 :
3385 1839 3474 1893 11.

1910 1925 2032 1979 Pete
2059 1927 2143 1979 tibi
2170 1928 2367 1997 signum
2386 1944 2418 1981 a
2447 1927 2664 1981 Domino
2693 1927 2796 1981 Deo
2826 1938 2910 1981 tuo
2936 1929 2988 1980 in
3010 1926 3317 1997 profundum
3336 1966 3352 1990 ,
3376 1927 3477 1981 sive

1907 2018 1957 2071 in
1975 2019 2238 2073 excelsum.
2261 2020 2346 2073 l2.
2391 2018 2458 2073 Et
2503 2019 2630 2072 dixit
2668 2019 2873 2071 Achas:
2904 2017 3024 2072 Non
3064 2027 3257 2087 petam,
3290 2027 3337 2071 et
3376 2034 3477 2071 non

1909 2112 2102 2166 tentabo
2131 2112 2426 2166 Dominum.
2478 2114 2562 2168 I3.
2610 2111 2675 2165 Et
2698 2113 2822 2167 dixit
2859 2112 3025 2167 Isaias
3052 2127 3071 2165 :
3099 2112 3281 2166 Audite
3322 2127 3471 2181 ergo,

1907 2203 2083 2256 domus
2121 2202 2286 2256 David
2318 2217 2337 2257 :
2364 2201 2624 2272 Numquid
2652 2219 2830 2272 parum
2869 2202 3003 2256 vobis
3029 2210 3121 2267 est,
3154 2217 3362 2271 agonem
3383 2217 3476 2255 ea:-

1908 2291 2073 2346 hibere
2099 2292 2420 2346 hominibus?
2464 2292 2525 2345 Et
2552 2309 2643 2345 cur
2684 2291 2900 2345 Domino
2947 2290 3185 2345 ethibetis
3224 2288 3477 2358 agonem!

1907 2382 1993 2435 14.
2028 2381 2241 2452 Propter
2268 2383 2360 2436 hoc
2381 2381 2517 2435 dabit
2543 2381 2786 2434 Dominus
2815 2382 2919 2449 ipse
2944 2380 3076 2435 vobis
3096 2381 3313 2450 signum.
3342 2378 3476 2431 Ecce

1906 2475 2044 2543 virgo
2070 2474 2120 2527 in
2163 2482 2303 2526 utero
2341 2474 2549 2540 accipiet
2573 2482 2619 2525 et
2664 2474 2823 2540 pariet
2874 2472 3033 2539 [ilium
3065 2485 3084 2521 :
3113 2479 3159 2522 et
3188 2469 3472 2522 vocabunt‘

1906 2579 2084 2615 nomen
2110 2563 2216 2632 ejus
2243 2561 2564 2614 Emmanuel.
2603 2561 2761 2615 Multa
2791 2560 2878 2613 Dei
2908 2559 3229 2628 indulgentia
3248 2598 3265 2624 ,
3298 2557 3473 2627 ingra«

1907 2654 2138 2708 tissimus
2183 2661 2264 2707 est
2290 2653 2428 2722 regis
2464 2653 2691 2706 animus.
2720 2650 3006 2718 Oportebat
3040 2650 3182 2704 enim
3225 2663 3472 2702 eumiau-

1906 2743 2017 2797 dito
2046 2743 2298 2813 propheta
2317 2784 2332 2805 ,
2362 2742 2427 2796 de
2466 2742 2619 2795 dictis
2646 2740 2773 2794 nihil
2798 2739 3037 2794 dubitare
3066 2756 3080 2793 :
3110 2736 3251 2808 quod
3288 2738 3333 2793 si
3376 2736 3473 2792 du-

1906 2834 2137 2899 bitabat,
2178 2833 2362 2889 saltem
2404 2833 2515 2886 viso
2558 2832 2708 2900 signo
2744 2830 2999 2897 credere,
3040 2828 3179 2899 quod
3232 2828 3472 2898 plerique

1906 2925 2041 2994 apud
2062 2924 2273 2979 Judaeos
2319 2922 2574 2977 iecerunt.
2605 2921 2812 2976 Etenim
2864 2921 3001 2975 Deus
3046 2920 3302 2989 benignus
3347 2934 3470 2975 cum

1904 3018 2008 3083 sit,
2038 3033 2141 3070 non
2176 3016 2437 3071 recusavit
2470 3028 2612 3082 saepe
2641 3014 2787 3083 signa
2831 3013 3069 3083 praebere
3118 3011 3469 3067 crassioribus

1904 3116 1958 3161 et
1980 3106 2123 3159 humi
2172 3104 2477 3173 repentibus
2527 3113 2785 3171 temeque
2812 3101 2983 3156 afﬁxis
3028 3116 3043 3155 :
3098 3109 3154 3154 ut
3201 3100 3325 3154 fecit
3365 3100 3470 3155 Ge-

1903 3195 2059 3251 de0ni
2113 3194 2209 3264 (α).
2260 3194 2392 3248 Cum
2440 3193 2579 3248 enim
2625 3191 2851 3263 (Achaz)
2902 3198 3045 3246 esset
3087 3190 3378 3259 imperitior
3414 3200 3469 3245 et

1902 3283 2184 3339 admodum
2224 3283 2404 3346 rudis,
2436 3282 2555 3337 vide
2597 3296 2701 3351 quo
2748 3282 2885 3335 Deus
2928 3295 2984 3335 se
3013 3279 3300 3335 demiserit.
3351 3278 3468 3349 Ipse

1903 3376 2048 3431 illum
2074 3376 2320 3440 attrahit,
2347 3385 2400 3431 et
2426 3374 2664 3429 hortatur
2693 3384 2751 3427 ut
2778 3373 2985 3443 signum
3016 3380 3157 3441 petat
3186 3393 3198 3428 :
3232 3373 3328 3427 etsi
3360 3387 3465 3427 non

1904 3487 2122 3543 parvum
2161 3471 2261 3526 hoc
2288 3472 2493 3541 signum
2519 3479 2666 3533 erat,
2692 3468 2804 3536 ejus
2834 3483 3021 3522 arcana
3050 3465 3293 3536 prodere,
3322 3466 3469 3534 ejus-

1902 3577 2007 3633 que
2047 3562 2363 3617 sententiam
2394 3570 2555 3615 totam
2586 3560 2636 3613 in
2687 3558 2919 3613 medium
2952 3556 3277 3626 producere,
3316 3565 3371 3610 et
3398 3556 3471 3609 si-

1903 3652 2245 3708 mulationem
2289 3651 2403 3721 ejus
2442 3665 2651 3705 omnem
2683 3648 2950 3718 detegere.
3001 3645 3132 3713 Quia
3160 3645 3301 3699 enim
3347 3659 3470 3712 pro-

1904 3741 2060 3813 pheta
2088 3740 2316 3806 dicebat,
2346 3739 2465 3794 Pete
2484 3739 2570 3792 tibi
2586 3741 2804 3809 signum,
2831 3737 2919 3791 ille
2940 3749 3067 3790 vero
3096 3748 3154 3789 se
3182 3732 3468 3787 admodum

1901 3832 2119 3888 credere
2149 3831 2402 3886 simulans
2428 3822 2933 3899 respondebat,Non
2952 3833 3135 3892 petam,
3168 3831 3332 3876 etnon
3362 3830 3470 3875 ten-

1902 3922 2016 3976 tabo
2044 3919 2335 3984 Dominum,
2367 3918 2483 3973 vide
2500 3932 2621 3972 cum
2638 3921 2831 3985 quanta
2851 3910 3181 3967 vehementia
3210 3909 3466 3980 propheta

1900 4011 2189 4067 sectionem
2234 4007 2426 4078 iniligat
2451 4047 2466 4073 ,
2494 4006 2613 4075 jure
2642 4012 2761 4073 post
2784 4002 3196 4057 demonstratam
3246 3999 3469 4054 simula-

1899 4100 2092 4154 tionem
2137 4097 2345 4167 gravius
2384 4097 2647 4149 intentans
2671 4092 2892 4147 crimen.
2920 4089 3044 4145 ldeo
3084 4090 3230 4143 illum
3273 4103 3341 4142 ne
3380 4104 3469 4142 re-

1898 4190 2182 4260 sponsione
2197 4187 2404 4258 quidem
2421 4186 2685 4256 dignatur,
2709 4182 2800 4238 sed
2821 4182 2884 4237 ad
2904 4182 3153 4253 populum
3167 4195 3468 4237 sermonem

1896 4280 2157 4336 convertit
2189 4296 2202 4332 :
2232 4277 2615 4337 Audite,domus
2644 4273 2847 4327 David:
2878 4271 3141 4340 Numquid
3170 4286 3350 4339 parum
3374 4286 3465 4321 vo-

1898 4371 1971 4425 bis
1999 4380 2102 4435 est,
2142 4383 2351 4439 agonem
2392 4365 2610 4435 pra'bere
2647 4361 2967 4417 hominibus?
3005 4359 3073 4411 Et
3118 4375 3207 4410 cur
3247 4356 3468 4411 Domino

1896 4478 2103 4531 agonem
2130 4459 2394 4528 prwbetis?
2419 4457 2710 4512 Obscurum
2736 4462 2817 4507 est
2842 4451 2894 4505 id
2922 4448 3061 4520 quod
3083 4448 3275 4502 dicitur
3302 4464 3315 4501 :
3345 4448 3467 4502 ideo

1895 4550 2093 4605 dictum
2123 4550 2249 4603 illud
2296 4554 2541 4603 accurate
2570 4556 2650 4599 est
2698 4540 3091 4610 explicandum.
3124 4537 3275 4605 Quod
3322 4537 3466 4592 enim

1893 4642 2048 4704 dicit,
2073 4640 2175 4694 hoc
2198 4650 2278 4693 est
2308 4637 2479 4693 :Num
2509 4650 2626 4690 mea
2653 4634 2812 4689 verba
2841 4631 3003 4688 sunt?
3032 4645 3156 4685 num
3183 4644 3300 4684 mea
3339 4643 3467 4684 sen-

1896 4731 2093 4787 tentia?
2129 4728 2184 4785 Si
2221 4736 2397 4783 autem
2442 4725 2745 4781 hominibus
2769 4738 2874 4778 non
2918 4722 3137 4777 credere
3162 4721 3278 4775 sine
3306 4734 3465 4774 causa

1891 4836 2049 4891 grave
2076 4830 2128 4875 et
2150 4817 2517 4875 criminatione
2559 4816 2775 4887 dignum
2802 4823 2913 4879 est,
2943 4813 3108 4866 multo
3133 4811 3298 4880 magis
3329 4809 3461 4863 Deo.

1891 4915 2024 4969 illud
2056 4916 2233 4984 igitur,
2259 4926 2484 4983 agonem
2530 4909 2805 4980 praebere,
2845 4906 2974 4961 nihil
3003 4902 3143 4957 aliud
3171 4909 3255 4955 est
3301 4913 3461 4969 quam

1892 5008 2049 5063 ﬁdem
2078 5021 2287 5075 negare.
2321 5005 2464 5069 Hoc,
2493 5001 2695 5071 inquit,
2720 5012 2843 5053 num
2874 5009 3091 5066 parvum
3121 4992 3322 5046 crimen
3343 4988 3461 5045 est?

1891 5116 1955 5153 an
1988 5115 2140 5168 parva
2162 5095 2544 5153 criminationis
2569 5106 2725 5148 causa
2752 5087 3052 5143 hominibus
3070 5099 3173 5139 non
3198 5080 3464 5138 credere?

1892 5190 2042 5256 Quod
2068 5190 2112 5244 si
2140 5190 2238 5245 hoc
2262 5203 2449 5260 grave,
2482 5184 2647 5239 multo
2679 5180 2844 5249 magis
2874 5192 2980 5232 non
3000 5174 3220 5232 credere
3252 5173 3384 5230 Deo.

1952 5330 1969 5359 ι
2007 5326 2063 5376 In
2080 5326 2239 5375 Bibliis
2260 5324 2457 5386 legitur,
2480 5325 2525 5370 et
2545 5315 2749 5369 vocabis.

1952 5410 2023 5471 (a)
2057 5412 2137 5457 Hic
2150 5409 2350 5471 omnino
2388 5411 2609 5465 putamus
2651 5397 2828 5471 aliquid
2850 5392 3459 5471 namquid!

1890 5454 2305 5520 int‘tii'tuﬁvidentur
2322 5454 2377 5517 ea
2389 5454 2508 5526 'qua:
2537 5454 2806 5523 sequuntur
2837 5458 2902 5526 d_e
2944 5458 3173 5526 gpdeone
3204 5454 3314 5509 dici,
3346 5463 3458 5526 qum

1885 5517 2048 5581 iamen
2066 5531 2129 5577 de
2151 5517 2333 5575 Achaeo
2349 5517 2587 5588 dic'untur.
2612 5517 2777 5588 Reque
2799 5517 3325 5588 solet_Chrysostomus,
3344 5524 3457 5588 cum

1886 5578 2109 5652 exempla
2131 5588 2285 5652 affert,
2310 5586 2463 5652 m_hic
2481 5578 2721 5652 οφάθοιξίέ
2736 5578 3458 5652 ,βκεφριυιιξὴεἱεινεξιςῖξξεὶίξέ

1884 5632 2459 5707 iiié'iiii'éiej‘iiiiiio'aiai
2500 5632 2641 5708 signo
2669 5632 2917 5694 indicante'
2942 5632 3069 5701 quod
3102 5632 3183 5685 vel
3220 5632 3367 5697 quale
3388 5637 3456 5685 sit

1887 5713 2002 5764 illud
2028 5709 2321 5773 exemplum.
