4152 6472
695 398 768 453 83
1404 389 1461 446 S.
1498 383 1776 444 JOANNIS
1811 376 2277 441 CHRYSOSTOMI
2316 374 2634 433 ARCllIEP.
2671 373 3204 434 CONSTANTINOP.
3903 390 3969 443 84

765 506 820 562 5.
863 505 975 560 IIoe
1019 517 1179 575 porro
1224 500 1452 568 dicebat,
1485 509 1542 554 ut
1588 498 1855 553 discerent
1903 508 2108 556 omnes,
2141 506 2270 562 pro-

692 598 909 669 phetam
937 595 1107 666 decipi
1137 609 1241 649 non
1270 607 1448 662 posse,
1476 605 1575 646 nec
1618 606 1647 644 a
1690 586 1886 653 verbis,
1909 600 2028 654 quae
2071 582 2272 654 prolata

691 691 924 758 inerant,
977 689 1256 759 deceptum
1302 701 1442 753 esse,
1473 684 1567 741 sed
1617 683 1685 737 ab
1728 681 1810 743 iis,
1842 693 1960 749 qua:
1999 677 2050 731 in
2096 684 2273 730 mente

692 782 891 837 Aehazi
939 789 1119 846 erant,
1155 779 1359 834 ferebat
1403 774 1742 832 sententiam.
1771 770 1884 825 Hoc
1926 777 1978 823 et
2001 767 2273 821 Christum

689 887 834 940 smpe
873 870 1063 926 fecisse
1093 871 1145 924 in
1174 871 1471 939 EVﬂﬂgCllui
1502 865 1714 936 legitur.
1744 861 1896 916 Prius
1932 859 2072 915 enim
2115 869 2272 927 quam

691 961 1200 1018 demonstrationem
1247 974 1312 1013 ex
1367 957 1531 1027 Signis
1577 953 1861 1025 praeberet,
1891 947 2144 1004 malitiam
2175 945 2273 1002 Ju-

689 1051 952 1118 dzeorum,
981 1067 1137 1121 quam
1179 1058 1355 1103 mente
1390 1046 1694 1109 versabant,
1736 1042 1789 1097 in
1821 1040 2052 1096 medium
2092 1037 2269 1108 prole-

688 1156 832 1205 rens,
869 1140 970 1195 hoc
995 1140 1106 1210 jam
1149 1153 1255 1192 non
1296 1151 1514 1206 parvum
1546 1136 1754 1204 signum
1790 1130 2020 1186 edebat:
2062 1136 2121 1182 ut
2151 1126 2274 1181 fecit

688 1232 828 1285 circa
859 1231 1230 1301 paralyticum.
1273 1227 1406 1282 Cum
1439 1225 1582 1281 enim
1630 1224 1706 1278 illi
1745 1221 1963 1276 dixisset
1992 1234 2006 1274 :
2038 1217 2267 1284 Con/ide,

690 1322 786 1390 ﬁli,
808 1322 1127 1374 dimittuntur
1155 1317 1243 1372 tibi
1271 1327 1494 1388 peccata,
1520 1315 1726 1385 ipsique
1742 1311 1982 1367 dicerent
2002 1309 2052 1363 in
2076 1315 2272 1363 semct-

693 1414 842 1482 ipsis,
890 1411 1216 1481 Blasphemat
1247 1408 1456 1480 (Matth.
1486 1407 1541 1463 9.
1570 1406 1625 1460 2.
1658 1405 1712 1469 3)
1747 1422 1760 1457 :
1804 1401 1935 1456 dixit
1963 1400 2064 1455 illis
2095 1399 2271 1468 prius-

688 1519 846 1574 quam
877 1502 1228 1574 paralyticum
1260 1500 1538 1554 roboraret
1567 1516 1580 1552 :
1626 1493 1764 1563 Quid
1789 1492 2019 1566 cegitatis
2048 1491 2185 1545 mala
2220 1490 2272 1544 in

688 1593 924 1646 cordibus
950 1591 1122 1645 uestris
1149 1589 1310 1660 (Ibid.
1341 1606 1387 1643 υ.
1412 1588 1508 1659 t)?
1557 1586 1842 1641 maximum
1885 1583 1987 1638 hoc
2030 1580 2273 1651 praebens

688 1682 982 1737 divinitatis
1009 1680 1282 1747 indicium,
1319 1679 1460 1750 quod
1488 1691 1678 1733 arcana
1723 1674 1918 1730 mentis
1960 1678 2162 1728 nosset.
2198 1670 2274 1724 Tu

688 1772 844 1839 enim,
875 1770 1066 1842 inquit,
1112 1771 1245 1824 nosti
1287 1770 1440 1823 corda
1485 1770 1621 1825 solus
1671 1767 1747 1838 (3.
1777 1765 1906 1836 Reg.
1955 1763 2007 1819 8.
2059 1761 2176 1834 39).
2206 1761 2275 1815 Et

691 1862 856 1918 David
878 1877 1062 1918 rursus
1081 1863 1154 1917 ait
1169 1864 1184 1894 ‘
1212 1880 1225 1917 :
1252 1862 1496 1918 Scrutans
1521 1859 1677 1915 corda
1698 1868 1745 1914 et
1766 1874 1907 1913 renes
1934 1856 2068 1912 Deus
2097 1854 2269 1924 (Psal.

690 1953 745 2007 7.
771 1953 879 2025 l0).
908 1953 1022 2008 Hoc
1050 1953 1213 2008 etiam
1242 1951 1514 2023 prophetis
1540 1964 1683 2020 smpe
1711 1949 1871 2005 dabat
1895 1948 2036 2003 Deus
2064 1955 2124 2001 ut
2149 1961 2274 2001 nos«-

688 2053 848 2111 sent,
881 2044 1053 2114 utqui
1085 2043 1374 2099 audiebant
1418 2043 1543 2098 hinc
1568 2041 1888 2108 ediscerent,
1925 2038 2057 2094 nihil
2085 2054 2269 2094 eorum

688 2141 807 2204 Qua:
849 2135 1154 2191 dicebantur
1203 2137 1491 2190 humanum
1521 2149 1661 2200 esse,
1689 2131 1784 2188 sed
1829 2146 2059 2203 superne
2102 2137 2156 2187 et
2204 2131 2271 2187 de

687 2225 831 2280 ezelis
858 2241 1019 2282 omne
1048 2226 1324 2282 decretum
1371 2241 1490 2281 esse
1528 2225 1783 2280 delatum.
1825 2222 1949 2278 Ideo
1995 2222 2271 2278 vocalissi-

690 2330 809 2371 mus
838 2315 923 2372 hic
963 2317 1127 2372 Isaias
1153 2325 1434 2388 postquam
1464 2330 1588 2371 cum
1613 2314 1759 2369 omni
1786 2313 2150 2368 moderatione
2187 2327 2272 2367 re-

687 2421 808 2478 gem
851 2414 967 2462 erat
989 2407 1314 2477 alloquutus,
1339 2421 1566 2477 eumque
1595 2421 1624 2459 a
1653 2405 1806 2460 malis
1847 2405 2182 2467 liberaverat,
2208 2417 2270 2458 ac

687 2499 758 2554 de
789 2501 1137 2570 prmsentibus
1164 2499 1436 2556 conlidere
1452 2499 1704 2570 jnsserat,
1743 2507 1796 2553 et
1831 2498 2020 2553 indicia
2048 2497 2270 2567 hujusce

688 2590 767 2644 rei
799 2590 897 2661 ipsi
928 2591 1261 2661 prcebuisset,
1293 2591 1432 2662 quod
1462 2591 1740 2646 consilium
1773 2603 1831 2644 se
1857 2590 2270 2660 oppugnantium

687 2681 790 2750 ipsi
832 2683 1153 2752 aperuisset,
1186 2683 1540 2752 proditionem
1568 2682 1874 2746 detexisset,
1904 2681 2272 2750 excidiumque

687 2770 951 2840 integrum
978 2770 1192 2826 Israelis
1227 2771 1575 2842 praedixisset,
1608 2779 1661 2824 et
1704 2779 1912 2839 tempus
1947 2770 2266 2838 adjecisset:

691 2858 774 2914 his
803 2877 906 2915 non
930 2869 1232 2926 contentus,
1256 2859 1481 2916 ulterius
1508 2859 1861 2932 progreditur,
1882 2875 2053 2929 neque
2078 2860 2270 2914 insistit

691 2961 750 3008 ut
778 2954 985 3024 signum
1026 2954 1279 3024 postulet,
1311 2953 1602 3021 sedilium,
1631 2952 1701 3009 ob
1735 2954 1955 3008 nimiam
1986 2953 2270 3008 increduli-

691 3054 854 3101 tatem
901 3046 950 3099 id
1001 3047 1294 3113 nolentem,
1325 3047 1593 3112 hortatur;
1640 3059 1813 3115 neque
1853 3044 1907 3099 id
1937 3044 2267 3114 simpliciter,

687 3138 785 3193 sed
837 3138 1058 3193 liberam
1107 3148 1423 3209 potestatem
1476 3139 1684 3209 signum
1725 3137 1954 3208 eligendi
1999 3136 2266 3207 relinquit.

692 3228 875 3298 Neque
921 3229 1063 3283 enim
1109 3229 1264 3299 dicit,
1287 3231 1392 3286 hoc
1421 3229 1505 3284 vel
1556 3227 1682 3285 illud
1713 3228 1942 3298 signum,
1971 3226 2064 3282 sed
2094 3235 2152 3281 ut
2179 3242 2272 3282 vo-

688 3319 886 3385 lueris,
931 3321 1039 3386 ait;
1090 3320 1239 3375 dives
1265 3329 1352 3377 est
1392 3321 1665 3388 Dominus,
1699 3321 2036 3389 omnipotens
2081 3320 2268 3387 virtus,

689 3407 977 3462 ineli'abilis
1004 3419 1263 3478 potestas.
1295 3408 1350 3461 Si
1376 3423 1440 3462 ex
1467 3409 1613 3462 caelis
1654 3410 1904 3474 volueris,
1939 3408 2064 3462 nihil
2106 3409 2273 3479 impe-

686 3497 805 3562 dit;
853 3497 898 3552 si
946 3512 1012 3552 ex
1046 3507 1206 3563 terra,
1235 3497 1364 3551 nihil
1412 3498 1675 3565 prohibet.
1723 3498 1777 3552 Id
1821 3499 1964 3552 enim
2014 3498 2113 3553 sibi
2160 3499 2274 3554 vult

687 3589 840 3655 illud,
869 3589 934 3644 In
955 3591 1286 3661 profundum,
1318 3600 1406 3644 aut
1434 3591 1485 3644 in
1516 3592 1783 3644 excelsum.
1815 3589 1944 3644 Cum
1971 3599 2146 3644 autem
2175 3604 2272 3645 nec

687 3682 766 3735 sic
811 3697 934 3736 eum
987 3682 1288 3748 adduxerit,
1319 3698 1386 3736 ne
1434 3680 1520 3736 hic
1567 3681 1780 3752 quidem
1833 3680 2012 3744 tacuit,
2041 3678 2135 3735 sed
2180 3693 2270 3734 re-

692 3769 1048 3838 prehensione
1076 3771 1376 3840 subjuncta,
1407 3771 1563 3840 idque
1605 3770 1668 3825 ad
1708 3769 2130 3825 emendationem
2178 3783 2272 3823 au-

689 3862 906 3926 dientis,
922 3872 973 3916 ct
999 3871 1054 3916 ut
1079 3863 1385 3918 ostenderet
1406 3878 1463 3918 se
1490 3878 1593 3918 non
1622 3863 1765 3918 illum
1788 3861 2077 3933 decepisse,
2099 3876 2272 3932 neque

689 3953 1108 4008 circumvenisse
1135 3954 1336 4021 verbis,
1383 3954 1714 4025 prophetiam
1757 3954 1958 4009 revelat
2003 3965 2265 4020 arcanam,

688 4044 740 4097 in
768 4044 995 4098 salutem
1017 4045 1162 4099 orbis
1185 4045 1435 4112 futuram,
1461 4055 1512 4100 et
1542 4045 1593 4100 in
1622 4060 1800 4101 rerum
1831 4044 2066 4099 omnium
2092 4057 2272 4099 emen-

689 4133 962 4188 dationem
989 4153 1000 4187 :
1030 4137 1209 4204 aitque
1239 4137 1446 4206 signum
1485 4153 1590 4190 non
1615 4135 1866 4206 deinceps
1896 4135 2009 4190 dari
2038 4136 2270 4200 Achazo,

688 4223 781 4278 sed
811 4223 908 4278 toti
953 4223 1260 4278 Judacorum
1298 4225 1510 4294 populo.
1547 4225 1701 4280 Initio
1724 4226 1862 4280 enim
1894 4226 2064 4295 ipsum
2095 4240 2270 4295 regem

689 4310 1092 4383 alloquebatur;
1143 4317 1263 4384 quia
1309 4331 1435 4370 vero
1476 4331 1533 4369 se
1576 4317 1688 4383 ipse
1719 4316 1988 4385 indignum
2020 4315 2268 4381 reddidit,

693 4406 896 4460 turbam
922 4406 1103 4475 populi
1132 4407 1442 4474 alloquitur.
1474 4406 1616 4470 Ideo,
1639 4405 1824 4473 inquit,
1853 4404 1988 4457 dabit
2015 4420 2118 4458 non
2156 4405 2268 4470 tibi,

690 4494 782 4548 sed
811 4495 946 4548 vobis
975 4497 1192 4566 signum.
1234 4495 1405 4560 Vobis,
1432 4495 1781 4565 quibusnam?
1827 4494 1895 4548 Iis
1939 4495 2026 4563 qui
2054 4502 2175 4548 sunt
2218 4494 2269 4548 in

689 4583 850 4638 domo
900 4587 1086 4640 David.
1147 4588 1356 4642 Etenim
1416 4588 1562 4642 illine
1610 4587 1817 4656 signum
1867 4595 2107 4640 exortum
2166 4594 2267 4641 est.

687 4673 967 4740 Quodnam
1000 4675 1158 4743 igitur
1182 4686 1261 4728 est
1291 4677 1532 4745 signum?
1565 4676 1696 4730 Ecce
1717 4677 1852 4746 virgo
1879 4676 1930 4728 in
1963 4685 2102 4728 utero
2140 4676 2272 4727 acci-

688 4766 807 4836 piet,
837 4774 884 4817 et
929 4765 1088 4833 pariet
1118 4764 1301 4831 ﬁlium,
1332 4775 1376 4816 ct
1405 4769 1646 4819 vocabunt
1689 4783 1869 4819 nomen
1911 4767 2019 4836 ejus
2059 4765 2271 4819 Emma-

690 4857 829 4911 nuel.
864 4855 1287 4920 Observandum,
1309 4855 1358 4908 id
1387 4856 1524 4924 quod
1558 4865 1611 4909 et
1635 4865 1757 4910 ante
1778 4857 1907 4922 dixi,
1934 4872 2036 4912 non
2060 4857 2272 4912 Achazo

687 4949 870 5003 datum
906 4947 1067 5001 fuisse
1096 4947 1323 5015 signum.
1349 4945 1499 5012 Quod
1530 4954 1707 4999 autem
1736 4945 1786 4999 id
1828 4963 1932 5000 non
1977 4963 2042 5001 ex
2086 4947 2271 5017 conje-

687 5050 836 5095 ctura
884 5039 1108 5104 dicatur,
1144 5039 1255 5107 ipse
1302 5037 1557 5106 propheta
1590 5037 1887 5106 objurgavit
1924 5046 1980 5091 et
2007 5039 2271 5092 accusavit

688 5133 912 5186 dicens:
948 5128 1213 5200 Numquid
1239 5145 1418 5199 parum
1445 5130 1577 5182 vobis
1609 5138 1678 5182 est
1702 5145 1911 5198 agonem
1934 5129 2152 5196 praebere
2182 5129 2272 5181 Ito-

687 5220 906 5275 minibus
923 5221 949 5273 ?
975 5231 1027 5275 et
1053 5221 1280 5290 adjecit:
1312 5219 1435 5273 Ideo
1462 5220 1598 5272 dabit
1625 5219 1870 5272 Dominus
1895 5220 2027 5272 vobis
2047 5219 2266 5288 signum.

688 5310 821 5364 Ecce
850 5311 989 5380 virgo
1023 5314 1074 5364 in
1106 5322 1246 5366 utero
1287 5313 1502 5366 habebit.
1530 5311 1584 5366 Si
1629 5321 1804 5365 autem
1833 5311 1980 5379 virgo
2010 5323 2112 5364 non
2144 5310 2272 5364 luis-

690 5409 792 5470 set,
826 5403 1034 5471 signum
1084 5417 1190 5455 non
1218 5413 1351 5456 crat.
1391 5403 1609 5473 Signum
1661 5402 1801 5457 enim
1851 5415 2024 5456 rerum
2076 5400 2267 5455 seriem

748 5512 765 5541 ί
803 5518 924 5580 Reg.
947 5517 998 5561 et
1020 5510 1249 5580 Savtl.,.et
1274 5512 1643 5580 Paulusrursus
1665 5511 1749 5562 ait.
1793 5511 2050 5580 Morel.__et
2084 5517 2266 5570 Bavar.,

683 5577 727 5621 et
770 5571 924 5623 David
950 5585 1120 5635 rursus
1142 5571 1227 5629 ait,
1276 5580 1326 5635 et
1357 5574 1426 5622 sic
1450 5573 1572 5635 legit
1605 5575 1870 5635 Interpres.
1899 5572 2064 5622 Melius
2086 5580 2224 5621 certe
2253 5585 2265 5620 :

682 5646 792 5681 nam
813 5635 908 5682 etsi
931 5633 1137 5695 idipsum
1183 5632 1371 5690 Paulus,
1398 5632 1524 5681 Rom:
1552 5637 1598 5691 8,
1625 5637 1704 5692 27,
1734 5632 1799 5683 ex
1824 5635 1999 5683 Davide
2025 5642 2271 5684 mutuatus

681 5695 910 5761 proferat,
927 5708 1045 5761 cum
1067 5697 1229 5761 verba
1243 5701 1427 5761 tantum
1453 5696 1656 5761 Davidls,
1700 5696 1917 5761 nihilque
1942 5695 2072 5746 aliud
2097 5695 2268 5745 λιτρω-

681 5761 776 5814 tur,
798 5757 956 5806 Davidi
982 5756 1156 5807 melius
1174 5756 1459 5806 adscribitur
1483 5754 1631 5804 locus.

2385 488 2645 544 excedere
2669 487 2848 554 debet,
2876 497 2930 545 et
2969 499 3171 544 naturae
3215 491 3651 546 consuetudinem
3691 506 3968 562 superare,

2379 577 2612 648 itemque
2651 594 2847 634 novum
2878 588 2932 635 et
2973 580 3397 650 inexspectatum
3431 597 3573 648 esse,
3615 584 3685 637 ita
3715 592 3774 637 ut
3799 583 3854 638 id
3885 583 3967 638 in-

2378 668 2529 737 signe
2574 669 2645 724 sit
2694 671 2917 741 singulis
2943 670 3035 741 qui
3084 671 3266 728 vident
3290 681 3345 728 et
3371 674 3616 729 audiunt.
3668 673 3798 730 Ideo
3822 675 3965 730 enim

2377 759 2586 829 signum
2626 763 2945 832 appellatur,
2972 763 3113 832 quod
3156 765 3225 819 sit
3263 764 3492 835 insigne.
3538 765 3748 836 Insigne
3785 774 3963 820 autem

2378 869 2484 909 non
2533 853 2710 922 fuerit,
2740 855 2784 910 si
2822 855 3102 911 delitescat
3141 857 3195 911 in
3224 859 3605 914 communitate
3642 868 3959 913 cancrorum

2377 957 2574 998 rerum.
2617 943 2799 1015 Itaque
2841 946 2886 1000 si
2913 960 3091 1001 sermo
3116 954 3262 1002 esset
3302 947 3372 1002 de
3397 947 3622 1003 muliere
3667 947 3964 1003 secundum

2378 1043 2580 1090 natura:
2629 1035 2796 1107 legem
2850 1037 3121 1105 pariente,
3165 1052 3262 1093 cur
3304 1038 3513 1108 signum
3559 1048 3781 1094 voearet
3823 1039 3964 1109 quod

2379 1124 2615 1193 quotidie
2660 1125 2774 1180 fieri
2822 1126 3002 1182 solet?
3045 1127 3168 1183 Ideo
3198 1131 3251 1184 in
3297 1129 3519 1184 exordio
3547 1131 3829 1196 sermonis,
3861 1145 3961 1183 non

2380 1217 2693 1288 simpliciter
2713 1217 2865 1283 dixit,
2908 1218 3048 1274 Ecce
3073 1220 3242 1289 virgo,
3269 1220 3384 1284 sed,
3416 1220 3545 1275 Ecce
3571 1221 3676 1275 haec
3701 1221 3843 1291 virgo
3866 1217 3964 1290 (a),

2379 1308 2651 1364 additione
2679 1309 2884 1363 articuli
2919 1308 3178 1379 insignem
3206 1309 3512 1379 quamdam,
3542 1319 3596 1365 et
3623 1310 3764 1364 hanc
3792 1309 3962 1364 solani

2378 1398 2543 1454 fuisse
2572 1400 2726 1454 nobis
2755 1399 3119 1455 subindicans.
3147 1400 3299 1469 Quod
3329 1402 3471 1457 enim
3505 1402 3607 1457 hoc
3631 1401 3964 1457 additamen-

2377 1502 2488 1547 tum
2532 1491 2582 1546 id
2628 1491 2909 1563 signilieet,
2954 1509 3018 1550 ex
3056 1492 3358 1563 Evangeliis
3401 1493 3611 1548 discere
3653 1507 3963 1562 possumus.

2376 1583 2507 1639 Cum
2533 1584 2675 1639 enim
2699 1584 2765 1639 ad
2790 1583 3048 1639 Joannem
3076 1584 3527 1640 misissentJudmi
3557 1585 3962 1653 interrogantes,

2380 1673 2504 1739 Quis
2541 1675 2631 1728 es?
2661 1689 2765 1728 non
2800 1674 3069 1739 dicebant,
3100 1675 3181 1729 Tu
3211 1689 3270 1730 es
3296 1674 3574 1738 Christus;
3605 1673 3720 1742 sed,
3748 1674 3812 1731 Si
3841 1685 3894 1729 tu
3919 1690 3965 1728 es

2377 1767 2461 1821 ille
2485 1765 2714 1822 Christus
2741 1785 2760 1822 :
2789 1782 2960 1837 neque
3003 1767 3269 1834 dicebant,
3301 1767 3380 1822 Tu
3409 1782 3468 1822 es
3509 1766 3803 1836 prepheta;
3834 1766 3961 1828 sed.

2378 1859 2440 1916 Si
2468 1870 2519 1914 tu
2546 1876 2596 1914 es
2624 1861 2711 1915 ille
2734 1861 2979 1932 prapheta
2999 1859 3180 1930 (Joan.
3223 1861 3276 1913 1.
3309 1859 3397 1914 19.
3423 1859 3514 1930 25)
3540 1877 3552 1913 :
3587 1859 3726 1929 quod
3760 1869 3966 1914 utrum-

2377 1967 2480 2022 que
2509 1953 2761 2008 eximium
2792 1963 2924 2008 erat.
2958 1953 3081 2008 Ideo
3109 1952 3343 2008 Joannes
3371 1952 3715 2022 Evangelium
3746 1953 3965 2007 ordiens

2377 2061 2480 2100 non
2502 2045 2732 2111 dicebat,
2765 2045 2816 2099 ln
2847 2045 3106 2116 principio
3130 2056 3244 2100 erat
3269 2043 3522 2109 Verbum,
3561 2043 3678 2110 sed,
3713 2042 3780 2097 In
3821 2044 3965 2112 prin-

2375 2137 2504 2206 cipio
2550 2146 2659 2191 erat
2704 2136 2834 2190 illud
2872 2136 3107 2203 Verbum,
3137 2145 3185 2190 et
3231 2136 3362 2190 illud
3413 2135 3626 2190 Verbum
3670 2144 3778 2187 erat
3826 2134 3966 2203 apud

2375 2226 2540 2281 Deum
2571 2228 2747 2298 (Joan.
2783 2229 2832 2281 I.
2877 2229 2952 2296 1).
2996 2226 3084 2282 Sic
3122 2226 3303 2282 ethoc
3341 2226 3460 2281 loco
3501 2240 3608 2280 non
3638 2225 3793 2292 dixit,
3827 2225 3966 2281 Ecce

2375 2320 2544 2390 virgo,
2564 2319 2678 2385 sed,
2702 2320 2828 2374 Ecce
2846 2324 2952 2374 Iure
2978 2321 3115 2390 virgo
3142 2335 3159 2373 :
3183 2335 3246 2374 ac
3265 2335 3385 2374 cum
3407 2319 3661 2390 dignitate
3689 2319 3964 2390 pmpheta:

2375 2412 2706 2466 convenienti
2738 2412 2888 2475 illud,
2925 2410 3072 2478 Ecce,
3101 2412 3461 2481 prmmittitur.
3500 2411 3630 2465 Nam
3679 2409 3852 2467 l'erme
3881 2411 3962 2465 vi-

2375 2503 2550 2559 dentis
2594 2513 2647 2560 et
2694 2504 2977 2574 imaginem
3007 2503 3060 2557 in
3110 2513 3288 2558 mente
3335 2503 3582 2558 habentis
3626 2503 3739 2558 hzec
3785 2514 3959 2568 erant,

2375 2595 2699 2662 multamque
2748 2594 2798 2648 in
2844 2609 2902 2649 se
2955 2593 3201 2648 habentis
3247 2608 3429 2648 eorum
3481 2609 3597 2662 quae
3650 2592 3965 2648 dicebantur

2376 2686 2715 2741 evidentiam.
2763 2686 2893 2741 Nam
2941 2686 3014 2740 illi
3044 2686 3182 2740 oculi
3222 2685 3416 2740 clarius
3442 2701 3599 2756 quam
3650 2686 3819 2740 nostri
3877 2685 3964 2739 illa

2375 2776 2475 2829 sub
2512 2785 2784 2845 aSpectum
2828 2792 2933 2830 non
2977 2775 3218 2831 cadentia
3264 2775 3533 2830 videbant.
3564 2776 3766 2831 Sensus
3819 2775 3963 2830 enim

2373 2865 2548 2936 decipi
2578 2875 2784 2936 potest;
2813 2866 3044 2935 Spiritus
3073 2881 3203 2922 vero
3247 2867 3418 2936 gratia
3445 2867 3576 2920 nulli
3614 2865 3840 2921 fallaciae
3870 2866 3966 2921 ob-

2377 2957 2589 3010 noxiam
2620 2956 2938 3010 sententiam
2969 2956 3257 3024 praxbebat.

2447 3046 2500 3101 6.
2532 3045 2598 3100 Et
2622 3060 2717 3100 cur
2743 3059 2847 3100 non
2878 3045 3090 3115 adjecit,
3121 3045 3347 3115 inquies,
3377 3053 3586 3116 partum
3609 3043 3723 3100 fore
3749 3059 3818 3101 ex
3849 3044 3970 3114 Spi-

2376 3136 2480 3190 ritu
2506 3135 2725 3190 saneto?
2754 3135 3033 3204 I‘rOphctia
3064 3145 3178 3190 erat
3202 3135 3254 3190 id
3282 3135 3423 3204 quod
3454 3135 3750 3200 dicebatur,
3781 3145 3838 3190 et
3867 3133 3969 3188 sub

2377 3228 2560 3282 umbra
2587 3227 2887 3282 annuntiari
2909 3225 3156 3291 debebat,
3187 3235 3245 3281 ut
3272 3241 3413 3296 saepe
3437 3226 3568 3290 dixi,
3601 3225 3669 3280 ob
3699 3225 3967 3295 ingratum

2379 3319 2704 3373 audientium
2728 3318 2987 3384 animum,
3011 3333 3078 3373 ne
3105 3317 3282 3372 omnia
3308 3318 3451 3373 clare
3482 3317 3771 3383 discentes,
3802 3317 3971 3371 libros

2377 3423 2561 3464 omnes
2603 3409 3000 3464 comburerent.
3046 3408 3102 3463 Si
3134 3424 3360 3480 namque
3403 3408 3679 3478 prophetis
3717 3424 3825 3462 non
3873 3423 3969 3478 pe-

2378 3509 2682 3568 percerunt,
2705 3501 2874 3554 multo
2905 3499 3081 3553 minus
3098 3515 3125 3551 a
3145 3500 3353 3568 scriptis
3380 3500 3789 3554 abstinuissent.
3814 3496 3969 3564 Quod

2376 3599 2552 3644 autem
2581 3588 2631 3644 id
2663 3604 2768 3643 non
2803 3605 2869 3643 ex
2896 3589 3201 3658 conjectura
3229 3589 3426 3642 dictum
3459 3589 3548 3653 sit,
3581 3587 3718 3642 alius
3747 3587 3968 3658 quidam

2376 3696 2474 3734 rex
2507 3679 2604 3735 sub
2629 3679 2860 3735 Jeremia
2881 3721 2896 3745 ,
2927 3695 3046 3734 cum
3077 3679 3220 3749 ipsos
3247 3679 3408 3734 libros
3436 3680 3766 3748 accepisset,
3801 3678 3970 3733 disci-

2377 3772 2471 3834 dit,
2501 3781 2554 3826 et
2597 3771 2703 3842 igni
2748 3770 2961 3825 tradidit
3004 3770 3138 3838 (Jer.
3182 3769 3269 3824 56.
3319 3769 3433 3840 2'5).
3467 3768 3659 3824 Viden’
3701 3770 3968 3824 insaniam

2379 3862 2804 3918 intolerabilem?
2833 3861 3004 3916 viden‘
3020 3861 3150 3916 iram
3174 3862 3382 3916 ratione
3406 3860 3666 3915 vacuam?
3687 3858 3805 3914 Νοη
3834 3862 3967 3916 satis

2378 3958 2476 4028 ipsi
2506 3957 2603 4012 fuit
2628 3957 2822 4026 scripta
2855 3957 3203 4022 obliterasse,
3232 3957 3390 4012 etiam
3432 3955 3745 4022 combussit,
3777 3964 3838 4010 ut
3879 3970 3970 4010 ra-

2379 4050 2537 4106 tionis
2564 4059 2839 4122 expertem
2871 4049 3118 4105 allectum
3147 4049 3412 4118 impleret.
3449 4048 3697 4101 Attamen
3725 4046 3826 4101 etsi
3873 4046 3971 4100 ιιιί-

2377 4143 2556 4199 rabilis
2575 4141 2661 4198 hic
2681 4141 2944 4212 propheta
2961 4141 3188 4196 obscure
3211 4140 3461 4209 loquutus
3482 4138 3570 4203 sit,
3598 4145 3766 4191 totum
3788 4145 3969 4190 tamen

2379 4236 2638 4293 exhibuit.
2669 4235 2831 4305 Virgo
2871 4248 3120 4303 namque,
3161 4232 3335 4286 donec
3385 4239 3568 4285 manet
3608 4229 3790 4298 virgo,
3826 4229 3971 4281 unde

2379 4341 2569 4398 parere
2599 4326 2800 4396 possit,
2841 4325 2939 4379 nisi
2967 4340 3032 4379 ex
3059 4325 3261 4393 Spiritu
3303 4324 3525 4379 sancto?
3555 4321 3781 4377 Solvere
3823 4322 3968 4376 enim

2377 4419 2547 4488 legem
2573 4427 2776 4472 natura:
2803 4432 2908 4470 non
2951 4417 3169 4470 alterius
3198 4426 3345 4483 erat,
3375 4429 3533 4484 quam
3576 4413 3691 4482 ejus
3717 4413 3808 4481 qui
3839 4427 3972 4467 con-

2379 4508 2512 4562 didit
2539 4516 2805 4562 naturam.
2832 4506 3014 4574 Itaque
3041 4519 3164 4559 cum
3196 4503 3327 4558 dixit
3349 4518 3364 4555 :
3386 4503 3544 4572 Virgo
3571 4502 3758 4570 pariet,
3795 4510 3969 4557 totum

2379 4597 2682 4652 declaravit.
2717 4593 2948 4649 Proinde
2973 4594 3116 4648 dicto
3158 4601 3332 4662 partu,
3375 4591 3504 4646 dicit
3531 4601 3585 4645 et
3624 4606 3819 4646 nomen
3849 4591 3970 4661 ejus

2379 4688 2470 4757 qui
2506 4696 2664 4741 natus
2687 4695 2790 4751 est,
2825 4700 2928 4738 non
2959 4683 3010 4738 id
3050 4683 3193 4754 quod
3229 4682 3277 4738 ei
3325 4683 3632 4751 impositum
3660 4693 3761 4748 est,
3790 4683 3887 4738 sed
3918 4683 3968 4738 id

2380 4779 2521 4850 quod
2543 4795 2609 4835 ex
2636 4779 2795 4834 rebus
2836 4779 2965 4847 ipsis
3003 4777 3077 4831 illi
3118 4775 3472 4845 competebat.
3503 4775 3968 4841 Quemadmodum

2379 4873 2519 4927 enim
2537 4870 2834 4927 Jerusalem
2862 4879 3015 4924 vocat
3039 4870 3308 4924 civitatem
3331 4868 3550 4938 justitiae
3578 4869 3726 4938 (Isai.
3762 4869 3814 4923 1.
3843 4868 3964 4935 26),

2378 4962 2500 5017 licet
2550 4976 2807 5030 nusquam
2859 4961 2960 5014 hoc
3007 4961 3223 5015 nomine
3275 4961 3540 5029 appellata
3591 4960 3699 5024 sit,
3745 4959 3840 5012 sed
3898 4974 3963 5013 ex

2377 5052 2538 5105 rebus
2566 5052 2693 5120 ipsis
2727 5050 2862 5104 hanc
2889 5051 3075 5104 sortita
3103 5051 3172 5104 sit
3203 5050 3659 5105 nomenclaturam
3680 5090 3694 5114 ,
3723 5062 3790 5102 eo
3819 5048 3965 5118 quod

2376 5141 2658 5196 admodum
2681 5140 2930 5194 mutanda
2955 5140 3005 5193 in
3030 5140 3219 5194 melius
3241 5151 3294 5195 et
3320 5139 3583 5208 aequitatis
3605 5137 3965 5207 patrocinium

2377 5227 2512 5286 foret
2531 5230 2747 5304 (etenim
2767 5246 2885 5285 cum
2910 5229 3050 5284 illam
3073 5232 3410 5286 meretricem
3429 5239 3578 5284 vocat
3597 5228 3643 5299 [Ι
3652 5228 3735 5282 bid
3744 5269 3754 5280 .
3775 5244 3822 5280 υ.
3842 5228 3961 5302 21],

2378 5305 2483 5377 non
2511 5321 2773 5392 significat
2797 5336 2912 5375 eam
2942 5321 3226 5391 aliquando
3245 5322 3344 5376 hoc
3370 5321 3582 5374 nomine
3609 5319 3768 5374 fuisse
3796 5334 3963 5374 voea-

2380 5424 2482 5468 tam
2507 5430 2520 5478 ;
2548 5411 2641 5467 sed
2671 5427 2700 5466 a
2733 5412 2968 5483 nequitia
2999 5427 3193 5470 nomen
3235 5412 3487 5483 imponit;
3515 5410 3591 5466 sic
3633 5417 3688 5465 et
3715 5419 3905 5480 postea
3933 5426 3963 5466 a

2437 5567 2507 5627 (a)
2540 5565 2595 5614 In
2618 5572 2793 5631 crteco,
2813 5574 2893 5631 ttat.
2911 5578 3124 5631 rapum
3140 5601 3152 5625 ,
3172 5580 3278 5617 cum
3301 5563 3502 5614 articulo
3523 5565 3603 5631 qui
3623 5562 3831 5631 aliquam
3853 5567 3957 5615 vir-

2375 5630 2536 5691 ginem
2573 5629 2822 5691 speeiatim
2857 5629 3060 5691 indicat;
3088 5641 3256 5689 παρθένος
3285 5634 3478 5691 autem,
3520 5629 3677 5691 ωηο,
3706 5629 3961 5691 virginem

2376 5686 2646 5752 generatim
2691 5688 2822 5752 dicit.
2853 5687 2963 5752 _V'ox
2991 5686 3246 5751 adjectiva,
3275 5688 3395 5749 lucc,
3435 5686 3639 5737 multum
3675 5687 3816 5736 abest
3840 5700 3962 5749 quin

2377 5749 2560 5802 articuli
2577 5750 2723 5800 cneci
2741 5752 2832 5799 vim
2853 5749 3048 5800 habeat.
