4056 6476
678 409 751 467 35
1335 404 1395 458 S.
1431 402 1716 459 JUANNIS
1750 403 2238 462 CHRYSOSTUMI
2274 404 2594 468 ARCHIEP.
2635 414 3167 475 CONSTANTINOP.

666 519 874 580 πόλεως
904 514 1047 570 οὕτω
1089 511 1220 568 ποτὲ
1248 513 1556 585 κληθείσης,
1591 514 1725 569 ἀλλά
1758 515 1867 568 ἀπὸ
1905 515 2006 585 τῆς
2041 515 2239 578 κακίας

665 596 733 657 τὸ
757 599 928 668 ῦνομα
977 597 1218 667 τίθησιν·
1249 595 1390 648 οῦτω
1425 596 1605 666 δήκαὶ
1646 597 1784 667 μετά
1821 598 1991 650 ταῦτα
2013 597 2120 650 ἀπὸ
2138 597 2238 666 τῆς

669 679 913 752 ἀρετῆς)·
943 679 1004 732 τὸ
1035 679 1166 732 αὐτὸ
1193 675 1372 732 τοίνυν
1400 679 1492 731 καὶ
1509 680 1601 731 ἐπὶ
1620 679 1711 732 τοῦ
1741 679 1973 750 Χριστοῦ
2001 679 2234 742 λεκτέον,

671 763 756 816 δτι
785 761 845 814 τὸ
864 761 972 814 ἀπὸ
991 761 1101 814 τῶν
1133 759 1466 829 πραγμάτων
1494 761 1639 831 αύτῷ
1668 761 1836 829 ὄνομα
1860 761 2088 814 τέθεικε.
2105 760 2238 812 Τότε

673 842 784 912 γὰρ
815 842 1046 911 μάλιστα
1082 840 1200 910 μεθ’
1239 842 1392 909 ήμῶν
1417 842 1446 894 6
1474 841 1605 906 Θεὸς
1624 842 1863 910 γέγονεν,
1894 843 1984 895 ἐπὶ
2021 842 2119 912 τῆς
2139 841 2239 910 γῆς

677 922 880 991 ὀφθεὶς,
916 924 1010 975 καὶ
1045 924 1157 984 τοῖς
1186 921 1490 992 ἀνθρώποις
1524 923 2108 992 συναναστρεφόμενος.
2143 921 2241 975 καὶ

674 1004 771 1074 τὴν
809 1002 1008 1073 πολλὴν
1052 1004 1486 1074 ἐπιδεικνύμενος
1526 1006 1655 1075 περὶ
1705 1007 1843 1074 ἡμᾶς
1897 1003 2237 1074 κηδεμονίαν.

676 1084 874 1138 Οὐκέτι
907 1087 1014 1157 γάρ
1043 1085 1306 1152 ἄγγελος,
1344 1088 1464 1140 οὐδὲ
1510 1087 1844 1156 ἀρχάγγελος
1896 1085 2011 1156 μεθ’
2063 1083 2239 1154 ήμῶν,

676 1165 794 1220 ἀλλ’
824 1166 985 1230 αὐτὸς
1014 1167 1253 1230 καταϐάς
1270 1170 1298 1220 6
1328 1168 1599 1237 Δεσπότης
1627 1170 1726 1237 τὴν
1748 1169 1924 1221 πᾶσαν
1962 1165 2242 1231 ἀνεδέξατο

678 1247 981 1317 διόρθωσιν,
999 1249 1222 1320 πόρναις
1239 1249 1634 1318 διαλεγόμενος,
1655 1249 1909 1312 τελώναις
1935 1246 2245 1302 συνανακεί-

683 1347 865 1399 μενος,
899 1332 979 1395 είς
1005 1331 1342 1402 ἁμαρτωλῶν
1378 1331 1554 1394 οἰκίας
1572 1342 1597 1371 ι
1626 1330 1826 1394 εἰσιὼν,
1858 1331 2079 1401 λῃσταῖς
2105 1331 2244 1400 παῤ-

683 1413 875 1484 ρησίαν
898 1415 1090 1479 διδοὺς,
1122 1417 1327 1484 μάγους
1378 1414 1757 1484 ἐφελκόμενος,
1793 1414 1970 1467 πάντα
2020 1411 2245 1482 περιιὼν

680 1496 776 1549 καὶ
823 1495 1214 1568 διορθούμενος,
1251 1497 1345 1550 καὶ
1391 1496 1560 1568 αὑτήν
1605 1497 1705 1570 τήν
1753 1497 1914 1567 φύσιν
1949 1496 2083 1548 ἐνῶν
2111 1495 2246 1565 πρὸς

680 1578 891 1632 ἑαυτόν.
921 1579 1104 1631 Ταῦτα
1144 1574 1235 1631 οῦν
1262 1580 1436 1634 πάντα
1466 1581 1494 1632 6
1525 1581 1807 1650 προφήτης
1850 1577 2244 1649 προαναφωνεῖ,

680 1658 816 1729 ὁμοῦ
846 1659 941 1712 καὶ⁵
969 1660 1060 1712 τὸν
1078 1660 1232 1713 τόκον
1260 1660 1450 1728 λέγων,
1485 1661 1576 1714 καὶ
1607 1660 1667 1714 τὸ
1703 1660 1891 1730 κέρδος
1913 1659 2021 1710 τῶν
2047 1657 2248 1710 ὠδίνων

683 1741 743 1792 τὸ
769 1741 971 1809 ἄφατον
1001 1743 1176 1794 ἐκεῖνο
1195 1743 1286 1795 καὶ
1309 1743 1555 1813 ἄπειρον.
1579 1743 1747 1795 Ὅταν
1783 1743 1890 1810 7&9
1907 1741 1935 1792 6
1955 1739 2085 1800 Θεὸς
2114 1735 2248 1806 μετὰ

683 1821 984 1892 ἀνθρώπιον
1004 1818 1058 1895 ᾗ,
1074 1823 1226 1876 οὐδὲν
1241 1823 1320 1875 δεῖ
1338 1822 1522 1876 λοιπὸν
1541 1823 1853 1877 δεδοικέναι.
1868 1820 1986 1874 οὐδὲ
2007 1819 2247 1888 τρέμειν,

684 1904 801 1958 ἀλλ’
827 1904 965 1976 ὑπὲρ
991 1905 1245 1958 ἀπάντων
1286 1904 1537 1976 θαρρεῖν·
1583 1905 1718 1974 δπερ
1763 1899 1855 1956 οὖν
1894 1902 1984 1956 καὶ
2016 1901 2248 1968 ἐγένετο.

686 1986 797 2040 Καὶ
824 1986 931 2056 γάρ
954 1986 1024 2040 τά
1055 1988 1253 2056 ἀρχαῖα
1276 1985 1454 2038 ἐκεῖνα
1499 1985 1596 2038 καὶ
1620 1984 1849 2054 ἀκίνητα
1882 1983 2044 2052 ἐλύθη
2087 1980 2249 2041 κακὰ,

687 2068 783 2121 καὶ
805 2069 839 2138 ή
868 2067 1008 2121 κατά
1031 2066 1126 2121 τοῦ
1151 2067 1329 2121 κοινοῦ
1359 2067 1550 2135 γένους
1577 2067 1849 2134 ἀπόφασις
1873 2066 2143 2137 ἀνῃρεῖτο,
2163 2061 2254 2114 καὶ

685 2151 786 2221 τῆς
829 2150 1102 2221 ἀμαρτίας
1158 2149 1226 2203 τά
1281 2149 1446 2220 νεῦρα
1507 2150 1770 2203 ἐκέκοπτο
1799 2187 1813 2210 ,
1863 2147 1957 2201 καὶ
2010 2145 2252 2198 διαϐόλου

685 2233 938 2303 τυραννὶς
959 2232 1268 2296 κατελύετο,
1308 2232 1402 2285 καὶ
1428 2234 1456 2286 6
1494 2234 1657 2285 πᾶσιν
1690 2231 1885 2292 άεατος
1933 2228 2254 2298 παράδεισος

687 2315 999 2386 ἀνδροφόνῳ
1030 2314 1124 2368 καὶ
1145 2314 1311 2388 λῃστῇ
1348 2314 1560 2385 πρῶτον
1587 2313 1848 2381 ήνοίγετο,
1886 2311 1980 2362 καὶ
2016 2309 2255 2378 οὐράνιοι

688 2397 874 2465 ἀψῖδες
919 2397 1358 2460 ἀνεπετάννυντο,
1381 2397 1473 2448 καὶ
1517 2396 1766 2462 ἀγγέλοις
1807 2392 2087 2461 ἄνθρωπος
2136 2407 2252 2442 συν-

690 2477 1029 2548 ανεμίγνυτο,
1063 2478 1155 2530 καὶ
1179 2477 1312 2547 πρὸς
1337 2477 1426 2528 τὸν
1459 2476 1731 2544 βασιλικὸν
1764 2473 1948 2542 θρόνον
1969 2473 2002 2540 ή
2038 2472 2194 2538 φύσις
2222 2472 2256 2539 ή

690 2559 938 2629 ἡμετέρα
988 2560 1217 2627 ἀνήγετο
1243 2597 1258 2620 ,
1317 2555 1536 2609 καὶτοῦ
1591 2555 1717 2626 ᾅδου
1775 2553 1836 2605 τὸ
1890 2552 2258 2621 δεσμωτήριον

691 2643 960 2711 ἄχρηστον
973 2638 1062 2712 ἦν,
1213 2639 1304 2692 καὶ
1319 2641 1346 2691 6
1365 2639 1589 2701 Θάνατος
1603 2640 1769 2706 ὄνομα
1785 2634 1965 2687 λοιπὸν
1981 2635 2166 2703 ἔμενεν
2179 2633 2257 2695 ὃν,

693 2721 1012 2790 πράγματος
1045 2719 1483 2787 ἀπεστερημένον
1503 2733 1516 2746 ⁶
1550 2717 1641 2768 καὶ
1664 2713 1954 2784 μαρτύρων
1977 2713 2146 2780 χοροὶ,
2166 2713 2259 2763 καὶ

691 2804 947 2867 γυναῖκες
979 2799 1387 2853 κατακλάσασαι
1414 2798 1505 2850 τοῦ
1539 2797 1664 2866 ᾅδου
1686 2795 1754 2847 τά
1776 2796 1995 2862 κέντρα.

763 2881 950 2935 Ταῦτα
979 2877 1072 2936 οὖν
1124 2882 1298 2935 πάντα
1349 2879 1597 2951 προορῶν
1655 2878 1685 2928 6
1719 2876 1995 2948 προφήτης
2035 2872 2260 2941 ἐσκίρτα

693 2965 790 3017 καὶ
842 2963 1081 3032 ἐχόρευε,
1146 2963 1237 3014 καὶ
1293 2961 1502 3022 δι’ἐνὸς
1545 2961 1786 3027 ῥήματος
1815 2958 1943 3026 ήμῖν
1991 2954 2128 3006 αύτά
2177 2957 2260 3006 ἐν-

695 3043 986 3102 εδείκνυτο,
1015 3043 1371 3112 προφητεύων
1392 3045 1520 3111 ἡμῖν
1549 3041 1637 3092 τὸν
1669 3036 2026 3106 Ἐμμανουήλ.
2045 3037 2262 3088 Βούτυ-

691 3142 804 3192 ρον
823 3125 919 3177 καί
969 3124 1108 3191 μέλι
1153 3125 1417 3191 φάγεται,
1455 3121 1596 3186 πρὶν
1626 3120 1664 3186 ἢ
1708 3118 1925 3187 γνῶναι
1979 3116 2162 3168 αὑτὸν
2222 3117 2261 3182 ἢ

697 3205 1053 3273 προελέσθαι
1078 3205 1327 3272 πονηρὰ,
1353 3203 1659 3266 ἐκλέξεται
1682 3201 1709 3240 ι»
1741 3199 1807 3252 τὸ
1847 3199 2085 3266 ἀγαθόν.
2112 3197 2264 3250 Διότι

697 3289 842 3356 πρὶν
893 3289 932 3356 ἢ
976 3285 1192 3356 γνῶναι
1247 3285 1311 3338 τὸ
1359 3284 1598 3336 παιδίον
1646 3281 1900 3347 ἀγαθὸν,
1961 3279 1996 3346 ἦ
2057 3278 2261 3339 κακὸν,

698 3370 931 3424 ἀπειθεῖ
973 3368 1229 3434 πονηρίᾳ
1258 3405 1272 3429 ,
1326 3366 1432 3419 τοῦ
1483 3364 1841 3426 ἐκλέξασθαι
1894 3361 1964 3414 τὸ
2019 3361 2264 3429 ἀγαθόν.

711 3451 926 3522 Ἐπειδὴ
971 3451 1030 3502 τὸ
1072 3449 1388 3517 τικτόμενον
1433 3446 1642 3500 παιδίον
1682 3444 1803 3498 οῦτε
1864 3444 2147 3512 ἄνθρωπος
2197 3436 2264 3510 ἦν

697 3536 874 3602 ψιλὸς,
919 3532 1040 3586 οὔτε
1088 3531 1217 3593 Θεὸς
1255 3530 1413 3600 μόνον
1440 3569 1456 3592 ,
1516 3528 1652 3581 ἀλλά
1685 3527 1814 3586 Θεὸς
1859 3527 1916 3578 ἐν
1974 3522 2263 3593 ἀνθρώπῳ,

701 3617 925 3677 εἰκότως
964 3615 1059 3668 καὶ
1103 3614 1131 3664 6
1184 3614 1465 3681 προφήτης
1515 3608 1778 3662 ποικίλλει
1831 3608 1920 3659 τὸν
1957 3607 2130 3671 λόγον,
2170 3604 2265 3655 νῦν

705 3701 804 3768 μὲν
832 3699 1008 3760 τοῦτο,
1033 3696 1124 3749 νῦν
1150 3695 1205 3747 δὲ
1238 3696 1411 3747 ἐκεῖνο
1455 3693 1646 3758 λέγων,
1671 3691 1764 3743 καὶ
1781 3687 1847 3741 τά
1885 3687 2154 3757 παράδοξα
2179 3703 2264 3737 τι-

703 3782 835 3842 θεὶς,
866 3781 958 3832 καὶ
983 3780 1083 3831 ούκ
1115 3777 1293 3845 ἀφιεὶς
1323 3775 1683 3844 ἀπιπηθῆναι
1722 3775 1819 3842 τήν
1844 3770 2149 3839 οἰκονομίαν
2179 3769 2266 3822 διά

703 3862 801 3931 τὴν
819 3862 911 3914 τοῦ
942 3860 1213 3928 θαύματος
1240 3855 1562 3925 ὑπερϐολήν.
1598 3853 1776 3906 Εἰπὼν
1801 3854 1924 3922 γάρ,
1951 3854 2031 3904 ὅτι
2059 3850 2268 3913 τέξεται

701 3947 738 4015 ή
782 3943 1079 4014 παρθένος,
1120 3941 1253 4010 ὅπερ
1285 3934 1351 4007 ἦν
1389 3937 1699 4005 ἀνώτερονο
1753 3935 1963 4001 φύσεως
1987 3973 2001 3998 ,
2054 3935 2146 3985 καὶ
2188 3934 2268 3984 ὅτι

705 4027 1031 4098 κληθήσεται
1073 4020 1431 4092 Ἐμμανουήλ,
1467 4020 1493 4071 ὃ
1525 4019 1620 4070 καὶ
1656 4017 1785 4070 αὐτὸ
1819 4016 1999 4084 μεῖζον
2047 4017 2271 4084 προσδο-

705 4112 830 4176 κίας
881 4107 970 4180 ἦν,
1025 4110 1112 4160 ἵνα
1153 4107 1225 4176 μή
1269 4121 1354 4166 τις
1394 4104 1483 4156 τὸν
1524 4100 1863 4172 Ἐμμανουήλ
1893 4099 2159 4161 ἀκούσας,
2203 4098 2272 4180 τά

706 4178 1030 4262 Μαρκίωνος
1061 4190 1227 4260 πάθῃ,
1253 4187 1346 4239 καὶ
1365 4186 1566 4255 νοσήσῃ
1589 4184 1658 4236 τὰ
1676 4182 1767 4234 τοῦ
1789 4182 2154 4243 Οὐαλεντίνου,
2185 4178 2271 4232 διά

707 4276 808 4344 τήν
849 4272 1186 4341 οἰκονομίαν,
1215 4268 1507 4338 διαρρήδην
1546 4266 1791 4336 ἐπήγαγε
1813 4265 1906 4317 καὶ
1940 4264 2035 4331 τῆς
2067 4263 2269 4315 οίκονο-

711 4369 843 4440 μίας
869 4367 1210 4434 σαφεστάτην
1229 4362 1518 4427 ἀπόδειξιν,
1541 4362 1648 4414 ἀπὸ
1671 4361 1767 4430 τῆς
1795 4358 2069 4440 τραπέζης
2105 4357 2272 4426 αὐτὴν

709 4439 1084 4520 πιστούμενος.
1110 4448 1175 4499 Τί
1202 4447 1308 4516 γάρ
1332 4461 1492 4513 φησις
1521 4445 1818 4507 Βούτυρον
1857 4441 1952 4493 καί
1987 4439 2123 4508 μέλι
2170 4439 2274 4506 φά-

709 4551 891 4604 τεται.
940 4531 1108 4585 Τοῦτο
1131 4529 1186 4580 δὲ
1226 4529 1324 4580 οὐκ
1357 4527 1421 4579 ἂν
1449 4525 1533 4593 εἴη
1561 4524 1828 4592 θεότητος,
1862 4522 2000 4604 ἀλλά
2032 4521 2148 4604 τῆς
2169 4520 2272 4588 φύ-

711 4603 849 4680 σεως
871 4616 971 4684 τῆς
1001 4613 1293 4684 ἡμετέρας.
1318 4609 1414 4661 Διά
1444 4609 1552 4678 γάρ
1576 4624 1656 4659 τοι
1676 4605 1828 4657 τοῦτο
1847 4603 1870 4642 δ
1903 4603 2019 4684 ούδέ
2064 4603 2272 4684 ἄνθρω-

712 4717 814 4753 πον
849 4683 1034 4758 ἀπλῶς
1067 4683 1272 4755 πλάσας
1313 4691 1584 4759 ἐνῴκησεν
1618 4690 1674 4740 ἐν
1696 4685 1860 4754 αύτῷ,
1887 4683 2021 4737 ἀλλά
2055 4683 2147 4736 καὶ
2177 4684 2274 4751 τῆς

713 4786 963 4854 κυήσεως
1002 4781 1277 4849 ήνέσχετο,
1317 4776 1410 4828 καὶ
1439 4772 1638 4841 ταύτης
1683 4768 2126 4838 ὲννεαμηνιαίου,
2182 4767 2275 4818 καὶ

714 4848 916 4919 ὠδίνων
951 4848 1042 4915 καί
1070 4859 1415 4930 σπαργάνων,
1452 4855 1545 4908 καὶ
1568 4855 1664 4923 τῆς
1710 4853 1772 4902 ὲκ
1819 4850 2038 4921 πρώτης
2067 4848 2276 4918 ἡλικίας

715 4949 941 5018 τροφῆς,
971 4947 1056 4996 ἵνα
1108 4942 1193 4995 διὰ
1241 4943 1453 4993 πάντων
1486 4935 1757 5018 ἐμφράξῃ.
1783 4932 1849 4984 τά
1889 4931 2129 5018 στάμοιτα
2169 4930 2276 5018 τῶν

719 5007 994 5100 ἀρνεῖσθαι
1017 5027 1114 5096 τήν
1141 5023 1447 5090 οἰκονομίαν
1487 5016 1922 5088 ἐπιχειρούντων.
1961 5013 2145 5064 Ταῦτα
2184 5007 2276 5064 οὖν

719 5098 923 5171 ἀνωθεν
955 5110 1200 5183 προορῶν
1225 5111 1254 5161 6
1279 5109 1582 5179 προφήτης,
1608 5105 1724 5173 ούχὶ
1751 5102 1846 5164 τὰς
1876 5100 2069 5162 ὠδῖνας
2109 5098 2276 5166 λέγει,

719 5203 814 5257 καὶ
863 5201 953 5252 τὸν
989 5196 1297 5267 θαυμαστὸν
1339 5195 1494 5246 τόκον
1542 5191 1718 5261 μόνον.
1770 5187 1903 5239 ἀλλὰ
1931 5185 2024 5238 καὶ
2077 5183 2174 5253 τὴν
2221 5183 2279 5235 ἐν

717 5288 909 5358 πρώτῃ
932 5285 1115 5355 ἡλικίᾳ
1135 5282 1358 5353 τροφὴν,
1383 5279 1479 5348 τὴν
1500 5280 1555 5329 ἐν
1582 5277 1761 5336 αὐτοῖς
1787 5274 1896 5335 τοῖς
1927 5271 2277 5341 σπαργάνοις,

719 5357 868 5427 οῦδὲν
911 5373 1017 5425 τῶν
1052 5369 1249 5422 λοιπῶν
1276 5366 1695 5429 ἐξαλλάττουσαν
1731 5358 2048 5428 ἀνθρώπων,
2080 5357 2199 5408 οὐδέ
2228 5373 2280 5406 τι

722 5460 870 5527 ξένον
890 5458 1025 5512 κατά
1051 5456 1206 5509 τοῦτο
1232 5453 1476 5523 ἔχουσαν.
1503 5448 1638 5502 Οῦτε
1660 5445 1764 5516 7&9
1787 5445 1995 5498 ἅπαντα
2020 5443 2278 5511 ἐξηλλαγ-

784 5575 810 5603 “
834 5573 1131 5646 Sic‘Morelq
1155 5572 1238 5631 qui
1283 5561 1544 5628 Florilegio
1580 5563 1826 5612 consonat.
1879 5557 2027 5606 Savil.
2070 5563 2121 5603 et.
2155 5556 2278 5617 Reg.

722 5649 863 5683 0mm.
896 5651 973 5688 εις.

788 5702 813 5737 b
836 5694 886 5742 In
913 5691 1082 5742 Bibliis
1102 5691 1385 5754 hicrlegiluﬁ
1401 5679 1928 5754 ἐκλέξασθαιηυίνὶηΐω.

788 5705 813 5737 b
836 5705 886 5742 In
916 5705 1082 5742 UIDIlIS
1104 5705 1180 5739 mc
1200 5705 1242 5738 Ie
1281 5705 1379 5736 uur
1401 5705 1691 5742 εκλεςασυαι,
1717 5705 1768 5730 υι
1791 5705 1928 5727 mna.

787 5759 806 5786 ‘
842 5756 962 5817 Reg.
991 5761 1043 5802 et
1065 5753 1211 5817 ngil.
1238 5705 1475 5817 ἔνωτέρω,
1501 5744 1994 5817 ψοφῇ-ἀνώτερονέω

785 5817 812 5884 .d
837 5796 1211 5884 τοῦτο.
1244 5796 1322 5884 ξὶο
1349 5796 1764 5884 ρέἱυέλθεεδριυι-
1784 5796 1859 5884 ‘ip'
1879 5800 2039 5884 editi?
2068 5796 2136 5872 ,1η
2174 5798 2282 5884 Γίρο

723 5861 1101 5952 τὶίερῖοἶέέῖιμτ
1121 5875 1197 5952 διά
1220 5861 1400 5952 7&9-1'10:
1423 5861 1583 5952 τεῦχος
1615 5874 1667 5916 ει
1689 5865 1833 5931 paulo
1869 5869 1978 5926 post
2001 5861 2210 5923 ένῴκησι
2236 5862 2281 5909 ίν

727 5929 882 5996 σεμιιῖ
909 5929 1138 5991 ίιῖιιιιεω
1167 5929 1332 5983 ἀρεῖ-ἐι
1357 5932 1402 5972 In
1425 5929 1580 5976 editis.

2345 520 2484 590 μένα
2529 518 2598 604 ἦν
2653 524 2822 597 αὐτῷ,
2863 525 2987 582 οὔτε
3013 528 3188 582 πάντα
3220 529 3391 584 κοινά.
3423 529 3496 583 Τὸ
3555 531 3652 600 μὲν
3691 533 3800 604 γάρ
3832 539 3904 590 ἐκ

2341 603 2596 666 γυναικὸς
2608 606 2880 676 τεχθῆναι,
2897 609 3089 662 κοινόν·
3113 610 3174 662 τὸ
3196 609 3250 662 δὲ
3273 611 3379 664 ἀπὸ
3394 611 3681 680 παρθένου,
3709 603 3905 682 μεῖζον

2338 683 2371 754 ἢ
2405 683 2526 737 καθ’
2565 687 2728 757 ήμάς.
2776 688 2850 742 Τὸ
2874 693 3143 761 τραφῆναι
3187 691 3346 745 πάλιν
3371 692 3447 762 τῷ
3475 694 3635 762 κοινῷ
3661 696 3758 764 τῆς
3797 696 3907 764 φύ-

2341 782 2477 830 σεως
2497 766 2644 838 νόμῳ
2669 769 2763 823 καὶ
2784 769 2863 840 τῷ
2888 771 3033 841 αὐτῷ
3065 774 3177 836 τοῖς
3205 772 3416 835 πολλοῖς
3434 815 3448 836 ,
3479 775 3654 826 κοινόν
3677 791 3691 806 ⁸
3736 778 3802 830 τὸ
3843 779 3906 831 δδ

2337 846 2536 900 άθατον
2556 849 2805 916 γενέσθαι
2836 853 3067 922 πονηρίᾳ
3089 852 3177 904 τὸν
3212 852 3334 906 ναὸν
3363 855 3588 919 ἐκεῖνον,
3623 857 3715 910 καὶ
3755 859 3907 927 μηδέ

2340 928 2420 990 εἰς
2455 929 2645 999 πεῖραν
2667 929 2839 984 ἐλθεῖν
2868 931 3148 1003 πονηρίας,
3176 933 3332 988 τοῦτο
3356 932 3502 999 ξένον
3541 937 3635 990 καὶ
3661 940 3910 1009 παράδο-

2344 1009 2452 1074 ξον,
2477 1010 2571 1064 καὶ
2603 1010 2766 1066 αὐτοῦ
2799 1013 2978 1084 μόνου.
3009 1015 3098 1068 Διὸ
3121 1015 3184 1085 δὴ
3203 1017 3418 1070 κάκεῖνο
3445 1017 3537 1072 καὶ
3563 1017 3718 1072 τοῦτο
3733 1020 3912 1074 τέθει-

2344 1107 2457 1146 κεν.
2490 1091 2565 1144 Οὐ
2598 1091 2706 1164 7&9
2753 1093 2889 1163 μιτά
2927 1096 3026 1165 τήν
3072 1097 3269 1166 πεῖραν
3305 1097 3405 1166 τῆς
3459 1099 3656 1162 κακίας
3688 1101 3905 1170 ἀπέστη

2341 1171 2440 1240 τῆς
2495 1171 2710 1237 κακίας,
2736 1175 2918 1245 φησὶν,
2951 1175 3085 1230 ἀλλά
3135 1177 3337 1231 ἀνωθεν
3363 1178 3457 1232 καὶ
3489 1181 3552 1233 ἐκ
3601 1182 3908 1252 προοιμίων

2344 1253 2524 1308 αὐτῶν
2579 1257 2754 1309 πᾶσαν
2812 1257 3010 1330 ἀρετήν
3065 1258 3426 1315 ἐπεδείκνυτο.
3493 1263 3557 1314 Ὀ
3610 1263 3703 1315 καὶ
3737 1263 3911 1326 αὐτὸς

2345 1334 2530 1402 ῐλεγε·
2567 1337 2664 1402 Τις
2706 1337 2774 1400 ἐξ
2794 1338 2990 1392 αὐτῶν
3025 1339 3256 1409 ἐλέγχει
3305 1358 3381 1410 με
3417 1342 3548 1409 περί
3584 1342 3910 1411 ἁμαρτιας-ξ

2346 1417 2462 1481 καὶ,
2497 1418 2772 1486 Ἔρχεται
2809 1421 2842 1474 ό
2888 1420 3085 1489 ἀρχων
3115 1422 3221 1476 τοῦ
3254 1424 3484 1493 κόσμου
3535 1424 3778 1490 τούτου,
3805 1425 3912 1478 καί

2344 1497 2414 1552 ἐν
2431 1498 2558 1567 ἐμοί
2581 1500 2702 1568 ἔχει
2735 1499 2930 1557 οὐδέν.

2418 1578 2483 1643 ζ’.
2510 1581 2617 1634 Καὶ
2647 1580 2808 1644 αὐτὸς
2831 1575 2982 1646 οὗτος
3020 1580 3221 1653 προῖὼν
3260 1583 3290 1636 6
3329 1585 3607 1656 προφήτης
3625 1585 3793 1652 λέγει,
3826 1586 3913 1639 ὅτι

2360 1661 2668 1730 Ἀμιιρτίαν
2709 1663 2820 1717 οὐκ
2865 1662 3170 1730 ἐποίησεν,
3209 1663 3352 1718 οὐδέ
3384 1664 3560 1731 δόλος
3591 1666 3804 1736 εὑρέθη
3840 1667 3914 1719 ἐν

2349 1741 2430 1807 τῷ
2447 1745 2695 1810 στόματι
2720 1741 2925 1798 αὑτοῦ.
2943 1743 3110 1798 Τοῦτο
3133 1743 3197 1814 δή
3225 1745 3319 1798 καὶ
3361 1745 3591 1799 ἐνταῦθά
3617 1763 3802 1817 φησιν,
3829 1747 3914 1798 ᾶτι

2353 1823 2482 1892 πρὶν
2527 1823 2560 1892 ἦ
2595 1823 2795 1891 γνῶναι
2819 1823 2978 1880 αὑτὸν
3005 1825 3038 1896 ἢ
3061 1823 3377 1896 προελέσθαι
3410 1825 3638 1896 πονηρὰ,
3679 1826 3788 1879 ἀπὸ
3813 1825 3917 1894 τῆς

2352 1905 2565 1974 ήλικίας
2616 1904 2828 1975 ἐκείνης
2857 1905 2956 1975 τῆς
2994 1905 3394 1975 ἀπειροκὼιου,
3444 1906 3537 1960 ἀπ’
3575 1905 3754 1960 αὐτῶν
3804 1907 3918 1958 τῶν

2355 1985 2654 2055 προοιμίων
2682 1986 2781 2056 τήν
2827 1986 3025 2058 ἀρετήν
3058 1987 3400 2054 ἐπιδείξεται,
3448 1988 3542 2042 καὶ
3590 1987 3740 2041 οὐδὲν
3802 1987 3918 2052 ἕξει

2355 2067 2492 2136 πρὸς
2538 2067 2635 2137 τήν
2667 2067 2864 2121 κακίαν
2908 2067 3102 2122 κοινόν.
3139 2069 3288 2121 Διότι
3330 2067 3471 2135 πρίν
3496 2069 3534 2134 ἢ
3588 2067 3810 2136 γνῶναι
3849 2067 3919 2118 τὸ

2355 2148 2595 2202 παιδίον
2611 2148 2834 2218 ἀγαθὸν
2847 2149 2886 2216 ἢ
2904 2148 3111 2212 κακὸν,
3133 2147 3250 2220 [ει]
3263 2148 3491 2204 ἀπειθεῖ
3510 2150 3785 2216 πονηρίᾳ,
3811 2145 3922 2199 τοῦ

2353 2231 2715 2296 ἐκλέξασθαι
2749 2231 2814 2284 τὸ
2846 2231 3086 2301 ἀγαθόν.
3117 2229 3284 2285 Πάλιν
3311 2231 3430 2292 ταῖς
3449 2231 3634 2293 αὑταῖς
3660 2230 3841 2295 λέξεσι
3862 2229 3924 2282 τὸ

2356 2315 2487 2368 αὐτὸ
2542 2315 2721 2385 νόημα
2771 2313 3082 2377 αἰνίττεται,
3130 2313 3223 2366 καὶ
3267 2312 3581 2382 ἐνδιατρίϐει
3639 2311 3713 2382 τῷ
3754 2311 3918 2380 λόγῳ.

2369 2396 2586 2466 Ἐπειδὴ
2632 2397 2738 2466 γάρ
2784 2396 2986 2467 σφόδρα
3042 2389 3110 2466 ἦν
3155 2394 3356 2466 ὑψηλὸν
3411 2393 3471 2447 τὸ
3505 2394 3812 2464 εἰρημένον,
3855 2394 3923 2462 τῇ

2361 2477 2612 2546 συνεχείᾳ
2639 2477 2737 2545 τῆς
2781 2476 3080 2547 διηγήσεως
3107 2476 3238 2530 αὑτὸ
3281 2474 3582 2529 πιστοῦται.
3601 2475 3781 2543 Ὀπερ
3816 2473 3926 2542 7&9

2359 2558 2614 2626 ἀνωτέρω
2641 2558 2901 2627 ἐδήλωσεν
2933 2556 3119 2620 εἰπὼν,
3165 2557 3312 2623 Πρίν
3337 2557 3375 2623 ἦ
3417 2551 3636 2624 τνῶναι
3669 2555 3859 2608 αὑτὸν
3886 2554 3924 2621 ἤ

2361 2638 2719 2705 προελέσθαι
2745 2638 2999 2704 πονηρὰ,
3043 2638 3200 2692 τοῦτο
3239 2637 3442 2709 προῖὼν
3476 2636 3692 2708 ήνίξατο
3733 2635 3925 2699 εἰπὼν,

2361 2722 2512 2788 Πρίν
2534 2722 2570 2788 ἥ
2596 2719 2812 2788 γνῶναι
2831 2719 2898 2773 τὸ
2916 2719 3174 2773 παιδίονο
3200 2719 3293 2772 καὶ
3321 2718 3644 2791 ἐπεξηγήσει
3665 2718 3928 2788 κέχρηται

2362 2805 2523 2858 πάλιν
2544 2803 2716 2870 λέγων
2736 2820 2750 2834 ·
2807 2802 3025 2872 ἀγαθὸν
3052 2801 3091 2869 ἢ
3131 2801 3338 2866 κακὸν,
3376 2799 3607 2856 ἀπειθεῖ
3648 2801 3926 2866 πονηρίᾳ,

2361 2884 2469 2938 τοῦ
2500 2884 2864 2948 ἐκλέξασθαι
2889 2883 2954 2936 τὸ
2977 2884 3220 2952 ἀγαθόν.
3249 2883 3449 2936 Τούτου
3491 2882 3598 2952 7&9
3629 2882 3796 2936 αὐτοῦ
3834 2881 3931 2950 μό·

2362 2984 2454 3019 νου
2475 2962 2543 3036 ἦν
2570 2967 2632 3020 τὸ
2673 2965 2965 3035 ἐξαίρετον.
3015 2965 3106 3018 Διὸ
3137 2967 3229 3018 καὶ
3262 2966 3290 3018 6
3319 2964 3524 3028 Παῦλος
3547 2964 3679 3019 αὐτὸ
3708 2963 3930 3032 στρέφει

2366 3048 2622 3116 συνεχῶς,
2645 3051 2736 3100 καὶ
2773 3048 3020 3117 Ἰωάννης
3058 3048 3116 3100 δὲ
3164 3046 3284 3100 ἰδὼν
3321 3047 3481 3100 αὐτὸν
3501 3087 3516 3110 ,
3547 3046 3701 3099 τοῦτο
3727 3046 3930 3113 ἀνεκή-

2369 3129 2492 3199 ρυξε
2522 3129 2694 3194 λέγων
2716 3146 2728 3159 °
2765 3127 2886 3182 Ἰδε
2913 3132 2945 3182 ό
2981 3128 3170 3195 ἀμνὸς
3204 3127 3309 3181 τοῦ
3336 3128 3503 3192 Θεοῦ,
3539 3130 3572 3182 ὁ
3591 3129 3776 3194 αῑρων
3820 3126 3932 3192 τὴν

2364 3211 2654 3279 ἁμαρτίαν
2699 3208 2804 3262 τοῦ
2842 3211 3091 3275 κόσμου.
3161 3207 3217 3260 '0
3258 3207 3315 3260 δέ
3365 3207 3464 3277 τὴν
3508 3208 3704 3278 ἐτέρων
3736 3207 3932 3278 αῖρων,

2366 3290 2546 3363 πολλῷ
2570 3291 2768 3361 μᾶλλον
2807 3289 2966 3352 αὐτὸς
2989 3289 3369 3360 ἀναμάρτητος
3399 3284 3485 3359 ἦν.
3513 3289 3622 3342 Καὶ
3647 3290 3674 3340 6
3699 3287 3931 3348 Παῦλος,

2365 3376 2500 3446 ὅπερ
2553 3374 2721 3443 ἔφθην
2753 3371 2942 3433 είπὼν,
3003 3371 3239 3441 συνεχῶς
3285 3369 3414 3425 αὐτὸ
3449 3369 3670 3442 ἀναϐοᾷ..
3718 3367 3935 3437 Ἐπειδὴ

2365 3459 2474 3529 γὰρ
2523 3457 2746 3526 ἔμελλεν
2791 3454 3171 3524 ἀποθνήσκειν,
3207 3452 3294 3505 ῖνα
3347 3452 3420 3522 μή
3460 3468 3544 3515 τις
3599 3449 3797 3524 νομίσῃ
3827 3449 3936 3503 τῶν

2367 3542 2630 3599 ἀπίστων,
2663 3539 2744 3592 ὅτι
2779 3537 2982 3599 οἰκείας
3031 3535 3303 3606 ἁμαρτίας
3332 3534 3465 3587 τίνει
3493 3533 3664 3604 δίκην,
3699 3532 3938 3602 συνεχῶς

2367 3623 2533 3676 αὑτοῦ
2565 3622 2626 3674 τὸ
2654 3620 3032 3690 ἀναμάρτητον
3068 3621 3146 3680 εἰς
3182 3617 3346 3688 μέσον
3379 3615 3500 3684 ἀγει
3523 3656 3536 3680 ,
3576 3617 3664 3670 ῖνα
3709 3617 3804 3668 τὸν
3854 3615 3939 3667 θά-

2369 3723 2526 3761 νατον
2557 3706 2720 3760 αὑτοῦ
2775 3707 2872 3773 τῆς
2911 3703 3184 3774 ήμετέρας
3228 3701 3499 3772 ἀμαρτίας
3534 3701 3786 3771 λυτήριον
3813 3702 3936 3753 ὂντα

2368 3792 2535 3862 δείξῃ.
2567 3790 2657 3842 Διὸ
2684 3790 2777 3842 καὶ
2811 3789 2962 3854 ἔλεγε
2981 3803 2994 3818 ⁸
3045 3785 3297 3854 Χριστὸς
3326 3783 3583 3852 έτερθείς
3613 3783 3681 3836 ἐκ
3708 3783 3938 3851 νεκρῶν

2369 3877 2570 3927 οὐκέτι
2602 3869 2988 3932 ἀποθνήσκει.
3019 3867 3126 3922 Καὶ
3156 3865 3264 3936 γὰρ
3287 3867 3318 3920 δ
3347 3865 3621 3927 ἀπέθανε,
3647 3863 3720 3930 τῇ
3761 3865 3941 3930 ἀμαρ-

2369 3960 2465 4024 τίᾳ
2494 3956 2810 4011 ἀπέθανεν.
2849 3953 2982 4006 υύδέ
3029 3953 3231 4005 ἐκεῖνον
3264 3949 3352 4002 τὸν
3386 3947 3628 4009 θάνατον,
3661 3946 3736 4009 ὡς
3779 3946 3941 3999 ύπεύο

2371 4041 2527 4102 θυνος
2561 4040 2655 4098 ὣν,
2705 4037 2856 4106 φησί,
2891 4035 3031 4089 κατά
3072 4034 3162 4087 τὸν
3205 4032 3301 4102 τῆς
3331 4030 3601 4101 ἁμαρτίας
3630 4029 3786 4097 λόγον
3838 4031 3940 4083 ἀπ-

2374 4123 2580 4184 έθανεν,
2611 4121 2723 4173 ἀλλ’
2748 4120 2887 4187 ὑπὲρ
2918 4118 3017 4186 τῆς
3059 4115 3239 4183 κοινῆς
3266 4116 3517 4167 ἀπάντων
3545 4110 3938 4180 πλημμελείας.

2375 4202 2439 4256 Εἰ
2472 4203 2646 4256 τοίνυν
2667 4200 2743 4270 τῷ
2782 4199 3030 4269 προτέρῳ
3062 4195 3202 4250 κατὰ
3232 4196 3326 4248 τοῦ
3361 4207 3383 4234 ο
3414 4193 3708 4256 ὑπεύθυνος
3739 4193 3841 4245 ούκ
3855 4187 3941 4260 ἦν,

2374 4285 2438 4338 ἐκ
2459 4284 2771 4354 περιουσίας
2806 4281 3202 4340 ἀποδέδεικται,
3234 4279 3316 4330 ὅτι
3359 4275 3540 4328 ούκέτι
3574 4274 3939 4330 ἀποθανεῖται.

2374 4366 2486 4420 Καὶ
2539 4353 3073 4432 καταλειφθήσεται
3115 4361 3152 4426 ἠ
3184 4359 3305 4427 στῆ,
3362 4356 3443 4423 ἢν
3481 4356 3562 4410 σὺ
3611 4353 3791 4424 ςςοόᾔ,
3829 4353 3942 4408 ἀπὸ

2375 4447 2697 4515 προσώπου
2743 4447 2862 4499 τῶν
2895 4443 3003 4496 δύο
3049 4440 3376 4506 βασιλέων.
3436 4439 3611 4508 Ὅπερ
3650 4438 3883 4506 συνεχῶς
3915 4435 3943 4487 6

2377 4531 2661 4600 προφήτης
2699 4529 2860 4590 ποιεῖ,
2896 4525 3053 4579 τοῦτο
3080 4522 3310 4577 ἐνταῦθα
3349 4520 3630 4589 πεποίηκε.
3662 4521 3815 4573 Μετὰ
3852 4518 3944 4600 τὴν

2377 4599 2709 4681 προφητείαν
2733 4611 2825 4661 ἐπὶ
2856 4608 2952 4678 τὴν
2986 4605 3225 4672 ἱστορίαν
3263 4604 3444 4669 ἐξάγει
3467 4603 3556 4655 τὸν
3585 4602 3760 4667 λόγον.
3781 4599 3945 4653 Τοῦτο

2376 4696 2471 4747 καὶ
2512 4695 2605 4745 ἐπὶ
2642 4690 2749 4744 τῶν
2789 4690 3037 4759 Σεραφὶμ
3084 4686 3566 4739 κατασκευάσαντα
3605 4683 3792 4750 σαφῶς
3844 4683 3941 4731 ἀπ-

2377 4772 2676 4842 εδείξαμεν,
2716 4773 2743 4824 ὃ
2768 4773 2861 4824 καὶ
2908 4769 3136 4823 ἐνταῦθα
3185 4766 3490 4837 εἰργάσατο.
3529 4764 3710 4816 Εἰπὼν
3743 4762 3853 4834 7&9
3881 4761 3940 4814 τά

2382 4856 2639 4925 μέλλοντα
2680 4853 2896 4906 ἔσεσθαι
2948 4853 3046 4919 τῆς
3090 4850 3410 4917 οἰκουμένης
3465 4845 3642 4914 ἀγαθά
3670 4886 3685 4909 ,
3723 4847 3805 4908 εἰς
3857 4844 3942 4895 τὸν

2383 4938 2603 5008 βασιλέα
2639 4935 2820 4988 λοιπὸν
2867 4935 3054 5005 τρέπει
3095 4932 3185 4985 τὸν
3232 4931 3404 4996 λόγον.
3457 4929 3547 4982 Διὸ
3585 4928 3676 4980 καὶ
3705 4927 3941 4996 ἐπήγαγε

2381 5024 2574 5090 λέγων·
2606 5017 3157 5085 Καταλειφθήσεται
3193 5015 3231 5078 ἡ
3265 5012 3362 5082 τῆ.
3392 5012 3456 5064 Τί
3487 5016 3600 5064 ἐστι
3622 5050 3635 5072 ,
3669 5013 3940 5062 Hamis:-

2380 5105 2706 5173 φθήσεταις
2751 5101 3047 5167 Ἀνέπαφος
3073 5097 3245 5157 ἐσται,
3269 5093 3522 5163 ἐλευθέρα
3555 5092 3705 5144 ἔσται
3729 5091 3772 5156 τ,
3803 5091 3941 5144 οὐδὲν

2383 5188 2629 5239 πείσεται
2675 5184 2855 5252 ἀηδὲς,
2890 5184 2956 5235 τά
3009 5179 3103 5233 τοῦ
3154 5179 3391 5246 πολέμου
3425 5178 3520 5244 οὐχ
3571 5176 3938 5243 ύποστήσεται.

2384 5271 2492 5324 Καὶ
2518 5251 3050 5334 καταλειφθήσεται
3081 5263 3118 5331 ἡ
3149 5261 3243 5332 γῆ,
3296 5260 3375 5325 ἢν
3404 5260 3482 5312 σὺ
3506 5257 3692 5326 φοϐῇ,
3721 5258 3857 5325 ὑπὲρ
3881 5251 3940 5325 ἦς

2383 5355 2621 5414 δέδοικας
2643 5391 2656 5414 ,
2697 5350 2833 5420 ὑπὲρ
2856 5346 2922 5419 ἦς
2956 5346 3196 5417 τρέμεις,
3225 5345 3341 5397 ἀπὸ
3368 5341 3686 5409 προσώπου
3702 5338 3820 5390 τῶν
3841 5339 3940 5389 δύο

2378 5435 2704 5502 βασιλέων,
2731 5432 2823 5485 τοῦ
2855 5449 2912 5484 τε
2941 5426 3318 5499 Δαμασκηνοῦ,
3349 5426 3442 5478 καὶ
3468 5423 3559 5476 τοῦ
3597 5423 3936 5492 Ἰσραηλίτου.

2384 5518 2516 5573 Εἶτα
2560 5519 2644 5570 ἵνα
2677 5516 2748 5586 μὴ
2779 5517 2844 5584 τῇ
2875 5514 2980 5565 τῶν
3006 5510 3225 5577 ἀγαθῶν
3255 5506 3554 5577 προφητείᾳ
3589 5505 3937 5586 ρᾳθυμότερος

2384 5604 2625 5672 γένηται,
2664 5585 2794 5669 μηδέ
2823 5597 2925 5649 ὑπὸ
2954 5598 3052 5665 τῆς
3073 5594 3292 5662 εἰρήνης
3323 5591 3664 5672 χαυνότερος,
3693 5585 3936 5672 ἐπισφίγτ

2385 5662 2469 5752 γει
2501 5662 2849 5736 πά).ινάύτοῦ
2899 5662 3200 5748 τῆν’ψυχὴν
3226 5674 3397 5740 λέγων
3426 5688 3436 5699 ·
3484 5669 3658 5723 Ἀλλά
3687 5667 3887 5730 ἐπάξει
3909 5662 3938 5716 ό

2451 5868 2473 5895 ο
2499 5854 2590 5902 Hic
2609 5849 2875 5906 legendum
2909 5845 3108 5894 omnino
3129 5850 3206 5892 est
3231 5841 3353 5906 mg:
3376 5837 3557 5906 τοῦτα,
3626 5893 3637 5904 .

2450 5914 2470 5954 ί
2500 5897 2868 5969 ἧξςίξίλινθέρα
2890 5908 3039 5963 ίσται,
3063 5907 3239 5958 absunt
3257 5918 3281 5953 a
3308 5903 3430 5965 ﬂes.
3455 5905 3506 5948 et
3527 5897 3696 5962 SaviL.
