4152 6470
281 390 357 447 85
1603 382 1671 440 IN
1708 383 1957 455 lSAlAM,
1995 385 2146 446 csp.
2189 389 2298 448 vn.
3471 415 3544 470 se

274 484 508 561 virtute)
545 506 563 546 :
598 490 840 564 idipsum
868 492 1042 565 itaque
1070 491 1138 551 de
1165 490 1378 550 Christo
1405 493 1708 563 dicendum,
1738 496 1881 566 quod

288 590 485 650 nempe
508 581 620 652 ipsi
660 598 729 637 ex
764 584 923 640 rebus
966 598 1157 639 nomen
1201 584 1530 654 imposuerit.
1570 584 1719 639 Tunc
1741 586 1882 639 enim

299 670 534 727 maxime
562 673 846 728 nobiscum
869 674 1006 729 Deus
1030 673 1202 729 factus
1225 681 1327 741 est,
1352 688 1473 728 cum
1502 674 1553 728 in
1578 682 1717 729 terra
1740 673 1883 728 visus

306 770 406 828 est,
432 769 488 816 ct
514 775 641 817 cum
687 763 993 819 hominibus
1026 772 1370 819 conversatus
1412 772 1529 831 est,
1558 764 1883 833 multamque

308 866 433 923 erga
460 866 561 908 nos
586 854 973 922 providentiam
1013 854 1274 911 exhibuit.
1302 854 1419 910 Non
1444 854 1585 909 enim
1614 854 1751 909 ultra
1788 868 1883 908 an-

304 944 478 1014 gelus,
506 958 613 999 non
638 945 987 1016 archangelus
1014 946 1317 1013 nobiscum,
1344 945 1436 1000 sed
1464 946 1578 1015 ipse
1606 944 1877 1010 Dominus,

304 1036 399 1105 qui
430 1034 737 1103 descendit,
768 1052 978 1093 omnem
1006 1040 1061 1093 in
1089 1054 1149 1093 se
1174 1039 1407 1109 suscepit
1433 1038 1879 1103 emendationem,

307 1139 433 1179 cum
453 1127 817 1183 meretricibus
832 1127 1076 1198 loquens,
1098 1143 1219 1183 cum
1238 1130 1530 1198 publicanis
1546 1130 1878 1194 recumbens,

308 1214 362 1269 in
397 1224 731 1285 peccatorum
759 1216 950 1273 domus
978 1219 1303 1289 ingrediens,
1333 1220 1627 1276 latronibus
1656 1220 1876 1275 liberam

308 1303 564 1377 loquendi
608 1308 853 1364 ﬁduciam
884 1309 1074 1365 indens
1094 1352 1110 1377 ,
1146 1325 1331 1381 magos
1364 1310 1657 1376 attrahens,
1702 1311 1881 1365 omnia

304 1395 640 1466 perlustrans
674 1408 729 1454 et
764 1400 1092 1469 reformans,
1135 1402 1305 1471 ipsam
1349 1411 1592 1457 naturam
1635 1402 1735 1457 sibi
1782 1403 1881 1473 ipsi

305 1487 523 1543 aniens.
548 1486 671 1543 Hec
696 1490 870 1559 itaque
886 1492 1062 1545 omnia
1088 1492 1342 1562 propheta
1359 1493 1701 1562 prmnuntiat,
1726 1493 1881 1548 simul

306 1586 524 1648 partum
552 1578 765 1645 dicens,
805 1589 858 1635 et
882 1590 1065 1650 partus
1107 1582 1313 1638 lucrum
1357 1582 1622 1637 ineffabile
1658 1583 1787 1639 illud
1827 1591 1883 1638 et

308 1670 654 1726 immensum.
694 1669 826 1726 Cum
871 1672 1011 1727 enim
1063 1673 1205 1728 Deus
1245 1688 1367 1729 cum
1412 1673 1717 1729 hominibus
1762 1682 1877 1741 est,

302 1757 438 1813 nihil
469 1758 607 1813 ultra
638 1758 949 1827 timendum,
993 1762 1124 1817 nihil
1153 1763 1515 1830 tremendum,
1542 1763 1639 1819 sed
1668 1762 1735 1819 de
1762 1779 1880 1818 om-

302 1846 463 1903 nibus
488 1847 753 1903 lldendum
778 1860 861 1905 est
889 1867 903 1904 :
937 1850 989 1905 id
1019 1852 1161 1922 quod
1187 1852 1348 1907 etiam
1388 1852 1583 1908 factum
1612 1861 1713 1909 est.
1748 1852 1879 1907 Nam

303 1938 528 2008 antiqua
567 1936 657 1992 illa
692 1945 746 1994 et
774 1939 989 1994 immota
1015 1942 1153 1996 mala
1181 1942 1355 1997 soluta
1385 1951 1529 2007 sunt,
1561 1943 1667 1996 lata
1695 1951 1879 1997 contra

302 2042 595 2083 commune
633 2028 906 2086 hominum
954 2046 1121 2101 genus
1164 2034 1425 2087 sententia
1471 2033 1714 2088 submota
1762 2043 1874 2101 est,

302 2118 622 2189 peccatique
648 2123 795 2175 nervi
824 2123 963 2191 rupti
990 2131 1145 2188 sunt,
1174 2123 1370 2178 diaboli
1402 2124 1640 2194 tyrannis
1668 2124 1839 2179 soluta
1859 2166 1874 2192 ,

300 2211 686 2282 paradisusqu
710 2214 953 2269 omnibus
980 2216 1286 2271 inaccessus
1306 2216 1585 2271 homicidae
1608 2226 1664 2271 et
1683 2217 1878 2271 latroni

299 2303 532 2371 primum
573 2306 842 2373 aperitur,
867 2305 1110 2361 cmlestes
1148 2306 1383 2362 fornices
1418 2316 1743 2372 reserantur,
1776 2308 1877 2362 ho-

299 2406 500 2462 moque
524 2406 645 2448 cum
666 2394 869 2465 angelis
888 2397 1284 2463 commiscetur,
1314 2412 1377 2453 ac
1399 2408 1583 2453 natura
1613 2408 1790 2453 nostra
1811 2398 1878 2452 ad

300 2483 509 2553 regium
531 2484 721 2539 solium
750 2484 1065 2540 adducitur:
1091 2487 1283 2542 inferni
1306 2502 1489 2543 carcer
1510 2488 1711 2542 inutilis
1738 2503 1879 2542 mor-

298 2571 476 2641 tisque
496 2587 689 2628 nomen
720 2574 890 2629 solum
922 2578 1151 2642 mansit,
1177 2592 1237 2632 re
1265 2577 1378 2646 ipsa
1418 2591 1641 2631 vacuum
1673 2596 1689 2633 :
1729 2591 1873 2631 mar-

298 2672 478 2735 tyrum
508 2666 656 2720 chori
678 2708 693 2733 ,
721 2675 776 2721 et
799 2668 1050 2723 mulieres
1080 2668 1327 2723 stimulos
1357 2669 1551 2723 inferni
1583 2668 1873 2739 fregerunt.

370 2752 562 2808 Contra
582 2753 888 2810 Iordanem
908 2766 954 2811 et
981 2756 1321 2811 Valentinum.
1341 2787 1409 2797 —
1428 2757 1551 2813 Haec
1568 2758 1744 2829 itaque
1764 2772 1879 2812 om-

296 2843 389 2899 nia
416 2842 713 2915 previdens
741 2844 999 2916 propheta
1023 2845 1323 2901 exsultabat
1342 2855 1395 2901 et
1414 2845 1639 2901 choreas
1664 2845 1873 2917 agebat,

294 2942 357 2989 et
390 2947 498 2989 uno
526 2932 690 2990 verbo
720 2935 899 2990 omnia
938 2935 1092 2989 nobis
1129 2934 1441 3000 declaravit,
1470 2936 1874 2990 Emmanueiem

300 3021 465 3078 Itobls
488 3030 866 3094 prmnunttans.
894 3025 980 3081 i5.
1009 3024 1258 3096 Butyrum
1284 3035 1329 3079 et
1352 3026 1449 3079 mel
1468 3025 1709 3091 comedet,
1736 3034 1877 3079 ante-

291 3129 456 3182 quam
484 3115 607 3169 sciat
636 3116 743 3185 ipse
761 3116 837 3170 rel
868 3117 1158 3187 prteeligere
1182 3118 1342 3181 mala,
1378 3118 1523 3185 eliget
1548 3117 1749 3170 bonum.
1785 3116 1870 3171 l6.

295 3203 439 3270 Quis
472 3213 740 3275 antequam
765 3205 890 3259 sciat
924 3223 1052 3276 puer
1077 3206 1261 3261 bonum
1292 3215 1378 3259 aut
1408 3208 1629 3273 malum,
1660 3223 1760 3261 non
1788 3208 1875 3261 ob-

292 3304 549 3365 temperat
574 3296 798 3363 malitiae,
825 3304 880 3349 ut
906 3297 1061 3367 eligat
1092 3297 1299 3351 bonum.
1327 3297 1585 3363 Quoniam
1612 3312 1745 3368 puer
1774 3298 1873 3353 iste

290 3394 456 3441 natus
475 3400 645 3455 neque
682 3385 841 3441 homo
864 3386 1091 3455 simplex
1117 3394 1253 3452 erat,
1276 3401 1449 3456 neque
1476 3387 1615 3441 Deus
1646 3394 1872 3452 tantum,

290 3473 397 3531 sed
417 3475 559 3530 Deus
585 3474 638 3530 in
669 3475 905 3543 homine,
928 3476 1049 3545 jure
1074 3476 1334 3546 propheta
1360 3490 1660 3531 sermonem
1682 3476 1873 3545 variat,

291 3578 445 3619 nunc
474 3562 610 3630 hoc,
652 3579 793 3620 nunc
832 3564 960 3619 illud
1004 3564 1210 3631 dicens,
1242 3565 1499 3635 stupenda
1548 3579 1869 3635 proponens,

289 3666 401 3707 nec
426 3654 737 3721 permittens
779 3662 838 3708 ut
864 3654 996 3709 fides
1038 3665 1262 3725 negetur
1308 3656 1620 3711 mconomim
1658 3664 1873 3725 propter

287 3740 641 3796 eminentiam
690 3742 955 3797 miraculi.
986 3743 1118 3797 Cum
1164 3743 1393 3798 dixisset
1432 3744 1573 3797 enim
1613 3744 1870 3815 virginem

289 3844 421 3885 esse
447 3830 755 3900 parituram,
787 3831 841 3885 id
869 3831 1010 3901 quod
1039 3840 1283 3887 naturam
1310 3833 1612 3903 superabat,
1634 3842 1688 3888 et
1714 3834 1863 3889 illum

289 3920 615 3976 Emmanuel
638 3920 931 3975 vocandum
954 3934 1093 3985 esse,
1122 3922 1261 3991 quod
1282 3923 1453 3991 ipsum
1475 3923 1871 3993 exspectatione

288 4010 473 4079 majus
494 4018 625 4075 erat,
648 4025 715 4066 ne
741 4011 859 4081 quis
878 4010 1283 4067 Emmanuelem
1302 4012 1542 4079 audiens,
1570 4014 1622 4067 in
1650 4013 1871 4068 Marcio-

290 4101 386 4156 nis
412 4107 467 4155 et
491 4100 543 4153 in
561 4100 827 4157 Valentini
852 4101 1097 4155 morbum
1117 4102 1391 4168 incideret,
1422 4112 1635 4172 propter
1653 4104 1868 4173 dispen-

287 4189 580 4256 sationem,
607 4191 953 4246 clarissimam
984 4191 1190 4247 induxit
1214 4192 1624 4261 dispensationis
1644 4194 1866 4251 demon-

288 4282 606 4339 strationem
660 4281 776 4355 (a),
820 4297 850 4337 a
900 4298 1082 4337 mensa
1118 4284 1217 4353 ipsi
1266 4284 1423 4339 fidem
1472 4284 1690 4341 faciens.
1726 4286 1863 4354 Quid

290 4371 444 4426 enim
472 4371 545 4425 ait
564 4372 587 4425 ἲ
608 4370 852 4441 Butyrum
877 4379 924 4425 et
950 4371 1048 4425 mel
1076 4372 1314 4427 comedet.
1358 4372 1414 4427 ld
1442 4389 1569 4429 vero
1594 4391 1700 4430 non
1727 4376 1863 4431 divi-

287 4461 481 4517 nitatis
502 4460 683 4526 fuerit,
706 4460 799 4515 sed
828 4469 1030 4515 natura:
1060 4470 1278 4517 nostra}.
1327 4463 1532 4518 Idcirco
1576 4465 1717 4519 enim
1760 4481 1864 4520 non

285 4550 605 4619 simpliciter
646 4550 697 4604 in
737 4550 949 4606 homine
986 4550 1055 4606 ab
1087 4566 1147 4607 se
1180 4550 1405 4607 formato
1432 4554 1683 4609 habitavit
1711 4596 1726 4623 ,
1760 4556 1855 4611 sed

284 4640 457 4695 etiam
486 4640 534 4693 in
561 4648 712 4694 utero
740 4650 975 4711 gestatus
1000 4650 1083 4695 est
1105 4682 1121 4705 ,
1164 4641 1322 4711 idque
1365 4657 1461 4711 per
1486 4660 1675 4700 novem
1703 4661 1853 4701 men—

283 4742 403 4792 ses,
427 4736 631 4797 partum
660 4743 968 4798 pannosque
993 4729 1174 4795 subiit,
1198 4739 1251 4784 et
1274 4731 1449 4786 cibum
1482 4734 1692 4788 tenellae
1721 4738 1861 4791 aetati

284 4828 730 4883 consentaneum,
758 4825 815 4871 ut
843 4832 938 4886 per
963 4818 1078 4872 haec
1102 4819 1279 4873 omnia
1308 4834 1370 4873 os
1398 4820 1667 4877 obturaret
1686 4823 1751 4878 iis
1768 4825 1855 4894 qui

285 4907 707 4965 incarnationem
738 4922 933 4977 negare
969 4908 1249 4964 auderent.
1296 4910 1422 4965 llzec
1466 4911 1641 4984 itaque
1665 4916 1859 4984 praevi-

285 5001 429 5053 dens
455 4996 709 5067 propheta
733 5011 838 5051 non
862 4998 1056 5051 natalia
1077 4998 1246 5054 solum
1267 5008 1321 5054 et
1342 5000 1635 5057 mirabilem
1652 5013 1859 5073 partum

283 5088 456 5144 dicit:
486 5086 579 5143 sed
604 5087 762 5142 etiam
803 5086 1113 5142 alimentum
1160 5090 1371 5146 tenella:
1420 5094 1591 5148 aetatis
1616 5134 1630 5161 ,
1659 5108 1766 5163 quo
1796 5095 1849 5150 in

283 5176 569 5234 cunabulis
592 5191 719 5231 usus
738 5184 839 5241 est,
860 5176 1003 5246 quod
1031 5177 1161 5233 nihil
1190 5178 1468 5237 differebat
1493 5196 1522 5235 a
1549 5192 1860 5238 cmterorum

285 5270 569 5325 hominum
588 5282 726 5335 esca,
744 5283 842 5324 nec
858 5267 1126 5339 quidpiam
1154 5271 1425 5329 insolitum
1452 5274 1703 5330 habebat.
1726 5274 1857 5330 Nam

284 5361 348 5416 in
378 5360 466 5415 illo
493 5373 664 5431 neque
689 5359 867 5415 omnia
895 5356 1105 5414 diversa
1122 5370 1295 5429 erant,
1324 5378 1495 5433 neque
1522 5365 1699 5419 omnia
1723 5380 1861 5421 com-

311 5486 583 5607 £100“!
604 5486 721 5539 dicit
740 5486 864 5559 init?
887 5484 1250 5558 (ξὶιιἺεοθιοωιιε
1266 5489 1436 5563 Isaiam
1452 5490 1584 5541 clare
1606 5493 1855 5565 dispensa-

488 5561 577 5598 sen
612 5550 969 5605 incarnationis,
1007 5548 1468 5601 demonstrationem
1499 5554 1763 5607 induxisse.
1792 5568 1855 5603 ne

284 5548 454 5615 tionB,
488 5561 577 5598 seu
608 5549 969 5615 incarnationis,
988 5548 1468 5615 demonstrationem
1496 5548 1763 5615 induxisse,
1792 5568 1857 5603 ne

281 5611 399 5673 quis
418 5613 465 5659 in
488 5611 833 5677 nominabant
854 5607 1097 5677 anlentini
1120 5612 1339 5677 morbum
1382 5614 1636 5677 incideret,
1661 5628 1721 5664 eo
1742 5607 1856 5677 spe-

282 5670 387 5739 ctat
407 5673 527 5739 quod
550 5670 837 5722 Valentinus
856 5674 907 5719 et
930 5671 1128 5719 Marcion
1151 5672 1391 5739 dicerent,
1416 5674 1579 5726 Filium
1602 5670 1695 5727 non
1720 5670 1855 5739 vere,

283 5731 379 5785 sed
390 5731 549 5799 specie
564 5740 769 5798 tantum,
794 5743 992 5784 carnem
1011 5735 1293 5796 sumpsisse.

1991 502 2189 556 munia.
2221 503 2352 559 illud
2374 504 2537 573 enim,
2564 521 2630 563 ex
2660 506 2882 564 muliere
2914 510 3054 565 nasci
3078 550 3095 579 ,
3120 525 3400 571 commune
3423 525 3548 581 est;

1988 605 2053 646 ex
2079 591 2281 662 virgine
2306 603 2478 651 autem
2499 637 2515 664 ,
2544 598 2714 667 majus
2749 614 2905 670 quam
2934 600 3166 657 conditio
3188 612 3364 659 nostra
3394 603 3552 661 ferat.

1988 683 2311 739 Alimentutn
2338 700 2548 743 sumere
2572 703 2781 745 rursum
2807 729 2823 756 ,
2867 706 2934 746 ex
2956 700 3160 747 natura:
3185 692 3300 763 lege
3324 704 3405 749 est
3432 709 3555 764 qua:

1988 775 2193 829 caeteris
2222 778 2494 846 competit,
2517 793 2579 834 ac
2603 794 2885 837 commune
2912 792 2995 838 est
3018 800 3033 848 ;
3060 792 3117 838 at
3146 784 3396 854 templum
3424 786 3551 840 illud

1988 861 2312 917 inaccessum
2338 878 2457 920 esse
2476 869 2741 937 nequitia,
2760 885 2932 939 neque
2951 872 3370 940 experimentum
3389 873 3550 927 ullum

1989 954 2202 1007 malitize
2226 955 2419 1012 habere
2441 996 2457 1023 ,
2489 958 2590 1013 hoc
2615 973 2809 1015 novum
2830 1000 2846 1025 ,
2878 961 2977 1016 hoc
3003 962 3319 1031 stupendum
3350 971 3431 1017 cst
3454 1002 3468 1027 ,
3496 972 3552 1018 tt

1988 1043 2085 1112 ipsi
2116 1046 2211 1099 soli
2236 1048 2503 1117 competit.
2529 1048 2757 1119 ideoque
2779 1060 2832 1104 et
2850 1050 2951 1104 hoc
2970 1061 3023 1105 et
3046 1051 3172 1105 illud
3200 1052 3395 1121 posuit.
3424 1050 3544 1107 Non

1988 1134 2129 1187 enim
2160 1142 2279 1203 post
2307 1136 2727 1205 experimentum
2755 1139 2969 1193 malitite
3004 1154 3033 1191 a
3073 1140 3269 1193 malitia
3297 1139 3497 1195 abstitit
3523 1180 3545 1208 ,

1988 1224 2155 1292 inquit
2190 1262 2205 1289 ,
2237 1224 2328 1278 sed
2358 1225 2424 1280 ab
2452 1226 2566 1295 ipso
2595 1226 2853 1297 principio
2880 1238 2936 1283 et
2960 1228 3180 1284 exordio
3204 1244 3415 1284 omnem
3440 1230 3549 1285 vir-

1989 1322 2151 1369 tutem
2182 1314 2438 1370 exhibuit.
2465 1316 2615 1381 Quod
2636 1326 2691 1373 et
2708 1318 2819 1388 ipse
2840 1318 2912 1371 ait
2939 1334 2954 1373 :
2989 1319 3113 1383 Quis
3138 1334 3201 1372 ea:
3228 1320 3349 1387 ipsis
3373 1326 3554 1389 arguet

1987 1422 2065 1458 me
2093 1406 2154 1458 de
2178 1407 2419 1474 peccato?
2446 1416 2499 1461 et
2527 1423 2542 1461 :
2579 1405 2723 1461 Venit
2753 1410 2983 1477 princeps
3007 1410 3160 1480 hujus
3181 1410 3359 1461 mundi
3389 1449 3403 1473 ,
3427 1419 3473 1463 et
3498 1411 3553 1462 in

1986 1511 2065 1548 me
2086 1510 2185 1547 non
2216 1495 2360 1549 habet
2383 1496 2640 1566 quidpiam
2661 1495 2835 1567 (Joan.
2861 1498 2913 1551 8.
2942 1496 3031 1551 46.
3055 1506 3099 1549 et
3128 1498 3213 1551 ll.
3243 1496 3354 1565 50).

2061 1585 2114 1637 7.
2153 1585 2325 1655 Atque
2367 1585 2453 1640 hic
2497 1588 2609 1655 ipse
2657 1587 2911 1655 pr0pheta
2959 1587 3010 1640 in
3058 1588 3399 1656 sequentibus
3439 1588 3551 1643 ait:

1987 1673 2258 1728 Peccatum
2292 1691 2389 1727 non
2416 1674 2550 1743 fecit,
2583 1692 2739 1744 neque
2762 1675 2906 1729 dolus
2933 1676 3157 1730 inuentus
3178 1686 3248 1731 est
3268 1678 3319 1731 in
3344 1694 3429 1732 ore
3445 1680 3554 1749 ejus

1989 1763 2139 1834 (lsai.
2172 1765 2257 1819 5'5.
2301 1764 2376 1832 9).
2421 1763 2532 1818 Hoc
2560 1772 2705 1819 certe
2733 1774 2786 1819 et
2824 1764 2923 1820 hoc
2959 1766 3077 1821 loco
3101 1766 3195 1831 ait,
3228 1766 3347 1836 quia
3377 1768 3554 1836 prius-

1985 1868 2141 1923 quam
2178 1854 2309 1909 sciat
2353 1854 2465 1923 ipse
2504 1854 2587 1908 vel
2629 1853 2764 1908 mala
2794 1855 3129 1925 prmcligere,
3175 1855 3241 1909 ab
3278 1866 3433 1911 mtate
3462 1856 3553 1912 illa

1984 1942 2183 1996 nullum
2214 1950 2427 2011 experta
2475 1941 2668 1995 malum
2694 1982 2709 2008 ,
2758 1942 2824 1997 ab
2860 1943 2975 2011 ipso
3013 1944 3273 2013 principio
3304 1944 3551 1999 virtutem

1983 2032 2248 2099 ostendet,
2297 2031 2529 2102 nihilque
2570 2047 2688 2087 cum
2735 2034 2963 2102 nequitia
3001 2048 3280 2088 commune
3316 2034 3551 2090 habebit.

1984 2124 2118 2190 Quia
2167 2126 2455 2195 priusquam
2501 2127 2625 2179 sciat
2669 2141 2791 2195 puer
2833 2125 3014 2178 bonum
3057 2134 3146 2178 aut
3190 2126 3411 2190 malum,
3450 2143 3554 2180 non

1982 2214 2288 2285 obtemperat
2325 2213 2562 2281 malitia,
2606 2222 2659 2267 ut
2687 2214 2835 2284 eligat
2874 2213 3073 2267 bonum.
3107 2213 3333 2269 Rursum
3362 2214 3549 2269 iisdem

1982 2305 2159 2361 verbis
2195 2305 2436 2361 eamdem
2477 2304 2787 2360 sententiam
2834 2304 3155 2371 subindicat,
3190 2316 3244 2360 et
3280 2305 3333 2359 in
3362 2305 3550 2361 eodem

1981 2403 2222 2449 versatur
2248 2409 2513 2449 sermone.
2543 2393 2671 2460 Quia
2705 2394 2844 2449 enim
2874 2394 3156 2449 admodum
3188 2396 3411 2449 sublime
3438 2404 3554 2450 erat

1982 2484 2031 2537 id
2054 2482 2192 2551 quod
2216 2482 2507 2546 dicebatur,
2528 2481 2838 2537 narratiOnis
2854 2482 3242 2551 continuatione
3265 2482 3361 2551 ipsi
3391 2482 3547 2537 fidem

1985 2573 2251 2627 conciliat.
2290 2571 2439 2637 Quod
2464 2573 2605 2627 enim
2633 2587 2790 2643 supra
2819 2572 3107 2627 declaravit
3129 2572 3309 2627 dicens
3332 2590 3345 2626 :
3367 2572 3551 2627 Pn'us-

1979 2679 2128 2732 quam
2152 2663 2274 2715 sciat
2299 2663 2404 2731 ipse
2431 2662 2507 2717 vel
2527 2662 2813 2733 prteeligere
2836 2665 2991 2728 mala,
3020 2661 3123 2717 hoc
3149 2673 3331 2735 postea
3355 2662 3540 2717 subin-

1980 2752 2173 2806 dicavit
2199 2750 2417 2817 dicens,
2454 2749 2756 2819 Priusquam
2791 2752 2915 2806 sciat
2946 2768 3102 2821 puer;
3126 2762 3177 2805 et
3214 2753 3550 2807 enarratione

1979 2856 2187 2895 rursum
2217 2842 2378 2896 utitur
2408 2841 2589 2896 dicens
2608 2858 2623 2897 :
2642 2841 2839 2895 Bonum
2864 2851 2953 2895 aut
2981 2843 3201 2908 malum,
3233 2858 3333 2895 non
3358 2843 3548 2895 obtem-

1980 2942 2123 3002 perat
2147 2934 2371 2999 maliliaz,
2402 2942 2455 2986 ut
2482 2934 2633 3003 eligat
2660 2934 2862 2986 bonum.
2892 2932 3057 3001 Hujus
3083 2933 3221 2987 enim
3253 2932 3413 2987 solius
3435 2943 3552 2987 erat

1982 3023 2094 3076 hmo
2117 3022 2477 3091 prmrogativa.
2496 3020 2616 3076 Ideo
2636 3031 2690 3077 et
2709 3021 2900 3077 Paulus
2915 3021 3015 3076 hoc
3034 3021 3243 3076 assidue
3271 3032 3472 3087 versat,
3496 3031 3551 3077 et

1977 3109 2210 3165 Joannes
2244 3110 2428 3164 videns
2472 3110 2654 3176 illum,
2703 3109 2806 3165 hoc
2851 3110 3173 3179 pradicavit.
3220 3109 3353 3163 Ecce
3388 3127 3547 3180 agnus

1977 3200 2073 3255 Dei
2094 3201 2175 3270 qui
2201 3201 2329 3255 tollit
2349 3211 2598 3272 peccatum
2627 3202 2804 3255 mundi
2827 3200 3004 3269 (Joan.
3035 3201 3083 3255 1.
3114 3200 3224 3271 29).
3250 3202 3347 3267 Qui
3368 3211 3545 3256 autem

1977 3290 2196 3346 aliorum
2226 3300 2436 3361 peccata
2465 3290 2718 3355 tollebat,
2750 3290 2915 3345 multo
2942 3290 3107 3359 magis
3136 3290 3245 3360 ipse
3274 3304 3301 3342 a
3328 3302 3549 3359 peccato

1977 3380 2227 3437 immunis
2256 3390 2387 3437 erat.
2420 3383 2484 3437 Et
2510 3382 2721 3448 Paulus,
2749 3391 2806 3437 ut
2834 3381 2991 3437 modo
3014 3381 3273 3447 dicebam,
3303 3382 3550 3453 frequen-

1976 3480 2059 3527 ter
2083 3472 2306 3541 idipsum
2333 3471 2543 3526 clamat.
2564 3473 2692 3537 Quia
2718 3472 2856 3525 enim
2885 3472 2972 3525 ille
2994 3472 3279 3527 moriturus
3304 3480 3448 3540 erat,
3477 3488 3547 3530 ne

1974 3563 2093 3632 quis
2120 3562 2404 3617 infidelium
2427 3570 2651 3631 putaret,
2676 3561 2846 3630 ipsum
2871 3562 3068 3630 peccati
3092 3563 3172 3615 sui
3193 3561 3317 3616 dare
3336 3577 3545 3631 ptenas,

1977 3652 2283 3723 frequenter
2310 3656 2425 3721 ejus
2454 3651 2941 3721 impeccabilitatem
2970 3651 3021 3706 in
3046 3652 3275 3707 medium
3301 3653 3544 3722 adducit,

1975 3751 2033 3797 ut
2052 3750 2275 3797 mortem
2299 3741 2462 3811 ipsius
2484 3741 2681 3810 peccati
2705 3741 2869 3795 nostri
2890 3740 3205 3795 solutionem
3228 3756 3346 3797 esse
3365 3751 3547 3797 osten-

1974 3832 2144 3887 deret.
2166 3831 2516 3899 Quamobrem
2536 3828 3006 3886 dicebat:Cltristus
3028 3848 3286 3901 resurgens
3312 3849 3373 3885 ea:
3400 3849 3539 3887 mor-

1978 3923 2096 3987 tuis,
2119 3924 2221 3987 iam
2246 3938 2342 3975 non
2364 3922 2591 3974 moritur.
2614 3920 2808 3973 Etenim
2828 3920 2961 3989 quod
2980 3931 3204 3973 mortuus
3225 3931 3315 3987 est,
3341 3932 3541 3991 peccato

1976 4020 2199 4064 mortuus
2226 4022 2298 4064 est
2327 4010 2498 4079 (Rom.
2530 4010 2581 4064 6.
2614 4009 2667 4063 9.
2696 4008 2805 4081 l0).
2833 4009 3009 4079 Neque
3037 4018 3207 4066 morte
3241 4011 3327 4065 illa
3347 4052 3362 4080 ,
3392 4013 3544 4081 quasi

1974 4116 2113 4166 reus,
2143 4100 2327 4171 inquit,
2348 4099 2636 4156 secundum
2661 4102 2916 4156 rationem
2946 4103 3140 4172 peccati
3162 4114 3399 4159 mortuus
3424 4114 3539 4170 est;

1974 4190 2065 4245 sed
2094 4206 2189 4260 pro
2218 4190 2483 4245 communi
2526 4192 2760 4245 omnium
2797 4190 3013 4247 delicto.
3064 4192 3119 4247 Si
3161 4193 3334 4263 itaque
3378 4196 3542 4263 priori

1973 4284 2128 4335 morti
2150 4280 2438 4336 secundum
2461 4280 2561 4335 hoc
2580 4282 2835 4336 obnoxius
2857 4296 2959 4337 non
2977 4294 3108 4345 erat,
3131 4285 3258 4337 satis
3276 4299 3539 4355 superque

1974 4370 2389 4425 demonstratum
2435 4381 2533 4433 est,
2587 4372 2755 4442 ipsum
2806 4386 2911 4426 non
2955 4374 3177 4441 amplius
3227 4376 3539 4431 moriturum

1974 4476 2111 4515 esse.
2145 4459 2212 4513 Et
2250 4462 2615 4528 derelinquetur
2658 4471 2808 4527 terra,
2855 4478 3003 4532 quam
3046 4476 3099 4515 tu
3141 4465 3313 4528 times,
3352 4482 3383 4519 a
3413 4470 3538 4538 facit

1973 4552 2183 4605 duorum
2226 4566 2418 4619 regum.
2462 4549 2611 4615 Quod
2655 4550 2955 4621 frequenter
2994 4551 3119 4607 facit
3159 4555 3441 4624 propheta,
3488 4558 3537 4612 id

1972 4639 2127 4693 etiam
2173 4637 2296 4691 fecit
2324 4639 2425 4692 hoc
2461 4637 2599 4693 loco.
2646 4638 2774 4693 Post
2815 4639 3143 4709 prophetiam
3172 4642 3238 4696 ad
3266 4643 3534 4699 historiam

1970 4741 2267 4782 sermonem
2297 4727 2520 4781 reducit.
2565 4728 2677 4782 Hoc
2706 4728 2861 4783 etiam
2896 4730 3053 4784 modo
3086 4731 3221 4786 circa
3262 4732 3531 4801 Seraphim

1968 4831 2027 4871 se
2067 4817 2296 4887 gessisse
2339 4818 2615 4887 perspicue
2658 4819 3016 4887 ostendimus,
3056 4820 3195 4890 quod
3245 4823 3400 4875 etiam
3451 4824 3528 4880 hit

1968 4908 2159 4962 effecit.
2193 4908 2321 4963 Cum
2352 4910 2702 4965 enarravisset
2746 4910 2886 4965 enim
2932 4910 3066 4965 bona
3108 4911 3221 4966 orbi
3274 4920 3529 4971 terrarum

1968 4998 2293 5065 obventura,
2344 5000 2409 5053 ad
2458 5013 2633 5068 regem
2679 4998 2888 5053 demum
2930 5013 3227 5053 sermonem
3253 5003 3534 5061 convertit.

1967 5089 2091 5145 Ideo
2137 5090 2251 5143 haec
2289 5090 2556 5160 subjungit
2586 5108 2597 5144 :
2627 5090 3004 5155 Derelinquetur
3045 5100 3196 5145 terra.
3242 5091 3376 5159 Quid
3428 5102 3529 5158 est,

1967 5180 2345 5251 Derelinquetur
2360 5182 2384 5233 .9
2402 5180 2595 5234 Intacta
2615 5181 2731 5246 erit,
2755 5178 2920 5234 libera
2938 5180 3091 5249 erit',
3107 5180 3235 5235 nihil
3253 5182 3529 5238 molestum

1968 5274 2230 5345 patietur,
2258 5272 2378 5327 belli
2409 5271 2544 5325 mala
2583 5285 2686 5325 non
2733 5271 3027 5325 sustinebit.
3068 5270 3136 5325 Et
3166 5272 3533 5343 derelinquetur

1967 5370 2128 5427 terra,
2156 5377 2303 5429 quam
2330 5369 2381 5412 tu
2412 5360 2580 5426 times,
2610 5372 2705 5430 pro
2728 5374 2828 5430 qua
2856 5359 3123 5426 formidas,
3155 5375 3253 5431 pro
3280 5376 3379 5429 qua
3411 5371 3520 5415 tre-

1963 5455 2085 5520 mis,
2126 5468 2157 5503 a
2186 5452 2313 5519 facie
2353 5451 2565 5504 duorum
2613 5466 2819 5521 regum;
2871 5450 3179 5506 Damasceni
3231 5465 3419 5521 nempe
3473 5462 3530 5508 ct

1962 5544 2233 5600 Israelita.
2262 5540 2457 5597 Deinde
2481 5558 2547 5598 ne
2568 5558 2661 5612 per
2676 5542 2930 5598 bonorum
2958 5542 3281 5615 prophetiam
3310 5543 3526 5614 Segnior

2026 5678 2042 5707 ι
2079 5682 2192 5733 Reg.
2222 5679 2273 5721 et
2293 5672 2431 5722 Savil.
2457 5674 2566 5733 hoc,
2588 5674 2737 5725 libera
2758 5673 2867 5733 erit,
2886 5677 3143 5728 omittunt:
3169 5674 3257 5726 sed
3279 5672 3445 5728 ποι-ει.
3466 5686 3520 5729 st

1964 5744 2123 5789 Bavar.
2149 5735 2348 5800 habent,
2374 5744 2426 5788 et
2441 5735 2715 5789 Tilmannus
2736 5738 2801 5788 ita
2822 5736 2955 5801 legit.
