4152 6470
625 412 698 468 87
1332 394 1391 451 8.
1428 390 1706 452 JOANNIS
1741 383 2212 446 CHRYSOSTOMI
2252 381 2569 443 ARCHIEP.
2609 383 3141 446 CONS'I‘AN'I‘INOP.
3816 405 3889 461 88

626 513 898 578 evaderet,
931 525 1030 568 nec
1050 525 1143 582 per
1162 522 1346 580 pacem
1373 506 1604 569 mollior,
1621 503 1736 574 ejus
1763 517 1948 558 rursus
1974 501 2210 556 animum

631 602 939 673 oerstringit
960 601 1144 656 dicens
1169 621 1182 658 :
1208 601 1296 654 17.
1329 597 1434 652 Sed
1465 596 1682 649 adducet
1728 594 1860 648 Deus
1887 609 2038 663 super
2065 601 2133 657 te,
2163 598 2211 644 et

626 711 779 764 super
799 695 1043 765 populum
1071 700 1246 758 tuum,
1287 698 1336 745 et
1373 705 1524 758 super
1559 687 1760 742 domum
1791 685 1948 757 patris
1969 684 2040 737 tui
2069 683 2206 746 dies,

623 788 712 854 qui
753 786 976 840 nondum
1013 792 1251 840 uenerunt
1289 798 1352 836 ea:
1393 798 1490 850 quo
1532 780 1613 835 die
1649 778 1854 832 abstulit
1894 776 2139 845 Ephraim
2178 791 2210 827 a

628 875 768 928 Iuda
794 892 957 944 regem
986 875 1325 945 Assyriorum.
1353 872 1454 927 Per
1483 871 1596 924 lucc
1623 869 1764 924 enim
1796 868 1992 922 indicat
2017 865 2209 920 barba-

629 981 808 1021 rerum
842 966 1210 1035 irruptiouem,
1242 979 1345 1034 qua
1370 962 1555 1017 urbem
1583 976 1615 1015 a
1642 957 2001 1014 fundamentis
2028 957 2207 1012 dirue-

626 1065 771 1119 runt,
803 1057 1036 1127 ipsisque
1062 1057 1113 1111 in
1141 1056 1494 1125 captivitatem
1527 1052 1764 1121 abreptis
1787 1050 2052 1104 abierunt.
2084 1048 2207 1103 Hzec

629 1160 758 1201 vero
787 1145 1046 1214 prmdicit,
1089 1160 1192 1199 non
1223 1153 1281 1198 ut
1320 1143 1589 1207 eveniant,
1622 1141 1715 1196 sed
1746 1149 1804 1194 ut
1832 1148 1975 1194 metu
2002 1146 2205 1205 tempe-

635 1235 894 1292 rantiores
920 1235 1063 1300 facti,
1089 1234 1552 1288 comminationem
1576 1231 1875 1299 depulsent.
1893 1229 2026 1296 Quia
2049 1241 2207 1297 porro

632 1340 807 1394 neque
831 1341 892 1379 ex
915 1325 1085 1390 bonis,
1109 1339 1228 1394 quae
1250 1332 1442 1394 przeter
1463 1322 1708 1376 meritum
1729 1318 2039 1387 consequuti
2061 1324 2205 1384 sunt,

630 1415 878 1471 meliores
904 1424 1029 1470 sunt
1051 1414 1223 1470 effecti
1252 1412 1416 1483 (quod
1441 1413 1582 1469 enim
1609 1419 1804 1483 prmter
1825 1410 2070 1465 meritum
2094 1407 2208 1463 btec

635 1505 941 1574 consequuti
973 1505 1111 1569 sint,
1144 1502 1375 1558 ostendit
1401 1504 1540 1572 regis
1565 1502 1776 1558 animus
1817 1509 1872 1556 et
1913 1500 2098 1569 ingens
2125 1499 2208 1552 in-

634 1593 978 1664 credulitas),
1023 1609 1197 1665 neque
1225 1594 1540 1649 terribilium
1580 1593 1990 1648 comminatione
2020 1591 2208 1646 mutati

630 1692 799 1748 sunt,
852 1684 946 1740 sed
999 1685 1210 1754 utrique
1255 1685 1473 1739 salutari
1524 1684 1809 1754 pharmace
1865 1683 2210 1738 vehementer

631 1771 967 1840 obstiterunt,
997 1775 1284 1829 sectionem
1311 1773 1524 1829 demum
1554 1771 1946 1842 profundiorem
1976 1771 2162 1842 inlligit
2190 1810 2207 1835 ,

633 1865 952 1920 exscindens
1001 1866 1263 1936 putridum
1309 1866 1478 1932 ulcus,
1526 1874 1579 1922 et
1622 1865 1992 1920 immedicabili
2023 1865 2210 1918 morbo

632 1957 940 2013 laborantes
966 1972 1233 2013 reserans.
1265 1957 1401 2024 Quid
1437 1957 1534 2012 sibi
1566 1957 1678 2011 vult
1707 1956 1866 2022 illud,
1897 1955 1980 2009 Ex
2006 1971 2104 2025 quo
2130 1956 2213 2009 die

635 2046 836 2101 abstulit
864 2046 1112 2118 Ephraim
1143 2065 1175 2102 a
1209 2047 1246 2102 Ι
1250 2049 1356 2102 uda
1376 2065 1538 2118 regem
1581 2046 1940 2117 Assyriorum?
1967 2047 2211 2117 Irrupcre

634 2136 846 2192 barbari
889 2138 1006 2192 illos
1042 2154 1227 2195 omnes
1264 2139 1574 2204 abducturi;
1623 2138 1719 2193 sed
1762 2138 1974 2192 omissis
1997 2137 2129 2191 Juda
2157 2147 2213 2193 et

637 2226 840 2283 duabus
872 2228 1112 2284 tribubus
1132 2269 1146 2293 ,
1193 2240 1375 2284 contra
1413 2228 1571 2282 Israel
1614 2227 1856 2282 conversi
1887 2234 2028 2281 sunt.
2059 2227 2209 2292 Quod

636 2317 798 2388 igitur
824 2317 980 2386 dicit,
1027 2318 1126 2374 hoc
1157 2319 1342 2374 estzA
1376 2318 1463 2373 die
1507 2318 1619 2384 illo,
1665 2332 1769 2387 quo
1810 2317 1993 2372 decem
2045 2318 2211 2372 tribus

635 2409 980 2464 barbarorum
1007 2412 1292 2466 exercitum
1323 2410 1388 2465 ad
1417 2426 1475 2467 se
1519 2410 1851 2478 pertrahent,
1883 2426 1911 2464 a
1955 2410 2210 2480 vobisque

633 2512 894 2568 averterit,
932 2503 1000 2558 ob
1027 2503 1225 2573 peccati
1254 2503 1334 2558 sui
1361 2502 1800 2574 magnitudinem,
1831 2503 2000 2572 iisque
2025 2502 2213 2558 adver-

636 2607 728 2648 sus
753 2609 811 2650 se
835 2596 1068 2651 evocatis
1091 2595 1332 2652 abductas
1369 2605 1556 2652 erunt:
1586 2597 1652 2650 ab
1681 2596 1791 2659 illo,
1823 2595 2061 2664 inquam,
2093 2595 2209 2662 die,

638 2684 824 2739 timere
853 2694 906 2740 et
931 2685 1214 2742 formidare
1238 2686 1452 2742 demum
1486 2695 1715 2755 Oportet.
1755 2685 2028 2754 Progressi
2058 2702 2213 2741 nam-

637 2789 761 2842 que,
795 2774 858 2828 ad
890 2790 980 2830 vos
1009 2776 1168 2830 etiam
1197 2776 1445 2842 venient,
1478 2777 1579 2831 nisi
1612 2775 1950 2844 resipiscatis.
1980 2777 2209 2846 Aitqne:

637 2864 720 2917 Ab
743 2863 832 2919 illo
852 2865 936 2921 die
956 2866 1181 2921 adducet
1199 2881 1310 2922 eos.
1331 2866 1445 2921 Non
1466 2867 1607 2922 enim
1633 2867 1791 2921 simul
1816 2882 1936 2922 cum
1964 2868 2215 2924 lsraelitas

638 2954 1027 3011 abducerentur
1050 2997 1065 3023 ,
1110 2957 1184 3013 illi
1223 2957 1363 3028 capti
1405 2964 1550 3026 sunt,
1579 2957 1670 3013 sed
1702 2971 1886 3028 parum
1917 2957 2215 3015 intercessit

639 3045 912 3114 temporis.

711 3134 764 3189 8.
792 3134 942 3202 Quod
968 3136 1124 3206 igitur
1151 3137 1296 3205 dicit,
1320 3137 1425 3193 hoc
1446 3147 1544 3204 est,
1577 3137 1802 3196 Decreto
1828 3152 1925 3194 suo
1951 3147 2076 3196 tunc
2099 3141 2213 3198 dies

639 3221 757 3279 illas
797 3224 1250 3286 induxissetzsed
1293 3229 1634 3300 exspectabat
1663 3231 1830 3297 Deus,
1872 3239 1925 3286 et
1957 3232 2216 3301 patienter

642 3312 864 3379 ferebat,
913 3318 1120 3372 etiamsi
1164 3318 1272 3387 jam
1321 3328 1445 3374 tunc
1495 3329 1709 3389 peccata
1755 3321 2013 3390 supplicio
2058 3322 2214 3392 digna

641 3415 846 3472 essent;
893 3407 942 3461 id
970 3409 1107 3478 quod
1136 3425 1276 3479 saepe
1314 3410 1490 3466 facere
1514 3411 1822 3476 consuevit,
1851 3423 1906 3467 ut
1933 3428 2053 3468 cum
2083 3416 2218 3470 assi-

641 3507 830 3566 gnatus
859 3499 972 3555 dies
1013 3501 1313 3569 advenerit,
1341 3503 1512 3559 adhuc
1538 3504 1891 3574 procrastinet
1916 3514 1969 3559 et
1996 3516 2214 3562 cuncte-

642 3597 756 3654 tur;
798 3591 936 3660 quod
967 3603 1050 3647 est
1097 3596 1382 3650 maximum
1425 3597 1723 3651 clementia:
1769 3597 1885 3666 ejus
1929 3598 2213 3667 indicium,

643 3692 848 3732 necnon
868 3693 1233 3750 argumentum
1259 3686 1600 3754 conspicuum
1623 3687 1808 3755 ingrati
1830 3701 2016 3742 eorum
2032 3689 2214 3754 animi,

641 3767 731 3835 qui
761 3768 874 3838 ejus
916 3771 1236 3841 indulgentia
1285 3775 1500 3840 nolunt,
1531 3785 1589 3830 ut
1621 3792 1716 3846 par
1754 3787 1954 3843 esset,‘
1979 3780 2072 3834 uti.
2107 3779 2218 3836 Hoc

642 3857 800 3927 igitur
826 3860 897 3914 ait
927 3862 1024 3916 hoc
1055 3863 1194 3931 loco,
1221 3864 1330 3934 jam
1358 3874 1482 3921 tunc
1508 3882 1700 3937 nempe
1721 3869 2213 3937 comminationem,

635 3947 746 4016 jam
774 3959 898 4005 tunc
927 3951 1155 4006 divinam
1188 3956 1318 4010 iram
1348 3955 1601 4023 adfuisse,
1625 3967 1682 4011 ut
1703 3959 1960 4028 supplicio
1982 3960 2047 4014 ad
2078 3961 2217 4019 fores

642 4038 892 4107 adducto,
920 4045 1174 4100 excitaret
1211 4046 1275 4100 ad
1307 4048 1671 4117 paenitentiam
1695 4089 1709 4114 ,
1741 4051 1993 4106 meliores
2023 4053 2216 4109 redde-

640 4137 743 4194 ret,
773 4141 825 4183 et
854 4141 973 4200 post
1001 4131 1208 4188 illorum
1239 4137 1498 4191 excidium
1532 4138 1582 4192 in
1612 4153 1810 4209 angore
1838 4143 2215 4212 constitueret,

640 4232 834 4287 neque,
868 4222 987 4290 quia
1018 4223 1090 4277 illi
1131 4224 1342 4280 abducti
1381 4226 1622 4293 fuerant,
1657 4229 1709 4283 hi
1742 4246 1870 4285 vero
1896 4231 2216 4303 effugerant,

641 4309 760 4364 ideo
783 4313 1054 4383 segniores
1086 4317 1294 4371 fierent.
1329 4319 1414 4374 18.
1445 4319 1517 4372 Ει
1542 4323 1632 4373 erit
1659 4321 1710 4373 in
1737 4323 1819 4376 die
1847 4325 1969 4391 illa,
2005 4328 2221 4382 sibilabit

643 4400 890 4456 Dominus
942 4407 1162 4471 muscis,
1215 4424 1326 4478 quae
1377 4410 1769 4465 dominabuntur
1815 4415 1950 4480 parti
1996 4420 2220 4485 [luminis

639 4491 876 4564 :E'gypti.
907 4495 1088 4553 Viden‘
1111 4516 1196 4555 me
1218 4516 1321 4555 non
1349 4501 1547 4556 frustra
1573 4503 1792 4568 dixisse,
1821 4506 1989 4574 ipsum
2019 4518 2216 4564 metum

638 4600 833 4654 angere
859 4590 1144 4658 volentem,
1176 4593 1243 4648 ab
1258 4594 1347 4648 illa
1365 4595 1451 4650 die
1469 4597 1936 4652 comminationem
1957 4597 2215 4657 intulisse.

639 4675 767 4741 Quae
789 4689 1080 4746 sequuntur
1107 4682 1281 4751 itaque
1306 4685 1406 4739 hoc
1432 4685 1684 4752 indicant,
1711 4689 1857 4756 queis
1878 4689 2039 4744 verbo
2061 4691 2219 4744 timo-

641 4781 753 4819 rem
787 4767 992 4835 incutit,
1021 4773 1285 4829 exercitus
1308 4775 1409 4827 illis
1429 4775 1730 4842 declarans,
1753 4778 1842 4846 qui
1862 4778 2220 4836 formidabiles

641 4859 769 4927 ipsis
795 4870 948 4914 erant
969 4902 982 4925 ,
1013 4871 1064 4916 et
1097 4863 1382 4919 invasionis
1410 4866 1714 4923 facilitatem
1745 4868 2136 4937 demonstrans,
2169 4872 2220 4927 id

638 4951 779 5018 quod
805 4950 924 5006 illos
949 4953 1228 5009 admodum
1261 4957 1601 5026 percellebat,
1631 4963 1897 5016 exercitus
1923 4963 2219 5019 multitudi-

642 5055 763 5094 nem
782 5041 1018 5099 iudicans
1037 5045 1074 5109 ί,
1093 5047 1230 5116 quod
1254 5047 1464 5103 illorum
1486 5049 1692 5104 animos
1713 5053 1942 5106 maxime
1968 5055 2216 5110 terrebat.

642 5130 768 5186 Ilaec
799 5150 957 5202 porro
985 5140 1160 5194 omnia
1197 5139 1248 5193 in
1292 5141 1633 5211 sequentibus
1673 5142 2044 5199 subindicavit.
2089 5149 2221 5202 Ani-

645 5239 787 5276 mum
812 5234 987 5281 autem
1015 5229 1207 5286 adhibe
1236 5247 1247 5283 :
1281 5230 1345 5284 Et
1371 5232 1461 5286 erit
1482 5234 1533 5286 in
1561 5232 1642 5285 die
1663 5232 1771 5297 illa,
1798 5234 1984 5302 inquit,
2008 5237 2226 5292 sibilabit

644 5312 892 5368 Dominus
939 5320 1141 5374 muscis.
1192 5321 1398 5376 Muscas
1447 5321 1532 5378 hic
1573 5325 1782 5378 vocavit
1819 5324 2125 5396 Egyptios,
2155 5330 2223 5384 ob

647 5405 1024 5476 impudentiam
1053 5419 1106 5464 et
1135 5412 1584 5481 inverecundiam,
1610 5415 1817 5484 etquod
1839 5430 1982 5487 saepe
2002 5419 2220 5487 repulsi,

713 5579 727 5608 ι
764 5583 879 5651 Reg.
908 5589 958 5629 et
981 5579 1397 5654 Savil.,_ea_:ercitus
1415 5584 1893 5654 gladiumindicans.
1910 5592 2000 5640 Sed
2024 5593 2226 5654 Savilitts

639 5638 651 5686 i
648 5651 692 5713 1n
709 5638 928 5710 margine
948 5643 1097 5703 ponit,
1124 5638 1242 5704 forte
1261 5638 1501 5713 exerciius
1525 5638 1732 5710 agmina.
1751 5638 1900 5701 ros-ro
1915 5638 2099 5712 dies;
2112 5638 2225 5713 Et};

635 5698 745 5749 dius
761 5698 1104 5773 interpretatur
1117 5698 1231 5773 itm,
1239 5708 1430 5773 agmina
1457 5698 1588 5767 vero;
1604 5698 1895 5773 “uagandi
1913 5698 2223 5768 similitudine

638 5770 810 5811 vocum
833 5764 1008 5816 ductus
1026 5764 1166 5818 uuam
1191 5764 1330 5820 alteri
1354 5764 1750 5824 substituendatn'
1768 5779 2037 5842 suspicatus
2061 5764 2154 5829 esu

2317 512 2460 570 stepe
2487 500 2781 569 instarent,
2811 519 2985 575 neque
3016 507 3280 564 tantillum
3309 512 3574 583 respirare
3603 515 3730 588 ipsis
3757 531 3891 574 con.

2317 589 2590 660 cederent,
2621 593 2715 648 sed
2740 609 2884 665 saepe
2907 596 3012 653 illis
3035 612 3284 655 sexcenta
3311 606 3520 674 negotia
3546 606 3887 674 facesserent.

2317 689 2374 733 ut
2399 697 2596 738 muscae
2623 685 2949 755 vulneribus,
2975 689 3055 745 sic
3078 694 3329 749 continue
3355 696 3590 766 ipsorum
3624 702 3887 758 calamita-

2315 772 2455 825 tibus
2483 773 2808 832 insistentes.
2841 779 2949 835 Hos
2978 781 3137 850 igitur
3177 785 3336 843 ducet
3375 789 3540 857 Deus;
3578 808 3680 849 nec
3716 804 3892 854 tamen

2314 860 2468 927 dixit,
2498 863 2682 931 Ducet,
2713 868 2804 923 sed
2828 870 3081 942 Sibilabit,
3105 873 3410 933 facilitatem
3437 896 3692 940 ascensus
3712 895 3892 943 esten--

2314 951 2468 1019 dens,
2515 964 2570 1010 et
2618 958 3080 1031 inexpugnabilem
3125 967 3220 1022 Dei
3273 973 3592 1041 potentiam,
3647 977 3894 1049 quodque

2314 1042 2542 1099 sufficiat
2566 1057 2724 1102 nutus
2751 1050 2865 1118 ejus
2890 1061 2947 1106 ut
2969 1056 3146 1110 omnia
3175 1069 3480 1126 sequantur.
3512 1042 3896 1137 Meritoque-ab

2315 1132 2398 1188 his
2419 1139 2776 1194 comminandi
2807 1143 3011 1198 initium
3039 1145 3186 1201 ducit
3210 1165 3328 1218 qua:
3349 1150 3456 1219 jam
3481 1157 3688 1223 experti
3715 1132 3890 1213 erant.

2312 1222 2382 1277 Et
2408 1225 2514 1294 api,
2537 1243 2650 1296 qua:
2670 1238 2742 1283 est
2765 1231 2817 1284 in
2839 1242 2969 1286 terra
2987 1235 3332 1306 Assyriorum.
3356 1241 3520 1313 Syrus
3541 1222 3594 1300 et
3614 1247 3889 1314 Hebrazus,

2315 1323 2373 1370 ut
2397 1317 2563 1373 aiunt.
2607 1335 2708 1375 non
2742 1322 2955 1392 dicunt,
2986 1328 3127 1396 Apes
3146 1370 3162 1392 ,
3189 1332 3304 1398 sed,
3334 1333 3610 1393 Crabrones
3630 1339 3729 1413 (α).
3759 1341 3892 1409 Quia

2313 1410 2454 1463 enim
2483 1426 2589 1465 non
2614 1415 2732 1468 illos
2758 1417 2932 1473 adhuc
2951 1419 3236 1476 admodum
3266 1427 3469 1494 experti
3501 1410 3673 1499 erant,
3691 1410 3893 1491 insecti

2313 1497 2474 1569 hujus
2503 1502 2733 1573 imagine
2760 1506 2811 1561 in
2841 1509 3164 1566 anxietatem
3197 1513 3316 1569 illos
3349 1516 3614 1588 ingentem
3637 1523 3892 1592 conjicie-

2315 1587 2424 1653 bat,
2459 1589 2585 1646 hinc
2625 1593 2903 1652 declarans
2941 1599 3150 1656 illorum
3179 1602 3593 1674 vehementiam,
3624 1587 3891 1682 pungendi

2315 1680 2420 1736 vim
2449 1690 2607 1752 atque
2635 1688 2932 1755 pugnandi,
2963 1691 3244 1748 vulnerum
3288 1680 3661 1766 acerbitatem,
3691 1680 3892 1756 veloci-

2316 1780 2478 1827 tatem
2520 1775 2778 1833 adventus
2803 1819 2819 1846 ,
2863 1796 2922 1836 se
2962 1781 3031 1837 ab
3059 1784 3138 1840 eis
3169 1788 3347 1842 tuendi
3385 1788 3769 1850 difficultatem.
3804 1797 3890 1852 19.

2315 1863 2384 1918 Et
2412 1868 2604 1922 venient
2633 1879 2679 1924 et
2704 1873 3005 1941 requiescent
3042 1891 3215 1932 onsnes
3252 1879 3305 1933 in
3336 1881 3543 1938 vallibus
3567 1886 3821 1957 regionis,
3849 1897 3893 1941 et

2314 1957 2365 2010 in
2393 1957 2726 2026 foraminibus
2763 1974 3051 2034 petrarum,
3097 1978 3144 2022 et
3183 1970 3235 2024 in
3275 1973 3558 2042 speluncis,
3606 1988 3652 2030 et
3681 1978 3895 2032 inomni

2315 2048 2520 2115 ﬁssura,
2552 2060 2598 2105 et
2635 2052 2689 2106 in
2718 2056 2853 2109 omni
2898 2057 3054 2128 ligno.
3089 2058 3366 2115 Enarratis
3389 2064 3624 2133 gentium
3653 2074 3892 2136 terrore,

2315 2139 2686 2211 exercitusque
2741 2145 3049 2212 celeritate,
3104 2150 3494 2208 multitudinem
3542 2153 3754 2210 demum
3807 2172 3895 2214 re-

2315 2238 2516 2284 censet.
2541 2231 2654 2287 Non
2689 2233 2843 2301 dixit,
2858 2235 3402 2308 Castrametahuntur,
3416 2243 3529 2309 sed,
3547 2244 3893 2316 Requiescem,

2318 2334 2490 2389 neque
2517 2333 2769 2378 venturos
2794 2329 2942 2396 quasi
2962 2329 3026 2383 ad
3050 2329 3298 2386 hostilem
3319 2335 3610 2403 regionem,
3630 2337 3720 2392 sed
3743 2340 3896 2407 quasi

2316 2409 2372 2464 in
2404 2415 2616 2483 propria
2643 2414 2848 2471 deliciis
2867 2433 2928 2472 se
2950 2418 3245 2488 dedituros,
3268 2425 3414 2492 quasi
3440 2426 3584 2479 nullo
3605 2426 3785 2481 labore
3812 2428 3895 2482 vel

2316 2500 2692 2574 defatigatione
2720 2516 2934 2577 egeant,
2964 2511 3057 2566 sed
3086 2513 3234 2582 quasi
3265 2514 3328 2569 ad
3357 2526 3554 2571 certam
3585 2519 3858 2574 victoriam
3878 2559 3897 2586 ,

2317 2600 2372 2647 et
2397 2604 2628 2664 paratam
2660 2598 2910 2666 praedam.
2937 2599 3139 2657 Idcirco
3163 2604 3254 2670 ait,
3283 2603 3489 2660 Venient
3510 2617 3554 2662 et
3573 2611 3896 2678 requiescent,

2318 2683 2460 2752 quod
2491 2687 2721 2743 victores
2763 2690 2996 2757 indicat,
3045 2701 3306 2763 tropaeum
3350 2698 3648 2768 erigentes,
3693 2709 3747 2756 et
3783 2710 3902 2771 post

2319 2775 2547 2829 multum
2603 2779 2853 2833 sudorem
2905 2782 3206 2852 multasque
3253 2786 3429 2842 caedes
3480 2791 3897 2860 requiescentes.

2317 2864 2499 2935 Neque
2528 2865 2582 2921 in
2608 2872 2894 2938 campestri
2924 2873 3094 2928 solum
3127 2875 3246 2930 loco
3272 2878 3634 2947 requiescent;
3656 2882 3748 2937 sed
3776 2883 3899 2954 quia

2319 2954 2579 3013 immensa
2626 2970 2750 3015 sunt
2792 2963 3110 3032 multitudo,
3157 2982 3262 3022 non
3303 2983 3469 3038 capax
3504 2972 3605 3027 erit
3645 2974 3792 3043 regio
3823 2983 3901 3030 tot

2319 3062 2627 3118 corporum,
2657 3052 2751 3108 sed
2771 3055 2956 3121 valles,
2975 3067 3160 3125 petra},
3188 3070 3416 3128 montes,
3443 3063 3628 3130 saltus,
3648 3077 3700 3120 et
3719 3071 3900 3121 omnia

2320 3141 2640 3213 obtegentur
2676 3146 3026 3205 barbarorum
3077 3154 3410 3223 corporibus.
3441 3157 3770 3228 Quamquam
3800 3162 3900 3217 etsi

2321 3249 2427 3289 non
2451 3245 2554 3292 tam
2579 3237 2784 3294 feroces
2805 3241 3044 3307 fuissent,
3062 3259 3232 3314 neque
3250 3247 3327 3300 sic
3355 3259 3606 3319 superatu
3624 3249 3804 3307 faciles
3826 3253 3902 3322 (ιι)

2321 3335 2474 3380 erant
2495 3368 2509 3392 ,
2554 3329 2837 3386 multitudo
2866 3333 3061 3403 quippe
3095 3336 3392 3393 sufficiebat
3416 3339 3480 3393 ad
3510 3340 3632 3396 illos
3658 3353 3902 3400 conster-

2322 3416 2802 3488 nendoszquando
2845 3431 3021 3478 autem
3063 3435 3347 3498 utrumque
3389 3429 3608 3497 aderat,
3656 3442 3710 3489 et
3757 3443 3903 3490 tanta

2323 3508 2637 3575 multitudo,
2669 3520 2722 3566 et
2750 3522 2854 3567 tam
2897 3515 3084 3583 ingens
3116 3519 3348 3586 potentia
3368 3560 3384 3586 ,
3413 3530 3466 3576 et
3493 3524 3633 3592 quod
3663 3526 3904 3582 omnium

2320 3599 2692 3667 gravissimum
2721 3612 2823 3667 est,
2857 3604 2932 3657 ira
2966 3606 3058 3660 Dei
3091 3609 3384 3664 exercitum
3412 3610 3631 3679 ducens,
3661 3630 3780 3683 qua:
3811 3615 3907 3673 de~

2323 3707 2466 3745 tuum
2496 3707 2617 3762 spes
2656 3695 2874 3750 salutis?
2905 3697 3033 3752 Illud
3061 3714 3192 3754 vero
3212 3741 3227 3768 ,
3257 3699 3324 3756 In
3365 3705 3502 3757 omni
3532 3707 3744 3774 ﬁssura,
3778 3718 3828 3764 et
3854 3711 3906 3765 in

2324 3782 2460 3835 omni
2493 3782 2630 3852 ligno
2655 3824 2669 3851 ,
2716 3784 3058 3856 hyperbolice
3093 3790 3292 3845 dictum
3321 3803 3424 3850 est.
3453 3795 3636 3867 Neque
3671 3799 3817 3855 enim
3853 3800 3906 3858 in

2322 3873 2605 3928 arboribus
2633 3887 2785 3930 erant
2813 3879 3045 3947 requiem
3083 3884 3321 3950 capturi;
3356 3885 3448 3939 sed
3478 3888 3655 3955 simul,
3686 3899 3742 3945 ut
3771 3891 3905 3949 dixi.

2323 3963 2668 4036 hyperbolen]
2700 3969 2926 4024 obscure
2951 3971 3219 4039 adhibuit,
3269 3987 3322 4029 et
3367 3977 3419 4030 in
3451 3982 3759 4049 metaphora
3787 3999 3904 4039 cra-

2322 4057 2550 4112 bronum
2580 4059 2790 4115 mansit.

2395 4149 2487 4204 Ira
2510 4152 2603 4205 Dei
2628 4153 2889 4208 novacula.
2915 4184 2985 4195 --
3009 4155 3100 4211 20.
3144 4155 3210 4211 In
3246 4159 3325 4212 die
3359 4159 3449 4213 illa
3483 4162 3624 4216 radet
3653 4162 3904 4220 Dominus

2327 4243 2574 4297 novacula
2616 4246 2879 4300 inebriata.
2930 4247 3202 4304 Timorem
3254 4266 3348 4319 per
3384 4254 3648 4309 exercitus
3691 4265 3904 4311 auctum

2326 4349 2536 4387 rursum
2575 4336 2882 4403 ampliﬁcat,
2911 4337 2975 4390 ad
3016 4340 3206 4394 cadum
3227 4355 3524 4397 sermonem
3559 4344 3902 4414 transferens,

2326 4426 2722 4496 ostendensque
2753 4443 2858 4481 non
2902 4429 3157 4485 barbaros
3195 4433 3450 4501 quosdam
3491 4434 3768 4506 Egyptios
3813 4449 3906 4497 aut

2327 4516 2536 4581 Persas,
2569 4518 2660 4572 sed
2692 4519 2854 4574 Deum
2877 4535 2995 4576 esse
3021 4523 3108 4592 qui
3136 4523 3334 4579 Iudaeis
3356 4526 3550 4582 bellum
3590 4528 3767 4586 infert.
3797 4533 3906 4587 No-

2326 4608 2568 4661 vaculam
2619 4618 2795 4664 autem
2839 4612 2924 4666 hic
2953 4625 3107 4668 vocat
3155 4615 3540 4671 intolerandam
3581 4620 3697 4688 ejus
3745 4622 3902 4690 iram,

2325 4717 2481 4770 quam
2514 4719 2670 4758 neruo
2702 4704 2841 4759 ferre
2862 4706 3049 4775 possit,
3080 4707 3233 4764 facile
3263 4710 3596 4769 invadentem
3633 4726 3686 4772 et
3713 4732 3909 4774 consu-

2328 4803 2581 4848 mentcm.
2610 4795 3067 4862 Quemadmodum
3086 4801 3226 4853 enim
3257 4801 3344 4870 pili
3371 4806 3610 4873 corporis
3632 4813 3908 4865 novacula:

2327 4887 2495 4941 aciem
2531 4903 2635 4940 non
2683 4890 2965 4957 sustinent,
2995 4892 3103 4960 sed
3130 4894 3309 4948 statim
3341 4896 3538 4952 cedunt
3580 4907 3635 4954 et
3659 4902 3858 4958 abeunt
3888 4921 3909 4966 ε

2328 4982 2403 5034 sic
2431 4990 2484 5034 et
2512 4996 2596 5035 res
2616 4982 2847 5037 Iudaicre
2874 4986 3006 5039 iram
3037 4986 3181 5041 illam
3219 5003 3248 5042 a
3277 4989 3389 5045 Deo
3423 4991 3711 5049 immissam
3743 5011 3907 5052 num-

2328 5090 2484 5142 quam
2514 5075 2882 5142 sustinuerint,
2922 5078 3018 5132 ait.

2399 5165 2450 5218 9.
2493 5165 2758 5220 Novacula
2787 5167 2946 5236 igitur
2986 5170 3243 5225 inebriato
3284 5174 3548 5242 vigentem
3591 5176 3908 5247 plenamque

2332 5258 2419 5311 Dei
2451 5257 2602 5324 iram,
2633 5258 3062 5330 completamque
3105 5265 3423 5317 sententiam
3468 5266 3618 5321 nobis
3649 5266 3904 5324 declarat.

2329 5348 2479 5412 Quod
2531 5359 2705 5404 autem
2762 5351 2838 5405 ait
2869 5367 2883 5404 :
2914 5349 3080 5408 Trans
3131 5354 3320 5422 ﬂumen
3373 5355 3502 5425 regis
3548 5356 3906 5428 Assyriorum,

2389 5543 2460 5604 (ιι)
2496 5550 2604 5591 Haec
2627 5550 2766 5592 certe
2790 5542 2851 5590 ab
2890 5544 3131 5612 imperitis
3175 5545 3372 5595 edidicit
3394 5546 3770 5612 Chrysostomus.
3796 5560 3906 5606 Nam

2327 5627 2375 5676 in
2399 5627 2601 5679 Hebrazo
2623 5627 2805 5691 legitur
3073 5667 3087 5692 ,
3114 5633 3158 5675 et
3176 5625 3276 5691 api.

2392 5716 2460 5776 (b)
2495 5715 2547 5763 In
2581 5726 2768 5787 Crisaeo,
2803 5730 2901 5787 past
2925 5733 3019 5773 οὓς..
3051 5732 3193 5785 ῥᾴδιοι.
3229 5723 3454 5774 Libenter
3496 5725 3688 5774 credam
3729 5725 3909 5787 aliquid

2328 5785 2524 5839 deesse,
2547 5787 2595 5829 ct
2618 5780 2874 5833 divinando
2892 5780 3228 5836 locum'lLatiue
3259 5795 3547 5838 convertere
3570 5797 3761 5838 coactus
3779 5780 3904 5838 sunt.
