4152 6468
256 418 337 477 89
1030 356 1037 359 ⁵
1524 407 1589 463 ΙΝ
1628 404 1878 474 ISAIAII,
1916 402 2066 463 CAP.
2107 406 2239 467 VIII.
3458 443 3532 502 90

252 528 409 574 trans
433 519 785 592 Euphratem
818 519 1064 577 videlicet
1096 535 1109 573 :
1144 528 1201 574 ut
1232 526 1352 575 erat
1384 517 1565 574 Iudaea
1605 528 1657 574 et
1682 517 1853 574 Palae-

270 610 410 663 stina
426 612 614 665 omnis
636 626 668 664 a
695 610 910 665 Perside
929 608 1291 665 redeuntibus.
1314 607 1439 663 Haec
1458 607 1633 678 itaque
1655 607 1851 673 omnia,

278 700 475 770 inquit,
518 702 740 770 penitus
779 699 996 755 delebit.
1026 698 1201 769 Caput
1237 706 1434 764 autem,
1465 697 1700 766 capillos,
1734 695 1855 750 bar-

284 790 407 845 bam
437 801 491 845 et
534 791 719 860 pedes,
773 790 1071 845 universam
1114 789 1384 859 regionem
1423 786 1550 843 dicit
1580 787 1680 842 sub
1714 801 1859 842 com-

290 883 565 951 paratione
594 880 853 949 corporis,
896 894 1116 949 eamque
1143 888 1306 933 totam
1347 892 1591 932 sermone
1625 876 1861 946 comple-

291 974 472 1037 ctitur,
508 970 951 1040 quemadmodum
976 971 1127 1025 initio
1152 967 1360 1025 dicebat
1385 986 1399 1021 :
1426 967 1585 1023 Omne
1619 977 1768 1038 caput
1789 968 1858 1021 ad

288 1062 535 1129 laborem,
564 1070 611 1114 et
636 1076 781 1114 omne
809 1077 896 1115 eor
931 1062 997 1114 ad
1023 1061 1268 1115 dolorem.
1296 1059 1340 1113 Α
1379 1059 1585 1129 pedibus
1612 1075 1765 1129 usque
1786 1058 1856 1112 ad

287 1161 442 1217 caput
470 1166 571 1203 non
600 1152 747 1203 estin
777 1166 832 1205 eo
855 1151 1045 1205 sanitas
1074 1148 1225 1220 (Isai.
1250 1149 1295 1203 1.
1331 1149 1385 1204 5.
1408 1148 1463 1219 6)
1493 1166 1507 1202 :
1535 1164 1639 1204 non
1658 1148 1726 1203 de
1752 1161 1856 1203 uno

284 1248 495 1293 tantum
518 1239 699 1294 dicens
720 1240 953 1305 homine,
983 1238 1077 1294 sed
1110 1246 1273 1294 totam
1301 1238 1568 1309 regionem
1593 1240 1684 1294 uni
1709 1253 1855 1294 com-

285 1342 486 1397 parans
518 1329 749 1397 corpori.
793 1328 904 1384 Hoc
930 1337 1107 1383 autem
1151 1327 1239 1384 hic
1268 1328 1431 1383 dicit:
1457 1338 1620 1385 totam
1661 1339 1853 1385 terram

280 1434 448 1488 grave
478 1419 767 1474 subituram
797 1419 1109 1490 supplicium
1140 1433 1280 1475 esse.
1305 1420 1369 1474 Et
1394 1418 1498 1475 hoc
1521 1420 1732 1491 quidem
1761 1435 1857 1489 per

286 1510 625 1575 novaculam,
657 1510 785 1565 illud
816 1525 946 1566 vero
980 1527 1076 1582 per
1099 1512 1337 1581 corporis
1362 1512 1642 1582 imaginem
1677 1510 1856 1566 decla-

285 1600 445 1664 ravit,
501 1600 808 1668 ostendens,
854 1600 1128 1657 decretum
1177 1616 1208 1655 a
1253 1601 1361 1656 Deo
1409 1601 1570 1655 latum
1615 1600 1855 1655 acerbius

284 1704 447 1757 quam
477 1690 784 1744 novaculam
822 1690 1110 1759 quamlibet
1133 1698 1187 1746 et
1216 1689 1456 1745 homines
1484 1698 1539 1745 et
1564 1698 1718 1745 terra:
1742 1689 1857 1744 fruo

282 1787 406 1834 ctus
444 1789 879 1849 consumpturum
903 1821 919 1845 ,
968 1780 1218 1850 illamque
1251 1780 1444 1834 nudam
1494 1787 1549 1834 et
1591 1778 1852 1835 desertam

280 1867 597 1922 relicturum
637 1883 773 1923 esse.
825 1867 1025 1923 Deinde
1054 1868 1171 1937 ejus
1211 1868 1509 1923 vastitatem
1557 1882 1651 1937 per
1696 1868 1853 1924 aliam

278 1956 736 2023 comparationem
767 1956 1006 2011 exhibet.
1036 1955 1199 2025 idque
1230 1955 1354 2011 facit
1388 1971 1581 2011 curans
1610 1966 1667 2011 ut
1697 1958 1853 2013 timor

280 2062 502 2114 semper
525 2047 703 2116 vigens
729 2054 960 2111 maneat,
984 2056 1037 2102 et
1060 2062 1224 2118 angor
1245 2047 1566 2118 longitudine
1593 2050 1852 2106 sermonis

280 2150 393 2189 non
421 2135 706 2191 minuatur.
737 2136 803 2190 Et
831 2136 1042 2207 quidem
1068 2137 1277 2194 videtur
1314 2138 1403 2193 hic
1440 2153 1617 2194 sermo
1646 2140 1729 2205 iis,
1759 2140 1850 2210 qui

279 2242 393 2280 non
420 2226 718 2290 attendunt,
750 2228 990 2296 qumdam
1032 2228 1290 2283 bonorum
1331 2230 1585 2299 promissa
1614 2229 1851 2298 comple-

279 2316 353 2369 cti
388 2333 401 2367 :
431 2316 525 2370 sed
546 2317 636 2385 qui
675 2328 923 2372 accurate
962 2324 1287 2383 scrutantur,
1313 2317 1484 2372 sciunt
1514 2318 1738 2387 ingentis
1761 2332 1851 2373 va-

280 2406 485 2459 stitatis
510 2420 627 2460 esse
647 2406 1173 2463 demonstrationem.
1204 2406 1340 2474 Quid
1373 2411 1512 2463 enim
1540 2409 1650 2462 ait?
1672 2410 1760 2463 21.
1787 2408 1852 2463 Et

276 2499 379 2551 erit
422 2497 473 2549 in
518 2497 601 2551 die
635 2496 749 2563 illa,
790 2499 974 2553 nutriet
1017 2500 1165 2554 homo
1192 2501 1397 2554 vitulam
1432 2501 1598 2568 boum,
1633 2512 1681 2557 et
1724 2502 1853 2556 duas

278 2602 418 2640 oues.
462 2586 551 2640 2'2.
593 2586 658 2639 Et
689 2590 799 2654 erit,
842 2605 905 2643 ea:
944 2590 1162 2659 plurima
1205 2591 1406 2661 potione
1441 2592 1604 2658 lactis,
1630 2593 1851 2647 comedet

278 2678 541 2746 butyrum,
573 2679 688 2747 quia
714 2680 946 2749 butyrum
990 2690 1037 2734 et
1079 2681 1177 2734 mel
1202 2681 1422 2735 comedet
1456 2684 1620 2737 omnis
1647 2684 1850 2739 relictus

277 2784 435 2835 super
455 2777 655 2821 terram.
683 2769 791 2823 lloc
813 2771 1052 2837 multam,
1076 2781 1133 2826 ut
1152 2772 1282 2837 dixi,
1311 2774 1847 2830 vastitatem'indicat.

276 2857 446 2911 Terra
477 2857 618 2911 enim
650 2874 767 2927 qua:
790 2860 1109 2913 frumentum
1148 2868 1203 2914 et
1228 2860 1482 2915 hordeum
1504 2862 1723 2926 ferebat,
1753 2862 1851 2915 ho-

274 2947 515 2999 minibus
543 2946 813 3014 destituta,
840 2947 1056 3001 uberem
1086 2947 1475 3015 pabulationem
1505 2950 1686 3005 ovibus
1714 2965 1849 3020 pra:-

279 3034 452 3096 hehit,
481 3044 533 3089 et
562 3035 631 3088 ita
656 3036 896 3103 uberem,
938 3046 994 3089 ut
1028 3035 1098 3090 ob
1127 3035 1500 3093 abundantiam
1529 3038 1647 3094 talis
1670 3039 1846 3109 pabuli

272 3125 546 3179 sufﬁciant
564 3142 693 3182 oves
719 3128 837 3182 dum
861 3137 915 3183 et
943 3143 1043 3183 una
1073 3128 1255 3196 vitula,
1288 3138 1345 3184 ut
1363 3130 1653 3200 possessori
1678 3131 1850 3188 fontes

276 3216 435 3269 lactis
459 3216 746 3284 prmbeant.
786 3217 964 3287 Itaque
994 3218 1315 3274 abundantia
1343 3219 1521 3290 pabuli
1550 3220 1851 3287 brutorum,

274 3304 581 3359 solitudinis
606 3306 879 3360 hominum
905 3308 1192 3362 maximum
1218 3318 1298 3363 est
1325 3318 1715 3379 argumentum.
1746 3308 1847 3365 Mcl

273 3408 495 3462 quoque
532 3394 658 3448 illud
686 3396 983 3451 subindicat
1007 3414 1021 3450 :
1050 3398 1226 3452 solent
1254 3397 1394 3451 enim
1423 3411 1550 3467 apes
1575 3398 1627 3452 in
1658 3399 1846 3453 solitu-

272 3482 494 3537 dinibus
515 3483 755 3540 lubenter
779 3486 1000 3553 versari,
1027 3486 1112 3540 ubi
1138 3485 1422 3540 abundanti
1444 3501 1563 3541 esca
1583 3488 1844 3553 fruantur,

271 3581 333 3625 et
379 3570 466 3625 ubi
495 3571 668 3627 nullus
697 3574 766 3626 sit
795 3574 885 3642 qui
921 3573 1213 3643 perturbet.
1257 3574 1324 3629 Ut
1354 3589 1478 3629 vero
1501 3574 1673 3629 discas
1703 3574 1843 3629 illam

272 3664 547 3731 ingentem
587 3663 923 3719 solitudinem
980 3664 1351 3731 subindicare,
1399 3681 1465 3721 ex
1507 3667 1846 3737 sequentibus

272 3752 412 3805 disci
441 3760 632 3822 potest.
662 3753 751 3807 23.
792 3753 857 3807 Et
887 3754 978 3808 erit
1011 3755 1066 3809 in
1104 3755 1186 3809 die
1219 3755 1330 3821 illa,
1376 3756 1459 3810 ubi
1487 3756 1671 3824 fuerint
1707 3758 1844 3811 mille

271 3843 435 3895 uince
458 3843 597 3897 mille
633 3844 893 3909 sicterum,
923 3845 973 3897 in
999 3846 1240 3899 incultam
1270 3856 1433 3910 erunt,
1469 3856 1520 3900 et
1546 3848 1598 3901 in
1621 3847 1840 3917 spinam.

268 3924 367 3979 2L
394 3925 517 3979 Cum
543 3928 724 3996 sagitta
750 3936 795 3981 et
828 3944 949 3980 arcu
973 3928 1314 3997 ingredientur
1341 3928 1483 3997 illuc,
1514 3932 1631 3999 quia
1656 3930 1844 3984 inculta

265 4028 318 4068 et
343 4016 505 4082 spinis
530 4018 688 4069 obsita
714 4019 804 4070 erit
830 4017 990 4070 cumis
1031 4026 1185 4071 terra.
1214 4018 1455 4089 Magnum
1496 4030 1550 4075 et
1580 4019 1678 4075 hoc
1702 4020 1841 4075 infe-

244 4103 489 4157 licitatis
516 4104 721 4173 signum
761 4113 861 4167 est,
889 4105 1028 4174 quod
1057 4121 1161 4160 non
1208 4116 1415 4163 montes
1452 4117 1506 4165 et
1543 4110 1711 4177 silvae,
1746 4111 1841 4167 sed

266 4193 389 4260 ipsa
416 4192 627 4247 arabilis
668 4203 830 4261 terra,
860 4209 979 4264 qua:
1021 4194 1304 4266 diligenter
1330 4197 1623 4264 colebatur,
1662 4199 1842 4268 spinas

265 4281 430 4336 ferat.
472 4281 650 4350 Neque
675 4282 816 4337 enim
849 4293 1048 4339 temere
1077 4286 1347 4341 vinearum
1375 4288 1602 4357 pretium
1641 4290 1835 4359 posuit,

260 4370 367 4424 sed
400 4379 456 4424 ut
496 4380 737 4427 naturam
763 4382 917 4428 terra:
945 4373 1354 4441 demonstraret,
1398 4378 1718 4448 multamque
1748 4394 1839 4433 co-

261 4460 515 4515 lonorum
546 4474 745 4515 curam.
771 4462 1014 4517 Attamen
1042 4464 1131 4518 illa
1148 4480 1263 4534 quae
1292 4467 1436 4534 prius
1458 4476 1562 4522 tam
1587 4482 1839 4539 prospera

261 4559 444 4616 erant,
474 4551 659 4621 inquit,
690 4561 745 4607 et
766 4554 1113 4623 agricolarum
1152 4556 1394 4612 manibus
1419 4557 1742 4627 fruebantur,
1772 4561 1825 4615 in

265 4651 475 4696 tantam
515 4652 683 4698 vertet
721 4644 1086 4714 solitudinem,
1128 4656 1185 4702 ut
1209 4648 1387 4717 spinas
1424 4664 1521 4719 pro
1557 4652 1724 4706 vineis
1762 4652 1838 4708 fe-

261 4742 411 4797 mm,
443 4743 496 4788 et
516 4744 716 4790 tantum
744 4736 999 4792 incutiant
1035 4738 1448 4809 ingredientibus
1475 4750 1751 4810 terrorem,
1780 4752 1837 4799 ut

262 4836 430 4877 nemo
454 4824 643 4877 audeat
673 4824 843 4879 nudus
870 4835 921 4879 et
960 4827 1076 4881 sine
1104 4827 1269 4881 armis
1296 4828 1539 4886 introire.
1579 4830 1687 4886 Hoc
1706 4847 1835 4888 vero

259 4910 364 4973 ait,
394 4912 728 4967 solitudinem
752 4914 850 4968 loci
878 4914 1173 4982 declarans,
1204 4917 1528 4989 multamque
1547 4919 1650 4975 illis
1674 4922 1725 4976 in
1755 4922 1834 4976 Io-

259 5002 346 5055 cis
375 4999 597 5055 ferarum
622 5002 988 5073 frequentiam.
1011 5004 1222 5060 Illorum
1245 5007 1421 5077 itaque
1440 5006 1617 5065 animo
1642 5012 1832 5068 timore

260 5091 533 5160 perculso,
564 5092 794 5164 ipsisque
821 5093 1123 5150 vehementi
1160 5096 1372 5152 incusso
1419 5107 1582 5166 metu,
1621 5117 1828 5157 rursum

258 5196 568 5237 sermonem
598 5198 781 5253 parum
815 5186 1057 5253 remittit,
1085 5186 1224 5242 bona
1269 5188 1587 5255 admiscens,
1623 5208 1827 5248 necnon

257 5274 607 5329 mutationem
647 5274 700 5329 in
754 5276 982 5341 melius;
1011 5286 1069 5333 ut
1121 5279 1368 5348 utrinque
1412 5282 1503 5335 Dei
1544 5286 1827 5351 potentiam

257 5374 634 5433 agnoscerent.
672 5365 866 5422 Verum
911 5368 963 5423 in
1013 5369 1336 5426 terribilibus
1380 5371 1574 5428 diutius
1612 5376 1823 5445 insistit,

256 5458 401 5512 bona
442 5472 565 5512 vero
594 5458 773 5513 statim
820 5468 878 5514 ut
914 5460 1067 5529 dixit,
1100 5461 1420 5517 intermittit.
1452 5464 1668 5532 Quare?
1694 5469 1824 5534 Quia

257 5548 365 5601 hoc
401 5549 632 5605 maxime
660 5550 1038 5620 increpationis
1068 5553 1364 5623 pharmace
1404 5566 1529 5611 tunc
1557 5559 1820 5627 egebant;

253 5641 330 5694 ita
362 5648 416 5693 ut
442 5649 715 5711 postquam
737 5642 953 5713 copiose
984 5643 1111 5698 illud
1146 5646 1409 5715 apposuit,
1438 5663 1544 5718 quo
1563 5650 1699 5705 sinat
1727 5666 1821 5720 pa-

251 5742 470 5803 rumper
511 5733 798 5807 respirare,
852 5743 906 5792 el
947 5733 1071 5791 hinc
1119 5737 1276 5792 etiam
1318 5736 1383 5794 ad
1435 5738 1677 5797 virtutem
1724 5755 1818 5798 eos

1972 533 2174 589 evocet,
2216 523 2352 579 bona
2378 522 2755 593 intermisceat,
2794 525 2976 585 dicens
3006 528 3129 587 :25.
3179 530 3355 588 Omnis
3380 550 3523 589 utens

1967 625 2136 669 aratro
2161 615 2389 671 sulcatus
2430 619 2679 673 arabitur.
2716 619 3167 687 Quemadmodum
3203 626 3346 682 enim
3384 625 3523 682 Irato

1966 705 2095 773 Deo,
2137 708 2293 762 etiam
2325 707 2471 763 ferax
2498 709 2738 779 planities
2766 713 2993 768 solitudo
3019 716 3156 770 erit:
3184 718 3262 773 sic
3288 717 3378 774 illo
3404 718 3524 789 pla-

1964 807 2103 862 cato,
2136 798 2293 851 etiam
2323 799 2437 854 loca
2460 814 2643 869 aspera
2667 802 2957 872 pinguioris
2987 814 3139 860 terra:
3162 808 3520 865 conditionem

1964 888 2257 958 acquirent,
2297 899 2352 944 et
2390 900 2623 946 aratrum
2662 896 2927 965 excipient
2969 905 3127 967 atque
3174 912 3377 956 semen.
3427 902 3524 956 liis

1964 993 2124 1048 porro
2164 982 2407 1049 peractis,
2458 984 2617 1039 etiam
2658 1000 2719 1040 ea
2756 1003 2875 1056 qum
2924 988 3038 1043 inec
3089 1002 3384 1063 sequuntur
3425 994 3524 1048 ad-

1963 1077 2138 1136 erunt,
2173 1083 2292 1138 pax,
2337 1070 2575 1137 libertas,
2607 1074 2817 1140 ﬁducia,
2853 1094 2950 1133 nec
2980 1080 3117 1136 ullus
3154 1082 3254 1137 erit
3284 1082 3439 1137 timor
3467 1092 3525 1137 ut

1964 1158 2185 1228 pridem.
2211 1160 2341 1215 Nam
2366 1163 2461 1228 ait,
2495 1163 2611 1219 Non
2632 1167 2938 1237 ingredietur
2964 1170 3068 1224 illic
3096 1172 3259 1226 timor.
3290 1171 3403 1227 Erit
3428 1189 3523 1226 au-

1963 1256 2059 1301 tem
2095 1250 2157 1302 ab
2186 1251 2372 1305 inculta
2399 1262 2551 1321 terra,
2596 1266 2642 1308 et
2682 1273 2713 1308 a
2738 1257 2885 1325 spina
2921 1259 2972 1311 in
3004 1276 3189 1326 pascua
3230 1264 3355 1327 ovis,
3394 1272 3439 1317 et
3467 1281 3523 1318 us

1962 1339 2385 1395 conculcationem
2411 1343 2564 1398 bovis.
2607 1344 2710 1400 Per
2751 1346 2866 1400 lucc
2904 1363 3087 1404 rursus
3114 1365 3202 1406 res
3242 1367 3522 1423 prosperas

1959 1428 2238 1496 signiﬁcat,
2284 1431 2421 1486 sicut
2459 1441 2513 1488 et
2546 1434 2766 1491 ulterius
2804 1438 3147 1507 progrediens
3191 1442 3300 1496 ait:
3331 1442 3521 1497 Beatus

1960 1519 2045 1585 qui
2087 1521 2297 1575 seminat
2337 1539 2489 1591 super
2534 1540 2728 1580 omnem
2771 1542 2973 1596 aquam,
3019 1531 3100 1583 ubi
3142 1530 3229 1584 bos
3267 1541 3312 1584 et
3352 1536 3523 1587 asinus

1960 1610 2155 1664 calcant
2204 1610 2355 1681 (Isai.
2400 1613 2484 1669 32.
2528 1615 2641 1687 20).
2691 1617 3146 1685 Quemadmodum
3188 1621 3349 1687 enim,
3401 1638 3522 1678 eum

1960 1702 2297 1758 solitudinem
2326 1705 2441 1759 vult
2460 1707 2776 1777 signiﬁcare,
2805 1710 3019 1767 Sirenas
3044 1721 3100 1768 et
3126 1714 3524 1771 Onocentauros

1960 1794 2011 1848 in
2049 1794 2278 1850 medium
2308 1796 2520 1853 adducit
2551 1798 2700 1870 (Isai.
2731 1802 2817 1857 15.
2861 1802 2952 1858 21.
2991 1803 3083 1876 22)
3110 1820 3124 1858 :
3150 1805 3243 1870 sic,
3277 1821 3398 1862 cum
3426 1822 3522 1876 pa-

1958 1898 2072 1939 cem
2098 1894 2151 1939 et
2170 1888 2529 1955 securitatem,
2558 1890 2801 1945 animalia
2830 1903 3103 1949 mansueta
3132 1904 3186 1950 et
3209 1896 3520 1963 tractabiiia,

1957 1991 2180 2046 qumque
2238 1979 2575 2049 agricultura:
2633 1982 2926 2039 inserviunt
2971 1985 3166 2056 ubique
3233 1987 3521 2058 conspicua

1957 2065 2189 2133 exhibet,
2221 2069 2288 2123 ab
2314 2068 2397 2123 his
2422 2085 2483 2125 ea
2510 2087 2627 2142 quae
2663 2087 2845 2129 eorum
2890 2075 3182 2130 ministerio
3207 2076 3338 2131 fiunt
3379 2077 3519 2132 indi-
3550 2115 3555 2121 ι

1957 2169 2107 2224 cans,
2129 2159 2501 2227 agriculturam
2527 2172 2581 2218 et
2599 2162 2701 2219 alia
2728 2179 2911 2220 eorum
2932 2165 3238 2221 ministeria.

2537 2294 2760 2351 CAPUT
2809 2294 2937 2350 Vili.

1959 2402 2009 2457 1.
2050 2402 2116 2455 Et
2152 2404 2223 2457 ait
2262 2402 2507 2460 Dominus
2548 2406 2616 2459 ad
2657 2423 2735 2462 me
2764 2422 2783 2462 :
2809 2408 2966 2465 Sume
2992 2411 3079 2464 tibi
3121 2420 3305 2465 tomum
3331 2414 3520 2470 charta:

2027 2507 2240 2557 nouum,
2291 2510 2556 2564 magnum,
2600 2506 2647 2549 et
2690 2499 2846 2551 scribe
2885 2499 2937 2552 in
2980 2515 3038 2553 eo
3091 2503 3220 2569 style
3261 2501 3516 2565 hominis,

2024 2592 2078 2635 ut
2140 2583 2368 2637 velociter
2437 2584 2858 2650 deprazdationem
2909 2589 3064 2658 faciat
3121 2591 3415 2660 spoliorum.
3458 2594 3515 2649 2.

2025 2674 2177 2728 Adest
2194 2675 2325 2729 enim
2352 2691 2371 2729 :
2396 2685 2440 2730 et
2455 2686 2600 2731 testes
2619 2678 2742 2732 milii
2766 2679 2847 2746 [ac
2867 2682 3037 2747 ﬁdeles
3065 2681 3307 2750 homines,
3340 2681 3515 2737 Uriam

2023 2764 2327 2817 sacerdotem
2362 2766 2376 2795 '
2399 2805 2414 2831 ,
2466 2775 2511 2819 et
2537 2766 2840 2820 Zachariam
2867 2769 3028 2835 ﬁlium
3050 2767 3333 2825 Barac/tim.
3362 2772 3416 2825 3.
3452 2771 3517 2826 Et

2023 2862 2205 2910 accessi
2220 2856 2287 2909 ad
2307 2858 2687 2926 prophetissam,
2716 2868 2760 2912 et
2786 2859 2836 2912 in
2862 2870 2999 2913 utero
3027 2860 3235 2929 accepit,
3260 2872 3307 2914 et
3327 2864 3517 2931 peperit

2032 2944 2210 2998 tilium.
2240 2944 2306 2998 Et
2343 2945 2470 2999 dixit
2507 2945 2628 2999 mihi
2656 2944 2903 3001 Dominus
2931 2962 2950 3001 :
2998 2946 3133 3002 Voca
3172 2966 3348 3005 nomen
3384 2952 3515 3021 ejus,

2027 3036 2134 3089 Cito
2160 3037 2341 3106 spolia,
2382 3036 2627 3092 Velociter
2669 3039 2917 3108 prazdare.
2962 3041 3015 3095 4.
3072 3040 3201 3105 Quia
3249 3052 3515 3113 antequam

2021 3121 2145 3174 sciat
2178 3137 2300 3189 puer
2328 3136 2503 3175 uocare
2525 3131 2719 3192 patrem
2757 3131 2844 3176 aut
2887 3132 3112 3190 matrem,
3162 3126 3371 3195 accipiet
3417 3127 3515 3181 viro

2024 3220 2175 3265 tatem
2203 3210 2441 3265 Damasci
2469 3222 2514 3265 et
2538 3212 2701 3283 spolia
2731 3212 2979 3269 Samaria:
3007 3230 3175 3268 coram
3214 3230 3327 3286 rege
3353 3215 3482 3286 Assy
3500 3246 3515 3258 -

2021 3319 2227 3359 norum.

2023 3418 2073 3471 1.
2113 3416 2236 3472 Haec
2276 3417 2379 3473 duo
2421 3431 2679 3489 praecepta
2722 3419 3009 3475 secundum
3040 3420 3240 3476 literam
3270 3421 3512 3477 videntur

1951 3506 2167 3561 omnino
2209 3507 2417 3562 diversa
2444 3522 2565 3563 esse
2587 3550 2602 3574 ,
2632 3508 2866 3578 nihilque
2894 3524 3174 3565 commune
3208 3509 3402 3566 habere
3429 3529 3442 3565 :
3469 3513 3512 3567 si

1949 3596 2068 3666 quis
2114 3610 2241 3651 vero
2284 3597 2662 3652 sententiarum
2688 3598 2791 3652 vim
2835 3608 3081 3654 accurate
3123 3600 3513 3669 exploraverit,

1950 3685 2166 3740 multam
2195 3686 2390 3741 videbit
2418 3687 2468 3741 in
2494 3702 2556 3742 ea
2583 3704 2640 3743 re
2666 3689 3064 3744 consonantiam
3099 3697 3152 3744 et
3191 3704 3349 3744 unum
3392 3704 3515 3744 seo-

1947 3794 2095 3849 pum.
2119 3778 2479 3834 Necessarium
2500 3788 2675 3834 autem
2702 3790 2783 3835 est
2808 3780 2953 3851 prius
2972 3780 3146 3835 dicere
3172 3795 3265 3834 cur
3290 3779 3515 3850 prephe-

1949 3872 2019 3924 tia
2050 3870 2101 3924 in
2136 3870 2405 3924 hominum
2433 3870 2589 3925 vitam
2617 3870 2829 3926 inducta
2862 3870 2949 3925 sit.
2995 3869 3101 3926 Cur
3140 3886 3265 3941 ergo
3309 3871 3514 3927 invecta

1947 3963 2050 4029 sit,
2078 3977 2295 4018 necesse
2332 3971 2415 4019 est
2454 3963 2648 4019 dicere.
2693 3963 2836 4019 Solet
2883 3964 3020 4018 Deus
3062 3963 3127 4019 ad
3174 3979 3356 4034 poenas
3386 3979 3513 4033 pec-

1946 4053 2188 4108 cantibus
2214 4053 2515 4109 inferendas
2542 4054 2775 4110 cunctari
2804 4066 2857 4108 et
2889 4054 3294 4123 procrastinare,
3324 4069 3512 4125 quem-

1947 4145 2229 4201 admodum
2274 4154 2545 4216 promptus
2582 4146 2830 4215 eelerque
2857 4154 2939 4200 est
2962 4146 3027 4199 ad
3058 4146 3309 4200 beneﬁcia
3349 4144 3513 4214 probe

1944 4236 2237 4292 viventibus
2258 4236 2573 4306 praestanda.
2597 4236 2707 4290 Hoc
2732 4235 2784 4290 id
2810 4235 2972 4290 efﬁcit
2997 4244 3053 4290 ut
3076 4238 3344 4303 segniores
3368 4234 3513 4291 deci-

1944 4326 2089 4391 dant,
2116 4342 2181 4381 eo
2210 4326 2349 4396 quod
2376 4326 2506 4381 ultio
2530 4326 2790 4381 scelerum
2820 4341 2922 4380 non
2946 4341 2977 4380 e
2998 4325 3215 4395 vestigio
3238 4335 3509 4396 sequatur.

1944 4416 2014 4471 Ut
2043 4431 2169 4486 ergo
2198 4416 2336 4471 Dens
2361 4416 2662 4485 patientiam
2683 4431 2829 4470 suam
2854 4416 3119 4478 exhibeat,
3140 4429 3308 4484 neque
3334 4424 3510 4469 tamen

1946 4506 2020 4560 illi
2054 4505 2177 4561 hinc
2220 4506 2489 4576 segniores
2533 4506 2791 4570 evadant,
2834 4504 3123 4574 prophetiae
3165 4504 3508 4575 pltarmacum

1940 4606 2190 4667 apparat,
2220 4612 2325 4651 non
2360 4596 2731 4666 suppliciorum
2760 4596 3140 4665 experimento,
3172 4594 3263 4651 sed
3294 4595 3507 4651 interim

1942 4687 2269 4757 praescientia
2292 4687 2536 4743 erudiens
2564 4696 2885 4756 peccatores,
2908 4695 2963 4739 ut
2988 4685 3031 4739 si
3062 4685 3255 4739 auditis
3278 4686 3506 4740 commi-

1940 4777 2237 4833 nationibus
2284 4777 2531 4832 meliores
2575 4776 2838 4842 evadant,
2872 4789 3041 4843 pecua:
3082 4772 3506 4844 experimentum

1938 4868 2202 4939 depellant
2229 4883 2244 4923 :
2270 4869 2353 4923 sin
2388 4882 2516 4923 vero
2556 4867 2672 4921 sine
2711 4881 2866 4922 sensu
2913 4875 3195 4934 maneant,
3223 4875 3347 4921 tunc
3376 4866 3507 4937 ipsis

1938 4961 2248 5030 supplicium
2271 4959 2477 5014 inferat.
2502 4958 2611 5012 Hoc
2638 4957 2960 5027 perspiciens
2985 4956 3244 5024 diabolus,
3266 4966 3319 5013 et
3344 4972 3504 5026 quan-

1938 5061 2047 5105 tum
2079 5051 2199 5104 hinc
2225 5051 2355 5104 lucri
2385 5050 2519 5103 foret
2545 5049 2799 5119 cogitans,
2820 5048 3304 5118 pseudoprophetas
3324 5049 3503 5103 immi-

1937 5143 2025 5209 sit,
2053 5143 2137 5206 qui
2165 5140 2435 5211 pmphetis
2463 5137 2781 5197 minantibus
2808 5138 2998 5193 famem
3024 5180 3038 5202 ,
3072 5149 3291 5207 pestem,
3334 5138 3499 5203 bella,

1935 5233 2277 5289 barbarorum
2308 5229 2697 5294 incursionem,
2723 5229 3152 5283 contradicebant
3172 5270 3188 5295 ,
3218 5229 3385 5283 fausta
3406 5243 3502 5283 an-

1934 5322 2256 5377 nuntiantes.
2287 5317 2736 5386 Quemadmodum
2767 5319 2907 5372 enim
2952 5318 3089 5371 Deus
3129 5327 3271 5372 metu
3311 5318 3501 5373 verbo-

1934 5427 2051 5466 rum
2080 5410 2291 5466 volebat
2315 5409 2557 5479 supplicii
2582 5408 2999 5478 experimentum
3025 5407 3310 5477 depellere,
3340 5407 3415 5461 sic
3444 5418 3498 5462 et

1931 5501 2171 5556 diabolus
2200 5500 2517 5556 contrarium
2542 5498 2895 5569 operabatur;
2927 5498 3207 5552 verborum
3236 5495 3495 5551 illecebris

1932 5607 2025 5649 eos
2071 5593 2345 5647 emollieus
2385 5600 2439 5645 et
2482 5589 2757 5660 segniores
2811 5586 3071 5653 reddens,
3128 5586 3491 5643 necessitatem

1998 5750 2014 5781 ί
2050 5746 2173 5810 Vox,
2199 5746 2506 5810 sacerdotem,
2529 5745 2671 5798 deest
2692 5745 2738 5793 in
2764 5741 2921 5794 Bibliis
2943 5748 3067 5794 Lxx.
