4144 6498
613 412 680 469 91
1278 410 1337 468 S.
1378 407 1655 467 JOANNIS
1692 405 2161 464 CHRYSOSTOMI
2198 405 2512 463 ARCHIEP.
2551 405 3075 465 CONSTANTINOP.
3801 411 3876 467 92

603 530 857 588 all'erebal.
880 538 938 584 ιιι
965 526 1217 598 supplicia
1250 525 1419 594 reipsa
1445 523 1831 593 experirentur.
1859 520 2022 586 Hine,
2051 520 2176 589 quia

607 631 791 694 postea
835 616 1308 692 pseudoprophetis
1355 615 1511 669 tidem
1561 613 1854 680 habentes,
1883 625 1944 665 ac
1977 610 2184 666 virtutis

602 710 917 767 exercitium
942 713 1360 768 contemnentes,
1388 702 1481 758 sed
1510 702 1560 756 in
1592 702 1816 771 peccatis
1841 701 1950 755 suis
1981 713 2186 768 perma-

608 809 797 857 nentes
818 840 833 866 ,
861 799 957 853 sibi
989 795 1301 866 supplicium
1332 792 1668 848 attrahebant
1688 832 1704 858 ,
1735 806 1796 846 ac
1828 806 1921 861 per
1987 788 2188 844 exitum

605 890 982 963 prophetarum
1004 887 1198 940 veritas
1217 883 1608 948 ostendebatur,
1629 891 1681 938 et
1702 878 2186 951 pseudopropheta-

607 1000 724 1039 rum
747 980 1078 1037 mendacium
1099 977 1462 1046 detegebatur,
1495 976 1650 1030 aliam
1681 988 1862 1029 rursus
1888 971 2183 1026 machinam

609 1079 831 1142 apparat
871 1068 934 1123 ad
978 1083 1159 1124 eorum
1187 1067 1473 1137 perniciem
1501 1065 1588 1135 qui
1619 1079 1677 1120 se
1713 1063 1956 1131 intercipi
1985 1062 2181 1116 sinunt.

606 1161 782 1216 Suasit
810 1171 948 1214 enim
987 1158 1136 1227 ipsis,
1163 1158 1251 1227 qni
1280 1156 1502 1226 deccptu
1534 1155 1716 1209 faciles
1745 1162 1916 1216 erant,
1950 1152 2043 1208 has
2069 1168 2184 1222 qua:

609 1249 913 1306 accidebant
943 1248 1268 1304 calamitates
1299 1262 1364 1302 ex
1403 1247 1702 1301 daamonum
1735 1246 1811 1298 ira
1856 1244 2136 1313 provenire
2163 1283 2179 1308 ,

600 1341 748 1412 quod
777 1342 843 1395 ab
871 1340 996 1411 ipsis
1024 1339 1415 1409 neglige-rentur
1441 1350 1503 1389 ac
1542 1335 1813 1403 despectui
1843 1335 2180 1388 haberentur.

613 1434 759 1488 lianc
801 1433 958 1501 igitur
1003 1429 1265 1483 fallaciam
1311 1436 1367 1481 ut
1406 1427 1616 1481 tolleret
1655 1426 1814 1491 Deus,
1859 1438 1980 1480 ante
2023 1425 2181 1478 multa

612 1533 849 1591 tempora
894 1535 1012 1590 qua:
1059 1519 1163 1572 illis
1206 1525 1459 1572 eventura
1502 1527 1674 1582 erant,
1707 1516 1812 1570 imo
1855 1516 2026 1584 potius
2066 1528 2185 1584 qua:

607 1618 751 1685 ipsos
778 1613 1222 1684 comprehensum
1251 1619 1403 1665 erant
1441 1609 1574 1662 mala
1617 1608 1973 1678 praenuntiat,
2001 1616 2059 1661 ut
2094 1606 2185 1675 qui

605 1707 725 1761 illos
749 1705 1080 1773 decipiebant
1103 1719 1206 1757 non
1225 1710 1444 1772 possent
1465 1700 1557 1754 irae
1578 1699 1877 1754 daemonum
1903 1696 2002 1751 hos
2027 1713 2186 1752 even-

611 1807 694 1851 tus
737 1795 1056 1850 adscribere.
1106 1793 1256 1860 Quod
1303 1799 1481 1846 autem
1525 1806 1629 1844 non
1684 1805 1780 1860 per
1826 1787 2183 1857 conjecturam

610 1886 725 1940 haec
749 1884 920 1940 dicam
942 1925 957 1950 ,
990 1883 1111 1937 audi
1157 1882 1344 1936 Isaiam
1369 1881 1632 1937 dicentem
1663 1899 1675 1933 :
1708 1880 1829 1936 Scio
1867 1880 1988 1950 quia
2029 1878 2185 1932 durus

608 1992 679 2042 es,
711 1985 756 2029 et
785 1990 962 2028 nervus
1003 1976 1192 2043 ferreus
1221 1971 1408 2025 collum
1437 1981 1578 2025 tuum
1597 2012 1611 2035 ,
1641 1981 1687 2025 et
1729 1971 1871 2040 frons
1910 1979 1996 2022 tua
2024 1984 2182 2022 linea.

608 2065 734 2120 ldeo
759 2064 819 2118 ab
846 2065 986 2118 initio
1025 2062 1259 2135 loquutus
1297 2077 1405 2115 sum
1439 2061 1526 2115 tibi
1545 2101 1559 2126 ,
1590 2077 1649 2115 ne
1674 2060 1811 2114 dicas
1841 2075 1858 2113 :
1883 2059 2034 2113 ldola
2063 2059 2186 2111 milii

607 2161 846 2227 fecertmt,
870 2164 914 2209 et
943 2153 1197 2224 sculptilia
1216 2164 1262 2207 et
1281 2155 1560 2223 con/latitia
1588 2153 1716 2206 milii
1741 2155 1984 2223 fecerunt.
2010 2149 2186 2221 Neque

607 2247 739 2301 uasti
762 2289 776 2311 ,
808 2263 962 2317 neque
1010 2247 1184 2298 audita
1228 2249 1367 2316 fuere
1411 2245 1496 2297 tibi
1527 2243 1695 2313 (Isai.
1748 2243 1837 2298 48.
1886 2244 1940 2297 4.
1988 2243 2040 2297 5.
2084 2241 2182 2311 8).

595 2337 737 2408 Quia
769 2337 946 2406 igitur,
979 2343 1033 2389 ut
1060 2335 1336 2400 dicebam,
1371 2342 1530 2404 utque
1555 2350 1622 2389 ex
1663 2333 1965 2388 testimonio
2002 2331 2184 2386 videre

608 2436 707 2492 est,
751 2426 1080 2480 dmmonibus
1132 2425 1220 2480 illa
1266 2425 1676 2490 adscribebant,
1711 2424 1854 2478 venit
1904 2425 2181 2492 prophetia

609 2515 744 2569 hanc
775 2512 963 2568 tollens
985 2513 1244 2578 fraudem,
1262 2523 1312 2568 et
1331 2529 1391 2567 ea
1414 2523 1534 2567 ante
1557 2513 1719 2567 multa
1742 2523 1974 2583 tempora
1997 2512 2186 2583 pradi-

607 2619 753 2659 ccns.
783 2603 886 2659 Sed
920 2603 1041 2674 quia
1081 2601 1242 2658 etiam
1280 2602 1357 2656 sic
1393 2601 1678 2656 verisimile
1712 2610 1828 2656 erat
1853 2616 1964 2665 eos,
1994 2600 2183 2671 ingrati

606 2711 727 2750 cum
759 2704 956 2758 essent.
981 2693 1217 2748 dicturos
1245 2707 1383 2758 esse,
1407 2691 1519 2747 Non
1550 2692 1884 2762 prmdixistis,
1908 2707 2012 2746 non
2041 2692 2185 2760 prius

607 2786 918 2850 audivimus,
947 2799 1086 2840 nunc
1122 2783 1175 2839 id
1219 2784 1414 2854 ﬁngitis
1444 2795 1563 2854 post
1587 2794 1833 2839 eventum
1865 2803 1878 2839 :
1910 2799 2013 2838 non
2044 2784 2184 2838 enim

608 2878 776 2933 nostis
801 2892 862 2932 ea
888 2892 1004 2946 qua:
1029 2886 1280 2931 eventura
1312 2884 1432 2929 sunt
1452 2895 1463 2929 :
1487 2875 1748 2930 undenam
1775 2890 1901 2943 ergo
1930 2874 1980 2928 id
2011 2874 2183 2943 palam

608 2969 730 3034 erit,
753 2967 897 3038 quod
929 2983 1116 3036 nempe
1157 2966 1356 3021 dictum
1389 2966 1591 3020 fuerit?
1618 2966 1736 3022 vide
1772 2966 2038 3036 quomodo
2082 2966 2184 3020 illis

607 3061 751 3115 clare
773 3060 1103 3114 ineluctabile
1132 3069 1279 3128 paret
1308 3066 1698 3127 argumentum,
1723 3059 2044 3126 impudentia
2066 3073 2187 3112 con-

607 3164 768 3205 suens
811 3165 921 3203 ora.
953 3149 1066 3202 Non
1107 3150 1246 3202 enim
1293 3148 1546 3216 permittit
1588 3157 1641 3200 ut
1681 3156 1883 3200 tantum
1909 3146 2068 3212 dicat,
2091 3148 2184 3201 sed

605 3241 754 3311 jubet
784 3239 834 3295 in
875 3239 1053 3292 charta
1081 3238 1238 3292 scribi
1269 3252 1329 3291 ea
1356 3252 1472 3306 quat
1520 3237 1796 3303 dicuntur;
1829 3252 2000 3305 neque
2029 3238 2185 3291 modo

611 3332 794 3397 scribi,
822 3347 888 3384 ne
932 3331 1111 3384 liceret
1140 3330 1217 3384 eis
1246 3329 1442 3392 dicere,
1475 3328 1587 3383 line
1629 3339 1814 3399 postea
1861 3330 2046 3396 tinxit;
2079 3330 2173 3386 sed

611 3423 770 3478 etiam
802 3429 962 3475 testes
1002 3421 1317 3488 scriptorum
1347 3428 1499 3472 vocat
1527 3419 1766 3474 homines
1794 3419 1893 3474 fide
1918 3421 2105 3490 dignos
2133 3429 2186 3475 et

610 3529 640 3567 a
661 3511 912 3581 dignitate
941 3518 994 3564 et
1022 3525 1050 3562 a
1083 3524 1290 3563 morum
1321 3508 1597 3579 probitate.
1621 3508 1752 3563 Nam
1782 3511 1855 3564 ait
1887 3529 1899 3564 :
1931 3510 2038 3564 Fac
2063 3512 2184 3565 milii

608 3612 784 3666 testes,
837 3599 1008 3669 ﬁdeles
1038 3601 1258 3653 homines
1281 3641 1294 3664 ,
1332 3599 1509 3654 Uriam
1538 3602 1843 3655 sacerdotem
1867 3642 1882 3667 ,
1913 3613 1957 3655 et
1987 3603 2186 3656 Zacha-

607 3699 778 3759 riam;
810 3704 865 3749 ut
893 3695 1101 3766 quando
1129 3710 1304 3749 rerum
1336 3695 1509 3750 exitus
1537 3697 1638 3749 erit
1658 3737 1671 3758 ,
1703 3703 1758 3750 et
1801 3697 1873 3749 illi
1917 3697 2182 3762 dixerint,

609 3786 733 3840 lltec
760 3796 886 3839 ante
912 3785 1076 3840 multa
1118 3794 1355 3853 tempora
1408 3801 1510 3839 non
1555 3785 1694 3840 dicta
1744 3784 1892 3840 fuere
1916 3827 1932 3852 ,
1962 3786 2184 3843 eductus

608 3876 742 3930 liber
765 3885 818 3930 et
849 3883 1012 3929 testes
1038 3876 1126 3944 qui
1153 3875 1373 3929 aderant
1399 3876 1790 3944 impudentibus
1816 3879 1918 3931 illis
1948 3892 2008 3931 os
2033 3879 2187 3933 obtu-

607 3975 744 4020 rent.
796 3963 920 4019 Ideo
943 3965 1016 4018 ait
1040 4005 1056 4030 ,
1085 3963 1242 4018 Sume
1267 3965 1451 4019 charta:
1480 3975 1664 4019 tomum
1709 3983 1888 4020 novum
1912 4007 1927 4033 ,
1960 3976 2017 4020 ut
2043 3983 2110 4022 ne
2140 3969 2186 4023 si

608 4065 756 4110 vetus
774 4053 884 4124 jam
927 4054 1028 4117 sit,
1057 4054 1164 4108 cito
1192 4063 1405 4122 pereat;
1437 4054 1529 4108 sed
1555 4055 1646 4124 qui
1672 4056 1837 4110 multo
1865 4057 2018 4110 duret
2049 4070 2185 4112 tem-

610 4159 756 4216 pore,
788 4155 839 4199 et
861 4159 955 4214 per
981 4145 1176 4213 scripta
1208 4144 1327 4199 illos
1353 4145 1574 4201 incuset.
1608 4145 1672 4199 Et
1691 4145 1852 4200 scribe
1878 4147 2006 4217 stylo
2031 4149 2186 4201 homi-

607 4237 685 4290 nis
704 4277 718 4302 ,
745 4237 794 4290 id
822 4245 904 4290 est
946 4235 1184 4300 calamo,
1212 4251 1324 4304 qua:
1351 4240 1522 4305 futura
1545 4245 1679 4290 sunt.
1728 4237 1984 4302 Quaenam
2011 4236 2182 4292 futura

608 4328 767 4381 sunt?
789 4327 1014 4392 Bellum,
1034 4327 1252 4380 victoria
1277 4325 1640 4394 barbarorum,
1663 4329 1952 4398 spoliorum
1979 4328 2186 4398 deprae-

605 4416 782 4482 datio,
814 4418 1126 4472 exuviarum
1153 4418 1353 4486 rapina.
1398 4417 1521 4471 litae
1547 4418 1722 4488 itaque
1751 4420 1956 4485 omnia,
1986 4419 2180 4491 inquit,

609 4509 786 4566 scribe
809 4551 826 4576 ,
859 4507 924 4562 Ut
968 4509 1198 4562 velociter
1222 4509 1641 4576 depra’dationem
1686 4511 1838 4578 faciat
1882 4513 2176 4580 spoliorum.

605 4601 760 4656 Adest
785 4600 935 4652 enim.
959 4596 1094 4664 Quid
1123 4597 1220 4651 sibi
1251 4598 1358 4649 vult
1385 4597 1528 4662 illud,
1556 4597 1708 4650 Adest
1734 4600 1899 4651 enim?
1925 4600 2047 4653 "i130
2069 4601 2173 4654 duo

607 4691 868 4761 significat
893 4709 904 4743 :
929 4706 1118 4760 nempe
1135 4690 1242 4760 jam
1268 4699 1390 4742 tunc
1412 4699 1743 4758 peccatorum
1771 4691 2180 4760 magnitudinem

607 4783 865 4837 ultionem
889 4783 1189 4850 expetiisse,
1212 4790 1265 4835 et
1287 4781 1337 4834 in
1361 4779 1558 4834 foribus
1582 4780 1689 4849 jam
1718 4794 1835 4834 esse
1857 4781 2139 4835 vindictam
2165 4801 2178 4836 :

608 4875 781 4944 ipsum
811 4888 939 4928 vero
967 4873 1222 4936 cunctari,
1250 4872 1497 4942 patientia
1527 4887 1620 4927 sua
1647 4873 1828 4927 volens
1859 4872 1977 4928 illos
2003 4873 2185 4928 melio-

607 4979 696 5020 res
722 4965 967 5030 reddere,
986 4975 1036 5018 et
1062 4965 1311 5018 ultionem
1341 4979 1588 5018 amovere
1617 4981 1629 5017 :
1660 4964 1864 5034 ipsique
1890 4963 2042 5018 facile
2067 4979 2185 5019 esse

609 5056 727 5110 solo
752 5064 880 5109 nutu
921 5055 1100 5108 omnia
1137 5055 1202 5107 ad
1245 5053 1488 5107 effectum
1521 5055 1832 5122 perducere.
1882 5055 2012 5122 Quia
2031 5055 2183 5109 ‘enim

609 5147 676 5201 de
699 5145 938 5200 barbaris
961 5159 1137 5199 sermo
1167 5152 1279 5197 erat
1298 5184 1311 5206 ,
1337 5145 1423 5211 qui
1453 5143 1646 5197 bellum
1679 5145 1869 5200 illaturi
1898 5155 2082 5210 erant,
2107 5147 2184 5201 Ne

609 5237 824 5308 putetis,
855 5235 1040 5304 inquit,
1063 5234 1161 5287 vite
1186 5232 1587 5302 longitudinem,
1615 5236 1983 5305 exercitusque
2011 5237 2184 5290 multi-

611 5329 843 5382 tudinem
887 5324 1275 5379 cunetationem
1318 5325 1596 5392 quamdam
1641 5327 1915 5380 allaturam
1949 5340 2100 5392 esse;
2134 5327 2184 5381 id

610 5419 750 5489 quod
781 5418 914 5472 solet
949 5417 1086 5484 apud
1119 5415 1364 5472 homines
1393 5417 1651 5472 accidere.

679 5510 735 5562 9..
769 5507 872 5561 Deo
900 5508 1037 5560 adest
1063 5508 1104 5560 is
1128 5508 1213 5576 qui
1242 5509 1415 5576 procul
1441 5517 1531 5562 est.
1554 5508 1767 5563 —Nam
1802 5510 1910 5565 Deo
1956 5510 2108 5565 adest
2142 5511 2185 5565 is

614 5605 704 5673 qui
732 5600 913 5671 procul
941 5608 1022 5654 est
1049 5616 1062 5651 ε
1093 5601 1162 5653 ita
1193 5599 1497 5655 facillimum
1530 5602 1629 5670 ipsi
1670 5611 1751 5655 est
1795 5617 1901 5657 uno
1931 5603 2185 5672 temporis

610 5702 884 5752 momento
927 5692 995 5746 ab
1035 5694 1287 5748 extremis
1338 5703 1491 5748 terrae
1546 5695 1781 5764 partibus
1807 5737 1819 5758 ,
1851 5696 2054 5750 etiamsi
2107 5696 2184 5749 illi

613 5801 806 5858 magno
832 5799 1051 5841 numero
1095 5786 1200 5841 sint
1223 5825 1238 5853 ,
1271 5785 1388 5842 illos
1416 5786 1592 5841 statim
1622 5786 1884 5843 adducere
1933 5787 2182 5850 vobisque

2286 522 2498 576 sistere.
2523 521 2588 574 Et
2612 531 2756 576 testes
2783 521 2908 574 mihi
2927 521 3008 588 [ac
3035 521 3207 590 ﬁdeles
3232 520 3472 582 homines.
3505 519 3550 575 υ
3555 519 3681 573 riam
3701 536 3845 573 sacer

2290 613 2473 676 dotem,
2495 624 2540 666 et
2559 611 2859 666 Zachariam
2883 612 3046 681 ﬁlium
3069 610 3349 665 Barac/tite.
3373 608 3536 678 Cujus
3559 611 3636 665 rei
3663 618 3830 664 testes
3853 611 3877 662 ?

2290 704 2568 772 Temporis
2597 721 2611 757 :
2643 713 2701 758 ut
2750 705 2793 758 si
2842 704 3037 774 scripta
3070 704 3347 758 calumniis
3392 704 3736 771 impetantnr,
3768 700 3872 754 ho-

2291 794 2461 848 mines
2488 793 2662 848 adhuc
2703 795 2937 848 viventes
2962 833 2978 859 ,
3018 794 3106 862 qui
3159 793 3281 846 dum
3340 792 3454 846 haec
3504 792 3870 845 scriberentur

2292 893 2582 952 prmsentes
2610 892 2760 938 erant
2781 924 2796 950 ,
2831 893 3143 952 tempusque
3171 883 3411 950 apprime
3459 887 3717 934 noverant
3758 893 3869 948 quo

2289 975 2402 1029 hmo
2426 975 2751 1040 dicebantur,
2781 973 2983 1044 possint
3007 988 3066 1027 os
3093 973 3338 1027 obturare
3362 971 3693 1039 impudenter
3718 970 3873 1024 obla-

2290 1067 2566 1120 trantibus.
2597 1067 2784 1122 Eidem
2816 1067 2983 1121 hznret
3008 1073 3316 1135 argumento
3346 1064 3398 1118 id
3420 1063 3560 1133 quod
3587 1063 3828 1132 sequitur
3848 1103 3864 1127 ,

2289 1155 2483 1210 clarius
2524 1157 2601 1211 rei
2650 1157 3014 1227 probationem
3065 1158 3314 1211 inferens.
3371 1152 3648 1221 Quomodo
3677 1160 3730 1207 et
3760 1166 3864 1221 qua

2288 1246 2539 1300 ratione?
2567 1245 2681 1316 Ipsa
2709 1246 2870 1301 verba
2897 1248 3190 1301 audiamus.
3221 1244 3439 1298 Accessit
3468 1244 3631 1309 enim,
3665 1244 3771 1306 ait,
3796 1242 3866 1293 ad

2294 1337 2684 1405 prophetissam.
2741 1338 2969 1392 Uxorem
3024 1337 3290 1408 propriam
3337 1337 3412 1390 sic
3439 1336 3574 1388 forte
3616 1336 3861 1397 vocavit,

2288 1429 2428 1498 quod
2471 1429 2558 1482 illa
2588 1429 2746 1484 etiam
2790 1430 3097 1499 prophetico
3141 1429 3341 1499 Spiritu
3386 1427 3599 1497 dignata
3631 1426 3814 1480 fuisset
3848 1444 3862 1479 :

2289 1536 2409 1574 nam
2442 1535 2545 1575 non
2577 1521 2704 1575 viris
2747 1522 2902 1575 modo
2932 1522 3046 1576 lucc
3083 1537 3305 1576 munera
3352 1520 3632 1585 dabantur,
3666 1519 3759 1574 sed
3809 1521 3862 1574 in

2289 1613 2600 1667 muliebrem
2639 1613 2796 1667 etiam
2826 1628 3009 1668 sexum
3041 1614 3378 1668 transierant.
3407 1613 3587 1682 Neque
3616 1612 3757 1667 enim
3807 1623 3864 1666 ιιι

2289 1703 2340 1757 in
2369 1705 2705 1759 smeularibus
2749 1706 2970 1775 negotiis
3005 1703 3177 1759 ofﬁcia
3219 1703 3641 1773 distinguuntur,
3670 1713 3724 1757 et
3758 1704 3865 1756 alia

2288 1796 2524 1850 virorum
2553 1805 2709 1862 sunt,
2739 1795 2838 1852 alia
2870 1796 3147 1850 mulierum
3171 1836 3184 1860 ,
3212 1807 3309 1849 nec
3338 1802 3558 1862 possunt
3610 1794 3712 1846 illae
3741 1793 3832 1847 fnn

2288 1887 2492 1941 ctiones
2520 1887 2656 1942 inter
2682 1902 2740 1942 se
2768 1888 3079 1942 commutari
3103 1905 3114 1940 :
3141 1887 3210 1941 ita
3242 1901 3300 1942 se
3327 1901 3414 1940 res
3442 1885 3601 1939 habet
3626 1885 3675 1938 in
3703 1884 3865 1954 spiri-

2291 1977 2545 2041 tualibus;
2576 1977 2669 2032 sed
2714 1977 2857 2046 paria
2901 1988 3024 2032 sunt
3065 1977 3354 2031 certamina
3378 2018 3392 2042 ,
3422 1989 3730 2029 communes
3767 1989 3865 2027 co-

2288 2083 2449 2122 ronze.
2481 2067 2547 2121 Et
2580 2067 2692 2122 haec
2716 2069 2894 2137 utique
2923 2067 3101 2123 videre
3131 2078 3212 2122 est
3242 2068 3294 2122 in
3330 2067 3501 2122 Veteri
3529 2076 3583 2121 et
3617 2066 3669 2119 in
3710 2065 3868 2120 Novo

2288 2159 2649 2225 Testamento,
2682 2158 2734 2212 in
2763 2167 2873 2213 toto
2901 2157 3131 2212 humano
3158 2173 3349 2228 genere
3375 2158 3697 2226 contingere.
3726 2156 3867 2210 Cum

2289 2249 2388 2304 hac
2416 2250 2572 2318 igitur
2595 2264 2659 2304 ex
2688 2249 2804 2319 lege
2828 2248 3151 2303 matrimonii
3180 2260 3495 2318 congressus
3534 2261 3654 2300 cum
3699 2254 3866 2308 esset,

2289 2349 2646 2411 praegnantem
2688 2339 2827 2394 illam
2854 2338 3048 2394 en‘eeit.
3095 2339 3163 2393 Et
3206 2347 3480 2409 postquam
3526 2347 3680 2392 natus
3721 2347 3870 2392 esset

2293 2446 2458 2500 puer,
2493 2445 2682 2484 nomen
2712 2445 2903 2484 novum
2954 2437 3008 2483 et
3052 2428 3416 2483 admirandum
3448 2429 3544 2497 ipsi
3576 2429 3864 2496 imposuit,

2286 2519 2426 2588 quod
2463 2519 2754 2573 futurorum
2782 2519 3053 2573 historiam
3077 2519 3535 2588 complecteretur.
3562 2519 3697 2585 Quid
3720 2518 3870 2571 enim

2289 2610 2399 2663 ait?
2449 2608 2578 2662 Voca
2603 2625 2782 2663 nomen
2807 2612 2936 2680 ejus,
2962 2609 3071 2664 Cito
3099 2609 3283 2678 spolia,
3323 2608 3568 2662 Velociter
3597 2609 3829 2677 prazdare
3852 2624 3874 2660 :

2290 2706 2345 2751 ut
2372 2696 2578 2752 etiamsi
2605 2698 2814 2767 scriptis
2843 2696 2972 2752 lides
2998 2712 3103 2751 non
3131 2697 3415 2751 haberetur
3454 2699 3504 2751 in
3536 2706 3677 2751 tonio
3721 2699 3870 2766 posi-

2291 2790 2379 2856 tis,
2397 2789 2676 2859 appellatio
2701 2791 2845 2860 pueri
2869 2790 3166 2843 futurorum
3190 2789 3460 2844 historiam
3483 2790 3871 2858 complectens,

2288 2889 2342 2934 et
2381 2889 2503 2936 ante
2531 2889 2778 2936 eventum
2806 2896 2980 2936 rerum
3013 2881 3272 2950 imposita,
3299 2895 3359 2934 ac
3390 2878 3693 2946 frequenter
3723 2881 3871 2933 ouusi

2289 2978 2524 3038 tempore
2549 2971 2770 3039 prolata,
2802 2971 2885 3024 vel
2918 2970 3489 3040 impudentissimorum
3521 2985 3612 3023 ora
3639 2984 3866 3023 consuc-

2287 3071 2386 3115 ret.
2414 3061 2562 3127 Quod
2584 3062 2724 3114 enim
2751 3060 2863 3115 haec
2886 3060 3137 3130 pr0pheta
3159 3076 3262 3114 non
3295 3070 3408 3129 post
3433 3069 3680 3115 eventum
3711 3059 3870 3112 (τηνι-

2288 3151 2460 3216 xerit,
2504 3151 2598 3205 sed
2644 3151 2797 3219 longe
2847 3160 2970 3204 ante
3015 3151 3357 3218 prteviderit,
3403 3151 3559 3204 etiam
3593 3151 3625 3203 ii
3657 3151 3746 3219 qui
3801 3167 3871 3204 cx

2291 3239 2465 3293 studio
2513 3240 2700 3309 ingrati
2750 3239 3052 3308 stupidique
3101 3250 3252 3292 erant
3307 3240 3429 3292 hinc
3481 3249 3538 3292 ut
3586 3240 3872 3294 crederent

2290 3331 2476 3387 adduci
2529 3340 2810 3401 poterant,
2866 3333 2955 3400 qui
3008 3341 3133 3384 ante
3185 3346 3360 3384 rermn
3417 3340 3668 3385 eventum
3730 3330 3873 3384 hunc

2291 3437 2507 3491 puerum
2537 3421 2772 3476 viderant
2801 3421 2876 3474 sic
2903 3420 3179 3489 appellari,
3200 3429 3252 3474 et
3279 3419 3571 3472 futurarum
3598 3420 3874 3472 calamita-

2291 3515 2399 3560 tum
2451 3505 2746 3559 doctrinam
2800 3506 2874 3558 sic
2925 3503 3235 3572 praedicare.
3301 3502 3526 3571 Ideoque
3578 3502 3874 3570 prophetiae

2289 3599 2392 3652 vim
2421 3597 2793 3666 interpretatur
2813 3638 2828 3661 ,
2859 3605 3170 3664 tempusque
3201 3604 3441 3648 accurate
3471 3594 3733 3662 signilieat
3787 3593 3872 3646 his

2288 3689 2462 3743 verbis
2492 3705 2502 3740 :
2538 3687 2676 3753 Quia
2707 3695 2970 3752 antequam
3019 3687 3143 3738 sciat
3181 3701 3302 3753 puer
3351 3699 3527 3736 vocare
3569 3691 3764 3752 patrem
3794 3685 3873 3736 vel

2289 3789 2516 3840 matrem,
2537 3778 2742 3846 accipiet
2784 3776 3052 3845 potentiam
3090 3774 3350 3836 Damasci,
3370 3786 3412 3826 et
3433 3773 3595 3843 spolia
3618 3772 3876 3826 Samaria!

2287 3887 2454 3924 coram
2492 3885 2605 3939 rege
2633 3869 2975 3936 Assyriorum.
3022 3865 3171 3931 Quod
3217 3865 3381 3928 dicit,
3417 3862 3716 3932 hujusmodi
3768 3876 3870 3920 est.

2290 3962 2344 4015 In
2377 3971 2614 4028 tempore
2639 4001 2652 4023 ,
2689 3957 2895 4026 inquit,
2929 3957 3220 4008 immaturte
3250 3954 3450 4016 uitatis,
3485 3968 3602 4007 cum
3633 3953 3877 4007 nondum

2289 4053 2454 4122 possit
2474 4049 2635 4116 loqui,
2669 4049 2886 4101 victoria
2906 4056 2958 4100 et
2984 4056 3178 4115 tropma
3208 4052 3397 4107 erunt;
3433 4058 3534 4096 non
3565 4042 3704 4109 quod
3741 4058 3870 4110 puer

2290 4145 2450 4214 possit
2475 4142 2640 4195 aciein
2669 4141 2947 4203 instruere,
2973 4138 3255 4205 hostesque
3277 4137 3555 4206 proﬂigare
3579 4155 3590 4186 :
3616 4135 3708 4188 sed
3728 4136 3874 4204 quod

2292 4244 2422 4288 mtas
2450 4233 2561 4295 illa,
2594 4232 2706 4284 sive
2733 4240 2939 4297 tempus
2981 4226 3110 4280 illud
3154 4226 3389 4293 elapsum
3422 4235 3702 4292 antequam
3738 4239 3874 4292 puer

2288 4325 2433 4396 loqui
2481 4323 2684 4394 possit,
2723 4321 2895 4374 omnia
2951 4316 3122 4372 tradat
3164 4315 3424 4369 hostibus.
3465 4315 3516 4368 5.
3572 4312 3636 4365 Et
3684 4313 3872 4382 adjecit
3904 4370 3916 4380 ,

2287 4416 2534 4470 Dominus
2560 4413 2627 4466 ad
2657 4428 2733 4465 me
2759 4410 2895 4475 loqui
2921 4409 3086 4460 adhuc
3109 4422 3126 4458 :
3150 4406 3201 4460 6.
3238 4405 3312 4458 Eo
3336 4405 3470 4474 quod
3505 4421 3602 4456 non
3641 4403 3754 4455 uelit
3788 4404 3872 4455 hic

2288 4507 2500 4576 populus
2531 4519 2712 4573 aquam
2735 4501 2949 4565 Siloam,
2973 4515 3084 4565 qua:
3115 4506 3283 4548 manat
3317 4496 3498 4564 quiete,
3534 4495 3620 4547 sed
3646 4495 3749 4546 vult
3778 4495 3873 4546 lia-

2287 4600 2396 4654 bere
2412 4596 2568 4651 Rosia
2592 4603 2635 4648 et
2657 4594 2816 4661 ﬁlium
2838 4590 3075 4644 Romelia:
3102 4605 3261 4658 regem
3289 4603 3436 4654 super
3461 4602 3567 4652 vos,
3593 4587 3643 4638 7.
3666 4599 3874 4655 propter

2288 4691 2381 4741 hoc
2410 4704 2518 4740 ecce
2537 4686 2744 4738 adducit
2773 4682 3017 4735 Dominus
3038 4696 3186 4748 super
3211 4696 3294 4732 vos
3315 4694 3492 4742 aquam
3519 4677 3743 4746 ﬂuminis
3764 4681 3874 4744 for-

2289 4788 2404 4841 tem,
2438 4776 2666 4839 multant,
2705 4789 2868 4841 regem
2890 4771 3226 4839 Assyriorum.
3255 4768 3394 4820 Deus
3430 4781 3525 4835 pro
3565 4780 3711 4818 more
3747 4781 3870 4826 suo,

2288 4885 2391 4924 non
2422 4868 2588 4923 solum
2620 4879 2802 4934 pinnas
2833 4861 3106 4932 praedicit,
3139 4859 3230 4913 sed
3262 4872 3448 4911 causas
3475 4855 3661 4917 affert,
3693 4865 3747 4909 ut
3793 4858 3871 4910 sic

2288 4960 2556 5016 auditores
2598 4957 2801 5011 erudiat
2832 4973 2844 5008 :
2877 4953 2923 5008 id
2952 4954 3050 5006 hoc
3078 4952 3234 5006 etiam
3267 4951 3379 5003 loco
3406 4949 3546 5001 facit.
3579 4948 3677 5002 Ubi
3727 4963 3869 5002 inin

2290 5051 2530 5123 prmdixit
2581 5047 2997 5102 devastationem
3059 5058 3150 5111 per
3202 5041 3524 5109 alienigenas
3587 5039 3862 5104 futuram,

2289 5145 2502 5212 abrepta
2527 5140 2713 5210 spoiia,
2733 5147 2786 5192 et
2814 5136 3154 5190 barbarorum
3177 5133 3516 5200 irruptioncm
3543 5131 3866 5198 prainuntia-

2288 5237 2382 5298 vit,
2414 5247 2622 5287 causam
2649 5229 2767 5282 belli
2797 5228 2939 5280 dicit.
2965 5225 3218 5292 Quaenam
3247 5222 3392 5275 haec?
3416 5221 3650 5289 Ingratus
3679 5219 3868 5272 civita-

2295 5339 2398 5382 tem
2422 5323 2761 5380 incolentium
2785 5321 3010 5373 animus.
3035 5316 3314 5384 Quoniam,
3337 5313 3522 5381 inquit,
3540 5327 3658 5365 cum
3684 5326 3865 5380 regem

2291 5418 2518 5472 habeant
2563 5413 2924 5475 moderatum,
2958 5409 3138 5462 mitem
3183 5415 3233 5460 et
3285 5414 3655 5469 mansuetum,
3687 5403 3753 5456 ab
3803 5419 3872 5458 eo

2292 5509 2631 5570 resilicrunt,
2687 5513 3042 5574 tyrannosque
3092 5505 3358 5567 optarunt,
3391 5504 3446 5547 et
3489 5494 3586 5547 sub
3631 5493 3871 5547 alienum

2293 5601 2570 5671 imperium
2613 5595 2939 5664 transfugere
2981 5592 3152 5646 conati
3183 5600 3304 5644 sunt
3329 5631 3341 5651 ,
3377 5587 3677 5642 felicitatem
3711 5601 3867 5640 suam

2292 5709 2396 5748 non
2424 5692 2654 5747 ferentes
2680 5729 2693 5752 ,
2726 5685 3043 5741 desiderium
3076 5697 3255 5736 eorum
3297 5679 3565 5749 c0piosius
3595 5677 3824 5744 explebo
3849 5719 3866 5744 ,

2296 5787 2573 5841 barbarum
2613 5778 2893 5851 quemdam
2926 5784 2978 5832 et
3007 5774 3348 5830 inhumanum
3378 5769 3667 5824 adducens.
3702 5769 3872 5823 Meta-
