4144 6472
303 394 377 451 93
1560 384 1627 442 lN
1666 383 1915 451 lSAlAH,
1955 381 2106 441 CAP.
2150 384 2282 441 Vill.
3494 404 3564 459 94

311 500 533 568 plmice
563 514 728 570 porro
778 500 952 556 verbis
996 500 1195 565 utitur,
1225 512 1402 554 mores
1445 497 1709 569 indigenae
1753 500 1895 568 regis

313 590 647 657 describens,
674 598 727 646 et
758 590 966 646 barbari
998 589 1282 660 potentiam
1314 607 1328 644 :
1355 588 1406 644 id
1433 604 1559 644 vero
1586 587 1731 657 facit,
1757 587 1896 658 quod

314 694 530 749 semper
559 680 709 749 dixi,
743 688 800 735 ut
825 681 1077 750 majorem
1122 679 1385 735 sermonis
1429 678 1701 749 emphasin
1742 680 1896 734 exhi-

315 770 461 824 beat.
511 768 634 825 Ideo
659 771 768 835 ait,
797 769 874 823 Eo
924 769 1057 838 quod
1101 768 1261 823 nolint
1290 785 1473 840 aquam
1516 768 1714 823 Siloam
1743 785 1761 822 :
1792 784 1897 823 non

312 858 389 912 de
415 874 549 929 aqua
572 859 784 924 dicens,
813 858 906 914 sed
932 859 1052 929 quia
1082 858 1199 913 fons
1227 859 1423 913 sensim
1451 868 1505 912 et
1533 860 1650 913 sine
1673 860 1897 929 strepitu

312 961 535 1017 manat,
583 950 849 1007 lenitatem
898 960 952 1006 et
992 950 1409 1006 moderationem
1446 952 1598 1019 ejus,
1643 954 1730 1021 qui
1776 959 1898 1005 tunc

321 1041 618 1110 regnabat,
652 1041 934 1111 tranquillo
983 1055 1234 1111 aquarum
1283 1040 1460 1095 cursui
1508 1050 1814 1110 comparat,
1845 1048 1899 1094 et

314 1130 516 1185 Siloam
548 1132 718 1201 ipsum
748 1143 930 1198 vocat,
959 1130 1099 1201 quod
1123 1131 1255 1185 lenis
1282 1131 1351 1184 sit
1376 1137 1431 1185 et
1459 1137 1767 1184 mansuetus
1799 1146 1813 1185 :
1846 1129 1895 1182 id

311 1222 462 1293 quod
510 1224 796 1278 maximam
843 1224 1068 1279 subditis
1114 1222 1267 1278 affert
1314 1222 1773 1286 criminationem,
1808 1221 1897 1290 qui

310 1326 440 1365 cum
472 1326 576 1367 non
618 1326 777 1383 grave
799 1312 983 1383 jugum
1014 1312 1306 1379 haberent,
1350 1326 1436 1365 res
1478 1325 1640 1365 novas
1685 1310 1898 1381 aggredi

315 1405 631 1469 tentabant,
661 1405 958 1475 alienisque
996 1405 1207 1475 regibus
1235 1418 1354 1459 sese
1393 1402 1607 1457 dedere.
1638 1402 1897 1470 Quoniam

310 1510 470 1565 ergo,
502 1494 690 1565 inquit,
718 1495 860 1549 illum
894 1494 1077 1549 mitem
1108 1492 1543 1561 moderatumque
1576 1492 1779 1556 nolunt,
1802 1490 1897 1545 sed

312 1584 482 1640 Rasin
510 1597 560 1641 et
584 1586 747 1640 tilium
774 1585 1049 1651 Romelim,
1067 1585 1307 1638 inducam
1330 1584 1709 1655 Babylonium;
1737 1583 1897 1652 impe-

313 1689 539 1746 tumque
571 1676 833 1732 exercitus
870 1676 1013 1730 illius
1045 1689 1235 1745 aquam
1283 1674 1515 1729 ﬂuminis
1540 1681 1694 1728 vocat
1718 1675 1900 1743 copio-

310 1781 433 1821 sam
463 1775 515 1820 et
540 1766 930 1820 vehementem.

393 1857 443 1911 3.
477 1856 677 1911 Deinde
704 1856 1064 1925 metaphoram
1096 1854 1367 1925 explicans
1392 1854 1484 1921 ait,
1518 1855 1705 1925 Regem
1734 1854 1891 1925 Assy-

309 1950 529 2003 riorum.
588 1949 773 2004 Viden‘
806 1964 962 2019 quam
1002 1948 1350 2003 indubitatum
1379 1958 1629 2019 appareat
1664 1948 1717 2003 id
1756 1946 1898 2017 quod

310 2054 477 2107 supra
505 2038 766 2104 diximus,
816 2040 868 2093 in
901 2039 1223 2108 metaphoris
1255 2053 1446 2107 nempe
1480 2036 1807 2107 Scripturam
1839 2051 1899 2091 se

311 2142 532 2195 semper
585 2128 923 2197 interpretari
971 2127 1183 2182 solere?
1230 2126 1381 2193 Quod
1410 2127 1567 2180 etiam
1618 2126 1704 2181 hic
1753 2126 1894 2181 fecit.

308 2217 449 2273 Cum
472 2218 610 2272 enim
634 2219 825 2274 flumen
849 2218 1090 2285 dixisset,
1108 2232 1213 2273 non
1238 2218 1290 2272 in
1314 2219 1621 2287 metaphora
1643 2218 1896 2286 substitit,

309 2309 411 2364 sed
442 2311 704 2379 quodnam
742 2310 935 2365 ﬂumen
962 2320 1104 2365 esset
1127 2310 1258 2364 dixit
1281 2351 1296 2376 ,
1326 2309 1513 2380 Regem
1542 2310 1860 2380 Assyriorum
1880 2352 1895 2378 ,

310 2410 361 2452 et
388 2416 579 2453 onmem
599 2400 810 2470 gloriam
836 2402 963 2469 ejus.
990 2399 1053 2453 Et
1075 2400 1305 2455 ascendet
1327 2416 1480 2469 super
1500 2417 1695 2454 omnem
1720 2402 1899 2456 vallem

310 2500 551 2555 uestram,
581 2499 627 2544 et
655 2491 989 2545 deambulabit
1008 2507 1160 2559 super
1186 2507 1383 2545 omnem
1426 2508 1625 2545 murum
1663 2502 1895 2546 vestrum.

311 2580 375 2634 8.
406 2580 470 2632 Et
506 2581 699 2649 auferet
726 2598 758 2633 a
781 2580 963 2635 Judtea
988 2581 1261 2645 hominem,
1301 2582 1388 2649 qui
1420 2583 1576 2652 possit
1620 2583 1783 2636 levare
1807 2599 1896 2635 ca-

309 2681 428 2742 put,
476 2682 562 2725 aut
611 2675 696 2743 qui
737 2673 891 2743 possit
938 2674 1131 2743 aliquid
1170 2675 1432 2743 perﬁcere.
1458 2674 1525 2727 Et
1563 2683 1706 2729 erunt
1732 2688 1899 2729 castra

311 2766 447 2831 ejus,
480 2764 550 2817 ita
574 2774 627 2816 ut
650 2765 888 2833 impleant
937 2764 1253 2818 latitudinem
1294 2767 1512 2835 regionis
1538 2776 1655 2820 tute.
1701 2767 1895 2822 Osten-

312 2852 451 2907 dens
483 2869 582 2908 non
611 2854 837 2908 humana
858 2854 1068 2921 virtute,
1101 2854 1194 2909 sed
1233 2854 1307 2909 ira
1350 2856 1443 2910 Dei
1474 2856 1724 2912 saeviente
1760 2858 1895 2926 hac,

310 2960 436 3011 qua:
479 2943 740 3010 dicuntur,
786 2955 1033 3001 eventura
1076 2959 1225 3012 esse,
1256 2960 1359 3000 non
1413 2946 1557 3001 illum
1592 2956 1648 3001 ut
1690 2945 1896 3002 hostem

308 3036 432 3089 acie
462 3035 710 3091 instructa
733 3036 1000 3103 describit,
1046 3036 1141 3092 sed
1191 3045 1242 3091 ut
1281 3036 1347 3091 ad
1379 3048 1612 3105 paratam
1665 3040 1895 3107 prmdam

310 3126 636 3182 venientem.
666 3126 778 3181 Non
800 3127 939 3182 enim
964 3127 1142 3194 stabit,
1174 3128 1361 3197 inquit,
1385 3138 1439 3183 et
1459 3130 1626 3183 aciem
1652 3129 1893 3196 instruet,

310 3215 412 3270 sed
441 3231 717 3285 corporum
750 3218 1078 3272 multitudine
1106 3231 1260 3273 terra:
1291 3218 1478 3273 faciem
1509 3219 1739 3290 obteget,
1764 3220 1894 3275 faci-

311 3306 475 3372 leque
502 3306 671 3359 aderit
696 3306 792 3376 (a).
822 3307 900 3361 Ad
924 3308 1035 3362 ha-c
1089 3308 1140 3362 in
1192 3309 1267 3361 ira
1311 3308 1469 3364 etiam
1498 3324 1685 3381 magna
1711 3310 1896 3366 obser-

311 3404 471 3450 vatur
494 3396 790 3451 clememia.
820 3397 998 3467 Neque
1022 3399 1164 3453 enim
1192 3399 1543 3454 comminatur
1570 3414 1629 3455 se
1658 3402 1892 3471 ipsorum

311 3485 505 3542 urbem
547 3486 915 3542 demoliturum
959 3502 1104 3553 esse,
1148 3488 1241 3544 sed
1296 3489 1653 3559 captivitatem
1703 3506 1892 3561 quam.

311 3576 439 3628 dam
470 3584 522 3630 et
547 3576 910 3632 abductionem
943 3577 1212 3647 praedicit,
1244 3579 1477 3650 reliquos
1498 3580 1683 3636 volens
1713 3596 1777 3636 ex
1804 3597 1893 3636 ea-

311 3668 581 3736 ptirorum
620 3684 773 3737 pmna
813 3669 879 3723 ad
910 3669 1181 3725 meliorem
1202 3670 1405 3741 frugem
1458 3672 1731 3727 reducere.
1760 3672 1889 3726 Nam

308 3758 389 3811 ait
422 3776 433 3810 :
465 3759 665 3828 Auferet
691 3776 720 3811 a
741 3759 923 3815 Iudaea
952 3761 1199 3814 hominem
1223 3764 1307 3831 qui
1335 3765 1489 3833 possit
1518 3764 1679 3819 levare
1701 3774 1890 3834 caput:

309 3849 383 3902 de
413 3850 717 3918 proceribus
747 3849 1007 3920 loquitur,
1038 3849 1209 3921 deque
1238 3852 1301 3906 iis
1330 3852 1419 3922 qui
1468 3854 1642 3907 omnia
1675 3870 1887 3911 sursum

308 3939 562 3995 deorsum
594 3950 837 4005 versant;
865 3956 957 3995 eos
984 3942 1070 4011 qui
1115 3942 1505 3998 multitudinem
1535 3945 1712 4015 populi
1739 3946 1887 4001 labe-

308 4030 597 4092 factabant,
629 4031 863 4099 captivos
889 4046 1176 4100 servosque
1218 4032 1394 4099 faciet,
1429 4034 1498 4088 ita
1529 4044 1583 4088 ut
1610 4034 1888 4094 inferiores

309 4120 515 4188 possint
540 4120 795 4173 tantillum
827 4120 1104 4189 respirare,
1135 4137 1305 4189 exque
1332 4132 1473 4175 metu
1505 4139 1600 4192 per
1619 4124 1888 4179 abductio-

306 4224 429 4264 nem
461 4208 684 4262 aliorum
717 4218 886 4277 parte,
919 4219 972 4263 et
1005 4224 1070 4263 ex
1098 4210 1308 4277 propria
1354 4210 1598 4266 libertate
1639 4213 1887 4269 meliores

303 4299 547 4354 evadere.
578 4299 704 4353 Ideo
724 4300 799 4352 ait
827 4316 839 4351 :
866 4299 964 4365 Qui
985 4302 1139 4369 possit
1178 4302 1372 4371 aliquid
1398 4304 1670 4372 per/icere,
1702 4305 1752 4359 id
1780 4315 1882 4372 est,

300 4390 510 4450 fortem.
537 4388 737 4459 aliquid
763 4390 972 4458 operari
998 4390 1279 4456 valentem,
1310 4392 1397 4460 qui
1422 4392 1589 4461 possit
1626 4394 1705 4448 vel
1731 4395 1885 4449 mini-

360 4522 435 4591 (a)_
467 4525 621 4591 Juxta
658 4524 875 4591 (remeam
900 4521 1185 4591 lectionem,
1210 4527 1470 4591 mmemori,
1503 4529 1768 4591 legendum
1796 4546 1876 4583 es-

290 4582 382 4642 set,
405 4582 654 4654 facileque
667 4582 866 4654 _vincet;
893 4582 1497 4654 sed‘maluimus'ﬁrmcam
1526 4582 1693 4639 vocem
1721 4595 1875 4641 inter-

284 4641 470 4712 pretari
490 4641 637 4712 quasi
663 4641 859 4712 fuisset,
881 4647 1129 4712 gqpéajrgt,
1156 4643 1330 4712 aderit,
1352 4661 1462 4712 quae
1480 4662 1572 4712 vox
1598 4664 1704 4699 cum
1725 4666 1873 4702 versu

276 4702 735 4775 sup_erius'__allato,
762 4702 965 4775 901,91,
1000 4704 1081 4753 ubi
1104 4702 1474 4767 tegitur,'.4‘dest
1497 4711 1624 4760 enim
1652 4714 1869 4775 (πάρεστι

270 4763 402 4837 γάῤ),
431 4767 629 4819 melius
656 4763 895 4829 quadrat.

2003 514 2147 553 mum
2163 499 2285 570 quid
2304 498 2531 558 efﬁcere.
2553 501 2620 557 Et
2639 510 2762 559 ante
2782 503 3169 574 abductionem,
3189 520 3282 576 per
3304 508 3474 578 ipsum
3498 528 3582 567 re-

2005 603 2122 642 rum
2135 597 2429 658 aspectum,
2445 592 2539 657 ait,
2557 592 2665 648 Vos
2681 594 2809 648 satis
2824 602 3026 650 terrore
3043 597 3290 665 percellet
3302 598 3458 654 barba
3467 617 3579 666 rus,

2003 686 2168 733 totam
2187 687 2380 734 terram
2406 680 2629 751 implens
2640 681 2984 739 barbarorum
3004 688 3335 756 corporibus.
3356 687 3478 744 ldeo
3496 691 3577 744 in-

2003 767 2118 822 tulit
2139 785 2152 821 :
2176 769 2244 822 Et
2264 778 2410 825 erunt
2427 780 2592 825 castra
2608 774 2734 843 ejus,
2752 774 2823 827 ita
2845 784 2897 827 ut
2917 774 3480 846 impleantlatitudinem
3501 796 3577 833 re:

2000 858 2163 928 gionis
2192 868 2311 914 tum.
2342 859 2621 916 Nobiscum
2642 862 2799 918 Deus.
2829 864 2882 919 9.
2913 865 3123 935 Scitote,
3141 879 3329 937 gentes,
3347 880 3398 923 et
3427 872 3576 930 vinci-

2001 951 2127 1003 mini
2148 967 2166 1005 :
2196 954 2423 1006 nuntiate
2449 970 2604 1024 usque
2622 955 2690 1008 ad
2712 966 2987 1011 extremum
3016 967 3182 1026 terra,
3213 968 3259 1013 et
3286 962 3581 1030 fortitudine

2001 1040 2221 1096 valentes
2237 1045 2510 1099 vincimini.
2539 1047 2602 1100 Si
2624 1048 2754 1101 enim
2780 1048 2959 1103 iterum
2981 1052 3341 1119 praet'alueritis
3363 1094 3378 1117 ,
3402 1056 3581 1110 iterum

2000 1134 2284 1189 oincemini.
2309 1136 2394 1190 10.
2426 1136 2492 1191 Et
2515 1141 2860 1211 quodcumque
2882 1144 3143 1198 consilium
3169 1145 3399 1211 inieritis,
3426 1146 3577 1200 dissi-

2002 1227 2135 1295 pabit
2158 1225 2405 1284 Dominus
2428 1245 2446 1283 :
2471 1240 2518 1284 et
2546 1233 2746 1287 uerbum
2775 1236 3118 1306 quodcumque
3145 1238 3336 1307 loquuti
3361 1240 3575 1309 fueritis,

2001 1335 2102 1373 non
2143 1321 2356 1374 manebit
2403 1322 2455 1374 in
2485 1322 2654 1390 vobis,
2705 1327 2821 1394 quia
2850 1328 3106 1382 nobiscum
3150 1328 3307 1384 Deus.
3361 1330 3579 1385 Videtur

2001 1410 2130 1465 mihi
2159 1410 2263 1467 hoc
2289 1412 2406 1467 loco
2435 1414 2676 1473 Ezechia:
2695 1418 2973 1474 victoriam
2991 1421 3299 1490 prcedicere,
3319 1437 3381 1477 ac
3400 1423 3577 1493 splen-

2001 1498 2182 1554 didum
2216 1501 2343 1557 illud
2375 1512 2631 1573 trepaaum
2674 1521 2993 1579 causamque
3044 1512 3301 1567 vietorim.
3358 1512 3576 1571 Etiamsi

2001 1593 2139 1646 enim
2167 1608 2313 1648 arma
2338 1596 2479 1664 apud
2526 1598 2640 1653 illos
2678 1600 2807 1665 sint,
2856 1603 3042 1671 inquit,
3076 1604 3282 1659 etiamsi
3315 1608 3576 1661 exercitus

2001 1679 2264 1748 immensi,
2297 1695 2349 1739 et
2379 1686 2501 1741 belli
2530 1689 2732 1755 peritia,
2765 1690 2857 1745 sed
2888 1693 3137 1748 auxilium
3160 1695 3313 1750 nobis
3341 1697 3574 1752 omnium

2002 1774 2422 1842 potentissimum
2445 1776 2720 1833 nobiscum
2738 1790 2841 1847 est,
2859 1796 3048 1850 nempe
3072 1784 3229 1839 Deus.
3258 1784 3414 1841 Venit
3434 1788 3574 1843 enim

2001 1862 2276 1931 barbarus,
2306 1874 2362 1919 ut
2403 1867 2547 1935 prius
2594 1869 2822 1924 minatus
2853 1871 3059 1941 fuerat,
3107 1884 3160 1929 et
3189 1876 3367 1933 multis
3410 1881 3574 1949 captis

2003 1954 2219 2010 urbibus
2245 1959 2469 2013 accessit
2514 1977 2526 2013 ε
2560 1971 2741 2029 postea
2787 1979 2912 2019 vero
2951 1966 3176 2024 admotis
3206 1971 3412 2037 castris,
3445 1987 3573 2027 con-

2003 2045 2159 2099 traria
2188 2061 2373 2115 passus
2399 2058 2498 2102 est.
2527 2050 2650 2104 llmc
2678 2053 2855 2123 itaque
2882 2056 3121 2123 prmdieit
3147 2059 3421 2128 prepheta,
3446 2078 3574 2117 eau-

2000 2150 2219 2207 samque
2241 2137 2477 2194 victoria:
2504 2142 2774 2209 prmdieat,
2800 2145 3046 2217 ipsosque
3068 2149 3321 2206 barbaros
3349 2153 3574 2223 alloqui-

2003 2234 2106 2281 tur.
2138 2227 2214 2283 Ne
2241 2230 2424 2298 priori,
2455 2232 2644 2302 inquit,
2675 2235 2909 2291 victoriae
2953 2237 3125 2294 fidatis
3159 2259 3170 2293 :
3203 2241 3253 2295 in
3288 2242 3385 2297 hac
3434 2245 3575 2300 enim

2002 2318 2293 2387 irruptione
2320 2324 2610 2377 maximum
2629 2324 2781 2381 nobis
2810 2326 2960 2382 adest
2988 2330 3304 2398 prmsidium.
3332 2333 3442 2389 lloc
3463 2335 3576 2403 ipso

2001 2411 2160 2482 igitur
2184 2416 2396 2485 cognito
2428 2416 2677 2483 recedite,
2703 2427 2883 2489 utpote
2911 2421 2999 2490 qui
3042 2438 3123 2486 ea,
3167 2440 3284 2493 qua:
3324 2426 3436 2479 fieri
3488 2442 3575 2481 ne~

2002 2514 2221 2575 queunt,
2253 2507 2650 2577 aggrediamini.
2683 2509 2817 2565 lline
2843 2520 2895 2565 et
2936 2528 3149 2567 causam
3183 2516 3318 2570 illius
3344 2517 3576 2574 vietoim

1999 2595 2295 2664 declarans,
2327 2606 2381 2653 et
2417 2600 2757 2669 annuntians,
2791 2602 2980 2658 famam
3009 2604 3123 2661 hcce
3162 2608 3408 2675 prmelara
3430 2622 3575 2679 gesta

2000 2688 2066 2742 ad
2116 2697 2383 2745 extremos
2420 2706 2586 2761 usque
2633 2702 2787 2748 terra:
2835 2696 2966 2751 fines
3001 2698 3278 2754 allaturam
3312 2716 3431 2757 esse
3464 2704 3575 2760 ait:

2002 2778 2245 2834 Nuntiate
2286 2797 2443 2851 usque
2468 2782 2536 2835 ad
2574 2793 2850 2840 extremum
2901 2795 3065 2842 terrm.
3109 2789 3275 2846 Nemo
3305 2793 3445 2847 enim
3474 2810 3576 2850 non

1999 2870 2199 2927 audivit
2224 2888 2284 2927 ea
2314 2888 2432 2944 quae
2457 2883 2583 2931 tunc
2605 2876 2950 2951 Jerosolymis
2992 2882 3344 2953 contigerunt.
3379 2885 3578 2943 Idcirco

1998 2962 2073 3016 ait
2102 2980 2115 3018 :
2142 2962 2326 3017 Audite
2365 2981 2519 3035 usque
2540 2967 2609 3019 ad
2639 2978 2913 3023 extremum
2959 2981 3131 3040 terrae,
3178 2984 3223 3028 et
3261 2977 3347 3047 qui
3372 2978 3579 3046 fortitu-

1999 3054 2116 3108 dine
2157 3056 2331 3109 vnletis
2382 3058 2655 3111 uincimini.
2681 3059 2921 3130 Magnam
2959 3066 3152 3134 quippe
3185 3067 3407 3135 gloriam
3455 3078 3577 3126 tunc

1997 3144 2254 3200 barbarus
2316 3146 2385 3201 ob
2437 3147 2726 3217 potentiam
2796 3150 3085 3207 obtinebat.
3162 3154 3347 3211 Fortes
3401 3170 3577 3216 autem

1999 3235 2085 3289 hic
2114 3235 2245 3290 dicit
2270 3251 2375 3290 non
2417 3252 2640 3308 corpore
2688 3240 2969 3309 robustos,
3014 3244 3106 3299 sed
3157 3260 3247 3301 eos
3287 3248 3375 3317 qui
3422 3265 3576 3319 pecu.

1996 3325 2201 3379 niarum
2229 3326 2379 3395 capia
2404 3368 2418 3392 ,
2447 3336 2501 3383 et
2527 3328 2709 3396 glorim
2751 3330 3035 3401 splendore
3085 3337 3356 3406 conSpicui
3404 3346 3575 3395 erant.

1998 3414 2057 3469 Si
2083 3417 2212 3469 enim
2242 3416 2421 3470 iterum
2447 3419 2828 3489 pra'valueritis,
2859 3423 3059 3493 inquit,
3091 3425 3269 3479 iterum
3292 3429 3576 3486 vincemini.

1998 3507 2063 3560 Et
2093 3510 2443 3581 quodcumque
2461 3513 2724 3566 consilium
2753 3515 2983 3581 inieritis,
3008 3517 3270 3588 dissipabit
3294 3520 3540 3579 Dominus
3557 3544 3575 3579 :

1995 3611 2039 3653 et
2064 3602 2264 3656 verbum
2289 3604 2636 3674 quodcumque
2665 3607 2859 3676 loquuti
2884 3610 3105 3678 fueritis,
3148 3628 3247 3667 non
3276 3615 3491 3669 manebit
3523 3619 3574 3671 in

1994 3691 2149 3758 vobis,
2174 3693 2291 3764 quia
2318 3693 2577 3748 nobiscum
2606 3694 2760 3750 Deus.
2789 3696 2920 3764 Quia
2947 3701 3084 3755 mala
3110 3702 3248 3772 apud
3293 3719 3384 3760 eos
3426 3717 3575 3761 crant

1994 3784 2235 3849 consilia,
2267 3792 2321 3839 et
2341 3788 2626 3853 sperabant
2654 3801 2713 3842 se
2738 3787 2922 3843 urbem
2952 3789 3119 3859 ipsam
3161 3807 3187 3844 a
3216 3792 3574 3851 fundamentis

1994 3874 2338 3929 demolituros
2360 3888 2500 3943 esse,
2533 3884 2585 3930 et
2626 3877 2703 3930 sic
2746 3876 2962 3933 domum
2987 3895 3318 3947 reversuros,
3348 3886 3574 3939 censilia

1994 3979 2177 4018 eorum
2206 3966 2257 4019 in
2285 3966 2517 4020 medium
2544 3965 2756 4020 adducit
2783 3967 3039 4036 propheta
3084 3978 3138 4023 et
3170 3972 3263 4035 ait,
3289 3974 3572 4029 verborum

1995 4064 2149 4109 tenus
2178 4057 2354 4108 omnia
2379 4067 2688 4111 remansura
2713 4071 2852 4112 esse.
2883 4058 3081 4115 Deinde
3105 4063 3225 4131 quia
3257 4079 3342 4119 res
3368 4080 3573 4120 annun-

1992 4145 2155 4199 tiabat
2176 4145 2460 4201 humanam
2490 4156 2729 4203 saturam
2753 4160 3085 4220 superantes,
3121 4164 3178 4209 ut
3223 4155 3327 4211 fide
3355 4158 3572 4228 dignum

1991 4252 2292 4293 sermonem
2320 4238 2585 4305 exhibeat,
2628 4241 2693 4295 ad
2741 4241 3052 4313 dignitatem
3080 4247 3329 4314 prmclare
3351 4264 3570 4317 Operan-

1991 4333 2058 4385 tis
2088 4330 2393 4401 frequenter
2421 4330 2656 4402 confugit
2698 4333 2916 4401 dicens,
2952 4338 3082 4401 Quia
3111 4339 3367 4391 nobiscum
3397 4338 3532 4394 Deus
3554 4383 3569 4409 ,

1989 4432 2043 4477 et
2070 4424 2191 4491 quia
2218 4422 2332 4478 hcce
2358 4424 2533 4476 omnia
2555 4423 2980 4479 machinamenta
3004 4426 3281 4495 dissipabit
3304 4430 3397 4499 (a).
3429 4431 3572 4497 Quo-

1989 4516 2127 4570 niam
2162 4516 2260 4586 ipsi
2288 4515 2477 4586 gloria.

2051 4651 2122 4710 (η)
2141 4657 2239 4718 nuc
2255 4649 2434 4718 desinit
2455 4648 2673 4718 Savilius.
2688 4653 3009 4718 etasteriseos
3027 4654 3203 4715 adjicit,
3221 4657 3355 4718 quasi
3376 4656 3567 4709 humilia

1984 4713 2047 4759 sit
2072 4710 2347 4782 nuutila._Ane
2371 4724 2490 4759 vere
2515 4711 2679 4760 mutila
2704 4713 2912 4773 videtur,
2946 4710 3310 4780 ignoraturquc,
3336 4732 3566 4782 quorsum

1989 4773 2279 4834 processerit
2297 4770 2676 4834 Chrysostomus.
