4144 6472
660 391 731 448 95
1352 381 1412 438 S.
1450 381 1736 441 JOANNIS
1774 380 2267 441 CHRYSOSTOMI
2303 379 2622 438 ARCIHEP.
2663 375 3211 436 CONSTANTINOP.
3832 387 3901 443 96

648 583 3897 622 mw

2093 1015 2474 1080 MONITUM

1355 1205 1463 1265 AD
1508 1202 1902 1265 HOMILIAS
1947 1204 2029 1265 IN
2061 1201 2315 1266 OZIAM
2351 1202 2498 1264 SEU
2544 1201 2650 1264 DE
2698 1202 3192 1264 SERAPHINIS.

715 1430 800 1486 Ad
831 1429 1094 1488 Homilias
1127 1431 1182 1486 in
1216 1430 1403 1487 Oziam
1426 1432 1545 1487 haec
1568 1439 1726 1488 notat
1757 1429 2028 1488 Henricus
2061 1430 2315 1498 Savilius,
2349 1428 2525 1486 Τοωο
2551 1429 2605 1497 8,
2635 1429 2692 1484 in
2727 1429 2872 1486 notis
2900 1429 2999 1485 col.
3035 1429 3141 1483 722
3173 1447 3186 1482 :
3223 1447 3240 1481 ι
3275 1429 3350 1484 Ex
3380 1429 3465 1485 his
3493 1429 3729 1501 quinque
3752 1427 3892 1486 Ora-

656 1545 898 1601 tionibus
941 1549 995 1602 in
1035 1546 1220 1604 Oziam
1253 1548 1542 1622 Catalogus
1580 1549 1950 1624 Augustauus,
1981 1566 2137 1606 num.
2181 1550 2271 1617 30,
2307 1550 2397 1617 51,
2435 1550 2524 1616 32,
2561 1549 2649 1616 33,
2675 1547 2916 1618 agnoscit
2939 1557 3189 1619 quatuor,
3231 1547 3334 1602 hoc
3360 1555 3464 1614 est,
3495 1546 3675 1602 demta
3705 1551 3894 1616 quarta

647 1671 872 1718 caeteras
901 1679 1109 1720 omnes.
1144 1665 1214 1720 Et
1238 1665 1596 1737 proculdubio
1623 1680 1816 1721 omnes
1842 1665 2086 1736 γνήσιαι.
2120 1665 2356 1720 Primam
2392 1664 2536 1720 hanc
2563 1663 2648 1720 bis
2670 1663 2871 1720 editam
2905 1663 3091 1719 Romae
3119 1664 3524 1720 emcndavimus
3556 1679 3622 1720 ex
3657 1672 3889 1735 quatuor

646 1771 864 1843 scriptis
892 1773 1203 1840 Codicibus,
1251 1791 1484 1846 quorum
1510 1776 1724 1847 primus
1760 1775 1866 1832 fuit
1896 1774 2213 1847 interpretis
2241 1774 2472 1842 Erasmi,
2510 1784 2565 1831 et
2593 1791 2741 1832 nune
2779 1784 2864 1831 est
2893 1776 2948 1831 in
2973 1776 3304 1833 Bibliotheca
3341 1775 3720 1834 Universitatis
3746 1775 3893 1833 Oxo-

647 1893 856 1948 niensis
892 1911 905 1948 :
939 1893 1214 1949 secundus
1241 1909 1305 1949 ex
1335 1893 1666 1949 Bibliotheca
1705 1892 1928 1965 ϐοηθεῙί
1952 1891 2090 1948 Novi
2146 1889 2470 1948 Oxoniensis
2526 1899 2810 1962 promtus:
2849 1891 3041 1946 tertius
3068 1906 3134 1946 ex
3166 1889 3498 1946 Bibliotheca
3515 1890 3894 1947 Universitatis

644 2010 1109 2082 Cantabrigiensia
1139 2029 1151 2064 :
1185 2019 1413 2080 quartus
1450 2010 1586 2065 mihi
1617 2026 1647 2065 a
1674 2010 1993 2067 doctissimo
2019 2007 2318 2065 Croshavio
2346 2008 2753 2074 commodatus;
2783 2005 3042 2062 adhibitis
3061 2006 3224 2061 etiam
3252 2005 3316 2071 ρ.
3350 2003 3595 2075 Septimii
3625 2003 3895 2059 Florentia

645 2124 959 2192 Christiani,
999 2124 1101 2179 viri
1131 2123 1318 2180 multis
1349 2123 1668 2178 nominibus
1691 2122 1810 2179 orbi
1834 2122 2152 2179 Cbristiano
2187 2123 2326 2187 noti,
2358 2121 2652 2194 ingeniosis
2676 2129 2732 2176 et
2767 2119 2943 2176 doctis
2968 2117 3300 2188 coniecturis
3329 2134 3340 2170 :
3387 2131 3512 2172 nam
3543 2117 3694 2173 libris
3735 2116 3891 2182 Mss...

651 2253 711 2297 ut
737 2244 976 2306 videtur,
999 2256 1224 2312 prorsus
1250 2241 1669 2298 destituebatur.
1693 2241 1863 2298 Porro
1890 2243 2026 2298 sciat
2054 2243 2224 2299 lector
2265 2243 2322 2298 in
2347 2243 2600 2297 omnibus
2628 2241 2742 2297 fere
2780 2240 3168 2297 illustrioribus
3195 2239 3536 2294 bibliothecis
3563 2237 3729 2294 Italia
3749 2246 3806 2293 et
3836 2235 3886 2291 in

647 2362 810 2432 Regia
842 2360 1069 2415 Lutetiae
1099 2359 1329 2429 reperiri
1359 2359 1499 2415 inter
1525 2358 1896 2430 Chrysostomi
1930 2359 2283 2431 Manuscript:

2257 2370 2299 2416 La
2340 2359 2539 2414 librum
2585 2359 2934 2428 inscriptum,
2978 2357 3366 2428 Χρυσοστόμου
3405 2354 3740 2438 μαργαρῑταε
3775 2373 3789 2408 :
3821 2367 3893 2423 qu

644 2477 814 2532 codex
844 2477 982 2532 nihil
1012 2477 1158 2534 aliud
1189 2478 1454 2544 continet,
1480 2493 1644 2549 quam
1693 2477 2018 2547 συναγωγὴν
2049 2478 2280 2548 quamda

2255 2493 2338 2532 am
2382 2477 2800 2533 lectissimarum
2835 2476 2918 2544 (ut
2954 2475 3058 2545 ipsi
3103 2476 3406 2542 συναγωγεῑ
3437 2473 3612 2528 visum
3644 2479 3744 2535 est,
3781 2483 3891 2524 non

644 2589 822 2658 magni
849 2588 1040 2659 judi'cii
1077 2590 1216 2655 viro,
1244 2589 1418 2660 utqui
1455 2590 1712 2659 pleraque
1740 2587 2039 2659 collegerit,
2075 2587 2220 2643 inter
2245 2603 2342 2644 sua
2376 2587 2687 2660 margarita,
2714 2586 2970 2642 subfusca
2998 2600 3066 2640 ac
3100 2585 3346 2654 liventia)
3381 2586 3686 2641 orationum
3723 2583 3897 2655 Chry-

645 2701 867 2756 sostomi
901 2719 915 2756 :
945 2717 1052 2772 quo
1083 2704 1140 2756 in
1171 2717 1402 2756 numero
1433 2709 1560 2756 sunt
1589 2701 1675 2756 ba:
1712 2699 1955 2770 quinque
1991 2698 2050 2752 in
2080 2699 2286 2765 Oziam,
2316 2716 2408 2756 sex
2444 2711 2633 2756 contra
2661 2699 2902 2766 Iudaeos,
2933 2706 2987 2754 et
3022 2699 3139 2754 aliae
3179 2700 3246 2754 ad
3291 2699 3379 2765 70,
3403 2699 3489 2756 vel
3529 2700 3597 2755 80
3625 2715 3902 2768 numero;

646 2832 780 2887 quas
804 2831 996 2873 omnes
1033 2819 1146 2873 suis
1175 2817 1308 2872 locis
1337 2814 1874 2887 repraesentabimus.
1908 2811 2065 2879 Quod
2112 2813 2391 2868 monuisse
2420 2828 2600 2883 operm
2624 2813 2858 2884 pretium
2888 2813 3010 2879 fuit,
3050 2829 3120 2868 ne
3147 2815 3268 2883 quis
3298 2814 3355 2868 in
3390 2813 3540 2868 illam
3569 2815 3893 2885 συναγωγὴν

646 2930 914 2997 incidens,
945 2930 1152 2992 aliquid
1177 2930 1300 2986 novi
1330 2943 1388 2985 se
1416 2936 1570 3000 putet
1589 2927 1878 3000 reperisse.
1915 2948 1935 2982 ι

717 3049 991 3106 Hactenus
1022 3050 1277 3118 Savilius,
1306 3050 1399 3120 qui
1430 3059 1578 3104 recte
1624 3051 1878 3106 observat
1923 3047 2184 3104 Homilias
2223 3048 2341 3104 illas
2386 3057 2621 3118 quatuor
2660 3048 2714 3102 in
2757 3046 2945 3103 Oziam
2977 3048 3032 3101 in
3081 3045 3337 3117 Catalogo
3367 3046 3700 3115 Augustano,
3731 3058 3896 3115 quem

647 3162 897 3218 dedimus
924 3163 1097 3219 Τοωο
1127 3163 1181 3228 l,
1214 3179 1269 3234 p.
1300 3162 1424 3227 8M,
1462 3169 1813 3227 memoratas,
1838 3176 1960 3216 esse
1990 3160 2244 3231 primam,
2270 3159 2586 3227 secundam,
2623 3159 2839 3215 tertiam
2879 3167 2934 3213 et
2961 3157 3240 3228 quintam;
3269 3158 3413 3213 unde
3442 3158 3707 3228 sequitur.
3730 3172 3898 3228 quar-

648 3288 756 3334 tam
791 3279 847 3333 in
872 3283 1013 3350 ejus,
1049 3280 1141 3349 qui
1169 3278 1484 3350 Catalogum
1515 3276 1664 3331 illum
1704 3275 1814 3345 jam
1843 3276 1974 3330 olim
2021 3276 2391 3344 concinnavit,
2434 3276 2733 3347 exemplari
2763 3289 2872 3330 non
2908 3274 3098 3340 fuisse,
3130 3282 3225 3328 aut
3255 3274 3444 3330 saltem
3479 3289 3590 3330 non
3621 3273 3695 3331 lbi
3721 3273 3896 3330 fuisse

647 3391 838 3446 eodem
865 3398 1096 3461 posuam
1125 3390 1335 3446 ordine.
1357 3387 1607 3459 Vereque
1631 3388 1976 3459 exploratum
2000 3397 2105 3455 est,
2136 3387 2299 3444 hasce
2318 3388 2570 3443 homilias
2599 3403 2708 3443 non
2732 3402 2854 3443 esse
2881 3401 3073 3442 omnes
3103 3401 3169 3442 eo
3194 3387 3404 3452 ordine,
3432 3402 3541 3456 quo
3562 3387 3757 3444 habitae
3779 3387 3898 3460 [θλ]

647 3511 796 3569 sunt,
837 3503 1062 3574 positas.
1105 3499 1288 3556 Prima
1336 3501 1484 3555 enim
1515 3515 1639 3556 cum
1673 3499 1915 3555 secunda
1947 3514 2058 3554 non
2092 3500 2351 3567 cohaeret,
2384 3499 2707 3568 videturque
2736 3499 2880 3555 dicta
2909 3499 3071 3568 longo
3119 3508 3245 3569 post
3276 3499 3570 3554 secundam
3623 3501 3898 3573 temporel;

647 3632 846 3686 nempe
873 3615 1112 3686 quando,
1149 3615 1434 3685 imperium
1467 3623 1690 3669 tenente
1735 3612 1933 3684 ignavo
1975 3611 2212 3682 quodam
2247 3621 2303 3668 et
2333 3612 2464 3668 boni
2496 3611 2706 3668 consilii
2737 3623 2958 3683 experte
2991 3612 3257 3684 principe,
3307 3615 3523 3670 barbari
3557 3615 3899 3681 invaserunt,

649 3730 923 3788 exercitus
959 3728 1329 3784 Romanorum
1373 3726 1689 3797 proﬂigatus
1749 3735 1853 3790 est,
1910 3725 2247 3782 calamitates
2296 3727 2556 3782 immissae
2597 3737 2752 3794 sunt;
2809 3742 2930 3797 quae
2958 3729 3143 3782 omnia
3193 3737 3440 3784 recenset
3482 3729 3902 3803 Chrysostomus

649 3853 782 3894 num
811 3840 866 3895 4.
900 3840 1027 3896 Πιυο
1059 3853 1223 3910 porro
1250 3839 1305 3893 in
1339 3837 1552 3892 Arcadii
1579 3837 1888 3907 imperium,
1913 3838 2058 3908 quod
2089 3837 2255 3908 ccepit
2283 3853 2428 3892 anno
2465 3839 2587 3903 595,
2625 3839 2912 3895 referenda
2932 3841 3208 3908 videntur,
3240 3854 3300 3900 ut
3334 3846 3714 3905 animadvertit
3735 3850 3901 3906 etiam

648 3952 734 4007 vir
761 3953 1145 4025 sagacissimus
1171 3950 1571 4006 Tillemontius.
1603 3951 1685 4006 Ad
1727 3951 1846 4006 haec
1869 3959 2053 4005 autem
2080 3949 2256 4019 prima
2286 3949 2343 4002 in
2393 3949 2577 4004 Oziam
2624 3953 2779 4020 quasi
2811 3954 3096 4010 occasione
3134 3957 3362 4024 quadam
3399 3968 3607 4014 tantum
3638 3961 3695 4015 in
3725 3962 3901 4018 histo-

653 4066 786 4121 riam
818 4067 961 4121 Oziae
992 4076 1049 4121 et
1077 4065 1133 4119 in
1167 4064 1597 4135 Seraphinorum
1624 4063 1889 4120 visionem
1918 4063 2110 4119 incidit
2146 4079 2161 4116 :
2196 4062 2270 4118 ita
2298 4071 2360 4117 ut
2383 4065 2620 4119 secunda
2644 4067 2727 4121 vel
2756 4083 2822 4122 ex
2853 4069 3013 4124 modo
3043 4070 3312 4136 ordiendi,
3341 4072 3444 4127 alio
3478 4073 3618 4129 facta
3660 4085 3905 4146 tempore

652 4184 868 4254 aliaque
898 4181 1184 4237 occasione
1217 4178 1398 4234 statim
1427 4177 1694 4232 videatur.
1724 4176 1885 4232 Certe
1924 4177 2098 4248 prima
2127 4176 2222 4231 diu
2247 4188 2460 4249 postea,
2492 4178 2706 4234 Arcadii
2736 4195 2932 4250 nempe
2969 4189 3233 4252 tempore,
3271 4193 3332 4238 ut
3358 4200 3422 4239 ex
3447 4186 3759 4257 conjectura
3789 4199 3906 4246 sta-

654 4297 844 4363 tuitur,
879 4296 1023 4352 dicta
1059 4294 1241 4350 fuerit.
1269 4296 1350 4347 An
1382 4308 1509 4347 vero
1537 4291 1862 4355 Antiochiae,
1895 4307 1963 4345 an
1998 4291 2492 4365 Constantinopoli,
2531 4309 2640 4348 non
2669 4295 2742 4349 ita
2765 4295 2918 4350 facile
2956 4307 3041 4352 est
3071 4298 3339 4354 divinare.

721 4415 971 4470 Secunda
1000 4409 1303 4466 Antiochia!
1334 4407 1478 4462 haud
1513 4406 1676 4462 dubie
1707 4405 1893 4461 habita
1915 4415 2016 4461 est.
2043 4406 2098 4460 ld
2122 4407 2265 4476 quod
2301 4423 2365 4462 ex
2391 4409 2480 4474 iis,
2501 4423 2622 4477 quae
2652 4408 2794 4462 circa
2824 4409 2986 4464 finem
3017 4411 3254 4468 homilize
3282 4416 3374 4482 ait,
3400 4419 3675 4489 arguitur;
3706 4437 3908 4494 nempe

654 4542 712 4581 se
746 4528 908 4579 citius
931 4523 1094 4577 ﬁnem
1118 4521 1332 4576 dicendi
1363 4519 1562 4584 facere,
1597 4526 1655 4571 ut
1680 4517 1800 4577 loco
1829 4516 1987 4572 cedat
2017 4518 2338 4589 praeceptori
2370 4533 2466 4573 seu
2509 4517 2834 4589 διδασκάλῳ,
2895 4523 3101 4577 scilicet
3148 4525 3401 4582 Flaviano
3445 4529 3742 4588 Antiochia:
3788 4535 3908 4605 epi-

657 4654 843 4708 scopo,
877 4639 1022 4708 quod
1043 4647 1098 4692 et
1131 4638 1257 4692 alibi
1290 4639 1490 4708 passim
1526 4635 1728 4691 factum
1765 4635 2249 4706 deprehendimus.
2279 4635 2356 4690 De
2404 4651 2549 4692 anno
2587 4645 2770 4692 autem
2820 4653 2928 4693 non
2980 4641 3052 4695 ita
3087 4641 3242 4699 facile
3283 4656 3364 4700 est
3394 4647 3476 4702 vel
3502 4663 3566 4703 ex
3591 4651 3904 4722 conjectura

651 4755 856 4810 dicere.
888 4755 1023 4808 Nam
1054 4755 1198 4824 quod
1233 4754 1612 4808 Tillemontius
1660 4753 1992 4825 suspicatur,
2041 4769 2165 4809 cum
2211 4764 2488 4824 comparat
2513 4755 2933 4827 Chrysostomus
2976 4758 3276 4816 doctrinam
3317 4779 3468 4818 suam
3512 4769 3716 4822 recenti
3755 4770 3906 4836 vino,

653 4869 960 4924 doctrinam
1004 4876 1186 4921 autem
1239 4865 1478 4921 Flaviani
1510 4865 1636 4919 vino
1677 4866 1868 4932 veteri,
1896 4880 1954 4920 se
1990 4865 2106 4919 hzec
2135 4865 2292 4920 initio
2319 4866 2606 4921 sacerdotii
2631 4867 2713 4922 sui
2745 4871 3128 4925 concionatum
3163 4872 3508 4932 subindicare
3543 4897 3555 4932 :
3585 4879 3715 4935 illud
3759 4891 3908 4937 certe

652 4985 738 5041 vel
781 4985 899 5055 ipso
931 4983 1262 5038 Tillcmoutii
1295 4982 1503 5053 judicio
1534 4981 1866 5036 levissimum
1901 4991 2019 5049 est;
2053 4981 2298 5052 ejusdem
2325 4984 2538 5054 generis
2565 4994 2643 5038 est
2673 4985 2804 5038 illud
2831 4985 2976 5039 aliud
3015 4988 3291 5056 indicium,
3319 4992 3442 5049 inde
3471 5006 3732 5062 sumtum,
3763 5001 3910 5068 quod

653 5102 812 5171 paulo
833 5108 955 5170 post
981 5099 1194 5153 initium
1222 5097 1350 5153 dicit
1385 5113 1443 5152 se
1469 5096 1690 5167 dignum
1737 5097 1981 5151 habitum
2010 5097 2176 5153 fuisse
2213 5101 2303 5168 qui
2345 5099 2490 5169 apud
2515 5100 2633 5154 illos
2663 5101 3099 5168 concionaretur,
3134 5107 3571 5180 κατηξιὼοημεν.
3612 5113 3747 5168 Nam
3774 5116 3906 5186 quid

658 5222 786 5275 inde
831 5221 1051 5285 inferas,
1090 5237 1214 5275 cum
1245 5229 1455 5274 certum
1485 5219 1554 5274 sit
1593 5217 2040 5288 Chrysostomum
2069 5234 2177 5271 non
2206 5219 2380 5288 primo
2429 5220 2600 5274 solum
2632 5235 2794 5287 anno,
2825 5222 2918 5276 sed
2960 5224 3120 5276 etiam
3150 5227 3410 5292 secundo,
3441 5230 3619 5292 tertio,
3655 5231 3908 5302 aliisque,

659 5337 855 5391 honori
883 5335 984 5390 sibi
1019 5336 1164 5390 haud
1190 5335 1354 5389 dubie
1377 5335 1594 5390 duxisse
1627 5334 1771 5404 quod
1802 5349 1987 5389 coram
2023 5342 2170 5388 tanta
2213 5337 2390 5406 plebe,
2427 5338 2683 5408 episcopo
2732 5355 2872 5409 szepe
2905 5352 3192 5410 praesente,
3223 5344 3671 5398 concionaretur?
3705 5344 3906 5403 Verum

660 5453 893 5522 aliquam
924 5447 1186 5518 temporis
1211 5457 1418 5516 notam,
1453 5465 1614 5517 quam
1639 5464 1748 5502 non
1778 5446 2163 5505 animadvertit
2188 5451 2589 5517 Tillemontius,
2622 5453 2747 5506 inde
2774 5469 2986 5508 sumere
3021 5455 3166 5521 licet,
3190 5457 3332 5525 quod
3356 5472 3507 5512 num.
3539 5457 3573 5510 2
3605 5470 3659 5514 et
3687 5462 3908 5532 5,post-

661 5585 821 5638 quam
844 5567 1053 5622 dixerat
1077 5567 1244 5622 Deum
1272 5567 1561 5620 Abrahami
1590 5567 1797 5621 nomini
1827 5567 2098 5624 addidisse
2125 5569 2357 5637 lileram,
2383 5573 2453 5625 ita
2480 5579 2538 5625 ut
2559 5571 2648 5640 qui
2685 5571 2895 5642 Ἀϐρὰμ
2923 5575 3236 5640 vocabatur,
3265 5575 3514 5645 ’Λὸραάμ
3544 5589 3730 5647 postea
3759 5580 3908 5638 dice-

666 5692 835 5749 retur,
888 5690 938 5736 ut
981 5683 1141 5738 unius
1170 5681 1339 5738 litem
1371 5681 1741 5738 additanienlo
1785 5681 1998 5752 signum
2040 5681 2375 5754 principatus
2409 5685 2507 5757 ipsi
2557 5685 2743 5750 daret;
2797 5697 2982 5755 postea
3037 5689 3424 5759 subjunxerit:
3471 5688 3607 5744 ἀλλὰ
3657 5692 3776 5762 περὶ
3808 5694 3909 5767 μὲν
