4144 6470
268 402 341 459 95
1041 392 1111 449 ΙΝ
1144 392 1378 459 lLLUD,
1417 390 1555 448 VIDI
1597 391 1913 448 DOMINUM
1954 391 2189 449 HOMIL.
2231 393 2270 449 Ι.
2300 422 2371 435 -
2408 391 2755 452 MONITUM.
3449 406 3521 462 96

276 506 562 578 ὀνομάτων
588 508 648 563 ἐν
679 508 852 581 ἑτέρῳ
880 510 1061 583 καιρῷ
1081 512 1435 583 διηγήσομαι,
1464 512 1555 565 sed
1576 511 1642 563 de
1661 510 1912 564 nominibt

1895 526 1953 563 us
1982 509 2090 563 alio
2122 520 2349 579 tempore
2399 511 2678 577 disseram,
2723 527 2832 582 quo
2860 511 3124 583 signiﬁcat
3161 528 3220 571 se
3252 513 3319 568 de
3346 524 3527 569 muta-

273 622 430 678 tione
453 626 738 680 nominum
765 636 952 695 postea
981 626 1255 683 dicturum
1288 642 1438 694 esse;
1466 628 1517 682 id
1535 627 1680 697 quod
1696 627 1911 682 abunde
1938 626 2188 697 praestitit
2214 627 2268 680 in
2293 636 2525 697 quatuor
2551 628 2797 685 llomiliis
2811 630 2877 684 de
2900 628 3194 685 Mutatione
3222 638 3524 697 nominum,

273 754 421 809 quas
454 742 622 799 habes
643 741 815 800 Tomo
840 746 893 810 3,
922 745 1014 799 ubi
1042 744 1110 800 de
1138 745 1445 800 mutatione
1478 744 1719 798 nominis
1757 743 2032 798 Abraham
2079 744 2279 814 agitur,
2314 759 2371 813 p.
2398 744 2517 808 i07,
2548 754 2603 799 et
2635 746 2756 809 ΗΞ.
2791 755 2847 801 et
2874 745 3135 803 Sermone
3156 764 3303 804 nono
3330 748 3385 803 in
3418 748 3526 805 Ce-

278 852 489 917 nesim,
512 854 601 921 qui
629 866 754 925 post
775 857 1066 911 secundam
1105 855 1396 912 Homiliam
1422 856 1490 911 de
1520 856 1821 912 Mutatione
1844 854 2130 909 nominum
2162 856 2379 911 habitus
2404 866 2510 921 est,
2544 858 2634 912 ubi
2667 858 2829 914 etiam
2859 860 2927 914 de
2959 863 3258 918 mutatione
3294 862 3531 919 nominis

280 967 525 1024 Abrahae
547 970 744 1041 agitur,
774 986 829 1041 p.
859 972 981 1028 691.
1012 971 1240 1028 Certum
1292 971 1475 1042 itaque
1506 972 1955 1043 exploratumque
1980 971 2176 1037 habeo,
2205 971 2347 1025 hanc
2378 972 2656 1027 homiliam
2703 975 2892 1029 eodem
2925 991 3069 1030 anno
3099 976 3336 1033 habitam
3366 980 3530 1035 fuisse

279 1091 403 1147 quo
429 1078 532 1133 iilze
558 1079 625 1134 de
654 1079 949 1137 Mutatione
974 1084 1260 1138 nominum
1289 1084 1446 1139 dictae
1493 1092 1643 1148 sunt,
1685 1099 1794 1154 quo
1827 1083 1990 1138 etiam
2035 1081 2279 1137 Homiliaa
2313 1082 2367 1135 in
2408 1082 2663 1138 Genesim
2701 1084 2973 1154 sexaginta
3010 1095 3252 1156 septem;
3284 1087 3529 1147 Homilic

279 1193 421 1249 item
450 1196 503 1249 in
526 1195 782 1253 Actorum
805 1200 1241 1271 inscriptionem,
1274 1210 1330 1257 et
1364 1202 1483 1256 alia:
1518 1202 1785 1271 quzedam,
1822 1210 1883 1255 ut
1924 1202 2111 1257 videas
2139 1203 2459 1259 Praefatione
2484 1202 2537 1257 in
2566 1212 2818 1273 quartum
2849 1204 3101 1270 Tomum,
3143 1213 3198 1259 et
3230 1205 3285 1259 in
3318 1205 3529 1262 Monito

278 1310 357 1365 ad
387 1311 645 1368 Homiiias
678 1314 729 1368 in
767 1316 1179 1387 inscriptionem
1203 1317 1461 1373 Actorum
1492 1317 1663 1371 Tomo
1695 1318 1748 1372 5.
1780 1316 1914 1382 Quis
1938 1332 2067 1373 vero
2090 1317 2268 1374 sitille
2298 1332 2497 1382 annus,
2542 1317 2784 1372 nondum
2824 1318 2977 1388 potui
3020 1319 3284 1389 probabili
3339 1320 3526 1392 conje-

277 1434 442 1481 ctura
474 1430 725 1499 assequi:
756 1431 870 1485 ha‘c
899 1432 1083 1486 omnia
1114 1432 1171 1486 in
1194 1446 1397 1486 annum
1420 1431 1523 1487 388
1557 1428 1750 1499 conjici
1784 1430 1923 1484 forte
1953 1438 2196 1499 possent.

353 1536 592 1593 Homilia
622 1542 776 1595 tertia
817 1540 1096 1610 aliquanto
1126 1550 1371 1611 tempore
1405 1548 1529 1610 post
1577 1538 1873 1593 secundam
1918 1537 2101 1593 habita
2149 1548 2250 1603 est,
2290 1537 2685 1611 Flavianusque
2717 1540 3006 1612 episcopus
3038 1553 3160 1611 post
3204 1544 3529 1615 Chrysosto-

276 1665 439 1705 mum
465 1653 817 1709 concionatus
844 1664 960 1721 est;
993 1656 1090 1711 sed
1119 1655 1208 1710 hic
1236 1656 1304 1710 de
1335 1654 1681 1726 Martyribus,
1710 1652 2130 1722 Chrysostomus
2165 1662 2347 1708 autem
2380 1654 2446 1710 de
2478 1652 2608 1711 Ozia
2634 1664 2688 1711 et
2726 1655 2794 1711 de
2824 1654 3161 1726 Serapbiuis,
3216 1658 3325 1714 imo
3352 1659 3532 1731 potius

277 1763 355 1819 de
384 1764 635 1833 superbia
675 1764 819 1823 Ozia:
848 1770 1008 1840 regis,
1034 1784 1155 1839 qua:
1185 1769 1365 1839 ipsum
1396 1768 1732 1839 praecipitem
1764 1766 1932 1821 dedit.

360 1884 591 1942 Homilia
624 1896 813 1959 quarta
844 1892 995 1947 nullo
1014 1893 1177 1949 modo
1206 1909 1371 1965 posse
1402 1895 1647 1951 creditur
1675 1895 1741 1950 ad
1782 1895 1983 1965 quinta:
2016 1896 2212 1952 seriem
2238 1895 2461 1962 deduci;
2506 1896 2632 1951 licet
2674 1894 2819 1950 enim
2852 1892 2994 1949 circa
3032 1890 3271 1946 medium
3299 1892 3365 1946 de
3403 1890 3532 1945 Ozia

278 2017 502 2080 agatur,
532 2006 669 2062 nihil
715 2020 799 2065 est
827 2011 969 2081 quod
1005 2013 1238 2070 suadere
1278 2029 1441 2086 posse
1491 2014 1738 2071 videatur
1766 2014 1910 2070 hanc
1938 2014 2128 2070 eodem
2161 2023 2427 2085 tempore,
2459 2012 2755 2084 eademque
2786 2014 2841 2067 in
2882 2012 3016 2066 urbe
3060 2011 3299 2066 habitam
3343 2008 3530 2064 fuisse.

280 2132 408 2186 lino
450 2144 577 2184 vero
596 2146 705 2184 non
738 2131 936 2187 desunt
966 2149 1088 2201 quae
1125 2132 1479 2189 subindicent
1506 2133 1649 2189 hanc
1669 2132 2141 2203 Constantinopoli
2167 2130 2336 2187 fuisse
2364 2133 2588 2187 dictam.
2622 2129 2986 2196 Quamobrem
3019 2128 3143 2198 jure
3170 2128 3215 2182 is
3246 2128 3335 2196 qui
3371 2126 3533 2181 Cata-

279 2244 471 2313 logum
501 2260 724 2314 operum
749 2242 1118 2317 Chrysostomi
1155 2248 1396 2318 γνησίων
1438 2248 1551 2318 jam
1600 2248 1729 2303 olim
1761 2247 2131 2310 concinnavit,
2185 2248 2331 2303 hanc
2357 2263 2467 2301 non
2511 2246 2565 2301 in
2604 2245 2938 2315 reliquarum
2966 2245 3110 2299 serie
3143 2244 3347 2315 posuit.
3377 2242 3531 2296 illum

282 2357 417 2415 vide
442 2356 751 2430 Catalogum
785 2358 938 2413 Tom.
977 2360 1028 2424 i,
1062 2376 1117 2430 p.
1150 2359 1278 2416 841.
1308 2357 1423 2415 Hoc
1449 2368 1632 2414 autem
1661 2374 1748 2414 me
1774 2368 1957 2415 movet
1981 2368 2042 2413 ut
2061 2357 2530 2427 Constantinopoli
2555 2357 2756 2411 editam
2788 2356 3109 2425 conjiciam;
3151 2373 3275 2411 nam
3313 2356 3367 2412 id
3390 2357 3536 2428 quod

281 2471 426 2529 dicit
456 2474 755 2543 σύγκλητον
780 2473 893 2543 ἔχει
924 2474 1018 2525 καὶ
1047 2473 1288 2536 ὑπάτους
1317 2472 1575 2545 ἀριθμεῖν
1611 2471 1828 2542 ἔχομεν,
1855 2472 2030 2525 ὠνίων
2059 2471 2341 2539 ἀφθονίαν,
2378 2470 2579 2534 θέσεως
2602 2469 3040 2541 ἐπιτηδειότητα,
3089 2468 3340 2524 Senatum
3384 2472 3536 2528 habet

284 2587 514 2659 (nempe
551 2588 727 2655 urbs),
778 2596 825 2640 et
874 2586 1108 2640 consules
1135 2602 1415 2640 numerare
1442 2602 1733 2654 possumus,
1784 2585 2049 2639 venalium
2076 2588 2301 2656 copiam,
2328 2587 2489 2639 situm
2535 2585 2890 2649 commodum;
2942 2585 3086 2653 quod
3134 2582 3317 2639 Roma:
3347 2587 3536 2641 urbem

281 2713 601 2773 comparat;
631 2702 775 2772 quod
808 2716 927 2757 eam
959 2702 1093 2757 dicit
1121 2702 1272 2757 orbis
1293 2702 1669 2772 metropolim;
1702 2704 1820 2759 hzec
1852 2704 2113 2759 nimirum
2137 2705 2321 2760 omnia
2350 2720 2458 2759 non
2496 2703 2656 2759 video
2687 2717 2847 2771 posse
2879 2703 3036 2757 alteri
3065 2720 3226 2774 quam
3265 2704 3537 2761 Constan-

284 2814 523 2884 tinopoli
555 2824 867 2885 competere
896 2830 1087 2884 posse;
1120 2814 1224 2870 etsi
1249 2814 1653 2882 Tillcmontius,
1708 2819 2112 2874 subdubitando
2160 2828 2364 2886 tamen,
2402 2820 2519 2873 haec
2561 2818 2629 2872 ad
2666 2816 3010 2872 Antiochiam
3044 2817 3247 2872 referre
3286 2828 3536 2875 conetur.

283 2930 640 3001 Quapropter
667 2930 807 2985 hanc
832 2938 985 2985 extra
1016 2931 1219 2985 seriem
1271 2930 1499 2985 aliarum
1542 2947 1885 3002 reponerem,
1935 2933 1979 2987 si
2007 2948 2105 3003 per
2131 2932 2531 3000 manuscriptos
2564 2928 2795 2985 Codices
2836 2930 3044 2994 liceret,
3077 2930 3168 2985 ubi
3196 2930 3285 2985 hic
3317 2931 3452 2985 ordo
3480 2941 3540 2986 ut

284 3045 587 3115 plurimum
619 3045 810 3101 saltem
841 3045 1186 3103 observatur.
1218 3044 1346 3101 Haec
1366 3060 1530 3116 porro
1553 3046 1778 3101 homilia
1828 3046 2010 3101 habita
2045 3056 2130 3101 est
2161 3061 2285 3100 cum
2319 3053 2486 3099 aestus
2534 3052 2680 3099 esset
2724 3044 2937 3114 ingens,
2965 3044 3191 3109 aestatis,
3229 3053 3289 3098 ut
3318 3045 3539 3100 credere

283 3173 399 3227 est,
433 3172 694 3233 tempore.

370 3279 600 3333 Iiomilia
624 3280 786 3350 igitur
809 3280 996 3350 quinta
1024 3280 1240 3335 tertiam
1277 3280 1470 3335 ordine
1500 3290 1730 3351 sequuta
1756 3290 1861 3349 est,
1886 3298 2009 3337 cum
2046 3281 2243 3351 illaque
2272 3280 2552 3345 convenit,
2577 3294 2689 3333 non
2721 3277 2849 3331 item
2887 3291 3011 3330 cum
3050 3283 3263 3345 quarta,
3290 3289 3411 3343 qum
3434 3274 3539 3327 alio

287 3398 566 3461 tempore,
598 3391 703 3446 alio
732 3399 793 3445 ut
838 3391 1053 3446 videtur
1080 3392 1224 3458 loco,
1268 3391 1617 3463 pronuntiata
1666 3390 1786 3445 fuit.
1816 3390 1978 3445 Sexta
2007 3400 2188 3445 autem
2223 3390 2441 3445 homilia
2470 3388 2715 3458 quintam
2746 3384 2929 3439 nativo
2970 3383 3160 3437 ordine
3192 3383 3457 3452 sequitur,
3486 3392 3542 3437 et

292 3506 613 3561 Antiochia:
646 3506 831 3561 habita
863 3506 984 3561 fuit.
1010 3506 1138 3563 Hac
1174 3523 1336 3579 porro
1362 3516 1509 3563 sexta
1534 3506 1757 3561 homilia
1781 3506 1925 3561 dicta
1972 3506 2074 3561 fuit
2105 3505 2292 3577 paucis
2328 3506 2519 3560 diebus
2566 3510 2692 3557 ante
2729 3498 3224 3569 Quadragesimam,
3272 3496 3399 3551 anni
3426 3496 3539 3551 for-

290 3627 447 3674 tasse
476 3618 577 3673 388
605 3636 617 3671 :
656 3634 759 3689 qua
788 3619 853 3673 de
887 3635 945 3674 re
974 3635 1085 3675 non
1124 3621 1348 3676 omnino
1380 3620 1669 3685 constabit,
1700 3620 1874 3675 donec
1905 3620 2032 3689 quid
2065 3618 2250 3673 indicii
2279 3618 2589 3673 accesserit.

372 3732 620 3802 Quinque
648 3734 889 3805 priorum
938 3736 1316 3806 interpretatio
1365 3747 1447 3792 est
1475 3735 1705 3803 Erasmi,
1744 3751 1907 3805 quam
1955 3734 2137 3790 multis
2174 3735 2226 3790 in
2271 3733 2403 3789 locis
2438 3728 2873 3793 cmendavimus;
2923 3736 3085 3782 sextae
3122 3738 3204 3783 est
3250 3728 3542 3789 Frontonis

293 3842 503 3899 Ducmi.
