4144 6466
265 406 335 460 97
1271 393 1337 450 IN
1376 392 1620 460 ILLUD,
1657 391 1799 448 VIDI
1835 386 2170 451 DOMINUM.
2209 382 2439 440 HOMIL.
2478 380 2524 437 1.
3454 373 3525 428 98

386 601 3507 651 MM“

1626 1008 2145 1100 HOMILIA

266 1315 345 1362 η(
388 1316 650 1363 ιΔῸυΕΜ
694 1318 937 1375 Εοιιυιι,
974 1319 1081 1373 QUI
1126 1315 1635 1362 COMPARUEBUNT
1676 1313 1741 1356 IN
1780 1312 1853 1356 BC

1960 1312 2095 1366 εειΑ,
2157 1310 2422 1363 ρυλερυιι
2504 1312 2875 1358 ΠΟΒΕΒΔΤῙΟ
2916 1316 3015 1359 SIT
3091 1316 3415 1364 εειιγηω
3464 1320 3532 1365 ιη

358 1418 595 1463 DIVINIS
668 1420 997 1463 LAUDIBUS.
1064 1419 1221 1461 ιτεκ
1292 1417 1352 1459 IN
1416 1415 1626 1470 ILLUD,
1695 1412 1828 1457 VIDI

1960 1411 2208 1454 omnem
2279 1412 2613 1457 sensuras:
2682 1414 2745 1458 IN
2830 1416 3008 1460 souo
3100 1418 3375 1463 excuso
3445 1402 3533 1485 (η)

364 1500 545 1581 (Isai.
589 1501 650 1563 6.
699 1502 784 1582 ι).

1604 1589 2187 1645 ———m—_

349 1780 403 1836 1.
430 1777 731 1833 Ρτωάὶεαιὶο
750 1795 860 1833 cum
882 1779 1187 1851 agricultura
1207 1788 1545 1849 comparatur.
1569 1778 1858 1849 Chrysosto-

274 1885 397 1923 mus
427 1869 489 1922 de
533 1886 779 1923 concursu
806 1871 1093 1923 auditorum
1123 1872 1327 1941 gaudet.
1359 1869 1495 1923 Laus
1541 1867 1857 1922 ecclesiastici

270 1959 925 2028 conventum—Conspicio
950 1974 1045 2015 vos
1069 1960 1234 2014 multo
1258 1960 1431 2014 studio
1460 1957 1775 2024 adnitentes,
1798 1967 1856 2012 ut

270 2051 346 2104 ad
371 2050 615 2105 effectum
640 2050 951 2118 perducatis,
980 2066 1098 2119 qua:
1124 2049 1235 2105 heri
1283 2065 1312 2103 a
1354 2050 1506 2104 nobis
1530 2035 1667 2103 dicta
1693 2056 1851 2103 sunt:

272 2153 453 2207 eoque
492 2153 631 2192 nunc
676 2138 812 2193 haud
859 2147 1074 2208 gravate
1114 2152 1295 2194 semen
1325 2138 1577 2193 doctrinm
1598 2138 1852 2207 jaeimus,

271 2228 418 2296 quod
447 2228 567 2282 hinc
596 2228 731 2281 bona
765 2243 886 2299 spes
912 2230 1006 2283 alit
1047 2230 1281 2284 animum
1309 2239 1568 2284 nostrum.
1624 2229 1754 2283 Nam
1802 2238 1856 2284 et

272 2318 509 2386 agricola
531 2359 544 2378 .
580 2334 699 2372 cum
744 2335 845 2373 non
892 2320 1007 2375 sine
1033 2320 1211 2375 labore
1231 2320 1443 2389 quidem
1470 2321 1670 2376 semina
1689 2321 1815 2390 jecit
1835 2362 1851 2387 ,

270 2407 374 2461 sed
420 2407 563 2461 videt
593 2418 785 2462 terram
818 2408 1043 2464 feracem
1078 2418 1416 2478 segetemque
1454 2420 1709 2479 proventu
1756 2425 1853 2464 ex-

272 2496 615 2564 uberanlem,
641 2498 968 2565 superiorum
992 2500 1228 2553 laborum
1251 2499 1597 2561 obliviscitur.
1614 2510 1769 2567 atque
1787 2499 1853 2553 ad

278 2586 546 2654 reliquum
598 2602 775 2655 operte
830 2586 1393 2654 conservationemque
1434 2587 1666 2655 priorum
1722 2586 1851 2641 lucri

273 2677 671 2744 exspectatione
686 2677 961 2731 excitatur.
984 2676 1176 2730 Verum
1197 2675 1309 2730 bme
1326 2676 1639 2745 agricultura
1658 2685 1853 2745 quanto

274 2767 505 2821 feracior
550 2776 851 2837 quantoque
892 2766 1148 2820 lucrosior
1204 2766 1317 2820 est?
1366 2766 1497 2820 Nam
1527 2766 1612 2820 illa
1640 2766 1851 2836 quidem

273 2856 487 2923 frugum
516 2855 843 2908 sensibilium
870 2855 1075 2923 copiam
1122 2854 1363 2909 adferens
1388 2895 1403 2919 ,
1435 2856 1744 2925 corporibus
1766 2871 1853 2910 re-

273 2947 429 3015 ponit
478 2946 821 3001 alimoniam:
864 2945 977 3000 hzec
1031 2960 1156 3001 vero
1201 2946 1324 2999 dum
1379 2960 1684 3001 sermonum
1728 2947 1856 3014 jacit

275 3036 609 3099 doctrinam,
667 3036 1123 3105 spiritualiumque
1166 3034 1424 3090 donorum
1478 3036 1851 3089 abundantiam

273 3126 486 3191 adfert,
532 3127 691 3179 animi
730 3127 941 3181 divitias
977 3126 1250 3190 recondit,
1280 3127 1580 3180 alimoniam
1611 3142 1727 3195 qua:
1756 3142 1852 3182 nec

272 3218 537 3279 consumi,
569 3232 668 3271 nec
686 3217 858 3270 vitiari
878 3224 1068 3285 potest,
1092 3216 1291 3270 reditus
1312 3216 1399 3285 qui
1419 3231 1590 3285 neque
1607 3224 1849 3286 pereunt,

274 3321 452 3373 neque
482 3322 595 3360 azvo
623 3316 1065 3375 corrumpuntur,
1094 3306 1187 3362 sed
1212 3322 1402 3362 arcana
1429 3307 1652 3378 quadam
1684 3315 1739 3361 et
1769 3308 1851 3361 in-

271 3394 472 3449 effabili
496 3395 822 3464 providentia
843 3405 1242 3458 conservantur,
1267 3411 1491 3465 quorum
1514 3412 1639 3451 usus
1656 3396 1853 3453 fructus

273 3493 457 3538 mente
479 3486 783 3553 percipitur.
815 3486 908 3540 llic
926 3494 1007 3540 est
1029 3501 1264 3541 meorum
1288 3486 1526 3541 laborum
1547 3496 1850 3556 proventus,

275 3572 364 3628 lim
392 3584 512 3628 sunt
532 3590 660 3645 opes
681 3591 810 3645 quas
832 3586 1019 3632 vestrm
1041 3578 1244 3631 caritati
1264 3577 1614 3633 recondimus.
1639 3577 1743 3632 Has
1760 3564 1846 3631 ita-

274 3678 381 3731 que
394 3679 511 3717 cum
530 3664 813 3718 considero
836 3665 886 3718 in
910 3666 1059 3719 vobis
1074 3680 1378 3735 augescere,
1402 3665 1605 3735 gaudeo
1622 3681 1844 3735 semper,

274 3758 338 3804 ut
365 3752 451 3819 qui
476 3766 579 3805 non
602 3752 792 3806 frustra
820 3754 1364 3822 sementemjecerim,
1384 3756 1543 3823 utqui
1562 3770 1665 3809 non
1685 3756 1847 3811 incas-

272 3853 394 3893 sum
425 3840 630 3895 labores
652 3842 979 3910 pertulerim,
1002 3850 1058 3895 ut
1078 3844 1163 3911 qui
1190 3843 1241 3898 in
1262 3842 1562 3913 frugiferam
1589 3845 1850 3916 pinguem-

274 3945 385 3999 que
413 3941 628 3990 terram.
653 3941 706 3986 et
726 3932 791 3985 ad
820 3932 1236 3988 fruetificandum
1256 3933 1496 3988 idoneam
1520 3950 1699 3989 semen
1722 3938 1859 4004 jeee-

274 4022 402 4076 tim.
430 4022 577 4077 Unde
605 4023 759 4092 igitur
781 4023 881 4078 hoc
905 4024 1105 4079 lucrum
1135 4024 1249 4079 fore
1268 4025 1549 4092 conjecto?
1578 4034 1716 4080 unde
1738 4042 1857 4094 per-

276 4114 450 4181 spicio
478 4128 751 4167 scrmones
781 4114 844 4167 ad
874 4129 1004 4183 opus
1043 4115 1339 4182 proﬁcere?
1379 4114 1635 4168 Nimirum
1662 4131 1727 4169 ex
1757 4116 1857 4170 hoc

277 4218 566 4269 concursu,
612 4220 677 4258 ex
715 4220 779 4259 eo
831 4204 970 4274 quod
1022 4206 1301 4259 ecclesiam
1349 4206 1582 4259 omnium
1635 4214 1855 4261 matrem

276 4293 517 4349 studiose
537 4294 829 4364 cccupatis,
868 4310 933 4350 ex
964 4295 1062 4349 hac
1091 4305 1341 4365 pernocte
1370 4307 1723 4367 perpetuaque
1752 4307 1858 4352 sta-

277 4388 453 4453 tione,
504 4401 569 4442 ex
622 4402 686 4440 co
721 4388 859 4457 quod
903 4388 1262 4459 angelicorum
1303 4388 1545 4443 ordinum
1577 4398 1855 4444 stationem

275 4477 548 4532 imitantes
600 4477 713 4534 sine
767 4481 1061 4534 cessatione
1107 4478 1289 4533 laudes
1327 4490 1380 4533 et
1407 4481 1631 4551 hymnos
1659 4479 1858 4535 offertis

273 4567 574 4621 Conditori.
600 4566 643 4622 Ο
665 4569 794 4621 mira
821 4568 1017 4623 Christi
1048 4569 1215 4622 dona!
1243 4570 1297 4623 ln
1326 4570 1567 4637 supernis
1598 4573 1860 4623 exercitus

274 4656 587 4723 angelorum
635 4665 826 4709 canunt
878 4657 1095 4724 gloriam
1156 4674 1169 4708 :
1226 4658 1278 4710 in
1334 4659 1491 4711 terris
1527 4659 1765 4712 homines
1806 4659 1857 4712 in

277 4743 516 4797 ccclesiis
548 4743 738 4797 choros
766 4753 981 4812 agentes
1014 4744 1078 4797 ad
1103 4745 1310 4797 illorum
1338 4746 1639 4813 exemplum
1676 4747 1857 4800 eadem

278 4841 480 4886 canunt
528 4831 693 4885 laudis
747 4832 971 4885 cantica.
1029 4832 1087 4887 In
1143 4833 1386 4901 supernis
1443 4834 1718 4903 Seraphim
1783 4846 1860 4890 ter

279 4930 525 4976 sanctum
568 4921 712 4975 illum
750 4921 1004 4992 hymnum
1034 4924 1265 4978 clamant
1297 4939 1309 4973 :
1344 4924 1395 4978 in
1425 4926 1578 4979 terris
1610 4925 1859 4980 eumdem

280 5012 561 5065 hominum
591 5012 783 5079 promit
806 5012 1111 5079 multitudo,
1140 5014 1597 5083 comm'tniterque
1620 5023 1731 5069 tum
1752 5030 1859 5070 cte-

280 5101 518 5166 lestium,
548 5111 656 5153 tum
684 5102 1015 5157 terrestrium
1046 5103 1263 5158 festivus
1292 5114 1587 5160 conventus
1627 5120 1823 5176 eongre

280 5204 441 5263 gatur
465 5210 476 5244 :
503 5208 607 5247 una
636 5193 923 5262 gratiarum
946 5196 1086 5248 actio
1106 5236 1121 5262 ,
1152 5210 1252 5249 una
1272 5196 1583 5261 exsultatio,
1616 5214 1715 5251 una
1738 5214 1863 5267 gau-

281 5282 466 5338 dentis
508 5282 717 5338 eborem
754 5282 932 5337 statio.
986 5283 1135 5339 Hane
1182 5286 1324 5340 enim
1354 5287 1627 5341 ineffabilis
1659 5285 1860 5342 Domini

284 5383 409 5425 sese
435 5370 497 5423 ad
527 5386 625 5426 nos
649 5370 976 5427 demittentis
1018 5372 1226 5430 bonitas
1255 5377 1557 5441 constituit,
1586 5376 1720 5430 hanc
1747 5376 1861 5445 Spi-

285 5460 422 5515 ritus
465 5461 806 5533 congregavit
848 5470 1059 5517 sanetus
1095 5478 1110 5513 :
1154 5463 1311 5535 hujus
1358 5483 1545 5522 vocum
1575 5477 1863 5523 concentus

357 5590 418 5659 :13)
449 5591 767 5659 [igi_hognill_e
789 5590 977 5659 collatae
994 5600 1237 5659 suntcum
1267 5595 1522 5648 Codicibus
1541 5600 1697 5659 Regiis
1724 5598 1861 5657 1819,

445 5654 582 5721 iugis,
610 5652 925 5721 bigemmes,
961 5643 1102 5716 tim,
1141 5643 1864 5721 ἱθῚδξῧϐὶΪέίὲἲίὖεέίίὶιίἐ

282 5714 388 5780 ur,
413 5716 546 5779 «eo,
574 5725 628 5769 et
649 5714 799 5767 5055.

1959 1780 2182 1842 paterno
2225 1772 2555 1842 beneplacito
2583 1775 2597 1805 ι
2630 1776 2909 1844 congruit:
2941 1792 2971 1832 e
2994 1779 3138 1833 caelis
3167 1779 3324 1835 habet
3350 1784 3537 1840 modo-

1956 1863 2130 1917 lorum
2155 1865 2577 1931 consonantiam,
2608 1865 2730 1921 dum
2758 1881 2788 1919 a
2815 1866 3071 1923 Trinitate
3100 1870 3244 1925 velut
3270 1888 3299 1926 a
3328 1874 3533 1943 plectro

1958 1954 2207 2022 quopiam
2256 1963 2516 2019 movetur,
2553 1954 2863 2011 delectabile
2891 1956 3018 2012 illud
3061 1974 3124 2014 ac
3162 1960 3282 2015 felix
3318 1974 3534 2019 resonat

1960 2044 2145 2109 melos,
2166 2041 2305 2097 illam
2333 2044 2621 2113 angelicam
2650 2045 2968 2114 cantionem,
3002 2048 3149 2102 illum
3173 2049 3413 2107 desinere
3440 2070 3529 2108 nes

1959 2134 2126 2189 scium
2152 2144 2489 2190 concentum.
2525 2134 2619 2189 ilic
2647 2145 2730 2189 est
2759 2135 2916 2190 studii
2961 2140 3236 2205 przesentis
3267 2141 3414 2206 linis,
3442 2140 3531 2198 hic

1958 2232 2250 2278 conventus
2276 2223 2441 2279 nostri
2483 2223 2681 2278 fructus
2715 2243 2727 2278 :
2775 2240 2945 2293 eoque
2984 2227 3188 2296 gaudeo
3215 2230 3369 2283 talem
3395 2246 3528 2287 con-

1960 2313 2188 2382 spiciens
2216 2312 2609 2369 celebritatem:
2630 2315 2831 2383 gaudeo
2851 2315 2975 2369 dum
3006 2317 3299 2371 animorum
3323 2331 3530 2375 vestro-

1958 2418 2074 2455 rum
2127 2402 2361 2456 ltetitiam
2414 2403 2726 2467 considero,
2756 2401 2878 2455 dum
2918 2404 3166 2472 gaudium
3216 2408 3525 2474 spiritualc,

1956 2491 2080 2544 dum
2109 2490 2394 2545 secundum
2428 2490 2592 2546 Deum
2613 2490 3034 2545 exsultationem.
3064 2493 3243 2562 Neque
3265 2497 3403 2549 enim
3424 2500 3529 2553 ulla

1959 2595 2047 2634 res
2078 2588 2277 2633 tantum
2322 2578 2496 2633 adfert
2522 2578 2697 2648 gaudii
2747 2578 2862 2632 vitae
2902 2590 3115 2646 nostrae,
3148 2593 3400 2652 quantum
3428 2588 3531 2642 hoc

1957 2669 2094 2739 quod
2124 2686 2189 2723 ex
2212 2669 2386 2723 animo
2406 2667 2673 2737 gaudeatis
2700 2668 2750 2722 in
2773 2670 2995 2724 ecclesia
3017 2676 3338 2742 congregati.
3367 2676 3419 2728 ln
3438 2692 3530 2731 ec-

1957 2758 2114 2813 clesia
2152 2758 2488 2826 gaudentium
2536 2767 2881 2812 conservatur
2908 2761 3175 2829 gaudium,
3211 2763 3260 2817 in
3306 2766 3529 2821 ecclesia

1958 2850 2136 2903 animo
2164 2847 2493 2917 deiectorum
2531 2856 2612 2902 est
2649 2849 2924 2914 recreatio,
2975 2850 3027 2903 in
3082 2852 3304 2907 ecclesia
3342 2855 3534 2910 dolen-

1958 2938 2085 2990 tium
2115 2947 2195 2991 est
2225 2937 2485 3005 voluptas,
2520 2937 2569 2989 in
2598 2936 2822 2992 ecclesia
2861 2936 3265 3009 defatigatornm
3306 2945 3534 3012 respira-

1961 3029 2053 3093 tio,
2085 3027 2137 3080 in
2168 3028 2392 3081 ecclesia
2422 3028 2773 3082 laborantium
2810 3031 3039 3098 requies.
3075 3031 3246 3086 Venite
3264 3036 3426 3096 enim.
3452 3036 3532 3089 in-

1957 3116 2085 3184 quit,
2114 3116 2183 3167 ad
2207 3132 2284 3168 me
2309 3132 2476 3170 omnes
2496 3118 2582 3185 qui
2610 3117 2848 3169 laboratis
2876 3128 2921 3170 et
2951 3121 3143 3173 onerati
3182 3124 3297 3176 estis
3323 3138 3344 3177 :
3369 3134 3415 3178 et
3441 3142 3532 3195 ego

1955 3207 2177 3275 reﬁciant
2208 3208 2332 3276 uos(
2366 3206 2550 3260 Matth.
2599 3208 2683 3261 Η.
2712 3207 2781 3262 98
2910 3208 3046 3276 Quid
3088 3210 3184 3266 hac
3213 3214 3339 3267 voce
3366 3217 3535 3283 possit

1955 3313 2073 3353 esse
2100 3297 2536 3354 desiderabilius?
2578 3300 2702 3368 quid
2742 3300 2838 3355 hac
2868 3301 3181 3358 invitatione
3207 3304 3533 3375 jucundius?

1957 3390 2037 3444 Ad
2067 3390 2281 3459 epulum
2310 3399 2362 3443 te
2392 3399 2546 3443 vocat
2571 3390 2659 3458 qui
2692 3390 2745 3442 in
2779 3392 3058 3447 ecclesiam
3090 3402 3140 3447 te.
3166 3406 3320 3448 vocat
3352 3398 3533 3451 Domi-

1958 3496 2077 3549 nus,
2118 3481 2183 3536 ad
2216 3481 2451 3552 requiem
2498 3496 2594 3551 pro
2624 3482 2892 3538 laboribus
2925 3485 3256 3552 adhortatur,
3286 3488 3351 3541 ad
3400 3491 3537 3543 rela-

1958 3572 2279 3627 xationema
2322 3572 2579 3627 molestiis
2631 3573 2897 3637 transfert,
2943 3575 3147 3644 pondus
3198 3589 3533 3645 peccatorum

1958 3661 2211 3726 allevans,
2241 3661 2439 3717 deliciis
2470 3662 2632 3715 animi
2661 3664 2957 3718 moleStiam
2982 3705 2995 3728 ,
3030 3666 3221 3734 gaudio
3252 3684 3534 3725 mmrorem

1958 3762 2129 3807 sanat.
2176 3753 2220 3809 Ο
2247 3753 2564 3809 ineffabilem
2589 3756 2796 3809 curam!
2822 3771 2855 3810 ο
2888 3757 3215 3813 vocationem
3243 3761 3531 3815 caelestem!

1960 3846 2296 3901 Festinemus
2325 3847 2520 3917 itaque,
2548 3845 2750 3911 dilecti,
2785 3855 2841 3899 ut
2870 3848 3109 3901 eamdem
3138 3863 3398 3903 summam
3427 3850 3537 3903 ala—

1960 3934 2201 3989 critatem
2227 3934 2595 3998 exhibeamus,
2626 3942 2680 3988 et
2721 3949 2841 3988 cum
2872 3936 3208 3990 convenienti
3278 3939 3535 3995 modestia

1959 4024 2481 4094 considerationeque
2505 4024 2725 4079 decente
2750 4023 2883 4079 hanc
2914 4030 3400 4081 consummcmus’.
3447 4028 3539 4081 Et-

1960 4115 2101 4168 enim
2143 4114 2209 4169 de
2262 4115 2363 4169 hoc
2417 4115 2566 4168 vobis
2618 4114 2932 4169 hodiernum
2980 4131 3281 4171 sermonem
3324 4134 3537 4173 movere

1961 4219 2099 4269 νοιο,
2133 4205 2183 4258 in
2220 4205 2449 4275 speciem
2477 4204 2689 4273 quidem
2723 4206 3027 4271 molestum,
3052 4215 3301 4261 cmterum
3325 4210 3491 4261 levem
3516 4251 3532 4274 ,

1961 4310 2192 4364 vereque
2217 4296 2419 4349 utilem.
2455 4294 2543 4350 Sic
2576 4296 2718 4349 enim
2747 4304 2799 4347 et
2827 4304 3066 4348 amantes
3111 4295 3398 4349 liberorum
3446 4313 3538 4365 pa-

1964 4397 2071 4443 tres
2103 4387 2336 4441 faciunt:
2368 4403 2470 4441 non
2502 4387 2672 4439 solum
2701 4400 2760 4438 ea
2791 4400 2910 4452 quze
2937 4384 3000 4437 ad
3038 4384 3197 4437 breve
3220 4395 3427 4453 tempus
3446 4388 3540 4441 de-

1965 4480 2177 4545 lectant,
2199 4494 2380 4532 verum
2407 4477 2562 4530 etiam
2591 4490 2707 4543 qua:
2736 4473 3030 4526 molestiam
3055 4473 3283 4528 afferunt
3306 4476 3424 4529 filiis
3447 4477 3539 4530 ad-

1962 4570 2182 4630 hibent;
2238 4581 2337 4620 nec
2377 4580 2438 4618 ea
2472 4566 2629 4617 modo
2671 4562 2982 4631 prmeipiunt
3032 4564 3145 4627 eis,
3195 4580 3312 4632 quae
3360 4567 3538 4619 statim

1965 4657 2248 4710 ostendunt
2278 4655 2554 4708 utilitatem
2576 4694 2590 4716 ,
2625 4652 2716 4706 sed
2753 4667 3099 4723 quaecumque
3149 4653 3398 4707 videntur
3424 4656 3542 4723 qui-

1964 4748 2083 4800 dem
2114 4759 2232 4799 esse
2260 4744 2501 4807 molesta,
2525 4743 2775 4796 salutaria
2808 4752 2982 4798 tamen
3009 4752 3156 4809 sunt,
3187 4744 3228 4797 si
3264 4744 3543 4812 perfician-

1966 4846 2066 4899 tur,
2100 4844 2152 4888 et
2179 4833 2293 4887 hcce
2322 4833 2482 4887 multa
2515 4848 2639 4885 cura
2674 4832 2887 4899 docent,
2912 4833 3296 4902 diligenterque
3323 4840 3543 4901 exigunt

1964 4927 2031 4980 ab
2052 4926 2127 4980 eis
2155 4935 2209 4978 ut
2248 4934 2545 4979 serventur.
2582 4924 2754 4991 Atque
2783 4924 2923 4977 hunc
2960 4936 3262 4977 sermonem
3290 4922 3542 4992 produci-

1966 5032 2103 5082 mus,
2136 5030 2202 5069 ne
2243 5024 2558 5086 prccsetuem
2600 5014 2831 5069 laborem
2878 5014 3066 5068 frustra
3099 5013 3445 5079 insumamus,
3475 5028 3542 5069 ne

2031 5173 2047 5204 ι
2082 5172 2222 5234 alia,
2269 5170 2470 5234 Spiritus
2511 5170 2819 5234 bencptacito.
2858 5178 2960 5219 MSS.
3000 5169 3107 5220 fere
3139 5184 3308 5220 omnes
3340 5171 3541 5234 habent,

1966 5238 2159 5295 paterno
2180 5232 2469 5295 beneplacilo
2493 5269 2506 5293 ,
2527 5241 2586 5295 _et
2608 5234 2677 5280 sic
2700 5232 2821 5291 le,it
2863 5238 3095 5289 Erasmus,
3124 5246 3329 5295 eantque
3357 5247 3443 5281 nos
3468 5232 3540 5280 le-

1966 5292 2174 5365 ctionem
2197 5292 2713 5365 adoptamtislc‘ert‘um
2738 5295 2916 5355 quippe
2944 5294 3132 5341 videtur
3157 5292 3543 5365 Chrysostomum

1967 5364 2071 5421 tres
2106 5352 2337 5421 personas
2368 5354 2607 5421 Trinitatis
2628 5353 2705 5421 hic
2726 5352 3106 5421 commemorare
3140 5352 3369 5421 voluisse,
3400 5359 3542 5421 utieix

1967 5413 2304 5477 serie'liquet.
2339 5422 2437 5463 Duo
2478 5420 2584 5462 Mss.
2612 5420 2777 5477 totum
2809 5413 2967 5462 locum
2998 5418 3067 5463 sic
3091 5414 3270 5461 habent
3436 5413 3543 5471 Spi-

1966 5475 2088 5525 ritus
2110 5472 2300 5543 san'ctus
2335 5472 2638 5543 congregavit
2654 5473 2819 5543 .j‘himc
2852 5478 3354 5543 uocumnconcentum,
3382 5480 3545 5531 pater-

1967 5549 2081 5586 num
2103 5535 2445 5597 beneplacituni
2463 5535 2712 5597 cooptavit,
2731 5536 2799 5585 ita
2821 5543 2869 5585 ut
2892 5550 2919 5585 e
2935 5536 3065 5587 artis
3087 5535 3270 5597 habent,
3302 5542 3396 5597 etc.

2031 5602 2050 5631 ³
2082 5595 2311 5657 quidam:
2360 5606 2425 5665 ire
2464 5596 2611 5659 igitur
2646 5610 2735 5665 nos
2771 5597 2971 5653 (redeat,
3002 5596 3187 5665 dilecti,
3221 5595 3432 5665 inopiam
3458 5607 3543 5642 no-

1967 5666 2135 5726 strain,
2160 5672 2268 5722 quae
2291 5657 2499 5726 quidem
2521 5657 2737 5726 maxima
2776 5666 2863 5719 est,
2902 5657 3180 5708 modestiam
3212 5663 3256 5706 ct
3280 5667 3545 5716 congruunt

1970 5719 2243 5771 adhibentes
2259 5719 2578 5782 attentionem,
2600 5719 2794 5769 satiare.
