4144 6470
655 431 728 483 99

640 522 966 580 sustinentes
992 517 1180 588 vigilite
1208 511 1579 569 necessitatem
1617 505 1877 562 inutiliter
1904 503 1954 556 in
1985 498 2217 570 pugilum

641 613 934 671 certamine
962 621 1258 669 versemur,
1287 618 1355 658 ne
1383 613 1539 656 voces
1565 599 1617 654 in
1639 603 1818 652 aerem
1856 593 2127 649 dissolutae
2154 589 2218 644 ad

641 706 1020 761 detrimentum
1059 707 1249 754 sonent
1276 695 1451 766 petius
1473 735 1488 759 ,
1517 706 1675 761 quam
1701 689 1765 742 ad
1795 687 2018 741 lucrum.
2041 683 2222 752 Neque

639 800 783 854 enim
806 794 1103 865 negotiator
1141 805 1172 845 e
1202 787 1485 857 longinquo
1534 795 1740 837 merces
1783 779 2094 847 importatis,
2124 789 2220 828 ve-

643 889 948 942 hementem
977 891 1259 935 ventorum
1292 877 1563 931 incursum
1593 872 1957 938 undarumque
1977 866 2222 921 exorien-

641 978 771 1030 tium
805 971 1063 1044 procellas
1093 969 1377 1026 sustinens.
1407 964 1596 1018 frustra
1622 971 1674 1016 et
1695 961 1957 1014 incassum
1980 955 2221 1026 suscipe-

640 1075 726 1122 ret
750 1060 1010 1134 ejusmodi
1041 1059 1254 1114 labores
1289 1078 1301 1112 :
1336 1069 1520 1109 verum
1575 1053 1692 1106 ideo
1735 1051 1902 1105 maria
1931 1048 2135 1110 sulcat,
2165 1053 2220 1100 et

641 1157 820 1212 audax
856 1163 938 1209 est
961 1153 1216 1209 adversus
1242 1149 1491 1219 pericula,
1509 1147 1731 1211 locaque
1757 1140 1887 1195 locis
1905 1145 2217 1199 commutat,

645 1258 889 1317 totasque
928 1253 1112 1300 noctes
1141 1241 1283 1295 ducit
1305 1239 1574 1292 insomnes
1597 1276 1609 1296 ,
1644 1243 1701 1286 ut
1745 1230 2098 1301 negonatione
2141 1225 2223 1280 di-

649 1350 836 1397 tcscat.
862 1337 1014 1405 Quod
1040 1336 1086 1392 si
1116 1349 1220 1389 non
1250 1332 1519 1399 contingat
1538 1369 1553 1393 ,
1583 1326 1676 1381 sed
1703 1339 1822 1380 cum
1868 1324 2015 1377 lucro
2059 1320 2220 1374 etiam

642 1434 806 1491 curtis
829 1433 1090 1502 jacturam
1135 1425 1328 1489 faciat,
1363 1438 1427 1476 ne
1471 1420 1676 1474 solvere
1717 1414 1929 1484 quidem
1972 1424 2218 1465 ancoram

643 1524 856 1594 poterit,
884 1537 982 1574 nec
1015 1520 1103 1572 illa
1128 1517 1275 1570 varia
1305 1515 1542 1584 perferre
1573 1507 1901 1564 discrimina.

705 1616 762 1670 2.
789 1614 842 1668 Μ
849 1612 1003 1666 oralia
1033 1607 1329 1664 exhortatio.
1349 1601 1692 1670 Quorumdam
1717 1594 2028 1664 incompositi
2056 1600 2223 1664 gestus

641 1708 695 1761 in
723 1705 950 1760 ecclesia.
982 1731 1052 1742 —
1077 1699 1188 1752 lloc
1233 1697 1410 1765 itaque
1445 1693 1695 1753 scientes,
1728 1703 1847 1742 cum
1874 1686 2094 1740 decente
2122 1683 2225 1736 cir-

642 1794 1041 1863 rttmspcctionc
1070 1791 1174 1844 huc
1198 1785 1532 1847 accedamus,
1563 1796 1629 1835 ne
1655 1794 1749 1850 pro
1779 1785 2114 1847 peccatorum
2139 1787 2225 1829 re-

641 1886 898 1944 missione
927 1883 1084 1937 etiam
1113 1877 1473 1934 accessionem
1512 1871 1742 1944 peccatis
1782 1869 2083 1938 adjunctam
2127 1863 2222 1918 do-

643 1993 794 2034 mum
809 1974 1122 2031 referamus.
1140 1970 1273 2039 Quid
1300 1976 1476 2021 autem
1497 1973 1578 2020 est
1603 1961 1743 2034 quod
1766 1960 2036 2030 quaeritur,
2057 1956 2226 2026 quod-

644 2083 753 2137 que
795 2081 827 2121 a
867 2065 1028 2120 nobis
1080 2058 1421 2131 reposeitur?
1472 2056 1537 2112 Ut
1583 2055 1706 2109 dum
1738 2051 1944 2106 divinos
1995 2049 2224 2119 hymnos

647 2159 959 2220 emittimus,
1000 2154 1168 2208 multo
1212 2160 1443 2205 tremore
1486 2145 1764 2208 contracti,
1794 2142 2063 2209 multaque
2094 2139 2221 2192 reli-

643 2253 802 2320 gione
829 2247 1020 2307 ornati.
1057 2245 1127 2298 ita
1173 2243 1387 2296 domum
1429 2251 1522 2291 eos
1572 2235 1875 2290 offeramus.
1929 2230 2059 2284 Nam
2100 2236 2225 2282 sunt

645 2319 860 2411 quidam
889 2340 1026 2391 inter
1052 2349 1144 2389 cos
1173 2319 1259 2402 qui
1291 2330 1376 2384 hic
1401 2327 1613 2390 adsunt,
1643 2338 1775 2395 quos
1800 2338 1868 2377 nc
1893 2329 2083 2376 vestrae
2107 2319 2228 2388 qui-

646 2433 771 2484 dem
805 2426 1008 2482 raritati
1037 2423 1267 2478 arbitror
1296 2434 1413 2474 esse
1439 2419 1647 2487 ignotos
1671 2456 1685 2479 ,
1712 2413 1798 2484 qni
1826 2418 2226 2467 contemnentes

653 2524 844 2588 Deum,
874 2533 937 2574 ac
975 2516 1204 2589 Spiritus
1243 2511 1452 2582 eloquia
1498 2525 1594 2580 pro
1623 2505 1926 2576 vulgaribus
1962 2517 2024 2558 ac
2053 2501 2228 2572 profa-

649 2618 735 2671 nis
768 2615 1043 2677 ducentes,
1071 2607 1449 2677 incompositas
1479 2617 1639 2659 voces
1669 2602 1932 2665 emittunt,
1959 2599 2226 2666 nihiloque

647 2707 840 2762 melius
865 2719 922 2758 se
940 2707 1151 2772 gerunt,
1175 2713 1329 2768 quam
1357 2695 1632 2767 lymphati,
1662 2702 1769 2747 toto
1793 2704 2014 2758 corpore
2037 2687 2230 2742 tumul-

651 2805 862 2852 tuantes
887 2809 948 2848 ac
987 2789 1315 2849 circumacti.
1347 2800 1628 2854 moresque
1669 2799 1780 2852 prae
1829 2797 1888 2837 se
1927 2781 2158 2836 ferentes
2197 2795 2226 2832 a

648 2885 912 2956 spirituali
939 2883 1167 2939 statione
1193 2881 1414 2935 alienos.
1440 2877 1596 2931 Miser
1613 2883 1666 2929 et
1693 2872 1874 2928 infelix
1903 2873 1917 2927 l
1945 2869 2228 2940 oportebat

650 2987 704 3031 te
729 2991 850 3031 cum
875 2984 1109 3029 tremore
1134 2987 1196 3026 ac
1225 2968 1522 3026 reverentia
1564 2964 1852 3036 angelicam
1891 2961 2230 3033 gloriticatio—

653 3081 775 3120 nem
804 3064 1071 3129 emittere,
1103 3074 1330 3128 cumque
1358 3068 1561 3112 terrore
1592 3052 1978 3109 confessionem
2005 3049 2226 3104 reddere

652 3156 948 3221 Conditori,
971 3169 1034 3210 ac
1062 3169 1153 3223 per
1181 3151 1319 3206 hanc
1343 3149 1658 3204 delictorum
1689 3145 1893 3199 veniam
1925 3142 2223 3212 postulare:

654 3258 709 3304 tu
735 3262 866 3303 vero
895 3247 1179 3301 mimorum
1204 3250 1258 3297 et
1281 3240 1593 3295 saltatorum
1626 3250 1800 3290 mores
1833 3234 1936 3288 huc
1980 3231 2186 3286 inducis
2211 3272 2226 3297 ,

656 3340 784 3391 dum
809 3335 1120 3390 indecenter
1146 3345 1332 3386 manus
1350 3329 1542 3399 jactas,
1573 3325 1794 3396 pedibus
1827 3323 2126 3388 subsultas,
2153 3331 2234 3376 to-

652 3437 814 3495 tuque
831 3421 1204 3490 circumageris
1224 3432 1467 3488 corpore.
1497 3416 1562 3470 Et
1580 3415 1668 3485 qui
1688 3414 1763 3479 fit,
1783 3422 1842 3468 ut
1870 3427 1976 3467 non
2001 3421 2228 3476 metuas,

656 3530 831 3584 neque
858 3513 1137 3566 horrescas
1166 3509 1280 3564 hzec
1304 3505 1504 3560 audens
1539 3504 1795 3558 adversus
1818 3502 1938 3556 talia
1978 3501 2231 3571 eloquia?

653 3607 768 3662 Non
791 3606 993 3674 cogitas
1038 3604 1208 3672 ipsum
1238 3600 1322 3653 hic
1349 3597 1680 3653 invisibiliter
1707 3595 1894 3649 adesse
1923 3594 2228 3659 Dominum,

655 3696 747 3765 qui
799 3692 1216 3763 uniuscujusque
1266 3698 1466 3744 motum
1517 3686 1847 3751 metitur,et
1890 3683 2231 3739 conscientia:

657 3787 925 3842 rationem
951 3782 1150 3837 habet?
1183 3795 1287 3836 non
1318 3779 1518 3849 cogitas
1548 3776 1763 3847 angelos
1791 3774 1914 3829 huic
1958 3773 2233 3843 stupenda:

657 3881 910 3934 assistere
938 3889 1176 3940 mensae,
1226 3886 1451 3941 cumque
1494 3869 1785 3925 reverentia
1832 3867 1967 3920 hanc
2009 3867 2237 3921 circum-

660 3967 906 4022 vallare?
937 3966 1138 4021 Verum
1159 3971 1212 4018 tu
1242 3963 1340 4016 ista
1367 3976 1470 4016 non
1494 3961 1714 4030 cogitas,
1747 3958 1991 4029 quoniam
2025 3971 2085 4012 ea
2116 3972 2234 4024 qua:

659 4062 712 4114 in
746 4058 967 4115 theatris
1012 4056 1331 4120 audiuntur,
1377 4067 1600 4124 qumque
1638 4058 1960 4121 spectantur,
2004 4059 2234 4103 mentem

661 4165 805 4206 tuam
836 4151 1191 4205 obscurarunt
1213 4146 1287 4219 (a)
1317 4160 1330 4196 :
1362 4154 1415 4199 et
1441 4145 1559 4201 ideo
1588 4159 1705 4213 quae
1745 4143 1850 4198 illic
1890 4150 2146 4212 geruntur
2186 4141 2235 4193 in

665 4239 924 4301 Ecclesiae
938 4239 1073 4292 ritus
1094 4239 1331 4294 inducis:
1365 4234 1486 4289 ideo
1512 4233 1833 4288 clamoribus
1860 4231 1988 4285 nihil
2010 4232 2139 4286 certi
2168 4235 2240 4284 si-

660 4331 1031 4402 gnificantibus
1061 4329 1294 4383 animum
1321 4323 1725 4394 incompositum
1747 4322 1980 4391 evulgas.
2009 4321 2241 4388 Quomo-

659 4427 729 4479 do
746 4438 873 4492 ergo
893 4422 1098 4477 veniam
1117 4418 1405 4490 postulabis
1427 4427 1634 4471 tuorum
1656 4413 1989 4468 delictorum?
2005 4415 2235 4478 Quomo-

663 4517 735 4568 do
761 4516 827 4568 ad
858 4511 1278 4568 misericordiam
1319 4511 1599 4564 Dominum
1643 4506 1901 4571 inllectes,
1948 4508 2033 4575 qui
2070 4520 2239 4574 usque

665 4607 803 4661 adeo
829 4606 1178 4672 contemptim
1205 4603 1394 4657 oll‘eras
1423 4602 1783 4670 precationem
1805 4599 1826 4652 ?
1852 4597 2088 4651 Miserere
2118 4598 2234 4663 mei,

665 4695 824 4758 Deus,
859 4693 1052 4761 inquis,
1081 4705 1142 4745 ac
1169 4707 1344 4746 mores
1373 4708 1402 4745 a
1447 4690 1812 4746 misericordia
1838 4689 2038 4742 alienos
2068 4688 2244 4742 decla-

666 4801 774 4841 ras.
795 4782 1025 4847 Clamas,
1058 4781 1216 4834 Serva
1242 4798 1337 4844 me,
1384 4791 1437 4834 et
1479 4783 1720 4850 corporis
1759 4783 1988 4849 speciem
2020 4796 2048 4834 a
2075 4781 2242 4835 salute

665 4880 896 4934 alienam
928 4873 1200 4942 exprimis.
1232 4872 1367 4938 Quid
1425 4871 1488 4925 ad
1533 4872 1935 4940 supplicandum
1966 4871 2243 4925 conferunt

667 4982 876 5034 manus,
903 4981 1021 5035 qua:
1047 4978 1257 5032 semper
1285 4962 1335 5014 in
1365 4962 1888 5026 sublimejactantur,
1917 4971 1970 5014 et
1997 4961 2244 5016 indecore

667 5063 1122 5126 circumaguntur,
1153 5052 1277 5123 quid
1303 5052 1504 5106 clamor
1531 5050 1838 5115 vehemens,
1875 5050 1962 5118 qui
1992 5065 2112 5103 cum
2136 5052 2245 5105 vio—

671 5155 816 5208 lento
838 5150 1056 5220 spiritus
1083 5147 1312 5216 impulsu
1339 5144 1614 5212 strepitum
1647 5141 1802 5195 habet
1830 5141 1961 5194 nihil
1993 5143 2122 5194 certi
2155 5142 2245 5196 de-

674 5241 1008 5299 clarantem?
1060 5241 1251 5294 Annon
1317 5237 1413 5290 ista
1459 5235 1672 5303 quidem
1729 5233 1917 5302 partim
1961 5232 2242 5287 mulierum

674 5337 725 5386 in
775 5333 941 5387 triviis
993 5330 1344 5386 meretriciam
1392 5339 1559 5381 artem
1600 5325 2002 5389 exercentium,
2055 5325 2242 5392 partim

674 5441 801 5480 vero
827 5437 1032 5485 eorum,
1055 5422 1142 5490 qui
1172 5421 1222 5474 in
1252 5420 1470 5473 theatris
1499 5416 1872 5480 vociferantur,
1887 5424 2007 5467 sunt
2034 5429 2194 5483 opera
2223 5415 2246 5467 ?

674 5513 951 5582 Quomodo
973 5513 1131 5582 igitur
1148 5512 1308 5564 audes
1329 5511 1632 5580 angelorum
1658 5510 1820 5562 Deum
1847 5505 2246 5576 gloriﬁcantiunt

679 5606 888 5678 hymnis
910 5605 1210 5659 daemonum
1237 5602 1527 5656 admiscere
1552 5597 2052 5667 ludicra?quomodo
2073 5606 2246 5650 autem

739 5697 812 5758 (α)
848 5697 930 5745 llic
967 5695 1182 5758 exagitat
1207 5706 1290 5742 eos
1313 5695 1391 5758 qui
1418 5693 1604 5758 theatra
1653 5699 1703 5739 et
1747 5688 1932 5741 Circum
1968 5687 2248 5750 frequenta—

679 5755 822 5815 hant';
848 5759 979 5806 bene
1003 5755 1139 5805 multi
1164 5755 1340 5804 autem
1363 5756 1622 5806 Antiochiae
1671 5760 1825 5812 erant,
1859 5762 1979 5814 quos
2014 5757 2249 5813 perpetuo

678 5823 942 5869 insectatur
965 5817 1342 5878 Chrysostomus.

1391 391 1448 450 S.
1491 387 1766 448 JOANNIS
1801 376 2272 442 CHRYSOSTOMI
2312 376 2628 434 ARCHIEP.
2669 378 3200 439 CONSTANTINOP.

3804 380 3914 434 100

2329 510 2432 549 non
2463 499 2728 554 revereris
2753 498 2890 556 hanc
2916 515 3119 562 vocem,
3144 515 3302 569 quam
3325 501 3434 557 illic
3457 500 3684 570 profers,
3716 502 3755 558 S
3770 507 3906 556 eruite

2325 584 2544 642 Domino
2569 590 2620 642 in
2634 589 2826 655 timore,
2857 600 2904 643 et
2941 591 3186 644 exsultate
3211 592 3258 645 ei
3285 608 3399 644 cum
3430 603 3641 646 tremore
3665 592 3905 661 (Ρεη1.2.

2328 675 2444 744 lt)?
2462 676 2693 733 lloccine
2708 687 2791 733 est
2817 695 2936 734 cum
2967 688 3196 735 tremore
3218 682 3438 743 servire,
3463 683 3541 736 sic
3566 682 3784 736 dill‘undi
3803 683 3908 736 dis-

2326 767 2597 835 tendique,
2622 777 2677 820 ut
2707 783 2803 823 nec
2832 769 2944 838 ipse
2970 771 3124 834 scias,
3149 785 3266 840 qum
3291 772 3524 842 loquaris
3557 774 3907 843 incomposito

2324 855 2468 908 vocis
2490 855 2688 910 boatu?
2715 856 2857 911 Istud
2887 873 3013 912 vero
3035 868 3372 929 contemptus
3393 870 3494 927 est,
3525 877 3630 915 non
3662 865 3870 916 timoris
3893 879 3906 921 :

2324 948 2656 1016 arrogantire,
2691 961 2798 1000 non
2827 948 3176 1014 humilitatis;
3204 949 3340 1004 istud
3381 951 3677 1006 ludentium
3701 963 3786 1007 est
3819 969 3906 1021 po-

2326 1035 2450 1102 tius,
2496 1051 2653 1106 quam
2683 1037 2890 1092 divinas
2919 1038 3101 1094 laudes
3150 1042 3551 1096 celebrantium.
3596 1044 3732 1112 Quid
3782 1061 3908 1110 ergo

2327 1127 2528 1180 servire
2573 1127 2795 1182 Domino
2839 1129 2892 1183 in
2937 1131 3158 1184 timore?
3198 1131 3328 1186 Cum
3381 1148 3539 1189 omne
3583 1146 3905 1204 prteceptum

2324 1216 2721 1286 perfecerimus,
2747 1234 2869 1273 cum
2899 1229 3130 1275 tremore
3171 1230 3227 1275 et
3271 1232 3415 1276 metu
3445 1224 3582 1278 hanc
3610 1226 3909 1280 confessio-

2326 1321 2446 1360 nem
2478 1307 2669 1373 facere,
2711 1309 2873 1365 corde
2901 1311 3132 1364 contrito
3174 1320 3456 1381 menteque
3493 1313 3754 1369 submissa
3785 1329 3906 1381 prc-

2323 1412 2415 1452 ces
2459 1386 2690 1454 olferref
2723 1399 2832 1455 Nec
2877 1400 3048 1455 solum
3101 1403 3305 1457 servire
3352 1403 3404 1456 in
3463 1405 3672 1469 timore,
3721 1419 3902 1458 verum

2324 1492 2483 1547 etiam
2523 1493 2796 1548 exsultare
2842 1508 2962 1548 cum
3010 1503 3240 1549 tremore
3281 1495 3510 1564 Spiritus
3550 1505 3766 1550 sanctus
3810 1511 3904 1566 per

2325 1582 2633 1654 prophetam
2661 1584 2831 1652 jubet.
2865 1583 2996 1638 Nam
3028 1585 3278 1654 quoniam
3305 1585 3554 1654 praecepti
3583 1588 3898 1656 exsequutio

2324 1674 2570 1742 gaudium
2597 1674 2817 1743 gignere
2848 1674 2985 1728 solet
3017 1675 3067 1727 in
3095 1675 3274 1729 animo
3299 1675 3546 1730 virtutem
3584 1679 3899 1742 exercentis,

2324 1775 2379 1820 et
2424 1767 2577 1832 hanc,
2627 1765 2815 1835 inquit,
2859 1766 3248 1820 confessionem
3288 1781 3407 1820 cum
3456 1775 3688 1822 tremore
3731 1767 3906 1822 facere

2326 1855 2595 1922 convenit,
2627 1871 2696 1910 ne
2721 1855 2762 1909 si
2790 1855 3036 1923 deposito
3085 1863 3232 1910 metu
3271 1855 3660 1911 confundamur
3688 1873 3750 1912 ac
3792 1858 3904 1912 die-

2325 1945 2612 2012 solvamur,
2650 1945 2805 1999 simul
2851 1954 2904 2000 et
2956 1945 3195 2000 laborum
3236 1945 3498 2016 jacturam
3540 1946 3817 2013 faciamus,
3855 1957 3907 2001 et

2330 2036 2492 2091 Deum
2522 2037 2573 2091 in
2599 2051 2698 2092 nos
2726 2051 3097 2106 provocemus.
3125 2037 3232 2092 Sed
3256 2037 3544 2107 quomodo,
3571 2039 3765 2107 inquis,
3796 2039 3905 2091 lieri

2329 2135 2525 2195 potest,
2555 2135 2612 2180 ut
2636 2128 2753 2195 quis
2781 2127 3010 2182 exsultet
3038 2142 3158 2182 cum
3189 2128 3460 2182 tremore?
3500 2127 3629 2182 Nam
3661 2129 3908 2198 impossi-

2328 2216 2432 2270 bile
2460 2225 2542 2270 est
2568 2216 2724 2270 simul
2752 2215 2866 2270 haec
2895 2217 3000 2271 duo
3025 2217 3288 2284 accidere,
3321 2231 3442 2272 cum
3485 2219 3621 2272 inter
3653 2217 3765 2271 haec
3793 2217 3909 2287 plu-

2329 2309 2460 2361 rima
2490 2308 2560 2361 sit
2597 2307 2918 2362 differentia.
2961 2307 3223 2363 Gaudium
3249 2310 3389 2362 enim
3421 2317 3503 2363 est
3548 2322 3757 2373 eorum,
3788 2322 3905 2376 quae

2328 2399 2596 2453 desiderat
2643 2400 2873 2465 animus,
2926 2400 3180 2468 expletio,
3224 2414 3512 2468 rerumque
3555 2400 3907 2468 jucundarnm

2328 2490 2527 2555 fruitio,
2569 2505 2631 2544 ac
2657 2491 3002 2544 molestarum
3046 2490 3277 2555 oblivio;
3321 2501 3495 2545 metus
3520 2501 3694 2545 autem
3722 2505 3911 2558 exspe-

2328 2590 2589 2637 ctatorum
2629 2581 2887 2634 malorum
2918 2582 3186 2648 incursus,
3218 2582 3396 2635 oriens
3434 2580 3689 2636 adversus
3714 2580 3912 2635 conde-

2330 2687 2561 2729 mnatam
2605 2674 3009 2729 conscientiam.
3063 2672 3343 2741 Quomodo
3372 2673 3525 2742 igitur
3572 2673 3694 2728 licet
3723 2671 3909 2727 exsul-

2331 2775 2444 2821 tare
2484 2781 2604 2820 cum
2643 2766 2851 2831 timore,
2900 2779 3000 2820 nec
3037 2765 3348 2836 simpliciter
3392 2779 3512 2819 cum
3561 2765 3769 2828 timore,
3819 2762 3908 2816 sed

2329 2856 2488 2908 etiam
2530 2869 2650 2909 cum
2693 2863 2946 2918 tremore,
2980 2855 3071 2923 qui
3115 2865 3200 2909 εει
3231 2855 3435 2908 timoris
3464 2854 3828 2919 vehementia,
3859 2861 3912 2906 et

2330 2945 2626 3000 immodica:
2655 2944 2930 3014 cujusdam
2959 2942 3239 2998 anxietatis
3267 2943 3514 3013 signum?

2404 3035 2656 3102 Quantum
2684 3034 2923 3104 gaudium
2965 3031 3150 3098 afferat
3189 3032 3461 3100 Seraphin:
3497 3033 3670 3103 fruitio
3711 3032 3912 3086 visionis

2334 3127 2561 3195 Domini,
2589 3137 2634 3180 et
2661 3143 2750 3180 cur
2765 3125 2893 3180 illud
2914 3125 3154 3195 gaudium
3179 3133 3309 3178 metu
3330 3128 3392 3178 sit
3420 3125 3650 3177 mixtum.
3677 3153 3747 3163 ——
3767 3123 3911 3191 Quo-

2335 3219 2494 3276 modo
2541 3220 2719 3290 igitur,
2753 3218 2945 3287 inquis,
2980 3216 3084 3272 hoc
3113 3217 3237 3270 fiet?
3277 3216 3392 3287 Ipsa
3440 3224 3491 3271 te
3519 3215 3798 3285 Seraphim
3829 3217 3914 3271 do-

2334 3320 2477 3376 cent,
2509 3326 2625 3380 qua:
2654 3325 2713 3364 re
2741 3310 2854 3379 ipsa
2887 3309 2973 3364 tali
3005 3308 3301 3364 ministerio
3327 3307 3636 3378 funguntur.
3673 3308 3802 3363 Nam
3829 3309 3912 3361 ilia

2336 3401 2586 3456 ineffabili
2623 3400 2789 3470 gloria
2829 3398 3130 3454 Conditoris
3162 3399 3427 3466 fruuntur,
3455 3399 3580 3454 dum
3612 3400 3915 3469 incompre-

2335 3491 2647 3546 hensibilem
2676 3489 2791 3558 ejus
2819 3489 3268 3558 pulchritudinem
3312 3489 3745 3558 contemplantur
3770 3507 3784 3543 :
3810 3505 3913 3543 ltuit

2335 3583 2454 3637 dico
2493 3581 2636 3635 illam
2669 3589 2727 3633 ut
2753 3589 2835 3634 est
2863 3589 3050 3636 natura
3078 3579 3214 3649 (haec
3240 3580 3382 3633 enim
3423 3579 3777 3649 incogitabilis
3813 3587 3914 3643 est,

2336 3688 2435 3728 nec
2473 3670 2702 3740 spectari
2740 3678 2945 3739 potest,
2980 3683 3079 3724 nec
3110 3669 3275 3739 ﬁgura
3305 3668 3555 3738 exprimi,
3594 3669 3912 3724 absurdum-

2337 3779 2439 3834 que
2465 3771 2548 3818 est
2573 3761 2650 3816 sic
2674 3761 2740 3816 de
2771 3761 2858 3816 illa
2892 3760 3120 3830 opinari)
3148 3777 3162 3826 ;
3202 3760 3296 3815 sed
3325 3769 3580 3830 quantum
3606 3775 3917 3816 concessum

2337 3864 2438 3923 est,
2480 3864 2735 3925 quantum
2781 3869 2846 3907 ex
2897 3853 2990 3908 illo
3035 3853 3323 3922 splendore
3379 3862 3602 3922 possunt
3637 3852 3914 3907 illustrari.

2338 3945 2599 4011 Quoniam
2640 3943 2781 3997 enim
2825 3942 3036 3996 assidue
3067 3941 3392 3996 famulantur
3434 3942 3485 3995 in
3527 3941 3753 3997 circuitu
3799 3941 3918 3996 solii

2339 4035 2551 4106 regalis,
2601 4034 2653 4087 in
2683 4032 2795 4103 jugi
2841 4031 3033 4103 gaudio
3074 4041 3440 4101 perseverant,
3498 4033 3550 4084 in
3596 4033 3918 4101 sempiterna

2341 4128 2713 4194 delectatione,
2776 4127 2827 4179 in
2880 4125 3238 4179 exsultatione
3293 4125 3452 4179 ﬁnem
3503 4140 3606 4176 non
3653 4123 3915 4186 habitura,

2342 4218 2646 4289 gaudentia,
2692 4217 2961 4280 saltantia,
3003 4217 3133 4270 citra
3174 4216 3338 4270 ullum
3388 4214 3657 4268 silentium
3697 4213 3917 4282 gloriam

2343 4311 2608 4367 canentia.
2636 4309 2768 4363 Nam
2811 4318 2953 4362 stare
2992 4308 3044 4361 in
3086 4315 3374 4375 conspectu
3419 4305 3712 4373 tnajestatis
3755 4303 3916 4364 illius,

2341 4403 2513 4470 deque
2543 4398 2825 4468 splendore
2853 4397 3001 4450 illinc
3035 4396 3326 4465 refulgente
3354 4394 3660 4456 illuminari,
3692 4393 3794 4446 hoc
3821 4392 3920 4446 illis

2344 4501 2428 4545 cst
2467 4488 2737 4559 gaudium,
2769 4487 2870 4540 hoc
2913 4487 3017 4540 illis
3065 4495 3146 4540 est
3192 4485 3492 4548 exsultatio,
3530 4485 3629 4538 hoc
3655 4483 3918 4551 voluptas,

2345 4584 2447 4637 hoc
2472 4581 2701 4650 denique
2745 4578 2932 4647 gloria.
2973 4577 3239 4631 Fortassis
3269 4578 3511 4631 sensisns
3544 4575 3740 4644 aliquid
3769 4573 3921 4627 volu-

2347 4674 2524 4745 piatis,
2554 4681 2607 4726 et
2633 4669 2894 4737 cupiditas
2916 4667 3158 4737 quaedam
3181 4668 3324 4721 illius
3354 4668 3537 4736 gloria:
3562 4682 3657 4720 vos
3688 4668 3850 4734 cepit.

2411 4764 2465 4818 5.
2505 4763 2571 4816 At
2599 4761 2642 4815 si
2671 4761 2841 4814 velitis
2865 4758 3235 4812 adhortantem
3268 4757 3471 4822 audire,
3502 4764 3924 4827 praesentemque

2347 4854 2526 4925 gloriae
2549 4850 2742 4905 divina:
2777 4849 3192 4904 celebrationem
3233 4848 3480 4917 religiose
3511 4861 3787 4917 peragere,
3821 4860 3922 4900 non

2348 4943 2599 4999 destituet
2622 4956 2718 4995 vos
2748 4939 3048 5006 hujusmodi
3079 4938 3350 5007 gaudium,
3379 4938 3641 5007 siquidem
3689 4938 3802 5006 ipse
3845 4945 3924 4989 est

2349 5033 2439 5086 ille
2466 5032 2742 5095 Dominus,
2771 5030 2860 5097 qui
2893 5037 2946 5082 et
2973 5029 3024 5081 itt
3050 5028 3194 5081 cmlis
3225 5037 3279 5081 et
3309 5029 3360 5081 in
3388 5031 3544 5083 terris
3569 5028 3917 5098 glorificatur;

2351 5121 2498 5175 Pleni
2527 5128 2642 5174 sunt
2671 5119 2810 5173 enim
2857 5119 2968 5171 cwli
2998 5128 3042 5170 et
3072 5129 3203 5171 terra
3233 5118 3396 5189 gloria
3425 5121 3533 5189 ejus
3573 5118 3722 5189 (lsai.
3757 5119 3807 5170 6.
3846 5116 3919 5182 5).

2349 5209 2626 5276 Quomodo
2652 5209 2710 5262 tit
2756 5208 2938 5277 igitur,
2973 5217 3030 5261 ut
3058 5209 3143 5262 illa
3172 5209 3474 5279 Seraphim,
3507 5224 3623 5262 cum
3665 5208 3921 5278 ejusmodi

2349 5304 2618 5370 voluptate
2642 5301 2884 5355 fruantur
2937 5300 3073 5355 hanc
3104 5317 3224 5356 cum
3251 5304 3437 5356 timore
3466 5303 3762 5355 misceant?
3792 5297 3922 5353 Audi

2350 5395 2475 5466 quid
2503 5395 2638 5450 dicat
2661 5394 2918 5463 propheta
2953 5411 2964 5446 :
2999 5393 3116 5447 Vidi
3137 5395 3412 5448 Dominum
3437 5395 3686 5446 sedentem
3719 5392 3769 5444 in
3800 5391 3924 5443 solio

2352 5486 2544 5540 excelso
2572 5495 2617 5537 et
2640 5484 2848 5536 elevato.
2880 5485 3048 5551 Quam
3077 5486 3146 5540 ob
3173 5501 3385 5540 causam
3422 5500 3538 5537 cum
3571 5483 3794 5537 dixisset
3821 5483 3923 5535 Ex-

2353 5581 2570 5641 celsum,
2603 5577 2816 5646 adjecit,
2852 5578 3164 5632 Elevatutn?
3199 5594 3373 5631 annon
3402 5578 3526 5630 satis
3563 5584 3677 5628 erat
3706 5590 3796 5643 per
3819 5574 3925 5628 cel-

2354 5669 2636 5724 situdiuem
2663 5682 2777 5722 rem
2808 5675 2971 5721 totam
2998 5669 3315 5739 significare,
3350 5668 3728 5734 declarareque
3759 5663 3926 5733 digni-

2357 5762 2476 5816 tatis
2503 5760 2883 5816 eminentiam?
2927 5776 3092 5831 quare
3123 5777 3251 5832 ergo
3298 5750 3841 5816 addidihﬂlevalum?
3866 5753 3929 5811 Ut
