4144 6466
247 393 336 449 iill
1288 387 1355 446 ΙΝ
1393 386 1613 454 ILLUD,
1654 379 1789 440 VIDI
1829 378 2152 451 DOML-‘iUSl,
2192 381 2416 440 llOMIL.
2457 382 2496 439 l.

260 504 442 559 sedem
478 502 1083 574 incomprehensibilem
1125 503 1536 560 demonstraret.
1584 497 1839 567 Quando-

265 592 471 662 quidem
515 594 660 664 apud
691 610 788 651 nos
827 594 969 667 quod
1011 594 1279 651 excelsum
1317 602 1399 649 est
1465 590 1842 661 cogitationem

266 685 545 756 quamdam
575 686 779 758 praebet
816 685 1224 756 comparationis
1268 683 1334 738 ad
1377 698 1440 738 ea
1468 695 1589 753 qua:
1615 678 1845 737 humilia

265 784 391 830 sunt
438 788 501 829 ac
553 774 899 830 submissiora
938 793 951 828 :
993 775 1156 830 veluti
1205 773 1411 830 excelsi
1452 780 1577 828 sunt
1624 778 1840 825 montes

267 867 661 937 campestribus
684 877 732 922 et
778 868 1011 938 planitiei
1050 866 1338 937 comparati
1366 882 1381 922 :
1412 866 1684 920 excelsum
1713 862 1840 916 item

265 958 458 1013 caelum
481 956 548 1011 ab
573 957 815 1013 omnibus
842 957 1068 1013 terrenis
1091 957 1370 1012 altitudine
1395 964 1657 1011 remotum
1683 971 1698 1020 ;
1730 967 1839 1007 cre-

267 1057 442 1104 terum
472 1049 585 1104 hare
612 1048 905 1104 sublimitas
932 1058 985 1103 et
1010 1048 1236 1105 altitudo
1257 1047 1423 1103 solius
1451 1055 1534 1101 est
1560 1043 1703 1100 illius
1738 1058 1837 1097 na-

267 1150 406 1196 tura:
459 1139 1045 1210 incomprehensibilis,
1091 1153 1250 1207 quam
1292 1153 1464 1209 neque
1513 1136 1838 1206 cogitatione

262 1232 570 1301 concipere,
600 1245 770 1300 neque
796 1229 977 1284 verbis
1021 1228 1199 1298 eloqui
1223 1228 1497 1299 quisquam
1526 1233 1721 1295 potest,
1748 1238 1839 1279 co-

262 1336 371 1388 que
395 1320 521 1375 dicit
552 1337 565 1375 :
600 1318 717 1373 Vidi
740 1319 1015 1373 Dominum
1038 1318 1289 1373 sedentem
1324 1317 1378 1371 in
1415 1315 1543 1369 solio
1569 1315 1762 1370 excelso
1790 1322 1837 1367 et

261 1410 475 1463 elevato.
502 1408 608 1464 Sed
635 1408 760 1479 quid
790 1416 1048 1478 praeterea
1078 1405 1277 1472 vidisti,
1320 1419 1353 1460 ο
1380 1404 1681 1475 pr0phelal
1711 1401 1836 1472 quid

261 1502 409 1557 circa
456 1501 601 1556 illum
634 1500 921 1569 spectasti?
951 1498 1018 1552 Et
1056 1498 1328 1568 Seraphin:
1372 1496 1591 1561 stabant,
1643 1494 1832 1565 inquit,

260 1592 317 1645 in
356 1591 565 1645 circuitu
593 1591 701 1660 ejus
727 1587 875 1662 (Isai.
925 1589 979 1643 6.
1020 1586 1100 1658 2).
1130 1587 1267 1655 Quid
1316 1586 1578 1641 iaciebant
1621 1593 1675 1640 et
1711 1583 1835 1652 quid

259 1681 533 1745 dicebant,
562 1696 663 1749 qua
708 1679 897 1733 ﬁducia
949 1677 1302 1734 fruebantur?
1339 1675 1555 1731 Fiducia
1595 1674 1830 1745 quidem,

258 1772 453 1842 inquit,
482 1766 643 1834 nulla,
674 1784 856 1823 verum
886 1768 1096 1822 timoris
1118 1782 1183 1822 ac
1208 1767 1443 1835 stuporis
1473 1774 1625 1821 erant
1654 1764 1830 1834 plena,

258 1860 380 1928 ipsa
423 1858 580 1913 etiam
625 1856 803 1927 specie
854 1864 1055 1911 metum
1113 1854 1432 1911 ineffabilem
1487 1854 1832 1909 declarantia.

259 1949 480 2005 Duabus
505 1947 646 2003 enim
675 1946 774 2002 alis
796 1945 1045 2001 velabant
1070 1945 1282 2009 faciem.
1311 1944 1472 1999 simul
1500 1944 1834 2000 excludentia

257 2037 473 2094 radium
501 2052 532 2092 e
569 2037 705 2092 solio
730 2037 1105 2107 prodeuntem,
1137 2050 1204 2092 eo
1230 2036 1369 2106 quod
1400 2034 1542 2091 ferre
1573 2050 1677 2090 non
1708 2049 1835 2104 pos-

257 2137 383 2184 sent
412 2130 718 2183 immensam
749 2127 888 2181 illius
918 2126 1160 2197 gloriam,
1194 2125 1551 2181 simulantem
1597 2132 1651 2179 et
1679 2138 1832 2179 suam

257 2220 571 2290 religionem
595 2233 659 2274 ac
686 2218 1037 2275 reverentiam
1060 2216 1428 2288 signiﬁcantia,
1457 2230 1617 2287 quam
1639 2213 1836 2269 habent

257 2326 387 2381 erga
416 2311 719 2366 Dominum.

336 2400 438 2454 Cur
463 2399 731 2469 Seraphint
758 2398 937 2470 faciem
966 2406 1014 2452 et
1042 2397 1190 2467 pedes
1216 2397 1394 2452 velent.
1415 2425 1487 2436 -—
1504 2395 1618 2451 Tali
1645 2394 1835 2466 gaudio

255 2493 491 2562 gaudent
518 2492 606 2546 illa
629 2532 643 2556 ,
676 2491 764 2546 tali
808 2489 989 2545 laetitia
1022 2489 1320 2555 exsultant,
1350 2503 1449 2544 nec
1476 2489 1646 2543 solum
1673 2488 1834 2543 facies

256 2581 459 2647 velant,
485 2595 665 2635 verum
685 2589 739 2635 et
759 2580 939 2650 pedes.
970 2578 1324 2647 Quamobrem
1350 2578 1451 2633 hoc
1478 2577 1709 2632 faciunt?
1733 2576 1835 2631 Fa-

254 2670 371 2726 cies
408 2669 617 2741 quidem
656 2669 844 2724 merito
878 2670 1056 2724 velant
1095 2677 1313 2738 propter
1336 2667 1677 2722 metuendum
1707 2681 1832 2736 spc-

254 2760 550 2825 ctaculum,
588 2758 832 2829 quodque
870 2774 975 2813 non
1017 2758 1219 2828 possint
1254 2758 1579 2813 inaccessam
1612 2758 1832 2829 gloriam

254 2847 465 2903 obtueri
496 2864 511 2902 :
546 2861 727 2903 verum
768 2847 927 2918 pedes
964 2862 1129 2919 quare
1155 2848 1310 2903 simul
1338 2848 1552 2902 velant?
1581 2850 1657 2903 Ac
1683 2848 1831 2903 vole-

255 2938 383 2993 bam
407 2937 614 3007 quidem
642 2937 790 2993 vobis
816 2937 919 2993 hoc
944 2938 1263 3009 relinquere,
1293 2945 1352 2991 ut
1378 2937 1477 3007 ipsi
1507 2938 1645 2993 circa
1679 2937 1833 3007 hujus

254 3029 340 3085 rei
356 3028 665 3084 solutionem
682 3027 1017 3097 laboraretis,
1034 3027 1276 3099 circaque
1292 3027 1640 3097 spiritualium
1655 3042 1832 3082 rerum

253 3120 656 3189 vestigationem
683 3119 968 3190 vigilaretis
996 3135 1011 3173 :
1038 3128 1295 3174 caeterum
1322 3134 1390 3173 ne
1417 3128 1646 3173 vestram
1684 3119 1829 3188 cogi-

253 3210 512 3265 tationem
555 3210 693 3265 circa
736 3209 890 3278 hujus
931 3209 1327 3280 inquisitionem
1370 3208 1624 3263 intentam
1666 3208 1831 3263 relin-

252 3314 429 3370 quens
442 3340 458 3367 ,
478 3299 528 3354 id
548 3299 772 3356 efﬁciam
787 3309 844 3354 ut
863 3299 1276 3355 admonitionem
1298 3298 1589 3369 negligatis,
1614 3313 1832 3355 necesse

252 3400 343 3444 est
370 3398 426 3445 ut
458 3390 557 3445 hoc
582 3390 753 3445 obiter
776 3389 999 3452 solvam.
1032 3388 1207 3458 Quare
1244 3389 1402 3459 igitur
1431 3389 1593 3459 pedes
1622 3390 1831 3444 velant?

252 3479 682 3550 inexplicabilem
701 3494 823 3549 erga
842 3477 1185 3534 Conditorem
1211 3479 1561 3534 reverentiam
1583 3494 1645 3532 ex
1654 3478 1832 3534 bibere

252 3572 491 3640 student,
520 3573 841 3641 multamque
864 3572 1182 3627 anxietatem
1212 3579 1321 3625 tum
1349 3571 1461 3640 ipso
1489 3570 1689 3637 habitu,
1722 3580 1829 3625 tum

251 3679 388 3719 voce
412 3705 427 3728 ,
458 3673 565 3718 tum
594 3673 809 3733 aspectu
831 3703 847 3730 ,
879 3664 1106 3732 denique
1134 3663 1248 3732 ipsa
1277 3662 1525 3717 statione.
1574 3664 1832 3730 Quoniam

253 3753 420 3822 igitur
457 3752 508 3806 id
545 3752 683 3821 quod
724 3752 1028 3807 desiderant
1063 3750 1312 3820 quodque
1349 3751 1696 3806 conveniebat
1725 3765 1832 3808 non

250 3851 628 3912 assequuntur,
654 3842 915 3897 occultant
942 3841 1138 3896 idcirco
1160 3840 1391 3911 undique
1418 3840 1681 3896 defectum
1704 3841 1830 3897 dum

251 3944 319 3986 se
343 3931 745 4001 circumtegunt.
775 3929 965 3986 Utrum
989 3930 1281 3999 intelligitis
1331 3930 1471 3999 quod
1500 3930 1696 3986 dictum
1727 3941 1829 3998 est,

251 4036 326 4073 an
352 4034 529 4089 operae
556 4019 781 4089 pretium
810 4024 892 4075 est
916 4025 973 4073 ut
1006 4017 1145 4073 idem
1174 4017 1349 4073 denuo
1378 4020 1650 4088 repetam?
1679 4021 1790 4090 Age
1813 4062 1828 4087 ,

252 4118 319 4164 ut
344 4110 443 4164 hoc
466 4107 653 4163 faciam
675 4108 954 4164 dilucidius
977 4148 994 4175 ,
1023 4123 1090 4164 ex
1114 4123 1293 4163 rerum
1317 4119 1616 4163 nostrarum
1646 4125 1829 4165 exem-

252 4201 360 4270 plis
382 4200 712 4254 manifestum
740 4198 913 4253 facere
937 4198 1190 4253 conabor.
1216 4198 1426 4252 Assistit
1449 4198 1638 4267 aliquis
1665 4210 1831 4254 terre-

252 4304 329 4344 no
348 4290 457 4359 regi
482 4290 826 4359 omnibusque
849 4288 1022 4343 modis
1048 4288 1284 4355 molitur,
1309 4296 1365 4342 ut
1387 4289 1829 4359 quamplurimam

250 4393 381 4446 erga
414 4379 557 4433 illum
588 4377 934 4433 reverentiam
963 4377 1233 4442 exhibeat,
1265 4394 1370 4448 quo
1400 4393 1496 4447 per
1527 4379 1627 4434 hoc
1659 4381 1674 4411 ⁸
1710 4395 1826 4435 ma-

247 4468 425 4539 jorem
463 4469 601 4524 illius
636 4483 758 4539 erga
800 4483 860 4524 se
896 4468 1143 4523 conciliet
1176 4468 1620 4525 benevolentiam.
1662 4470 1829 4541 Cujus

248 4560 424 4627 gratia
460 4558 635 4628 specie
662 4557 846 4627 capitis
867 4597 883 4624 ,
916 4557 1028 4627 ipsa
1067 4571 1197 4612 voce
1216 4598 1231 4623 ,
1260 4557 1371 4626 ipsa
1401 4573 1651 4614 manuum
1679 4576 1829 4615 com-

251 4650 538 4719 positione,
563 4649 672 4719 ipsa
694 4647 882 4719 pedum
904 4648 1291 4718 conjunctione,
1316 4650 1577 4719 totiusque
1590 4652 1829 4721 corporis

322 4844 339 4875 ι
376 4849 493 4904 neg.
508 4841 639 4905 ,1832
662 4855 675 4889 :
700 4840 894 4890 stultam
929 4840 1244 4905 remeantium
1271 4854 1389 4905 erga
1410 4842 1724 4905 conditorem
1744 4843 1828 4894 ita-

249 4903 377 4969 bent,
418 4899 565 4952 multo
595 4910 785 4969 stupore
826 4899 1167 4969 permittatur.
1192 4899 1346 4969 pnesw
1364 4903 1560 4969 aﬂ'ectus
1590 4910 1690 4953 tum
1724 4904 1829 4969 ipso

250 4964 439 5022 habitu,
464 4970 564 5012 tum
578 4962 704 5020 uoce,
730 4962 835 5026 tum
850 4970 1063 5026 aspectu,
1318 4962 1423 5026 ipsa
1446 4965 1641 5014 statione
1663 4962 1828 5025 expri-

250 5038 388 5075 mere
410 5029 655 5075 contemtu.
681 5023 912 5087 Quosdam;
928 5023 1077 5087 igitur
1098 5024 1169 5075 sic
1188 5023 1358 5087 etiam:
1372 5026 1499 5087 quod
1524 5026 1660 5075 decet
1681 5023 1825 5075 attin-

246 5098 370 5155 gere
393 5098 485 5155 non
510 5089 725 5155 posstau,
755 5097 806 5133 se
841 5083 1041 5155 petgitdo
1076 5086 1287 5155 mitione
1324 5083 1822 5155 defectumsupplent.

259 5144 435 5195 atrum
731 5145 857 5207 quod
881 5144 1061 5207 dictum
1085 5152 1171 5205 est,
1196 5144 1260 5207 an
1280 5144 1440 5204 operte
1457 5144 1661 5207 pretium
1678 5144 1751 5196 'est
1775 5155 1825 5198 ut

250 5206 389 5259 idem
413 5208 567 5276 denuo
868 5206 1092 5276 equidem
1132 5206 1251 5256 milu'
1288 5204 1598 5276 repetendum
1618 5207 1822 5257 videtur.

252 5280 354 5379 λῧξ
379 5268 552 5379 Igitur,
579 5272 625 5315 et
655 5266 741 5316 hoc
815 5266 1029 5338 hicidgnn
1072 5280 1137 5315 ea:
1175 5266 1352 5318 rerum'
1374 5274 1643 5336 nostrarum
1666 5281 1826 5317 exem-

252 5344 288 5379 p
398 5340 570 5377 nciam
617 5331 670 5377 Et
714 5332 859 5379 certe.
907 5328 988 5377 du:
1017 5328 1154 5379 mild.
1203 5332 1285 5379 aui
1325 5340 1427 5379 rear
1458 5334 1650 5379 assistit.
1675 5341 1825 5379 nonne

249 5328 350 5391 piis
375 5328 570 5399 faciam.
617 5331 670 5377 Et
714 5332 859 5384 certe,
894 5328 988 5398 Odi):
1017 5328 1154 5385 ntild,
1188 5332 1285 5395 ,συί
1325 5340 1427 5391 regi
1446 5328 1650 5397 assistit,
1675 5341 1825 5379 neme

252 5389 527 5458 qumqde
543 5396 753 5458 conatum
769 5400 1035 5437 maximam
1049 5400 1167 5458 erga
1182 5390 1320 5458 illuni
1340 5387 1568 5458 exhibere
1578 5456 1583 5458 Α
1604 5401 1826 5458 τερεζεη-

246 5452 376 5501 tiam
396 5448 421 5498 .’
443 5449 615 5511 Procul
638 5448 817 5511 dubio;
857 5460 1025 5510 nempe
1063 5456 1116 5498 ut
1143 5449 1373 5511 perﬁhoc,
1419 5458 1515 5497 etc.
1542 5450 1695 5511 Etusic
1720 5449 1824 5511 fere

251 5512 442 5571 ubique
464 5510 539 5560 hic
561 5524 681 5560 unus
703 5509 889 5571 Codex,
914 5511 979 5558 ita
1002 5514 1056 5558 ut
1093 5509 1151 5571 si
1166 5510 1347 5571 vellem
1377 5513 1534 5557 omnia
1559 5509 1733 5559 aﬂ‘erre
1754 5510 1824 5559 lc-

250 5569 472 5620 ctionutn
492 5571 777 5629 discrimina,
824 5569 930 5618 fere
963 5576 1063 5619 tota
1102 5569 1297 5619 bomilia
1331 5571 1388 5618 ad
1413 5571 1613 5618 verbum
1637 5573 1824 5619 exscri-

250 5630 420 5679 benda
444 5639 590 5682 esset.
614 5634 655 5682 Δ
679 5630 955 5682 uorelliana
988 5638 1152 5679 autem
1196 5632 1409 5680 Editione
1439 5632 1602 5679 verbis
1639 5640 1824 5682 tantum

248 5690 439 5755 differt.
463 5705 553 5742 non
586 5706 753 5749 sensu.
787 5691 843 5741 In
871 5690 978 5741 aliis
1008 5699 1171 5755 autem
1208 5690 1534 5755 nauuscriptis
1565 5705 1673 5742 cum
1693 5692 1823 5742 Edita

251 5751 445 5802 allatis
461 5764 705 5819 perpauca:
729 5755 1052 5807 observantur
1072 5752 1350 5803 varietates.

1947 496 2303 551 contractione
2349 496 2505 551 talem
2550 496 2897 553 reverentiam
2944 504 3163 553 conatur
3210 498 3510 559 ostendere.

1947 584 2057 640 lloc
2084 594 2136 641 et
2160 585 2226 640 ab
2251 586 2352 640 illis
2376 586 2701 655 incorporeis
2720 586 2999 642 virtutibus
3026 588 3353 643 observatur.
3377 588 3511 645 Cum

1945 674 2084 729 enim
2104 674 2379 745 plurimam
2400 675 2627 731 habeant
2644 691 2769 745 erga
2785 675 3123 731 Conditorem
3142 681 3512 748 reverentiam,

1944 774 2000 821 et
2028 766 2163 822 hanc
2192 767 2423 837 undique
2450 777 2707 823 conantur
2726 777 2979 837 pra-stare
3008 785 3023 822 :
3051 769 3241 825 deinde
3262 772 3512 839 quoniam

1945 871 2048 911 non
2070 868 2423 926 assequuntur
2436 858 2575 927 quod
2597 867 2868 928 expetunt,
2888 859 3028 929 quod
3050 859 3318 928 cupiditati
3336 860 3507 926 deest,

1942 945 2045 1001 hoc
2074 947 2190 1001 velo
2218 948 2487 1017 obtcgunt.
2532 946 2678 1002 Hanc
2717 948 2786 1001 ob
2824 963 3038 1003 causam
3070 948 3227 1018 igitur
3250 948 3410 1004 facies
3446 965 3510 1005 ac

1943 1038 2104 1108 pedes
2134 1047 2308 1109 tegere
2336 1040 2599 1095 dicuntur.
2630 1039 2954 1109 Quamquam
2974 1048 3056 1096 est
3074 1050 3126 1096 et
3144 1041 3243 1095 alia
3266 1041 3511 1111 quaedam

1942 1128 2108 1198 magis
2135 1130 2352 1200 mystica
2379 1128 2667 1199 Speculatio
2693 1144 2811 1199 quae
2838 1130 2974 1183 circa
3002 1128 3101 1183 hoc
3122 1130 3506 1197 consideratur,

1941 1231 2048 1272 non
2076 1217 2214 1287 quod
2248 1216 2409 1287 pedes
2436 1234 2497 1273 ac
2524 1217 2686 1274 facies
2726 1218 2951 1274 habeant
2983 1220 3142 1289 (sunt
3163 1220 3301 1274 enim
3331 1221 3508 1277 incor-

1942 1322 2101 1377 porea
2125 1348 2141 1376 ,
2186 1310 2623 1380 quemadmodum
2668 1311 2841 1380 ipsum
2864 1309 3151 1381 Numen),
3181 1311 3270 1367 sed
3311 1320 3371 1366 ut
3404 1311 3507 1367 hoc

1942 1398 2201 1453 humanus
2224 1414 2401 1455 sermo
2420 1400 2651 1456 declaret
2668 1416 2730 1456 ea
2756 1401 2985 1471 undique
3012 1412 3152 1457 metu
3178 1417 3239 1458 ac
3263 1418 3509 1459 reveren-

1943 1488 2011 1541 tia
2051 1488 2236 1544 all‘ecta
2276 1489 2476 1545 servire
2514 1490 2757 1545 Domino.
2802 1490 2890 1545 Sic
2926 1499 3135 1560 oportet
3174 1506 3270 1546 nos
3298 1507 3508 1563 quoque

1939 1579 2187 1635 assistere
2207 1621 2222 1645 ,
2254 1580 2410 1635 talem
2441 1581 2547 1636 Deo
2576 1581 3011 1651 gloriﬂcationem
3043 1583 3323 1638 oll'ercntes
3343 1624 3358 1649 ,
3389 1600 3505 1639 me-

1941 1676 2146 1723 tuentes
2193 1682 2255 1723 ac
2284 1675 2589 1734 trementes,
2619 1685 2681 1724 ac
2702 1677 2968 1737 tamquam
2992 1671 3136 1725 illum
3161 1672 3329 1741 ipsum
3357 1687 3507 1727 men-

1942 1758 2006 1812 tis
2035 1758 2202 1814 oculis
2229 1757 2509 1814 intuentes.
2541 1758 2703 1815 Adest
2729 1758 2869 1814 enim
2895 1759 2981 1814 hic
3007 1760 3222 1815 omnino
3245 1762 3333 1831 qui
3360 1762 3506 1817 nullo

1939 1846 2056 1902 loco
2080 1847 2558 1911 circumscribitur,
2596 1863 2857 1918 vocesque
2883 1857 3088 1903 nostras
3122 1857 3382 1905 recenset.
3414 1849 3507 1907 Sic

1940 1937 2097 2006 igitur
2115 1938 2341 1991 contrito
2359 1945 2412 1991 et
2434 1937 2709 1992 humiliato
2728 1936 2889 1992 corde
2909 1937 3114 1993 laudem
3134 1937 3507 2008 depromentes

1939 2024 2220 2079 reddamus
2245 2040 2359 2080 eam
2380 2035 2674 2095 acceptam,
2697 2037 2752 2081 et
2773 2026 2918 2081 velut
2943 2027 3211 2083 incensum
3234 2027 3357 2083 boni
3377 2029 3505 2085 odo-

1938 2114 2013 2169 ris
2037 2114 2101 2169 ad
2131 2114 2316 2169 cazlutn
2348 2117 2634 2169 mittamus.
2665 2112 2765 2169 Cor
2802 2116 2943 2169 enim
2962 2157 2978 2181 ,
3007 2115 3211 2185 inquit,
3241 2118 3504 2171 contritum

1939 2214 1985 2259 et
2012 2204 2325 2259 Itumitiatum
2354 2204 2486 2260 Deus
2510 2221 2609 2260 non
2639 2205 2873 2275 despiciet
2898 2206 2916 2274 (
2944 2204 3084 2260 Psal.
3114 2206 3201 2262 50.
3234 2207 3301 2262 l9
3324 2208 3362 2276 ).
3398 2207 3503 2262 Ve-

1938 2310 2057 2349 rum
2082 2296 2335 2365 prepheta
2355 2335 2370 2362 ,
2401 2295 2575 2365 inquis
2594 2337 2610 2362 ,
2641 2294 2949 2351 exhortatur
2976 2305 3033 2352 ut
3056 2309 3175 2351 cum
3198 2296 3364 2365 jubilo
3386 2298 3503 2369 glo-

1938 2383 2287 2441 rilicationem
2319 2400 2632 2455 peragamus
2673 2404 2687 2441 :
2729 2385 2989 2453 Jubilate,
3040 2386 3503 2456 inquit,Domt'no,

1939 2475 2099 2528 omnis
2124 2483 2255 2528 terra
2278 2477 2295 2541 (
2318 2474 2460 2529 Psal.
2490 2474 2577 2529 65.
2611 2475 2698 2545 l).
2747 2477 2814 2529 At
2843 2490 3013 2544 nequc
3044 2489 3139 2529 nos
3169 2476 3325 2530 talem
3361 2475 3501 2545 iubi-

1937 2565 2184 2621 lationem
2218 2566 2559 2636 prohibemus
2582 2607 2597 2631 ,
2639 2565 2733 2621 sed
2775 2580 2957 2621 vocem
2999 2565 3334 2635 prohibemus
3372 2565 3503 2620 nihil

1936 2655 2314 2726 significantem
2340 2673 2355 2718 ;
2397 2670 2567 2727 neque
2596 2656 2933 2725 prohibemus
2959 2670 3140 2711 vocem
3170 2656 3340 2711 laudis
3361 2698 3376 2722 ,
3407 2658 3503 2712 sed

1937 2762 2120 2802 vocem
2144 2746 2483 2802 absurditatis
2505 2756 2559 2801 et
2582 2746 2919 2812 inconditam,
2942 2763 3003 2802 ac
3024 2756 3231 2803 mutuas
3252 2749 3389 2803 inter
3408 2763 3504 2804 vos

1936 2836 2303 2891 contentiones
2319 2875 2334 2902 ,
2362 2851 2548 2892 manus
2577 2836 2841 2892 incassum
2866 2845 3168 2907 temereque
3190 2837 3421 2893 sublatas
3447 2840 3503 2895 in

1936 2942 2132 2993 aerem,
2152 2926 2312 2997 pedes
2328 2926 2755 2997 supplaudeutes,
2772 2927 3051 2983 indecoros
3071 2927 3505 3001 efi'eminatosque

1937 3033 2133 3085 mores,
2159 3033 2279 3087 quae
2303 3025 2426 3072 sunt
2445 3032 2651 3086 eorum,
2676 3018 2763 3088 qui
2785 3017 2839 3073 in
2862 3018 3079 3074 theatris
3099 3033 3161 3075 ac
3180 3020 3503 3077 circensibus

1936 3111 2075 3165 ludis
2102 3118 2397 3175 versantur,
2428 3109 2650 3164 ludicra.
2687 3109 2838 3164 illinc
2862 3110 3012 3164 nobis
3039 3111 3331 3180 perniciosa
3355 3112 3505 3169 inve-

1936 3201 2131 3257 huntur
2157 3200 2416 3272 exempla,
2449 3201 2593 3256 illinc
2617 3201 2925 3272 irreligioste
2948 3202 3292 3274 vulgaresque
3321 3219 3501 3271 voces,

1937 3292 2082 3347 illinc
2108 3306 2357 3347 manuum
2388 3291 2580 3362 ineptre
2607 3291 3033 3361 gesticulationes
3054 3334 3069 3360 ,
3101 3293 3462 3351 contentiones
3482 3334 3501 3363 ,

1936 3384 2355 3439 concertationes
2374 3423 2389 3449 ,
2416 3397 2478 3438 ac
2502 3397 2680 3439 mores
2706 3383 3056 3454 incompositi.

2005 3474 2060 3528 4.
2101 3472 2403 3543 Spectacula
2443 3473 2645 3542 publica
2680 3473 2903 3541 vitanda,
2940 3490 3112 3542 quare.
3135 3475 3372 3530 —Nulla
3408 3491 3499 3532 res

1937 3563 2081 3618 enim
2108 3577 2255 3632 mque
2279 3561 2485 3632 eloquia
2509 3562 2599 3616 Dei
2624 3562 2837 3617 adducit
2861 3563 2911 3616 in
2938 3572 3316 3633 contemptum,
3344 3576 3502 3638 atquo

1937 3651 2354 3722 spectaculorum
2383 3666 2501 3720 qua:
2526 3650 2631 3704 illic
2659 3662 3024 3721 proponuntur
3047 3652 3344 3709 admiratio.
3372 3655 3501 3710 ιντο.

1937 3741 2059 3796 inde
2085 3740 2387 3810 frequenter
2410 3754 2499 3794 vos
2532 3738 2770 3795 hortatus
2798 3756 2935 3806 sum,
2963 3757 3031 3796 ne
3057 3743 3174 3813 quis
3202 3758 3384 3801 eorum
3408 3749 3498 3816 qui

1937 3831 2041 3886 huc
2067 3830 2386 3896 adveniunt,
2414 3828 2695 3900 divinaque
2721 3830 2959 3886 doctrina
2989 3833 3228 3889 fruuntur
3246 3875 3261 3900 ,
3305 3838 3499 3907 quique

1938 3920 2199 3976 tremendi
2226 3934 2288 3974 ac
2316 3920 2522 3990 mystici
2553 3920 2831 3989 participes
2857 3930 2980 3976 sunt
3006 3926 3280 3990 sacrificii,
3307 3928 3371 3981 ad
3409 3930 3497 3985 illa

1936 4012 2039 4066 iret
2064 4009 2360 4079 spectacula
2384 4049 2399 4073 ,
2427 4024 2528 4063 neu
2559 4009 2731 4063 divina
2759 4024 2876 4063 cum
2907 4010 3243 4069 dwmoniacis
3273 4019 3495 4073 commi-

1934 4110 2107 4155 sceret
2131 4099 2401 4171 mysteria.
2449 4100 2694 4155 Attamen
2735 4102 2976 4157 nonnulli
3005 4120 3170 4174 usque
3194 4107 3326 4163 adeo
3352 4109 3496 4165 insa-

1934 4190 2104 4254 niunt,
2131 4197 2189 4243 ut
2212 4189 2370 4244 etiam
2397 4203 2516 4242 cum
2545 4190 2774 4258 speciem
2803 4192 3071 4259 gravitatis
3100 4208 3163 4250 ac
3188 4199 3498 4256 reverentia

1933 4282 2141 4351 plenam
2172 4278 2569 4341 circumferant,
2598 4289 2649 4333 et
2678 4279 2743 4334 ad
2769 4279 3075 4349 profundam
3102 4288 3346 4341 canitiem
3372 4304 3496 4357 per-

1932 4372 2176 4427 veneriut
2200 4412 2214 4436 ,
2242 4370 2408 4424 nihilo
2436 4384 2589 4425 secus
2617 4382 2829 4425 currant
2860 4372 2925 4426 ad
2954 4372 3040 4426 illa
3061 4415 3076 4440 ,
3106 4389 3274 4445 neque
3301 4383 3496 4436 nostris

1933 4461 2264 4517 sermonibus
2309 4460 2660 4514 auscultantes
2686 4499 2702 4523 ,
2746 4475 2918 4530 neque
2968 4464 3230 4533 propriam
3279 4471 3494 4526 reveriti

1932 4552 2182 4623 speciem.
2234 4550 2425 4605 Verum
2454 4549 2658 4619 quoties
2686 4548 2763 4603 eis
2792 4548 2931 4605 hunc
2969 4566 3265 4610 sermonem
3294 4557 3491 4629 ingeri.

1932 4661 2083 4712 mus,
2115 4654 2167 4698 ct
2194 4652 2249 4697 ut
2273 4641 2516 4697 canitiem
2546 4641 2959 4712 gravitatemque
2977 4658 3127 4699 suam
3154 4661 3497 4707 revereantur

1931 4735 2275 4789 adhortamur
2300 4773 2314 4797 ,
2347 4747 2505 4801 quam
2544 4732 2760 4787 frivolus
2789 4732 2991 4788 illorum
3016 4776 3031 4801 ,
3062 4752 3216 4805 quam
3243 4739 3495 4797 ﬁdiculas

1932 4825 2139 4880 sermo!
2169 4822 2503 4893 Exemplum,
2534 4821 2808 4893 inquiunt,
2839 4823 3072 4878 victoria:
3098 4841 3215 4895 quas
3240 4828 3290 4883 in
3317 4830 3496 4885 futuro

1930 4917 2123 4973 saeculo
2142 4916 2243 4971 erit
2267 4925 2321 4971 et
2344 4930 2657 4970 coronarum
2683 4924 2805 4970 sunt
2830 4917 2915 4970 illa
2945 4917 3322 4987 plurimamque
3344 4920 3490 4978 illinc

1930 5009 2209 5065 utilitatem
2234 5006 2529 5063 referimus.
2559 5005 2691 5071 Quid
2716 5006 2795 5059 ais
2816 5046 2831 5071 ,
2858 5006 3054 5059 homo?
3079 5004 3358 5064 Obsoletus
3384 5008 3493 5067 isto

1930 5112 2107 5154 sermo
2132 5098 2149 5129 ¹
2174 5105 2256 5151 est
2281 5111 2342 5150 ac
2362 5094 2578 5148 fallaciae
2604 5094 2810 5164 plenus.
2841 5092 2988 5149 Unde
3009 5093 3281 5150 utilitatem
3304 5097 3494 5155 isthinc

1930 5188 2136 5243 refers?
2165 5203 2230 5241 cx
2256 5183 2540 5240 innumeris
2564 5183 3008 5251 contentionibus,
3031 5199 3093 5239 cx
3117 5193 3315 5243 temere
3342 5188 3493 5246 factis

1926 5280 2239 5348 juramentis
2266 5279 2316 5331 in
2346 5278 2595 5330 damnum
2624 5273 2987 5343 loquentium!
3022 5290 3088 5328 an
3124 5291 3187 5331 ex
3216 5286 3489 5335 contume-

1930 5370 2015 5423 liis
2039 5411 2053 5433 ,
2088 5368 2335 5423 conviciis
2355 5408 2369 5431 ,
2400 5365 2878 5435 scommatibusque
2901 5405 2915 5430 ,
2946 5364 3132 5434 quibus
3171 5377 3492 5436 spectatores

1932 5457 2185 5527 ejusmodi
2211 5470 2384 5510 rerum
2412 5469 2469 5509 se
2490 5466 2672 5508 mutuo
2695 5452 3082 5523 conspergunt?
3104 5452 3292 5508 Verum
3311 5469 3376 5509 ex
3398 5453 3482 5509 his

1931 5549 2058 5603 nihil
2090 5547 2325 5601 utilitatis
2353 5544 2418 5600 ad
2448 5554 2498 5600 te
2528 5545 2662 5599 redit
2695 5561 2707 5596 :
2741 5558 2812 5597 an
2841 5557 2967 5597 vero
2997 5542 3156 5595 ullam
3176 5545 3390 5603 omnino
3408 5563 3475 5605 ex

1994 5753 2008 5783 ι
2044 5748 2196 5807 Alius,
2222 5750 2349 5796 teste
2372 5743 2561 5804 Savilio,
2586 5739 2819 5792 ridiculae:
2835 5738 2921 5791 iste
2942 5749 3119 5790 sem
