4144 6480
670 400 782 457 103

662 510 1027 582 incompositis
1050 504 1265 562 vocibus
1288 541 1304 567 ,
1330 509 1385 556 et
1422 496 1557 554 nihil
1600 488 2232 582 significant-eciamore,

664 615 799 671 eque
827 574 1039 667 pulvere
1064 594 1154 665 qui
1181 589 1458 652 emittitur,
1492 594 1601 639 tum
1630 598 1697 637 ex
1728 580 1801 671 iis,
1820 574 2235 671 qui-impellunt,

665 665 752 758 qui
774 665 880 742 vim
904 686 1116 749 faciunt,
1137 682 1226 753 qui
1248 693 1426 735 coram
1449 672 1754 730 mulieribus
1774 668 1990 758 delicias
2013 665 2235 758 faciunt,

670 753 943 833 utilitatem
966 772 1209 843 colligis?
1234 767 1392 835 Atqui
1414 765 1509 845 .hic
1531 761 1742 833 quidem
1768 760 1937 828 ipsum
1960 753 2238 845 Dominum

671 867 975 936 angelorum
1005 842 1191 917 omnes
1216 842 1484 929 propheta:
1500 854 1849 918 doctoresque
1871 859 2032 913 super
2048 842 2237 936 solium

666 934 934 1015 excelsum
960 965 1015 1010 et
1039 954 1300 1008 elevatum
1326 946 1627 1006 ostendunt,
1654 941 1821 1009 iisque
1842 936 1931 1008 qui
1952 934 2095 1004 digni
2119 939 2241 987 sunt

668 1050 847 1105 bravia
872 1053 925 1100 et
950 1058 1175 1100 coronas
1198 1039 1617 1099 distribuentem,
1643 1029 1873 1100 indignis
1892 1042 2020 1082 vero
2041 1024 2243 1096 gehen-

670 1154 790 1195 nam
831 1147 885 1193 et
921 1137 1094 1207 ignem
1135 1133 1525 1201 assignantem;
1572 1136 1625 1180 et
1662 1124 1774 1192 ipse
1803 1121 1960 1175 etiam
1989 1117 2241 1207 Dominus

670 1231 773 1285 hoc
800 1205 1095 1284 conﬁrmat.
1144 1219 1405 1291 Numquid
1447 1218 1560 1272 ha‘c
1584 1214 1795 1286 quidem
1825 1209 2121 1266 contemnis
2143 1248 2159 1274 ,
2187 1205 2240 1259 in

666 1322 854 1392 quibus
885 1319 1041 1374 etiam
1065 1312 1398 1370 conscientia:
1426 1318 1599 1362 terror
1626 1314 1726 1369 est,
1752 1312 1806 1357 et
1834 1300 2089 1355 factorum
2116 1297 2237 1352 red~

668 1413 874 1483 argutio
921 1411 1287 1475 rationmnque
1335 1396 1723 1456 reddendorum
1752 1393 2097 1483 anxietas,_et
2120 1403 2244 1457 sup-

668 1480 881 1571 plicium
908 1494 1210 1553 inevitabile
1237 1511 1250 1546 :
1280 1502 1335 1546 ut
1357 1499 1532 1545 autem
1554 1485 1834 1540 absurdam
1858 1480 2095 1571 invenias
2120 1493 2245 1548 spe-

671 1570 997 1645 ctaculorum
1023 1626 1038 1649 ,
1080 1584 1270 1653 quibus
1298 1591 1585 1649 suspensus
1613 1573 1805 1638 inhias,
1825 1570 2240 1632 excusationem,

670 1678 804 1732 dicis
836 1684 887 1731 te
915 1675 1193 1730 utilitatem
1219 1684 1410 1740 capere
1439 1683 1505 1722 ex
1535 1666 1613 1719 his
1632 1704 1649 1731 ,
1678 1680 1740 1718 ex
1770 1660 1961 1731 quibus
1985 1660 2245 1729 jacturam

673 1767 869 1837 pateris
915 1759 1389 1819 inconsolabilem?
1436 1759 1583 1827 Rogo
1626 1754 1784 1810 etiam
1834 1762 1993 1821 atque
2039 1751 2243 1805 etiam:

672 1860 1022 1925 obsecroque,
1052 1868 1120 1908 ne
1147 1850 1516 1908 excusationes
1545 1859 1857 1901 excusemus
1883 1844 1933 1896 in
1969 1841 2198 1911 peccatis
2227 1858 2241 1895 :

673 1956 959 2018 prmtextus
997 1946 1136 2000 enim
1176 1944 1274 1999 ista
1314 1949 1437 1995 sunt
1473 1955 1534 1994 ac
1570 1938 1810 2005 deceptio
1833 1976 1846 1999 ,
1878 1935 2070 2003 quibus
2096 1933 2249 1987 nobis

676 2038 804 2105 ipsis
834 2037 1082 2091 damnum
1110 2035 1448 2089 acccrsimus.
1478 2029 1676 2085 Verum
1708 2027 1773 2081 de
1804 2026 1885 2079 his
1915 2024 2128 2094 quidem
2155 2023 2250 2077 ha-

672 2137 857 2182 ctenus
889 2144 901 2178 :
935 2134 1143 2193 tempus
1173 2130 1348 2176 autem
1379 2129 1460 2173 est
1486 2128 1542 2171 ut
1566 2118 1673 2187 jam
1714 2115 1777 2169 ad
1808 2114 2038 2185 priorem
2070 2128 2248 2167 recuro

673 2229 850 2270 ramus
886 2213 1297 2267 admonitionem
1321 2250 1334 2273 ,
1363 2218 1523 2278 atque
1567 2216 1623 2260 ut
1651 2207 1830 2274 paucis
1866 2204 1930 2257 de
1960 2217 2022 2257 ea
2049 2200 2249 2271 loquuti

675 2306 908 2361 debitum
946 2302 1167 2358 orationi
1200 2302 1356 2355 linem
1384 2300 1736 2366 imponamus.
1777 2294 1957 2363 Neque
1981 2293 2119 2347 enim
2148 2292 2249 2345 hoc

678 2396 847 2451 solum
876 2404 1143 2464 peccatur,
1171 2390 1309 2461 quod
1335 2404 1452 2459 qua:
1480 2388 1564 2440 hic
1590 2386 1720 2439 ﬁunt
1748 2399 1931 2453 parum
1960 2396 2055 2451 pro
2081 2381 2251 2451 digni-

680 2495 785 2540 tate
827 2494 1187 2555 peraguntur,
1228 2494 1411 2535 verum
1455 2477 1613 2530 etiam
1652 2475 1785 2527 alius
1826 2472 2036 2541 quidam
2074 2470 2251 2539 gravis

683 2574 990 2629 obambulat
1031 2574 1049 2604 ί
1094 2571 1329 2625 morbus.
1376 2567 1504 2633 Quis
1546 2564 1755 2618 tandem
1797 2563 1931 2616 iste?
1974 2561 2122 2628 Quod
2164 2560 2253 2629 qui

682 2671 1066 2734 proposuerunt
1093 2676 1212 2715 cum
1248 2660 1359 2714 Deo
1384 2656 1649 2725 colloqui,
1679 2656 1832 2724 eique
1869 2653 2089 2723 gloriam
2117 2651 2252 2705 refe-

681 2763 806 2807 runt
826 2753 868 2817 ',
908 2766 1033 2807 mox
1074 2750 1174 2804 hoc
1203 2748 1399 2803 omisso
1430 2761 1583 2800 suum
1615 2745 1835 2813 quisque
1864 2744 2091 2796 vicinum
2118 2741 2253 2794 arri-

684 2845 868 2913 piunt,
899 2842 1248 2910 ordinautque
1285 2854 1374 2894 res
1400 2836 1719 2893 domesticas
1742 2871 1757 2900 ,
1785 2848 2008 2902 qumque
2040 2832 2170 2885 fiunt
2200 2833 2252 2885 in

687 2935 828 3002 foro,
852 2949 969 3003 qua:
992 2934 1042 2986 in
1070 2930 1281 3000 populo,
1304 2944 1421 2999 qua:
1448 2930 1499 2982 in
1522 2926 1759 2990 theatris,
1785 2940 1901 2994 qua:
1923 2926 1973 2978 in
1995 2924 2250 2991 exercitu,

686 3033 741 3079 et
768 3022 1030 3093 quomodo
1056 3021 1156 3075 alia
1186 3019 1398 3088 quidem
1426 3026 1548 3071 sunt
1577 3015 1936 3070 administrata
1960 3053 1977 3080 ,
2007 3013 2105 3067 alia
2134 3029 2255 3068 rur-

685 3127 777 3166 sus
804 3111 1055 3182 neglecta,
1085 3118 1140 3164 et
1167 3108 1291 3179 quid
1316 3108 1367 3161 in
1393 3104 1638 3176 gerendis
1665 3104 1823 3157 rebus
1846 3103 1965 3171 plus
1989 3102 2116 3156 satis
2141 3100 2256 3155 fue-

685 3204 792 3268 rit,
823 3202 945 3271 quid
976 3200 1290 3255 diminutum
1322 3215 1334 3250 :
1367 3198 1419 3252 in
1449 3209 1655 3252 summa
1678 3234 1692 3258 ,
1732 3192 1799 3247 de
1829 3192 1986 3247 rebus
2013 3191 2258 3245 omnibus

686 3292 771 3347 vel
811 3291 1035 3361 publicis
1059 3329 1073 3355 ,
1105 3290 1189 3344 vel
1228 3288 1479 3358 privatis,
1514 3285 1603 3341 hic
1639 3284 2029 3353 colloquuntur.
2064 3281 2129 3335 Et
2155 3296 2258 3350 qua

684 3382 895 3436 tandem
928 3379 1077 3433 venia
1104 3379 1259 3447 digna
1289 3386 1410 3431 sunt
1434 3375 1568 3430 ista?
1597 3374 1755 3443 Atqui
1792 3376 1833 3427 is
1864 3373 1952 3442 qui
1977 3388 2097 3427 cum
2135 3387 2258 3439 rege

689 3480 900 3525 terreno
921 3468 1261 3535 colloquitur,
1292 3464 1357 3519 de
1383 3464 1463 3516 his
1489 3470 1691 3517 tantum
1719 3462 1878 3515 verba
1905 3462 2026 3515 facit
2051 3460 2118 3514 de
2142 3460 2259 3529 quia

688 3560 788 3614 bus
811 3559 899 3614 ille
931 3558 1156 3611 voluerit
1188 3555 1369 3609 audire
1392 3594 1407 3620 ,
1438 3562 1492 3608 et
1516 3552 1584 3607 de
1612 3550 1802 3622 quibus
1829 3566 1917 3605 rex
1950 3550 2103 3605 fuerit
2134 3565 2258 3619 per-

685 3658 964 3709 contatus;
1008 3646 1152 3715 quod
1198 3646 1242 3698 si
1283 3644 1401 3713 quis
1441 3644 1580 3697 ausit
1619 3641 1816 3711 aliquid
1860 3641 2077 3711 injicere
2105 3655 2258 3695 secus

692 3757 846 3813 quam
875 3741 959 3795 ille
986 3740 1111 3793 velit
1130 3780 1144 3803 ,
1174 3746 1412 3792 extremo
1438 3734 1695 3804 supplicio
1719 3732 1979 3788 afﬁcietur
2008 3749 2021 3784 :
2052 3741 2106 3786 tu
2135 3748 2260 3787 vero

692 3850 810 3889 cum
852 3833 994 3901 Rege
1029 3845 1207 3899 regum
1241 3828 1545 3898 colloquens
1569 3868 1583 3894 ,
1617 3826 1702 3880 eui
1730 3840 1850 3879 cum
1882 3832 2111 3878 tremore
2144 3840 2259 3878 ser-

692 3931 839 3983 viunt
865 3926 1059 3996 angeli,
1081 3924 1277 3978 omisso
1297 3936 1418 3975 cum
1439 3921 1529 3974 illo
1550 3928 1725 3989 empto
1744 3932 2010 3981 sermone,
2034 3917 2101 3971 de
2126 3917 2257 3980 luto,

691 4019 759 4073 de
796 4018 1043 4086 pulvere,
1074 4013 1141 4067 de
1170 4013 1290 4066 telis
1318 4025 1627 4063 aranearum
1656 4006 1924 4077 loqueris?
1953 4005 2088 4059 Nihil
2119 4007 2261 4059 enim

694 4106 835 4160 aliud
863 4113 985 4157 sunt
1012 4104 1164 4170 hujus
1191 4102 1309 4154 vita:
1338 4100 1563 4168 negotia.
1599 4098 1661 4151 Et
1686 4095 1950 4166 quomodo
1977 4096 2262 4150 sustinebis

692 4198 844 4249 istius
868 4201 1198 4259 contemptus
1226 4205 1435 4259 paznam
1452 4190 1483 4241 'I-
1501 4189 1620 4258 quis
1643 4197 1819 4242 autem
1847 4197 1897 4242 te
1923 4187 1990 4242 ab
2020 4187 2119 4241 hac
2142 4188 2261 4240 vin-

692 4286 829 4341 dicta
860 4282 1143 4340 liberabit?

763 4377 1059 4446 Principum
1101 4372 1399 4443 negligentia
1432 4385 1565 4441 sirpe
1589 4368 1812 4423 nascitur
1838 4384 1897 4421 ea:
1922 4368 2072 4436 culpa
2098 4384 2262 4437 popa-

691 4470 751 4525 li.
784 4498 853 4509 —
898 4468 1091 4522 Verum
1119 4463 1255 4518 haud
1282 4471 1426 4516 recte
1447 4477 1505 4515 sc
1535 4460 1757 4521 habent,
1789 4458 2055 4526 inquiunt,
2084 4459 2261 4525 reipu-

693 4559 846 4612 blica:
872 4557 1076 4626 ncgmia
1096 4596 1109 4619 ,
1140 4555 1208 4608 de
1234 4553 1315 4605 his
1345 4552 1650 4620 plerumque
1680 4548 1977 4615 loquimur,
2006 4553 2059 4597 et
2082 4544 2149 4598 de
2180 4544 2262 4598 his

694 4648 903 4701 solliciti
949 4647 1197 4715 anxiique
1234 4658 1436 4697 sumus.
1464 4640 1600 4707 Quid
1642 4647 1815 4692 autem
1848 4638 1899 4690 in
1930 4636 2125 4691 causa?
2157 4635 2263 4690 Eo-

692 4752 808 4791 rum
833 4776 847 4799 ,
875 4736 1148 4804 inquiunt,
1171 4736 1258 4803 qui
1282 4734 1641 4801 magistratum
1662 4738 1850 4794 gerunt
1867 4770 1882 4794 ,
1907 4729 2259 4797 incogitantia.

694 4825 803 4878 Non
841 4830 926 4876 est
954 4821 1335 4891 magistatuum
1362 4817 1711 4887 incogitantia
1735 4856 1749 4881 ,
1782 4818 1874 4872 sed
1905 4827 2081 4871 nostra
2127 4817 2267 4885 inju-

692 4914 857 4979 stitia,
884 4920 937 4967 et
974 4925 1130 4981 paena
1159 4916 1241 4964 est
1281 4922 1375 4976 pro
1405 4906 1600 4959 nostris
1625 4906 1915 4961 sceleribus
1943 4914 2144 4961 exacta.
2175 4908 2267 4962 Illa

694 5012 882 5057 cuncta
908 5015 1115 5057 sursum
1138 4999 1383 5053 deorsum
1407 4996 1650 5061 miscuit,
1676 4994 1762 5047 illa
1792 4996 2043 5065 quidquid
2073 5007 2156 5051 est
2180 5012 2273 5051 ca-

696 5093 985 5146 lamitatum
1016 5089 1249 5151 invexit,
1293 5088 1375 5141 illa
1418 5086 1643 5139 armavit
1680 5084 1895 5150 hostes,
1944 5087 2028 5140 illa
2059 5087 2183 5141 fecit
2210 5097 2269 5142 ut

696 5182 817 5236 victi
848 5182 1261 5236 discederemus.
1292 5177 1407 5231 Non
1434 5174 1641 5229 aliunde
1670 5174 1823 5227 nobis
1849 5174 2107 5229 malorum
2139 5191 2265 5229 exa-

694 5288 815 5327 men
847 5270 1112 5324 inundavit
1132 5310 1147 5333 ,
1176 5283 1332 5338 quam
1353 5282 1417 5321 ex
1441 5264 1539 5318 hac
1562 5278 1737 5317 causa.
1770 5262 1997 5317 Proinde
2026 5265 2266 5332 quamvis

698 5362 958 5417 Abraham
977 5360 1240 5429 quispiam
1260 5366 1400 5411 esset
1421 5356 1507 5425 qui
1532 5356 1815 5424 imperaret
1839 5394 1851 5416 ,
1895 5355 2134 5422 quamvis
2160 5355 2268 5408 Μοο

696 5467 783 5507 ses
802 5493 815 5515 ,
845 5450 1079 5520 quamvis
1111 5447 1271 5501 David
1289 5488 1305 5508 ,
1330 5446 1571 5516 quamvis
1599 5442 1846 5499 Salomon
1875 5443 1960 5497 ille
1987 5444 2271 5512 sapientis-

696 5546 862 5597 simus
880 5580 894 5607 ,
916 5538 1153 5610 quamvis
1173 5536 1407 5591 omnium
1433 5536 1701 5589 hominum
1719 5533 2041 5602 justissimus
2065 5551 2077 5587 :
2106 5536 2149 5589 si
2172 5551 2268 5591 nos

762 5675 777 5705 ¹
817 5672 965 5731 Alius,
983 5668 1196 5726 invaluit,
1217 5679 1320 5729 pro,
1345 5663 1633 5734 obambulat.
1702 5724 1713 5734 ο
1857 5722 1868 5734 ⁸
1931 5724 1941 5733 ,

765 5737 785 5764 ³
812 5722 1127 5793 Δϋυέιωῡρι,
1145 5722 1280 5794 etth
1297 5722 1525 5786 serviwu,
1545 5739 1649 5787 pro,
1666 5724 1803 5789 eique
1819 5722 2020 5788 gloriam
2037 5728 2263 5791 referunt.

1384 388 1442 446 S.
1480 381 1754 443 JOANNIS
1789 369 2256 435 CllRYSOSTOMI
2294 370 2613 426 ARClllEP.
2653 368 3181 427 CONSTANTINOP.

3829 372 3935 428 104

2344 484 2480 538 male
2518 485 2775 548 vivimus,
2811 485 2939 539 nihil
2971 486 3192 541 interest
3218 484 3391 557 qualis
3422 481 3514 541 ille
3541 483 3637 550 sit,
3674 496 3926 557 quantum

2342 573 2408 627 ad
2435 590 2649 628 causam
2674 576 2953 630 malorum.
2983 574 3083 641 Qui
3110 577 3189 630 sic
3210 618 3225 642 ,
3253 585 3343 631 aut
3365 576 3569 647 quare?
3597 575 3858 643 Quoniam
3884 577 3928 633 si

2346 673 2704 735 transgressor
2726 665 2901 735 legum
2924 665 3083 721 fuerit
3101 708 3116 732 ,
3139 667 3185 721 si
3209 675 3409 721 temere
3433 667 3683 737 nulloque
3706 667 3928 722 consilio

2345 756 2578 821 feratur,
2609 766 2790 812 nostra
2820 758 3161 828 incogitantia
3193 768 3479 828 nostraque
3505 759 3778 814 temeritas
3804 759 3929 815 effe-

2345 846 2417 899 cit
2438 886 2451 908 ,
2482 854 2538 899 ut
2564 846 2721 901 talem
2748 846 3115 917 magistratum
3144 847 3461 903 haberemus
3480 888 3496 914 ,
3523 856 3703 903 nostra
3729 848 3926 904 scelera

2348 935 2551 1004 plagam
2572 935 2949 989 accersierunt.
2978 936 3113 991 Nam
3136 936 3277 1006 quod
3320 936 3606 991 secundum
3646 937 3806 992 corda
3835 952 3929 992 no-

2347 1036 2455 1081 stra
2484 1027 2771 1096 accipimus
2799 1028 3136 1098 magistratus
3164 1028 3296 1083 nihil
3324 1028 3466 1083 aliud
3505 1040 3618 1096 est,
3643 1030 3746 1085 nisi
3790 1030 3927 1098 quod

2348 1118 2613 1187 pmterita
2666 1127 2880 1186 peccata
2920 1126 3101 1173 nostra
3147 1119 3303 1173 talem
3335 1118 3488 1173 nobis
3516 1118 3710 1174 dedere
3739 1118 3926 1189 praeie-

2347 1217 2492 1264 ctum
2513 1250 2529 1274 ,
2566 1208 2678 1263 sive
2709 1210 2825 1277 quis
2849 1206 3007 1263 fuerit
3034 1225 3101 1263 ex
3128 1209 3316 1264 ordine
3346 1209 3694 1275 sacerdotali,
3724 1210 3839 1265 sive
3870 1223 3932 1263 ex

2347 1315 2532 1355 eorum
2554 1316 2776 1355 numero
2800 1302 2887 1371 qui
2913 1301 3207 1355 mundanas
3230 1302 3599 1356 administrant
3623 1302 3925 1370 dignitates.

2347 1389 2599 1457 Quamvis
2640 1398 2817 1445 autem
2855 1389 3029 1459 justus
3078 1389 3270 1455 fuerit,
3323 1390 3564 1460 adeoque
3610 1390 3823 1459 justus,
3869 1401 3928 1446 It

2348 1495 2516 1549 usque
2544 1480 2610 1534 ad
2650 1480 2810 1535 Musis
2837 1481 3083 1535 virtutem
3108 1481 3390 1551 pertingat,
3415 1481 3551 1536 haud
3585 1493 3760 1539 tamen
3791 1483 3927 1538 illius

2349 1571 2503 1624 unius
2546 1570 2750 1639 iustitia
2797 1571 3054 1626 immensa
3082 1572 3099 1602 ¹
3130 1570 3459 1626 subditorum
3494 1583 3708 1641 peccata
3738 1573 3929 1628 valebit

2348 1661 2640 1731 obtegere:
2685 1662 2844 1732 idque
2872 1662 3068 1732 poterit
3097 1663 3216 1733 quis
3241 1678 3309 1717 ex
3335 1664 3450 1733 ipso
3478 1664 3622 1720 Mose
3661 1675 3811 1720 certo
3836 1679 3927 1720 co-

2349 1768 2625 1823 gnoscere.
2655 1753 2790 1808 Cum
2818 1755 2962 1809 enim
2984 1755 3070 1809 ille
3092 1754 3274 1809 multis
3304 1755 3476 1809 modis
3500 1754 3728 1813 afﬂictus
3747 1756 3929 1812 fuisset

2354 1860 2449 1914 pro
2479 1843 2635 1899 Israel
2654 1886 2668 1909 ,
2702 1846 3062 1915 instanterque
3098 1845 3239 1915 apud
3269 1846 3437 1900 Deum
3462 1846 3844 1916 supplicasset,
3874 1857 3930 1901 ut

2354 1944 2552 1989 terram
2594 1936 2907 2004 promissam
2954 1935 3008 1989 in
3049 1944 3250 1989 sortem
3294 1935 3399 1990 illis
3442 1937 3710 2004 traderet,
3758 1947 3926 1992 tamen

2352 2026 2599 2095 quoniam
2640 2040 2700 2080 se
2738 2026 2961 2094 populus
2988 2025 3099 2079 suis
3138 2025 3370 2095 peccatis
3398 2025 3697 2080 reddiderat
3721 2026 3793 2081 ab
3835 2027 3929 2083 hac

2355 2115 2685 2183 promissone
2708 2115 2938 2169 alienum
2958 2155 2975 2180 ,
3000 2129 3106 2169 non
3135 2115 3302 2183 potuit
3332 2114 3492 2169 Mosis
3528 2114 3833 2183 deprecatio
3853 2117 3931 2187 ju-

2354 2214 2491 2258 stam
2521 2206 2614 2259 Dei
2644 2206 2957 2259 sententiam
2998 2205 3312 2272 immutare,
3340 2219 3447 2275 quo
3486 2204 3683 2260 factum
3707 2216 3765 2261 ut
3793 2216 3930 2262 totus

2354 2293 2440 2345 ille
2466 2293 2689 2361 populus
2732 2294 2783 2346 in
2810 2293 3024 2348 deserto
3054 2301 3498 2362 prosterneretur.
3528 2295 3774 2349 Attamen
3817 2297 3933 2366 quis

2353 2381 2738 2449 Mosejnstior,
2767 2391 2858 2435 aut
2901 2382 3019 2452 quis
3064 2382 3180 2451 plus
3225 2384 3391 2437 valuit
3414 2384 3551 2453 apud
3609 2385 3814 2440 Deum?
3844 2386 3932 2441 Di-

2353 2481 2496 2524 ctum
2523 2480 2637 2534 est,
2663 2471 2840 2526 valere
2875 2470 3006 2539 justi
3044 2472 3502 2540 deprecationem,
3530 2474 3623 2528 sed
3663 2474 3931 2529 efficacem

2357 2560 2496 2629 (Jac.
2516 2562 2569 2615 5.
2600 2561 2711 2629 ib),
2730 2561 2829 2617 hoc
2854 2571 2955 2628 est,
2978 2562 3285 2631 poenitentia
3311 2564 3761 2636 conversioneque
3782 2564 3931 2634 adju-

2358 2664 2462 2706 tam
2492 2668 2673 2708 eorum
2694 2692 2710 2719 ,
2754 2669 2851 2723 pro
2877 2654 3069 2724 quibus
3112 2653 3365 2709 funditur.
3413 2655 3507 2710 His
3535 2672 3663 2711 vero
3685 2698 3701 2724 ,
3746 2658 3934 2727 quibus

2358 2759 2533 2798 mores
2572 2754 2787 2801 manent
2825 2744 2941 2801 sine
2988 2745 3298 2814 paenitentia
3328 2745 3562 2816 citraque
3587 2748 3778 2802 bonam
3805 2764 3933 2805 eoa-

2357 2836 2652 2889 versionem
2671 2876 2686 2899 ,
2713 2835 2979 2904 quomodo
3002 2836 3168 2905 possit
3186 2836 3428 2891 auxiliari
3446 2837 3571 2908 justi
3590 2838 3898 2908 deprecatio
3916 2878 3931 2905 ,

2356 2938 2475 2977 cum
2508 2923 2584 2976 illi
2613 2924 2711 2992 ipsi
2741 2924 2849 2979 suis
2875 2924 3025 2977 factis
3052 2924 3352 2978 obsistunt?

2433 3014 2485 3069 5.
2517 3013 2585 3068 Et
2603 3014 2727 3084 quid
2746 3029 3228 3070 commemoramus
3248 3016 3349 3091 hoc
3366 3016 3620 3073 accidisse
3645 3018 3741 3073 toti
3766 3022 3934 3089 popa-

2359 3102 2411 3156 lo
2439 3103 2706 3171 peccanti,
2751 3119 2871 3158 cum
2912 3113 2965 3159 et
3009 3119 3294 3173 paucorum
3322 3105 3655 3162 subditorum
3684 3118 3932 3179 peccata,

2362 3198 2467 3247 imo
2488 3194 2640 3247 unius
2658 3208 2819 3263 saepe,
2839 3194 2981 3263 juste
3002 3194 3371 3264 imperantium
3390 3195 3630 3251 fiduciam
3653 3200 3936 3268 superent?

2361 3288 2533 3355 Atque
2576 3284 2677 3339 hoc
2718 3298 2901 3339 rursus
2939 3299 3004 3339 ex
3047 3285 3239 3340 eodem
3276 3285 3470 3355 populo
3500 3286 3788 3343 Israelitico
3817 3304 3937 3359 per-

2362 3376 2551 3443 spicias
2582 3374 2795 3441 licebit;
2841 3375 3107 3446 quomodo
3133 3376 3339 3432 scilicet
3376 3376 3521 3433 Mose
3562 3379 3937 3449 rempublicam

2361 3464 2764 3519 administrante
2783 3505 2796 3528 ,
2827 3479 2945 3519 cum
2975 3466 3028 3519 in
3055 3473 3251 3520 terram
3276 3466 3689 3537 alienigenarum
3718 3468 3939 3541 irrupisv

2363 3564 2512 3622 sent,
2543 3570 2874 3626 pugnamque
2894 3573 3016 3612 cum
3030 3559 3133 3613 illis
3146 3560 3561 3626 commisissent,
3582 3559 3794 3628 Quidam
3824 3560 3938 3614 illo-

2363 3663 2481 3702 rum
2527 3648 2849 3702 insanientes
2892 3648 2945 3702 in
2985 3648 3195 3703 illorum
3239 3648 3515 3715 mulieres,
3560 3651 3718 3706 totius
3762 3652 3938 3723 pepuli

2362 3737 2568 3793 cladem
2591 3737 2912 3809 exitiumque
2934 3738 3269 3795 invexerunt.

2437 3830 2666 3884 Historia
2696 3832 2883 3883 Achar.
2904 3830 2939 3883 J
2943 3847 3053 3886 esus
3068 3831 3219 3887 Nave
3238 3832 3400 3902 ﬁgura
3422 3831 3545 3886 Jesu
3570 3830 3775 3888 Christi.
3804 3833 3941 3887 Aua-

2366 3921 2533 3974 thema
2555 3922 2696 3990 quid.
2724 3919 2887 3976 Unius
2922 3921 3196 3990 aliquando
3221 3930 3477 3991 peccatum
3498 3923 3589 3976 toti
3613 3925 3801 3994 papula
3830 3924 3941 3976 rin-

2366 4011 2553 4065 dictam
2597 4010 3121 4066 accersit.—Simile
3149 4012 3419 4081 quidpiam
3466 4012 3516 4065 in
3564 4028 3670 4065 uno
3724 4013 3937 4078 accidit,

2367 4102 2611 4156 videlicet
2654 4101 2849 4165 Achar,
2880 4102 2969 4170 qui
2994 4116 3115 4156 cum
3145 4103 3348 4157 variam
3371 4118 3435 4157 ex
3462 4103 3805 4158 anathemate
3832 4112 3940 4158 sto-

2370 4194 2473 4247 lam
2500 4192 2832 4258 sustulisset,
2867 4194 3029 4247 etiam
3058 4192 3316 4248 adversus
3362 4194 3612 4263 populum
3660 4194 3795 4249 iram
3849 4195 3937 4249 Dei

2368 4283 2640 4339 succendit
2664 4282 2840 4354 (Iosue
2860 4283 2935 4354 7).
2961 4283 3178 4345 Verum.
3198 4293 3253 4337 ut
3268 4284 3513 4353 conjicio,
3531 4284 3799 4341 nonnullis
3816 4300 3942 4355 pra:-

2368 4376 2595 4429 sentium
2627 4376 2801 4443 ignota
2830 4383 2911 4428 est
2934 4374 3049 4428 haec
3075 4375 3315 4429 historia.
3343 4374 3696 4441 Quamobrem
3724 4388 3942 4430 necesse

2368 4471 2468 4526 est,
2500 4472 2556 4515 ut
2583 4463 2764 4531 paucis
2788 4462 2855 4515 de
2879 4462 2979 4515 hac
3007 4463 3278 4530 loquutus,
3305 4471 3361 4517 et
3383 4464 3612 4519 scientes
3634 4478 3943 4519 commone-

2370 4552 2579 4619 faciam,
2610 4561 2665 4607 et
2692 4554 2987 4609 nescientes
3010 4551 3254 4607 doceam.
3287 4554 3462 4608 Achar
3484 4555 3657 4624 itaque
3680 4555 3779 4609 fuit
3809 4569 3943 4609 unus

2370 4657 2433 4697 ex
2461 4657 2643 4698 eorum
2674 4658 2897 4697 numero
2927 4643 3015 4712 qui
3059 4656 3180 4697 cum
3206 4642 3333 4696 Jesu
3357 4642 3502 4697 Nave
3532 4644 3793 4699 transiere
3827 4634 3943 4699 Jor-

2371 4732 2580 4796 danem,
2605 4736 2696 4803 qui
2714 4735 2874 4791 Jesus
2898 4735 3077 4789 fuerat
3102 4741 3227 4788 ante
3252 4733 3343 4787 Dei
3367 4732 3564 4802 judicio
3583 4733 3824 4790 delectus
3844 4776 3859 4799 ,
3888 4743 3942 4788 ut

2373 4824 2536 4894 Moysi
2561 4822 2886 4887 succederet,
2932 4823 3127 4893 quique
3159 4833 3339 4894 typum
3377 4839 3441 4878 ac
3484 4826 3702 4894 figuram
3727 4827 3943 4897 gerebat

2374 4915 2483 4968 veri
2516 4914 2811 4968 Servatoris
2849 4914 3013 4969 nostri
3056 4913 3181 4969 Jesu
3229 4913 3441 4969 Christi.
3488 4914 3938 4984 Quemadmodum

2373 5007 2514 5061 enim
2547 5008 2635 5060 ille
2658 5022 2689 5060 e
2717 5006 2934 5061 deserto
2957 5021 3051 5075 per
3076 5005 3365 5062 Jordanem
3404 5008 3457 5063 in
3486 5015 3679 5062 terram
3716 5008 3940 5077 promis-

2372 5115 2485 5155 sam
2540 5098 2782 5168 perduxit
2824 5100 3101 5169 populant,
3144 5100 3224 5153 sic
3251 5108 3306 5155 et
3349 5100 3599 5156 Servatur
3644 5108 3827 5155 noster
3873 5114 3938 5154 ex

2374 5190 2681 5260 ignorantiae
2707 5199 2759 5244 et
2805 5188 3114 5243 idololatria:
3141 5190 3355 5246 deserto
3393 5206 3487 5261 per
3512 5198 3749 5245 sanctum
3768 5206 3835 5245 ac
3858 5206 3939 5245 sa-

2375 5280 2639 5335 lutiferam
2682 5278 2997 5347 baptismum
3027 5279 3081 5333 in
3126 5282 3392 5335 caelestem
3421 5279 3803 5350 Jerosolymam
3842 5296 3939 5335 nos

2377 5372 2624 5434 traduxit,
2656 5369 2722 5423 ad
2766 5378 2993 5424 matrem
3024 5370 3518 5440 primogenitorum,
3560 5370 3611 5423 in
3656 5386 3759 5440 qua
3796 5382 3938 5427 verre

2373 5464 2565 5532 quietis
2592 5471 2787 5532 paratae
2812 5469 2935 5516 sunt
2956 5462 3280 5526 mansiones,
3306 5460 3394 5516 ubi
3419 5461 3523 5516 vita
3554 5463 3814 5519 tumultus
3843 5480 3936 5519 ne-

2374 5558 2479 5610 scia
2510 5554 2851 5624 pacificaque.
2883 5554 2979 5608 Hic
3008 5555 3185 5625 itaque
3210 5568 3329 5609 cum
3351 5552 3467 5623 ejus
3500 5553 3693 5610 virtute
3715 5557 3803 5627 qui
3826 5557 3937 5625 jus-

2441 5731 2455 5761 ι
2495 5736 2619 5777 L'nus
2638 5725 2803 5785 habet,
2829 5732 3008 5783 nostra,
3032 5736 3138 5788 pro,
3160 5720 3408 5775 immensa.
