4056 6492
625 399 737 455 105

604 515 823 586 θρεύσει
857 527 883 554 ει
914 516 1061 586 ἡμᾶς
1108 515 1172 568 ἐκ
1205 515 1299 586 τῆς
1333 515 1456 586 γῆς.
1507 517 1872 581 Ἐπικίνδυνος
1900 523 1932 588 η
1970 519 2175 590 ἐντολὴ,

606 600 738 652 πολὺ
762 597 821 650 τὸ
844 598 940 667 τῆς
963 598 1248 666 ἀκριϐείας
1277 598 1369 651 τοῦ
1388 615 1446 650 τε
1474 600 1906 668 προστάσσοντος
1929 601 2062 653 Θεοῦ
2085 601 2177 654 καὶ

601 680 694 732 τοῦ
728 679 1142 750 νομοθετοῦντος
1172 679 1364 750 Ἰησοῦ.
1389 680 1514 743 Πῶς
1534 683 1642 752 γάρ
1665 683 1762 734 οὐκ
1776 678 1844 752 ἦν
1870 685 1927 736 ὲν
1939 683 2176 752 τοσούτῳ

603 761 796 833 πλήθει
839 763 912 832 μὴ
958 762 1337 832 παραϐαθῆναι
1381 762 1472 816 τὸν
1517 764 1677 833 νόμον
1725 764 1932 830 τοῦτον,
1967 765 2178 818 πολλῶν

601 845 767 897 ὄντων
793 844 901 897 τῶν
931 844 1314 898 συνωθούντων
1338 845 1474 916 πρὸς
1499 845 1689 909 τοῦτο;
1719 848 1789 898 Ἢ
1806 847 1914 917 γάρ
1932 846 1992 899 τὺ
2013 848 2180 900 ἀστά-

601 929 804 998 θμητον
839 929 933 981 καὶ
955 928 1014 980 τὸ
1038 927 1350 999 φιλοκερδὲς
1377 927 1470 980 τοῦ
1497 930 1691 998 δήμου,
1715 929 1747 999 ἢ
1768 929 1828 981 τὺ
1861 931 1935 999 μὴ
1970 931 2179 993 πάντας

601 1011 901 1081 κατηκόους
941 1011 1192 1078 γενέσθαι
1228 1012 1325 1081 τῆς
1361 1010 1718 1080 προτεθείσης
1757 1011 1995 1080 ἐντολῆς,
2050 1012 2083 1082 ἢ
2141 1014 2173 1081 ἡ

597 1094 836 1146 ποικιλία
855 1094 962 1145 τῶν
992 1093 1200 1146 σκύλων
1224 1093 1473 1162 καθάπερ
1499 1093 1690 1164 δέλεαρ
1703 1094 2059 1164 προκειμένη,
2083 1097 2177 1148 καὶ

593 1180 720 1239 τοὺς
751 1178 978 1246 φιλοκτή
990 1195 1156 1247 μονας
1186 1177 1536 1240 δελεάζουσα,
1559 1177 1797 1241 εὐκόλως
1829 1178 1895 1230 ἂν
1921 1178 2055 1248 πρὸς
2076 1178 2176 1247 τὴν

596 1259 907 1329 παράϐασιν
942 1259 1314 1329 παρώρμησεν
1342 1261 1391 1314 b.
1430 1260 1568 1312 Ἀλλ’
1597 1261 1746 1330 ὅμως
1775 1263 1804 1313 6
1835 1260 1998 1330 νόμος
2023 1253 2175 1324 οὗτος

595 1344 776 1412 ἐτέθη,
813 1343 906 1394 καὶ
952 1343 1089 1410 ὑπὲρ
1133 1341 1374 1411 κεφαλῆς
1421 1343 1450 1394 6
1479 1342 1578 1412 τῆς
1610 1343 1974 1413 παραϐάσεως
2007 1341 2172 1396 αὐτοῦ

593 1427 836 1487 κίνδυνος
861 1426 1268 1496 ὲπεκρεμάσθη.
1305 1427 1370 1478 Τί
1400 1422 1495 1479 οῦν
1529 1426 1666 1496 μετά
1701 1426 1896 1493 τοῦτο;
1926 1427 2176 1479 Κατέπε-

593 1528 685 1563 σον
710 1509 778 1561 τά
799 1509 974 1578 τείχη,
1008 1509 1102 1561 καὶ
1125 1509 1184 1562 ὲν
1211 1510 1368 1578 χερσὶ
1398 1508 1506 1561 τῶν
1533 1509 1965 1579 πολιορκούντων
1988 1509 2056 1561 τά
2075 1508 2175 1577 τῆς

593 1592 800 1655 πόλεως
847 1593 1062 1659 ἐγένετο
1098 1591 1297 1643 πάντα.
1332 1591 1539 1654 Παντὸς
1575 1592 1755 1644 τοίνυν
1785 1591 1881 1644 τοῦ
1916 1591 2045 1645 λαοῦ
2073 1593 2173 1661 τὴν

591 1673 809 1745 ἐντολὴν
847 1673 1050 1742 ταύτην
1083 1673 1488 1743 διατηροῦντος,
1519 1675 1552 1744 ἡ
1580 1674 1676 1727 τοῦ
1714 1675 1831 1737 ἐνὸς
1863 1671 2174 1742 παράϐασις

591 1761 670 1820 είς
709 1757 857 1811 ἅπαν
897 1755 959 1808 τὸ
1022 1754 1226 1823 πλῆθος
1269 1756 1367 1826 τὴν
1406 1755 1499 1809 τοῦ
1551 1756 1689 1810 Θεοῦ
1724 1757 1928 1827 ἀνῆψεν
1981 1755 2170 1826 ὀργήν.

603 1837 1116 1907 Ἐπλημμέλησαν
1155 1837 1284 1906 γάρ,
1309 1839 1494 1908 φησὶν,
1525 1837 1676 1910 [104]
1700 1841 1754 1892 οί
1783 1840 1898 1892 vlo!
1936 1838 2173 1906 Ἰσραὴλ

589 1921 1008 1990 πλημμέλειαν
1022 1920 1316 1990 μεγάλην,
1341 1921 1437 1974 καί
1461 1923 1891 1991 ἐνοσφίσαντο,
1918 1922 2016 1975 καὶ
2034 1923 2173 1975 ἐλα-

591 2008 698 2059 σον
728 2003 848 2058 ἀπὸ
882 2004 983 2058 τοῦ
1027 2001 1427 2072 ἀναθήματος,
1461 2002 1559 2057 καί
1587 2004 1805 2058 ἐλαϐεν
1833 2005 2011 2073 Ἀχαρ
2041 2004 2173 2069 υίὸς

591 2086 811 2155 Χαρμεῐ
836 2085 958 2140 ἀπὸ
998 2085 1106 2138 τοῦ
1137 2086 1538 2155 ἀναθήματος,
1574 2088 1674 2140 καί
1712 2084 1978 2156 ἐθυμώθη
2023 2085 2172 2155 ὀργῇ

591 2173 805 2240 Κύριος
823 2181 844 2209 ε
860 2169 986 2234 τοῖς
1009 2168 1163 2233 υίοῖς
1192 2169 1448 2238 Ἰσραήλ.
1476 2170 1586 2224 Καὶ
1619 2171 1724 2241 μὴν
1744 2167 1823 2234 εἷς
1850 2165 1918 2241 ἦν
1935 2173 1963 2224 6
1992 2170 2172 2240 πλημ-

593 2255 851 2325 μελήσας.
901 2251 1027 2315 Πῶς
1072 2247 1164 2305 οῦν
1213 2253 1645 2324 ἐπλημμέλησαν
1688 2254 1737 2305 οί
1788 2253 1893 2305 υίοὶ
1935 2253 2169 2323 Ἰσραὴλ,

589 2340 683 2392 καὶ
711 2335 969 2406 ὲθυμὼθη
1003 2334 1209 2406 Κύριος
1237 2337 1346 2398 τοῖς
1387 2337 1520 2398 υἱοῖς
1561 2334 1816 2406 Ἰσραήλς
1858 2336 2019 2405 Ὁρᾷς
2055 2336 2172 2400 πῶς

588 2427 621 2493 ἡ
668 2420 762 2474 τοῦ
811 2419 930 2482 ἑνὸς
977 2418 1221 2489 ἁμαρτία
1261 2421 1425 2471 παντὶ
1478 2417 1556 2488 τῷ
1608 2417 1724 2488 λαῷ
1761 2417 1858 2486 τὴν
1902 2419 2171 2489 τιμωρίαν

588 2505 949 2577 προεξένησες
989 2501 1105 2564 πῶς
1142 2501 1278 2571 πρὸς
1306 2501 1368 2553 τὸ
1399 2500 1600 2570 πλῆθος
1624 2502 1715 2554 τὸν
1747 2500 1878 2554 Θεὸν
1925 2501 2172 2566 ἐξεπολέ-

593 2605 804 2657 μωσεν;
845 2585 998 2638 Ἐπεὶ
1027 2580 1120 2637 οῦν
1140 2584 1201 2636 τὸ
1227 2584 1544 2654 παράνομον
1573 2583 1847 2655 ἐπράχθη,
1871 2585 1966 2638 καὶ⁵
1999 2585 2170 2648 οὐδεὶς

586 2669 655 2741 ἦν
689 2672 716 2722 6
745 2667 1022 2732 συνειδὼς,
1045 2667 1186 2737 πλὴν
1219 2665 1376 2736 μόνον
1411 2666 1504 2718 τοῦ
1539 2667 1607 2719 τὰ
1642 2666 1848 2738 κρύφια
1877 2667 2170 2734 γινώσκον-

585 2773 676 2818 τος
709 2753 867 2818 Θεοῦ,
895 2753 926 2821 ἡ
959 2751 1056 2819 μὲν
1080 2748 1320 2819 τιμωρία
1344 2748 1587 2818 ἔμελλεν,
1622 2752 1649 2802 6
1672 2749 1727 2802 δὲ
1751 2749 1961 2820 πράξας
1990 2750 2168 2814 τοῦτο,

587 2836 688 2890 κᾶν
714 2836 889 2888 ἐδόκει
926 2831 1230 2894 λανθάνειν,
1264 2832 1379 2883 ἀλλ’
1412 2832 1560 2901 ὅμως
1591 2831 1697 2884 ὐπό
1724 2832 1816 2885 τοῦ
1847 2833 2165 2896 συνειδότος,

587 2921 661 2984 ὡς
715 2919 818 2972 ὐπὸ
868 2917 1039 2988 πυρὸς
1105 2916 1447 2969 κατεκαίετο.
1484 2911 1654 2968 Ἦλθε
1703 2916 1882 2969 τοίνυν
1931 2915 2026 2966 καὶ⁵
2070 2916 2168 2985 τῆς

585 3003 814 3072 ἀπειλῆς
863 3001 892 3052 6
950 2999 1170 3070 καιρὸς,
1229 3000 1323 3051 καὶ
1381 2996 1476 3050 τοῦ
1535 2999 1772 3068 φανερὸν
1807 2998 2058 3064 γενέσθαι
2107 2998 2169 3050 τὸ

584 3087 906 3156 ἁμάρτημα.
939 3082 1278 3137 Ἀπέστειλε
1308 3081 1436 3151 γάρ,
1464 3081 1648 3151 φησὶν,
1683 3080 1918 3146 Ἰησοῦς
1946 3080 2169 3147 ἄνδρας

585 3171 704 3224 ἀπὸ
749 3167 964 3236 Ἰεριχὼ
995 3170 1081 3233 εις
1134 3165 1266 3218 Γαῐ.
1329 3166 1439 3218 Καὶ
1498 3165 1808 3230 ἀνέϐησαν
1854 3164 1982 3218 ἐκεῖ
2025 3165 2170 3219 ὡσεί

583 3254 904 3322 τρισχίλιοι
931 3251 1159 3317 ἄνδρες,
1189 3251 1287 3303 καί
1306 3250 1534 3317 ἔφυγον
1555 3247 1674 3302 ἀπὸ
1703 3247 2028 3315 προσώπου
2049 3247 2170 3301 τῶν

581 3336 820 3404 ἀνδρῶν
841 3335 972 3397 Γαῖ,
995 3335 1095 3387 καί
1125 3333 1490 3388 ἀπέκτειναν
1510 3331 1611 3385 ἀπ’
1629 3329 1829 3384 αὐτῶν
1852 3329 2170 3398 τριάκοντα

581 3420 680 3472 καί
710 3419 779 3482 ἐξ
818 3417 1063 3484 ἄνδρας,
1108 3417 1204 3468 καὶ
1238 3415 1580 3476 ἀπεδίωξαν
1607 3413 1850 3477 αὐτοὺς,
1889 3413 1986 3466 καί
2019 3431 2170 3468 συν·

581 3506 833 3572 ἐτριψαν
853 3501 1096 3564 αὐτοὺς,
1128 3500 1224 3552 καὶ
1254 3496 1518 3564 ἐπτοήθη
1549 3496 1587 3562 ἡ
1612 3496 1824 3564 καρδία
1855 3497 1962 3550 τοῦ
1988 3498 2164 3564 λαοῦ,

581 3587 679 3642 καί
710 3585 948 3655 ἐγένετο
979 3581 1180 3649 ὥσπερ
1207 3580 1383 3648 ὕδωρ.

655 3677 730 3736 ς’.
746 3672 888 3740 Ὅρα
910 3669 1039 3740 μιᾶς
1056 3665 1330 3736 ἁμαρτίας
1347 3663 1651 3734 εἴσπραξιν,
1673 3663 1775 3734 ὅρα
1797 3663 2010 3734 πληγὴν
2026 3665 2167 3717 ἀπα..

583 3753 916 3826 ραμύθητον.
970 3746 1066 3812 Εἷς
1112 3746 1528 3818 ἐπλημμέλησε,
1570 3746 1663 3799 καὶ
1690 3748 1773 3809 εἰς
1819 3748 2033 3799 ἅπαντα
2076 3747 2166 3826 τὸν

581 3822 751 3906 δῆμον
783 3837 810 3887 6
842 3834 1072 3894 θάνατος
1106 3831 1200 3883 καὶ
1245 3828 1478 3900 ήδειλία
1511 3827 1769 3882 ἐπέπεσε.
1817 3829 1882 3880 Τί
1911 3829 2092 3893 τοῦτο,
2121 3822 2167 3882 ὦ

582 3917 848 3988 φιλάγαθε
870 3915 1112 3968 Δέσποτα
1135 3931 1148 3977 ;
1185 3912 1256 3964 Σὺ
1285 3906 1336 3962 εἷ
1361 3911 1519 3980 μόνος
1538 3910 1765 3974 δίκαιος,
1789 3912 1882 3963 καὶ
1915 3910 2090 3972 εὐθεῖς
2109 3913 2164 3964 αί

581 4003 788 4074 κρίσεις
820 4017 933 4053 σου.
967 3999 1040 4049 Σὺ
1075 3996 1291 4064 ἑκάστῳ
1323 3993 1463 4047 κατὰ
1495 3992 1565 4045 τά
1598 3995 1773 4046 οίκεῖα
1805 3993 1942 4063 ἔργα
1972 3994 2165 4046 ἀπονέ-

583 4101 702 4154 μεις
748 4082 844 4152 τὴν
896 4080 1098 4152 κρίσιν.
1148 4078 1219 4130 Σὺ
1249 4078 1408 4148 ἔφης,
1461 4076 1834 4146 φιλάνθρωπε.
1872 4077 1930 4128 ὲν
1958 4078 2023 4146 τῇ
2061 4075 2165 4146 ἰδίᾳ

578 4167 809 4219 ἕκαστον
836 4161 1222 4216 ἀποθανεῖσθαι
1251 4160 1515 4231 ἁμαρτίᾳ,
1551 4160 1642 4212 καὶ
1681 4159 1754 4228 μὴ
1791 4161 1816 4197 α
1847 4158 2005 4213 ἄλλον
2044 4159 2166 4212 ἀντὶ

577 4250 736 4301 ἄλλον
771 4244 1276 4317 τιμωρηθήσεσθαι.
1308 4244 1414 4305 Τίς
1459 4240 1553 4295 οῦν
1597 4241 1737 4312 αὐτη
1777 4245 1811 4312 ἠ
1840 4243 2022 4295 δικαία
2070 4261 2162 4296 σου

579 4335 757 4401 ψῆφος
785 4349 799 4397 ;
833 4329 992 4382 Καλά
1022 4345 1114 4379 σου
1164 4327 1231 4379 τά
1258 4326 1456 4388 πάντα,
1491 4325 1684 4394 Κύριε,
1725 4327 1821 4378 καὶ
1851 4325 1972 4378 λίαν
2000 4325 2160 4389 καλὰ,

578 4418 672 4469 καὶ
702 4414 837 4486 πρὸς
868 4412 927 4465 τὸ
956 4410 1230 4481 συμφέρον
1251 4410 1381 4479 ἡμῖν
1408 4407 1852 4476 οἰκονομούμενα.
1887 4407 2047 4476 Λύμη
2079 4409 2164 4470 τίς

578 4503 714 4561 ἐστι,
761 4495 945 4566 φησὶν,
979 4495 1011 4564 ή
1052 4493 1297 4563 ἁμαρτία
1321 4507 1333 4520 ⁸
1381 4489 1574 4542 οὐκοῦν
1613 4489 2047 4559 ὲκπομπευέσθω
2075 4489 2161 4542 διὰ

577 4583 676 4650 τῆς
699 4578 971 4649 τιμωρίας
1002 4579 1081 4638 εἰς
1115 4577 1345 4636 πάντας,
1381 4573 1466 4624 ἵνα
1498 4571 1570 4641 μὴ
1601 4573 1726 4634 τούς
1759 4572 1963 4633 πάντας
1999 4589 2163 4624 κατα-

577 4664 907 4733 λυμήνηται,
937 4660 1024 4712 ἵνα
1045 4657 1262 4726 γνόντες
1285 4655 1458 4723 πόσην
1473 4655 1702 4724 ἀπειλὴν
1735 4653 1834 4724 μία
1853 4653 2162 4723 παράϐασις

579 4746 753 4807 ἔτεκε,
779 4742 996 4810 φύγωσι
1023 4742 1123 4809 τὴν
1151 4742 1213 4791 ὲκ
1244 4737 1504 4789 πλειόνων
1534 4737 1890 4806 ἀτελεύτητον
1920 4737 2158 4791 κόλασιν.

592 4827 734 4881 ’ίδῶν
761 4822 876 4888 οῦν,
903 4824 1086 4893 φησὶν,
1110 4824 1136 4873 6
1161 4819 1366 4889 Ἰησοῦς
1389 4819 1486 4888 τὴν
1513 4819 1882 4873 ἀνυπόστατον
1910 4819 2086 4889 φυγὴν
2112 4829 2158 4882 θ,

579 4908 826 4981 διέρρηξε
859 4906 928 4958 τὰ
973 4904 1162 4972 ἱμάτια
1207 4901 1392 4960 αὐτοῦ,
1425 4901 1517 4952 καὶ
1552 4901 1746 4954 ἔπεσεν
1784 4903 1876 4955 ἐπὶ
1907 4902 2004 4972 τὴν
2035 4904 2159 4971 γῆν,

579 4992 818 5052 ἐκείνους
837 4990 960 5049 τοὺς
989 4987 1216 5055 θρήνους
1239 4983 1555 5053 τραγῳδῶν,
1586 4983 1677 5045 οὓς
1703 4986 1735 5052 ἡ
1758 4983 1876 5035 θεία
1907 4986 2160 5054 σημαίνει

581 5076 790 5146 Γραφή.
815 5073 878 5124 Τί
913 5066 1003 5123 οὖν
1036 5071 1168 5138 πρὸς
1199 5065 1360 5119 αὐτὸν
1389 5067 1416 5116 6
1449 5065 1767 5133 Δεσπότηςς
1809 5064 2157 5134 Ἀνάστηθιο

579 5145 678 5210 ἵνα
719 5156 775 5207 τί
821 5154 972 5207 οὕτω
1009 5148 1483 5220 συμπέπτωκας,
1543 5145 1910 5215 Ἠμὰρτηκεν
1950 5153 1982 5202 ό
2010 5150 2160 5214 λαός

578 5257 714 5302 σου,
758 5238 855 5291 καί
903 5237 1132 5305 παρέϐη
1181 5233 1295 5300 τὴν
1327 5231 1621 5298 διαθήκην
1652 5247 1793 5298 μου,
1831 5232 1930 5284 καὶ
1968 5235 2040 5285 οὺ
2073 5231 2158 5300 μὴ

640 5456 664 5481 ⁸
693 5453 798 5502 Duo
840 5448 1156 5510 ἐξολοθρεύσῃ.
1207 5445 1331 5494 Infra
1357 5446 1698 5510 παραϐαθῆναι.
1747 5442 1802 5491 In
1838 5443 1965 5491 hanc
1990 5456 2158 5491 vocem

578 5523 716 5566 notat
735 5513 880 5560 Savil.
917 5512 966 5558 in
989 5507 1138 5568 marg.
1165 5524 1236 5569 γρ.
1273 5507 1664 5569 παραϐιασθῆναι.

643 5577 668 5618 b
701 5575 834 5624 Unus
856 5565 1119 5633 παράϐασιῦ
1138 5565 1463 5633 ἐξεκαλέσατο.
1488 5567 1614 5614 Ἀλλ’
1637 5567 1765 5627 ὅμως
1781 5567 1807 5613 6
1828 5565 1967 5626 νόμος
1991 5566 2154 5620 οὕτως.

580 5640 686 5688 Mox
714 5639 899 5695 aliquot
922 5630 1033 5695 inss3
1060 5630 1414 5695 ἀπεκρεμ-άσθηη
1488 5689 1497 5695 _
1574 5686 1583 5694 ,

643 5705 663 5731 ο
699 5688 834 5747 limis
856 5695 968 5756 ὀργὴ
996 5688 1194 5756 Κυρίου,
1213 5688 1360 5756 atque
1387 5690 1451 5736 ita
1488 5688 1610 5756 legi}
1633 5688 1876 5756 Ergsmpsl.

639 5762 665 5800 d
692 5749 1779 5818 Οιιίιιῐιυέςῐηεείάλλονιάντιτιμωρηθήσεοςθαε
1794 5749 1952 5811 ἑτέρου

641 5827 664 5854 θ
682 5806 778 5876 Ἰτήν
798 5806 1118 5865 ἀνυπόστατον
1140 5811 1299 5872 φυγήν.
1331 5806 1557 5876 Ετείειῐὶυξ
1579 5811 1742 5866 vertit,
1755 5806 1920 5872 fuga'm
1942 5806 2045 5876 s_isli
2065 5821 2157 5876 ηοη

577 5869 806 5942 ροεεείλι
829 5877 1036 5942 όιιὶὶίζπὶ
1065 5869 1316 5942 ροιοςῑιωη
1344 5885 1399 5919 ea
1422 5869 1760 5942 si'LChrysos};
1780 5869 1936 5917 niens.
1962 5869 2156 5942 ’Aywté-

577 5930 749 5994 δ’τατον
778 5941 924 6002 φυγήν
944 5930 1217 6002 ίόΓίένειἹί
1241 5943 1424 5994 posset,
1448 5930 1612 5993 fugam
1634 5930 1773 5995 cujus
1792 5932 2027 5981 causavel
2052 5943 2156 5988 ηια-

579 6004 696 6057 la'iu
716 5999 807 6052 non
831 5999 1106 6061 apparebat.

1346 405 1403 462 S.
1440 403 1725 460 JOANNIS
1760 400 2251 464 CIIRYSOSTOMI
2293 404 2608 463 ARCHIEP.
2648 399 3190 461 CONSTANTINOP.

3758 416 3877 472 106

2286 519 2654 584 δυνήσονται
2687 519 2741 570 οί
2780 516 2896 569 vlo!
2937 514 3177 582 Ἰσραὴλ
3217 509 3434 579 στῆναι
3476 509 3627 562 κατὰ
3667 513 3866 578 πρόσ-

2285 617 2449 657 ωπον
2474 602 2590 654 τῶν
2614 597 2842 669 ἐχθρῶν
2861 597 3078 660 αὐτῶν,
3109 598 3219 662 ἕως
3240 596 3316 649 ἂν
3343 595 3591 662 ἐξάρητε
3614 593 3678 646 τὸ
3707 594 3833 647 ἀντὶ
3849 623 3864 635 -

2283 688 2439 752 θημα
2459 684 2527 748 ἐξ
2562 682 2727 752 ὑμῶν
2749 680 2965 735 αὐτῶν.
3015 677 3321 750 Ἐκηρύχθη
3344 677 3519 729 τοίνυν
3543 678 3601 728 ὲν
3635 676 3712 747 τῷ
3743 675 3868 746 λαῷ

2281 767 2459 828 τοῦτο,
2495 767 2587 819 καὶ
2619 765 2880 835 μηνύεται
2905 763 3008 817 ὑπὸ
3041 762 3172 815 Θεοῦ
3195 765 3221 814 6
3250 763 3347 830 τὴν
3377 760 3689 831 παράϐασιν
3711 760 3865 830 πρά-

2282 850 2379 914 ξας
2400 867 2411 878 ·
2441 848 2896 916 συγκατατίθεται
2931 839 3102 908 οὗτος.
3153 843 3443 914 Ἀπεκρίθη
3484 843 3621 911 γὰρ,
3655 843 3861 912 φησὶν,

2286 935 2463 1003 Ἀχαρ
2516 931 2592 1002 τῷ
2654 929 2858 1000 Ἰησοῦ,
2907 931 3000 982 καὶ
3045 925 3230 981 εἶπεν·
3282 925 3533 994 Ἀληθῶς
3587 926 3866 994 ἥμαρτον

2279 1015 2558 1068 ἐναντίον
2585 1013 2689 1068 τοῦ
2720 1013 2938 1081 Κυρίου
2962 1011 3109 1066 Θεοῦ
3149 1009 3390 1077 Ἰσραήλ
3411 1025 3424 1038 ·
3446 1009 3599 1062 οὕτω
3628 1008 3724 1062 καί
3752 1009 3862 1061 οὗ·

2281 1114 2384 1162 τως
2403 1097 2680 1163 ἐποίησα.
2709 1093 2890 1150 Εἶδον
2910 1095 2979 1147 ἐν
3002 1093 3076 1161 τῇ
3096 1091 3364 1161 προνομῇ
3382 1090 3617 1157 στολὴν
3633 1091 3860 1158 ψιλὴν,

2280 1182 2586 1246 ποικίλην,
2625 1181 2767 1232 λίαν
2805 1178 2823 1216 ί
2865 1175 3084 1244 καλὴν,
3129 1177 3227 1230 καί
3261 1175 3538 1228 διακόσια
3560 1173 3862 1243 δίδραχμα

2279 1261 2585 1331 ἀργυρίου,
2610 1263 2708 1316 καί
2738 1261 3030 1331 γλῶσσαν
3046 1263 3194 1329 μίαν
3215 1258 3456 1328 γρτ.·σῆν
3478 1257 3862 1322 πεντήκοντα

2278 1343 2634 1413 διδράχμων,
2660 1344 2757 1398 καί
2786 1345 3138 1412 ἐνθυμηθείς
3161 1344 3400 1404 ἔλαϐον,
3425 1340 3573 1411 [105]
3601 1341 3696 1392 καί
3723 1339 3860 1392 ἰδοὺ

2279 1427 2462 1481 ταῦτα
2508 1428 2906 1496 ἐγκέκρυπται
2935 1427 3004 1480 ἐν
3035 1426 3108 1494 τῇ
3141 1425 3219 1495 τῇ
3258 1427 3326 1479 ἐν
3354 1424 3427 1492 τῇ
3473 1423 3674 1490 σκηνῇ
3707 1438 3855 1490 μου.

2279 1509 2462 1563 Πάντα
2494 1511 2679 1564 λοιπὸν
2708 1512 2788 1574 εἰς
2832 1509 3061 1580 φανερὸν
3105 1511 3246 1578 άγει,
3287 1507 3472 1576 ἐπειδὴ
3515 1506 3718 1576 ἀψευδῆ
3763 1504 3860 1557 τὸν

2277 1593 2449 1646 ταῦτα
2494 1594 2955 1664 καταμηνύσαντα
2987 1592 3152 1663 ἑώρα,
3203 1591 3428 1662 σφοδρόν
3461 1600 3485 1637 Β
3523 1607 3582 1642 τε
3619 1584 3731 1657 εἶχε
3764 1588 3860 1640 τὸν

2278 1677 2566 1746 ἐλέγχοντα
2599 1678 2871 1748 μάρτυρα.
2898 1677 3040 1749 Ὅρα
3059 1677 3114 1729 δὲ
3137 1675 3227 1728 τόν
3248 1673 3605 1727 ἐπονείδιστον
3622 1674 3715 1725 καὶ
3735 1671 3859 1723 ὀλέ-

2279 1759 2428 1828 θριον
2479 1759 2644 1813 αὐτοῦ
2697 1759 2924 1813 θάνατον
2947 1776 2961 1790 ο
3029 1757 3363 1826 Ἀνήνεγκε,
3418 1756 3616 1825 φησὶν,
3665 1753 3858 1808 αὑτὸν

2292 1843 2531 1909 Ἰησοῦς
2575 1845 2663 1909 είς
2692 1843 2966 1912 φάραγγα
3005 1841 3203 1908 Ἀχὼρ,
3242 1839 3339 1893 καί
3377 1839 3521 1905 τοὺς
3544 1837 3713 1904 υἱοὺς
3741 1838 3855 1891 αὖ·

2279 1925 2404 1989 τοῦ,
2437 1925 2537 1979 καί
2567 1925 2675 1990 τὰς
2700 1925 3023 1994 θυγατέρας
3044 1923 3251 1988 αὐτοῦ,
3278 1921 3376 1976 καί
3408 1921 3548 1987 τοὺς
3572 1921 3856 1990 μόσχους

2276 2010 2482 2073 αὑτοῦ,
2513 2010 2612 2063 καὶ
2637 2010 2710 2063 τὰ
2727 2008 3010 2077 ὑποζύγια
3029 2006 3238 2072 αὐτοῦ,
3269 2007 3368 2060 καί
3394 2005 3590 2059 πάντα
3609 2004 3682 2058 τὰ
3704 2003 3855 2070 πρό-

2277 2093 2424 2145 ϐατα
2455 2093 2665 2158 αὐτοῦ,
2710 2093 2809 2146 καὶ
2839 2092 2958 2159 τὴν
2996 2089 3242 2157 σκηνὴν
3274 2087 3481 2151 αὑτοῦ,
3522 2088 3622 2141 καί
3653 2086 3856 2140 πάντα

2276 2176 2393 2228 ὅσα
2422 2177 2706 2244 ὑπῆρχον
2752 2174 2912 2240 αὐτῷ
2946 2173 3044 2227 καὶ
3079 2173 3515 2239 ἐλιθοϐόλησαν
3539 2170 3692 2224 αὐτὰ
3729 2168 3856 2244 πᾶς

2289 2258 2535 2327 Ἰσραὴλ
2575 2260 2645 2314 ὲν
2676 2259 2888 2325 λίθοις.
2938 2257 3087 2326 Αὕτη
3124 2257 3224 2325 τῆς
3266 2254 3607 2326 παρανομίας
3653 2253 3688 2323 ἡ
3721 2252 3858 2305 ἀντ-

2276 2343 2548 2407 απόδοσις,
2598 2343 2771 2405 οὐτως
2812 2343 2845 2411 ἡ
2885 2340 2980 2394 τοῦ
3031 2338 3166 2392 Θεοῦ
3203 2336 3496 2399 άδάκαστός
3534 2338 3650 2388 ἐστι
3699 2334 3853 2403 δίκη.

2276 2426 2446 2479 Τοῦτο
2464 2426 2644 2478 τοίνυν
2663 2425 2880 2489 εἰδότες,
2907 2423 3120 2476 οἰκείων
3141 2423 3357 2490 άμαρτη
3368 2420 3552 2491 μάτων
3564 2417 3856 2488 εἴσπραξιν

2274 2509 2372 2580 τὴν
2401 2509 2508 2561 τῶν
2540 2507 2778 2576 ἀνιαρῶν
2807 2506 2993 2574 ἔφοδον
3036 2503 3375 2572 λογιζώμεθα
3409 2503 3500 2555 καὶ
3547 2501 3670 2555 καθ’
3714 2500 3851 2553 ἐκέ-

2276 2609 2406 2660 στην
2430 2591 2498 2644 τά
2529 2590 2736 2644 ἑαυτῶν
2766 2588 3109 2654 ἐξετάζοντες
3141 2586 3480 2656 ἐγκλήματα,
3516 2584 3590 2654 μὴ
3617 2584 3853 2654 ἑτέροις,

2274 2674 2386 2726 ἀλλ’
2419 2676 2550 2744 ἡμῖν
2578 2674 2760 2734 αὐτοῖς
2781 2671 2876 2742 τὴν
2902 2671 3105 2724 τούτων
3128 2669 3518 2740 περιάπτωμεν
3542 2667 3745 2720 αἰτίαν.
3775 2667 3852 2719 Οὐ

2273 2756 2382 2826 γὰρ
2415 2760 2446 2827 ἡ
2481 2756 2590 2810 τῶν
2617 2755 2893 2828 ἀρχόντων
2929 2754 3088 2824 μόνον
3125 2749 3442 2821 ἀπροσεξία,
3482 2748 3617 2802 άλλά
3665 2747 3854 2816 πολλῷ

2277 2838 2477 2909 μᾶλλον
2492 2838 2559 2890 τὰ
2577 2840 2820 2908 ἡμέτερα
2848 2835 3164 2905 πταίσματα
3184 2833 3250 2886 τά
3270 2833 3414 2886 κακά
3436 2832 3850 2901 συνεισήγαγεν.

2271 2921 2429 2973 Οὕτω
2457 2923 2635 2973 τοίνυν
2668 2919 2898 2972 ἐνταῦθα
2927 2917 3358 2987 παραγινόμενος
3384 2916 3631 2975 ἕκαστος,
3659 2913 3758 2965 καλ⁵
3783 2912 3853 2963 τά

2272 3005 2445 3056 οἰκεῖα
2473 3004 2819 3072 λογιζόμενος
2855 2999 3300 3071 παραπτώματα,
3331 2997 3452 3049 οὔτε
3486 2998 3670 3066 ἕτερον
3705 2994 3852 3066 μέμ-

2270 3088 2444 3156 ψοιτο,
2479 3088 2571 3138 καὶ
2604 3086 2741 3156 μετὰ
2773 3086 2870 3154 τῆς
2899 3083 3279 3153 προσηκούσης
3311 3079 3561 3145 εὐταξίας
3585 3079 3685 3148 τὴν
3707 3094 3853 3148 παρ-

2271 3171 2438 3223 οῦσαν
2480 3170 2790 3238 ἀναπέμψω
2812 3170 2839 3208 δ
2865 3165 3188 3233 δοξολογίαν.
3208 3164 3364 3217 Ἐστι
3386 3164 3445 3216 δὲ
3477 3165 3510 3232 ἡ
3538 3162 3852 3233 παρ’ήμῶν

2272 3253 2645 3322 άπαιτουμένη
2692 3250 2915 3316 εὐταξία
2941 3251 3200 3320 τοιαύτη·
3233 3249 3447 3318 πρῶτον
3498 3247 3616 3316 μὲν,
3663 3262 3852 3298 συντε-

2270 3337 2548 3409 τριμμένῃ
2581 3335 2782 3406 καρδίᾳ
2819 3333 3217 3404 προσέρχεσθαι.
3247 3331 3324 3400 τῷ
3355 3329 3492 3399 Θεῷ,
3525 3329 3718 3382 ἔπειτα
3751 3330 3851 3382 καὶ

2271 3420 2332 3473 τὸ
2368 3423 2466 3490 τῆς
2501 3419 2726 3490 καρδίας
2760 3413 2892 3488 ἦθος
2939 3417 3026 3469 διά
3071 3415 3164 3468 τοῦ
3200 3414 3522 3484 φαινομένου
3565 3413 3850 3482 σχήματος

2272 3502 2661 3566 ὑποδεικνύειν,
2694 3502 2780 3555 διὰ
2824 3503 2920 3571 τῆς
2952 3501 3214 3563 στάσεως,
3253 3499 3340 3552 διὰ
3364 3498 3466 3566 τῆς
3505 3495 3612 3548 τῶν
3644 3493 3852 3565 χειρῶν

2269 3585 2542 3650 εὐταξίας,
2565 3585 2650 3638 διὰ
2673 3586 2773 3653 τῆς
2802 3584 3035 3654 πραείας
3052 3582 3146 3636 καὶ
3181 3579 3612 3648 συνεσταλμένης
3637 3578 3846 3647 φωνῆς.

2270 3669 2504 3724 Εὐκολον
2545 3668 2654 3738 γάρ
2684 3667 2862 3730 τοῦτο,
2907 3666 3001 3719 καὶ
3047 3664 3209 3717 παντὶ
3236 3664 3314 3732 τῷ
3349 3661 3654 3732 βουλομένῳ
3683 3659 3850 3712 δυνα-

2272 3754 2383 3807 τόν.
2426 3753 2551 3816 Πῶς
2593 3747 2686 3804 οῦν
2726 3752 2805 3812 είς
2846 3749 3054 3810 πάντας
3095 3745 3600 3817 κατορθωθήσεταις
3648 3742 3849 3813 Θῶμεν

2270 3839 2481 3900 ὲαυτοῖς
2526 3836 2708 3906 νόμον,
2760 3833 2854 3886 καὶ
2891 3832 3133 3902 είπωμεν
3177 3832 3257 3883 ὅτι
3294 3827 3621 3898 κοινωφελὴς
3655 3827 3848 3898 ἐντολὴ

2269 3920 2599 3992 κατεϐλήθη,
2637 3919 2730 3973 καὶ⁹
2756 3919 2837 3971 δεῖ
2862 3917 3067 3978 πάντας
3094 3916 3240 3985 ἡμᾶς
3267 3912 3522 3981 τοιαύτης
3554 3911 3850 3980 μετασχεῖν

2267 4004 2553 4072 ὠφελείας.
2588 4002 2683 4054 Διά
2715 4001 2872 4053 τοῦτο
2898 4001 2993 4053 καὶ
3037 3998 3134 4060 τὰς
3169 3998 3435 4058 ἀτάκτους
3463 3993 3851 4059 κατασιγάσω-

2271 4105 2369 4156 μεν
2397 4085 2598 4154 φωνὰς,
2628 4085 2720 4137 καὶ
2748 4083 2818 4136 τά
2839 4083 2948 4134 τῶν
2979 4082 3175 4150 χειρῶν
3198 4079 3636 4147 καταστείλωμεν
3659 4077 3765 4147 ἤθη
3800 4080 3847 4140 ί,

2267 4171 2558 4238 δεδεμένας
2595 4167 2798 4227 ταύτας
2831 4167 3256 4236 παριστάνοντες
3294 4162 3371 4232 τῷ
3405 4160 3559 4230 Θεῷ,
3615 4161 3710 4213 καὶ
3769 4161 3848 4232 μὴ

2268 4255 2378 4315 τοῖς
2394 4252 2656 4321 ἀκόσμοις
2684 4249 3054 4318 ἐπαιρομένας
3080 4246 3330 4316 νεύμασι.
3363 4245 3530 4297 Μισεῖ
3549 4242 3655 4313 γάρ
3685 4242 3849 4295 τοῦτο

2268 4337 2362 4390 καὶ
2396 4335 2850 4404 ἀποστρέφεταιὸ
2883 4333 3038 4393 Θεὸς,
3071 4330 3257 4399 ὥσπερ
3295 4328 3387 4381 τὸν
3417 4324 3849 4396 συνεσταλμένον

2267 4420 2454 4489 ἀγαπᾷ
2493 4419 2587 4470 καὶ
2622 4415 2942 4487 προσίεται·
2996 4414 3119 4465 Ἐπὶ
3157 4414 3291 4465 τίνα
3323 4410 3452 4480 γὰρ,
3489 4410 3673 4479 φησὶν,
3717 4411 3849 4463 ἐπι-

2267 4501 2488 4568 ϐλέψω,
2518 4501 2653 4553 ἀλλ’
2685 4500 2722 4565 ἢ
2763 4498 2861 4550 ἐπὶ
2910 4497 3016 4549 τὸν
3056 4494 3247 4562 πρᾶον
3287 4494 3384 4546 καί
3426 4495 3710 4560 ἡσύχιον,
3745 4493 3848 4547 καὶ

2271 4581 2554 4651 τρέμοντὰ
2577 4598 2696 4649 μου
2721 4580 2861 4644 τοὺς
2891 4581 3111 4646 λόγους
3135 4593 3151 4638 ;
3178 4577 3435 4645 Εἴπωμεν
3459 4574 3732 4643 ἀλλήλοις,
3761 4576 3846 4627 ὃτι

2266 4668 2325 4718 οὐ
2372 4665 2613 4735 βούλεται
2643 4662 2792 4732 αὐτῷ
2832 4659 3378 4730 προσδιαλεγομένους
3413 4659 3558 4728 ἡμᾶς
3591 4659 3683 4709 καὶ
3712 4658 3842 4710 ἐαυ-

2264 4753 2376 4812 τοῖς
2407 4746 2774 4818 προσομιλεῖν,
2810 4745 2930 4797 οὐδὲ
2957 4743 3189 4810 ἀφέντας
3216 4742 3314 4809 τὴν
3353 4739 3488 4810 πρὸς
3533 4741 3692 4793 αὐτὸν
3723 4740 3842 4793 διά-

2264 4833 2428 4896 λεξιν,
2469 4831 2568 4894 τὰς
2600 4830 2707 4883 τῶν
2760 4830 3040 4897 παρόντων
3090 4827 3362 4878 ἀνακινεῖν
3398 4823 3704 4891 συντυχίας,
3747 4823 3843 4876 καὶ

2264 4917 2341 4987 τῷ
2371 4914 2614 4985 βορϐόρῳ
2641 4913 2767 4975 τοὺς
2794 4910 3136 4982 μαργαρίτας
3165 4907 3479 4978 άναφύρειν.
3510 4906 3710 4975 ’Ὕϐριν
3731 4906 3842 4975 γάρ

2266 4999 2491 5061 οἰκείαν,
2536 4997 2630 5049 καὶ
2667 4995 2726 5047 οὐ
2757 4993 3060 5060 δοξολογίαν
3093 4991 3152 5042 τὸ
3182 4989 3416 5041 τοιοῦτον
3454 4989 3688 5058 ἡγεῖται.
3721 4987 3840 5039 Κάν

2265 5099 2350 5142 τις
2373 5078 2656 5149 βουληθείη
2680 5075 2882 5144 ταύτην
2911 5073 3219 5144 παραϐῆναι
3246 5071 3342 5142 τὴν
3373 5069 3607 5140 ἐντολὴν,
3628 5071 3839 5122 ἐπιστο-

2270 5164 2512 5232 μίσωμεν
2546 5164 2592 5223 1,
2641 5159 2714 5222 ὡς
2770 5156 3057 5210 ἐπίϐουλον
3107 5159 3204 5226 τῆς
3247 5153 3520 5226 ἡμετέρας
3565 5153 3838 5222 σωτηρίας

2265 5243 2667 5312 άποδιώξωμεν,
2701 5241 2802 5303 ἔξω
2831 5239 2940 5291 τῶν
2974 5239 3272 5308 περιϐόλων
3300 5237 3396 5306 τῆς
3435 5235 3595 5302 ἀγίας
3637 5233 3838 5302 ἐκκλη-

2267 5329 2384 5390 σίας
2405 5326 2738 5393 ὲκϐἀλωμεν.
2758 5322 2913 5375 Οῦτω
2935 5323 3044 5392 γάρ
3069 5321 3365 5382 ποιοῦντες,
3384 5319 3450 5370 τά
3479 5317 3575 5385 μὲν
3596 5316 3838 5385 πρότερα

2265 5411 2479 5481 άμαρτή
2489 5425 2628 5478 ματα
2654 5404 2848 5474 ῥᾳδίως
2868 5404 3260 5474 άπονιψόμεθα,
3276 5403 3435 5454 αὐτὸν
3448 5401 3504 5452 δὲ
3521 5399 3610 5451 τὴν
3633 5398 3837 5450 Δεσπό-

2332 5561 2348 5599 ί
2379 5563 2597 5622 Προνομῇ
2622 5557 2794 5622 στολὴν
2817 5555 3036 5622 ποικίλην
3060 5555 3159 5600 λίαν
3186 5553 3348 5622 καλῄν.
3378 5549 3487 5622 Duq
3509 5543 3834 5622 ialjir

2263 5626 2402 5679 ψιλὴν
2425 5611 2639 5673 ποικίλην
2666 5611 2772 5677 μίαν
2794 5615 2961 5673 καλήν.
2976 5614 3203 5664 Erasmus
3213 5614 3423 5674 priorem
3442 5612 3641 5657 secutus
3662 5611 3838 5655 lectio-

2265 5682 2524 5792 υεὲηὒμίαν
2543 5679 2855 5788 ἒαλήῖμςιῐ.

2431 5757 2521 5790 nus
2575 5757 2671 5795 σφα
2698 5757 2747 5795 η.

2325 5757 2349 5782 ⁸
2736 5776 2747 5786 ι

2325 5805 2350 5842 Ιι
2543 5757 2897 5861 οάῖῖιῗτέἲιψοιτο.
2921 5798 3062 5850 Alius
3088 5797 3172 5852 τήν
3194 5796 3460 5856 πρέπουσαν
3485 5790 3834 5851 ἀναπέμψαιτο,

2465 5868 2528 5912 le.

2466 5878 2474 5910 ι
2517 5899 2528 5912 .

2261 5879 2360 5966 no?
2380 5878 2519 5974 main:
2533 5924 2611 5970 καὶ
2634 5924 2718 5977 τὴν
2738 5923 2832 5969 τῶν
2855 5921 3026 5983 χειρῶν
3051 5918 3428 5976 καταστείλωμεν
3449 5913 3707 5961 συνήθειαν.

2331 5991 2345 6039 i
2379 5988 2510 6035 Unus
2531 5985 2735 6042 ἐντολὴν,
2759 5983 3129 6044 ἐπιτιμήσωμεν,
