4144 6472
217 447 321 502 105

223 547 357 593 serat
384 534 658 592 lsraelitas
686 534 1087 601 transmisisset,
1139 532 1567 603 admovissctque
1589 533 1795 588 exerci-

225 639 325 684 tum
372 640 567 684 contra
608 629 863 696 Jericho,
910 642 1101 683 novam
1148 627 1293 681 illam
1347 637 1402 682 et
1435 627 1800 682 admirandam

224 721 553 776 obsidionem
581 721 826 784 moliens,
857 734 981 773 mox
1002 720 1222 773 ruituris
1251 718 1536 783 mcenibus,
1568 717 1692 787 quid
1721 717 1801 772 lo-

223 814 391 881 quitur
439 810 585 881 apud
624 808 907 879 populum?
933 808 1045 861 Erit
1083 808 1349 861 anathema
1385 810 1491 861 haec
1519 808 1728 862 civitas:
1754 816 1802 862 et

222 902 459 973 quidquid
488 911 565 954 est
593 900 647 953 in
674 916 752 962 ea,
786 897 1007 952 Domino
1029 898 1277 963 Sabaoth,
1307 908 1514 966 excepta
1534 898 1679 952 Raab
1706 914 1805 951 me-

222 994 407 1055 retrice,
441 992 576 1045 hanc
600 989 873 1044 servabitis.
901 988 1079 1044 Cauete
1105 989 1263 1059 igitur
1289 988 1351 1040 ab
1380 987 1717 1054 anathemate,
1740 1003 1803 1041 ne

222 1083 415 1151 quando
443 1082 722 1150 cegitantes
753 1080 962 1133 sumatis
984 1095 1049 1133 ea:
1076 1094 1154 1142 eo,
1182 1086 1229 1131 et
1257 1077 1476 1146 perdatis
1502 1094 1592 1132 nos
1625 1076 1803 1148 (Iosue

222 1176 270 1227 6.
302 1174 381 1228 l7.
411 1173 528 1241 18).
562 1172 885 1227 Consecrata
912 1178 1057 1233 sunt,
1103 1169 1294 1238 inquit,
1327 1169 1505 1223 omnia
1534 1184 1653 1239 quae
1677 1178 1802 1223 sunt

222 1264 269 1317 in
306 1264 565 1319 civitate:
595 1278 716 1316 nam
747 1262 798 1317 id
843 1270 999 1316 sonat
1027 1260 1339 1315 anathema.
1378 1258 1455 1315 Ne
1480 1260 1599 1329 quis
1640 1258 1802 1329 igitur

222 1353 509 1409 suﬂ’uretur
538 1369 606 1408 ex
635 1354 697 1407 iis
726 1366 845 1422 qua:
872 1360 1181 1407 consecrata
1236 1359 1361 1405 sunt
1405 1350 1630 1404 Domino
1668 1350 1798 1414 Deo,

222 1461 417 1517 uosque
445 1445 726 1515 disperdat
766 1459 799 1499 e
845 1454 1003 1499 terra.
1038 1443 1402 1499 Periculosum
1443 1452 1560 1497 erat
1605 1457 1804 1512 prince-

223 1550 380 1607 ptnm,
406 1539 581 1592 multa
607 1537 877 1606 diligentia
907 1546 1016 1591 tum
1058 1536 1148 1591 Dei
1178 1535 1563 1605 prmcipientis,
1593 1542 1704 1588 tum
1728 1533 1804 1588 le-

220 1647 334 1700 gem
360 1630 587 1687 ferentis
611 1630 757 1685 Jesu.
790 1629 891 1696 Qui
923 1629 1065 1684 enim
1107 1629 1222 1683 fieri
1260 1628 1452 1698 potuit,
1484 1635 1542 1680 ut
1570 1627 1623 1680 in
1656 1636 1802 1681 tanta

222 1722 559 1779 multitudine
580 1738 688 1777 non
718 1722 1009 1777 violaretur
1037 1722 1150 1775 haec
1186 1720 1295 1784 lex,
1326 1734 1448 1774 cum
1490 1718 1669 1773 multa:
1711 1732 1802 1773 res

222 1825 413 1882 essent,
457 1831 584 1885 qua:
613 1814 719 1869 huc
764 1813 1137 1884 impellerent?
1185 1811 1315 1866 Nam
1362 1811 1445 1866 vel
1489 1810 1803 1868 instabilitas

224 1909 332 1976 ejus
361 1908 547 1977 populi
576 1907 815 1975 luorique
840 1904 1123 1974 cupiditas,
1151 1904 1235 1958 vel
1280 1903 1419 1973 quod
1464 1918 1571 1957 non
1614 1918 1803 1958 omnes

221 1998 543 2053 audivissent
580 1997 715 2053 edici
739 2003 1059 2065 prmeeptum
1079 2034 1094 2058 ,
1124 1995 1209 2049 vel
1242 1995 1530 2064 spoliorum
1576 1997 1802 2065 pretium

222 2091 357 2144 velut
383 2104 507 2145 esca
530 2089 761 2157 objecta,
790 2086 1126 2157 habendique
1144 2086 1330 2141 avidos
1353 2086 1617 2153 illectans,
1650 2086 1803 2144 facile

224 2181 283 2234 ad
303 2180 432 2249 legis
462 2179 943 2250 transgressionem
968 2178 1305 2248 perpulisset.
1340 2177 1405 2231 Et
1430 2187 1603 2231 tamen
1625 2192 1686 2231 ea
1716 2177 1801 2231 lex

224 2283 330 2325 emt
355 2273 494 2338 lata,
541 2282 701 2341 atque
730 2286 914 2325 eorum
936 2270 1093 2339 capiti
1124 2269 1562 2339 transgressionis
1593 2268 1803 2337 pericu-

226 2368 325 2421 lum
350 2366 684 2420 imminebat.
715 2363 851 2431 Quid
892 2364 1051 2434 igitur
1099 2372 1217 2432 post
1247 2362 1399 2416 lucc?
1440 2361 1805 2417 Coucideruut

226 2458 433 2524 mantia,
458 2466 514 2511 et
546 2455 802 2527 quidquid
847 2464 965 2509 erat
995 2455 1045 2509 in
1074 2455 1290 2509 civitate
1328 2453 1471 2508 venit
1515 2453 1569 2508 in
1614 2468 1804 2509 manus

224 2548 597 2604 obsidentium.
644 2546 825 2615 Itaque
850 2561 973 2601 cum
1016 2546 1294 2600 universus
1320 2545 1539 2615 populus
1568 2554 1804 2600 servaret

229 2640 320 2695 hoc
358 2649 715 2712 praeceptum,
782 2639 937 2692 unius
983 2635 1347 2706 praevaricatio
1398 2637 1449 2689 in
1501 2636 1802 2690 universam

228 2733 617 2788 multitudinem
640 2729 925 2786 concitavit
945 2728 1075 2784 iram
1098 2729 1212 2783 Dei.
1232 2728 1591 2792 Peccauerunt,
1610 2729 1799 2797 inquit,

230 2824 316 2889 lilii
343 2823 508 2877 Israel
530 2830 1070 2891 peccatummagnum,
1098 2828 1145 2872 et
1174 2816 1411 2884 su/fnrati
1432 2828 1569 2879 sunt,
1593 2828 1640 2872 et
1666 2835 1804 2870 smn-

230 2924 422 2984 pserunt
440 2931 509 2969 ea:
528 2912 868 2976 anathemate,
882 2919 927 2964 et
944 2909 1159 2980 sumpsit
1181 2909 1351 2961 Achar
1366 2910 1501 2975 ﬁlius
1522 2908 1723 2961 Charmi
1742 2923 1805 2961 es

229 3011 558 3074 ratathemate,
603 3018 649 3061 et
685 3006 951 3077 indignata
993 3015 1064 3059 est
1114 3006 1194 3057 ira
1236 3002 1441 3055 Domini
1488 3000 1609 3067 ﬁliis
1641 2998 1805 3053 Israel

230 3101 354 3173 (los.
374 3101 427 3155 7.
460 3101 542 3171 1).
572 3098 731 3167 Atqui
761 3110 897 3150 unus
918 3105 1033 3150 erat
1054 3094 1141 3163 qui
1172 3100 1498 3163 peccaverat.
1527 3090 1804 3156 Quomodo

231 3195 376 3264 igitur
400 3198 761 3264 peccaverunt
789 3188 879 3244 ﬁlii
911 3188 1095 3253 Israel,
1144 3201 1205 3241 ac
1234 3183 1490 3239 Dominus
1530 3183 1693 3235 iratus
1721 3185 1805 3235 est

232 3286 341 3340 ﬁliis
369 3284 569 3340 Israel?
613 3281 773 3336 Vides
793 3279 1059 3351 quomodo
1079 3278 1239 3333 unius
1282 3283 1556 3346 peccatum
1587 3271 1680 3326 toti
1703 3286 1802 3341 po-

230 3376 343 3445 pulo
369 3375 665 3429 vindictam
693 3370 973 3426 accersiit?
1021 3365 1296 3443 .quomodo
1343 3366 1508 3421 Deum
1548 3362 1803 3416 adversus

231 3467 614 3522 multitudinem
638 3464 844 3518 hostem
874 3461 1141 3517 reddidit?
1160 3459 1420 3527 Quoniam
1449 3457 1604 3524 igitur
1630 3454 1803 3508 fuerat

228 3568 522 3628 perpetrata
550 3556 683 3625 legis
710 3554 1087 3624 transgressio,
1142 3564 1314 3620 neque
1367 3550 1643 3618 quisquam
1687 3553 1803 3600 erat

229 3649 483 3711 conscius,
512 3654 711 3716 praeter
729 3644 901 3699 solum
923 3642 1088 3697 Deum
1113 3642 1201 3710 qui
1229 3640 1376 3694 novit
1399 3638 1626 3700 occulta,
1670 3636 1801 3690 ultio

228 3741 427 3810 quidem
463 3736 847 3794 differebatur:
881 3744 1137 3790 ueterum
1176 3733 1265 3803 qui
1298 3731 1401 3785 hoc
1447 3738 1797 3799 perpetrant,

229 3832 430 3887 tametsi
476 3829 759 3885 videbatur
804 3829 989 3893 latere,
1019 3835 1197 3880 tamen
1234 3839 1265 3878 a
1308 3823 1628 3879 conscientia
1657 3821 1800 3875 velut

226 3924 288 3978 ab
313 3925 428 3994 igne
455 3922 735 3978 urebatur.
767 3919 923 3975 Venit
947 3918 1107 3989 igitur
1125 3926 1334 3987 tempus
1353 3930 1459 3986 quo
1479 3916 1629 3969 fleret
1654 3912 1798 3983 quod

225 4015 575 4069 comminatus
600 4012 771 4066 fuerat
794 4011 959 4077 Deus,
981 4023 1193 4080 quoque
1215 4018 1488 4076 peccatum
1514 4005 1720 4061 veniret
1745 4004 1797 4058 in

225 4103 575 4173 propatuluui.
609 4100 771 4163 Misit,
804 4099 995 4169 inquit,
1048 4097 1198 4152 Iesus
1232 4097 1363 4150 viros
1399 4094 1461 4149 ab
1494 4092 1700 4149 Iericho
1740 4094 1797 4147 in

226 4192 331 4247 Gai.
360 4193 423 4248 Et
468 4194 801 4246 ascatderuut
826 4191 947 4244 illuc
974 4190 1068 4243 viri
1096 4194 1201 4261 fere
1228 4198 1303 4243 ter
1328 4186 1484 4254 mille,
1526 4186 1793 4256 fugerunt-

223 4300 309 4350 que
353 4302 385 4337 a
426 4284 563 4356 [acie
598 4284 818 4336 virorum
850 4278 983 4350 Gai,
1012 4289 1059 4333 et
1083 4279 1371 4344 occiderunt
1412 4293 1477 4331 ea:
1519 4276 1621 4330 illis
1663 4276 1796 4329 uiros

224 4376 417 4445 triginta
442 4392 554 4439 sex,
582 4384 629 4427 et
656 4372 938 4443 persequuti
962 4382 1079 4427 sunt
1103 4388 1187 4426 eos
1203 4412 1217 4436 ,
1247 4381 1291 4425 et
1316 4368 1635 4423 conciderunt
1654 4365 1791 4432 illos,

223 4474 265 4516 et
300 4467 499 4533 expauit
527 4479 615 4517 cor
644 4462 841 4533 pepuli,
886 4466 1170 4533 {actumque
1210 4470 1282 4514 est
1308 4462 1442 4512 velut
1478 4474 1612 4527 aqua
1654 4454 1790 4529 (los.

224 4555 269 4606 7.
291 4555 343 4607 2.
374 4557 427 4609 ι.
462 4556 545 4625 5).

284 4645 334 4700 6.
360 4644 500 4699 Vide
519 4645 675 4698 unius
698 4643 902 4713 peccati
927 4657 1162 4713 ponam,
1188 4640 1310 4695 vide
1328 4638 1535 4711 plagam
1557 4636 1793 4693 acerbis-

221 4736 417 4790 simam.
461 4734 615 4791 Unus
668 4745 929 4804 peecarat,
976 4744 1032 4789 et
1075 4734 1128 4788 in
1180 4732 1429 4803 populum
1485 4728 1789 4783 universum

220 4841 354 4881 mors
379 4844 441 4882 ac
471 4828 751 4896 trepidatio
780 4826 952 4881 irruit.
984 4824 1121 4892 Quid
1149 4824 1269 4888 hoc,
1302 4837 1335 4876 o
1357 4822 1497 4876 bone
1529 4818 1789 4875 Domine?

220 4916 292 4973 Tu
315 4920 463 4974 solus
490 4920 694 4989 justus,
723 4928 780 4973 et
805 4928 952 4974 recta
984 4916 1181 4988 judicia
1212 4926 1320 4970 tua.
1350 4915 1427 4969 Tu
1464 4914 1656 4981 cuique
1704 4926 1792 4967 se-

220 5011 437 5065 cundum
482 5010 692 5080 propria
717 5010 853 5064 facta
904 5009 1081 5065 reddis
1120 5008 1397 5078 judicium.
1424 5009 1504 5063 Tu
1526 5050 1541 5075 ,
1572 5008 1788 5063 humani

218 5102 420 5169 generis
464 5110 704 5166 amator,
759 5099 970 5154 dixeras
1017 5100 1072 5152 in
1118 5112 1217 5152 suo
1263 5112 1529 5169 quemque
1568 5107 1788 5168 peccato

220 5192 548 5253 moriturum,
574 5206 673 5245 nec
699 5190 859 5245 alium
890 5203 988 5259 pro
1013 5189 1117 5243 alio
1141 5188 1387 5243 daturum
1411 5204 1611 5258 pinnas.
1634 5188 1788 5256 Quod

220 5283 365 5354 igitur
403 5286 507 5339 hoc
527 5294 611 5339 est
658 5293 804 5337 tuum
820 5282 1020 5351 justum
1048 5281 1350 5351 judicium?
1378 5283 1519 5337 Bona
1550 5293 1673 5337 sunt
1698 5292 1786 5337 tua

217 5378 405 5442 omnia,
456 5377 699 5439 Domine,
729 5383 785 5429 et
808 5372 962 5429 valde
987 5374 1126 5428 bona
1147 5414 1161 5439 ,
1204 5382 1260 5429 et
1280 5373 1347 5428 ad
1374 5384 1605 5430 nostram
1637 5374 1783 5429 utili-

219 5478 364 5524 tatem
387 5470 711 5539 dispensata.
733 5465 873 5522 Lues
886 5465 1152 5537 quaedam,
1172 5466 1358 5535 inquit,
1376 5477 1459 5522 est
1474 5477 1744 5537 peccatum
1766 5484 1781 5521 :

215 5572 333 5629 ergo
363 5576 457 5630 per
478 5560 734 5613 ultionem
760 5558 1034 5626 evulgetur
1060 5572 1125 5613 ac
1162 5556 1466 5613 traducatur
1494 5558 1631 5628 apud
1662 5573 1781 5614 om-

218 5664 322 5717 nes,
341 5665 405 5706 ne
424 5656 733 5720 corrumpat
756 5662 963 5712 omnes,
993 5656 1053 5703 ut
1075 5647 1165 5703 ubi
1186 5650 1533 5719 cognoverint
1558 5662 1782 5719 quantas

221 5739 379 5797 minas
407 5758 509 5798 una
535 5740 805 5814 pepererit
826 5740 1180 5810 transgressio
1198 5780 1215 5808 ,
1248 5739 1451 5812 fugiant
1479 5742 1633 5813 longe
1656 5757 1779 5811 gra-

225 5834 403 5891 tiorem
446 5847 808 5908 aeternamque
860 5834 1169 5892 vindictam.
1222 5834 1418 5893 Videns
1466 5836 1642 5907 igitur,
1692 5836 1773 5889 in-

1240 420 1307 477 IN
1345 420 1568 486 iLLUD,
1608 418 1743 476 VIDI
1782 419 2105 489 DOMINUM,
2146 422 2376 480 HOMIL.
2414 424 2456 484 Ι.

3365 441 3477 499 106

1907 539 2040 607 quit,
2071 538 2225 594 Jesus
2248 538 2421 609 fugam
2445 538 2596 609 cujus
2621 553 2777 594 causa
2826 539 3001 611 ignota
3047 550 3159 597 erat
3208 542 3323 598 sisti
3372 560 3479 601 non

1907 645 2083 701 posse,
2108 629 2323 685 discidit
2372 631 2687 687 vestimenta
2710 647 2829 695 sua,
2852 645 2916 686 ae
2958 642 3253 701 prostratus
3296 643 3375 689 est
3426 636 3481 690 in

1909 730 2126 784 terram,
2156 735 2218 775 ea
2247 719 2537 790 lugubriter
2565 721 2793 775 lamenta
2824 721 3117 791 proferens,
3156 734 3483 794 quienarrat

1906 812 2081 866 divina
2112 810 2404 882 Scriptura.
2431 811 2567 880 Quid
2597 812 2755 882 igitur
2782 813 2855 867 illi
2884 814 3160 883 respondit
3187 816 3483 873 Dominus?

1908 902 2107 973 Surge;
2134 919 2223 957 cur
2247 904 2318 957 ita
2339 911 2617 972 prostratus
2625 904 2767 973 jaces
2787 904 2814 959 Ρ
2839 904 3070 959 Peccavit
3093 907 3307 977 populus
3334 918 3479 975 tuus,

1906 1003 2246 1063 transgressus
2267 1001 2338 1048 est
2366 1002 2570 1064 pactum
2609 1011 2791 1061 meum,
2832 1011 2924 1050 nec
2952 1005 3184 1065 poterunt
3215 1006 3351 1054 stare
3386 1000 3485 1066 ﬁlii

1906 1083 2071 1138 Israel
2090 1094 2268 1138 contra
2297 1085 2475 1155 faciem
2499 1084 2716 1139 hostium
2735 1102 2963 1152 suorum,
2990 1086 3149 1143 donec
3179 1088 3484 1145 παίδεια-ἰώ

1906 1174 2174 1228 anathema
2214 1190 2279 1229 ea:
2305 1173 2441 1228 vobis
2480 1174 2602 1245 ipsis
2631 1173 2762 1245 (Jos.
2795 1176 2845 1228 ’1.
2872 1176 2959 1231 10.
2991 1176 3102 1249 12).
3154 1177 3486 1234 Pmdicatur

1909 1266 2065 1336 igitur
2107 1265 2207 1319 hoc
2232 1267 2283 1321 in
2312 1266 2523 1335 populo,
2551 1274 2607 1321 et
2631 1280 2659 1319 a
2691 1267 2800 1323 Deo
2825 1266 3086 1336 proditur,
3114 1269 3206 1339 qui
3232 1271 3333 1325 hoe
3356 1285 3481 1341 per-

1908 1364 2139 1425 petrarat
2170 1374 2184 1411 :
2214 1358 2299 1412 ille
2323 1358 2534 1413 fatetur.
2567 1356 2853 1428 Respondit
2882 1360 3048 1426 enim,
3089 1359 3280 1432 inquit,
3305 1361 3483 1418 Achar

1905 1449 2032 1502 Jesu
2060 1448 2245 1503 dicens
2282 1466 2295 1502 :
2334 1448 2461 1504 Vere
2487 1452 2684 1521 peccavi
2721 1451 2773 1503 in
2817 1460 3083 1521 conspectu
3130 1451 3337 1508 Domitii
3385 1452 3481 1509 Dei

1908 1538 2105 1604 Israel;
2128 1539 2202 1593 sic
2226 1549 2272 1594 et
2298 1540 2369 1593 sic
2393 1540 2508 1610 feci.
2552 1538 2789 1595 Videbam
2814 1542 2866 1595 in
2895 1542 3068 1612 prteda
3105 1545 3288 1598 stolam
3313 1546 3481 1600 varie-

1905 1641 2073 1700 gatam
2108 1646 2263 1684 unam
2290 1629 2370 1701 (a)
2396 1631 2686 1697 pulchram,
2730 1631 3043 1703 ducetuaque
3066 1634 3263 1704 argenti
3300 1636 3483 1689 didra-

1905 1721 2051 1774 clmta
2070 1762 2086 1787 ,
2132 1730 2177 1776 et
2202 1721 2429 1792 linguam
2467 1738 2619 1775 unam
2645 1738 2850 1776 auream
2864 1724 3225 1795 quinquaginta
3243 1724 3482 1780 didrach-

1907 1833 2131 1881 morum,
2158 1827 2205 1869 et
2234 1815 2594 1884 concupiscens
2618 1816 2748 1885 cepi,
2782 1825 2828 1869 et
2864 1832 2977 1869 ecce
2996 1817 3105 1870 haec
3128 1817 3331 1884 defossa
3355 1824 3478 1870 sunt

1906 1907 2052 1961 humi
2072 1909 2126 1961 in
2148 1904 2486 1959 tabernaculo
2508 1922 2619 1960 meo
2643 1904 2804 1976 (Ibid.
2826 1923 2873 1961 υ.
2900 1906 3003 1971 20;
3030 1904 3343 1976 21).Omnia
3361 1904 3475 1975 jam

1906 2001 1961 2056 in
1990 2008 2233 2070 apertum
2252 1997 2479 2067 profert,
2510 2005 2860 2067 posteaquam
2885 1997 3161 2068 perspexit
3180 1996 3329 2052 illum
3364 2012 3478 2053 om-

1903 2094 1996 2149 nia
2023 2092 2139 2147 sine
2165 2088 2448 2144 mendacio
2466 2090 2751 2153 iudicasse,
2774 2106 2876 2145 nec
2899 2089 3103 2145 difﬁsus
3122 2096 3208 2145 est
3229 2088 3351 2144 testi
3383 2103 3474 2144 se-

1903 2185 2078 2255 ipsum
2103 2181 2369 2251 prodenti.
2396 2180 2530 2235 Vide
2559 2190 2737 2236 autem
2761 2181 3078 2250 probrosam
3109 2195 3174 2234 ac
3202 2179 3476 2250 pernicio-

1904 2290 2017 2331 sam
2048 2274 2188 2326 illius
2208 2281 2434 2326 mortem
2461 2288 2476 2324 :
2507 2270 2785 2335 Subduxit,
2820 2273 3011 2341 inquit,
3038 2270 3192 2327 .Iesus
3214 2272 3390 2327 Achar
3415 2272 3473 2326 in

1905 2360 2179 2414 convallem
2202 2360 2388 2425 Achar,
2417 2370 2464 2413 et
2483 2358 2618 2428 filios
2659 2367 2706 2414 et
2728 2359 2864 2426 ﬁlias
2900 2359 3030 2429 ejus,
3075 2368 3121 2413 et
3146 2356 3327 2414 situlos
3346 2360 3479 2431 ejus,

1905 2461 1951 2506 et
1966 2453 2196 2521 jumeuta
2225 2454 2352 2522 ejus,
2384 2460 2429 2505 et
2453 2467 2623 2505 omnes
2652 2467 2764 2505 oves
2802 2451 2941 2520 ejus,
2974 2458 3019 2502 et
3048 2450 3309 2505 tentorium
3348 2454 3479 2521 ejus,

1905 2552 1950 2596 et
1976 2544 2142 2596 omnia
2161 2558 2483 2613 qua’cumque
2512 2542 2795 2612 possidebat
2822 2558 2841 2595 :
2871 2550 2916 2595 et
2936 2540 3185 2610 lapidibus
3212 2542 3377 2597 obruit
3421 2559 3481 2596 ea

1904 2636 2067 2689 omnis
2095 2635 2311 2705 papulas
2338 2634 2507 2689 Israel
2529 2634 2661 2706 (Jos.
2694 2636 2748 2690 7.
2776 2635 2865 2689 24.
2894 2634 3010 2707 25).
3041 2635 3155 2691 Hoc
3182 2645 3481 2706 transgres-

1904 2729 2072 2783 sionis
2098 2728 2392 2797 prremium,
2441 2728 2559 2782 talis
2584 2728 2677 2783 Dei
2706 2727 2933 2783 vindicta
2955 2768 2971 2794 ,
3003 2744 3118 2797 qua:
3146 2728 3331 2782 evitari
3374 2742 3482 2782 non

1907 2826 2099 2887 potest.
2134 2818 2257 2872 Haec
2284 2819 2461 2888 itaque
2501 2818 2767 2882 scientes,
2816 2818 3119 2887 cogitemus
3150 2818 3423 2873 molestias
3450 2834 3482 2874 a

1907 2910 2102 2963 nostris
2139 2909 2369 2978 peccatis
2419 2910 2635 2977 invehi,
2688 2909 3017 2979 singulisque
3069 2908 3258 2964 diebus
3302 2918 3483 2965 nostra

1906 2998 2268 3053 cxaminantes
2289 2999 2533 3065 erimina,
2561 3014 2669 3054 non
2698 2999 2817 3054 aliis
2837 3040 2853 3064 ,
2898 3000 2992 3054 sed
3023 3000 3174 3054 nobis
3199 3000 3327 3069 ipsis
3353 3014 3483 3055 cau-

1905 3104 2018 3142 sam
2039 3089 2422 3145 adscriliamus.
2442 3089 2548 3145 Nec
2564 3090 2705 3145 enim
2726 3092 2863 3161 magi
2896 3099 3123 3146 trutuum
3141 3091 3299 3145 modo
3320 3092 3486 3161 negli-

1904 3179 2102 3248 gentia,
2133 3179 2225 3233 sed
2268 3179 2437 3235 multo
2463 3180 2632 3249 magis
2662 3190 2839 3234 nostra
2883 3179 3079 3235 delicta
3131 3180 3266 3235 mala
3296 3195 3482 3236 accer-

1906 3272 2129 3326 sierunt.
2158 3269 2248 3327 Sic
2269 3272 2444 3342 itaque
2474 3271 2577 3327 huc
2603 3272 2889 3327 adveniens
2915 3287 3008 3327 sua
3030 3272 3253 3343 quisque
3278 3272 3485 3327 exami-

1906 3370 1997 3415 net
2015 3360 2228 3427 delicta,
2258 3377 2356 3416 nec
2377 3362 2535 3416 alium
2560 3362 2783 3427 incuset,
2808 3370 2862 3416 et
2890 3372 3204 3429 przescntem
3224 3360 3487 3431 gloriﬁca-

1906 3453 2106 3507 tionem
2134 3467 2254 3507 cum
2282 3452 2387 3507 ritu
2411 3452 2619 3507 decenti
2644 3452 2869 3508 emittat.
2888 3451 3038 3521 Quod
3055 3461 3230 3507 autem
3257 3451 3487 3524 exigitur

1904 3546 1972 3601 ad
2003 3546 2336 3610 modestiam,
2370 3545 2472 3600 hoc
2496 3554 2578 3600 est
2609 3562 2622 3598 :
2657 3545 2903 3616 primum,
2933 3544 3094 3600 corde
3122 3545 3351 3600 contrito
3393 3559 3486 3601 ae-

1904 3638 2097 3694 cedcre
2130 3638 2195 3692 ad
2226 3638 2423 3693 Deum:
2451 3636 2640 3692 deinde
2667 3636 2843 3691 cordis
2872 3634 3118 3693 affectum
3149 3638 3262 3707 ipso
3290 3636 3483 3692 visibili

1906 3733 2086 3787 habitu
2112 3732 2405 3799 declarare,
2438 3731 2561 3786 item
2594 3729 2769 3784 standi
2801 3732 2983 3794 modo,
3010 3744 3258 3783 manuum
3289 3729 3370 3783 det
3386 3742 3483 3784 ora

1903 3825 2310 3894 compositione,
2332 3823 2537 3894 placida
2562 3822 2898 3891 demissaque
2924 3836 3073 3876 voce.
3092 3820 3223 3875 Nam
3247 3820 3299 3875 id
3332 3820 3485 3878 facile

1904 3924 2006 3980 est,
2032 3924 2087 3968 et
2115 3921 2292 3982 potest
2312 3912 2549 3982 quisquis
2574 3911 2819 3965 voluerit.
2851 3911 2950 3978 Qui
2978 3910 3069 3965 fiet
3092 3910 3266 3980 igitur,
3290 3921 3345 3965 ut
3369 3926 3489 3965 om-

1904 4019 2000 4060 nes
2025 4020 2121 4059 suo
2138 4002 2422 4074 fungantur
2440 4001 2656 4057 ofﬁcio?
2683 4000 2949 4057 Ponamus
2970 4001 3123 4055 nobis
3148 4001 3278 4073 ipsis
3308 4001 3483 4073 legem

1902 4096 2264 4166 dicamusque,
2291 4094 2346 4149 In
2379 4095 2638 4165 publicam
2682 4093 2961 4149 utilitatem
3011 4091 3095 4148 lex
3123 4095 3330 4164 prodita
3373 4105 3481 4161 est,

1900 4197 1954 4243 et
1978 4187 2134 4257 hujus
2162 4186 2400 4241 utilitatis
2427 4194 2636 4253 oportet
2664 4201 2761 4239 nos
2797 4199 2984 4240 omnes
3022 4198 3140 4239 esse
3170 4185 3477 4256 participes.

1900 4280 2233 4348 Quapropter
2260 4286 2314 4332 et
2343 4276 2621 4331 indecoras
2651 4290 2811 4330 voces
2840 4290 3165 4345 premamus,
3199 4290 3483 4332 manuum-

1899 4385 2003 4440 que
2026 4368 2459 4439 gesticulationes
2487 4366 2836 4436 corripiamus
2854 4408 2868 4432 ,
2903 4366 2998 4422 has
3023 4366 3334 4435 coniunctas
3380 4384 3482 4423 ex-

1902 4460 2144 4515 hibentes
2189 4458 2299 4513 Deo
2320 4498 2335 4522 ,
2366 4472 2465 4512 nec
2493 4456 2853 4527 incompositis
2886 4458 3117 4511 motibus
3146 4458 3479 4514 attollantur.

1899 4551 2022 4606 Odit
2060 4550 2201 4606 enim
2233 4549 2335 4603 hoc
2360 4549 2498 4602 Deus
2521 4557 2575 4603 et
2598 4557 2891 4614 aversatur,
2922 4547 3061 4601 sicut
3095 4558 3279 4602 contra
3326 4564 3478 4601 com-

1900 4645 2128 4714 positum
2156 4657 2219 4696 ac
2243 4640 2538 4695 modestum
2564 4649 2705 4694 amat
2730 4640 3038 4710 espetitque
3062 4656 3075 4693 :
3103 4642 3181 4693 Ad
3200 4656 3367 4710 quem,
3397 4640 3481 4694 in-

1897 4738 2031 4806 quit,
2062 4734 2345 4804 respiciam,
2368 4733 2465 4787 nisi
2493 4732 2561 4786 ad
2600 4744 2915 4787 mansuetum
2942 4743 2987 4785 et
3016 4733 3256 4803 quietum,
3279 4741 3325 4787 et
3372 4742 3476 4787 tre-

1897 4839 2108 4883 mentem
2132 4828 2280 4882 verba
2326 4843 2437 4880 mea
2467 4823 2617 4897 (Isai.
2646 4824 2736 4880 66.
2761 4823 2856 4896 2)?
2905 4824 3155 4880 Dicamus
3181 4825 3298 4880 aliis
3336 4826 3428 4882 alii
3460 4842 3475 4880 '.

1896 4920 2012 4975 Non
2041 4920 2153 4974 vult
2182 4919 2343 4983 Deus,
2372 4927 2429 4972 ut
2455 4916 2612 4971 simul
2636 4931 2756 4971 cum
2787 4915 2905 4986 ipso
2929 4915 3226 4987 loquamur,
3250 4926 3304 4971 et
3335 4918 3476 4972 inter

1898 5030 1997 5071 nos
2026 5015 2340 5078 fabulemur,
2370 5026 2470 5066 nec
2497 5010 2716 5081 patitur,
2745 5019 2804 5065 ut
2846 5010 3019 5080 ipsum
3064 5009 3259 5081 alloqui
3308 5010 3474 5065 inter-

1897 5108 2167 5163 mittentes
2214 5104 2555 5176 praesentium
2603 5102 3059 5159 confabulationes
3112 5103 3473 5171 suscitemus,

1896 5215 2157 5271 caenoque
2201 5198 2511 5269 margaritas
2556 5196 2997 5252 contaminemus.
3047 5194 3318 5266 Siquidem
3373 5197 3476 5253 hoc

1895 5306 2045 5347 suam
2084 5290 2461 5345 contumeliam
2502 5302 2623 5343 esse
2658 5288 2825 5353 ducit,
2858 5303 2962 5341 non
3006 5286 3473 5357 glorificationem.

1895 5384 2043 5450 Quod
2070 5384 2113 5437 si
2159 5384 2280 5453 quis
2307 5382 2532 5437 voluerit
2557 5381 2657 5436 hoc
2684 5389 3004 5450 praeceptum
3038 5380 3337 5449 praeterire,
3378 5380 3477 5434 ob-

1895 5482 2135 5529 turemus
2164 5474 2236 5527 illi
2265 5487 2357 5541 os,
2387 5484 2650 5544 tamquam
2680 5470 2867 5526 salutis
2898 5470 3256 5526 insidiatorem
3286 5470 3477 5541 expel-

1956 5656 2028 5717 (a)
2062 5655 2117 5703 In
2153 5662 2346 5713 Graeco,
2370 5667 2503 5714 «ut.
2539 5666 2645 5717 tat.
2680 5665 2853 5711 ιοιιίλην.
2889 5650 2946 5701 In
2982 5653 3108 5702 hunc
3144 5656 3301 5702 locum
3338 5661 3477 5706 notat

1889 5716 2029 5766 savii.
2058 5731 2070 5765 :
2106 5736 2127 5761 ι
2153 5717 2347 5765 Florens
2369 5716 2556 5765 retinet
2589 5716 2847 5764 lectionem
2864 5720 3148 5777 nomanam,
3171 5728 3277 5777 qui.
3300 5729 3473 5777 los-ms.

1889 5780 2099 5848 inducto.
2125 5796 2284 5835 στολήν,
2307 5780 2551 5838 vertitque
2573 5789 2633 5824 ex
2648 5778 2807 5826 veteri
2826 5774 3084 5836 Glossario,
3107 5774 3244 5825 tenue
3270 5774 3474 5843 Babylo;

1890 5854 2065 5890 mrum.
2090 5857 2111 5885 ι
