4144 6466
608 412 720 469 107

615 530 885 591 l:nnus,et
934 517 1177 579 ecclesia:
1229 522 1427 572 sancta:
1456 510 1619 582 septis
1647 507 1943 579 ejiciamus.
1985 500 2098 559 [loc
2146 500 2193 555 si

616 622 922 683 iecerimus,
950 621 1131 670 nostra
1154 608 1369 682 quidem
1400 613 1615 675 peccata
1642 600 1914 670 superiora
1946 596 2100 652 facile
2121 594 2195 650 di-

617 712 844 776 luemus,
879 709 1051 779 ipsum
1077 711 1257 757 autem
1290 697 1570 753 Dominum
1600 691 1916 748 habebimus
1943 690 1996 744 in
2018 686 2195 742 medio

616 813 857 862 nostrum
887 815 988 855 una
1032 811 1154 852 cum
1180 791 1379 848 sanctis
1406 787 1607 859 angelis
1636 785 2115 855 chorosagentem,
2143 787 2199 834 et

612 896 806 966 cuique
853 889 1129 948 modestia:
1172 895 1399 940 coronas
1449 878 1875 935 distribuentem.
1935 871 2195 941 Quoniam

613 964 757 1043 enim
808 992 892 1039 est
919 980 1185 1036 humanus
1211 989 1276 1029 ac
1319 971 1621 1037 muniﬁcus,
1658 967 1894 1040 gaudens
1917 964 1987 1020 de
2014 973 2198 1018 nostra

616 1078 818 1141 salute;
849 1074 969 1128 ideo
997 1070 1271 1125 obiectans
1290 1079 1410 1120 sese
1436 1062 1590 1118 bonis
1614 1059 1811 1117 nostris
1834 1057 2088 1113 caelorum
2108 1070 2197 1111 re-

616 1182 778 1239 gnum
808 1163 1068 1236 promisit,
1099 1168 1155 1215 et
1198 1158 1322 1213 vita:
1374 1151 1790 1224 incorruptibilis
1835 1148 2195 1214 consortium,

617 1237 903 1326 omniaque
934 1254 1068 1308 bona
1114 1248 1446 1321 praeparavit,
1480 1244 1666 1301 volens
1696 1255 1793 1297 nos
1818 1240 1869 1294 in
1898 1239 1981 1293 his
2005 1237 2201 1293 habere

621 1344 962 1404 tabernacula
997 1344 1011 1376 ¹
1046 1361 1059 1397 :
1087 1356 1204 1412 quin
1225 1339 1380 1394 nobis
1397 1336 1645 1393 omnibus
1670 1332 1942 1403 contingat
1966 1328 2197 1399 assequi,

618 1440 787 1513 gratia
811 1446 866 1492 et
895 1434 1226 1489 humanitate
1251 1429 1460 1486 Domini
1489 1425 1656 1482 nostri
1685 1423 1812 1479 Jesu
1840 1422 2060 1488 Christi,
2081 1420 2201 1491 qui-

618 1512 740 1586 cum
771 1527 927 1584 decet
946 1526 1135 1597 gloria,
1164 1523 1468 1592 imperium,
1504 1519 1676 1573 honor
1714 1523 1768 1570 et
1794 1513 2034 1570 adoratio
2060 1512 2201 1567 Patri

620 1633 675 1678 et
693 1628 880 1678 saneto
907 1617 1147 1689 Spiritui,
1181 1628 1324 1670 nunc
1362 1622 1417 1669 et
1449 1624 1683 1681 semper,
1708 1619 1762 1663 et
1799 1607 1856 1661 in
1879 1604 2072 1662 saecula
2099 1618 2204 1658 sae-

621 1713 883 1771 culorum.
920 1712 1110 1765 Amen.

1000 1860 1342 1919 EJUSDEM
1380 1854 1701 1914 HOMILM
1742 1852 1827 1909 11.

627 2004 685 2057 In
711 2000 911 2057 dictum
934 1997 1062 2053 illud
1090 1996 1240 2053 Isaia:
1262 1992 1555 2065 propheta),
1586 1991 1805 2045 Factum
1824 1997 1896 2044 est
1925 2004 2080 2052 anno,
2107 1994 2209 2059 quo

698 2106 927 2151 mortuus
951 2104 1022 2148 est
1054 2091 1206 2148 Ozias
1226 2107 1336 2155 res,
1354 2089 1456 2144 uidi
1481 2087 1755 2143 Dominum
1775 2085 2025 2141 sedentem
2052 2084 2106 2137 in
2131 2098 2214 2137 so—

698 2188 769 2242 lio
797 2185 992 2241 excelso
1028 2193 1074 2238 et
1101 2184 1291 2238 elevato
1332 2179 1483 2253 (Isai.
1529 2175 1693 2252 6.1);
1744 2186 1800 2232 et
1851 2172 1994 2246 quod
2043 2187 2214 2243 neque

702 2291 941 2351 tempus,
971 2291 1142 2348 neque
1172 2289 1337 2331 unum
1382 2273 1705 2329 elementum
1740 2268 2040 2325 divinarum
2064 2264 2214 2322 Scri-

702 2383 975 2445 pturarum
1004 2376 1249 2442 oporteat
1270 2375 1700 2438 prmtercurrere.

706 2509 760 2563 l.
785 2506 906 2562 Suis
935 2506 995 2559 de
1014 2505 1217 2559 illorum
1238 2502 1405 2558 studio
1431 2498 1670 2554 audiendi
1693 2497 1893 2553 verbum
1918 2495 2013 2550 Dei
2038 2504 2213 2566 gratu-

635 2611 773 2658 tatur
806 2600 1213 2670 Cltrgaostomns;
1238 2595 1395 2664 ipsis:
1424 2592 1667 2647 modestia
1690 2599 1735 2644 et
1766 2606 1886 2660 ergo
1904 2604 2021 2643 suos
2049 2604 2213 2641 amor.

635 2727 707 2738 ——
725 2692 942 2751 Gaudeo
968 2689 1301 2759 conSpiciens
1334 2701 1430 2741 vos
1455 2685 1521 2740 ad
1547 2682 1808 2739 audienda
1831 2695 1980 2738 sacra
2008 2679 2219 2750 eloquia

636 2795 1039 2853 concurrentes,
1066 2784 1223 2855 idque
1256 2782 1510 2838 iudicium
1550 2794 1670 2834 esse
1716 2776 2004 2833 maximum
2040 2773 2221 2844 judico

638 2880 798 2936 vestri
828 2880 881 2934 in
910 2877 1002 2933 Dei
1030 2875 1172 2932 cultu
1194 2889 1257 2929 ac
1282 2873 1478 2944 pietate
1504 2884 1839 2941 progressus.
1866 2865 2223 2935 Quemadmo-

640 2975 766 3030 dum
814 2973 954 3027 cnim
1000 2968 1301 3041 appetentia
1336 2965 1441 3020 cibi
1478 2962 1717 3035 corporis
1743 2960 1937 3014 bonam
1964 2955 2223 3011 valetudi-

641 3079 763 3120 nem
790 3063 1025 3118 declarat
1047 3100 1066 3123 ,
1095 3060 1174 3113 sic
1202 3066 1255 3112 ct
1291 3068 1568 3112 sermones
1609 3062 1859 3121 appetere
1894 3048 2221 3115 spirituales,

642 3156 836 3212 animae
875 3153 1155 3209 sanitatem
1193 3147 1388 3216 arguit.
1421 3143 1640 3200 Gaudeo
1664 3139 1875 3211 quidem
1904 3138 2061 3207 igitur
2100 3150 2223 3203 pro-

642 3257 761 3319 pter
790 3245 927 3299 hoc:
971 3249 1222 3296 caeterum
1256 3249 1445 3291 vereor
1493 3246 1561 3286 ne
1598 3229 1737 3284 forte
1765 3242 1869 3281 non
1906 3226 2102 3295 possim
2132 3224 2227 3277 ali-

642 3316 770 3410 quid
796 3335 1005 3391 adferre
1030 3331 1245 3402 dignum
1269 3328 1373 3381 isto
1394 3332 1570 3379 vestro
1598 3318 1887 3376 desiderio.
1916 3316 2005 3372 Sic
2034 3324 2087 3368 et
2116 3328 2231 3368 ma-

645 3443 727 3487 ter
754 3442 938 3484 amans
963 3426 1110 3481 dolet
1131 3465 1145 3489 ,
1175 3420 1385 3492 quoties
1424 3418 1705 3471 lactentem
1752 3413 1953 3467 habens
1977 3424 2222 3481 puerum,

646 3538 750 3577 non
783 3527 956 3589 potest
994 3517 1067 3572 illi
1108 3514 1324 3583 largiter
1362 3509 1601 3580 przebcre
1639 3507 1791 3561 lactis
1821 3504 2061 3560 fontem:
2091 3510 2227 3556 atta-

645 3627 767 3667 men
795 3620 1112 3680 quamquam
1140 3605 1276 3658 lacte
1304 3610 1765 3665 earet,mammam
1798 3605 1972 3649 tamen
1999 3593 2108 3659 dat,
2140 3593 2229 3648 ille

646 3719 775 3758 vero
813 3708 1080 3769 acceptam
1112 3695 1271 3749 trahit
1294 3692 1537 3762 sugitque
1557 3731 1570 3754 ,
1598 3698 1651 3741 et
1675 3702 1769 3741 ore
1794 3685 2042 3755 papillam
2072 3682 2228 3737 refri-

646 3803 949 3865 gesceutetn
978 3788 1310 3850 ealefacicns,
1333 3785 1449 3853 plus
1469 3796 1625 3853 quam
1648 3786 1762 3833 erat
1786 3777 1932 3832 elicit
1956 3775 2227 3829 alimenti:

649 3898 821 3950 mater
872 3899 1001 3939 vero
1048 3881 1193 3935 dolet
1231 3877 1443 3948 quidem
1482 3869 1610 3929 'dum
1653 3872 1818 3943 ipsius
1860 3866 2233 3924 distenduntur

650 3982 837 4039 ubera,
866 3991 965 4030 nec
995 3984 1168 4028 tamen
1211 3970 1423 4041 repellit
1465 3982 1686 4037 puerum
1713 3982 1727 4018 :
1758 3972 1929 4019 mater
1956 3960 2097 4017 enim
2127 3969 2231 4027 est,

649 4080 705 4126 et
742 4068 918 4126 omnia
960 4071 1217 4136 prmoptat
1257 4059 1461 4131 perpeti
1504 4056 1703 4127 potius,
1744 4068 1901 4124 quam
1934 4060 1990 4105 ut
2022 4060 2231 4120 partum

651 4178 803 4218 suum
853 4158 1150 4216 contristet.
1200 4156 1383 4224 Itaque
1425 4150 1468 4204 si
1511 4159 1709 4203 matres
1747 4159 1870 4215 erga
1904 4144 2065 4197 fretus
2110 4156 2234 4197 suos

652 4265 855 4311 tantum
900 4248 1157 4306 exhibent
1202 4257 1459 4305 amorem,
1498 4240 1668 4294 multo
1706 4238 1873 4307 magis
1899 4241 2109 4305 oportet
2141 4244 2236 4285 nos

654 4361 779 4415 erga
818 4351 1055 4399 vestram
1090 4338 1363 4392 caritatem
1400 4332 1647 4387 similiter
1679 4327 1895 4381 allectos
1934 4339 2071 4379 esse.
2104 4322 2236 4377 Nam

653 4412 875 4508 spiritus
898 4440 1082 4504 partus
1105 4425 1529 4483 vehementiores
1554 4428 1678 4475 sunt
1706 4433 1863 4489 quam
1889 4425 2108 4469 naturze.
2136 4412 2238 4466 lta-

656 4507 760 4600 que
790 4524 1000 4583 tametsi
1027 4521 1177 4576 nobis
1207 4532 1389 4573 mensa
1418 4513 1635 4568 multam
1666 4512 1825 4564 habet
1850 4507 2145 4578 penuriam,
2172 4520 2239 4559 ne

657 4624 736 4676 sic
779 4616 992 4689 quidem
1037 4628 1156 4667 eam
1195 4606 1612 4669 occultahimus,
1644 4600 1737 4655 sed
1768 4610 1946 4654 nostra
1976 4599 2153 4652 omnia
2186 4597 2237 4652 in

662 4712 893 4769 medium
936 4704 1263 4777 proicrentes
1294 4712 1623 4770 apponemus
1652 4694 1820 4748 vobis.
1853 4690 2005 4758 Quod
2034 4691 2077 4745 si
2105 4706 2239 4760 pau-

658 4806 779 4861 cula
825 4802 941 4857 lucc
988 4806 1111 4853 sunt
1144 4795 1393 4863 viliaque,
1422 4788 1778 4861 praebebimus
1804 4794 2001 4838 tamen.
2034 4781 2163 4835 Nam
2190 4791 2243 4836 et

664 4899 752 4951 ille
774 4898 793 4927 ²
825 4893 910 4947 cui
937 4891 1192 4945 talentum
1235 4894 1350 4939 erat
1391 4880 1647 4936 creditum
1670 4919 1685 4944 ,
1726 4892 1829 4931 non
1861 4875 1981 4944 quia
2011 4874 2243 4943 quinque

665 4992 859 5045 talenta
893 5001 998 5039 non
1025 4984 1163 5047 tulit,
1195 4981 1264 5034 ob
1290 4978 1341 5031 id
1370 4977 1640 5030 incusatus
1665 4978 1765 5033 est,
1791 4966 1883 5021 sed
1908 4965 2047 5037 quod
2081 4980 2242 5017 unum

666 5080 793 5136 illud
824 5074 1105 5135 defuderit,
1132 5070 1273 5139 quod
1302 5074 1597 5135 acceperat,
1628 5061 1775 5117 dedit
1805 5074 1990 5129 pmnas
2016 5056 2032 5125 (
2058 5054 2241 5107 Matth.

665 5175 759 5229 95.
786 5170 879 5224 Ἧι.
905 5183 1012 5239 sqq.
1038 5164 1078 5236 ).
1129 5161 1397 5231 Siquidem
1427 5158 1625 5215 hocest
1652 5153 1793 5223 quod
1824 5151 2078 5220 quaeritur
2107 5145 2245 5215 apud

670 5267 838 5320 Deum
860 5271 911 5315 et
932 5257 1070 5329 apud
1103 5254 1364 5315 homines,
1392 5264 1495 5304 non
1526 5247 1758 5301 multane
1782 5252 1869 5297 aut
1890 5256 2052 5312 pauca
2080 5239 2248 5309 depo-

672 5376 789 5426 nas,
834 5354 926 5409 sed
972 5367 1038 5405 ne
1076 5347 1397 5403 oblationem
1440 5339 1633 5395 oll‘eras
1672 5337 2005 5391 facultatibus
2028 5331 2248 5386 infcrio-

675 5425 810 5505 rem.
842 5444 1076 5501 Audistis
1106 5453 1276 5508 nuper
1302 5449 1424 5491 cum
1452 5432 1604 5487 nobis
1632 5430 1812 5483 datum
1843 5435 1983 5481 esset
2020 5425 2121 5478 hoc
2157 5425 2252 5477 ho-

739 5608 753 5635 ¹
794 5611 919 5651 Unus
941 5599 1120 5655 habet,
1145 5593 1301 5645 volens
1325 5602 1408 5640 uos
1443 5588 1495 5638 in
1528 5587 1604 5636 Itis
1633 5584 1806 5634 habere
1840 5578 2146 5631 tabernacula
2203 5577 2252 5627 in

1000 5726 1165 5772 Nostra
1180 5728 1341 5769 omnia
1359 5713 1408 5777 in
1425 5710 1637 5777 medium
1649 5710 1946 5777 proferentes
1966 5716 2257 5777 apponemus

677 5765 1028 5849 robii—erigite
1040 5765 1305 5849 _et
1328 5774 1515 5849 minimi
1535 5765 1691 5849 pretii,
1713 5765 1968 5821 metuentes
1990 5765 2256 5816 diminutio-

679 5837 1071 5915 stigmatum;
1086 5844 1128 5895 si
1146 5842 1337 5907 quidem
1359 5847 1404 5891 t’l
1425 5837 1523 5898 itte,
1549 5844 1641 5886 etc.

1323 401 1380 460 S.
1418 397 1694 458 JOANNIS
1728 386 2206 454 οιιιιγδοετοιιι
2244 382 2559 445 ARCHIEP.
2598 379 3123 443 CONSTANTINOP.

3769 404 3883 461 108

2302 500 2470 565 noris,
2502 506 2561 554 ut
2586 498 2726 570 apud
2752 500 3028 556 caritatem
3050 506 3277 555 vestram
3301 501 3887 569 disseret-emus,.l‘sal~

2304 606 2451 647 mum
2483 591 2630 645 illum
2660 591 2955 663 legentibus
2980 590 3154 658 nobis,
3182 592 3271 667 qui
3300 602 3637 662 peccatorem
3659 609 3690 649 e
3714 597 3891 652 sacris

2300 685 2466 756 septis
2484 683 2723 755 eiiciens,
2749 684 2966 755 angelos
2988 698 3352 755 supernasque
3379 686 3604 740 virtutes
3635 686 3889 745 hortaba-

2302 784 2390 831 tur
2423 775 2490 830 ad
2519 773 2840 831 laudandum
2882 776 3247 830 universorum
3293 776 3481 832 Deum.
3507 775 3678 832 Vultis
3723 777 3887 847 igitur

2301 876 2356 923 et
2394 866 2554 921 hodie
2596 866 2739 922 idem
2780 866 3079 938 angelicum
3118 866 3287 923 melos
3312 867 3331 899 ¹
3372 866 3673 935 audiamus,
3716 882 3887 937 prope

2304 958 2411 1013 illic
2437 956 2630 1012 alicubi
2656 957 2934 1013 astantes?
2956 956 3083 1011 Mihi
3106 965 3251 1013 certe
3274 957 3501 1013 videtur.
3547 958 3679 1013 Nam
3705 960 3748 1013 si
3782 958 3887 1012 ho-

2303 1052 2477 1109 mines
2504 1052 2748 1108 scelerati
2767 1051 2895 1108 dum
2918 1050 3142 1107 choreas
3167 1059 3328 1120 agunt
3354 1050 3405 1105 in
3434 1051 3566 1116 foro,
3596 1052 3648 1105 in
3667 1049 3888 1121 profun-

2303 1146 2371 1204 da
2393 1146 2619 1217 caligine
2647 1153 2909 1216 nocteque
2938 1146 3256 1214 intempesta
3296 1144 3621 1199 meretricia
3658 1143 3886 1198 cantile-

2306 1254 2405 1296 nas
2449 1239 2747 1308 mollesque
2796 1247 3052 1294 canentes
3085 1237 3381 1302 cantiones,
3412 1242 3576 1291 totam
3610 1235 3884 1291 civitatem

2305 1332 2459 1389 nobis
2482 1330 2735 1393 excitant,
2769 1338 2823 1384 et
2846 1328 2913 1384 ad
2942 1343 3062 1384 sese
3089 1334 3407 1383 convertunt
3435 1342 3449 1378 :
3477 1340 3573 1379 nos
3594 1326 3886 1380 caelestium

2309 1421 2621 1494 populorum
2644 1418 2892 1490 supernis
2920 1419 3097 1474 choris
3127 1418 3324 1488 Regem
3350 1416 3587 1471 universi
3612 1414 3888 1473 celebran-

2308 1515 2449 1570 tibus
2475 1529 2579 1569 uon
2605 1526 2947 1568 occurremus
2971 1552 2987 1576 ,
3011 1524 3116 1564 non
3155 1508 3431 1563 audiemus
3465 1506 3696 1562 divinam
3742 1503 3890 1559 illam

2312 1619 2375 1660 ac
2399 1604 2608 1660 beatam
2635 1601 2866 1658 vocem?
2890 1600 2955 1655 Et
2973 1614 3092 1670 qua:
3122 1600 3275 1653 nobis
3312 1598 3525 1652 dabitur
3557 1596 3753 1651 venia?
3780 1594 3892 1650 Sed

2312 1696 2577 1768 quomodo
2595 1737 2610 1764 ,
2644 1696 2849 1766 inquis,
2880 1693 3006 1747 licet
3027 1690 3255 1745 audire?
3279 1687 3334 1745 Si
3361 1691 3412 1742 in
3441 1689 3614 1758 ipsum
3633 1684 3892 1742 ascende-

2312 1788 2481 1843 rimus
2508 1786 2731 1853 cadum,
2755 1785 2858 1841 etsi
2883 1799 2989 1839 non
3026 1796 3253 1852 corpore
3276 1822 3293 1847 ,
3325 1788 3505 1835 mente
3547 1788 3763 1834 tamen:
3791 1776 3891 1831 etsi

2313 1880 2489 1934 minus
2517 1879 2817 1948 praesentia,
2842 1884 2987 1931 certe
3010 1874 3349 1945 cogitatione.
3377 1871 3512 1926 Nam
3535 1884 3729 1939 corpus
3754 1882 3891 1938 quo-

2316 1971 2459 2026 niam
2492 1979 2741 2026 terrestre
2764 1978 2846 2023 est
2866 1982 2929 2022 ac
2952 1981 3111 2037 grave
3136 1973 3321 2019 natura
3341 2003 3357 2029 ,
3395 1970 3575 2017 manet
3604 1962 3655 2014 in
3690 1957 3852 2014 terris
3877 1976 3890 2012 :

2316 2064 2490 2119 anima
2524 2076 2652 2117 vero
2676 2061 2743 2115 ab
2766 2059 2867 2115 hac
2886 2059 3201 2115 necessitate
3224 2066 3308 2112 est
3332 2056 3522 2120 libera,
3540 2052 3898 2121 facillimeque

2316 2157 2382 2211 ad
2422 2156 2680 2211 altissima
2711 2153 2913 2225 lougiss
2934 2166 3124 2221 meque
3163 2158 3365 2205 semota
3403 2148 3520 2202 loca
3547 2145 3793 2201 advolat:
3824 2145 3896 2198 ita

2321 2258 2377 2303 ut
2405 2248 2564 2304 etiam
2610 2247 2654 2300 si
2694 2244 2823 2300 velit
2852 2243 2920 2299 ad
2948 2251 3216 2298 extremos
3245 2240 3391 2295 orbis
3420 2238 3678 2294 terminos
3708 2249 3896 2305 perve-

2320 2341 2434 2396 nire
2456 2382 2476 2408 ,
2502 2347 2594 2394 aut
2620 2340 2670 2392 in
2699 2336 2889 2392 caelum
2918 2332 3208 2390 ascendere
3232 2374 3248 2399 ,
3276 2330 3407 2386 nihil
3425 2313 3506 2383 °sit
3541 2328 3682 2398 quod
3710 2335 3852 2380 vetet
3880 2343 3896 2379 :

2318 2433 2453 2487 adeo
2475 2432 2569 2501 ipsi
2598 2430 2740 2484 leves
2759 2428 3134 2498 cogitationum
3161 2423 3274 2478 alas
3296 2422 3444 2477 dedit
3469 2420 3627 2475 Deus.
3653 2417 3759 2472 Nec
3786 2426 3899 2470 tau-

2322 2534 2433 2579 tum
2472 2526 2582 2579 alas
2620 2523 2764 2578 leves
2808 2519 2973 2584 dedit,
3022 2531 3206 2572 verum
3248 2524 3303 2569 et
3332 2512 3516 2569 oculos
3555 2511 3774 2579 largitus
3795 2514 3896 2566 est.

2322 2613 2489 2669 multo
2522 2627 2678 2682 quam
2715 2610 2952 2679 corporis
3002 2605 3438 2677 perspicaciores.
3475 2600 3607 2671 Nam
3661 2595 3901 2666 corporis

2323 2714 2593 2777 aspectus,
2634 2704 2679 2757 si
2719 2702 2932 2773 quidem
2967 2713 3064 2768 per
3101 2710 3326 2751 vacuum
3366 2707 3545 2748 aerem
3580 2689 3802 2754 feratur,
3835 2684 3903 2740 ad

2326 2798 2541 2867 longum
2572 2793 2907 2849 intervallum
2937 2788 3273 2860 progreditur
3302 2804 3317 2840 :
3343 2783 3485 2855 quod
3512 2784 3554 2836 si
3580 2784 3630 2836 in
3652 2781 3900 2847 exiguum

2325 2903 2519 2957 corpus
2559 2885 2859 2955 impegerit,
2902 2897 3007 2937 non
3051 2880 3207 2934 aliter
3244 2892 3402 2947 quam
3448 2875 3619 2929 ﬂuxus
3648 2873 3737 2942 qui
3768 2871 3902 2925 ferc-

2326 2979 2502 3044 batur,
2528 2977 2802 3031 obstaculo
2821 2973 3084 3044 repulsus,
3107 2971 3283 3025 denuo
3306 2978 3596 3023 retrorsum
3624 2962 3902 3017 avertitur:

2325 3087 2511 3127 verum
2539 3069 2700 3124 animi
2724 3068 2864 3123 oculi
2911 3064 3116 3121 etiamsi
3146 3063 3376 3133 parietes
3397 3100 3411 3124 ,
3435 3055 3643 3113 etiamsi
3675 3052 3901 3113 muenia,

2329 3162 2536 3218 etiamsi
2581 3161 2839 3213 montium
2882 3155 3069 3217 moles,
3115 3154 3323 3209 etiamsi
3371 3151 3629 3206 cmlorum
3681 3160 3903 3214 corpora

2330 3250 2693 3321 compererint
2733 3248 3017 3308 obstantia,
3049 3244 3224 3298 omnia
3273 3242 3426 3296 facile
3466 3246 3902 3310 prmtereurrunt.

2332 3345 2579 3399 Attamen
2604 3354 2725 3395 eum
2756 3348 2952 3394 tantam
2984 3336 3171 3391 habeat
3194 3335 3526 3390 celeritatem
3553 3339 3606 3385 et
3632 3322 3909 3385 oculorum

2332 3433 2499 3488 aciem
2525 3430 2722 3498 anima,
2747 3444 2851 3484 non
2882 3443 2948 3484 ex
2970 3441 3089 3482 sese
3114 3424 3389 3480 sufﬁciens
3412 3432 3494 3478 est
3518 3422 3584 3476 ad
3614 3421 3907 3490 intelligen-

2331 3525 2460 3579 tiam
2487 3538 2663 3579 rerum
2689 3519 2977 3576 ctelestium
2996 3558 3012 3585 ,
3042 3517 3135 3573 sed
3162 3531 3295 3585 opus
3322 3515 3413 3569 illo
3438 3513 3597 3567 habet
3622 3512 3713 3581 qui
3740 3512 3910 3581 ipsam

2332 3630 2492 3670 manu
2533 3614 2779 3669 deducat.
2821 3610 3100 3666 Faciamus
3126 3608 3285 3676 igitur
3309 3605 3448 3675 quod
3480 3605 3530 3657 in
3558 3618 3741 3671 regum
3768 3600 3910 3670 pala-

2335 3710 2422 3764 tiis
2451 3709 2624 3763 facere
2653 3707 2864 3770 solent,
2888 3702 2979 3772 qui
3007 3702 3227 3769 cupiunt
3245 3715 3304 3753 ea
3330 3698 3529 3751 videre.
3558 3694 3693 3762 Quid
3733 3700 3910 3746 autem

2337 3802 2413 3855 illi
2448 3798 2684 3853 faciunt?
2725 3796 2823 3852 Ubi
2853 3793 3160 3865 quassierint
3188 3804 3310 3845 eum
3336 3789 3419 3843 cui
3450 3788 3628 3841 claves
3656 3782 3909 3840 commis-

2336 3908 2411 3947 sa:
2457 3899 2601 3954 sunt,
2650 3888 2797 3942 illum
2846 3883 3064 3947 adeunt,
3102 3882 3441 3950 alloquuntur
3493 3884 3548 3930 et
3593 3874 3910 3944 supplicant,

2339 3984 2646 4054 frequenter
2670 3988 2723 4033 et
2746 3975 3027 4048 pecuniam
3056 3978 3339 4026 numerant
3363 4010 3377 4033 ,
3406 3977 3464 4021 ut
3493 3966 3620 4037 ipsis
3648 3962 3912 4034 gratifice—

2339 4053 2445 4129 tur.
2477 4071 2742 4127 Adeamus
2771 4080 2898 4136 ergo
2923 4073 2978 4118 et
3006 4077 3102 4117 nos
3132 4075 3295 4115 unum
3324 4073 3510 4113 eorum
3530 4097 3545 4121 ,
3577 4053 3768 4125 quibus
3807 4066 3915 4105 em—

2339 4169 2499 4223 lestes
2526 4172 2693 4234 porta:
2730 4157 3031 4214 commissa:
3074 4160 3214 4218 sunt,
3257 4149 3606 4220 appellemus,
3647 4144 3915 4213 supplice-

2340 4271 2481 4322 mus,
2525 4267 2621 4320 pro
2655 4248 2875 4317 pecunia
2924 4250 3219 4314 promptam
3255 4240 3579 4293 voluntatem
3619 4235 3916 4288 sincerum-

2342 4366 2444 4421 que
2482 4346 2725 4402 allectum
2763 4340 3126 4396 exhiheamus.
3171 4335 3237 4388 Et
3263 4333 3307 4385 si
3339 4332 3430 4385 ille
3454 4327 3755 4384 mercedem
3784 4324 3919 4377 hanc

2342 4440 2626 4508 acceperit,
2678 4449 2834 4487 manu
2878 4440 3056 4483 nostra
3099 4423 3430 4495 apprehensa
3472 4435 3567 4489 per
3606 4417 3783 4471 omnia
3812 4414 3917 4467 cir-

2344 4532 2642 4591 cumducet,
2690 4543 2793 4580 non
2840 4525 2984 4577 illam
3023 4518 3311 4574 ostendens
3342 4515 3562 4584 regiam,
3605 4510 3700 4565 sed
3748 4511 3917 4578 ipsqu

2344 4627 2542 4696 Regem
2598 4622 2650 4675 in
2698 4617 2834 4673 solio
2870 4614 3169 4673 sedentem,
3212 4605 3545 4662 adstantibus
3602 4599 3921 4656 exercitibus

2347 4687 2776 4779 exercituumque
2829 4704 3052 4760 ducibus
3080 4740 3093 4763 ,
3149 4698 3517 4753 assistentibus
3566 4687 3921 4746 innumerabi-

2347 4806 2477 4860 lium
2517 4799 2822 4870 angelorum
2864 4802 2917 4847 et
2963 4788 3400 4857 archangelorum
3428 4784 3708 4843 millibus;
3750 4779 3921 4833 omnia

2352 4898 2634 4967 diligenter
2688 4888 2842 4943 nobis
2891 4883 3168 4945 ostendet,
3227 4890 3487 4949 quatenus
3548 4875 3699 4929 nobis
3748 4871 3923 4925 vidi-rc

2351 4992 2495 5046 licet.
2527 4986 2654 5055 Quis
2682 4983 2840 5053 igitur
2877 4986 2958 5031 est
2997 4977 3096 5029 iste
3134 4972 3219 5027 cui
3264 4974 3377 5024 haec
3416 4968 3616 5022 functio
3645 4961 3922 5020 commissa

2353 5092 2455 5145 est,
2485 5054 2647 5149 quam
2690 5078 2975 5142 sequentes
3014 5080 3155 5120 nunc
3194 5065 3434 5117 volumus
3474 5058 3717 5128 ingredi?
3746 5054 3921 5111 Isaias,

2354 5172 2731 5244 prophetarum
2758 5158 3145 5217 vocalissimus.
3170 5155 3308 5224 Ergo
3334 5166 3554 5206 necesse
3580 5158 3680 5213 est,
3705 5154 3760 5199 ut
3792 5144 3925 5197 hunc

2356 5268 2704 5333 alloquamur.

2428 5320 2708 5423 scriptura
2738 5343 2987 5418 quomodo
3011 5338 3295 5394 audienda.
3325 5362 3395 5376 --
3420 5333 3595 5403 Agite,
3631 5320 3926 5399 sequamini

2358 5422 2655 5513 composito
2679 5436 2844 5509 gradu
2871 5431 3201 5495 incedentes,
3236 5426 3402 5482 multo
3438 5438 3557 5478 cum
3586 5422 3798 5476 silentio
3824 5436 3837 5473 :
3864 5429 3928 5470 ne

2358 5537 2478 5609 quis
2523 5528 2845 5601 ingrediatur
2890 5522 3033 5577 curis
3084 5525 3305 5573 onustus
3354 5512 3655 5577 mundanis,
3710 5527 3779 5565 nc
3818 5505 3933 5576 quis

2361 5596 2521 5683 animi
2550 5622 2759 5685 dubius,
2802 5631 2867 5671 ne
2904 5613 3021 5685 quis
3050 5610 3302 5665 attonitus
3336 5625 3346 5659 :
3388 5620 3571 5659 verum
3619 5604 3730 5656 hare
3759 5596 3927 5652 omnia

2365 5723 2491 5777 foris
2516 5727 2638 5772 ante
2656 5714 2848 5770 ostium
2874 5709 3198 5777 deponantus
3215 5715 3419 5765 omnes,
3447 5708 3605 5768 atque
3633 5696 3699 5749 ita
3723 5694 3926 5747 deiuum

2434 5826 2450 5857 ι
2519 5818 2655 5867 Unus
2720 5820 2859 5881 legit,
2884 5808 3318 5879 mysticnmmclos.
