4144 6498
701 447 806 500 111

715 552 798 600 tur
827 544 1126 612 praeluceat.
1159 543 1288 608 Quae
1320 543 1364 596 si
1391 540 1664 596 sustuleris
1685 581 1700 605 ,
1731 541 1912 592 lumen
1954 534 2263 597 sustuleris,

714 633 993 702 omniaque
1020 632 1250 687 tenebris
1278 632 1542 700 multaque
1569 628 1863 687 turbatione
1897 625 2267 695 compleveris.

715 725 996 791 Propterea
1027 739 1182 776 omne
1212 724 1319 777 dati
1343 723 1657 790 acceptique
1687 721 1951 790 negotium
1972 760 1986 782 ,
2014 717 2126 773 sive
2149 731 2270 772 cum

716 813 925 876 amicis,
949 813 1061 865 sive
1086 828 1202 865 cum
1227 811 1471 874 inimicis,
1500 810 1608 864 sive
1626 825 1744 864 cum
1772 807 2000 873 famulis,
2023 808 2133 861 sive
2152 820 2272 860 cum

720 902 1146 971 procuratoribus
1164 910 1216 956 et
1235 900 1523 956 (economis
1537 907 1739 969 agatur,
1757 898 1856 953 hac
1870 905 1992 968 eget
2007 895 2271 960 cautione,

726 1001 780 1045 et
833 991 1024 1060 ubique
1080 1004 1324 1056 menses,
1371 1003 1537 1043 annos
1595 1002 1658 1045 ac
1699 987 1812 1042 dies
1873 985 2271 1040 subscribimus.

719 1079 867 1144 Quod
896 1080 940 1134 si
986 1088 1183 1133 tantum
1215 1079 1350 1133 valet
1390 1095 1450 1133 ea
1475 1092 1561 1133 res
1588 1078 1640 1132 in
1662 1076 1883 1146 negotiis
1911 1074 2273 1139 smcularibus,

729 1172 783 1224 in
836 1169 1196 1237 spiritualibus
1264 1169 1432 1223 multo
1491 1166 1716 1236 amplius
1759 1165 2035 1236 profuerit.
2102 1163 2276 1232 Siqui-

727 1262 848 1316 dem
887 1259 986 1314 hoc
1022 1260 1252 1314 declarat
1294 1259 1592 1329 prophetias
1629 1272 1746 1312 esse
1803 1255 2126 1326 prophetias.
2172 1254 2273 1312 Ne-

724 1371 828 1424 que
852 1352 991 1406 enim
1042 1350 1183 1405 aliud
1212 1349 1492 1419 quidquam
1522 1358 1604 1402 est
1655 1346 1926 1416 prophetia
1953 1386 1967 1409 ,
1995 1360 2151 1415 quam
2194 1360 2275 1400 re-

723 1460 841 1497 rum
860 1442 1149 1496 futurarum
1171 1440 1455 1494 enarratio.
1488 1438 1713 1493 Proinde
1733 1438 1821 1506 qui
1843 1435 2012 1492 nescit
2039 1445 2275 1504 tempora

722 1548 900 1588 eorum
930 1547 1044 1599 qua:
1068 1531 1205 1586 dicta
1231 1538 1384 1594 sunt,
1407 1545 1589 1599 quasve
1624 1537 1912 1585 evenerunt
1935 1568 1951 1590 ,
1972 1527 2061 1596 qui
2088 1528 2279 1597 poterit

720 1621 920 1676 homini
947 1621 1281 1676 contentiosa
1306 1620 1671 1674 demonstrare
1717 1617 2008 1688 prophetia:
2045 1617 2274 1687 dignita-

721 1713 865 1767 tem?
913 1712 1047 1767 Hinc
1090 1711 1238 1765 nobis
1281 1718 1333 1765 ct
1372 1709 1625 1764 adversus
1667 1718 1851 1778 gentes
1895 1708 2186 1764 certamina
2224 1716 2278 1761 et

720 1803 977 1867 victoriae,
1000 1817 1117 1856 cum
1141 1809 1318 1854 nostra
1339 1799 1764 1854 demonstramus
1788 1798 2101 1865 antiquiora,
2121 1811 2276 1865 quam

720 1908 838 1962 que
877 1890 1015 1960 apud
1059 1890 1178 1944 illos
1214 1888 1518 1944 habentur:
1544 1888 1664 1944 hinc
1693 1887 1844 1941 nobis
1889 1887 2141 1943 adversus
2181 1886 2276 1940 Ju-

721 1982 867 2036 dmos
926 1980 1401 2037 demonstrationes
1444 1979 1511 2032 ad
1574 1978 1917 2032 evincendam
1971 1977 2276 2041 veritatem;

722 2072 974 2127 adversus
993 2071 1201 2126 Judzeos
1225 2110 1241 2135 ,
1272 2070 1482 2138 inquam
1511 2109 1526 2134 ,
1550 2068 1793 2123 infelices
1816 2083 1878 2122 ac
1904 2068 2129 2123 miseros
2147 2108 2163 2133 ,
2190 2068 2278 2134 qui

726 2161 797 2214 ob
838 2169 1129 2228 temporum
1170 2160 1514 2227 ignorantiam
1556 2160 1606 2212 in
1636 2158 2000 2227 gravissimum
2046 2172 2281 2212 errorem

723 2252 855 2320 lapsi
881 2259 1022 2304 sunt.
1051 2249 1180 2304 Nam
1208 2250 1254 2304 si
1296 2249 1564 2303 audissent.
1605 2249 1955 2318 patriarcham
1981 2248 2244 2306 dicentem
2262 2289 2278 2314 ,

729 2340 850 2395 Non
875 2341 1066 2408 deﬁciet
1087 2341 1318 2410 princeps
1347 2356 1409 2395 ex
1429 2339 1596 2406 Iuda,
1627 2357 1783 2408 neque
1807 2341 1910 2394 dua:
1933 2343 1996 2394 de
2018 2341 2284 2411 feruoribus

725 2435 834 2502 ejus
855 2474 871 2498 ,
913 2434 1068 2489 donec
1095 2434 1275 2498 veniat,
1305 2433 1384 2485 cui
1411 2433 1680 2502 repositum
1723 2441 1794 2485 est
1824 2430 1842 2494 (
1867 2431 1993 2486 Gen.
2036 2433 2125 2486 49.
2154 2432 2280 2503 10),

726 2525 876 2592 sique
895 2522 1174 2591 diligenter
1198 2524 1567 2577 observassent
1595 2523 1850 2576 adventus
1877 2523 2123 2577 dominici
2149 2530 2283 2578 tem-

725 2627 887 2681 pora,
920 2627 1246 2681 nequaquam
1275 2612 1599 2666 excidissent
1623 2628 1651 2666 a
1681 2612 1894 2666 ChriSto
1936 2612 1988 2666 in
2017 2613 2282 2667 Antichri-

727 2714 835 2756 tum
863 2702 1060 2770 delapsi
1094 2720 1107 2755 :
1138 2702 1581 2772 quemadmodum
1608 2712 1659 2757 et
1686 2703 1797 2773 ipse
1820 2702 2062 2758 Christus
2082 2702 2132 2757 id
2161 2705 2286 2758 sub—

724 2790 962 2845 indicans
991 2792 1068 2845 cis
1096 2790 1336 2858 praedixit
1363 2807 1376 2842 :
1401 2790 1509 2859 Ego
1537 2791 1647 2847 veni
1673 2791 1725 2843 in
1749 2792 1944 2846 nomine
1970 2790 2143 2846 Patris
2165 2794 2281 2857 mei,

723 2893 895 2936 etnon
941 2881 1192 2948 recepistis
1222 2897 1298 2934 me
1327 2896 1346 2933 :
1370 2882 1414 2933 si
1455 2882 1636 2933 venerit
1678 2881 1807 2934 alius
1851 2882 1902 2934 in
1937 2882 2136 2936 nomine
2160 2898 2281 2947 suo,

723 2973 864 3023 illum
889 2969 1354 3040 recipietionau.
1398 2969 1600 3041 5.43).
1652 2970 1832 3023 Vidisti
1864 2981 2090 3039 quantus
2133 2986 2287 3026 error

727 3059 969 3114 inciderit
991 3075 1053 3114 ex
1081 3060 1287 3113 inscitia
1327 3059 1660 3128 temporum?
1703 3059 1923 3114 Tantam
1957 3061 2112 3130 igitur
2142 3062 2283 3114 utili-

727 3159 888 3205 tatem
918 3165 986 3204 ne
1013 3150 1262 3220 negligas.
1291 3149 1741 3216 Quemadmodum
1769 3150 1907 3204 enim
1936 3151 1987 3204 in
2012 3151 2153 3219 agris
2176 3161 2282 3204 tero

724 3241 854 3296 mini
894 3241 1254 3309 columnmquc
1313 3256 1417 3295 non
1475 3241 1653 3294 sinunt
1693 3256 1817 3294 arva
1877 3240 2154 3308 confundi,
2207 3242 2284 3296 sic

728 3339 964 3398 tempora
991 3344 1095 3383 non
1139 3330 1319 3383 sinunt
1356 3328 1604 3383 confundi
1649 3345 1735 3384 res
1774 3341 1948 3397 gestas
1973 3369 1987 3393 ,
2013 3330 2109 3384 sed
2159 3329 2284 3384 dum

730 3421 985 3474 dirimunt
1017 3419 1148 3473 alias
1173 3420 1240 3472 ab
1281 3419 1432 3482 aliis,
1455 3428 1509 3473 et
1536 3420 1589 3473 in
1632 3420 1870 3474 ordinem
1908 3429 2285 3489 congruentem

727 3508 994 3576 digerunt,
1027 3508 1186 3561 multa
1218 3522 1313 3561 nos
1343 3508 1564 3563 liberant
1588 3509 1903 3564 turbatione.
1945 3509 2133 3577 Opera:
2161 3524 2286 3576 pre-

729 3600 856 3656 tium
889 3599 1045 3668 igitur
1067 3607 1149 3654 est
1173 3613 1438 3667 exponere
1471 3599 1617 3652 vobis
1663 3600 1781 3667 quis
1820 3598 1976 3653 fuerit
2002 3598 2087 3651 hic
2111 3597 2283 3662 Ozias,

726 3705 830 3758 quo
860 3700 1098 3758 tempore
1144 3690 1393 3758 regnarit,
1434 3690 1622 3758 quibus
1661 3690 1952 3758 imperarit,
1993 3699 2047 3743 et
2092 3699 2288 3758 quanto

728 3789 965 3846 tempore
989 3779 1191 3832 durarit
1212 3779 1350 3832 illius
1369 3779 1712 3847 principatus,
1739 3789 2004 3846 postremo
2024 3781 2288 3849 quomodo

729 3867 892 3924 vitam
923 3865 1134 3922 finierit.
1163 3867 1273 3921 lmo
1299 3868 1470 3936 potius
1504 3867 1611 3936 jam
1637 3867 1897 3921 silendum
1927 3878 2027 3932 est,
2056 3884 2119 3921 eo
2148 3869 2286 3938 quod

728 3972 948 4014 necesse
992 3957 1060 4011 sit
1105 3957 1155 4011 in
1188 3957 1502 4013 immensum
1550 3958 1886 4012 historiarum
1928 3959 2143 4030 pelagus
2166 3974 2289 4013 ora-

729 4051 925 4105 tionem
953 4049 1256 4105 cxtendcre.
1290 4051 1386 4115 Qui
1412 4066 1537 4105 vero
1564 4067 1656 4119 per
1677 4050 1978 4121 huiusmodi
2003 4065 2148 4104 mare
2169 4058 2292 4104 sunt

729 4144 833 4198 iter
859 4142 1087 4203 facturi,
1119 4157 1338 4200 necesse
1366 4153 1449 4198 cst
1487 4159 1592 4198 non
1640 4143 1870 4211 fatigatis
1892 4184 1906 4208 ,
1929 4142 2025 4197 sed
2070 4143 2288 4211 integris

726 4233 1015 4303 remigibus
1035 4233 1175 4287 viam
1201 4242 1497 4302 capessant.
1524 4233 1652 4287 Nam
1679 4234 1818 4288 hanc
1837 4234 1906 4291 ob
1930 4247 2141 4287 causam
2173 4248 2290 4302 pas-

727 4323 829 4377 sim
861 4337 954 4391 per
981 4337 1126 4376 mare
1175 4331 1357 4391 portus
1402 4321 1693 4391 insulchne
1741 4322 1924 4390 posita:
1971 4331 2128 4388 sunt,
2158 4331 2293 4380 utet

727 4412 1048 4483 gubernator
1091 4420 1144 4466 et
1168 4422 1324 4466 nauta
1353 4411 1712 4466 refocillentur
1734 4451 1748 4474 ,
1781 4412 1866 4466 hic
1909 4412 2119 4479 quidem
2145 4427 2292 4466 remo

729 4502 974 4569 deposito
996 4542 1010 4566 ,
1038 4502 1128 4556 ille
1157 4518 1283 4556 vero
1310 4517 1602 4570 exsurgens
1629 4517 1658 4555 a
1703 4502 1876 4556 clavo.
1908 4503 2000 4557 llis
2025 4502 2091 4555 dc
2118 4503 2292 4556 causis

729 4599 784 4645 et
803 4591 1092 4644 diversoria
1118 4606 1476 4660 caupuliaeque
1503 4593 1694 4661 ubique
1725 4608 1817 4660 per
1846 4593 1955 4647 vias
1985 4595 2294 4662 excogitata:

729 4689 882 4744 sunt,
915 4689 973 4736 ut
996 4679 1228 4748 iumenta
1272 4681 1424 4733 simul
1451 4697 1568 4734 cum
1610 4682 1898 4740 viatoribus
1933 4698 1962 4735 a
1991 4683 2169 4737 labore
2201 4699 2289 4738 re-

733 4779 998 4829 creentur.
1028 4769 1206 4837 quue
1231 4779 1286 4823 et
1323 4769 1575 4823 doctrinm
1602 4772 1829 4824 sermoni
1864 4772 2055 4826 silentii
2089 4783 2294 4842 tempus

731 4860 1048 4929 practiititum
1077 4869 1156 4912 est
1177 4900 1190 4923 ,
1220 4870 1276 4913 ut
1300 4876 1467 4928 neque
1496 4874 1592 4912 nos
1620 4861 1761 4928 ipsos
1787 4862 2148 4917 deterreamus
2174 4879 2294 4917 ver-

732 4954 920 5007 borum
969 4951 1336 5015 multitudine,
1385 4966 1554 5018 neque
1600 4965 1695 5003 vos
1734 4951 2080 5007 dclassemus.
2124 4955 2295 5022 Atque

733 5043 849 5096 tunc
889 5050 1123 5110 tempora
1152 5041 1296 5096 novit
1320 5041 1569 5094 Salomon
1593 5040 1793 5106 dicens,
1830 5040 2042 5110 Tempus
2064 5044 2293 5106 tacendi,

733 5145 780 5189 et
831 5142 1021 5202 tempus
1065 5132 1293 5200 loquendi
1330 5132 1346 5200 (
1380 5131 1544 5185 Eccle.
1591 5132 1644 5184 ὅ.
1675 5129 1768 5201 7).
1818 5132 1897 5185 Sit
1944 5133 2099 5202 igitur
2146 5136 2297 5190 nobis

735 5233 944 5290 tempus
975 5222 1178 5275 tacendi
1205 5261 1218 5282 ,
1265 5237 1368 5290 quo
1392 5220 1544 5275 detur
1567 5230 1617 5274 ct
1645 5222 1954 5289 praeceptori
1982 5233 2186 5292 tempus
2213 5225 2295 5277 lo-

732 5310 926 5381 quendi
959 5308 1052 5378 (a).
1080 5308 1207 5362 Nam
1238 5325 1354 5378 qua:
1377 5326 1470 5362 nos
1500 5310 1788 5371 all‘erimus,
1814 5311 2004 5364 similia
2031 5322 2152 5366 sunt
2174 5313 2297 5368 vino

733 5401 873 5469 quod
921 5415 1106 5454 recens
1143 5400 1241 5453 sub
1287 5400 1532 5453 torculari
1578 5399 1822 5453 haustum
1869 5409 1984 5455 est:
2015 5418 2131 5470 qua:
2171 5419 2297 5458 vero

735 5495 982 5546 dicuntur
1005 5491 1072 5545 ab
1096 5491 1204 5556 illo,
1231 5491 1422 5544 similia
1451 5501 1572 5546 sunt
1595 5492 1734 5558 vino,
1759 5493 1901 5563 quod
1926 5495 2172 5563 quoniam
2202 5511 2294 5550 ve-

736 5594 980 5644 tustatem
1008 5585 1317 5653 seniumque
1338 5583 1583 5653 collegit,
1611 5585 1828 5640 multam
1854 5583 2030 5641 adfert
2057 5596 2162 5641 tum
2191 5588 2295 5640 uti—

797 5737 870 5798 (ti)
889 5735 1127 5797 Chrysost.
1154 5737 1271 5786 dixit
1298 5743 1539 5798 praesente
1565 5737 1804 5798 ριιὶδεουο.

1442 426 1500 483 S.
1539 425 1814 482 JOANNIS
1835 422 2308 481 CHRYSOSTOMI
2346 421 2658 481 ARCHIEP.
2699 425 3225 484 CONSTANTINOP.

3833 451 3930 505 112

2382 537 2604 606 litatem,
2634 547 2743 594 tum
2769 543 2872 595 vim
2905 543 2966 597 iis
2982 544 3066 612 qui
3098 559 3230 612 opus
3252 543 3449 599 habent
3475 563 3488 598 :
3521 545 3778 614 nobisque
3805 549 3925 600 acci-

2379 630 2454 684 dit
2496 631 2654 686 hodie
2691 633 2821 688 illud
2866 635 3158 703 evangelii,
3217 644 3334 704 post
3380 637 3612 691 deterius
3658 638 3832 692 vinum
3881 639 3924 692 id

2378 722 2518 790 quod
2546 724 2735 777 melius
2755 733 2836 778 est
2862 725 3086 778 infertur
3140 725 3323 796 (Joan.
3347 727 3400 782 2.
3445 729 3510 783 10
3534 728 3572 798 ).
3597 730 3660 784 Εῑ
3685 731 3924 798 quemad-

2378 813 2592 866 modum
2628 813 2754 868 illud
2802 815 2980 869 vinum
3027 832 3130 869 non
3180 817 3300 871 vitis
3336 829 3625 886 genuerat,
3653 821 3746 874 sed
3771 823 3924 877 virtus

2377 901 2504 957 Jesu
2527 901 2722 956 Christi
2751 903 2986 958 fecerat:
3012 904 3084 958 ita
3116 912 3170 960 et
3202 906 3358 975 huius
3388 922 3684 962 sermonem
3706 923 3807 964 non
3836 910 3924 964 hu-

2379 1010 2534 1048 mana
2557 994 2829 1062 profundit
2863 997 3110 1064 cogitatio
3128 1039 3144 1064 ,
3188 998 3279 1053 sed
3307 998 3532 1068 Spiritus
3557 1001 3722 1056 sancti
3748 1004 3921 1071 gratia.

2377 1086 2640 1153 Quoniam
2659 1087 2818 1157 igitur
2857 1088 3012 1157 hujus
3033 1090 3248 1158 liquoris
3285 1090 3476 1145 fluenta
3505 1095 3716 1162 copiosa
3737 1103 3855 1149 sunt
3879 1103 3927 1149 et

2379 1177 2669 1246 spiritualia
2687 1216 2703 1242 ,
2735 1178 2969 1233 studiose
2992 1180 3312 1248 excipiamus
3337 1221 3353 1244 ,
3384 1191 3535 1234 caute
3559 1197 3850 1243 servemus.
3879 1194 3928 1238 ut

2379 1268 2591 1322 assidue
2618 1268 2816 1337 irrigati
2848 1269 3213 1337 tempestivum
3233 1269 3529 1324 adferamus
3549 1271 3770 1326 fructum
3809 1273 3925 1335 Deo,

2379 1360 2468 1427 qui
2517 1360 2630 1413 luce
2671 1359 2887 1428 largitus
2912 1366 2997 1414 est
3044 1377 3059 1415 :
3100 1375 3259 1427 quem
3300 1360 3452 1414 decet
3491 1362 3664 1416 omnis
3700 1361 3859 1431 gloria
3881 1371 3928 1415 et

2383 1448 2553 1503 honor
2572 1463 2689 1501 cum
2723 1451 2992 1518 nnigenito
3020 1449 3133 1519 ejus
3163 1449 3297 1503 Filio
3339 1450 3776 1520 sanctissimeque
3815 1452 3926 1520 Spi-

2382 1539 2503 1604 ritu,
2537 1554 2677 1595 nunc
2701 1551 2755 1595 et
2777 1554 3003 1611 semper,
3029 1550 3080 1596 et
3104 1541 3154 1594 in
3179 1541 3372 1597 saecla
3393 1542 3724 1597 saeculorum.
3751 1545 3924 1599 Amen.

2383 1679 2437 1734 in
2467 1679 2756 1734 secundum
2779 1679 2966 1735 librum
2995 1681 3426 1750 Paralipomenon
3456 1681 3533 1752 (α)
3552 1725 3567 1748 ,
3599 1683 3683 1736 ubi
3710 1683 3926 1750 dicitur,

2453 1768 2659 1823 Elatum
2693 1780 2764 1824 est
2793 1787 2877 1824 cor
2910 1771 3086 1833 035w;
3113 1772 3281 1840 deque
3311 1771 3632 1836 humilitate;
3663 1782 3770 1825 tum
3800 1773 3928 1841 quod

2453 1859 2719 1913 hominem
2741 1860 2936 1915 virtute
2954 1860 3228 1929 prwditum
3252 1876 3354 1915 non
3378 1869 3618 1930 oporteat
3639 1875 3758 1917 esse
3777 1863 3930 1917 conii-

2453 1948 2703 2017 dentem;
2755 1949 2980 2020 denique
3016 1958 3265 2019 quantum
3305 1952 3496 2006 malum
3538 1953 3603 2006 sit
3647 1955 3929 2024 arrogantia

2453 2041 2539 2113 (2.
2564 2041 2742 2096 Paret.
2771 2041 2861 2096 26.
2890 2041 2988 2108 16;
3014 2050 3060 2096 et
3085 2042 3138 2096 ι.
3169 2042 3293 2114 Reg.
3326 2043 3442 2114 15).

2967 2194 3240 2251 llOMfLIA
3280 2195 3366 2250 ill.

2460 2324 2506 2375 1.
2536 2323 2847 2384 Benedictus
2876 2325 3034 2390 Deus,
3061 2334 3114 2380 et
3140 2336 3317 2382 nostra
3343 2342 3550 2396 quoque
3577 2336 3705 2382 aetas
3731 2342 3933 2397 proger-

2385 2413 2548 2466 minat
2578 2423 2853 2482 martyres,
2878 2425 2932 2468 et
2955 2415 3104 2469 nobis
3133 2416 3231 2470 hoc
3260 2416 3472 2472 honoris
3493 2419 3710 2472 contulit
3745 2420 3833 2474 Dei
3857 2419 3932 2473 di-

2386 2503 2585 2569 gnatio,
2615 2511 2670 2555 ut
2691 2505 3113 2570 conspiceremus
3137 2504 3377 2558 homines
3398 2506 3561 2560 occidi
3593 2522 3687 2574 pro
3710 2505 3929 2571 Christo,

2385 2589 2629 2644 homines
2656 2591 2746 2659 qui
2771 2607 2920 2646 sacro
2948 2594 3199 2660 sanguine
3224 2594 3493 2658 distillant,
3518 2596 3804 2653 Ecclesiam
3826 2597 3933 2650 uni-

2387 2693 2592 2734 versam
2618 2680 2865 2749 irrigante
2893 2700 2905 2734 :
2934 2683 3205 2751 sanguine,
3227 2683 3455 2751 inquam,
3485 2685 3813 2751 distillantcs,
3834 2687 3934 2740 ἀπο

2387 2771 2630 2824 monibus
2659 2771 2866 2840 quidem
2899 2773 3153 2839 terriﬁco,
3199 2776 3395 2842 angelis
3423 2791 3546 2830 vero
3573 2777 3897 2831 desiderabili
3918 2817 3931 2838 ,

2389 2858 2540 2913 nobis
2571 2874 2726 2926 porro
2750 2859 2986 2911 salutari.
3016 2860 3217 2929 Largita
3241 2872 3319 2915 est
3347 2864 3496 2916 nobis
3525 2865 3624 2918 hoc
3651 2863 3741 2916 Dei
3763 2865 3936 2932 digna-

2391 2947 2494 3009 tio,
2536 2955 2591 2999 ut
2621 2959 2979 3015 spcctaremus
3010 2947 3246 3002 homines
3285 2965 3378 3016 pro
3406 2951 3595 3018 pietate
3633 2951 3936 3020 belligeran-

2390 3046 2488 3102 tes,
2523 3040 2809 3102 vincentes,
2833 3047 3131 3092 coronatos.
3157 3039 3333 3106 Neque
3359 3056 3482 3092 vero
3502 3042 3668 3093 solum
3693 3042 3940 3108 contingit

2388 3126 2505 3181 lucc
2531 3137 2804 3195 spectare,
2846 3129 3186 3183 verumetiam
3217 3130 3324 3196 ipsa
3369 3130 3679 3184 athletarum
3723 3145 3942 3199 corpora

2389 3218 2626 3286 accipere
2651 3233 2662 3270 :
2693 3233 2754 3272 ac
2776 3219 3001 3274 victores
3020 3217 3140 3274 illos
3159 3229 3211 3272 et
3233 3233 3426 3272 corona
3447 3220 3672 3289 insignes
3694 3221 3830 3289 apud
3854 3236 3944 3275 nos

2391 3307 2664 3362 habemus.
2695 3307 2797 3362 Sed
2830 3309 2880 3362 in
2911 3308 3279 3378 praesentiaide
3308 3310 3623 3380 martyribus
3652 3324 3942 3365 sermonem

2390 3411 2723 3451 reservemus
2752 3409 3038 3468 martyrum
3084 3399 3395 3461 aemulatori,
3457 3401 3718 3451 communi
3764 3400 3943 3454 docto-

2391 3488 2432 3540 ri
2459 3487 2529 3556 (b)
2562 3506 2574 3541 :
2599 3488 2696 3556 ipsi
2723 3504 2845 3543 vero
2867 3504 3007 3544 nunc
3035 3490 3100 3544 de
3127 3493 3249 3544 Ozia
3278 3493 3618 3553 disseremus,
3639 3490 3948 3557 jampridem

2391 3580 2624 3635 debitum
2651 3596 2724 3635 ms
2749 3582 2978 3634 alienum
3010 3582 3423 3647 dinumerantes,
3456 3582 3836 3648 diuturnosque
3856 3597 3945 3632 au-

2390 3668 2567 3723 diendi
2593 3671 2746 3724 nixus
2767 3672 3048 3726 solventes.
3071 3671 3199 3724 Nam
3228 3673 3465 3740 parturit,
3492 3682 3570 3724 sat
3600 3670 3710 3725 scio
3732 3709 3745 3731 ,
3794 3684 3947 3722 unus-

2390 3759 2609 3828 quisque
2655 3769 2886 3813 vestrum
2911 3801 2924 3824 ,
2970 3762 3186 3828 cupiens
3224 3763 3364 3814 illam
3405 3762 3582 3815 audire
3631 3759 3903 3814 historiam
3936 3776 3948 3808 :

2393 3849 2632 3919 hancque
2659 3851 3055 3918 parturitionem
3082 3867 3178 3906 nos
3208 3852 3412 3907 interim
3439 3853 3818 3920 protraximus,
3849 3863 3951 3904 non

2393 3941 2532 4009 quod
2553 3957 2865 4011 caperemus
2885 3943 3034 3996 vobis
3061 3943 3331 3998 intendere
3354 3943 3664 4006 cruciatum,
3698 3942 3794 3996 sed
3818 3941 3953 4010 quod

2394 4032 2726 4086 studeremus
2753 4044 2982 4087 vestrum
3010 4033 3296 4088 accendere
3323 4033 3640 4087 desiderium
3663 4073 3676 4096 ,
3725 4043 3782 4086 ut
3809 4031 3954 4086 vobis

2393 4139 2421 4176 a
2455 4140 2538 4178 me
2563 4125 2802 4178 convivio
2832 4126 3060 4191 acceptis
3086 4141 3230 4178 meus
3259 4135 3539 4193 apparatus
3564 4141 3717 4193 quam
3746 4125 3952 4178 suavis-

2395 4215 2561 4267 simus
2610 4213 2895 4268 videretur.
2944 4213 3074 4267 Natn
3118 4216 3374 4283 opulentis
3411 4216 3876 4277 convivatoribus,
3916 4215 3960 4270 si

2395 4306 2641 4358 convivas
2673 4307 2973 4374 acceperint
3015 4314 3222 4359 saturos
3245 4345 3259 4368 ,
3303 4306 3420 4359 licet
3448 4316 3726 4373 apparatus
3757 4305 3959 4359 lautitia

2397 4398 2602 4450 illorum
2656 4400 3005 4464 appetentiam
3050 4399 3326 4450 excitare:
3376 4405 3623 4449 caeterum
3674 4410 3959 4465 pauperum

2399 4502 2632 4539 mensam
2663 4502 2764 4539 non
2791 4489 2888 4538 alia
2921 4503 3005 4540 res
3034 4503 3180 4555 atque
3208 4487 3397 4539 lautam
3425 4488 3667 4552 exhibet,
3697 4504 3861 4556 quam
3897 4489 3961 4552 si,

2398 4576 2483 4644 qui
2516 4577 2578 4628 ad
2613 4577 2754 4629 illam
2783 4577 3070 4629 aecubituri
3100 4585 3240 4638 sunt,
3271 4577 3522 4630 esuriant.
3551 4579 3679 4644 Quis
3701 4579 3860 4648 igitur
3887 4588 3965 4632 est

2400 4666 2570 4730 Ozias,
2604 4667 2794 4736 quibus
2822 4679 2968 4719 ortus
3011 4666 3293 4733 majoribus
3316 4707 3328 4729 ,
3373 4681 3593 4734 quorum
3623 4683 3734 4731 rex,
3766 4647 3967 4737 quanto

2402 4766 2636 4824 tempore
2664 4758 2917 4824 regnavit,
2951 4767 3002 4810 et
3027 4758 3147 4823 quid
3178 4771 3296 4810 cum
3326 4756 3483 4810 laude
3508 4760 3690 4826 gessit,
3718 4759 3848 4826 quid
3881 4775 3965 4814 se-

2401 4862 2512 4910 cus,
2543 4856 2809 4915 postremo
2835 4863 2939 4915 quo
2968 4857 3119 4916 pacto
3141 4849 3297 4900 vitam
3339 4848 3600 4902 absolvit?
3633 4849 3709 4902 De
3732 4849 3819 4904 his
3849 4865 3964 4905 omo

2401 4937 2554 4989 nibus
2580 4935 2630 4988 in
2662 4937 2936 5003 praesentia
2963 4937 3096 5003 apud
3138 4952 3228 4988 vos
3267 4937 3586 4992 disseremus
3609 4979 3622 5000 ,
3657 4939 3763 4992 imo
3793 4941 3967 5008 potius

2401 5035 2650 5095 quantum
2681 5025 2856 5078 dicere
2881 5027 3084 5090 licebit,
3135 5028 3210 5079 sic
3239 5037 3294 5079 ut
3323 5029 3656 5083 multitudine
3697 5045 3802 5082 non
3843 5045 3966 5084 con-

2403 5119 2680 5173 fundamns
2723 5129 2947 5172 vestram
2993 5122 3297 5173 memoriam
3330 5139 3342 5174 :
3375 5122 3423 5174 id
3461 5122 3597 5190 quod
3641 5124 3689 5174 in
3735 5121 3968 5175 lucernis

2403 5211 2639 5262 accensis
2681 5207 2918 5262 accidere
2938 5210 3090 5261 solet.
3155 5208 3282 5261 Nam
3312 5210 3354 5262 si
3408 5210 3654 5278 paulatim
3697 5209 3967 5279 ellychnio

2403 5299 2677 5353 instillaris
2701 5299 2897 5363 oleum,
2925 5299 3050 5352 satis
3079 5298 3340 5351 alimonim
3361 5299 3570 5354 dederis
3600 5300 3702 5368 igni
3729 5316 3741 5352 :
3778 5301 3865 5354 sin
3895 5301 3965 5354 si-

2403 5391 2509 5443 mul
2558 5399 2720 5443 totum
2766 5389 3018 5442 infuderis
3064 5391 3271 5449 oleum,
3314 5393 3469 5444 etiam
3501 5392 3762 5442 flammam
3792 5432 3807 5455 ,
3855 5407 3970 5459 qum

2475 5516 2545 5577 (α)
2570 5517 2752 5584 Omnes
2775 5517 2925 5584 ferme
2950 5518 3060 5564 Mss.
3084 5519 3450 5584 habentelgn‘nv
3473 5521 3660 5584 πρώτῃν
3683 5522 3778 5584 τῷν
3807 5528 3970 5584 napa-

2411 5579 2725 5643 λειπομέγῳνς
2761 5579 2846 5626 sed
2874 5577 2948 5623 hic
2975 5586 3049 5643 est
3092 5581 3214 5626 haud
3248 5582 3394 5627 dubie
3430 5577 3671 5627 secundus
3712 5577 3968 5643 Paralipo—

2412 5651 2587 5743 menon
2611 5636 2754 5695 liber,
2779 5650 2869 5683 nec
2899 5641 3053 5697 potuit
3075 5653 3280 5700 unquam
3304 5643 3429 5689 Olim
3451 5643 3644 5689 historia
3669 5643 3726 5688 ad
3753 5636 3966 5702 primum

2412 5713 2498 5743 ner
2526 5711 2682 5743 “lere.

2411 5711 2682 5760 pertinere.

2477 5759 2545 5820 ib)
2575 5758 2862 5820 Episcopum
2902 5759 3184 5810 Flavianum
3206 5776 3506 5810 communem
3533 5771 3666 5812 vocat
3690 5763 3944 5815 doctorem
