  <div class='ocr_page' id='page_1' title='image "/cluster/home/n/w/nwhite01/storage/ocr_20150623/56/uva.x004697988/122.png"; bbox 0 0 4056 6454; ppageno 0'>
   <div class='ocr_carea' id='block_1_1' title="bbox 205 381 2407 480">
    <p class='ocr_par' dir='ltr' id='par_1_1' title="bbox 205 381 2407 480">
     <span class='ocr_line' id='line_1_1' title="bbox 205 381 2407 480; baseline -0.012 -12"><span class='ocrx_word' id='word_1_1' title='bbox 205 425 296 480; x_wconf 90' lang='grc'>111</span> <span class='ocrx_word' id='word_1_2' title='bbox 1155 394 1220 450; x_wconf 74' lang='lat' dir='ltr'>IN</span> <span class='ocrx_word' id='word_1_3' title='bbox 1250 392 1471 456; x_wconf 85' lang='lat' dir='ltr'>ILLUD,</span> <span class='ocrx_word' id='word_1_4' title='bbox 1515 386 1648 443; x_wconf 79' lang='lat' dir='ltr'>VIDI</span> <span class='ocrx_word' id='word_1_5' title='bbox 1692 381 2026 453; x_wconf 84' lang='lat' dir='ltr'>DOMINUM,</span> <span class='ocrx_word' id='word_1_6' title='bbox 2062 387 2289 442; x_wconf 85' lang='lat' dir='ltr'>HOMIL.</span> <span class='ocrx_word' id='word_1_7' title='bbox 2321 385 2407 441; x_wconf 85' lang='lat' dir='ltr'><strong>Ill.</strong></span> 
     </span>
    </p>
   </div>
   <div class='ocr_carea' id='block_1_2' title="bbox 198 501 1733 592">
    <p class='ocr_par' dir='ltr' id='par_1_2' title="bbox 198 501 1733 592">
     <span class='ocr_line' id='line_1_2' title="bbox 198 501 1733 592; baseline -0.017 -17"><span class='ocrx_word' id='word_1_8' title='bbox 198 520 516 592; x_wconf 76' lang='grc' dir='ltr'>προτυποῦσι</span> <span class='ocrx_word' id='word_1_9' title='bbox 541 518 640 587; x_wconf 71' lang='grc' dir='ltr'>τὴν</span> <span class='ocrx_word' id='word_1_10' title='bbox 662 515 944 575; x_wconf 73' lang='grc' dir='ltr'>ὑπατείαν,</span> <span class='ocrx_word' id='word_1_11' title='bbox 965 514 1051 566; x_wconf 85' lang='grc' dir='ltr'>ἴνα</span> <span class='ocrx_word' id='word_1_12' title='bbox 1077 513 1206 565; x_wconf 81' lang='grc' dir='ltr'>πᾶσι</span> <span class='ocrx_word' id='word_1_13' title='bbox 1237 512 1347 570; x_wconf 82' lang='grc' dir='ltr'>τοῖς</span> <span class='ocrx_word' id='word_1_14' title='bbox 1371 507 1518 559; x_wconf 88' lang='grc' dir='ltr'>κάτω</span> <span class='ocrx_word' id='word_1_15' title='bbox 1549 501 1733 572; x_wconf 81' lang='grc' dir='ltr'>φαίνῃ.</span> 
     </span>
    </p>
   </div>
   <div class='ocr_carea' id='block_1_3' title="bbox 199 585 1737 671">
    <p class='ocr_par' dir='ltr' id='par_1_3' title="bbox 199 585 1737 671">
     <span class='ocr_line' id='line_1_3' title="bbox 199 585 1737 671; baseline -0.014 -15"><span class='ocrx_word' id='word_1_16' title='bbox 199 585 305 657; x_wconf 65' lang='grc' dir='ltr'>Κᾶν</span> <span class='ocrx_word' id='word_1_17' title='bbox 327 601 498 653; x_wconf 87' lang='grc' dir='ltr'>ταῦτα</span> <span class='ocrx_word' id='word_1_18' title='bbox 524 585 735 671; x_wconf 79' lang='grc' dir='ltr'>ἀνέλῃς,</span> <span class='ocrx_word' id='word_1_19' title='bbox 777 597 982 658; x_wconf 83' lang='grc' dir='ltr'>ἀνεῖλες</span> <span class='ocrx_word' id='word_1_20' title='bbox 1016 595 1074 646; x_wconf 77' lang='grc' dir='ltr'>τὸ</span> <span class='ocrx_word' id='word_1_21' title='bbox 1107 593 1241 661; x_wconf 84' lang='grc' dir='ltr'>φῶς,</span> <span class='ocrx_word' id='word_1_22' title='bbox 1279 593 1371 643; x_wconf 76' lang='grc' dir='ltr'>καὶ</span> <span class='ocrx_word' id='word_1_23' title='bbox 1405 590 1578 671; x_wconf 72' lang='grc' dir='ltr'>πάντα</span> <span class='ocrx_word' id='word_1_24' title='bbox 1612 585 1737 636; x_wconf 88' lang='grc' dir='ltr'>σκό-</span> 
     </span>
    </p>
   </div>
   <div class='ocr_carea' id='block_1_4' title="bbox 197 667 1736 748">
    <p class='ocr_par' dir='ltr' id='par_1_4' title="bbox 197 667 1736 748">
     <span class='ocr_line' id='line_1_4' title="bbox 197 667 1736 748; baseline -0.013 -13"><span class='ocrx_word' id='word_1_25' title='bbox 197 699 311 743; x_wconf 90' lang='grc' dir='ltr'>τους</span> <span class='ocrx_word' id='word_1_26' title='bbox 340 682 434 734; x_wconf 72' lang='grc' dir='ltr'>καὶ</span> <span class='ocrx_word' id='word_1_27' title='bbox 455 667 976 748; x_wconf 78' lang='grc' dir='ltr'>πολλῆςένέπλησας</span> <span class='ocrx_word' id='word_1_28' title='bbox 1003 678 1259 745; x_wconf 84' lang='grc' dir='ltr'>ταραχῆς.</span> <span class='ocrx_word' id='word_1_29' title='bbox 1285 671 1380 723; x_wconf 86' lang='grc' dir='ltr'>Διά</span> <span class='ocrx_word' id='word_1_30' title='bbox 1413 669 1564 721; x_wconf 89' lang='grc' dir='ltr'>τοῦτο</span> <span class='ocrx_word' id='word_1_31' title='bbox 1591 667 1736 718; x_wconf 78' lang='grc' dir='ltr'>πᾶσα</span> 
     </span>
    </p>
   </div>
   <div class='ocr_carea' id='block_1_5' title="bbox 198 749 1736 830">
    <p class='ocr_par' dir='ltr' id='par_1_5' title="bbox 198 749 1736 830">
     <span class='ocr_line' id='line_1_5' title="bbox 198 749 1736 830; baseline -0.012 -14"><span class='ocrx_word' id='word_1_32' title='bbox 198 765 328 824; x_wconf 79' lang='grc' dir='ltr'>δόσις</span> <span class='ocrx_word' id='word_1_33' title='bbox 348 765 442 816; x_wconf 78' lang='grc' dir='ltr'>καὶ</span> <span class='ocrx_word' id='word_1_34' title='bbox 479 761 659 830; x_wconf 88' lang='grc' dir='ltr'>λῆψις,</span> <span class='ocrx_word' id='word_1_35' title='bbox 694 761 797 812; x_wconf 73' lang='grc' dir='ltr'>κᾶν</span> <span class='ocrx_word' id='word_1_36' title='bbox 819 761 954 829; x_wconf 82' lang='grc' dir='ltr'>πρὸς</span> <span class='ocrx_word' id='word_1_37' title='bbox 981 759 1181 826; x_wconf 89' lang='grc' dir='ltr'>φίλους,</span> <span class='ocrx_word' id='word_1_38' title='bbox 1214 754 1313 806; x_wconf 77' lang='grc' dir='ltr'>κᾶν</span> <span class='ocrx_word' id='word_1_39' title='bbox 1336 751 1468 821; x_wconf 78' lang='grc' dir='ltr'>πρὸς</span> <span class='ocrx_word' id='word_1_40' title='bbox 1493 749 1736 830; x_wconf 80' lang='grc' dir='ltr'>ἐχθροὺς,</span> 
     </span>
    </p>
   </div>
   <div class='ocr_carea' id='block_1_6' title="bbox 201 829 1741 913">
    <p class='ocr_par' dir='ltr' id='par_1_6' title="bbox 201 829 1741 913">
     <span class='ocr_line' id='line_1_6' title="bbox 201 829 1741 913; baseline -0.01 -17"><span class='ocrx_word' id='word_1_41' title='bbox 201 845 287 896; x_wconf 71' lang='grc' dir='ltr'>κᾶν</span> <span class='ocrx_word' id='word_1_42' title='bbox 314 843 449 913; x_wconf 81' lang='grc' dir='ltr'>πρὸς</span> <span class='ocrx_word' id='word_1_43' title='bbox 481 829 714 903; x_wconf 73' lang='grc' dir='ltr'>οἰκέτας,</span> <span class='ocrx_word' id='word_1_44' title='bbox 744 840 845 893; x_wconf 81' lang='grc' dir='ltr'>κᾶν</span> <span class='ocrx_word' id='word_1_45' title='bbox 879 840 1012 909; x_wconf 78' lang='grc' dir='ltr'>πρὸς</span> <span class='ocrx_word' id='word_1_46' title='bbox 1043 836 1364 904; x_wconf 83' lang='grc' dir='ltr'>ἐπιτρόπους</span> <span class='ocrx_word' id='word_1_47' title='bbox 1401 835 1494 884; x_wconf 75' lang='grc' dir='ltr'>καὶ</span> <span class='ocrx_word' id='word_1_48' title='bbox 1539 829 1741 883; x_wconf 80' lang='grc' dir='ltr'>οἰκονό-</span> 
     </span>
    </p>
   </div>
   <div class='ocr_carea' id='block_1_7' title="bbox 203 911 1743 995">
    <p class='ocr_par' dir='ltr' id='par_1_7' title="bbox 203 911 1743 995">
     <span class='ocr_line' id='line_1_7' title="bbox 203 911 1743 995; baseline -0.011 -17"><span class='ocrx_word' id='word_1_49' title='bbox 203 944 321 995; x_wconf 86' lang='grc' dir='ltr'>μους</span> <span class='ocrx_word' id='word_1_50' title='bbox 364 911 639 994; x_wconf 74' lang='grc' dir='ltr'>γίγνηται,</span> <span class='ocrx_word' id='word_1_51' title='bbox 683 922 882 989; x_wconf 82' lang='grc' dir='ltr'>ταύτης</span> <span class='ocrx_word' id='word_1_52' title='bbox 911 923 1080 973; x_wconf 88' lang='grc' dir='ltr'>δεῖται</span> <span class='ocrx_word' id='word_1_53' title='bbox 1129 919 1227 986; x_wconf 89' lang='grc' dir='ltr'>τῆς</span> <span class='ocrx_word' id='word_1_54' title='bbox 1276 915 1600 982; x_wconf 79' lang='grc' dir='ltr'>ἀσφαλείας,</span> <span class='ocrx_word' id='word_1_55' title='bbox 1650 911 1743 963; x_wconf 74' lang='grc' dir='ltr'>καὶ</span> 
     </span>
    </p>
   </div>
   <div class='ocr_carea' id='block_1_8' title="bbox 201 993 1743 1075">
    <p class='ocr_par' dir='ltr' id='par_1_8' title="bbox 201 993 1743 1075">
     <span class='ocr_line' id='line_1_8' title="bbox 201 993 1743 1075; baseline -0.01 -16"><span class='ocrx_word' id='word_1_56' title='bbox 201 993 463 1075; x_wconf 77' lang='grc' dir='ltr'>πανταχοῦ</span> <span class='ocrx_word' id='word_1_57' title='bbox 491 993 587 1059; x_wconf 76' lang='grc' dir='ltr'>καὶ</span> <span class='ocrx_word' id='word_1_58' title='bbox 617 1005 789 1073; x_wconf 88' lang='grc' dir='ltr'>μῆνας</span> <span class='ocrx_word' id='word_1_59' title='bbox 814 1003 907 1056; x_wconf 83' lang='grc' dir='ltr'>καὶ</span> <span class='ocrx_word' id='word_1_60' title='bbox 945 1000 1219 1060; x_wconf 83' lang='grc' dir='ltr'>ἐνιαυτοὺς</span> <span class='ocrx_word' id='word_1_61' title='bbox 1255 997 1349 1049; x_wconf 77' lang='grc' dir='ltr'>καὶ</span> <span class='ocrx_word' id='word_1_62' title='bbox 1397 997 1605 1064; x_wconf 83' lang='grc' dir='ltr'>ἡμέρας</span> <span class='ocrx_word' id='word_1_63' title='bbox 1647 993 1743 1045; x_wconf 90' lang='grc' dir='ltr'>κά-</span> 
     </span>
    </p>
   </div>
   <div class='ocr_carea' id='block_1_9' title="bbox 200 1075 1744 1154">
    <p class='ocr_par' dir='ltr' id='par_1_9' title="bbox 200 1075 1744 1154">
     <span class='ocr_line' id='line_1_9' title="bbox 200 1075 1744 1154; baseline -0.01 -16"><span class='ocrx_word' id='word_1_64' title='bbox 200 1087 358 1140; x_wconf 83' lang='grc' dir='ltr'>τωθεν</span> <span class='ocrx_word' id='word_1_65' title='bbox 389 1087 844 1154; x_wconf 82' lang='grc' dir='ltr'>παραγράφομεν.</span> <span class='ocrx_word' id='word_1_66' title='bbox 876 1084 938 1134; x_wconf 77' lang='lat' dir='ltr'>El</span> <span class='ocrx_word' id='word_1_67' title='bbox 962 1077 1053 1134; x_wconf 82' lang='grc' dir='ltr'>οὖν</span> <span class='ocrx_word' id='word_1_68' title='bbox 1097 1080 1188 1132; x_wconf 72' lang='grc' dir='ltr'>ἐπὶ</span> <span class='ocrx_word' id='word_1_69' title='bbox 1226 1078 1333 1130; x_wconf 89' lang='grc' dir='ltr'>τῶν</span> <span class='ocrx_word' id='word_1_70' title='bbox 1364 1075 1626 1145; x_wconf 81' lang='grc' dir='ltr'>βιωτικῶν</span> <span class='ocrx_word' id='word_1_71' title='bbox 1659 1089 1744 1124; x_wconf 88' lang='grc' dir='ltr'>το-</span> 
     </span>
    </p>
   </div>
   <div class='ocr_carea' id='block_1_10' title="bbox 203 1153 1744 1238">
    <p class='ocr_par' dir='ltr' id='par_1_10' title="bbox 203 1153 1744 1238">
     <span class='ocr_line' id='line_1_10' title="bbox 203 1153 1744 1238; baseline -0.01 -18"><span class='ocrx_word' id='word_1_72' title='bbox 203 1169 362 1238; x_wconf 86' lang='grc' dir='ltr'>σαύτη</span> <span class='ocrx_word' id='word_1_73' title='bbox 389 1153 484 1222; x_wconf 88' lang='grc' dir='ltr'>τοῦ</span> <span class='ocrx_word' id='word_1_74' title='bbox 516 1153 833 1235; x_wconf 83' lang='grc' dir='ltr'>πράγματος</span> <span class='ocrx_word' id='word_1_75' title='bbox 862 1166 895 1233; x_wconf 87' lang='grc' dir='ltr'>ἡ</span> <span class='ocrx_word' id='word_1_76' title='bbox 928 1162 1098 1231; x_wconf 71' lang='grc' dir='ltr'>ἰσχὺς,</span> <span class='ocrx_word' id='word_1_77' title='bbox 1121 1160 1335 1212; x_wconf 74' lang='grc' dir='ltr'>ἐπὶτῶν</span> <span class='ocrx_word' id='word_1_78' title='bbox 1364 1153 1744 1225; x_wconf 82' lang='grc' dir='ltr'>πνευματικῶν</span> 
     </span>
    </p>
   </div>
   <div class='ocr_carea' id='block_1_11' title="bbox 201 1237 1742 1320">
    <p class='ocr_par' dir='ltr' id='par_1_11' title="bbox 201 1237 1742 1320">
     <span class='ocr_line' id='line_1_11' title="bbox 201 1237 1742 1320; baseline -0.011 -17"><span class='ocrx_word' id='word_1_79' title='bbox 395 1250 590 1317; x_wconf 75' lang='grc' dir='ltr'>μείζων</span> <span class='ocrx_word' id='word_1_80' title='bbox 619 1247 709 1298; x_wconf 72' lang='grc' dir='ltr'>καὶ</span> <span class='ocrx_word' id='word_1_81' title='bbox 736 1243 1135 1316; x_wconf 87' lang='grc' dir='ltr'>χρησιμωτέρα.</span> <span class='ocrx_word' id='word_1_82' title='bbox 1159 1242 1266 1303; x_wconf 85' lang='grc' dir='ltr'>Τάς</span> <span class='ocrx_word' id='word_1_83' title='bbox 1287 1239 1393 1309; x_wconf 78' lang='grc' dir='ltr'>γὰρ</span> <span class='ocrx_word' id='word_1_84' title='bbox 1415 1237 1742 1308; x_wconf 71' lang='grc' dir='ltr'>προφητείας</span> 
     </span>
    </p>
   </div>
   <div class='ocr_carea' id='block_1_12' title="bbox 199 1318 1745 1399">
    <p class='ocr_par' dir='ltr' id='par_1_12' title="bbox 199 1318 1745 1399">
     <span class='ocr_line' id='line_1_12' title="bbox 199 1318 1745 1399; baseline -0.012 -12"><span class='ocrx_word' id='word_1_85' title='bbox 199 1318 352 1388; x_wconf 79' lang='grc' dir='ltr'>τοῦτο</span> <span class='ocrx_word' id='word_1_86' title='bbox 374 1331 610 1384; x_wconf 85' lang='grc' dir='ltr'>δείκνυσι</span> <span class='ocrx_word' id='word_1_87' title='bbox 652 1326 1007 1399; x_wconf 81' lang='grc' dir='ltr'>προφητείας.</span> <span class='ocrx_word' id='word_1_88' title='bbox 1037 1325 1169 1377; x_wconf 78' lang='grc' dir='ltr'>Οὐδὲ</span> <span class='ocrx_word' id='word_1_89' title='bbox 1209 1326 1313 1391; x_wconf 84' lang='grc' dir='ltr'>γὰρ</span> <span class='ocrx_word' id='word_1_90' title='bbox 1357 1321 1484 1373; x_wconf 82' lang='grc' dir='ltr'>ἄλλο</span> <span class='ocrx_word' id='word_1_91' title='bbox 1519 1320 1569 1371; x_wconf 90' lang='grc' dir='ltr'>τί</span> <span class='ocrx_word' id='word_1_92' title='bbox 1617 1318 1745 1370; x_wconf 89' lang='grc' dir='ltr'>ποτέ</span> 
     </span>
    </p>
   </div>
   <div class='ocr_carea' id='block_1_13' title="bbox 202 1399 1744 1483">
    <p class='ocr_par' dir='ltr' id='par_1_13' title="bbox 202 1399 1744 1483">
     <span class='ocr_line' id='line_1_13' title="bbox 202 1399 1744 1483; baseline -0.012 -15"><span class='ocrx_word' id='word_1_93' title='bbox 202 1417 306 1468; x_wconf 69' lang='grc' dir='ltr'>ἐστι</span> <span class='ocrx_word' id='word_1_94' title='bbox 343 1412 667 1483; x_wconf 77' lang='grc' dir='ltr'>προφητεία,</span> <span class='ocrx_word' id='word_1_95' title='bbox 705 1408 817 1461; x_wconf 82' lang='grc' dir='ltr'>ἀλλ’</span> <span class='ocrx_word' id='word_1_96' title='bbox 853 1404 885 1470; x_wconf 89' lang='grc' dir='ltr'>ἢ</span> <span class='ocrx_word' id='word_1_97' title='bbox 919 1407 1028 1460; x_wconf 86' lang='grc' dir='ltr'>τῶν</span> <span class='ocrx_word' id='word_1_98' title='bbox 1070 1404 1365 1474; x_wconf 80' lang='grc' dir='ltr'>μελλόντων</span> <span class='ocrx_word' id='word_1_99' title='bbox 1409 1399 1744 1483; x_wconf 77' lang='grc' dir='ltr'>πραγμάτων</span> 
     </span>
    </p>
   </div>
   <div class='ocr_carea' id='block_1_14' title="bbox 203 1479 1744 1566">
    <p class='ocr_par' dir='ltr' id='par_1_14' title="bbox 203 1479 1744 1566">
     <span class='ocr_line' id='line_1_14' title="bbox 203 1479 1744 1566; baseline -0.012 -18"><span class='ocrx_word' id='word_1_100' title='bbox 203 1479 661 1566; x_wconf 80' lang='grc' dir='ltr'>προαναφώνησις.</span> <span class='ocrx_word' id='word_1_101' title='bbox 699 1491 755 1542; x_wconf 87' lang='grc' dir='ltr'>Ὀ</span> <span class='ocrx_word' id='word_1_102' title='bbox 782 1489 961 1542; x_wconf 81' lang='grc' dir='ltr'>τοίνυν</span> <span class='ocrx_word' id='word_1_103' title='bbox 992 1489 1116 1548; x_wconf 81' lang='grc' dir='ltr'>τοὺς</span> <span class='ocrx_word' id='word_1_104' title='bbox 1155 1485 1376 1553; x_wconf 86' lang='grc' dir='ltr'>καιροὺς</span> <span class='ocrx_word' id='word_1_105' title='bbox 1407 1482 1613 1548; x_wconf 83' lang='grc' dir='ltr'>ἀγνοῶν</span> <span class='ocrx_word' id='word_1_106' title='bbox 1637 1479 1744 1531; x_wconf 89' lang='grc' dir='ltr'>τῶν</span> 
     </span>
    </p>
   </div>
   <div class='ocr_carea' id='block_1_15' title="bbox 203 1563 1744 1646">
    <p class='ocr_par' dir='ltr' id='par_1_15' title="bbox 203 1563 1744 1646">
     <span class='ocr_line' id='line_1_15' title="bbox 203 1563 1744 1646; baseline -0.013 -14"><span class='ocrx_word' id='word_1_107' title='bbox 203 1563 500 1646; x_wconf 75' lang='grc' dir='ltr'>είρημένων</span> <span class='ocrx_word' id='word_1_108' title='bbox 527 1571 862 1643; x_wconf 79' lang='grc' dir='ltr'>πραγμάτων</span> <span class='ocrx_word' id='word_1_109' title='bbox 886 1568 920 1637; x_wconf 79' lang='grc' dir='ltr'><strong>ἢ</strong></span> <span class='ocrx_word' id='word_1_110' title='bbox 967 1567 1072 1620; x_wconf 86' lang='grc' dir='ltr'>τῶν</span> <span class='ocrx_word' id='word_1_111' title='bbox 1117 1565 1409 1629; x_wconf 84' lang='grc' dir='ltr'>ἐκϐάντων,</span> <span class='ocrx_word' id='word_1_112' title='bbox 1446 1563 1559 1626; x_wconf 87' lang='grc' dir='ltr'>πῶς</span> <span class='ocrx_word' id='word_1_113' title='bbox 1586 1563 1744 1632; x_wconf 84' lang='grc' dir='ltr'>δυνή-</span> 
     </span>
    </p>
   </div>
   <div class='ocr_carea' id='block_1_16' title="bbox 207 1645 1746 1722">
    <p class='ocr_par' dir='ltr' id='par_1_16' title="bbox 207 1645 1746 1722">
     <span class='ocr_line' id='line_1_16' title="bbox 207 1645 1746 1722; baseline -0.01 -12"><span class='ocrx_word' id='word_1_114' title='bbox 207 1645 344 1710; x_wconf 82' lang='grc' dir='ltr'>σεται</span> <span class='ocrx_word' id='word_1_115' title='bbox 397 1655 564 1718; x_wconf 82' lang='grc' dir='ltr'>δεῖξαι</span> <span class='ocrx_word' id='word_1_116' title='bbox 607 1653 682 1722; x_wconf 79' lang='grc' dir='ltr'>τῷ</span> <span class='ocrx_word' id='word_1_117' title='bbox 731 1649 1118 1719; x_wconf 86' lang='grc' dir='ltr'>φιλονεικοῦντι</span> <span class='ocrx_word' id='word_1_118' title='bbox 1164 1648 1225 1699; x_wconf 81' lang='grc' dir='ltr'>τὸ</span> <span class='ocrx_word' id='word_1_119' title='bbox 1266 1649 1365 1715; x_wconf 83' lang='grc' dir='ltr'>τῆς</span> <span class='ocrx_word' id='word_1_120' title='bbox 1416 1645 1746 1715; x_wconf 74' lang='grc' dir='ltr'>προφητείας</span> 
     </span>
    </p>
   </div>
   <div class='ocr_carea' id='block_1_17' title="bbox 206 1724 1747 1808">
    <p class='ocr_par' dir='ltr' id='par_1_17' title="bbox 206 1724 1747 1808">
     <span class='ocr_line' id='line_1_17' title="bbox 206 1724 1747 1808; baseline -0.013 -14"><span class='ocrx_word' id='word_1_121' title='bbox 206 1740 442 1808; x_wconf 76' lang='grc' dir='ltr'>ἀξίωμα;</span> <span class='ocrx_word' id='word_1_122' title='bbox 478 1734 753 1788; x_wconf 79' lang='grc' dir='ltr'>Ἐντεῦθεν</span> <span class='ocrx_word' id='word_1_123' title='bbox 781 1734 913 1801; x_wconf 87' lang='grc' dir='ltr'>ἡμῖν</span> <span class='ocrx_word' id='word_1_124' title='bbox 957 1731 1050 1784; x_wconf 67' lang='grc' dir='ltr'>καὶ¹</span> <span class='ocrx_word' id='word_1_125' title='bbox 1078 1731 1125 1782; x_wconf 83' lang='grc' dir='ltr'>οἱ</span> <span class='ocrx_word' id='word_1_126' title='bbox 1156 1728 1288 1798; x_wconf 83' lang='grc' dir='ltr'>πρὸς</span> <span class='ocrx_word' id='word_1_127' title='bbox 1312 1726 1574 1795; x_wconf 82' lang='grc' dir='ltr'>Ἕλληνας</span> <span class='ocrx_word' id='word_1_128' title='bbox 1605 1724 1747 1792; x_wconf 83' lang='grc' dir='ltr'>ἀγῶ-</span> 
     </span>
    </p>
   </div>
   <div class='ocr_carea' id='block_1_18' title="bbox 209 1806 1747 1886">
    <p class='ocr_par' dir='ltr' id='par_1_18' title="bbox 209 1806 1747 1886">
     <span class='ocr_line' id='line_1_18' title="bbox 209 1806 1747 1886; baseline -0.011 -11"><span class='ocrx_word' id='word_1_129' title='bbox 209 1839 285 1884; x_wconf 84' lang='grc' dir='ltr'>νες</span> <span class='ocrx_word' id='word_1_130' title='bbox 309 1806 403 1873; x_wconf 73' lang='grc' dir='ltr'>καὶ</span> <span class='ocrx_word' id='word_1_131' title='bbox 443 1823 587 1872; x_wconf 89' lang='grc' dir='ltr'>νῖκαι</span> <span class='ocrx_word' id='word_1_132' title='bbox 614 1830 664 1879; x_wconf 74' lang='grc' dir='ltr'>α,</span> <span class='ocrx_word' id='word_1_133' title='bbox 691 1818 818 1868; x_wconf 82' lang='grc' dir='ltr'>ὅταν</span> <span class='ocrx_word' id='word_1_134' title='bbox 866 1813 1208 1886; x_wconf 89' lang='grc' dir='ltr'>πρεσϐύτερα</span> <span class='ocrx_word' id='word_1_135' title='bbox 1258 1810 1641 1878; x_wconf 83' lang='grc' dir='ltr'>άποφαίνωμεν</span> <span class='ocrx_word' id='word_1_136' title='bbox 1679 1806 1747 1858; x_wconf 79' lang='grc' dir='ltr'>τά</span> 
     </span>
    </p>
   </div>
   <div class='ocr_carea' id='block_1_19' title="bbox 205 1889 1746 1972">
    <p class='ocr_par' dir='ltr' id='par_1_19' title="bbox 205 1889 1746 1972">
     <span class='ocr_line' id='line_1_19' title="bbox 205 1889 1746 1972; baseline -0.01 -16"><span class='ocrx_word' id='word_1_137' title='bbox 205 1903 438 1972; x_wconf 87' lang='grc' dir='ltr'>ἡμέτερα</span> <span class='ocrx_word' id='word_1_138' title='bbox 462 1900 571 1952; x_wconf 88' lang='grc' dir='ltr'>τῶν</span> <span class='ocrx_word' id='word_1_139' title='bbox 605 1899 732 1967; x_wconf 83' lang='grc' dir='ltr'>παρ’</span> <span class='ocrx_word' id='word_1_140' title='bbox 761 1895 1014 1957; x_wconf 84' lang='grc' dir='ltr'>ἐκεινοις·</span> <span class='ocrx_word' id='word_1_141' title='bbox 1044 1893 1287 1947; x_wconf 87' lang='grc' dir='ltr'>ἐντεῦθεν</span> <span class='ocrx_word' id='word_1_142' title='bbox 1319 1895 1448 1962; x_wconf 88' lang='grc' dir='ltr'>ἡμῖν</span> <span class='ocrx_word' id='word_1_143' title='bbox 1488 1891 1578 1943; x_wconf 75' lang='grc' dir='ltr'>καὶ</span> <span class='ocrx_word' id='word_1_144' title='bbox 1613 1889 1746 1957; x_wconf 81' lang='grc' dir='ltr'>πρὸς</span> 
     </span>
    </p>
   </div>
   <div class='ocr_carea' id='block_1_20' title="bbox 220 1971 1747 2047">
    <p class='ocr_par' dir='ltr' id='par_1_20' title="bbox 220 1971 1747 2047">
     <span class='ocr_line' id='line_1_20' title="bbox 220 1971 1747 2047; baseline -0.01 -11"><span class='ocrx_word' id='word_1_145' title='bbox 220 1971 489 2044; x_wconf 65' lang='grc' dir='ltr'>Ἰουδαίους</span> <span class='ocrx_word' id='word_1_146' title='bbox 527 1979 822 2042; x_wconf 82' lang='grc' dir='ltr'>ἀποδείξεις</span> <span class='ocrx_word' id='word_1_147' title='bbox 857 1977 986 2047; x_wconf 77' lang='grc' dir='ltr'>περὶ</span> <span class='ocrx_word' id='word_1_148' title='bbox 1017 1977 1117 2046; x_wconf 87' lang='grc' dir='ltr'>τῆς</span> <span class='ocrx_word' id='word_1_149' title='bbox 1156 1974 1408 2044; x_wconf 83' lang='grc' dir='ltr'>ἀληθείας</span> <span class='ocrx_word' id='word_1_150' title='bbox 1448 1973 1586 2024; x_wconf 81' lang='grc' dir='ltr'>είσίο</span> <span class='ocrx_word' id='word_1_151' title='bbox 1613 1971 1747 2040; x_wconf 86' lang='grc' dir='ltr'>πρὸς</span> 
     </span>
    </p>
   </div>
   <div class='ocr_carea' id='block_1_21' title="bbox 218 2054 1748 2126">
    <p class='ocr_par' dir='ltr' id='par_1_21' title="bbox 218 2054 1748 2126">
     <span class='ocr_line' id='line_1_21' title="bbox 218 2054 1748 2126; baseline -0.008 -9"><span class='ocrx_word' id='word_1_152' title='bbox 218 2065 489 2124; x_wconf 79' lang='grc' dir='ltr'>Ἰουδαίους</span> <span class='ocrx_word' id='word_1_153' title='bbox 518 2062 642 2122; x_wconf 81' lang='grc' dir='ltr'>τοὺς</span> <span class='ocrx_word' id='word_1_154' title='bbox 673 2060 884 2121; x_wconf 81' lang='grc' dir='ltr'>ἀθλίους</span> <span class='ocrx_word' id='word_1_155' title='bbox 915 2059 1008 2111; x_wconf 66' lang='grc' dir='ltr'>καὶ</span> <span class='ocrx_word' id='word_1_156' title='bbox 1038 2055 1428 2126; x_wconf 87' lang='grc' dir='ltr'>ταλαιπώρους,</span> <span class='ocrx_word' id='word_1_157' title='bbox 1455 2055 1504 2107; x_wconf 83' lang='grc' dir='ltr'>οῖ</span> <span class='ocrx_word' id='word_1_158' title='bbox 1535 2054 1620 2106; x_wconf 85' lang='grc' dir='ltr'>διὰ</span> <span class='ocrx_word' id='word_1_159' title='bbox 1648 2055 1748 2122; x_wconf 83' lang='grc' dir='ltr'>τὴν</span> 
     </span>
    </p>
   </div>
   <div class='ocr_carea' id='block_1_22' title="bbox 207 2135 1745 2215">
    <p class='ocr_par' dir='ltr' id='par_1_22' title="bbox 207 2135 1745 2215">
     <span class='ocr_line' id='line_1_22' title="bbox 207 2135 1745 2215; baseline -0.008 -16"><span class='ocrx_word' id='word_1_160' title='bbox 207 2150 302 2199; x_wconf 80' lang='grc' dir='ltr'>τῶν</span> <span class='ocrx_word' id='word_1_161' title='bbox 325 2146 528 2215; x_wconf 80' lang='grc' dir='ltr'>χρόνων</span> <span class='ocrx_word' id='word_1_162' title='bbox 548 2144 765 2209; x_wconf 76' lang='grc' dir='ltr'>ἄγνοιαν</span> <span class='ocrx_word' id='word_1_163' title='bbox 788 2141 848 2192; x_wconf 82' lang='grc' dir='ltr'>τὸ</span> <span class='ocrx_word' id='word_1_164' title='bbox 880 2140 1132 2208; x_wconf 86' lang='grc' dir='ltr'>μέγιστον</span> <span class='ocrx_word' id='word_1_165' title='bbox 1165 2138 1381 2206; x_wconf 82' lang='grc' dir='ltr'>σφάλμα</span> <span class='ocrx_word' id='word_1_166' title='bbox 1418 2135 1745 2204; x_wconf 89' lang='grc' dir='ltr'>ἐσφάλησαν.</span> 
     </span>
    </p>
   </div>
   <div class='ocr_carea' id='block_1_23' title="bbox 207 2217 1748 2296">
    <p class='ocr_par' dir='ltr' id='par_1_23' title="bbox 207 2217 1748 2296">
     <span class='ocr_line' id='line_1_23' title="bbox 207 2217 1748 2296; baseline -0.008 -15"><span class='ocrx_word' id='word_1_167' title='bbox 207 2231 263 2281; x_wconf 81' lang='lat' dir='ltr'>El</span> <span class='ocrx_word' id='word_1_168' title='bbox 311 2229 417 2296; x_wconf 84' lang='grc' dir='ltr'>γάρ</span> <span class='ocrx_word' id='word_1_169' title='bbox 460 2228 700 2295; x_wconf 81' lang='grc' dir='ltr'>ῆκουσαν</span> <span class='ocrx_word' id='word_1_170' title='bbox 752 2221 845 2273; x_wconf 91' lang='grc' dir='ltr'>τοῦ</span> <span class='ocrx_word' id='word_1_171' title='bbox 907 2219 1239 2289; x_wconf 82' lang='grc' dir='ltr'>πατριάρχου</span> <span class='ocrx_word' id='word_1_172' title='bbox 1298 2219 1580 2285; x_wconf 87' lang='grc' dir='ltr'>λέγοντος,</span> <span class='ocrx_word' id='word_1_173' title='bbox 1628 2217 1748 2269; x_wconf 81' lang='grc' dir='ltr'>Οὐκ</span> 
     </span>
    </p>
   </div>
   <div class='ocr_carea' id='block_1_24' title="bbox 206 2297 1751 2376">
    <p class='ocr_par' dir='ltr' id='par_1_24' title="bbox 206 2297 1751 2376">
     <span class='ocr_line' id='line_1_24' title="bbox 206 2297 1751 2376; baseline -0.01 -11"><span class='ocrx_word' id='word_1_174' title='bbox 206 2313 457 2376; x_wconf 68' lang='grc' dir='ltr'>ἐκλείψει</span> <span class='ocrx_word' id='word_1_175' title='bbox 475 2307 674 2374; x_wconf 77' lang='grc' dir='ltr'>ἄρχων</span> <span class='ocrx_word' id='word_1_176' title='bbox 692 2304 760 2368; x_wconf 78' lang='grc' dir='ltr'>ἐξ</span> <span class='ocrx_word' id='word_1_177' title='bbox 788 2303 1000 2364; x_wconf 80' lang='grc' dir='ltr'>Ἰούδα,</span> <span class='ocrx_word' id='word_1_178' title='bbox 1027 2302 1167 2356; x_wconf 84' lang='grc' dir='ltr'>οὐδὲ</span> <span class='ocrx_word' id='word_1_179' title='bbox 1188 2302 1512 2369; x_wconf 76' lang='grc' dir='ltr'>ἡγούμενος</span> <span class='ocrx_word' id='word_1_180' title='bbox 1539 2301 1606 2352; x_wconf 79' lang='grc' dir='ltr'>ἐκ</span> <span class='ocrx_word' id='word_1_181' title='bbox 1635 2297 1751 2351; x_wconf 88' lang='grc' dir='ltr'>τῶν</span> 
     </span>
    </p>
   </div>
   <div class='ocr_carea' id='block_1_25' title="bbox 208 2377 1750 2457">
    <p class='ocr_par' dir='ltr' id='par_1_25' title="bbox 208 2377 1750 2457">
     <span class='ocr_line' id='line_1_25' title="bbox 208 2377 1750 2457; baseline -0.008 -14"><span class='ocrx_word' id='word_1_182' title='bbox 208 2391 395 2457; x_wconf 80' lang='grc' dir='ltr'>μηρῶν</span> <span class='ocrx_word' id='word_1_183' title='bbox 437 2388 644 2450; x_wconf 83' lang='grc' dir='ltr'>αὑτοῦ,</span> <span class='ocrx_word' id='word_1_184' title='bbox 679 2386 790 2449; x_wconf 78' lang='grc' dir='ltr'>ἕως</span> <span class='ocrx_word' id='word_1_185' title='bbox 837 2385 914 2437; x_wconf 81' lang='grc' dir='ltr'>ἂν</span> <span class='ocrx_word' id='word_1_186' title='bbox 956 2385 1103 2450; x_wconf 76' lang='grc' dir='ltr'>ἔλθῃ</span> <span class='ocrx_word' id='word_1_187' title='bbox 1145 2377 1192 2448; x_wconf 82' lang='grc' dir='ltr'><strong>ᾧ</strong></span> <span class='ocrx_word' id='word_1_188' title='bbox 1223 2383 1546 2444; x_wconf 80' lang='grc' dir='ltr'>ἀπόκειται,</span> <span class='ocrx_word' id='word_1_189' title='bbox 1578 2379 1672 2432; x_wconf 79' lang='grc' dir='ltr'>καὶ</span> <span class='ocrx_word' id='word_1_190' title='bbox 1703 2381 1750 2430; x_wconf 83' lang='grc' dir='ltr'>εἰ</span> 
     </span>
    </p>
   </div>
   <div class='ocr_carea' id='block_1_26' title="bbox 208 2463 1750 2543">
    <p class='ocr_par' dir='ltr' id='par_1_26' title="bbox 208 2463 1750 2543">
     <span class='ocr_line' id='line_1_26' title="bbox 208 2463 1750 2543; baseline -0.006 -21"><span class='ocrx_word' id='word_1_191' title='bbox 208 2474 580 2543; x_wconf 80' lang='grc' dir='ltr'>παρετήρησαν</span> <span class='ocrx_word' id='word_1_192' title='bbox 608 2469 719 2536; x_wconf 84' lang='grc' dir='ltr'>μετ’</span> <span class='ocrx_word' id='word_1_193' title='bbox 744 2465 1025 2536; x_wconf 88' lang='grc' dir='ltr'>ἀκριϐείας</span> <span class='ocrx_word' id='word_1_194' title='bbox 1042 2466 1166 2526; x_wconf 83' lang='grc' dir='ltr'>τοὺς</span> <span class='ocrx_word' id='word_1_195' title='bbox 1194 2465 1291 2533; x_wconf 90' lang='grc' dir='ltr'>τῆς</span> <span class='ocrx_word' id='word_1_196' title='bbox 1315 2463 1609 2531; x_wconf 87' lang='grc' dir='ltr'>παρουσίας</span> <span class='ocrx_word' id='word_1_197' title='bbox 1633 2479 1750 2513; x_wconf 88' lang='grc' dir='ltr'>και-</span> 
     </span>
    </p>
   </div>
   <div class='ocr_carea' id='block_1_27' title="bbox 211 2543 1752 2622">
    <p class='ocr_par' dir='ltr' id='par_1_27' title="bbox 211 2543 1752 2622">
     <span class='ocr_line' id='line_1_27' title="bbox 211 2543 1752 2622; baseline -0.009 -15"><span class='ocrx_word' id='word_1_198' title='bbox 211 2558 347 2622; x_wconf 78' lang='grc' dir='ltr'>ροὺς,</span> <span class='ocrx_word' id='word_1_199' title='bbox 376 2555 478 2606; x_wconf 84' lang='grc' dir='ltr'>οὐκ</span> <span class='ocrx_word' id='word_1_200' title='bbox 505 2551 749 2620; x_wconf 76' lang='grc' dir='ltr'>ἔμελλον,</span> <span class='ocrx_word' id='word_1_201' title='bbox 783 2547 1103 2608; x_wconf 85' lang='grc' dir='ltr'>ἐκπεσόντες</span> <span class='ocrx_word' id='word_1_202' title='bbox 1135 2545 1228 2597; x_wconf 88' lang='grc' dir='ltr'>τοῦ</span> <span class='ocrx_word' id='word_1_203' title='bbox 1257 2545 1509 2614; x_wconf 83' lang='grc' dir='ltr'>Χριστοῦ,</span> <span class='ocrx_word' id='word_1_204' title='bbox 1534 2543 1609 2612; x_wconf 81' lang='grc' dir='ltr'>τῷ</span> <span class='ocrx_word' id='word_1_205' title='bbox 1645 2543 1752 2594; x_wconf 84' lang='grc' dir='ltr'>Ἀν-</span> 
     </span>
    </p>
   </div>
   <div class='ocr_carea' id='block_1_28' title="bbox 207 2623 1752 2707">
    <p class='ocr_par' dir='ltr' id='par_1_28' title="bbox 207 2623 1752 2707">
     <span class='ocr_line' id='line_1_28' title="bbox 207 2623 1752 2707; baseline -0.01 -16"><span class='ocrx_word' id='word_1_206' title='bbox 207 2638 453 2707; x_wconf 87' lang='grc' dir='ltr'>τιχρίστῳ</span> <span class='ocrx_word' id='word_1_207' title='bbox 476 2632 851 2704; x_wconf 69' lang='grc' dir='ltr'>περιπίπτειν*</span> <span class='ocrx_word' id='word_1_208' title='bbox 878 2629 1126 2698; x_wconf 88' lang='grc' dir='ltr'>καθάπερ</span> <span class='ocrx_word' id='word_1_209' title='bbox 1155 2623 1248 2707; x_wconf 80' lang='grc' dir='ltr'>οὖν</span> <span class='ocrx_word' id='word_1_210' title='bbox 1276 2628 1368 2678; x_wconf 79' lang='grc' dir='ltr'>καὶ</span> <span class='ocrx_word' id='word_1_211' title='bbox 1397 2626 1556 2688; x_wconf 81' lang='grc' dir='ltr'>αὐτὸς</span> <span class='ocrx_word' id='word_1_212' title='bbox 1576 2625 1752 2686; x_wconf 81' lang='grc' dir='ltr'>αὐτοῖς</span> 
     </span>
    </p>
   </div>
   <div class='ocr_carea' id='block_1_29' title="bbox 208 2706 1753 2787">
    <p class='ocr_par' dir='ltr' id='par_1_29' title="bbox 208 2706 1753 2787">
     <span class='ocr_line' id='line_1_29' title="bbox 208 2706 1753 2787; baseline -0.008 -17"><span class='ocrx_word' id='word_1_213' title='bbox 208 2721 234 2770; x_wconf 99' lang='lat'>6</span> <span class='ocrx_word' id='word_1_214' title='bbox 280 2706 508 2787; x_wconf 76' lang='grc' dir='ltr'>Χριστὸς</span> <span class='ocrx_word' id='word_1_215' title='bbox 565 2713 724 2766; x_wconf 90' lang='grc' dir='ltr'>τοῦτο</span> <span class='ocrx_word' id='word_1_216' title='bbox 783 2712 1152 2780; x_wconf 72' lang='grc' dir='ltr'>αἰνιττόμενος</span> <span class='ocrx_word' id='word_1_217' title='bbox 1203 2706 1349 2760; x_wconf 82' lang='grc' dir='ltr'>εἶπεν</span> <span class='ocrx_word' id='word_1_218' title='bbox 1381 2709 1427 2769; x_wconf 71' lang='grc' dir='ltr'>ι),</span> <span class='ocrx_word' id='word_1_219' title='bbox 1471 2709 1551 2759; x_wconf 79' lang='grc' dir='ltr'>ὅτι</span> <span class='ocrx_word' id='word_1_220' title='bbox 1611 2707 1753 2774; x_wconf 80' lang='grc' dir='ltr'>Ἐγὼ</span> 
     </span>
    </p>
   </div>
   <div class='ocr_carea' id='block_1_30' title="bbox 209 2789 1753 2869">
    <p class='ocr_par' dir='ltr' id='par_1_30' title="bbox 209 2789 1753 2869">
     <span class='ocr_line' id='line_1_30' title="bbox 209 2789 1753 2869; baseline -0.008 -16"><span class='ocrx_word' id='word_1_221' title='bbox 209 2795 385 2869; x_wconf 72' lang='grc' dir='ltr'>ἦλθον</span> <span class='ocrx_word' id='word_1_222' title='bbox 414 2798 485 2849; x_wconf 79' lang='grc' dir='ltr'>ἐν</span> <span class='ocrx_word' id='word_1_223' title='bbox 524 2794 604 2860; x_wconf 84' lang='grc' dir='ltr'>τῷ</span> <span class='ocrx_word' id='word_1_224' title='bbox 645 2795 885 2862; x_wconf 75' lang='grc' dir='ltr'>ὀνόματι</span> <span class='ocrx_word' id='word_1_225' title='bbox 926 2792 1032 2846; x_wconf 89' lang='grc' dir='ltr'>τοῦ</span> <span class='ocrx_word' id='word_1_226' title='bbox 1071 2792 1295 2857; x_wconf 82' lang='grc' dir='ltr'>Πατρός</span> <span class='ocrx_word' id='word_1_227' title='bbox 1328 2808 1466 2857; x_wconf 82' lang='grc' dir='ltr'>μου,</span> <span class='ocrx_word' id='word_1_228' title='bbox 1515 2789 1608 2839; x_wconf 76' lang='grc' dir='ltr'>καὶ</span> <span class='ocrx_word' id='word_1_229' title='bbox 1645 2790 1753 2840; x_wconf 84' lang='grc' dir='ltr'>οὐκ</span> 
     </span>
    </p>
   </div>
   <div class='ocr_carea' id='block_1_31' title="bbox 209 2868 1753 2945">
    <p class='ocr_par' dir='ltr' id='par_1_31' title="bbox 209 2868 1753 2945">
     <span class='ocr_line' id='line_1_31' title="bbox 209 2868 1753 2945; baseline -0.01 -12"><span class='ocrx_word' id='word_1_230' title='bbox 209 2868 483 2942; x_wconf 73' lang='grc' dir='ltr'>ἐδέξασθέ</span> <span class='ocrx_word' id='word_1_231' title='bbox 506 2893 580 2945; x_wconf 79' lang='grc' dir='ltr'>με</span> <span class='ocrx_word' id='word_1_232' title='bbox 600 2893 614 2906; x_wconf 73' lang='grc' dir='ltr'>ο</span> <span class='ocrx_word' id='word_1_233' title='bbox 657 2873 766 2927; x_wconf 80' lang='grc' dir='ltr'>ἐὰν</span> <span class='ocrx_word' id='word_1_234' title='bbox 798 2874 987 2938; x_wconf 71' lang='grc' dir='ltr'>ἄλλος</span> <span class='ocrx_word' id='word_1_235' title='bbox 1011 2874 1154 2939; x_wconf 73' lang='grc' dir='ltr'>ἕλοῃ</span> <span class='ocrx_word' id='word_1_236' title='bbox 1194 2872 1262 2923; x_wconf 84' lang='grc' dir='ltr'>ἐν</span> <span class='ocrx_word' id='word_1_237' title='bbox 1302 2869 1378 2933; x_wconf 86' lang='grc' dir='ltr'>τῷ</span> <span class='ocrx_word' id='word_1_238' title='bbox 1405 2871 1642 2936; x_wconf 82' lang='grc' dir='ltr'>ὀνόματι</span> <span class='ocrx_word' id='word_1_239' title='bbox 1676 2868 1753 2931; x_wconf 84' lang='grc' dir='ltr'>τῷ</span> 
     </span>
    </p>
   </div>
   <div class='ocr_carea' id='block_1_32' title="bbox 210 2951 1754 3026">
    <p class='ocr_par' dir='ltr' id='par_1_32' title="bbox 210 2951 1754 3026">
     <span class='ocr_line' id='line_1_32' title="bbox 210 2951 1754 3026; baseline -0.01 -11"><span class='ocrx_word' id='word_1_240' title='bbox 210 2962 346 3026; x_wconf 73' lang='grc' dir='ltr'>ίὸίφ,</span> <span class='ocrx_word' id='word_1_241' title='bbox 390 2960 621 3013; x_wconf 79' lang='grc' dir='ltr'>ἐκεῖνον</span> <span class='ocrx_word' id='word_1_242' title='bbox 665 2956 958 3023; x_wconf 70' lang='grc' dir='ltr'>λήψεσθε.</span> <span class='ocrx_word' id='word_1_243' title='bbox 989 2953 1139 3016; x_wconf 78' lang='grc' dir='ltr'>Εἶδες</span> <span class='ocrx_word' id='word_1_244' title='bbox 1194 2953 1354 3005; x_wconf 88' lang='grc' dir='ltr'>πόσον</span> <span class='ocrx_word' id='word_1_245' title='bbox 1405 2951 1754 3020; x_wconf 84' lang='grc' dir='ltr'>παράπτωμα</span> 
     </span>
    </p>
   </div>
   <div class='ocr_carea' id='block_1_33' title="bbox 211 3033 1755 3110">
    <p class='ocr_par' dir='ltr' id='par_1_33' title="bbox 211 3033 1755 3110">
     <span class='ocr_line' id='line_1_33' title="bbox 211 3033 1755 3110; baseline -0.009 -14"><span class='ocrx_word' id='word_1_246' title='bbox 211 3043 309 3096; x_wconf 79' lang='grc' dir='ltr'>ἀπὸ</span> <span class='ocrx_word' id='word_1_247' title='bbox 347 3042 442 3110; x_wconf 89' lang='grc' dir='ltr'>τῆς</span> <span class='ocrx_word' id='word_1_248' title='bbox 490 3041 596 3092; x_wconf 87' lang='grc' dir='ltr'>τῶν</span> <span class='ocrx_word' id='word_1_249' title='bbox 642 3039 848 3108; x_wconf 79' lang='grc' dir='ltr'>χρόνων</span> <span class='ocrx_word' id='word_1_250' title='bbox 897 3037 1115 3104; x_wconf 84' lang='grc' dir='ltr'>γέγονεν</span> <span class='ocrx_word' id='word_1_251' title='bbox 1163 3034 1412 3101; x_wconf 89' lang='grc' dir='ltr'>ἀγνοίας;</span> <span class='ocrx_word' id='word_1_252' title='bbox 1466 3035 1554 3101; x_wconf 83' lang='grc' dir='ltr'>Μὴ</span> <span class='ocrx_word' id='word_1_253' title='bbox 1583 3033 1755 3084; x_wconf 85' lang='grc' dir='ltr'>τοίνυν</span> 
     </span>
    </p>
   </div>
   <div class='ocr_carea' id='block_1_34' title="bbox 210 3113 1755 3194">
    <p class='ocr_par' dir='ltr' id='par_1_34' title="bbox 210 3113 1755 3194">
     <span class='ocr_line' id='line_1_34' title="bbox 210 3113 1755 3194; baseline -0.008 -19"><span class='ocrx_word' id='word_1_254' title='bbox 210 3125 477 3194; x_wconf 75' lang='grc' dir='ltr'>ἀμελήσῃς</span> <span class='ocrx_word' id='word_1_255' title='bbox 506 3119 765 3188; x_wconf 81' lang='grc' dir='ltr'>ὡφελείας</span> <span class='ocrx_word' id='word_1_256' title='bbox 790 3117 1075 3185; x_wconf 86' lang='grc' dir='ltr'>τοσαύτης.</span> <span class='ocrx_word' id='word_1_257' title='bbox 1101 3115 1362 3184; x_wconf 76' lang='grc' dir='ltr'>Καθάπερ</span> <span class='ocrx_word' id='word_1_258' title='bbox 1390 3113 1494 3183; x_wconf 84' lang='grc' dir='ltr'>γὰρ</span> <span class='ocrx_word' id='word_1_259' title='bbox 1522 3116 1634 3182; x_wconf 77' lang='grc' dir='ltr'>ὅροι</span> <span class='ocrx_word' id='word_1_260' title='bbox 1663 3113 1755 3164; x_wconf 79' lang='grc' dir='ltr'>καὶ</span> 
     </span>
    </p>
   </div>
   <div class='ocr_carea' id='block_1_35' title="bbox 213 3196 1753 3276">
    <p class='ocr_par' dir='ltr' id='par_1_35' title="bbox 213 3196 1753 3276">
     <span class='ocr_line' id='line_1_35' title="bbox 213 3196 1753 3276; baseline -0.01 -18"><span class='ocrx_word' id='word_1_261' title='bbox 213 3207 392 3276; x_wconf 87' lang='grc' dir='ltr'>στῆλαι</span> <span class='ocrx_word' id='word_1_262' title='bbox 420 3197 479 3257; x_wconf 84' lang='grc' dir='ltr'>ἐν</span> <span class='ocrx_word' id='word_1_263' title='bbox 509 3204 616 3264; x_wconf 88' lang='grc' dir='ltr'>τοῖς</span> <span class='ocrx_word' id='word_1_264' title='bbox 640 3203 824 3270; x_wconf 84' lang='grc' dir='ltr'>ἀγροῖς</span> <span class='ocrx_word' id='word_1_265' title='bbox 853 3200 949 3260; x_wconf 77' lang='grc' dir='ltr'>τὰς</span> <span class='ocrx_word' id='word_1_266' title='bbox 984 3198 1217 3267; x_wconf 84' lang='grc' dir='ltr'>ἀρούρας</span> <span class='ocrx_word' id='word_1_267' title='bbox 1239 3199 1336 3249; x_wconf 80' lang='grc' dir='ltr'>οὑκ</span> <span class='ocrx_word' id='word_1_268' title='bbox 1373 3197 1502 3247; x_wconf 89' lang='grc' dir='ltr'>ἐῶσι</span> <span class='ocrx_word' id='word_1_269' title='bbox 1540 3196 1753 3261; x_wconf 78' lang='grc' dir='ltr'>συγχεῖ-</span> 
     </span>
    </p>
   </div>
   <div class='ocr_carea' id='block_1_36' title="bbox 215 3278 1755 3352">
    <p class='ocr_par' dir='ltr' id='par_1_36' title="bbox 215 3278 1755 3352">
     <span class='ocr_line' id='line_1_36' title="bbox 215 3278 1755 3352; baseline -0.008 -12"><span class='ocrx_word' id='word_1_270' title='bbox 215 3286 346 3351; x_wconf 80' lang='grc' dir='ltr'>σθαι,</span> <span class='ocrx_word' id='word_1_271' title='bbox 374 3285 543 3347; x_wconf 79' lang='grc' dir='ltr'>οὕτως</span> <span class='ocrx_word' id='word_1_272' title='bbox 578 3285 627 3335; x_wconf 76' lang='grc' dir='ltr'>οἱ</span> <span class='ocrx_word' id='word_1_273' title='bbox 671 3282 847 3352; x_wconf 79' lang='grc' dir='ltr'>χρόνοι</span> <span class='ocrx_word' id='word_1_274' title='bbox 889 3282 979 3333; x_wconf 81' lang='grc' dir='ltr'>καὶ</span> <span class='ocrx_word' id='word_1_275' title='bbox 1023 3281 1070 3332; x_wconf 85' lang='grc' dir='ltr'>οἱ</span> <span class='ocrx_word' id='word_1_276' title='bbox 1127 3280 1303 3351; x_wconf 74' lang='grc' dir='ltr'>καιροὶ</span> <span class='ocrx_word' id='word_1_277' title='bbox 1347 3279 1412 3332; x_wconf 82' lang='grc' dir='ltr'>τά</span> <span class='ocrx_word' id='word_1_278' title='bbox 1462 3278 1755 3347; x_wconf 87' lang='grc' dir='ltr'>πράγματα</span> 
     </span>
    </p>
   </div>
   <div class='ocr_carea' id='block_1_37' title="bbox 211 3361 1754 3436">
    <p class='ocr_par' dir='ltr' id='par_1_37' title="bbox 211 3361 1754 3436">
     <span class='ocr_line' id='line_1_37' title="bbox 211 3361 1754 3436; baseline -0.008 -16"><span class='ocrx_word' id='word_1_279' title='bbox 211 3372 302 3423; x_wconf 78' lang='grc' dir='ltr'>οὐκ</span> <span class='ocrx_word' id='word_1_280' title='bbox 345 3369 507 3434; x_wconf 88' lang='grc' dir='ltr'>ἐῶσιν</span> <span class='ocrx_word' id='word_1_281' title='bbox 543 3366 786 3436; x_wconf 80' lang='grc' dir='ltr'>ἀλλήλοις</span> <span class='ocrx_word' id='word_1_282' title='bbox 827 3364 1154 3434; x_wconf 85' lang='grc' dir='ltr'>συμπίπτειν</span> <span class='ocrx_word' id='word_1_283' title='bbox 1178 3373 1224 3423; x_wconf 77' lang='grc' dir='ltr'>ο,</span> <span class='ocrx_word' id='word_1_284' title='bbox 1261 3361 1395 3413; x_wconf 88' lang='grc' dir='ltr'>ἀλλά</span> <span class='ocrx_word' id='word_1_285' title='bbox 1432 3361 1754 3428; x_wconf 83' lang='grc' dir='ltr'>διείργοντες</span> 
     </span>
    </p>
   </div>
   <div class='ocr_carea' id='block_1_38' title="bbox 213 3444 1755 3521">
    <p class='ocr_par' dir='ltr' id='par_1_38' title="bbox 213 3444 1755 3521">
     <span class='ocr_line' id='line_1_38' title="bbox 213 3444 1755 3521; baseline -0.01 -15"><span class='ocrx_word' id='word_1_286' title='bbox 213 3455 297 3506; x_wconf 82' lang='grc' dir='ltr'>ἀπ’</span> <span class='ocrx_word' id='word_1_287' title='bbox 345 3451 586 3521; x_wconf 86' lang='grc' dir='ltr'>ἀλλήλων</span> <span class='ocrx_word' id='word_1_288' title='bbox 643 3448 813 3511; x_wconf 83' lang='grc' dir='ltr'>αὐτὰ,</span> <span class='ocrx_word' id='word_1_289' title='bbox 865 3448 959 3499; x_wconf 78' lang='grc' dir='ltr'>καὶ</span> <span class='ocrx_word' id='word_1_290' title='bbox 1021 3445 1160 3499; x_wconf 86' lang='grc' dir='ltr'>κατά</span> <span class='ocrx_word' id='word_1_291' title='bbox 1221 3444 1316 3513; x_wconf 79' lang='grc' dir='ltr'>τὴν</span> <span class='ocrx_word' id='word_1_292' title='bbox 1381 3447 1755 3513; x_wconf 79' lang='grc' dir='ltr'>προσήκουσαν</span> 
     </span>
    </p>
   </div>
   <div class='ocr_carea' id='block_1_39' title="bbox 212 3525 1756 3596">
    <p class='ocr_par' dir='ltr' id='par_1_39' title="bbox 212 3525 1756 3596">
     <span class='ocr_line' id='line_1_39' title="bbox 212 3525 1756 3596; baseline -0.009 -9"><span class='ocrx_word' id='word_1_293' title='bbox 212 3537 405 3596; x_wconf 77' lang='grc' dir='ltr'>εκαστα</span> <span class='ocrx_word' id='word_1_294' title='bbox 457 3531 779 3593; x_wconf 83' lang='grc' dir='ltr'>διατιθέντες</span> <span class='ocrx_word' id='word_1_295' title='bbox 834 3530 1024 3593; x_wconf 78' lang='grc' dir='ltr'>τάξιν,</span> <span class='ocrx_word' id='word_1_296' title='bbox 1082 3527 1280 3595; x_wconf 88' lang='grc' dir='ltr'>πολλῆς</span> <span class='ocrx_word' id='word_1_297' title='bbox 1335 3525 1756 3577; x_wconf 80' lang='grc' dir='ltr'>ἀπαλλάττουσιν</span> 
     </span>
    </p>
   </div>
   <div class='ocr_carea' id='block_1_40' title="bbox 213 3606 1755 3686">
    <p class='ocr_par' dir='ltr' id='par_1_40' title="bbox 213 3606 1755 3686">
     <span class='ocr_line' id='line_1_40' title="bbox 213 3606 1755 3686; baseline -0.01 -15"><span class='ocrx_word' id='word_1_298' title='bbox 213 3619 346 3686; x_wconf 81' lang='grc' dir='ltr'>ἡμᾶς</span> <span class='ocrx_word' id='word_1_299' title='bbox 378 3615 640 3686; x_wconf 80' lang='grc' dir='ltr'>ταραχῆς.</span> <span class='ocrx_word' id='word_1_300' title='bbox 680 3612 861 3678; x_wconf 80' lang='grc' dir='ltr'>’Δξιον</span> <span class='ocrx_word' id='word_1_301' title='bbox 899 3611 1077 3663; x_wconf 87' lang='grc' dir='ltr'>τοίνυν</span> <span class='ocrx_word' id='word_1_302' title='bbox 1111 3611 1281 3661; x_wconf 78' lang='grc' dir='ltr'>εἰπεῖν</span> <span class='ocrx_word' id='word_1_303' title='bbox 1317 3608 1450 3675; x_wconf 83' lang='grc' dir='ltr'>πρὸς</span> <span class='ocrx_word' id='word_1_304' title='bbox 1487 3609 1645 3674; x_wconf 78' lang='grc' dir='ltr'>ὑμᾶς,</span> <span class='ocrx_word' id='word_1_305' title='bbox 1676 3606 1755 3667; x_wconf 87' lang='grc' dir='ltr'>τίς</span> 
     </span>
    </p>
   </div>
   <div class='ocr_carea' id='block_1_41' title="bbox 211 3689 1756 3768">
    <p class='ocr_par' dir='ltr' id='par_1_41' title="bbox 211 3689 1756 3768">
     <span class='ocr_line' id='line_1_41' title="bbox 211 3689 1756 3768; baseline -0.01 -17"><span class='ocrx_word' id='word_1_306' title='bbox 211 3695 272 3768; x_wconf 79' lang='grc' dir='ltr'>ῆν</span> <span class='ocrx_word' id='word_1_307' title='bbox 306 3691 458 3760; x_wconf 74' lang='grc' dir='ltr'>οὗτος</span> <span class='ocrx_word' id='word_1_308' title='bbox 494 3700 522 3748; x_wconf 92' lang='lat'>6</span> <span class='ocrx_word' id='word_1_309' title='bbox 555 3694 754 3759; x_wconf 79' lang='grc' dir='ltr'>Ὀζίας,</span> <span class='ocrx_word' id='word_1_310' title='bbox 784 3693 879 3746; x_wconf 74' lang='grc' dir='ltr'>καὶ</span> <span class='ocrx_word' id='word_1_311' title='bbox 921 3693 1049 3744; x_wconf 89' lang='grc' dir='ltr'>πότε</span> <span class='ocrx_word' id='word_1_312' title='bbox 1086 3690 1394 3742; x_wconf 85' lang='grc' dir='ltr'>ἐϐασίλευσε</span> <span class='ocrx_word' id='word_1_313' title='bbox 1416 3729 1429 3753; x_wconf 92' lang='grc'>,</span> <span class='ocrx_word' id='word_1_314' title='bbox 1469 3691 1560 3738; x_wconf 72' lang='grc' dir='ltr'>καὶ</span> <span class='ocrx_word' id='word_1_315' title='bbox 1601 3689 1756 3737; x_wconf 83' lang='grc' dir='ltr'>τίνων</span> 
     </span>
    </p>
   </div>
   <div class='ocr_carea' id='block_1_42' title="bbox 213 3770 1756 3851">
    <p class='ocr_par' dir='ltr' id='par_1_42' title="bbox 213 3770 1756 3851">
     <span class='ocr_line' id='line_1_42' title="bbox 213 3770 1756 3851; baseline -0.01 -18"><span class='ocrx_word' id='word_1_316' title='bbox 213 3780 352 3851; x_wconf 75' lang='grc' dir='ltr'>μη]</span> <span class='ocrx_word' id='word_1_317' title='bbox 383 3778 718 3839; x_wconf 86' lang='grc' dir='ltr'>ἐϐασίλευσε,</span> <span class='ocrx_word' id='word_1_318' title='bbox 751 3775 842 3827; x_wconf 74' lang='grc' dir='ltr'>καὶ</span> <span class='ocrx_word' id='word_1_319' title='bbox 875 3774 1036 3835; x_wconf 84' lang='grc' dir='ltr'>πόσος</span> <span class='ocrx_word' id='word_1_320' title='bbox 1061 3771 1207 3839; x_wconf 83' lang='grc' dir='ltr'>αὐτῷ</span> <span class='ocrx_word' id='word_1_321' title='bbox 1244 3771 1461 3837; x_wconf 90' lang='grc' dir='ltr'>γέγονεν</span> <span class='ocrx_word' id='word_1_322' title='bbox 1481 3771 1507 3819; x_wconf 89' lang='grc' dir='ltr'>ὁ</span> <span class='ocrx_word' id='word_1_323' title='bbox 1541 3771 1635 3836; x_wconf 84' lang='grc' dir='ltr'>τῆς</span> <span class='ocrx_word' id='word_1_324' title='bbox 1659 3770 1756 3835; x_wconf 85' lang='grc' dir='ltr'>ἁρ-</span> 
     </span>
    </p>
   </div>
   <div class='ocr_carea' id='block_1_43' title="bbox 214 3848 1752 3930">
    <p class='ocr_par' dir='ltr' id='par_1_43' title="bbox 214 3848 1752 3930">
     <span class='ocr_line' id='line_1_43' title="bbox 214 3848 1752 3930; baseline -0.011 -14"><span class='ocrx_word' id='word_1_325' title='bbox 214 3848 305 3929; x_wconf 66' lang='grc' dir='ltr'>χῆς</span> <span class='ocrx_word' id='word_1_326' title='bbox 336 3848 540 3930; x_wconf 78' lang='grc' dir='ltr'>χρόνος,</span> <span class='ocrx_word' id='word_1_327' title='bbox 568 3859 661 3909; x_wconf 75' lang='grc' dir='ltr'>καὶ</span> <span class='ocrx_word' id='word_1_328' title='bbox 702 3855 818 3915; x_wconf 87' lang='grc' dir='ltr'>πῶς</span> <span class='ocrx_word' id='word_1_329' title='bbox 847 3854 935 3905; x_wconf 78' lang='grc' dir='ltr'>τὸν</span> <span class='ocrx_word' id='word_1_330' title='bbox 979 3854 1090 3922; x_wconf 87' lang='grc' dir='ltr'>βίον</span> <span class='ocrx_word' id='word_1_331' title='bbox 1134 3853 1389 3905; x_wconf 84' lang='grc' dir='ltr'>κατέλυσε</span> <span class='ocrx_word' id='word_1_332' title='bbox 1410 3865 1422 3879; x_wconf 87' lang='lat'><strong><em>°</em></strong></span> <span class='ocrx_word' id='word_1_333' title='bbox 1471 3850 1666 3918; x_wconf 81' lang='grc' dir='ltr'>μᾶλλον</span> <span class='ocrx_word' id='word_1_334' title='bbox 1697 3848 1752 3900; x_wconf 81' lang='grc' dir='ltr'>δὲ</span> 
     </span>
    </p>
   </div>
   <div class='ocr_carea' id='block_1_44' title="bbox 212 3931 1750 4010">
    <p class='ocr_par' dir='ltr' id='par_1_44' title="bbox 212 3931 1750 4010">
     <span class='ocr_line' id='line_1_44' title="bbox 212 3931 1750 4010; baseline -0.009 -16"><span class='ocrx_word' id='word_1_335' title='bbox 212 3944 350 4007; x_wconf 71' lang='grc' dir='ltr'>ἄξιον</span> <span class='ocrx_word' id='word_1_336' title='bbox 378 3943 594 4010; x_wconf 83' lang='grc' dir='ltr'>σιγῆσαι</span> <span class='ocrx_word' id='word_1_337' title='bbox 643 3936 844 3990; x_wconf 89' lang='grc' dir='ltr'>λοιπόν.</span> <span class='ocrx_word' id='word_1_338' title='bbox 879 3937 1112 4005; x_wconf 82' lang='grc' dir='ltr'>Ἀνάγκη</span> <span class='ocrx_word' id='word_1_339' title='bbox 1147 3937 1252 4004; x_wconf 85' lang='grc' dir='ltr'>γάρ</span> <span class='ocrx_word' id='word_1_340' title='bbox 1291 3937 1368 3996; x_wconf 87' lang='grc' dir='ltr'>είς</span> <span class='ocrx_word' id='word_1_341' title='bbox 1402 3935 1623 4002; x_wconf 78' lang='grc' dir='ltr'>ἄπειρον</span> <span class='ocrx_word' id='word_1_342' title='bbox 1657 3931 1750 3982; x_wconf 79' lang='grc' dir='ltr'>πέ-</span> 
     </span>
    </p>
   </div>
   <div class='ocr_carea' id='block_1_45' title="bbox 213 4016 1755 4096">
    <p class='ocr_par' dir='ltr' id='par_1_45' title="bbox 213 4016 1755 4096">
     <span class='ocr_line' id='line_1_45' title="bbox 213 4016 1755 4096; baseline -0.01 -16"><span class='ocrx_word' id='word_1_343' title='bbox 213 4027 366 4094; x_wconf 80' lang='grc' dir='ltr'>λαγος</span> <span class='ocrx_word' id='word_1_344' title='bbox 400 4025 644 4096; x_wconf 77' lang='grc' dir='ltr'>ἱστοριῶν</span> <span class='ocrx_word' id='word_1_345' title='bbox 673 4023 888 4090; x_wconf 79' lang='grc' dir='ltr'>ἀφιέναι</span> <span class='ocrx_word' id='word_1_346' title='bbox 918 4021 1006 4072; x_wconf 72' lang='grc' dir='ltr'>τὸν</span> <span class='ocrx_word' id='word_1_347' title='bbox 1045 4020 1217 4087; x_wconf 89' lang='grc' dir='ltr'>λόγον.</span> <span class='ocrx_word' id='word_1_348' title='bbox 1263 4020 1398 4080; x_wconf 84' lang='grc' dir='ltr'>Τοὺς</span> <span class='ocrx_word' id='word_1_349' title='bbox 1426 4018 1481 4068; x_wconf 79' lang='grc' dir='ltr'>δὲ</span> <span class='ocrx_word' id='word_1_350' title='bbox 1519 4016 1755 4067; x_wconf 87' lang='grc' dir='ltr'>τοιοῦτον</span> 
     </span>
    </p>
   </div>
   <div class='ocr_carea' id='block_1_46' title="bbox 218 4095 1754 4178">
    <p class='ocr_par' dir='ltr' id='par_1_46' title="bbox 218 4095 1754 4178">
     <span class='ocr_line' id='line_1_46' title="bbox 218 4095 1754 4178; baseline -0.01 -16"><span class='ocrx_word' id='word_1_351' title='bbox 218 4111 490 4178; x_wconf 71' lang='grc' dir='ltr'>μέλλοντας</span> <span class='ocrx_word' id='word_1_352' title='bbox 519 4095 840 4175; x_wconf 88' lang='grc' dir='ltr'>πορεύεσθαι</span> <span class='ocrx_word' id='word_1_353' title='bbox 869 4103 1098 4168; x_wconf 80' lang='grc' dir='ltr'>πέλαγος</span> <span class='ocrx_word' id='word_1_354' title='bbox 1123 4141 1137 4161; x_wconf 90' lang='grc'>,</span> <span class='ocrx_word' id='word_1_355' title='bbox 1171 4101 1231 4152; x_wconf 84' lang='grc' dir='ltr'>ού</span> <span class='ocrx_word' id='word_1_356' title='bbox 1265 4098 1615 4166; x_wconf 79' lang='grc' dir='ltr'>κεκμηκότων</span> <span class='ocrx_word' id='word_1_357' title='bbox 1649 4095 1754 4147; x_wconf 88' lang='grc' dir='ltr'>τῶν</span> 
     </span>
    </p>
   </div>
   <div class='ocr_carea' id='block_1_47' title="bbox 215 4177 1751 4260">
    <p class='ocr_par' dir='ltr' id='par_1_47' title="bbox 215 4177 1751 4260">
     <span class='ocr_line' id='line_1_47' title="bbox 215 4177 1751 4260; baseline -0.01 -17"><span class='ocrx_word' id='word_1_358' title='bbox 215 4177 520 4260; x_wconf 80' lang='grc' dir='ltr'>πλωτήρων,</span> <span class='ocrx_word' id='word_1_359' title='bbox 542 4188 653 4241; x_wconf 84' lang='grc' dir='ltr'>ἀλλ’</span> <span class='ocrx_word' id='word_1_360' title='bbox 688 4185 1059 4253; x_wconf 78' lang='grc' dir='ltr'>ἀκμαζόντων,</span> <span class='ocrx_word' id='word_1_361' title='bbox 1086 4181 1345 4235; x_wconf 76' lang='grc' dir='ltr'>ἅπτεσθαι</span> <span class='ocrx_word' id='word_1_362' title='bbox 1371 4180 1471 4248; x_wconf 81' lang='grc' dir='ltr'>χρὴ</span> <span class='ocrx_word' id='word_1_363' title='bbox 1498 4181 1592 4246; x_wconf 86' lang='grc' dir='ltr'>τῆς</span> <span class='ocrx_word' id='word_1_364' title='bbox 1612 4177 1751 4231; x_wconf 88' lang='grc' dir='ltr'>ὁδοῦ.</span> 
     </span>
    </p>
   </div>
   <div class='ocr_carea' id='block_1_48' title="bbox 215 4257 1755 4336">
    <p class='ocr_par' dir='ltr' id='par_1_48' title="bbox 215 4257 1755 4336">
     <span class='ocr_line' id='line_1_48' title="bbox 215 4257 1755 4336; baseline -0.011 -12"><span class='ocrx_word' id='word_1_365' title='bbox 215 4273 302 4324; x_wconf 78' lang='grc' dir='ltr'>Διά</span> <span class='ocrx_word' id='word_1_366' title='bbox 331 4257 481 4322; x_wconf 86' lang='grc' dir='ltr'>τοῦτο</span> <span class='ocrx_word' id='word_1_367' title='bbox 529 4268 621 4320; x_wconf 78' lang='grc' dir='ltr'>καὶ</span> <span class='ocrx_word' id='word_1_368' title='bbox 651 4267 862 4336; x_wconf 87' lang='grc' dir='ltr'>λιμένες</span> <span class='ocrx_word' id='word_1_369' title='bbox 914 4266 1007 4317; x_wconf 70' lang='grc' dir='ltr'>καὶ</span> <span class='ocrx_word' id='word_1_370' title='bbox 1042 4264 1188 4330; x_wconf 88' lang='grc' dir='ltr'>νῆσοι</span> <span class='ocrx_word' id='word_1_371' title='bbox 1220 4259 1487 4327; x_wconf 80' lang='grc' dir='ltr'>πανταχοῦ</span> <span class='ocrx_word' id='word_1_372' title='bbox 1527 4261 1623 4326; x_wconf 89' lang='grc' dir='ltr'>τῆς</span> <span class='ocrx_word' id='word_1_373' title='bbox 1659 4257 1755 4308; x_wconf 90' lang='grc' dir='ltr'>θα-</span> 
     </span>
    </p>
   </div>
   <div class='ocr_carea' id='block_1_49' title="bbox 213 4340 1757 4424">
    <p class='ocr_par' dir='ltr' id='par_1_49' title="bbox 213 4340 1757 4424">
     <span class='ocr_line' id='line_1_49' title="bbox 213 4340 1757 4424; baseline -0.009 -20"><span class='ocrx_word' id='word_1_374' title='bbox 213 4354 408 4424; x_wconf 87' lang='grc' dir='ltr'>λάσσης</span> <span class='ocrx_word' id='word_1_375' title='bbox 436 4352 541 4405; x_wconf 76' lang='grc' dir='ltr'>είσὶ</span> <span class='ocrx_word' id='word_1_376' title='bbox 571 4348 999 4417; x_wconf 78' lang='grc' dir='ltr'>πεφυτευμέναι,</span> <span class='ocrx_word' id='word_1_377' title='bbox 1042 4347 1129 4398; x_wconf 80' lang='grc' dir='ltr'>ἵνα</span> <span class='ocrx_word' id='word_1_378' title='bbox 1165 4344 1258 4396; x_wconf 76' lang='grc' dir='ltr'>καὶ</span> <span class='ocrx_word' id='word_1_379' title='bbox 1302 4343 1632 4410; x_wconf 81' lang='grc' dir='ltr'>κυϐερνήτης</span> <span class='ocrx_word' id='word_1_380' title='bbox 1665 4340 1757 4391; x_wconf 72' lang='grc' dir='ltr'>καὶ</span> 
     </span>
    </p>
   </div>
   <div class='ocr_carea' id='block_1_50' title="bbox 214 4423 1752 4504">
    <p class='ocr_par' dir='ltr' id='par_1_50' title="bbox 214 4423 1752 4504">
     <span class='ocr_line' id='line_1_50' title="bbox 214 4423 1752 4504; baseline -0.012 -15"><span class='ocrx_word' id='word_1_381' title='bbox 214 4423 402 4504; x_wconf 82' lang='grc' dir='ltr'>ναύτης</span> <span class='ocrx_word' id='word_1_382' title='bbox 423 4431 832 4501; x_wconf 86' lang='grc' dir='ltr'>διαναπαύηται,</span> <span class='ocrx_word' id='word_1_383' title='bbox 853 4430 880 4480; x_wconf 87' lang='lat'>6</span> <span class='ocrx_word' id='word_1_384' title='bbox 911 4429 1007 4497; x_wconf 79' lang='grc' dir='ltr'>μὲν</span> <span class='ocrx_word' id='word_1_385' title='bbox 1027 4428 1122 4496; x_wconf 81' lang='grc' dir='ltr'>τὴν</span> <span class='ocrx_word' id='word_1_386' title='bbox 1145 4425 1333 4493; x_wconf 81' lang='grc' dir='ltr'>κώπην</span> <span class='ocrx_word' id='word_1_387' title='bbox 1351 4423 1567 4475; x_wconf 80' lang='grc' dir='ltr'>ἀποτιθέ</span> <span class='ocrx_word' id='word_1_388' title='bbox 1576 4439 1752 4490; x_wconf 86' lang='grc' dir='ltr'>μενος,</span> 
     </span>
    </p>
   </div>
   <div class='ocr_carea' id='block_1_51' title="bbox 214 4505 1757 4579">
    <p class='ocr_par' dir='ltr' id='par_1_51' title="bbox 214 4505 1757 4579">
     <span class='ocr_line' id='line_1_51' title="bbox 214 4505 1757 4579; baseline -0.012 -10"><span class='ocrx_word' id='word_1_389' title='bbox 214 4519 239 4569; x_wconf 90' lang='lat'>6</span> <span class='ocrx_word' id='word_1_390' title='bbox 265 4518 316 4568; x_wconf 84' lang='grc' dir='ltr'>δὲ</span> <span class='ocrx_word' id='word_1_391' title='bbox 343 4517 448 4568; x_wconf 90' lang='grc' dir='ltr'>τῶν</span> <span class='ocrx_word' id='word_1_392' title='bbox 491 4515 688 4567; x_wconf 77' lang='grc' dir='ltr'>οἰάκων</span> <span class='ocrx_word' id='word_1_393' title='bbox 722 4510 1136 4579; x_wconf 85' lang='grc' dir='ltr'>ἐξανιστάμενος</span> <span class='ocrx_word' id='word_1_394' title='bbox 1156 4523 1168 4537; x_wconf 89' lang='grc'><strong>·</strong></span> <span class='ocrx_word' id='word_1_395' title='bbox 1200 4506 1285 4557; x_wconf 86' lang='grc' dir='ltr'>διὰ</span> <span class='ocrx_word' id='word_1_396' title='bbox 1317 4505 1469 4556; x_wconf 89' lang='grc' dir='ltr'>τοῦτο</span> <span class='ocrx_word' id='word_1_397' title='bbox 1503 4505 1597 4556; x_wconf 79' lang='grc' dir='ltr'>καὶ</span> <span class='ocrx_word' id='word_1_398' title='bbox 1628 4519 1757 4553; x_wconf 90' lang='grc' dir='ltr'>παν-</span> 
     </span>
    </p>
   </div>
   <div class='ocr_carea' id='block_1_52' title="bbox 213 4585 1758 4666">
    <p class='ocr_par' dir='ltr' id='par_1_52' title="bbox 213 4585 1758 4666">
     <span class='ocr_line' id='line_1_52' title="bbox 213 4585 1758 4666; baseline -0.013 -14"><span class='ocrx_word' id='word_1_399' title='bbox 213 4597 382 4666; x_wconf 67' lang='grc' dir='ltr'>δοκεῖα</span> <span class='ocrx_word' id='word_1_400' title='bbox 431 4598 520 4650; x_wconf 80' lang='grc' dir='ltr'>καὶ</span> <span class='ocrx_word' id='word_1_401' title='bbox 571 4592 886 4659; x_wconf 90' lang='grc' dir='ltr'>καταγώγια</span> <span class='ocrx_word' id='word_1_402' title='bbox 936 4587 1210 4657; x_wconf 83' lang='grc' dir='ltr'>πανταχοῦ</span> <span class='ocrx_word' id='word_1_403' title='bbox 1255 4586 1361 4638; x_wconf 86' lang='grc' dir='ltr'>τῶν</span> <span class='ocrx_word' id='word_1_404' title='bbox 1406 4585 1536 4636; x_wconf 82' lang='grc' dir='ltr'>όδῶν</span> <span class='ocrx_word' id='word_1_405' title='bbox 1581 4585 1758 4634; x_wconf 88' lang='grc' dir='ltr'>ἐπινε-</span> 
     </span>
    </p>
   </div>
   <div class='ocr_carea' id='block_1_53' title="bbox 215 4664 1758 4749">
    <p class='ocr_par' dir='ltr' id='par_1_53' title="bbox 215 4664 1758 4749">
     <span class='ocr_line' id='line_1_53' title="bbox 215 4664 1758 4749; baseline -0.013 -15"><span class='ocrx_word' id='word_1_406' title='bbox 215 4664 425 4749; x_wconf 79' lang='grc' dir='ltr'>νόηται,</span> <span class='ocrx_word' id='word_1_407' title='bbox 459 4680 543 4731; x_wconf 84' lang='grc' dir='ltr'>ἵνα</span> <span class='ocrx_word' id='word_1_408' title='bbox 583 4679 674 4728; x_wconf 74' lang='grc' dir='ltr'>καὶ</span> <span class='ocrx_word' id='word_1_409' title='bbox 708 4672 981 4738; x_wconf 78' lang='grc' dir='ltr'>ὑποζύγια</span> <span class='ocrx_word' id='word_1_410' title='bbox 1025 4670 1117 4722; x_wconf 79' lang='grc' dir='ltr'>καὶ</span> <span class='ocrx_word' id='word_1_411' title='bbox 1144 4668 1406 4735; x_wconf 83' lang='grc' dir='ltr'>ὁδοιπόροι</span> <span class='ocrx_word' id='word_1_412' title='bbox 1443 4665 1551 4717; x_wconf 87' lang='grc' dir='ltr'>τῶν</span> <span class='ocrx_word' id='word_1_413' title='bbox 1583 4664 1758 4716; x_wconf 89' lang='grc' dir='ltr'>πόνων</span> 
     </span>
    </p>
   </div>
   <div class='ocr_carea' id='block_1_54' title="bbox 216 4745 1758 4831">
    <p class='ocr_par' dir='ltr' id='par_1_54' title="bbox 216 4745 1758 4831">
     <span class='ocr_line' id='line_1_54' title="bbox 216 4745 1758 4831; baseline -0.011 -19"><span class='ocrx_word' id='word_1_414' title='bbox 216 4745 430 4831; x_wconf 70' lang='grc' dir='ltr'>λήγωσι.</span> <span class='ocrx_word' id='word_1_415' title='bbox 485 4759 582 4810; x_wconf 88' lang='grc' dir='ltr'>Διά</span> <span class='ocrx_word' id='word_1_416' title='bbox 628 4756 783 4809; x_wconf 88' lang='grc' dir='ltr'>τοῦτο</span> <span class='ocrx_word' id='word_1_417' title='bbox 833 4755 926 4804; x_wconf 85' lang='grc' dir='ltr'>καὶ</span> <span class='ocrx_word' id='word_1_418' title='bbox 967 4751 1047 4820; x_wconf 81' lang='grc' dir='ltr'>τῷ</span> <span class='ocrx_word' id='word_1_419' title='bbox 1090 4751 1229 4818; x_wconf 85' lang='grc' dir='ltr'>λόγῳ</span> <span class='ocrx_word' id='word_1_420' title='bbox 1278 4749 1376 4816; x_wconf 91' lang='grc' dir='ltr'>τῆς</span> <span class='ocrx_word' id='word_1_421' title='bbox 1421 4745 1758 4808; x_wconf 87' lang='grc' dir='ltr'>διδασκαλίας</span> 
     </span>
    </p>
   </div>
   <div class='ocr_carea' id='block_1_55' title="bbox 218 4826 1759 4911">
    <p class='ocr_par' dir='ltr' id='par_1_55' title="bbox 218 4826 1759 4911">
     <span class='ocr_line' id='line_1_55' title="bbox 218 4826 1759 4911; baseline -0.012 -16"><span class='ocrx_word' id='word_1_422' title='bbox 218 4826 393 4911; x_wconf 76' lang='grc' dir='ltr'>καιρὸς</span> <span class='ocrx_word' id='word_1_423' title='bbox 432 4839 637 4906; x_wconf 87' lang='grc' dir='ltr'>σιωπῆς</span> <span class='ocrx_word' id='word_1_424' title='bbox 671 4836 920 4905; x_wconf 83' lang='grc' dir='ltr'>ὥρισται,</span> <span class='ocrx_word' id='word_1_425' title='bbox 957 4834 1044 4886; x_wconf 83' lang='grc' dir='ltr'>ἵνα</span> <span class='ocrx_word' id='word_1_426' title='bbox 1088 4833 1221 4904; x_wconf 89' lang='grc' dir='ltr'>μήτε</span> <span class='ocrx_word' id='word_1_427' title='bbox 1253 4830 1473 4890; x_wconf 79' lang='grc' dir='ltr'>ἑαυτοὺς</span> <span class='ocrx_word' id='word_1_428' title='bbox 1505 4826 1759 4895; x_wconf 78' lang='grc' dir='ltr'>κατατρί-</span> 
     </span>
    </p>
   </div>
   <div class='ocr_carea' id='block_1_56' title="bbox 217 4910 1758 4993">
    <p class='ocr_par' dir='ltr' id='par_1_56' title="bbox 217 4910 1758 4993">
     <span class='ocr_line' id='line_1_56' title="bbox 217 4910 1758 4993; baseline -0.012 -16"><span class='ocrx_word' id='word_1_429' title='bbox 217 4910 388 4993; x_wconf 75' lang='grc' dir='ltr'>εωμεν</span> <span class='ocrx_word' id='word_1_430' title='bbox 416 4921 490 4990; x_wconf 83' lang='grc' dir='ltr'>τῷ</span> <span class='ocrx_word' id='word_1_431' title='bbox 537 4918 728 4988; x_wconf 84' lang='grc' dir='ltr'>πλήθει</span> <span class='ocrx_word' id='word_1_432' title='bbox 767 4916 876 4968; x_wconf 88' lang='grc' dir='ltr'>τῶν</span> <span class='ocrx_word' id='word_1_433' title='bbox 923 4914 1242 4984; x_wconf 83' lang='grc' dir='ltr'>λεγομένων,</span> <span class='ocrx_word' id='word_1_434' title='bbox 1277 4914 1412 4980; x_wconf 86' lang='grc' dir='ltr'>μήτε</span> <span class='ocrx_word' id='word_1_435' title='bbox 1439 4911 1579 4977; x_wconf 84' lang='grc' dir='ltr'>ὑμᾶς</span> <span class='ocrx_word' id='word_1_436' title='bbox 1626 4910 1758 4960; x_wconf 80' lang='grc' dir='ltr'>ἀπο-</span> 
     </span>
    </p>
   </div>
   <div class='ocr_carea' id='block_1_57' title="bbox 218 4991 1758 5072">
    <p class='ocr_par' dir='ltr' id='par_1_57' title="bbox 218 4991 1758 5072">
     <span class='ocr_line' id='line_1_57' title="bbox 218 4991 1758 5072; baseline -0.012 -13"><span class='ocrx_word' id='word_1_437' title='bbox 218 4991 492 5072; x_wconf 77' lang='grc' dir='ltr'>κναίωμεν.</span> <span class='ocrx_word' id='word_1_438' title='bbox 537 5003 645 5055; x_wconf 79' lang='grc' dir='ltr'>Καὶ</span> <span class='ocrx_word' id='word_1_439' title='bbox 680 4998 900 5060; x_wconf 85' lang='grc' dir='ltr'>τούτους</span> <span class='ocrx_word' id='word_1_440' title='bbox 933 4994 1038 5050; x_wconf 71' lang='grc' dir='ltr'>οἶδε</span> <span class='ocrx_word' id='word_1_441' title='bbox 1066 4998 1188 5057; x_wconf 78' lang='grc' dir='ltr'>τοὺς</span> <span class='ocrx_word' id='word_1_442' title='bbox 1221 4995 1440 5064; x_wconf 81' lang='grc' dir='ltr'>καιροὺς</span> <span class='ocrx_word' id='word_1_443' title='bbox 1477 4992 1568 5043; x_wconf 77' lang='grc' dir='ltr'>καὶ</span> <span class='ocrx_word' id='word_1_444' title='bbox 1608 4991 1758 5042; x_wconf 86' lang='grc' dir='ltr'>Σολο-</span> 
     </span>
    </p>
   </div>
   <div class='ocr_carea' id='block_1_58' title="bbox 221 5072 1758 5159">
    <p class='ocr_par' dir='ltr' id='par_1_58' title="bbox 221 5072 1758 5159">
     <span class='ocr_line' id='line_1_58' title="bbox 221 5072 1758 5159; baseline -0.013 -17"><span class='ocrx_word' id='word_1_445' title='bbox 221 5107 348 5159; x_wconf 88' lang='grc' dir='ltr'>μων,</span> <span class='ocrx_word' id='word_1_446' title='bbox 377 5087 512 5140; x_wconf 87' lang='grc' dir='ltr'>οῦτω</span> <span class='ocrx_word' id='word_1_447' title='bbox 555 5098 761 5150; x_wconf 80' lang='grc' dir='ltr'>Αεγων’</span> <span class='ocrx_word' id='word_1_448' title='bbox 794 5080 998 5149; x_wconf 80' lang='grc' dir='ltr'>Καιρὸς</span> <span class='ocrx_word' id='word_1_449' title='bbox 1026 5077 1119 5130; x_wconf 92' lang='grc' dir='ltr'>τοῦ</span> <span class='ocrx_word' id='word_1_450' title='bbox 1164 5077 1402 5143; x_wconf 84' lang='grc' dir='ltr'>σιγῆσαι,</span> <span class='ocrx_word' id='word_1_451' title='bbox 1445 5073 1535 5125; x_wconf 72' lang='grc' dir='ltr'>καὶ</span> <span class='ocrx_word' id='word_1_452' title='bbox 1573 5072 1758 5142; x_wconf 82' lang='grc' dir='ltr'>καιρὸς</span> 
     </span>
    </p>
   </div>
   <div class='ocr_carea' id='block_1_59' title="bbox 217 5155 1756 5236">
    <p class='ocr_par' dir='ltr' id='par_1_59' title="bbox 217 5155 1756 5236">
     <span class='ocr_line' id='line_1_59' title="bbox 217 5155 1756 5236; baseline -0.014 -12"><span class='ocrx_word' id='word_1_453' title='bbox 217 5155 301 5224; x_wconf 77' lang='grc' dir='ltr'>τοῦ</span> <span class='ocrx_word' id='word_1_454' title='bbox 339 5169 582 5236; x_wconf 88' lang='grc' dir='ltr'>λαλῆσαι.</span> <span class='ocrx_word' id='word_1_455' title='bbox 615 5162 855 5216; x_wconf 86' lang='grc' dir='ltr'>Γενέσθω</span> <span class='ocrx_word' id='word_1_456' title='bbox 881 5157 972 5212; x_wconf 81' lang='grc' dir='ltr'>οὖν</span> <span class='ocrx_word' id='word_1_457' title='bbox 1011 5161 1139 5229; x_wconf 83' lang='grc' dir='ltr'>ἡμῖν</span> <span class='ocrx_word' id='word_1_458' title='bbox 1176 5157 1363 5226; x_wconf 87' lang='grc' dir='ltr'>καιρὸς</span> <span class='ocrx_word' id='word_1_459' title='bbox 1388 5155 1479 5207; x_wconf 87' lang='grc' dir='ltr'>τοῦ</span> <span class='ocrx_word' id='word_1_460' title='bbox 1521 5155 1756 5221; x_wconf 88' lang='grc' dir='ltr'>σιγῆσαι,</span> 
     </span>
    </p>
   </div>
   <div class='ocr_carea' id='block_1_60' title="bbox 220 5235 1758 5322">
    <p class='ocr_par' dir='ltr' id='par_1_60' title="bbox 220 5235 1758 5322">
     <span class='ocr_line' id='line_1_60' title="bbox 220 5235 1758 5322; baseline -0.016 -13"><span class='ocrx_word' id='word_1_461' title='bbox 220 5256 299 5310; x_wconf 81' lang='grc' dir='ltr'>ἴνα</span> <span class='ocrx_word' id='word_1_462' title='bbox 340 5235 558 5322; x_wconf 80' lang='grc' dir='ltr'>γένηται</span> <span class='ocrx_word' id='word_1_463' title='bbox 589 5246 776 5317; x_wconf 81' lang='grc' dir='ltr'>καιρὸς</span> <span class='ocrx_word' id='word_1_464' title='bbox 818 5243 894 5313; x_wconf 78' lang='grc' dir='ltr'>τῷ</span> <span class='ocrx_word' id='word_1_465' title='bbox 931 5241 1227 5309; x_wconf 83' lang='grc' dir='ltr'>διδασκάλῳ</span> <span class='ocrx_word' id='word_1_466' title='bbox 1269 5240 1361 5289; x_wconf 92' lang='grc' dir='ltr'>τοῦ</span> <span class='ocrx_word' id='word_1_467' title='bbox 1407 5237 1649 5305; x_wconf 88' lang='grc' dir='ltr'>λαλῆσαι.</span> <span class='ocrx_word' id='word_1_468' title='bbox 1679 5235 1758 5286; x_wconf 78' lang='grc' dir='ltr'>Τά</span> 
     </span>
    </p>
   </div>
   <div class='ocr_carea' id='block_1_61' title="bbox 223 5318 1760 5407">
    <p class='ocr_par' dir='ltr' id='par_1_61' title="bbox 223 5318 1760 5407">
     <span class='ocr_line' id='line_1_61' title="bbox 223 5318 1760 5407; baseline -0.016 -17"><span class='ocrx_word' id='word_1_469' title='bbox 223 5340 309 5407; x_wconf 82' lang='grc' dir='ltr'>μὲν</span> <span class='ocrx_word' id='word_1_470' title='bbox 336 5318 717 5405; x_wconf 49' lang='grc' dir='ltr'>γάρ’ήμέτερα</span> <span class='ocrx_word' id='word_1_471' title='bbox 761 5327 934 5379; x_wconf 77' lang='grc' dir='ltr'>ἔοικεν</span> <span class='ocrx_word' id='word_1_472' title='bbox 971 5325 1096 5393; x_wconf 83' lang='grc' dir='ltr'>οἴνῳ</span> <span class='ocrx_word' id='word_1_473' title='bbox 1129 5321 1448 5391; x_wconf 84' lang='grc' dir='ltr'>προσφάτως</span> <span class='ocrx_word' id='word_1_474' title='bbox 1496 5318 1598 5369; x_wconf 91' lang='grc' dir='ltr'>τῶν</span> <span class='ocrx_word' id='word_1_475' title='bbox 1631 5318 1760 5368; x_wconf 83' lang='grc' dir='ltr'>ὐπο-</span> 
     </span>
    </p>
   </div>
   <div class='ocr_carea' id='block_1_62' title="bbox 275 5504 1761 5581">
    <p class='ocr_par' dir='ltr' id='par_1_62' title="bbox 275 5504 1761 5581">
     <span class='ocr_line' id='line_1_62' title="bbox 275 5504 1761 5581; baseline -0.017 -5"><span class='ocrx_word' id='word_1_476' title='bbox 275 5529 301 5558; x_wconf 76' lang='grc'><strong><em>⁸</em></strong></span> <span class='ocrx_word' id='word_1_477' title='bbox 323 5527 540 5575; x_wconf 77' lang='lat' dir='ltr'>Erasmus</span> <span class='ocrx_word' id='word_1_478' title='bbox 560 5521 740 5581; x_wconf 83' lang='lat' dir='ltr'>legisse</span> <span class='ocrx_word' id='word_1_479' title='bbox 761 5515 956 5581; x_wconf 53' lang='lat' dir='ltr'>videpur</span> <span class='ocrx_word' id='word_1_480' title='bbox 975 5513 1122 5570; x_wconf 84' lang='grc' dir='ltr'>νείκη,</span> <span class='ocrx_word' id='word_1_481' title='bbox 1143 5511 1384 5581; x_wconf 51' lang='grc' dir='ltr'>ξὶῳιὶιιςιῐι</span> <span class='ocrx_word' id='word_1_482' title='bbox 1410 5504 1555 5581; x_wconf 58' lang='grc' dir='ltr'>νειιξι</span> <span class='ocrx_word' id='word_1_483' title='bbox 1574 5511 1761 5581; x_wconf 47' lang='lat' dir='ltr'>famen;</span> 
     </span>
    </p>
   </div>
   <div class='ocr_carea' id='block_1_63' title="bbox 220 5565 1760 5643">
    <p class='ocr_par' dir='ltr' id='par_1_63' title="bbox 220 5565 1760 5643">
     <span class='ocr_line' id='line_1_63' title="bbox 220 5565 1760 5643; baseline -0.019 -5"><span class='ocrx_word' id='word_1_484' title='bbox 729 5565 946 5638; x_wconf 64' lang='lat' dir='ltr'>quinque</span> <span class='ocrx_word' id='word_1_485' title='bbox 983 5565 1119 5622; x_wconf 34' lang='lat' dir='ltr'>mss.”</span> <span class='ocrx_word' id='word_1_486' title='bbox 1141 5565 1396 5622; x_wconf 77' lang='grc' dir='ltr'>ἀποδείξεις</span> <span class='ocrx_word' id='word_1_487' title='bbox 1428 5568 1597 5613; x_wconf 82' lang='grc' dir='ltr'>πολλαὶ</span> <span class='ocrx_word' id='word_1_488' title='bbox 1638 5565 1760 5626; x_wconf 81' lang='grc' dir='ltr'>περί,</span> 
     </span>
    </p>
   </div>
   <div class='ocr_carea' id='block_1_64' title="bbox 219 5645 1731 5706">
    <p class='ocr_par' dir='ltr' id='par_1_64' title="bbox 219 5645 1731 5706">
     <span class='ocr_line' id='line_1_64' title="bbox 219 5645 1731 5706; baseline 0.005 -9"><span class='ocrx_word' id='word_1_489' title='bbox 219 5654 267 5698; x_wconf 73' lang='grc' dir='ltr'>οι</span> <span class='ocrx_word' id='word_1_490' title='bbox 285 5649 350 5696; x_wconf 86' lang='lat' dir='ltr'>sic</span> <span class='ocrx_word' id='word_1_491' title='bbox 370 5645 489 5706; x_wconf 75' lang='lat' dir='ltr'>legit</span> <span class='ocrx_word' id='word_1_492' title='bbox 507 5645 747 5693; x_wconf 73' lang='lat' dir='ltr'>Erasmus-</span> <span class='ocrx_word' id='word_1_493' title='bbox 846 5698 857 5706; x_wconf 71' lang='grc'>,</span> <span class='ocrx_word' id='word_1_494' title='bbox 923 5695 936 5706; x_wconf 82' lang='grc'><strong>.</strong></span> <span class='ocrx_word' id='word_1_495' title='bbox 979 5694 990 5706; x_wconf 80' lang='grc'>.</span> <span class='ocrx_word' id='word_1_496' title='bbox 1065 5696 1078 5706; x_wconf 86' lang='grc'>.</span> <span class='ocrx_word' id='word_1_497' title='bbox 1123 5696 1159 5706; x_wconf 83' lang='lat'>-.</span> <span class='ocrx_word' id='word_1_498' title='bbox 1279 5691 1289 5704; x_wconf 60' lang='grc' dir='ltr'><strong><em>η</em></strong></span> <span class='ocrx_word' id='word_1_499' title='bbox 1474 5687 1494 5697; x_wconf 64' lang='grc' dir='ltr'><strong><em>ο</em></strong></span> <span class='ocrx_word' id='word_1_500' title='bbox 1629 5687 1731 5706; x_wconf 74' lang='grc'>-...;</span> 
     </span>
    </p>
   </div>
   <div class='ocr_carea' id='block_1_65' title="bbox 274 5691 1764 5755">
    <p class='ocr_par' dir='ltr' id='par_1_65' title="bbox 274 5691 1764 5755">
     <span class='ocr_line' id='line_1_65' title="bbox 274 5691 1764 5755; baseline -0.016 -2"><span class='ocrx_word' id='word_1_501' title='bbox 274 5691 620 5754; x_wconf 50' lang='grc' dir='ltr'>ί’(ἰίῐιῆ²ιλσῖετεε</span> <span class='ocrx_word' id='word_1_502' title='bbox 643 5714 754 5748; x_wconf 51' lang='lat' dir='ltr'>mg.</span> <span class='ocrx_word' id='word_1_503' title='bbox 782 5698 862 5745; x_wconf 87' lang='grc' dir='ltr'>καὶ</span> <span class='ocrx_word' id='word_1_504' title='bbox 883 5694 1023 5747; x_wconf 80' lang='grc' dir='ltr'>αὐτὸς</span> <span class='ocrx_word' id='word_1_505' title='bbox 1057 5696 1083 5740; x_wconf 84' lang='grc' dir='ltr'><strong>ὁ</strong></span> <span class='ocrx_word' id='word_1_506' title='bbox 1123 5691 1321 5754; x_wconf 81' lang='grc' dir='ltr'>Χριστὸς</span> <span class='ocrx_word' id='word_1_507' title='bbox 1363 5691 1676 5755; x_wconf 37' lang='grc' dir='ltr'>προεῖπενηξὶ</span> <span class='ocrx_word' id='word_1_508' title='bbox 1696 5691 1764 5751; x_wconf 68' lang='grc' dir='ltr'>δίο</span> 
     </span>
    </p>
   </div>
   <div class='ocr_carea' id='block_1_66' title="bbox 221 5747 1764 5828">
    <p class='ocr_par' dir='ltr' id='par_1_66' title="bbox 221 5747 1764 5828">
     <span class='ocr_line' id='line_1_66' title="bbox 221 5747 1764 5828; baseline -0.016 -13"><span class='ocrx_word' id='word_1_509' title='bbox 221 5747 334 5828; x_wconf 56' lang='grc' dir='ltr'>Ιεςὶί</span> <span class='ocrx_word' id='word_1_510' title='bbox 633 5747 684 5811; x_wconf 15' lang='lat' dir='ltr'>lilii</span> <span class='ocrx_word' id='word_1_511' title='bbox 699 5747 848 5808; x_wconf 50' lang='lat' dir='ltr'>édilis</span> <span class='ocrx_word' id='word_1_512' title='bbox 867 5757 1024 5810; x_wconf 67' lang='grc' dir='ltr'>αὐτοῖς</span> <span class='ocrx_word' id='word_1_513' title='bbox 1040 5747 1182 5804; x_wconf 67' lang='lat' dir='ltr'>dcesi</span> <span class='ocrx_word' id='word_1_514' title='bbox 1210 5757 1317 5814; x_wconf 75' lang='lat' dir='ltr'>post</span> <span class='ocrx_word' id='word_1_515' title='bbox 1342 5747 1493 5804; x_wconf 72' lang='grc' dir='ltr'>αὐτὸς,</span> <span class='ocrx_word' id='word_1_516' title='bbox 1530 5747 1614 5793; x_wconf 71' lang='lat' dir='ltr'>scd</span> <span class='ocrx_word' id='word_1_517' title='bbox 1644 5747 1735 5806; x_wconf 60' lang='lat' dir='ltr'>legi</span> <span class='ocrx_word' id='word_1_518' title='bbox 1757 5773 1764 5780; x_wconf 90' lang='lat'><strong>-</strong></span> 
     </span>
    </p>
   </div>
   <div class='ocr_carea' id='block_1_67' title="bbox 224 5824 590 5887">
    <p class='ocr_par' dir='ltr' id='par_1_67' title="bbox 224 5824 590 5887">
     <span class='ocr_line' id='line_1_67' title="bbox 224 5824 590 5887; baseline -0.016 -12"><span class='ocrx_word' id='word_1_519' title='bbox 224 5824 292 5875; x_wconf 67' lang='lat' dir='ltr'>tur&quot;</span> <span class='ocrx_word' id='word_1_520' title='bbox 315 5835 420 5887; x_wconf 69' lang='lat' dir='ltr'>p0~l</span> <span class='ocrx_word' id='word_1_521' title='bbox 439 5824 590 5872; x_wconf 80' lang='grc' dir='ltr'>τοῦτο.</span> 
     </span>
    </p>
   </div>
   <div class='ocr_carea' id='block_1_68' title="bbox 275 5881 980 5943">
    <p class='ocr_par' dir='ltr' id='par_1_68' title="bbox 275 5881 980 5943">
     <span class='ocr_line' id='line_1_68' title="bbox 275 5881 980 5943; baseline -0.02 -5"><span class='ocrx_word' id='word_1_522' title='bbox 275 5892 295 5920; x_wconf 68' lang='grc' dir='ltr'><strong>τ</strong></span> <span class='ocrx_word' id='word_1_523' title='bbox 318 5881 450 5937; x_wconf 67' lang='grc' dir='ltr'>[ηαδ</span> <span class='ocrx_word' id='word_1_524' title='bbox 467 5887 675 5943; x_wconf 70' lang='grc' dir='ltr'>ἀλλήλοις</span> <span class='ocrx_word' id='word_1_525' title='bbox 695 5881 980 5942; x_wconf 72' lang='grc' dir='ltr'>συγχεισθαι.</span> 
     </span>
    </p>
   </div>
   <div class='ocr_carea' id='block_1_69' title="bbox 3276 392 3388 448">
    <p class='ocr_par' dir='ltr' id='par_1_69' title="bbox 3276 392 3388 448">
     <span class='ocr_line' id='line_1_69' title="bbox 3276 392 3388 448; baseline -0.009 0"><span class='ocrx_word' id='word_1_526' title='bbox 3276 392 3388 448; x_wconf 89' lang='grc'>112</span> 
     </span>
    </p>
   </div>
   <div class='ocr_carea' id='block_1_70' title="bbox 1841 490 3386 569">
    <p class='ocr_par' dir='ltr' id='par_1_70' title="bbox 1841 490 3386 569">
     <span class='ocr_line' id='line_1_70' title="bbox 1841 490 3386 569; baseline -0.004 -20"><span class='ocrx_word' id='word_1_527' title='bbox 1841 499 2032 567; x_wconf 84' lang='grc' dir='ltr'>ληνίων</span> <span class='ocrx_word' id='word_1_528' title='bbox 2074 499 2462 569; x_wconf 81' lang='grc' dir='ltr'>ἐξαντληθέντι,</span> <span class='ocrx_word' id='word_1_529' title='bbox 2503 497 2570 549; x_wconf 83' lang='grc' dir='ltr'>τά</span> <span class='ocrx_word' id='word_1_530' title='bbox 2596 494 2652 548; x_wconf 84' lang='grc' dir='ltr'>δέ</span> <span class='ocrx_word' id='word_1_531' title='bbox 2675 493 2862 546; x_wconf 88' lang='grc' dir='ltr'>τούτου</span> <span class='ocrx_word' id='word_1_532' title='bbox 2907 490 3219 564; x_wconf 80' lang='grc' dir='ltr'>προσέοικεν</span> <span class='ocrx_word' id='word_1_533' title='bbox 3264 494 3386 562; x_wconf 68' lang='grc' dir='ltr'>οἴνῳ</span> 
     </span>
    </p>
   </div>
   <div class='ocr_carea' id='block_1_71' title="bbox 1843 573 3386 649">
    <p class='ocr_par' dir='ltr' id='par_1_71' title="bbox 1843 573 3386 649">
     <span class='ocr_line' id='line_1_71' title="bbox 1843 573 3386 649; baseline -0.005 -18"><span class='ocrx_word' id='word_1_534' title='bbox 1843 581 2269 649; x_wconf 82' lang='grc' dir='ltr'>πεπαλαιωμένῳ</span> <span class='ocrx_word' id='word_1_535' title='bbox 2316 581 2409 633; x_wconf 78' lang='grc' dir='ltr'>καὶ</span> <span class='ocrx_word' id='word_1_536' title='bbox 2461 576 2809 647; x_wconf 85' lang='grc' dir='ltr'>γεγηρακότι,</span> <span class='ocrx_word' id='word_1_537' title='bbox 2859 573 3056 643; x_wconf 80' lang='grc' dir='ltr'>πολλὴν</span> <span class='ocrx_word' id='word_1_538' title='bbox 3100 574 3386 643; x_wconf 81' lang='grc' dir='ltr'>παρέχοντι</span> 
     </span>
    </p>
   </div>
   <div class='ocr_carea' id='block_1_72' title="bbox 1845 653 3388 731">
    <p class='ocr_par' dir='ltr' id='par_1_72' title="bbox 1845 653 3388 731">
     <span class='ocr_line' id='line_1_72' title="bbox 1845 653 3388 731; baseline -0.008 -15"><span class='ocrx_word' id='word_1_539' title='bbox 1845 665 1936 716; x_wconf 81' lang='grc' dir='ltr'>καὶ</span> <span class='ocrx_word' id='word_1_540' title='bbox 1963 663 2058 731; x_wconf 80' lang='grc' dir='ltr'>τὴν</span> <span class='ocrx_word' id='word_1_541' title='bbox 2089 662 2348 730; x_wconf 85' lang='grc' dir='ltr'>ὠφέλειαν</span> <span class='ocrx_word' id='word_1_542' title='bbox 2387 661 2476 712; x_wconf 72' lang='grc' dir='ltr'>καὶ</span> <span class='ocrx_word' id='word_1_543' title='bbox 2505 659 2600 728; x_wconf 78' lang='grc' dir='ltr'>τὴν</span> <span class='ocrx_word' id='word_1_544' title='bbox 2632 659 2780 726; x_wconf 79' lang='grc' dir='ltr'>ἰσχὺν</span> <span class='ocrx_word' id='word_1_545' title='bbox 2814 659 2923 718; x_wconf 90' lang='grc' dir='ltr'>τοῖς</span> <span class='ocrx_word' id='word_1_546' title='bbox 2957 655 3255 723; x_wconf 80' lang='grc' dir='ltr'>δεομένοιςο</span> <span class='ocrx_word' id='word_1_547' title='bbox 3294 653 3388 705; x_wconf 79' lang='grc' dir='ltr'>καὶ</span> 
     </span>
    </p>
   </div>
   <div class='ocr_carea' id='block_1_73' title="bbox 1841 736 3388 810">
    <p class='ocr_par' dir='ltr' id='par_1_73' title="bbox 1841 736 3388 810">
     <span class='ocr_line' id='line_1_73' title="bbox 1841 736 3388 810; baseline -0.006 -13"><span class='ocrx_word' id='word_1_548' title='bbox 1841 746 1900 797; x_wconf 83' lang='grc' dir='ltr'>τὸ</span> <span class='ocrx_word' id='word_1_549' title='bbox 1927 744 2019 797; x_wconf 87' lang='grc' dir='ltr'>τοῦ</span> <span class='ocrx_word' id='word_1_550' title='bbox 2044 742 2370 810; x_wconf 83' lang='grc' dir='ltr'>Εὑαγγελίου</span> <span class='ocrx_word' id='word_1_551' title='bbox 2395 744 2566 794; x_wconf 84' lang='grc' dir='ltr'>ἐκεῖνο</span> <span class='ocrx_word' id='word_1_552' title='bbox 2601 739 2787 807; x_wconf 84' lang='grc' dir='ltr'>γέγονε</span> <span class='ocrx_word' id='word_1_553' title='bbox 2822 739 3055 808; x_wconf 85' lang='grc' dir='ltr'>σήμερον</span> <span class='ocrx_word' id='word_1_554' title='bbox 3074 753 3088 768; x_wconf 87' lang='grc'><strong>·</strong></span> <span class='ocrx_word' id='word_1_555' title='bbox 3121 736 3256 807; x_wconf 85' lang='grc' dir='ltr'>μετά</span> <span class='ocrx_word' id='word_1_556' title='bbox 3298 737 3388 788; x_wconf 85' lang='grc' dir='ltr'>τὸν</span> 
     </span>
    </p>
   </div>
   <div class='ocr_carea' id='block_1_74' title="bbox 1842 815 3390 895">
    <p class='ocr_par' dir='ltr' id='par_1_74' title="bbox 1842 815 3390 895">
     <span class='ocr_line' id='line_1_74' title="bbox 1842 815 3390 895; baseline -0.007 -17"><span class='ocrx_word' id='word_1_557' title='bbox 1842 827 2094 889; x_wconf 80' lang='grc' dir='ltr'>ἐλάττονα</span> <span class='ocrx_word' id='word_1_558' title='bbox 2129 826 2236 895; x_wconf 89' lang='grc' dir='ltr'>γὰρ</span> <span class='ocrx_word' id='word_1_559' title='bbox 2261 819 2398 876; x_wconf 74' lang='grc' dir='ltr'>οἶνον</span> <span class='ocrx_word' id='word_1_560' title='bbox 2421 825 2448 875; x_wconf 89' lang='lat'>6</span> <span class='ocrx_word' id='word_1_561' title='bbox 2475 822 2692 889; x_wconf 82' lang='grc' dir='ltr'>βελτίων</span> <span class='ocrx_word' id='word_1_562' title='bbox 2718 817 3099 888; x_wconf 78' lang='grc' dir='ltr'>είσκομίζεται.</span> <span class='ocrx_word' id='word_1_563' title='bbox 3133 817 3234 870; x_wconf 79' lang='grc' dir='ltr'>Καὶ</span> <span class='ocrx_word' id='word_1_564' title='bbox 3263 815 3390 868; x_wconf 88' lang='grc' dir='ltr'>καθ-</span> 
     </span>
    </p>
   </div>
   <div class='ocr_carea' id='block_1_75' title="bbox 1843 898 3393 979">
    <p class='ocr_par' dir='ltr' id='par_1_75' title="bbox 1843 898 3393 979">
     <span class='ocr_line' id='line_1_75' title="bbox 1843 898 3393 979; baseline -0.008 -17"><span class='ocrx_word' id='word_1_565' title='bbox 1843 911 1984 979; x_wconf 87' lang='grc' dir='ltr'>άπερ</span> <span class='ocrx_word' id='word_1_566' title='bbox 2026 911 2228 960; x_wconf 88' lang='grc' dir='ltr'>ἐκεῖνον</span> <span class='ocrx_word' id='word_1_567' title='bbox 2280 907 2377 958; x_wconf 82' lang='grc' dir='ltr'>οὐκ</span> <span class='ocrx_word' id='word_1_568' title='bbox 2405 904 2640 972; x_wconf 77' lang='grc' dir='ltr'>ἄμπελος</span> <span class='ocrx_word' id='word_1_569' title='bbox 2677 903 2826 954; x_wconf 75' lang='grc' dir='ltr'>ἔτεκε</span> <span class='ocrx_word' id='word_1_570' title='bbox 2855 901 2994 963; x_wconf 86' lang='grc' dir='ltr'>τότε,</span> <span class='ocrx_word' id='word_1_571' title='bbox 3028 899 3139 952; x_wconf 86' lang='grc' dir='ltr'>ἀλλ’</span> <span class='ocrx_word' id='word_1_572' title='bbox 3175 899 3207 967; x_wconf 89' lang='grc' dir='ltr'>ἡ</span> <span class='ocrx_word' id='word_1_573' title='bbox 3238 898 3393 950; x_wconf 87' lang='grc' dir='ltr'>δύνα-</span> 
     </span>
    </p>
   </div>
   <div class='ocr_carea' id='block_1_76' title="bbox 1847 979 3392 1062">
    <p class='ocr_par' dir='ltr' id='par_1_76' title="bbox 1847 979 3392 1062">
     <span class='ocr_line' id='line_1_76' title="bbox 1847 979 3392 1062; baseline -0.006 -20"><span class='ocrx_word' id='word_1_574' title='bbox 1847 1010 1934 1062; x_wconf 87' lang='grc' dir='ltr'>μις</span> <span class='ocrx_word' id='word_1_575' title='bbox 1956 992 2174 1060; x_wconf 85' lang='grc' dir='ltr'>ἐποίησε</span> <span class='ocrx_word' id='word_1_576' title='bbox 2202 989 2294 1043; x_wconf 90' lang='grc' dir='ltr'>τοῦ</span> <span class='ocrx_word' id='word_1_577' title='bbox 2323 985 2576 1058; x_wconf 84' lang='grc' dir='ltr'>Χριστοῦ,</span> <span class='ocrx_word' id='word_1_578' title='bbox 2606 985 2744 1037; x_wconf 74' lang='grc' dir='ltr'>οὕτω</span> <span class='ocrx_word' id='word_1_579' title='bbox 2783 984 2875 1036; x_wconf 75' lang='grc' dir='ltr'>καὶ</span> <span class='ocrx_word' id='word_1_580' title='bbox 2904 981 3088 1034; x_wconf 86' lang='grc' dir='ltr'>τούτου</span> <span class='ocrx_word' id='word_1_581' title='bbox 3119 980 3206 1034; x_wconf 80' lang='grc' dir='ltr'>τὸν</span> <span class='ocrx_word' id='word_1_582' title='bbox 3236 979 3392 1047; x_wconf 90' lang='grc' dir='ltr'>λόγον</span> 
     </span>
    </p>
   </div>
   <div class='ocr_carea' id='block_1_77' title="bbox 1843 1061 3393 1141">
    <p class='ocr_par' dir='ltr' id='par_1_77' title="bbox 1843 1061 3393 1141">
     <span class='ocr_line' id='line_1_77' title="bbox 1843 1061 3393 1141; baseline -0.007 -15"><span class='ocrx_word' id='word_1_583' title='bbox 1843 1061 1940 1127; x_wconf 77' lang='grc' dir='ltr'>οὐκ</span> <span class='ocrx_word' id='word_1_584' title='bbox 1981 1070 2540 1141; x_wconf 84' lang='grc' dir='ltr'>ἀνθρωπίνη.προχέει</span> <span class='ocrx_word' id='word_1_585' title='bbox 2570 1067 2792 1126; x_wconf 84' lang='grc' dir='ltr'>διάνοια,</span> <span class='ocrx_word' id='word_1_586' title='bbox 2821 1065 2932 1117; x_wconf 81' lang='grc' dir='ltr'>ἀλλ’</span> <span class='ocrx_word' id='word_1_587' title='bbox 2963 1066 2996 1133; x_wconf 92' lang='grc' dir='ltr'>ἡ</span> <span class='ocrx_word' id='word_1_588' title='bbox 3028 1061 3120 1115; x_wconf 90' lang='grc' dir='ltr'>τοῦ</span> <span class='ocrx_word' id='word_1_589' title='bbox 3145 1061 3393 1131; x_wconf 84' lang='grc' dir='ltr'>Πνεύμα-</span> 
     </span>
    </p>
   </div>
   <div class='ocr_carea' id='block_1_78' title="bbox 1841 1141 3392 1223">
    <p class='ocr_par' dir='ltr' id='par_1_78' title="bbox 1841 1141 3392 1223">
     <span class='ocr_line' id='line_1_78' title="bbox 1841 1141 3392 1223; baseline -0.01 -15"><span class='ocrx_word' id='word_1_590' title='bbox 1841 1172 1931 1216; x_wconf 89' lang='grc' dir='ltr'>τος</span> <span class='ocrx_word' id='word_1_591' title='bbox 1962 1155 2136 1223; x_wconf 90' lang='grc' dir='ltr'>χάρις.</span> <span class='ocrx_word' id='word_1_592' title='bbox 2178 1152 2326 1205; x_wconf 78' lang='grc' dir='ltr'>Ἐπεὶ</span> <span class='ocrx_word' id='word_1_593' title='bbox 2359 1147 2449 1203; x_wconf 79' lang='grc' dir='ltr'>οὖν</span> <span class='ocrx_word' id='word_1_594' title='bbox 2488 1149 2680 1218; x_wconf 77' lang='grc' dir='ltr'>δαψιλῆ</span> <span class='ocrx_word' id='word_1_595' title='bbox 2720 1149 2809 1199; x_wconf 59' lang='grc' dir='ltr'>καλ⁸</span> <span class='ocrx_word' id='word_1_596' title='bbox 2841 1143 3178 1214; x_wconf 79' lang='grc' dir='ltr'>πνευματικά</span> <span class='ocrx_word' id='word_1_597' title='bbox 3203 1141 3270 1223; x_wconf 81' lang='grc' dir='ltr'>τά</span> <span class='ocrx_word' id='word_1_598' title='bbox 3298 1142 3392 1194; x_wconf 89' lang='grc' dir='ltr'>νά-</span> 
     </span>
    </p>
   </div>
   <div class='ocr_carea' id='block_1_79' title="bbox 1849 1222 3393 1306">
    <p class='ocr_par' dir='ltr' id='par_1_79' title="bbox 1849 1222 3393 1306">
     <span class='ocr_line' id='line_1_79' title="bbox 1849 1222 3393 1306; baseline -0.011 -17"><span class='ocrx_word' id='word_1_599' title='bbox 1849 1222 2007 1306; x_wconf 87' lang='grc' dir='ltr'>ματα,</span> <span class='ocrx_word' id='word_1_600' title='bbox 2042 1222 2194 1304; x_wconf 86' lang='grc' dir='ltr'>μετά</span> <span class='ocrx_word' id='word_1_601' title='bbox 2240 1233 2472 1303; x_wconf 81' lang='grc' dir='ltr'>σπουδῆς·</span> <span class='ocrx_word' id='word_1_602' title='bbox 2509 1227 2903 1297; x_wconf 82' lang='grc' dir='ltr'>ὑποδεξώμεθα,</span> <span class='ocrx_word' id='word_1_603' title='bbox 2950 1226 3063 1295; x_wconf 81' lang='grc' dir='ltr'>μετ’</span> <span class='ocrx_word' id='word_1_604' title='bbox 3101 1222 3393 1306; x_wconf 73' lang='grc' dir='ltr'>ἀσφαλείας</span> 
     </span>
    </p>
   </div>
   <div class='ocr_carea' id='block_1_80' title="bbox 1843 1304 3392 1388">
    <p class='ocr_par' dir='ltr' id='par_1_80' title="bbox 1843 1304 3392 1388">
     <span class='ocr_line' id='line_1_80' title="bbox 1843 1304 3392 1388; baseline -0.01 -18"><span class='ocrx_word' id='word_1_605' title='bbox 1843 1304 2188 1388; x_wconf 74' lang='grc' dir='ltr'>τηρήσωμεν,</span> <span class='ocrx_word' id='word_1_606' title='bbox 2212 1317 2298 1367; x_wconf 79' lang='grc' dir='ltr'>ἵνα</span> <span class='ocrx_word' id='word_1_607' title='bbox 2322 1314 2529 1374; x_wconf 90' lang='grc' dir='ltr'>τούτοις</span> <span class='ocrx_word' id='word_1_608' title='bbox 2562 1311 2842 1380; x_wconf 83' lang='grc' dir='ltr'>ἀρδόμενοι</span> <span class='ocrx_word' id='word_1_609' title='bbox 2873 1306 3148 1376; x_wconf 82' lang='grc' dir='ltr'>διηνεκῶς,</span> <span class='ocrx_word' id='word_1_610' title='bbox 3187 1304 3392 1388; x_wconf 66' lang='grc' dir='ltr'>ὥριμον</span> 
     </span>
    </p>
   </div>
   <div class='ocr_carea' id='block_1_81' title="bbox 1847 1379 3394 1470">
    <p class='ocr_par' dir='ltr' id='par_1_81' title="bbox 1847 1379 3394 1470">
     <span class='ocr_line' id='line_1_81' title="bbox 1847 1379 3394 1470; baseline -0.011 -17"><span class='ocrx_word' id='word_1_611' title='bbox 1847 1379 2095 1470; x_wconf 79' lang='grc' dir='ltr'>φέρωμεν</span> <span class='ocrx_word' id='word_1_612' title='bbox 2123 1397 2212 1450; x_wconf 81' lang='grc' dir='ltr'>τὸν</span> <span class='ocrx_word' id='word_1_613' title='bbox 2244 1395 2450 1464; x_wconf 82' lang='grc' dir='ltr'>καρπὸν</span> <span class='ocrx_word' id='word_1_614' title='bbox 2483 1392 2558 1461; x_wconf 82' lang='grc' dir='ltr'>τῷ</span> <span class='ocrx_word' id='word_1_615' title='bbox 2594 1379 2760 1443; x_wconf 82' lang='grc' dir='ltr'>ταῦτα</span> <span class='ocrx_word' id='word_1_616' title='bbox 2794 1387 3136 1458; x_wconf 88' lang='grc' dir='ltr'>χαρισαμένῳ</span> <span class='ocrx_word' id='word_1_617' title='bbox 3171 1385 3317 1454; x_wconf 85' lang='grc' dir='ltr'>Θεῷ·</span> <span class='ocrx_word' id='word_1_618' title='bbox 3350 1379 3394 1450; x_wconf 84' lang='grc' dir='ltr'>ᾧ</span> 
     </span>
    </p>
   </div>
   <div class='ocr_carea' id='block_1_82' title="bbox 1846 1466 3394 1552">
    <p class='ocr_par' dir='ltr' id='par_1_82' title="bbox 1846 1466 3394 1552">
     <span class='ocr_line' id='line_1_82' title="bbox 1846 1466 3394 1552; baseline -0.01 -19"><span class='ocrx_word' id='word_1_619' title='bbox 1846 1466 2041 1552; x_wconf 75' lang='grc' dir='ltr'>πρέπει</span> <span class='ocrx_word' id='word_1_620' title='bbox 2069 1481 2214 1532; x_wconf 79' lang='grc' dir='ltr'>πᾶσα</span> <span class='ocrx_word' id='word_1_621' title='bbox 2237 1477 2361 1543; x_wconf 84' lang='grc' dir='ltr'>δόξα</span> <span class='ocrx_word' id='word_1_622' title='bbox 2400 1476 2494 1528; x_wconf 69' lang='grc' dir='ltr'>καὶ</span> <span class='ocrx_word' id='word_1_623' title='bbox 2523 1473 2652 1543; x_wconf 81' lang='grc' dir='ltr'>τιμὴ</span> <span class='ocrx_word' id='word_1_624' title='bbox 2692 1474 2785 1526; x_wconf 84' lang='grc' dir='ltr'>σὺν</span> <span class='ocrx_word' id='word_1_625' title='bbox 2815 1471 2892 1552; x_wconf 79' lang='grc' dir='ltr'>τῷ</span> <span class='ocrx_word' id='word_1_626' title='bbox 2928 1470 3198 1552; x_wconf 84' lang='grc' dir='ltr'>μονογενεῖ</span> <span class='ocrx_word' id='word_1_627' title='bbox 3232 1466 3394 1520; x_wconf 78' lang='grc' dir='ltr'>αὐτοῦ</span> 
     </span>
    </p>
   </div>
   <div class='ocr_carea' id='block_1_83' title="bbox 1846 1548 3395 1632">
    <p class='ocr_par' dir='ltr' id='par_1_83' title="bbox 1846 1548 3395 1632">
     <span class='ocr_line' id='line_1_83' title="bbox 1846 1548 3395 1632; baseline -0.01 -16"><span class='ocrx_word' id='word_1_628' title='bbox 1846 1548 1961 1632; x_wconf 79' lang='grc' dir='ltr'>Υίῷ</span> <span class='ocrx_word' id='word_1_629' title='bbox 1989 1563 2080 1614; x_wconf 78' lang='grc' dir='ltr'>καὶ</span> <span class='ocrx_word' id='word_1_630' title='bbox 2101 1560 2177 1629; x_wconf 79' lang='grc' dir='ltr'>τῷ</span> <span class='ocrx_word' id='word_1_631' title='bbox 2210 1558 2457 1626; x_wconf 90' lang='grc' dir='ltr'>παναγίῳ</span> <span class='ocrx_word' id='word_1_632' title='bbox 2492 1554 2784 1621; x_wconf 84' lang='grc' dir='ltr'>Πνεύματι,</span> <span class='ocrx_word' id='word_1_633' title='bbox 2810 1551 2902 1605; x_wconf 85' lang='grc' dir='ltr'>νῦν</span> <span class='ocrx_word' id='word_1_634' title='bbox 2933 1552 3026 1605; x_wconf 77' lang='grc' dir='ltr'>καὶ</span> <span class='ocrx_word' id='word_1_635' title='bbox 3064 1551 3169 1615; x_wconf 69' lang='grc' dir='ltr'>ἀεὶ,</span> <span class='ocrx_word' id='word_1_636' title='bbox 3199 1549 3292 1602; x_wconf 67' lang='grc' dir='ltr'>καὶ</span> <span class='ocrx_word' id='word_1_637' title='bbox 3317 1548 3395 1609; x_wconf 79' lang='grc' dir='ltr'>εἰς</span> 
     </span>
    </p>
   </div>
   <div class='ocr_carea' id='block_1_84' title="bbox 1844 1637 2807 1708">
    <p class='ocr_par' dir='ltr' id='par_1_84' title="bbox 1844 1637 2807 1708">
     <span class='ocr_line' id='line_1_84' title="bbox 1844 1637 2807 1708; baseline -0.011 -9"><span class='ocrx_word' id='word_1_638' title='bbox 1844 1645 1969 1708; x_wconf 80' lang='grc' dir='ltr'>τοὺς</span> <span class='ocrx_word' id='word_1_639' title='bbox 1996 1644 2193 1707; x_wconf 79' lang='grc' dir='ltr'>αἰῶνας</span> <span class='ocrx_word' id='word_1_640' title='bbox 2224 1642 2330 1694; x_wconf 90' lang='grc' dir='ltr'>τῶν</span> <span class='ocrx_word' id='word_1_641' title='bbox 2357 1640 2583 1692; x_wconf 87' lang='grc' dir='ltr'>αίώνων.</span> <span class='ocrx_word' id='word_1_642' title='bbox 2619 1637 2807 1706; x_wconf 79' lang='grc' dir='ltr'>Ἀμήν.</span> 
     </span>
    </p>
   </div>
   <div class='ocr_carea' id='block_1_85' title="bbox 1846 1799 3397 1878">
    <p class='ocr_par' dir='ltr' id='par_1_85' title="bbox 1846 1799 3397 1878">
     <span class='ocr_line' id='line_1_85' title="bbox 1846 1799 3397 1878; baseline -0.01 -13"><span class='ocrx_word' id='word_1_643' title='bbox 1846 1813 1948 1877; x_wconf 80' lang='grc' dir='ltr'>Εἰς</span> <span class='ocrx_word' id='word_1_644' title='bbox 1980 1809 2091 1878; x_wconf 83' lang='grc' dir='ltr'>τὴν</span> <span class='ocrx_word' id='word_1_645' title='bbox 2125 1808 2358 1876; x_wconf 83' lang='grc' dir='ltr'>πρώτην</span> <span class='ocrx_word' id='word_1_646' title='bbox 2389 1806 2448 1875; x_wconf 85' lang='grc' dir='ltr'>(ι.</span> <span class='ocrx_word' id='word_1_647' title='bbox 2481 1802 2780 1872; x_wconf 77' lang='grc' dir='ltr'>δευτέραν)</span> <span class='ocrx_word' id='word_1_648' title='bbox 2821 1801 2936 1855; x_wconf 80' lang='grc' dir='ltr'>τῶν</span> <span class='ocrx_word' id='word_1_649' title='bbox 2966 1799 3397 1868; x_wconf 72' lang='grc' dir='ltr'>Παραλειπομέ-</span> 
     </span>
    </p>
   </div>
   <div class='ocr_carea' id='block_1_86' title="bbox 1919 1885 3398 1966">
    <p class='ocr_par' dir='ltr' id='par_1_86' title="bbox 1919 1885 3398 1966">
     <span class='ocr_line' id='line_1_86' title="bbox 1919 1885 3398 1966; baseline -0.01 -12"><span class='ocrx_word' id='word_1_650' title='bbox 1919 1917 2039 1954; x_wconf 87' lang='grc' dir='ltr'>νων</span> <span class='ocrx_word' id='word_1_651' title='bbox 2073 1899 2186 1965; x_wconf 80' lang='grc' dir='ltr'>τὴν</span> <span class='ocrx_word' id='word_1_652' title='bbox 2209 1899 2527 1966; x_wconf 76' lang='grc' dir='ltr'>λέγουσαν,</span> <span class='ocrx_word' id='word_1_653' title='bbox 2555 1892 2771 1962; x_wconf 73' lang='grc' dir='ltr'>’Υψώθη</span> <span class='ocrx_word' id='word_1_654' title='bbox 2804 1890 3049 1960; x_wconf 89' lang='grc' dir='ltr'>ἡκαρδία</span> <span class='ocrx_word' id='word_1_655' title='bbox 3079 1888 3275 1952; x_wconf 78' lang='grc' dir='ltr'>Ὀζίου·</span> <span class='ocrx_word' id='word_1_656' title='bbox 3301 1885 3398 1940; x_wconf 76' lang='grc' dir='ltr'>καὶ</span> 
     </span>
    </p>
   </div>
   <div class='ocr_carea' id='block_1_87' title="bbox 1917 1977 3400 2059">
    <p class='ocr_par' dir='ltr' id='par_1_87' title="bbox 1917 1977 3400 2059">
     <span class='ocr_line' id='line_1_87' title="bbox 1917 1977 3400 2059; baseline -0.011 -15"><span class='ocrx_word' id='word_1_657' title='bbox 1917 1990 2047 2059; x_wconf 77' lang='grc' dir='ltr'>περὶ</span> <span class='ocrx_word' id='word_1_658' title='bbox 2092 1986 2665 2056; x_wconf 74' lang='grc' dir='ltr'>ταπεινοφροσύνηςο</span> <span class='ocrx_word' id='word_1_659' title='bbox 2709 1982 2808 2036; x_wconf 74' lang='grc' dir='ltr'>καὶ</span> <span class='ocrx_word' id='word_1_660' title='bbox 2847 1981 2934 2034; x_wconf 88' lang='grc' dir='ltr'>ὅτι</span> <span class='ocrx_word' id='word_1_661' title='bbox 2978 1979 3092 2048; x_wconf 73' lang='grc' dir='ltr'>χρὴ</span> <span class='ocrx_word' id='word_1_662' title='bbox 3134 1977 3219 2048; x_wconf 80' lang='grc' dir='ltr'>μὴ</span> <span class='ocrx_word' id='word_1_663' title='bbox 3264 1977 3400 2044; x_wconf 78' lang='grc' dir='ltr'>θαῤ-</span> 
     </span>
    </p>
   </div>
   <div class='ocr_carea' id='block_1_88' title="bbox 1909 2067 3396 2151">
    <p class='ocr_par' dir='ltr' id='par_1_88' title="bbox 1909 2067 3396 2151">
     <span class='ocr_line' id='line_1_88' title="bbox 1909 2067 3396 2151; baseline -0.011 -15"><span class='ocrx_word' id='word_1_664' title='bbox 1909 2082 2040 2151; x_wconf 74' lang='grc' dir='ltr'>ῥεῖν</span> <span class='ocrx_word' id='word_1_665' title='bbox 2088 2080 2194 2133; x_wconf 84' lang='grc' dir='ltr'>τόν</span> <span class='ocrx_word' id='word_1_666' title='bbox 2251 2078 2558 2146; x_wconf 75' lang='grc' dir='ltr'>ἐνάρετον·</span> <span class='ocrx_word' id='word_1_667' title='bbox 2609 2074 2707 2129; x_wconf 73' lang='grc' dir='ltr'>καὶ</span> <span class='ocrx_word' id='word_1_668' title='bbox 2757 2073 2904 2128; x_wconf 83' lang='grc' dir='ltr'>ὅσον</span> <span class='ocrx_word' id='word_1_669' title='bbox 2945 2070 3132 2125; x_wconf 80' lang='grc' dir='ltr'>κακὸν</span> <span class='ocrx_word' id='word_1_670' title='bbox 3167 2068 3206 2138; x_wconf 77' lang='grc' dir='ltr'><strong><em>ἠ</em></strong></span> <span class='ocrx_word' id='word_1_671' title='bbox 3251 2067 3396 2122; x_wconf 82' lang='grc' dir='ltr'>ἀπό-</span> 
     </span>
    </p>
   </div>
   <div class='ocr_carea' id='block_1_89' title="bbox 1918 2188 2070 2226">
    <p class='ocr_par' dir='ltr' id='par_1_89' title="bbox 1918 2188 2070 2226">
     <span class='ocr_line' id='line_1_89' title="bbox 1918 2188 2070 2226; baseline -0.02 0"><span class='ocrx_word' id='word_1_672' title='bbox 1918 2188 2070 2226; x_wconf 82' lang='grc' dir='ltr'>νοια.</span> 
     </span>
    </p>
   </div>
   <div class='ocr_carea' id='block_1_90' title="bbox 2449 2248 2795 2306">
    <p class='ocr_par' dir='ltr' id='par_1_90' title="bbox 2449 2248 2795 2306">
     <span class='ocr_line' id='line_1_90' title="bbox 2449 2248 2795 2306; baseline -0.006 0"><span class='ocrx_word' id='word_1_673' title='bbox 2449 2250 2687 2306; x_wconf 79' lang='grc' dir='ltr'>ΟΜῙΛΙΑ</span> <span class='ocrx_word' id='word_1_674' title='bbox 2724 2248 2795 2304; x_wconf 84' lang='grc' dir='ltr'>Γ⁹.</span> 
     </span>
    </p>
   </div>
   <div class='ocr_carea' id='block_1_91' title="bbox 1918 2385 3393 2467">
    <p class='ocr_par' dir='ltr' id='par_1_91' title="bbox 1918 2385 3393 2467">
     <span class='ocr_line' id='line_1_91' title="bbox 1918 2385 3393 2467; baseline -0.01 -16"><span class='ocrx_word' id='word_1_675' title='bbox 1918 2410 1983 2453; x_wconf 83' lang='grc' dir='ltr'>α’.</span> <span class='ocrx_word' id='word_1_676' title='bbox 2008 2397 2305 2467; x_wconf 73' lang='grc' dir='ltr'>Εὐλογητὸς</span> <span class='ocrx_word' id='word_1_677' title='bbox 2330 2399 2356 2448; x_wconf 90' lang='lat'>6</span> <span class='ocrx_word' id='word_1_678' title='bbox 2371 2396 2520 2458; x_wconf 80' lang='grc' dir='ltr'>Θεὸς,</span> <span class='ocrx_word' id='word_1_679' title='bbox 2548 2397 2641 2448; x_wconf 68' lang='grc' dir='ltr'>καὶ</span> <span class='ocrx_word' id='word_1_680' title='bbox 2669 2393 2760 2446; x_wconf 73' lang='grc' dir='ltr'>ἐπὶ</span> <span class='ocrx_word' id='word_1_681' title='bbox 2779 2393 2872 2460; x_wconf 86' lang='grc' dir='ltr'>τῆς</span> <span class='ocrx_word' id='word_1_682' title='bbox 2894 2391 2920 2430; x_wconf 75' lang='grc' dir='ltr'>ἀ</span> <span class='ocrx_word' id='word_1_683' title='bbox 2943 2389 3133 2458; x_wconf 81' lang='grc' dir='ltr'>γενεᾶς</span> <span class='ocrx_word' id='word_1_684' title='bbox 3157 2387 3252 2457; x_wconf 87' lang='grc' dir='ltr'>τῆς</span> <span class='ocrx_word' id='word_1_685' title='bbox 3271 2385 3393 2454; x_wconf 62' lang='grc' dir='ltr'>ἡμεη</span> 
     </span>
    </p>
   </div>
   <div class='ocr_carea' id='block_1_92' title="bbox 1849 2469 3410 2553">
    <p class='ocr_par' dir='ltr' id='par_1_92' title="bbox 1849 2469 3410 2553">
     <span class='ocr_line' id='line_1_92' title="bbox 1849 2469 3410 2553; baseline -0.012 -17"><span class='ocrx_word' id='word_1_686' title='bbox 1849 2484 2007 2553; x_wconf 84' lang='grc' dir='ltr'>τέρας</span> <span class='ocrx_word' id='word_1_687' title='bbox 2028 2483 2357 2546; x_wconf 87' lang='grc' dir='ltr'>ἐϐλάστησαν</span> <span class='ocrx_word' id='word_1_688' title='bbox 2384 2479 2672 2546; x_wconf 87' lang='grc' dir='ltr'>μάρτυρες,</span> <span class='ocrx_word' id='word_1_689' title='bbox 2694 2473 3103 2553; x_wconf 83' lang='grc' dir='ltr'>κατηξιώθημεν</span> <span class='ocrx_word' id='word_1_690' title='bbox 3125 2469 3216 2521; x_wconf 59' lang='grc' dir='ltr'>καλ⁵</span> <span class='ocrx_word' id='word_1_691' title='bbox 3244 2470 3410 2537; x_wconf 81' lang='grc' dir='ltr'>ἡμεῖς·</span> 
     </span>
    </p>
   </div>
   <div class='ocr_carea' id='block_1_93' title="bbox 1850 2551 3400 2633">
    <p class='ocr_par' dir='ltr' id='par_1_93' title="bbox 1850 2551 3400 2633">
     <span class='ocr_line' id='line_1_93' title="bbox 1850 2551 3400 2633; baseline -0.012 -14"><span class='ocrx_word' id='word_1_692' title='bbox 1850 2551 2158 2633; x_wconf 77' lang='grc' dir='ltr'>ἀνθρώπους</span> <span class='ocrx_word' id='word_1_693' title='bbox 2208 2563 2330 2614; x_wconf 88' lang='grc' dir='ltr'>ἰδεῖν</span> <span class='ocrx_word' id='word_1_694' title='bbox 2375 2561 2513 2628; x_wconf 78' lang='grc' dir='ltr'>ὑπὲρ</span> <span class='ocrx_word' id='word_1_695' title='bbox 2547 2556 2776 2628; x_wconf 87' lang='grc' dir='ltr'>Χριστοῦ</span> <span class='ocrx_word' id='word_1_696' title='bbox 2827 2551 3256 2622; x_wconf 85' lang='grc' dir='ltr'>σφαττομένους,</span> <span class='ocrx_word' id='word_1_697' title='bbox 3304 2551 3400 2601; x_wconf 92' lang='grc' dir='ltr'>ἀν-</span> 
     </span>
    </p>
   </div>
   <div class='ocr_carea' id='block_1_94' title="bbox 1851 2631 3402 2716">
    <p class='ocr_par' dir='ltr' id='par_1_94' title="bbox 1851 2631 3402 2716">
     <span class='ocr_line' id='line_1_94' title="bbox 1851 2631 3402 2716; baseline -0.012 -16"><span class='ocrx_word' id='word_1_698' title='bbox 1851 2631 2095 2716; x_wconf 82' lang='grc' dir='ltr'>Θρώπους</span> <span class='ocrx_word' id='word_1_699' title='bbox 2135 2658 2157 2685; x_wconf 76' lang='grc' dir='ltr'>ο</span> <span class='ocrx_word' id='word_1_700' title='bbox 2201 2641 2336 2714; x_wconf 74' lang='grc' dir='ltr'>αἷμα</span> <span class='ocrx_word' id='word_1_701' title='bbox 2389 2642 2676 2704; x_wconf 78' lang='grc' dir='ltr'>στάζοντας</span> <span class='ocrx_word' id='word_1_702' title='bbox 2714 2637 2885 2705; x_wconf 80' lang='grc' dir='ltr'>ἀγιον,</span> <span class='ocrx_word' id='word_1_703' title='bbox 2935 2634 3029 2704; x_wconf 81' lang='grc' dir='ltr'>τὴν</span> <span class='ocrx_word' id='word_1_704' title='bbox 3085 2631 3402 2700; x_wconf 85' lang='grc' dir='ltr'>Ἐκκλησίαν</span> 
     </span>
    </p>
   </div>
   <div class='ocr_carea' id='block_1_95' title="bbox 1850 2714 3404 2798">
    <p class='ocr_par' dir='ltr' id='par_1_95' title="bbox 1850 2714 3404 2798">
     <span class='ocr_line' id='line_1_95' title="bbox 1850 2714 3404 2798; baseline -0.014 -14"><span class='ocrx_word' id='word_1_705' title='bbox 1850 2714 2063 2784; x_wconf 73' lang='grc' dir='ltr'>ἅπασαν</span> <span class='ocrx_word' id='word_1_706' title='bbox 2115 2727 2289 2798; x_wconf 83' lang='grc' dir='ltr'>άρδον,</span> <span class='ocrx_word' id='word_1_707' title='bbox 2318 2720 2453 2794; x_wconf 79' lang='grc' dir='ltr'>αἷμα</span> <span class='ocrx_word' id='word_1_708' title='bbox 2488 2721 2775 2784; x_wconf 75' lang='grc' dir='ltr'>στάζοντας</span> <span class='ocrx_word' id='word_1_709' title='bbox 2800 2759 2814 2782; x_wconf 91' lang='grc'>,</span> <span class='ocrx_word' id='word_1_710' title='bbox 2857 2718 3068 2787; x_wconf 84' lang='grc' dir='ltr'>δαίμοσι</span> <span class='ocrx_word' id='word_1_711' title='bbox 3116 2717 3214 2785; x_wconf 82' lang='grc' dir='ltr'>μὲν</span> <span class='ocrx_word' id='word_1_712' title='bbox 3255 2714 3404 2782; x_wconf 83' lang='grc' dir='ltr'>φοϐε-</span> 
     </span>
    </p>
   </div>
   <div class='ocr_carea' id='block_1_96' title="bbox 1855 2799 3407 2883">
    <p class='ocr_par' dir='ltr' id='par_1_96' title="bbox 1855 2799 3407 2883">
     <span class='ocr_line' id='line_1_96' title="bbox 1855 2799 3407 2883; baseline -0.013 -17"><span class='ocrx_word' id='word_1_713' title='bbox 1855 2813 1964 2883; x_wconf 77' lang='grc' dir='ltr'>ρὸν,</span> <span class='ocrx_word' id='word_1_714' title='bbox 2012 2811 2257 2878; x_wconf 87' lang='grc' dir='ltr'>ἀγγέλοις</span> <span class='ocrx_word' id='word_1_715' title='bbox 2286 2809 2340 2861; x_wconf 77' lang='grc' dir='ltr'>δὲ</span> <span class='ocrx_word' id='word_1_716' title='bbox 2379 2805 2639 2865; x_wconf 78' lang='grc' dir='ltr'>ποθεινὸν,</span> <span class='ocrx_word' id='word_1_717' title='bbox 2681 2804 2806 2873; x_wconf 88' lang='grc' dir='ltr'>ἡμῖν</span> <span class='ocrx_word' id='word_1_718' title='bbox 2836 2801 2891 2852; x_wconf 88' lang='grc' dir='ltr'>δέ</span> <span class='ocrx_word' id='word_1_719' title='bbox 2938 2799 3215 2883; x_wconf 84' lang='grc' dir='ltr'>σωτήριον.</span> <span class='ocrx_word' id='word_1_720' title='bbox 3261 2799 3407 2848; x_wconf 86' lang='grc' dir='ltr'>Κατ-</span> 
     </span>
    </p>
   </div>
   <div class='ocr_carea' id='block_1_97' title="bbox 1852 2880 3404 2965">
    <p class='ocr_par' dir='ltr' id='par_1_97' title="bbox 1852 2880 3404 2965">
     <span class='ocr_line' id='line_1_97' title="bbox 1852 2880 3404 2965; baseline -0.012 -18"><span class='ocrx_word' id='word_1_721' title='bbox 1852 2880 2158 2965; x_wconf 81' lang='grc' dir='ltr'>ηξιώθημεν</span> <span class='ocrx_word' id='word_1_722' title='bbox 2225 2891 2348 2943; x_wconf 78' lang='grc' dir='ltr'>ἰδεῖν</span> <span class='ocrx_word' id='word_1_723' title='bbox 2410 2886 2724 2959; x_wconf 75' lang='grc' dir='ltr'>ἀνθρώπους</span> <span class='ocrx_word' id='word_1_724' title='bbox 2785 2884 2922 2954; x_wconf 84' lang='grc' dir='ltr'>ὑπὲρ</span> <span class='ocrx_word' id='word_1_725' title='bbox 2966 2880 3238 2942; x_wconf 78' lang='grc' dir='ltr'>εὐσεϐείας</span> <span class='ocrx_word' id='word_1_726' title='bbox 3307 2895 3404 2929; x_wconf 89' lang='grc' dir='ltr'>πο-</span> 
     </span>
    </p>
   </div>
   <div class='ocr_carea' id='block_1_98' title="bbox 1852 2961 3402 3045">
    <p class='ocr_par' dir='ltr' id='par_1_98' title="bbox 1852 2961 3402 3045">
     <span class='ocr_line' id='line_1_98' title="bbox 1852 2961 3402 3045; baseline -0.012 -17"><span class='ocrx_word' id='word_1_727' title='bbox 1852 2961 2144 3045; x_wconf 82' lang='grc' dir='ltr'>λεμοῦντας</span> <span class='ocrx_word' id='word_1_728' title='bbox 2181 2972 2198 3011; x_wconf 71' lang='grc' dir='ltr'>ί</span> <span class='ocrx_word' id='word_1_729' title='bbox 2228 3014 2242 3038; x_wconf 93' lang='grc'>,</span> <span class='ocrx_word' id='word_1_730' title='bbox 2311 2970 2490 3043; x_wconf 68' lang='grc'>[112]</span> <span class='ocrx_word' id='word_1_731' title='bbox 2559 2969 2852 3030; x_wconf 87' lang='grc' dir='ltr'>νικῶντας,</span> <span class='ocrx_word' id='word_1_732' title='bbox 2915 2961 3402 3031; x_wconf 88' lang='grc' dir='ltr'>ἐστεφανωμένους.</span> 
     </span>
    </p>
   </div>
   <div class='ocr_carea' id='block_1_99' title="bbox 1852 3041 3404 3120">
    <p class='ocr_par' dir='ltr' id='par_1_99' title="bbox 1852 3041 3404 3120">
     <span class='ocr_line' id='line_1_99' title="bbox 1852 3041 3404 3120; baseline -0.012 -10"><span class='ocrx_word' id='word_1_733' title='bbox 1852 3041 1966 3111; x_wconf 76' lang='grc' dir='ltr'>Οῦκ</span> <span class='ocrx_word' id='word_1_734' title='bbox 2008 3056 2132 3108; x_wconf 88' lang='grc' dir='ltr'>ἰδεῖν</span> <span class='ocrx_word' id='word_1_735' title='bbox 2178 3054 2233 3107; x_wconf 90' lang='grc' dir='ltr'>δέ</span> <span class='ocrx_word' id='word_1_736' title='bbox 2283 3041 2690 3120; x_wconf 74' lang='grc' dir='ltr'>κατηξιώθημεν</span> <span class='ocrx_word' id='word_1_737' title='bbox 2735 3048 2912 3117; x_wconf 88' lang='grc' dir='ltr'>μόνον,</span> <span class='ocrx_word' id='word_1_738' title='bbox 2957 3045 3092 3098; x_wconf 89' lang='grc' dir='ltr'>ἀλλά</span> <span class='ocrx_word' id='word_1_739' title='bbox 3125 3045 3216 3094; x_wconf 71' lang='grc' dir='ltr'>καὶ</span> <span class='ocrx_word' id='word_1_740' title='bbox 3265 3041 3404 3093; x_wconf 83' lang='grc' dir='ltr'>αὐτὰ</span> 
     </span>
    </p>
   </div>
   <div class='ocr_carea' id='block_1_100' title="bbox 1852 3126 3401 3206">
    <p class='ocr_par' dir='ltr' id='par_1_100' title="bbox 1852 3126 3401 3206">
     <span class='ocr_line' id='line_1_100' title="bbox 1852 3126 3401 3206; baseline -0.011 -15"><span class='ocrx_word' id='word_1_741' title='bbox 1852 3139 1919 3191; x_wconf 87' lang='grc' dir='ltr'>τά</span> <span class='ocrx_word' id='word_1_742' title='bbox 1973 3137 2193 3206; x_wconf 90' lang='grc' dir='ltr'>σώματα</span> <span class='ocrx_word' id='word_1_743' title='bbox 2239 3136 2345 3188; x_wconf 85' lang='grc' dir='ltr'>τῶν</span> <span class='ocrx_word' id='word_1_744' title='bbox 2392 3132 2634 3204; x_wconf 86' lang='grc' dir='ltr'>ἀθλητῶν</span> <span class='ocrx_word' id='word_1_745' title='bbox 2671 3129 2951 3193; x_wconf 82' lang='grc' dir='ltr'>δέξασθαι,</span> <span class='ocrx_word' id='word_1_746' title='bbox 2993 3127 3082 3180; x_wconf 71' lang='grc' dir='ltr'>καὶ</span> <span class='ocrx_word' id='word_1_747' title='bbox 3124 3127 3249 3194; x_wconf 76' lang='grc' dir='ltr'>παρ’</span> <span class='ocrx_word' id='word_1_748' title='bbox 3282 3126 3401 3175; x_wconf 69' lang='grc' dir='ltr'>ἐαυε</span> 
     </span>
    </p>
   </div>
   <div class='ocr_carea' id='block_1_101' title="bbox 1853 3207 3408 3286">
    <p class='ocr_par' dir='ltr' id='par_1_101' title="bbox 1853 3207 3408 3286">
     <span class='ocr_line' id='line_1_101' title="bbox 1853 3207 3408 3286; baseline -0.011 -12"><span class='ocrx_word' id='word_1_749' title='bbox 1853 3225 1962 3285; x_wconf 87' lang='grc' dir='ltr'>τοῖς</span> <span class='ocrx_word' id='word_1_750' title='bbox 2003 3221 2124 3283; x_wconf 83' lang='grc' dir='ltr'>τοὺς</span> <span class='ocrx_word' id='word_1_751' title='bbox 2179 3217 2495 3286; x_wconf 84' lang='grc' dir='ltr'>στεφανίτας</span> <span class='ocrx_word' id='word_1_752' title='bbox 2556 3217 2747 3284; x_wconf 77' lang='grc' dir='ltr'>ἔχομεν</span> <span class='ocrx_word' id='word_1_753' title='bbox 2783 3212 2896 3265; x_wconf 91' lang='grc' dir='ltr'>νῦν.</span> <span class='ocrx_word' id='word_1_754' title='bbox 2956 3209 3112 3263; x_wconf 82' lang='grc' dir='ltr'>Ἀλλά</span> <span class='ocrx_word' id='word_1_755' title='bbox 3167 3209 3256 3260; x_wconf 81' lang='grc' dir='ltr'>τὸν</span> <span class='ocrx_word' id='word_1_756' title='bbox 3309 3207 3408 3277; x_wconf 76' lang='grc' dir='ltr'>μὲν</span> 
     </span>
    </p>
   </div>
   <div class='ocr_carea' id='block_1_102' title="bbox 1856 3288 3405 3373">
    <p class='ocr_par' dir='ltr' id='par_1_102' title="bbox 1856 3288 3405 3373">
     <span class='ocr_line' id='line_1_102' title="bbox 1856 3288 3405 3373; baseline -0.01 -17"><span class='ocrx_word' id='word_1_757' title='bbox 1856 3304 1978 3373; x_wconf 75' lang='grc' dir='ltr'>περὶ</span> <span class='ocrx_word' id='word_1_758' title='bbox 2019 3303 2125 3354; x_wconf 90' lang='grc' dir='ltr'>τῶν</span> <span class='ocrx_word' id='word_1_759' title='bbox 2177 3299 2463 3370; x_wconf 89' lang='grc' dir='ltr'>μαρτύρων</span> <span class='ocrx_word' id='word_1_760' title='bbox 2511 3297 2664 3365; x_wconf 91' lang='grc' dir='ltr'>λόγον</span> <span class='ocrx_word' id='word_1_761' title='bbox 2723 3295 2998 3362; x_wconf 81' lang='grc' dir='ltr'>ἀφήσομεν</span> <span class='ocrx_word' id='word_1_762' title='bbox 3039 3291 3131 3344; x_wconf 91' lang='grc' dir='ltr'>νῦν</span> <span class='ocrx_word' id='word_1_763' title='bbox 3179 3289 3255 3373; x_wconf 80' lang='grc' dir='ltr'>τῷ</span> <span class='ocrx_word' id='word_1_764' title='bbox 3297 3288 3405 3340; x_wconf 91' lang='grc' dir='ltr'>τῶν</span> 
     </span>
    </p>
   </div>
   <div class='ocr_carea' id='block_1_103' title="bbox 1858 3369 3405 3457">
    <p class='ocr_par' dir='ltr' id='par_1_103' title="bbox 1858 3369 3405 3457">
     <span class='ocr_line' id='line_1_103' title="bbox 1858 3369 3405 3457; baseline -0.012 -18"><span class='ocrx_word' id='word_1_765' title='bbox 1858 3369 2142 3457; x_wconf 80' lang='grc' dir='ltr'>μαρτύρων</span> <span class='ocrx_word' id='word_1_766' title='bbox 2171 3369 2401 3452; x_wconf 77' lang='grc' dir='ltr'>ζηλωτῇ,</span> <span class='ocrx_word' id='word_1_767' title='bbox 2428 3377 2504 3449; x_wconf 81' lang='grc' dir='ltr'>τῷ</span> <span class='ocrx_word' id='word_1_768' title='bbox 2537 3378 2696 3446; x_wconf 84' lang='grc' dir='ltr'>κοινῷ</span> <span class='ocrx_word' id='word_1_769' title='bbox 2723 3372 3230 3457; x_wconf 31' lang='grc' dir='ltr'>διδασκάλῳομαύτοὶ</span> <span class='ocrx_word' id='word_1_770' title='bbox 3258 3371 3314 3457; x_wconf 83' lang='grc' dir='ltr'>δέ</span> <span class='ocrx_word' id='word_1_771' title='bbox 3339 3369 3405 3457; x_wconf 76' lang='grc' dir='ltr'>τά</span> 
     </span>
    </p>
   </div>
   <div class='ocr_carea' id='block_1_104' title="bbox 1855 3451 3409 3531">
    <p class='ocr_par' dir='ltr' id='par_1_104' title="bbox 1855 3451 3409 3531">
     <span class='ocr_line' id='line_1_104' title="bbox 1855 3451 3409 3531; baseline -0.012 -12"><span class='ocrx_word' id='word_1_772' title='bbox 1855 3451 1994 3520; x_wconf 75' lang='grc' dir='ltr'>κατὰ</span> <span class='ocrx_word' id='word_1_773' title='bbox 2033 3451 2119 3518; x_wconf 79' lang='grc' dir='ltr'>τὸν</span> <span class='ocrx_word' id='word_1_774' title='bbox 2166 3451 2342 3528; x_wconf 79' lang='grc' dir='ltr'>Ὀζίαν</span> <span class='ocrx_word' id='word_1_775' title='bbox 2389 3463 2523 3531; x_wconf 80' lang='grc' dir='ltr'>πρὸς</span> <span class='ocrx_word' id='word_1_776' title='bbox 2569 3461 2711 3529; x_wconf 83' lang='grc' dir='ltr'>ὑμᾶς</span> <span class='ocrx_word' id='word_1_777' title='bbox 2750 3457 2975 3527; x_wconf 82' lang='grc' dir='ltr'>ἐροῦμεν</span> <span class='ocrx_word' id='word_1_778' title='bbox 3025 3455 3138 3517; x_wconf 85' lang='grc' dir='ltr'>νῦν,</span> <span class='ocrx_word' id='word_1_779' title='bbox 3183 3451 3409 3504; x_wconf 69' lang='grc' dir='ltr'>παλαιόρ</span> 
     </span>
    </p>
   </div>
   <div class='ocr_carea' id='block_1_105' title="bbox 1856 3531 3379 3614">
    <p class='ocr_par' dir='ltr' id='par_1_105' title="bbox 1856 3531 3379 3614">
     <span class='ocr_line' id='line_1_105' title="bbox 1856 3531 3379 3614; baseline -0.013 -12"><span class='ocrx_word' id='word_1_780' title='bbox 1856 3547 2270 3608; x_wconf 89' lang='grc' dir='ltr'>καταϐάλλοντες</span> <span class='ocrx_word' id='word_1_781' title='bbox 2308 3544 2495 3614; x_wconf 80' lang='grc' dir='ltr'>χρέος,</span> <span class='ocrx_word' id='word_1_782' title='bbox 2543 3542 2634 3593; x_wconf 68' lang='grc' dir='ltr'>καὶ</span> <span class='ocrx_word' id='word_1_783' title='bbox 2680 3539 2918 3608; x_wconf 83' lang='grc' dir='ltr'>χρονίους</span> <span class='ocrx_word' id='word_1_784' title='bbox 2965 3536 3155 3614; x_wconf 87' lang='grc' dir='ltr'>ὠδῖνας</span> <span class='ocrx_word' id='word_1_785' title='bbox 3205 3531 3379 3614; x_wconf 75' lang='grc' dir='ltr'>ἀκροά</span> 
     </span>
    </p>
   </div>
   <div class='ocr_carea' id='block_1_106' title="bbox 1857 3610 3405 3692">
    <p class='ocr_par' dir='ltr' id='par_1_106' title="bbox 1857 3610 3405 3692">
     <span class='ocr_line' id='line_1_106' title="bbox 1857 3610 3405 3692; baseline -0.012 -10"><span class='ocrx_word' id='word_1_786' title='bbox 1857 3649 1990 3692; x_wconf 82' lang='grc' dir='ltr'>σεως</span> <span class='ocrx_word' id='word_1_787' title='bbox 2023 3630 2254 3689; x_wconf 88' lang='grc' dir='ltr'>λύοντες.</span> <span class='ocrx_word' id='word_1_788' title='bbox 2290 3627 2475 3676; x_wconf 83' lang='grc' dir='ltr'>Ὠδίνει</span> <span class='ocrx_word' id='word_1_789' title='bbox 2505 3623 2611 3692; x_wconf 82' lang='grc' dir='ltr'>γάρ</span> <span class='ocrx_word' id='word_1_790' title='bbox 2645 3622 2865 3681; x_wconf 73' lang='grc' dir='ltr'>ἕκαστος</span> <span class='ocrx_word' id='word_1_791' title='bbox 2899 3618 3069 3686; x_wconf 87' lang='grc' dir='ltr'>ὑμῶν,</span> <span class='ocrx_word' id='word_1_792' title='bbox 3098 3613 3155 3667; x_wconf 77' lang='grc' dir='ltr'>εὖ</span> <span class='ocrx_word' id='word_1_793' title='bbox 3185 3610 3276 3666; x_wconf 82' lang='grc' dir='ltr'>οἷδ’</span> <span class='ocrx_word' id='word_1_794' title='bbox 3305 3616 3405 3675; x_wconf 82' lang='grc' dir='ltr'>ότι,</span> 
     </span>
    </p>
   </div>
   <div class='ocr_carea' id='block_1_107' title="bbox 1855 3695 3404 3779">
    <p class='ocr_par' dir='ltr' id='par_1_107' title="bbox 1855 3695 3404 3779">
     <span class='ocr_line' id='line_1_107' title="bbox 1855 3695 3404 3779; baseline -0.013 -15"><span class='ocrx_word' id='word_1_795' title='bbox 1855 3713 1950 3779; x_wconf 85' lang='grc' dir='ltr'>τῆς</span> <span class='ocrx_word' id='word_1_796' title='bbox 1989 3710 2220 3779; x_wconf 78' lang='grc' dir='ltr'>ἱστορίας</span> <span class='ocrx_word' id='word_1_797' title='bbox 2247 3706 2471 3759; x_wconf 86' lang='grc' dir='ltr'>ἀκοῦσαι</span> <span class='ocrx_word' id='word_1_798' title='bbox 2506 3703 2712 3771; x_wconf 84' lang='grc' dir='ltr'>ἐκείνης</span> <span class='ocrx_word' id='word_1_799' title='bbox 2773 3701 2865 3753; x_wconf 69' lang='grc' dir='ltr'>καὶ</span> <span class='ocrx_word' id='word_1_800' title='bbox 2891 3699 2986 3769; x_wconf 84' lang='grc' dir='ltr'>τὴν</span> <span class='ocrx_word' id='word_1_801' title='bbox 3019 3699 3178 3749; x_wconf 85' lang='grc' dir='ltr'>ὠδῖνα</span> <span class='ocrx_word' id='word_1_802' title='bbox 3207 3695 3404 3763; x_wconf 86' lang='grc' dir='ltr'>ταύτην</span> 
     </span>
    </p>
   </div>
   <div class='ocr_carea' id='block_1_108' title="bbox 1856 3779 3407 3863">
    <p class='ocr_par' dir='ltr' id='par_1_108' title="bbox 1856 3779 3407 3863">
     <span class='ocr_line' id='line_1_108' title="bbox 1856 3779 3407 3863; baseline -0.008 -23"><span class='ocrx_word' id='word_1_803' title='bbox 1856 3796 2010 3863; x_wconf 78' lang='grc' dir='ltr'>ἡμεῖς</span> <span class='ocrx_word' id='word_1_804' title='bbox 2067 3789 2479 3860; x_wconf 84' lang='grc' dir='ltr'>παρετείναμεν,</span> <span class='ocrx_word' id='word_1_805' title='bbox 2518 3785 2576 3837; x_wconf 78' lang='grc' dir='ltr'>οὐ</span> <span class='ocrx_word' id='word_1_806' title='bbox 2613 3784 2709 3854; x_wconf 83' lang='grc' dir='ltr'>τὴν</span> <span class='ocrx_word' id='word_1_807' title='bbox 2757 3782 2943 3849; x_wconf 86' lang='grc' dir='ltr'>ὀδύνην</span> <span class='ocrx_word' id='word_1_808' title='bbox 2977 3781 3102 3849; x_wconf 83' lang='grc' dir='ltr'>ὑμῖν</span> <span class='ocrx_word' id='word_1_809' title='bbox 3147 3779 3407 3829; x_wconf 82' lang='grc' dir='ltr'>ἐπιτεῖναι</span> 
     </span>
    </p>
   </div>
   <div class='ocr_carea' id='block_1_109' title="bbox 1858 3860 3410 3945">
    <p class='ocr_par' dir='ltr' id='par_1_109' title="bbox 1858 3860 3410 3945">
     <span class='ocr_line' id='line_1_109' title="bbox 1858 3860 3410 3945; baseline -0.012 -18"><span class='ocrx_word' id='word_1_810' title='bbox 1858 3860 2181 3945; x_wconf 77' lang='grc' dir='ltr'>βουλόμενοι,</span> <span class='ocrx_word' id='word_1_811' title='bbox 2213 3871 2347 3925; x_wconf 84' lang='grc' dir='ltr'>ἀλλά</span> <span class='ocrx_word' id='word_1_812' title='bbox 2382 3872 2479 3941; x_wconf 83' lang='grc' dir='ltr'>τὴν</span> <span class='ocrx_word' id='word_1_813' title='bbox 2509 3865 2794 3935; x_wconf 88' lang='grc' dir='ltr'>ἐπιθυμίαν</span> <span class='ocrx_word' id='word_1_814' title='bbox 2824 3864 3048 3931; x_wconf 80' lang='grc' dir='ltr'>αὐξῆσαι</span> <span class='ocrx_word' id='word_1_815' title='bbox 3087 3860 3410 3945; x_wconf 76' lang='grc' dir='ltr'>σπουδάζον-</span> 
     </span>
    </p>
   </div>
   <div class='ocr_carea' id='block_1_110' title="bbox 1855 3942 3409 4024">
    <p class='ocr_par' dir='ltr' id='par_1_110' title="bbox 1855 3942 3409 4024">
     <span class='ocr_line' id='line_1_110' title="bbox 1855 3942 3409 4024; baseline -0.012 -15"><span class='ocrx_word' id='word_1_816' title='bbox 1855 3942 1963 4018; x_wconf 86' lang='grc' dir='ltr'>τες,</span> <span class='ocrx_word' id='word_1_817' title='bbox 1991 3942 2126 4007; x_wconf 80' lang='grc' dir='ltr'>ώστε</span> <span class='ocrx_word' id='word_1_818' title='bbox 2156 3956 2372 4024; x_wconf 84' lang='grc' dir='ltr'>ἡδίστην</span> <span class='ocrx_word' id='word_1_819' title='bbox 2404 3953 2529 4021; x_wconf 88' lang='grc' dir='ltr'>ύμῖν</span> <span class='ocrx_word' id='word_1_820' title='bbox 2555 3949 2784 4016; x_wconf 87' lang='grc' dir='ltr'>φανῆναι</span> <span class='ocrx_word' id='word_1_821' title='bbox 2807 3945 2902 4014; x_wconf 78' lang='grc' dir='ltr'>τὴν</span> <span class='ocrx_word' id='word_1_822' title='bbox 2932 3942 3199 4013; x_wconf 80' lang='grc' dir='ltr'>ἡμετέραν</span> <span class='ocrx_word' id='word_1_823' title='bbox 3232 3942 3409 3993; x_wconf 84' lang='grc' dir='ltr'>ἐστία-</span> 
     </span>
    </p>
   </div>
   <div class='ocr_carea' id='block_1_111' title="bbox 1858 4026 3410 4106">
    <p class='ocr_par' dir='ltr' id='par_1_111' title="bbox 1858 4026 3410 4106">
     <span class='ocr_line' id='line_1_111' title="bbox 1858 4026 3410 4106; baseline -0.011 -14"><span class='ocrx_word' id='word_1_824' title='bbox 1858 4057 1962 4092; x_wconf 84' lang='grc' dir='ltr'>σιν.</span> <span class='ocrx_word' id='word_1_825' title='bbox 1992 4040 2052 4089; x_wconf 86' lang='grc' dir='ltr'>Οί</span> <span class='ocrx_word' id='word_1_826' title='bbox 2086 4039 2180 4106; x_wconf 88' lang='grc' dir='ltr'>μὲν</span> <span class='ocrx_word' id='word_1_827' title='bbox 2214 4036 2318 4104; x_wconf 88' lang='grc' dir='ltr'>γάρ</span> <span class='ocrx_word' id='word_1_828' title='bbox 2353 4033 2570 4102; x_wconf 78' lang='grc' dir='ltr'>εῦποροι</span> <span class='ocrx_word' id='word_1_829' title='bbox 2607 4030 2712 4082; x_wconf 85' lang='grc' dir='ltr'>τῶν</span> <span class='ocrx_word' id='word_1_830' title='bbox 2745 4028 3084 4095; x_wconf 80' lang='grc' dir='ltr'>ἑστιατόρων,</span> <span class='ocrx_word' id='word_1_831' title='bbox 3121 4026 3213 4077; x_wconf 88' lang='grc' dir='ltr'>ἐάν</span> <span class='ocrx_word' id='word_1_832' title='bbox 3242 4028 3410 4093; x_wconf 82' lang='grc' dir='ltr'>ἐμπε-</span> 
     </span>
    </p>
   </div>
   <div class='ocr_carea' id='block_1_112' title="bbox 1857 4106 3408 4188">
    <p class='ocr_par' dir='ltr' id='par_1_112' title="bbox 1857 4106 3408 4188">
     <span class='ocr_line' id='line_1_112' title="bbox 1857 4106 3408 4188; baseline -0.01 -18"><span class='ocrx_word' id='word_1_833' title='bbox 1857 4119 2194 4188; x_wconf 80' lang='grc' dir='ltr'>πλησμένους</span> <span class='ocrx_word' id='word_1_834' title='bbox 2230 4116 2429 4168; x_wconf 89' lang='grc' dir='ltr'>λάϐωσι</span> <span class='ocrx_word' id='word_1_835' title='bbox 2465 4116 2588 4174; x_wconf 83' lang='grc' dir='ltr'>τοὺς</span> <span class='ocrx_word' id='word_1_836' title='bbox 2631 4110 2968 4177; x_wconf 87' lang='grc' dir='ltr'>δαιτυμόνας,</span> <span class='ocrx_word' id='word_1_837' title='bbox 2998 4106 3223 4159; x_wconf 72' lang='grc' dir='ltr'>δύναιντ’</span> <span class='ocrx_word' id='word_1_838' title='bbox 3247 4106 3310 4160; x_wconf 83' lang='grc' dir='ltr'>ἂν</span> <span class='ocrx_word' id='word_1_839' title='bbox 3344 4109 3408 4174; x_wconf 83' lang='grc' dir='ltr'>τῇ</span> 
     </span>
    </p>
   </div>
   <div class='ocr_carea' id='block_1_113' title="bbox 1859 4187 3409 4269">
    <p class='ocr_par' dir='ltr' id='par_1_113' title="bbox 1859 4187 3409 4269">
     <span class='ocr_line' id='line_1_113' title="bbox 1859 4187 3409 4269; baseline -0.011 -15"><span class='ocrx_word' id='word_1_840' title='bbox 1859 4201 2166 4269; x_wconf 78' lang='grc' dir='ltr'>πολυτελείᾳ</span> <span class='ocrx_word' id='word_1_841' title='bbox 2222 4200 2328 4251; x_wconf 88' lang='grc' dir='ltr'>τῶν</span> <span class='ocrx_word' id='word_1_842' title='bbox 2395 4192 2943 4264; x_wconf 85' lang='grc' dir='ltr'>παρασκευασθέντων</span> <span class='ocrx_word' id='word_1_843' title='bbox 3003 4189 3261 4256; x_wconf 85' lang='grc' dir='ltr'>διεγεῖραι</span> <span class='ocrx_word' id='word_1_844' title='bbox 3315 4187 3409 4256; x_wconf 79' lang='grc' dir='ltr'>τὴν</span> 
     </span>
    </p>
   </div>
   <div class='ocr_carea' id='block_1_114' title="bbox 1857 4267 3409 4354">
    <p class='ocr_par' dir='ltr' id='par_1_114' title="bbox 1857 4267 3409 4354">
     <span class='ocr_line' id='line_1_114' title="bbox 1857 4267 3409 4354; baseline -0.014 -15"><span class='ocrx_word' id='word_1_845' title='bbox 1857 4285 2144 4354; x_wconf 87' lang='grc' dir='ltr'>ἐπιθυμίαν</span> <span class='ocrx_word' id='word_1_846' title='bbox 2168 4286 2191 4323; x_wconf 74' lang='grc'><strong>⁸</strong></span> <span class='ocrx_word' id='word_1_847' title='bbox 2232 4283 2442 4344; x_wconf 79' lang='grc' dir='ltr'>αὐτοῖς·</span> <span class='ocrx_word' id='word_1_848' title='bbox 2483 4279 2580 4348; x_wconf 76' lang='grc' dir='ltr'>τὴν</span> <span class='ocrx_word' id='word_1_849' title='bbox 2624 4277 2679 4328; x_wconf 81' lang='grc' dir='ltr'>δὲ</span> <span class='ocrx_word' id='word_1_850' title='bbox 2717 4274 2821 4325; x_wconf 90' lang='grc' dir='ltr'>τῶν</span> <span class='ocrx_word' id='word_1_851' title='bbox 2856 4273 3096 4340; x_wconf 82' lang='grc' dir='ltr'>πενήτων</span> <span class='ocrx_word' id='word_1_852' title='bbox 3139 4267 3409 4341; x_wconf 83' lang='grc' dir='ltr'>τράπεζαν</span> 
     </span>
    </p>
   </div>
   <div class='ocr_carea' id='block_1_115' title="bbox 1857 4351 3409 4430">
    <p class='ocr_par' dir='ltr' id='par_1_115' title="bbox 1857 4351 3409 4430">
     <span class='ocr_line' id='line_1_115' title="bbox 1857 4351 3409 4430; baseline -0.014 -9"><span class='ocrx_word' id='word_1_853' title='bbox 1857 4351 2184 4421; x_wconf 29' lang='grc' dir='ltr'>οῦδὲν-οῦτω</span> <span class='ocrx_word' id='word_1_854' title='bbox 2231 4367 2371 4418; x_wconf 88' lang='grc' dir='ltr'>ποιεῖ</span> <span class='ocrx_word' id='word_1_855' title='bbox 2424 4359 2701 4430; x_wconf 81' lang='grc' dir='ltr'>φαίνεσθαι</span> <span class='ocrx_word' id='word_1_856' title='bbox 2751 4354 3026 4423; x_wconf 70' lang='grc' dir='ltr'>λαμπρὰν,</span> <span class='ocrx_word' id='word_1_857' title='bbox 3069 4353 3142 4414; x_wconf 84' lang='grc' dir='ltr'>ῶς</span> <span class='ocrx_word' id='word_1_858' title='bbox 3186 4351 3246 4403; x_wconf 80' lang='grc' dir='ltr'>τὸ</span> <span class='ocrx_word' id='word_1_859' title='bbox 3291 4367 3409 4401; x_wconf 88' lang='grc' dir='ltr'>πει-</span> 
     </span>
    </p>
   </div>
   <div class='ocr_carea' id='block_1_116' title="bbox 1857 4432 3406 4514">
    <p class='ocr_par' dir='ltr' id='par_1_116' title="bbox 1857 4432 3406 4514">
     <span class='ocr_line' id='line_1_116' title="bbox 1857 4432 3406 4514; baseline -0.006 -11"><span class='ocrx_word' id='word_1_860' title='bbox 1857 4450 2059 4510; x_wconf 89' lang='grc' dir='ltr'>νῶντας</span> <span class='ocrx_word' id='word_1_861' title='bbox 2099 4446 2401 4514; x_wconf 82' lang='grc' dir='ltr'>ἀπαντῆσαι</span> <span class='ocrx_word' id='word_1_862' title='bbox 2446 4445 2566 4503; x_wconf 76' lang='grc' dir='ltr'>τοὺς</span> <span class='ocrx_word' id='word_1_863' title='bbox 2607 4439 2892 4508; x_wconf 85' lang='grc' dir='ltr'>μέλλοντας</span> <span class='ocrx_word' id='word_1_864' title='bbox 2939 4433 3180 4503; x_wconf 66' lang='grc' dir='ltr'>μετέχειν</span> <span class='ocrx_word' id='word_1_865' title='bbox 3221 4432 3406 4500; x_wconf 75' lang='grc' dir='ltr'>αὐτῆς·</span> 
     </span>
    </p>
   </div>
   <div class='ocr_carea' id='block_1_117' title="bbox 1860 4515 3410 4594">
    <p class='ocr_par' dir='ltr' id='par_1_117' title="bbox 1860 4515 3410 4594">
     <span class='ocr_line' id='line_1_117' title="bbox 1860 4515 3410 4594; baseline -0.013 -11"><span class='ocrx_word' id='word_1_866' title='bbox 1860 4533 1954 4594; x_wconf 86' lang='grc' dir='ltr'>Τίς</span> <span class='ocrx_word' id='word_1_867' title='bbox 1987 4527 2077 4583; x_wconf 81' lang='grc' dir='ltr'>οὖν</span> <span class='ocrx_word' id='word_1_868' title='bbox 2125 4530 2268 4580; x_wconf 86' lang='grc' dir='ltr'>ἐστιν</span> <span class='ocrx_word' id='word_1_869' title='bbox 2301 4524 2510 4586; x_wconf 76' lang='grc' dir='ltr'>ὐζίας,</span> <span class='ocrx_word' id='word_1_870' title='bbox 2558 4521 2652 4573; x_wconf 74' lang='grc' dir='ltr'>καὶ</span> <span class='ocrx_word' id='word_1_871' title='bbox 2684 4519 2840 4572; x_wconf 85' lang='grc' dir='ltr'>τίνων</span> <span class='ocrx_word' id='word_1_872' title='bbox 2874 4517 3164 4584; x_wconf 84' lang='grc' dir='ltr'>ἀπόγονος,</span> <span class='ocrx_word' id='word_1_873' title='bbox 3204 4515 3295 4566; x_wconf 73' lang='grc' dir='ltr'>καὶ</span> <span class='ocrx_word' id='word_1_874' title='bbox 3327 4515 3410 4564; x_wconf 79' lang='grc' dir='ltr'>τί-</span> 
     </span>
    </p>
   </div>
   <div class='ocr_carea' id='block_1_118' title="bbox 1858 4595 3409 4680">
    <p class='ocr_par' dir='ltr' id='par_1_118' title="bbox 1858 4595 3409 4680">
     <span class='ocr_line' id='line_1_118' title="bbox 1858 4595 3409 4680; baseline -0.014 -13"><span class='ocrx_word' id='word_1_875' title='bbox 1858 4631 1962 4667; x_wconf 87' lang='grc' dir='ltr'>νων</span> <span class='ocrx_word' id='word_1_876' title='bbox 2019 4611 2287 4680; x_wconf 77' lang='grc' dir='ltr'>βασιλεῦς,</span> <span class='ocrx_word' id='word_1_877' title='bbox 2320 4606 2412 4659; x_wconf 77' lang='grc' dir='ltr'>καὶ</span> <span class='ocrx_word' id='word_1_878' title='bbox 2446 4604 2606 4656; x_wconf 74' lang='grc' dir='ltr'>πόσον</span> <span class='ocrx_word' id='word_1_879' title='bbox 2638 4600 2946 4653; x_wconf 84' lang='grc' dir='ltr'>ἐϐασιλεύσε</span> <span class='ocrx_word' id='word_1_880' title='bbox 2991 4600 3195 4667; x_wconf 84' lang='grc' dir='ltr'>χρόνον,</span> <span class='ocrx_word' id='word_1_881' title='bbox 3235 4597 3326 4647; x_wconf 75' lang='grc' dir='ltr'>καὶ</span> <span class='ocrx_word' id='word_1_882' title='bbox 3359 4595 3409 4648; x_wconf 89' lang='grc' dir='ltr'>τί</span> 
     </span>
    </p>
   </div>
   <div class='ocr_carea' id='block_1_119' title="bbox 1863 4678 3410 4766">
    <p class='ocr_par' dir='ltr' id='par_1_119' title="bbox 1863 4678 3410 4766">
     <span class='ocr_line' id='line_1_119' title="bbox 1863 4678 3410 4766; baseline -0.013 -18"><span class='ocrx_word' id='word_1_883' title='bbox 1863 4697 1958 4766; x_wconf 79' lang='grc' dir='ltr'>μὲν</span> <span class='ocrx_word' id='word_1_884' title='bbox 1996 4678 2336 4760; x_wconf 81' lang='grc' dir='ltr'>κατώρθωσε,</span> <span class='ocrx_word' id='word_1_885' title='bbox 2379 4689 2429 4740; x_wconf 83' lang='grc' dir='ltr'>τι</span> <span class='ocrx_word' id='word_1_886' title='bbox 2475 4687 2531 4741; x_wconf 82' lang='grc' dir='ltr'>δὲ</span> <span class='ocrx_word' id='word_1_887' title='bbox 2577 4686 2860 4755; x_wconf 73' lang='grc' dir='ltr'>διήμαρτε,</span> <span class='ocrx_word' id='word_1_888' title='bbox 2908 4681 3022 4744; x_wconf 91' lang='grc' dir='ltr'>πῶς</span> <span class='ocrx_word' id='word_1_889' title='bbox 3069 4681 3124 4732; x_wconf 78' lang='grc' dir='ltr'>δὲ</span> <span class='ocrx_word' id='word_1_890' title='bbox 3169 4679 3258 4730; x_wconf 81' lang='grc' dir='ltr'>τὸν</span> <span class='ocrx_word' id='word_1_891' title='bbox 3299 4678 3410 4745; x_wconf 82' lang='grc' dir='ltr'>βίον</span> 
     </span>
    </p>
   </div>
   <div class='ocr_carea' id='block_1_120' title="bbox 1859 4760 3407 4838">
    <p class='ocr_par' dir='ltr' id='par_1_120' title="bbox 1859 4760 3407 4838">
     <span class='ocr_line' id='line_1_120' title="bbox 1859 4760 3407 4838; baseline -0.014 -6"><span class='ocrx_word' id='word_1_892' title='bbox 1859 4778 2174 4838; x_wconf 84' lang='grc' dir='ltr'>κατέλυσεν;</span> <span class='ocrx_word' id='word_1_893' title='bbox 2202 4773 2446 4824; x_wconf 72' lang='grc' dir='ltr'>’Ἅπαντα</span> <span class='ocrx_word' id='word_1_894' title='bbox 2482 4768 2651 4821; x_wconf 84' lang='grc' dir='ltr'>ταῦτα</span> <span class='ocrx_word' id='word_1_895' title='bbox 2693 4767 2826 4836; x_wconf 88' lang='grc' dir='ltr'>πρὸς</span> <span class='ocrx_word' id='word_1_896' title='bbox 2859 4765 3000 4834; x_wconf 82' lang='grc' dir='ltr'>ὑμᾶς</span> <span class='ocrx_word' id='word_1_897' title='bbox 3032 4761 3256 4832; x_wconf 83' lang='grc' dir='ltr'>ἐροῦμεν</span> <span class='ocrx_word' id='word_1_898' title='bbox 3295 4760 3407 4823; x_wconf 91' lang='grc' dir='ltr'>νῦν,</span> 
     </span>
    </p>
   </div>
   <div class='ocr_carea' id='block_1_121' title="bbox 1862 4842 3407 4928">
    <p class='ocr_par' dir='ltr' id='par_1_121' title="bbox 1862 4842 3407 4928">
     <span class='ocr_line' id='line_1_121' title="bbox 1862 4842 3407 4928; baseline -0.014 -15"><span class='ocrx_word' id='word_1_899' title='bbox 1862 4861 2057 4928; x_wconf 79' lang='grc' dir='ltr'>μᾶλλον</span> <span class='ocrx_word' id='word_1_900' title='bbox 2082 4858 2136 4909; x_wconf 76' lang='grc' dir='ltr'>δὲ</span> <span class='ocrx_word' id='word_1_901' title='bbox 2177 4857 2275 4908; x_wconf 82' lang='grc' dir='ltr'>ὅσα</span> <span class='ocrx_word' id='word_1_902' title='bbox 2322 4851 2540 4904; x_wconf 85' lang='grc' dir='ltr'>δυνατὸν</span> <span class='ocrx_word' id='word_1_903' title='bbox 2581 4851 2774 4912; x_wconf 77' lang='grc' dir='ltr'>εἰπεῖν,</span> <span class='ocrx_word' id='word_1_904' title='bbox 2820 4847 2956 4899; x_wconf 82' lang='grc' dir='ltr'>ὥστε</span> <span class='ocrx_word' id='word_1_905' title='bbox 2994 4847 3065 4914; x_wconf 84' lang='grc' dir='ltr'>μὴ</span> <span class='ocrx_word' id='word_1_906' title='bbox 3105 4846 3180 4912; x_wconf 85' lang='grc' dir='ltr'>τῷ</span> <span class='ocrx_word' id='word_1_907' title='bbox 3221 4842 3407 4910; x_wconf 85' lang='grc' dir='ltr'>πλήθει</span> 
     </span>
    </p>
   </div>
   <div class='ocr_carea' id='block_1_122' title="bbox 1860 4923 3406 5009">
    <p class='ocr_par' dir='ltr' id='par_1_122' title="bbox 1860 4923 3406 5009">
     <span class='ocr_line' id='line_1_122' title="bbox 1860 4923 3406 5009; baseline -0.013 -14"><span class='ocrx_word' id='word_1_908' title='bbox 1860 4923 2168 5009; x_wconf 71' lang='grc' dir='ltr'>καταχῶσαι</span> <span class='ocrx_word' id='word_1_909' title='bbox 2197 4939 2293 5006; x_wconf 80' lang='grc' dir='ltr'>τὴν</span> <span class='ocrx_word' id='word_1_910' title='bbox 2329 4936 2544 5006; x_wconf 85' lang='grc' dir='ltr'>μνήμην</span> <span class='ocrx_word' id='word_1_911' title='bbox 2573 4931 2725 5002; x_wconf 80' lang='grc' dir='ltr'>ὑμῶν</span> <span class='ocrx_word' id='word_1_912' title='bbox 2743 4946 2757 4961; x_wconf 85' lang='grc'><strong>·</strong></span> <span class='ocrx_word' id='word_1_913' title='bbox 2786 4930 2814 4981; x_wconf 86' lang='grc' dir='ltr'>ὃ</span> <span class='ocrx_word' id='word_1_914' title='bbox 2842 4929 3044 5009; x_wconf 90' lang='grc' dir='ltr'>γίνεται</span> <span class='ocrx_word' id='word_1_915' title='bbox 3074 4927 3165 4978; x_wconf 75' lang='grc' dir='ltr'>καὶ</span> <span class='ocrx_word' id='word_1_916' title='bbox 3196 4925 3286 4976; x_wconf 74' lang='grc' dir='ltr'>ἐπὶ</span> <span class='ocrx_word' id='word_1_917' title='bbox 3314 4923 3406 4976; x_wconf 88' lang='grc' dir='ltr'>τοῦ</span> 
     </span>
    </p>
   </div>
   <div class='ocr_carea' id='block_1_123' title="bbox 1859 5007 3409 5092">
    <p class='ocr_par' dir='ltr' id='par_1_123' title="bbox 1859 5007 3409 5092">
     <span class='ocr_line' id='line_1_123' title="bbox 1859 5007 3409 5092; baseline -0.014 -16"><span class='ocrx_word' id='word_1_918' title='bbox 1859 5007 2124 5092; x_wconf 81' lang='grc' dir='ltr'>λυχνιαίου</span> <span class='ocrx_word' id='word_1_919' title='bbox 2158 5019 2340 5087; x_wconf 78' lang='grc' dir='ltr'>πυρός.</span> <span class='ocrx_word' id='word_1_920' title='bbox 2369 5017 2463 5068; x_wconf 76' lang='grc' dir='ltr'>Ἂν</span> <span class='ocrx_word' id='word_1_921' title='bbox 2498 5016 2591 5084; x_wconf 89' lang='grc' dir='ltr'>μέν</span> <span class='ocrx_word' id='word_1_922' title='bbox 2632 5013 2736 5081; x_wconf 89' lang='grc' dir='ltr'>γάρ</span> <span class='ocrx_word' id='word_1_923' title='bbox 2766 5013 2878 5062; x_wconf 82' lang='grc' dir='ltr'>ἐκεῖ</span> <span class='ocrx_word' id='word_1_924' title='bbox 2905 5008 3041 5061; x_wconf 72' lang='grc' dir='ltr'>κατὰ</span> <span class='ocrx_word' id='word_1_925' title='bbox 3075 5007 3262 5076; x_wconf 78' lang='grc' dir='ltr'>μικρὸν</span> <span class='ocrx_word' id='word_1_926' title='bbox 3294 5008 3409 5057; x_wconf 86' lang='grc' dir='ltr'>ἐπι-</span> 
     </span>
    </p>
   </div>
   <div class='ocr_carea' id='block_1_124' title="bbox 1862 5088 3407 5174">
    <p class='ocr_par' dir='ltr' id='par_1_124' title="bbox 1862 5088 3407 5174">
     <span class='ocr_line' id='line_1_124' title="bbox 1862 5088 3407 5174; baseline -0.016 -16"><span class='ocrx_word' id='word_1_927' title='bbox 1862 5088 2058 5174; x_wconf 76' lang='grc' dir='ltr'>στάξης</span> <span class='ocrx_word' id='word_1_928' title='bbox 2099 5105 2163 5173; x_wconf 79' lang='grc' dir='ltr'>τῇ</span> <span class='ocrx_word' id='word_1_929' title='bbox 2210 5099 2480 5170; x_wconf 89' lang='grc' dir='ltr'>θρυαλλίδι</span> <span class='ocrx_word' id='word_1_930' title='bbox 2522 5096 2582 5147; x_wconf 76' lang='grc' dir='ltr'>τὸ</span> <span class='ocrx_word' id='word_1_931' title='bbox 2625 5095 2818 5153; x_wconf 80' lang='grc' dir='ltr'>ἐλαιον,</span> <span class='ocrx_word' id='word_1_932' title='bbox 2871 5090 3051 5159; x_wconf 76' lang='grc' dir='ltr'>ἱκανὴν</span> <span class='ocrx_word' id='word_1_933' title='bbox 3089 5090 3291 5151; x_wconf 76' lang='grc' dir='ltr'>ἔδωκας</span> <span class='ocrx_word' id='word_1_934' title='bbox 3333 5088 3407 5154; x_wconf 74' lang='grc' dir='ltr'>τῷ</span> 
     </span>
    </p>
   </div>
   <div class='ocr_carea' id='block_1_125' title="bbox 1862 5168 3405 5256">
    <p class='ocr_par' dir='ltr' id='par_1_125' title="bbox 1862 5168 3405 5256">
     <span class='ocr_line' id='line_1_125' title="bbox 1862 5168 3405 5256; baseline -0.012 -17"><span class='ocrx_word' id='word_1_935' title='bbox 1862 5168 2384 5256; x_wconf 33' lang='grc' dir='ltr'>πυρὶητὴντρο-φήν·</span> <span class='ocrx_word' id='word_1_936' title='bbox 2418 5179 2484 5231; x_wconf 85' lang='grc' dir='ltr'>ἂν</span> <span class='ocrx_word' id='word_1_937' title='bbox 2529 5177 2583 5227; x_wconf 85' lang='grc' dir='ltr'>δέ</span> <span class='ocrx_word' id='word_1_938' title='bbox 2619 5174 2810 5256; x_wconf 73' lang='grc' dir='ltr'>ἀθρόον</span> <span class='ocrx_word' id='word_1_939' title='bbox 2857 5173 3140 5256; x_wconf 78' lang='grc' dir='ltr'>καταχέῃς,</span> <span class='ocrx_word' id='word_1_940' title='bbox 3187 5173 3276 5223; x_wconf 77' lang='grc' dir='ltr'>καὶ</span> <span class='ocrx_word' id='word_1_941' title='bbox 3311 5168 3405 5237; x_wconf 75' lang='grc' dir='ltr'>τὴν</span> 
     </span>
    </p>
   </div>
   <div class='ocr_carea' id='block_1_126' title="bbox 1859 5251 3403 5334">
    <p class='ocr_par' dir='ltr' id='par_1_126' title="bbox 1859 5251 3403 5334">
     <span class='ocr_line' id='line_1_126' title="bbox 1859 5251 3403 5334; baseline -0.013 -12"><span class='ocrx_word' id='word_1_942' title='bbox 1859 5251 2021 5322; x_wconf 75' lang='grc' dir='ltr'>οὖσαν</span> <span class='ocrx_word' id='word_1_943' title='bbox 2050 5251 2217 5334; x_wconf 81' lang='grc' dir='ltr'>φλόγα</span> <span class='ocrx_word' id='word_1_944' title='bbox 2244 5260 2594 5319; x_wconf 87' lang='grc' dir='ltr'>κατέσϐεσας.</span> <span class='ocrx_word' id='word_1_945' title='bbox 2620 5251 2785 5317; x_wconf 75' lang='grc' dir='ltr'>Οὗτος</span> <span class='ocrx_word' id='word_1_946' title='bbox 2814 5255 2986 5306; x_wconf 88' lang='grc' dir='ltr'>τοίνυν</span> <span class='ocrx_word' id='word_1_947' title='bbox 3010 5257 3036 5306; x_wconf 81' lang='grc' dir='ltr'>ό</span> <span class='ocrx_word' id='word_1_948' title='bbox 3072 5253 3247 5315; x_wconf 75' lang='grc' dir='ltr'>Ὀζίας</span> <span class='ocrx_word' id='word_1_949' title='bbox 3276 5252 3403 5303; x_wconf 78' lang='grc' dir='ltr'>ἀπὸ·</span> 
     </span>
    </p>
   </div>
   <div class='ocr_carea' id='block_1_127' title="bbox 1860 5334 3402 5421">
    <p class='ocr_par' dir='ltr' id='par_1_127' title="bbox 1860 5334 3402 5421">
     <span class='ocr_line' id='line_1_127' title="bbox 1860 5334 3402 5421; baseline -0.014 -16"><span class='ocrx_word' id='word_1_950' title='bbox 1860 5370 2010 5421; x_wconf 91' lang='grc' dir='ltr'>γονος</span> <span class='ocrx_word' id='word_1_951' title='bbox 2045 5352 2140 5420; x_wconf 78' lang='grc' dir='ltr'>μὲν</span> <span class='ocrx_word' id='word_1_952' title='bbox 2179 5345 2244 5416; x_wconf 79' lang='grc' dir='ltr'>ἦν</span> <span class='ocrx_word' id='word_1_953' title='bbox 2272 5344 2361 5396; x_wconf 89' lang='grc' dir='ltr'>τοῦ</span> <span class='ocrx_word' id='word_1_954' title='bbox 2397 5341 2576 5403; x_wconf 82' lang='grc' dir='ltr'>Δαυῖδ,</span> <span class='ocrx_word' id='word_1_955' title='bbox 2616 5339 2860 5408; x_wconf 80' lang='grc' dir='ltr'>βασιλεὺς</span> <span class='ocrx_word' id='word_1_956' title='bbox 2888 5338 2942 5390; x_wconf 86' lang='grc' dir='ltr'>δέ</span> <span class='ocrx_word' id='word_1_957' title='bbox 2975 5338 3081 5389; x_wconf 88' lang='grc' dir='ltr'>τῶν</span> <span class='ocrx_word' id='word_1_958' title='bbox 3115 5334 3402 5388; x_wconf 75' lang='grc' dir='ltr'>Ἰουδαίωνο</span> 
     </span>
    </p>
   </div>
   <div class='ocr_carea' id='block_1_128' title="bbox 1861 5416 3408 5490">
    <p class='ocr_par' dir='ltr' id='par_1_128' title="bbox 1861 5416 3408 5490">
     <span class='ocr_line' id='line_1_128' title="bbox 1861 5416 3408 5490; baseline -0.014 -3"><span class='ocrx_word' id='word_1_959' title='bbox 1861 5416 2170 5486; x_wconf 80' lang='grc' dir='ltr'>ἐϐασίλευσε</span> <span class='ocrx_word' id='word_1_960' title='bbox 2190 5429 2243 5480; x_wconf 77' lang='grc' dir='ltr'>δὲ</span> <span class='ocrx_word' id='word_1_961' title='bbox 2267 5426 2358 5478; x_wconf 74' lang='grc' dir='ltr'>δύο</span> <span class='ocrx_word' id='word_1_962' title='bbox 2386 5425 2476 5476; x_wconf 76' lang='grc' dir='ltr'>καὶ</span> <span class='ocrx_word' id='word_1_963' title='bbox 2499 5424 2829 5490; x_wconf 85' lang='grc' dir='ltr'>πεντήκοντα</span> <span class='ocrx_word' id='word_1_964' title='bbox 2856 5420 2948 5488; x_wconf 80' lang='grc' dir='ltr'>ἐτη</span> <span class='ocrx_word' id='word_1_965' title='bbox 2967 5435 2978 5447; x_wconf 80' lang='lat'><strong><em>°</em></strong></span> <span class='ocrx_word' id='word_1_966' title='bbox 3016 5419 3106 5471; x_wconf 75' lang='grc' dir='ltr'>καὶ</span> <span class='ocrx_word' id='word_1_967' title='bbox 3131 5419 3194 5470; x_wconf 75' lang='grc' dir='ltr'>τὰ</span> <span class='ocrx_word' id='word_1_968' title='bbox 3222 5416 3408 5485; x_wconf 84' lang='grc' dir='ltr'>πρῶτα</span> 
     </span>
    </p>
   </div>
   <div class='ocr_carea' id='block_1_129' title="bbox 1931 5606 3228 5673">
    <p class='ocr_par' dir='ltr' id='par_1_129' title="bbox 1931 5606 3228 5673">
     <span class='ocr_line' id='line_1_129' title="bbox 1931 5606 3228 5673; baseline -0.014 -4"><span class='ocrx_word' id='word_1_969' title='bbox 1931 5622 1957 5662; x_wconf 84' lang='lat' dir='ltr'><strong>d</strong></span> <span class='ocrx_word' id='word_1_970' title='bbox 1979 5623 2114 5671; x_wconf 87' lang='lat' dir='ltr'>Unus</span> <span class='ocrx_word' id='word_1_971' title='bbox 2134 5618 2203 5665; x_wconf 80' lang='lat' dir='ltr'>sic</span> <span class='ocrx_word' id='word_1_972' title='bbox 2241 5614 2432 5673; x_wconf 71' lang='lat' dir='ltr'>incipit,</span> <span class='ocrx_word' id='word_1_973' title='bbox 2457 5608 2720 5673; x_wconf 80' lang='grc' dir='ltr'>Εὐλογητὸς</span> <span class='ocrx_word' id='word_1_974' title='bbox 2739 5610 2765 5655; x_wconf 84' lang='grc' dir='ltr'><strong>ὁ</strong></span> <span class='ocrx_word' id='word_1_975' title='bbox 2788 5608 2920 5673; x_wconf 79' lang='grc' dir='ltr'>Θεὸς,</span> <span class='ocrx_word' id='word_1_976' title='bbox 2946 5608 3016 5655; x_wconf 82' lang='grc' dir='ltr'>ὅτι</span> <span class='ocrx_word' id='word_1_977' title='bbox 3040 5606 3112 5673; x_wconf 81' lang='grc' dir='ltr'>ἐπὶ</span> <span class='ocrx_word' id='word_1_978' title='bbox 3132 5609 3228 5673; x_wconf 67' lang='grc' dir='ltr'>τῆς.</span> 
     </span>
    </p>
   </div>
   <div class='ocr_carea' id='block_1_130' title="bbox 1931 5665 3413 5734">
    <p class='ocr_par' dir='ltr' id='par_1_130' title="bbox 1931 5665 3413 5734">
     <span class='ocr_line' id='line_1_130' title="bbox 1931 5665 3413 5734; baseline -0.007 -12"><span class='ocrx_word' id='word_1_979' title='bbox 1931 5697 1952 5722; x_wconf 87' lang='lat' dir='ltr'><strong>o</strong></span> <span class='ocrx_word' id='word_1_980' title='bbox 1979 5665 2136 5730; x_wconf 64' lang='grc' dir='ltr'>ᾗίἷὶη</span> <span class='ocrx_word' id='word_1_981' title='bbox 2162 5665 2478 5734; x_wconf 43' lang='lat' dir='ltr'>aliquot-mss.</span> <span class='ocrx_word' id='word_1_982' title='bbox 2520 5665 2785 5734; x_wconf 74' lang='grc' dir='ltr'>ἀνθρῴπους</span> <span class='ocrx_word' id='word_1_983' title='bbox 2811 5669 2969 5726; x_wconf 68' lang='lat' dir='ltr'>deest,</span> <span class='ocrx_word' id='word_1_984' title='bbox 3015 5673 3066 5714; x_wconf 82' lang='lat' dir='ltr'>el</span> <span class='ocrx_word' id='word_1_985' title='bbox 3088 5665 3207 5713; x_wconf 80' lang='lat' dir='ltr'><strong>infra</strong></span> <span class='ocrx_word' id='word_1_986' title='bbox 3234 5665 3413 5726; x_wconf 73' lang='lat' dir='ltr'>legitur</span> 
     </span>
    </p>
   </div>
   <div class='ocr_carea' id='block_1_131' title="bbox 1867 5731 2814 5797">
    <p class='ocr_par' dir='ltr' id='par_1_131' title="bbox 1867 5731 2814 5797">
     <span class='ocr_line' id='line_1_131' title="bbox 1867 5731 2814 5797; baseline -0.021 -3"><span class='ocrx_word' id='word_1_987' title='bbox 1867 5743 2074 5797; x_wconf 63' lang='grc' dir='ltr'>ἀρδεῦον,</span> <span class='ocrx_word' id='word_1_988' title='bbox 2101 5742 2184 5785; x_wconf 70' lang='grc' dir='ltr'>δρα</span> <span class='ocrx_word' id='word_1_989' title='bbox 2207 5731 2342 5796; x_wconf 47' lang='lat' dir='ltr'>agam</span> <span class='ocrx_word' id='word_1_990' title='bbox 2366 5735 2512 5780; x_wconf 75' lang='lat' dir='ltr'>etiam</span> <span class='ocrx_word' id='word_1_991' title='bbox 2535 5739 2612 5797; x_wconf 60' lang='lat' dir='ltr'>95L</span> <span class='ocrx_word' id='word_1_992' title='bbox 2637 5731 2682 5777; x_wconf 82' lang='lat' dir='ltr'><strong>in</strong></span> <span class='ocrx_word' id='word_1_993' title='bbox 2711 5743 2814 5797; x_wconf 54' lang='grc' dir='ltr'>ιιξυ.</span> 
     </span>
    </p>
   </div>
   <div class='ocr_carea' id='block_1_132' title="bbox 1902 5787 3351 5849">
    <p class='ocr_par' dir='ltr' id='par_1_132' title="bbox 1902 5787 3351 5849">
     <span class='ocr_line' id='line_1_132' title="bbox 1902 5787 3351 5849; baseline -0.007 -10"><span class='ocrx_word' id='word_1_994' title='bbox 1902 5787 2108 5849; x_wconf 52' lang='grc' dir='ltr'>ἽΪᾝύς</span> <span class='ocrx_word' id='word_1_995' title='bbox 2128 5787 2424 5847; x_wconf 72' lang='grc' dir='ltr'>παλαίοντας,</span> <span class='ocrx_word' id='word_1_996' title='bbox 2453 5793 2689 5840; x_wconf 78' lang='grc' dir='ltr'>νικῶντας.</span> <span class='ocrx_word' id='word_1_997' title='bbox 2720 5788 2821 5835; x_wconf 72' lang='lat' dir='ltr'>Mox</span> <span class='ocrx_word' id='word_1_998' title='bbox 2845 5787 2923 5849; x_wconf 57' lang='lat' dir='ltr'>alii</span> <span class='ocrx_word' id='word_1_999' title='bbox 2949 5798 3351 5849; x_wconf 73' lang='grc' dir='ltr'>στεφανουμένους.</span> 
     </span>
    </p>
   </div>
   <div class='ocr_carea' id='block_1_133' title="bbox 1945 5848 3018 5916">
    <p class='ocr_par' dir='ltr' id='par_1_133' title="bbox 1945 5848 3018 5916">
     <span class='ocr_line' id='line_1_133' title="bbox 1945 5848 3018 5916; baseline -0.015 -4"><span class='ocrx_word' id='word_1_1000' title='bbox 1945 5867 1965 5902; x_wconf 69' lang='grc' dir='ltr'>ε</span> <span class='ocrx_word' id='word_1_1001' title='bbox 1989 5848 2132 5912; x_wconf 48' lang='lat' dir='ltr'>Alius</span> <span class='ocrx_word' id='word_1_1002' title='bbox 2159 5860 2239 5912; x_wconf 78' lang='grc' dir='ltr'>τὴν</span> <span class='ocrx_word' id='word_1_1003' title='bbox 2264 5854 2537 5916; x_wconf 72' lang='grc' dir='ltr'>προθυμίαν,</span> <span class='ocrx_word' id='word_1_1004' title='bbox 2568 5858 2826 5909; x_wconf 78' lang='lat' dir='ltr'>utrumque</span> <span class='ocrx_word' id='word_1_1005' title='bbox 2871 5848 3018 5900; x_wconf 67' lang='lat' dir='ltr'>hunc,</span> 
     </span>
    </p>
   </div>
  </div>
