4056 6492
619 413 733 469 113

609 513 886 581 εὐδόκιμος
915 512 1010 575 ῶν,
1043 513 1262 584 ὕστερον
1287 516 1365 575 είς
1392 509 1662 584 ἁμαρτίαν
1685 525 1711 553 ι
1741 512 2024 565 κατέπεσε.
2046 508 2169 563 Μείο

610 593 736 656 ζονα
761 594 867 664 γὰρ
894 596 985 662 τῆς
1012 595 1212 656 οἰκείας
1243 597 1515 665 φρονήσας
1547 594 1722 660 ἀξίας,
1763 593 2068 662 ἐπεπήδησε
2099 594 2164 660 τῇ

609 678 705 744 τῆς
739 675 1030 745 ἱερωσύνης
1062 678 1223 746 ἀρχῇ.

682 757 940 809 Τοσοῦτόν
967 759 1082 808 ἐστι
1108 758 1328 810 ἀπόνοια
1353 758 1518 811 κακόν
1539 775 1552 788 ·
1577 759 1670 810 καὶ
1706 757 1812 825 γὰρ
1839 757 2024 808 ἐαυτόν
2049 772 2167 806 τινα

613 836 834 889 ικαστον
863 839 1068 904 ἀγνοεῖν
1101 839 1400 904 ἀναπείθει,
1432 841 1522 893 καὶ
1557 839 1693 908 μετά
1727 840 1951 899 πολλοὺς
1977 838 2168 897 πόνους

614 919 826 972 ἅπαντα
867 922 1006 970 κενοῖ
1046 920 1142 985 τῆς
1195 922 1393 990 ἀρετῆς
1427 922 1517 973 τὸν
1582 921 1868 991 θησαυρόν.
1928 920 2036 972 Καὶ
2103 918 2170 969 τά

619 1001 716 1068 μὲν
750 999 880 1052 ἄλλα
916 1001 1056 1052 κακά
1092 1000 1466 1070 ῥᾳθυμούντων
1495 1005 1648 1072 ήμῶν
1677 1001 2043 1072 περιγίνεσθαι
2077 999 2159 1051 πέι

617 1097 801 1147 φυκεν,
829 1080 963 1149 αῦτη
997 1083 1052 1133 δέ
1086 1082 1433 1150 κατορθοῦσιν
1478 1085 1606 1153 ήμῖν
1649 1083 1958 1152 ἐπιφύεται.
2008 1081 2170 1133 Οὐδὲν

617 1163 724 1232 7&9
773 1162 941 1224 οὕτως
992 1164 1241 1217 ἀπόνοιαν
1288 1165 1487 1217 τίκτειν
1551 1164 1774 1229 εῐωθεν,
1809 1163 1882 1226 ὡς
1938 1162 2172 1223 συνειδὸς

617 1243 835 1311 ἀγαθὸν,
877 1246 970 1296 ἐὰν
1012 1247 1084 1314 μη
1120 1246 1484 1314 προσέχωμεν.
1525 1247 1622 1299 Διά
1665 1246 1820 1298 τοῦτο
1855 1246 1948 1297 καὶ
1977 1245 2006 1293 6
2037 1245 2170 1312 Χρι-

621 1326 742 1387 στὸς
771 1326 940 1387 εἰδὼς,
967 1327 1047 1378 ὅτι
1085 1329 1221 1395 μετά
1262 1329 1327 1379 τά
1361 1328 1752 1398 κατορθώματα
1798 1326 2172 1394 ἐπεισέρχεται

617 1405 772 1458 τοῦτο
803 1408 861 1457 16
899 1407 1064 1469 πάθος
1115 1409 1262 1476 ήμῖν,
1301 1410 1410 1469 τοῖς
1455 1409 1717 1478 μαθηταῖς
1762 1407 1974 1473 ἔλεγεν
2001 1407 2175 1457 Ὅταν

620 1486 812 1540 πάντα
863 1487 1182 1554 ποιήσητε,
1241 1489 1475 1556 λέγετε,
1532 1490 1618 1542 ὅτι
1675 1488 1911 1556 Ἀχρεῒοι
1968 1485 2174 1538 δοῦλοί

620 1567 822 1634 ἐσμεν.
859 1569 1020 1621 Ὅταν
1053 1573 1157 1641 γὰρ
1194 1569 1361 1640 μέλλῃ
1399 1571 1688 1622 ἐπεισιέναι
1727 1569 1786 1622 τὸ
1813 1568 1996 1640 θηρίον
2024 1568 2170 1636 ὐμῖν,

622 1650 742 1702 τότε
775 1649 861 1702 διὰ
889 1652 997 1702 τῶν
1027 1653 1282 1720 ῥημάτων
1329 1651 1548 1714 τούτων,
1595 1652 1778 1717 φησὶν,
1811 1647 2120 1702 ἀποκλείετε
2146 1647 2173 1687 δ

621 1731 720 1792 τὰς
753 1731 918 1801 θύρας
956 1733 1120 1800 αὐτῷ.
1173 1731 1279 1783 Καὶ
1307 1733 1406 1784 οὐκ
1437 1727 1778 1791 εἷπεν.“οταν
1810 1731 1986 1783 πάντα
2018 1729 2175 1797 ποιή-

626 1827 778 1878 σητε,
811 1813 1011 1881 ἀχρεῖοί
1041 1815 1182 1876 ἐστε,
1209 1812 1320 1864 ἀλλ’
1358 1811 1539 1880 Ὑμεῖς
1564 1811 1785 1877 λέγετε,
1816 1811 1904 1863 ὅτι
1940 1809 2176 1877 Ἁχρεῖοί

623 1891 827 1960 ἐσμεν.
858 1894 1007 1954 Εἰπὲ,
1039 1893 1114 1962 μὴ
1145 1893 1401 1962 φοϐηθῇς,
1425 1894 1522 1945 οὐκ
1552 1893 1659 1945 ἀπὸ
1689 1893 1786 1961 τῆς
1816 1895 2047 1962 κρίσεως
2079 1889 2175 1958 τῆς

626 1975 727 2044 σῆς
755 1975 900 2044 φέρω
922 1974 1018 2044 τὴν
1045 1975 1222 2043 ψῆφον
1263 1975 1389 2042 ἐγώ.
1422 1975 1517 2026 Ἂν
1546 1974 1652 2043 γάρ
1693 1975 1756 2026 σὺ
1793 1973 1983 2026 σαυτὸν
2015 1973 2176 2040 εἴπης

627 2056 861 2127 ἀχρεῖον,
904 2055 1012 2124 ἐγώ
1057 2073 1114 2108 σε
1159 2056 1234 2118 ῶς
1264 2057 1532 2125 χρήσιμον
1586 2054 1852 2122 στεφανῶ.
1899 2053 2053 2106 υῦτω
2087 2053 2178 2105 καὶ⁸

628 2137 856 2207 ἀλλαχοῦ
887 2155 1045 2208 φησι,
1088 2137 1232 2206 Λέγε
1264 2138 1342 2190 σὺ
1370 2136 1596 2204 πρῶτος
1625 2137 1728 2202 τὰς
1762 2137 2007 2204 ἀνομίας
2039 2151 2176 2200 σου,

627 2219 727 2271 ἵνα
757 2217 902 2289 ξιιδ]
933 2218 1264 2285 δικαιωθῇς.
1307 2220 1428 2270 Ἐπὶ
1461 2218 1560 2288 μὲν
1599 2217 1705 2288 γὰρ
1737 2217 1843 2270 τῶν
1874 2216 2066 2280 ἔξωθεν
2102 2215 2178 2267 δι-

629 2301 933 2370 καστηρίων
961 2300 1094 2368 μετὰ
1123 2300 1217 2370 τὴν
1246 2301 1572 2368 κατηγορίαν
1601 2301 1693 2351 καὶ
1724 2299 2042 2368 ὁμολογίανο
2074 2296 2179 2348 τῶν

631 2382 1031 2452 ἁμαρτημάτων
1059 2382 1309 2442 θάνατος·
1340 2384 1429 2433 ἐπί
1458 2380 1515 2432 δέ
1546 2380 1637 2432 τοῦ
1668 2380 1808 2432 θείου
1837 2378 2179 2447 δικαστηρίου

633 2464 771 2534 μετά
801 2464 901 2534 τήν
934 2464 1260 2533 κατηγορίαν
1311 2463 1586 2530 στέφανος.
1620 2463 1708 2514 Διὸ
1745 2462 1837 2513 καὶ
1876 2461 1904 2511 6
1935 2459 2181 2528 Σολομῶν

630 2546 780 2612 ἔλεγε
800 2561 815 2575 ο
843 2544 936 2611 Μὴ
963 2545 1191 2596 δικαίου
1217 2545 1475 2597 σεαυτὸν
1501 2542 1752 2595 ἐνώπιον
1779 2543 2016 2608 Κυρίου.
2045 2540 2180 2592 Ἀλλ’

630 2626 838 2687 οὐδενὸς
898 2624 1098 2678 τούτων
1131 2626 1354 2694 ἤκουσεν
1392 2627 1420 2676 6
1469 2622 1667 2687 ’(ὶζίας,
1715 2622 1825 2674 ἀλλ’
1871 2621 2182 2690 ἐπεισῆλθεν

630 2709 710 2769 είς
744 2707 831 2758 τὸν
862 2709 1010 2770 ναὸν,
1041 2707 1132 2759 καὶ
1179 2706 1374 2776 θυμιᾷν
1419 2705 1686 2768 ἐϐούλετο,
1729 2707 1820 2757 καὶ
1873 2705 1962 2757 τοῦ
2001 2705 2183 2774 ἱερέως

632 2790 922 2853 κωλύοντος
951 2791 1048 2841 οὐκ
1091 2790 1349 2859 ἠνείχετο.
1396 2789 1437 2838 Τ
1443 2788 1458 2838 ί
1489 2784 1578 2841 οῦν
1611 2789 1637 2836 6
1673 2787 1836 2850 Θεός;
1877 2787 2184 2854 Ἐπαφῆκεν

633 2871 782 2940 αὐτῷ
832 2872 1033 2940 λέπραν
1082 2871 1218 2924 κατὰ
1250 2870 1340 2921 τοῦ
1381 2870 1648 2940 μετώπου,
1694 2869 1791 2938 τὴν
1837 2868 2186 2936 ἀναίσχυντον

635 2953 873 3016 κολάζων
902 2952 1041 3020 ὄψιν,
1078 2951 1168 3003 καὶ
1207 2951 1470 3002 παιδεύων
1503 2949 1680 3013 αὐτὸν,
1708 2949 1788 3002 ὃτι
1820 2947 1960 3000 θεῖόν
1989 2951 2101 2999 ἐστι
2127 2947 2187 3000 16

634 3034 996 3103 δικαστήριον,
1036 3032 1128 3085 καὶ
1157 3032 1216 3082 οὐ
1248 3031 1381 3100 πρὸς
1422 3030 1735 3101 ἀνθρώπους
1765 3031 1793 3082 6
1826 3029 2054 3099 πόλεμος
2097 3025 2182 3100 ἦν.

637 3117 744 3168 Καὶ
788 3117 856 3167 τὰ
903 3114 1000 3184 μὲν
1052 3113 1191 3166 κατὰ
1235 3113 1324 3165 τὸν
1363 3113 1540 3176 ὐζίαν
1589 3110 1779 3168 ταῦτα.
1808 3111 1940 3180 Φέρε
1982 3110 2046 3179 δὴ
2097 3111 2188 3162 καὶ⁵

637 3197 838 3250 ἀνωθεν
858 3196 952 3267 τὴν
977 3197 1208 3266 ίστορίαν
1231 3195 1392 3265 αὐτὴν
1441 3195 1645 3247 ἐπέλθω
1654 3211 1769 3264 μεν.
1788 3194 1884 3246 Διά
1905 3192 2011 3262 γάρ
2036 3192 2188 3246 τοῦτο

638 3286 731 3337 καὶ
766 3284 924 3344 αὐτὸς
961 3281 1240 3351 προλαϐὼν
1269 3282 1325 3332 ὲν
1355 3281 1544 3350 βραχεῖ
1574 3280 1914 3350 διηγησάμην
1948 3279 2076 3347 ύμῖν
2121 3278 2190 3330 τὰ

641 3363 1015 3432 συμϐεϐηκότα
1049 3363 1219 3413 πάντα
1239 3401 1254 3424 ,
1299 3363 1361 3413 ἵν’
1391 3362 1515 3410 ὅταν
1565 3361 1794 3432 ἀκούητε
1842 3361 1939 3429 τῆς
1972 3359 2190 3429 Γραφῆς

639 3431 808 3495 ταῦτα
843 3442 1314 3511 ἀπαγγελλούσης,
1360 3431 1797 3510 παρακολουθῆτε
1850 3441 1986 3510 μετά
2034 3442 2190 3509 ἀκρι-

643 3524 790 3586 ϐείας
822 3524 1017 3586 αὐτοῖς.
1052 3523 1206 3575 Ἀλλά
1237 3523 1544 3591 προσέχετε.
1574 3522 1679 3575 Καὶ
1708 3521 1976 3588 ἐποίησε,
2009 3523 2190 3588 φησὶν,

655 3605 832 3670 Ὀζῖας
871 3607 937 3658 τὸ
984 3605 1151 3668 εὐθὲς
1179 3605 1430 3657 ἐνώπιον
1469 3603 1708 3670 Κυρίου.
1744 3602 1998 3670 Μεγάλην
2029 3600 2192 3655 αὐτοῦ

645 3685 733 3739 διὰ
770 3686 970 3738 τούτων
1000 3685 1373 3755 ἐμαρτύρησεν
1421 3686 1638 3758 ἀρετήν.
1668 3687 1741 3735 υύ
1785 3685 1890 3754 γὰρ
1936 3682 1996 3734 τὸ
2042 3682 2194 3741 εὐθὲς

646 3766 815 3819 ἐποίει
843 3767 1021 3836 μόνον,
1047 3767 1180 3819 ἀλλά
1207 3767 1297 3818 καὶ
1323 3767 1547 3818 ἐνώπιον
1582 3766 1806 3838 Κυρίου,
1834 3765 1892 3816 οὐ
1922 3764 2056 3834 πρὸς
2081 3764 2196 3818 ἐπί-

644 3849 809 3914 δειξιν
836 3850 1151 3920 ἀνθρώπων,
1184 3850 1427 3921 καθάπερ
1454 3852 1647 3902 ἐκεῖνοι
1678 3850 1724 3900 οί
1753 3847 1901 3916 παρὰ
1930 3851 2037 3909 τοῖς
2070 3849 2196 3900 ἰου-

646 3931 822 3994 δαίοις
851 3933 953 4002 πρὸ
981 3932 1078 4002 τῆς
1121 3931 1481 4002 ἐλεημοσύνης
1520 3930 1883 3991 σαλπίζοντες,
1913 3929 1961 3980 οί
1993 3930 2048 3979 ἐν
2082 3930 2196 3988 ταῖς

647 4015 920 4082 νηστείαις
949 4013 1018 4065 τά
1047 4013 1312 4084 πρόσωπα
1339 4011 1706 4082 ἀφανίζοντες,
1737 4011 1785 4061 οί
1817 4010 1912 4070 τὰς
1944 4008 2104 4080 εὐχὰς
2142 4009 2198 4057 ἐν

647 4099 765 4158 ταῐς
785 4096 1037 4166 ἀμφόδοις
1062 4095 1210 4148 ποιού
1220 4107 1385 4164 μενοι⁶
1400 4089 1472 4147 ῶν
1484 4093 1534 4146 τί
1557 4094 1750 4161 γένοιτ’
1769 4091 1831 4145 ἂν
1856 4091 2194 4160 ἀθλιώτερον,

647 4177 774 4231 ὅταν
805 4179 930 4239 τούς
973 4178 1068 4247 μὲν
1115 4177 1306 4238 πόνους
1344 4175 1684 4245 ὑπομένωσι,
1724 4175 1823 4243 τῆς
1865 4172 1922 4224 δὲ
1966 4171 2198 4243 ἀμοιϐῆς

649 4259 1050 4330 ἀποστερῶνται
1077 4259 1324 4326 ἀπάσης;

721 4341 788 4412 β’.
807 4342 1076 4403 Τίποιεῖς,
1094 4339 1343 4411 ἄνθρωπε
1362 4337 1563 4408 ;Ιέτέρῳ
1585 4335 1793 4406 μέλλεις
1817 4334 2039 4396 εὐθύνας
2067 4335 2201 4386 διδό-

650 4440 739 4478 ναι
760 4421 866 4477 τῶν
911 4422 1331 4492 πεπραγμένων,
1363 4421 1455 4473 καὶ
1501 4419 1686 4488 ἓτερον
1732 4417 1978 4487 μάρτυρα
2021 4415 2202 4477 καλεῖς

649 4503 760 4557 τῶν
802 4504 1126 4574 γινομένων;
1172 4503 1355 4572 ἓτερον
1400 4503 1538 4569 ἐχεις
1582 4499 1858 4569 δικαστὴν,
1889 4498 1982 4550 καὶ
2019 4497 2204 4566 ἓτερον

653 4585 889 4648 καθίζεις
917 4585 1138 4653 θεατήν;
1165 4583 1274 4653 Οὐχ
1310 4583 1438 4652 ὁρᾷς
1463 4583 1587 4642 τούς
1617 4581 1880 4651 ἡνιόχους,
1904 4579 1952 4631 οἳ
1981 4577 2078 4647 τῆς
2109 4577 2206 4629 πό·

653 4670 786 4730 λεως
831 4668 1044 4735 ἀπάσης
1084 4668 1193 4720 ἄνω
1240 4664 1550 4733 καθημένης
1599 4665 1654 4716 ἐν
1698 4665 1817 4723 ταῖς
1866 4661 1973 4712 τῶν
2028 4661 2204 4712 ῖππων

654 4749 921 4820 ἁμίλλαις,
949 4749 1093 4800 άπαν
1119 4747 1207 4800 τοῦ
1238 4745 1450 4799 σταδίου
1479 4745 1908 4814 παρατρέχοντες
1934 4743 1992 4794 τὸ
2021 4743 2202 4812 μέρος,

656 4832 771 4884 ἐκεῖ
799 4830 1146 4899 φιλονεικοῦσι
1178 4830 1246 4882 τά
1273 4829 1395 4880 τῶν·
1414 4826 1716 4879 ἀντιπάλων
1738 4822 1765 4860 ἀ
1795 4827 2012 4895 ἅρματα
2043 4839 2205 4875 κατα-

658 4913 925 4981 στρέφειν,
957 4911 1080 4964 ἐνθα
1109 4911 1172 4962 ἂν
1199 4910 1346 4961 ἴδωσι
1378 4908 1466 4958 τὸν
1495 4907 1713 4976 βασιλέα
1761 4907 2080 4973 καθήμενον,
2113 4903 2205 4954 καὶ

657 4993 915 5045 τοσούτων
938 4992 1107 5062 ὄψεων
1129 4992 1222 5044 ἕνα
1242 4989 1542 5060 νομίζουσιν
1567 4988 1994 5056 ἀξιοπιστότερον
2019 4984 2206 5053 ὀφθαλ-

723 5173 747 5232 f
768 5172 980 5232 Quatuor
1002 5184 1112 5219 mss.
1139 5169 1468 5230 εὐδοκιμήσας,
1491 5165 1683 5225 ὕστερον
1704 5167 1818 5227 πρὸς
1840 5166 2084 5226 ἁμαρτίαν.

718 5231 749 5272 δ
763 5231 894 5281 Unus
910 5232 1233 5279 ἀποκλείσατε.

724 5295 747 5326 ο
773 5292 850 5340 Sic
885 5299 988 5341 tres
1015 5305 1126 5338 mss.
1171 5297 1222 5336 et
1261 5290 1330 5336 sic
1349 5287 1470 5344 legit
1493 5287 1732 5336 Erasmus.
1773 5283 1826 5331 In
1865 5287 2008 5334 editis
2029 5287 2106 5332 καὶ
2127 5285 2210 5342 τήν

661 5354 909 5420 ὁμολογίαν
933 5355 1126 5420 deerat:
1151 5350 1325 5420 Verugn
1351 5348 1492 5407 paulo
1510 5355 1636 5420 pqsl,
1663 5344 1814 5420 ubiiiz!
1832 5348 2008 5420 graec
2031 5347 2212 5420 Ιιᾞὶιοι·

665 5406 781 5474 εἱετὰ
803 5406 885 5474 τὴν
907 5412 1184 5473 κατηγορίαν
1209 5406 1447 5474 στέφανος,
1475 5416 1520 5453 ΘΙ
1550 5409 1644 5474 d_uo
1664 5419 1774 5452 mss.
1787 5406 1977 5474 addunt
1997 5406 2110 5474 μετά
2129 5408 2212 5460 τήν

661 5465 940 5533 κατηγορίαν
977 5465 1096 5518 τῶν
1120 5465 1464 5533 ἁμαρτημάτων
1502 5468 1743 5533 στέφανος,
1787 5465 2011 5533 Erasmus
2055 5468 2213 5533 locpm

663 5525 879 5592 memini,
903 5540 956 5580 ut
981 5539 1112 5586 ante,
1137 5525 1331 5592 repetit,
1354 5527 1440 5583 sic,
1463 5531 1566 5585 post
1599 5525 1948 5592 'accusatp'onem
1968 5530 2012 5574 et
2029 5525 2214 5592 gonfes-

662 5587 842 5642 iionem
869 5599 1165 5652 peccalorum
1196 5587 1578 5652 ιιωυτμσονοιια,
1602 5598 1744 5645 quam
1788 5587 2212 5652 i‘merpretiqgém,

663 5656 774 5711 quia
795 5645 908 5700 niliil
936 5652 992 5698 ad
1037 5663 1230 5698 sensum
1257 5649 1436 5711 raddill
1460 5647 1740 5706 relinquere
1766 5645 1927 5693 visum
1945 5652 2038 5693 est.
2065 5645 2216 5694 Paulo

663 5708 764 5774 [λυκν
790 5717 814 5760 ό
839 5715 1052 5772 Σολομῶν
1087 5723 1173 5771 pro
1191 5711 1217 5758 6
1235 5708 1517 5770 Σεὶρακίδης.

781 5777 879 5819 TF-w
900 5764 1191 5832 ἀντιτέχνων,
1234 5764 1435 5815 sm'lres
1467 5778 1577 5832 mes.
1602 5764 1727 5832 [μίγα
1755 5765 2002 5832 iidem-16v
2022 5767 2114 5832 τῶν
2132 5767 2217 5832 ἀγ-

664 5835 810 5940 γέλων
850 5826 1082 5892 (inedia?
1109 5830 1230 5879 lnfra
1271 5839 1396 5878 unus
1459 5827 1539 5873 καὶ
1581 5826 1819 5875 τοσούτων
1866 5829 2018 5888 ὄψεων
2062 5829 2217 5876 οὐσῶν

691 5908 746 5938 να
764 5908 864 5940 νου..

691 5908 746 5938 να
764 5908 864 5953 νομ.

1283 398 1340 453 S.
1376 396 1654 453 JOANNIS
1686 392 2172 451 CHRYSOSTOMI
2210 391 2526 450 ABCIIIEP.
2567 392 3112 449 CONSTANTINOP.

2280 510 2409 576 μὸνς
2444 509 2514 561 Σὺ
2541 509 2598 560 δὲ
2634 508 2793 561 αὐτὸν
2839 510 2930 562 τὸν
2961 508 3069 570 τῶν
3113 508 3356 576 ἀγγέλων
3387 509 3562 563 αὐτῶν
3611 509 3838 578 βασιλέα

2273 602 2383 658 τοῖς
2413 601 2522 660 σοῖς
2545 598 2761 667 δρόμοις
2788 597 3223 664 ἀγωνοθετοῦντα
3253 598 3410 666 ὀρῶν,
3439 601 3645 652 ἐκεῖνον
3677 602 3836 668 ἀφεὶς

2273 680 2365 730 ἐπὶ
2399 678 2493 741 τὰς
2535 679 2642 730 τῶν
2672 679 2970 748 ὁμοδούλων
3004 679 3364 747 καταφεύγεις
3393 681 3574 748 δψεις;
3609 683 3710 735 Διά
3750 699 3835 735 τοι

2274 759 2429 812 τοῦτο
2465 760 2600 829 μετά
2631 761 2728 821 τὰς
2773 761 2970 829 μυρίας
3009 761 3184 822 πάλας
3223 762 3591 828 ἀστεφάνωτος
3622 764 3836 832 ἀναχω-

2277 843 2418 908 ρεῖς.
2457 841 2592 907 μετά
2637 841 2762 902 τοὺς
2807 841 3032 902 πολλοὺς
3087 840 3312 910 ἱδρῶτας
3351 842 3515 911 χωρὶς
3569 842 3836 913 βραϐείων

2276 921 2487 989 ἀπέρχῃ
2513 921 2645 989 πρδς
2669 921 2758 972 τὸν
2785 922 3148 992 ἀγωνοθέτηνς
3177 921 3311 973 Ἀλλ’
3330 923 3427 974 οὐκ
3462 921 3640 986 Ὀζίας
3663 923 3836 976 τοιοῦ-

2277 1017 2365 1062 τος
2391 997 2476 1068 ἦν,
2505 1001 2618 1079 ἀλλ’
2643 1001 2868 1054 ἐνώπιον
2898 1003 3102 1079 Κυρίου
3137 1003 3198 1055 16
3227 1003 3377 1066 εὐθές
3403 1004 3593 1058 ἐποίει.

2363 1083 2483 1144 Πῶς
2542 1077 2636 1134 οῦν
2694 1082 2833 1135 οὕτω
2899 1077 3034 1152 μετά
3093 1084 3374 1152 ἀκριϐείας
3425 1084 3838 1154 πολιτευόμενος

2280 1163 2633 1232 ὐπεσκελίσθη
2682 1165 2773 1215 καὶ⁵
2817 1164 3110 1230 κατέπεσε;
3159 1165 3325 1217 Τοῦτο
3355 1164 3461 1234 7&9
3505 1165 3658 1232 κάγὼ
3705 1167 3839 1219 θαυ-

2283 1243 2436 1313 μάξω
2466 1245 2558 1296 καὶ
2588 1244 2851 1313 διαπορῶ,
2885 1245 3081 1314 μᾶλλον
3110 1246 3165 1298 δέ
3196 1247 3293 1297 οὐκ
3321 1245 3384 1298 ἂν
3414 1248 3496 1316 εἴη
3535 1247 3691 1300 τοῦτο
3721 1249 3840 1300 δια-

2281 1327 2560 1393 πορήσεως
2611 1326 2787 1389 ἀξιον·
2835 1327 3117 1396 ἄνθρωπος
3167 1329 3273 1398 γάρ
3301 1325 3387 1398 ἦν,
3422 1333 3651 1399 πρᾶγμα
3701 1333 3839 1400 πρὸς

2279 1406 2549 1474 ἁμαρτίαν
2573 1407 2860 1472 εὐόλισθον,
2888 1409 2981 1461 καὶ
3008 1410 3142 1477 πρὸς
3169 1409 3363 1461 κακίαν
3384 1410 3697 1480 ὀξύρροπον.
3729 1414 3841 1463 Καὶ

2279 1486 2339 1537 οὐ
2373 1486 2528 1538 τοῦτο
2563 1488 2721 1556 μόνον
2766 1488 2882 1540 ἐστὶ
2910 1490 2971 1541 16
3020 1489 3269 1558 χαλεπὸν,
3318 1491 3430 1542 ἀλλ’
3472 1493 3552 1544 ὅτι
3598 1492 3688 1544 καὶ
3719 1492 3844 1544 ὁδὸν

2283 1566 2470 1637 στενὴν
2491 1568 2584 1620 καὶ
2605 1569 2962 1640 τεθλιμμένην
2985 1570 3186 1622 ὁδεύειν
3210 1572 3444 1640 ἐπετάγη
3455 1590 3549 1638 μεν
3573 1572 3675 1623 ὑπὸ
3703 1589 3842 1642 κρη-

2285 1649 2430 1719 μνῶν
2477 1650 2808 1719 ἐκατέρωθεν
2855 1652 3264 1721 ἀπειλημμένην
3295 1665 3339 1706 ο.
3370 1653 3524 1723 [114]
3551 1654 3716 1708 Ὅταν
3745 1651 3840 1707 οὖν

2283 1729 2378 1782 καὶ
2416 1732 2783 1799 προαιρέσεως
2813 1732 3025 1784 εὐκολία
3070 1735 3161 1784 καὶ
3209 1734 3324 1786 ὁδοῦ
3366 1735 3616 1788 δυσκολία
3649 1737 3836 1788 συνέλ-

2285 1811 2447 1863 θωσιν
2476 1812 2554 1873 είς
2581 1811 2792 1874 ταύτὸν,
2829 1811 2901 1880 μὴ
2933 1812 3173 1880 θαύμαζε
3208 1814 3388 1865 λοιπὸν
3427 1816 3564 1884 ὑπὲρ
3595 1816 3701 1872 τῶν
3732 1835 3839 1868 πα-

2286 1892 2678 1963 ραπτωμάτων.
2721 1892 2983 1962 Καθάπερ
3013 1897 3118 1962 7&9
3149 1897 3203 1945 ἐν
3235 1899 3342 1958 τοῖς
3372 1897 3611 1966 θεάτροις
3647 1899 3696 1951 οί
3741 1898 3838 1967 τὴν

2286 1977 2491 2043 σχοῖνον
2514 1973 2610 2043 τήν
2639 1973 2879 2026 κάτωθεν
2905 1975 3014 2034 ᾶνω
3042 1977 3335 2046 τεταμένην
3365 1977 3382 2014 ί
3416 1978 3719 2031 ἀναϐαίνειν
3747 1982 3840 2032 καὶ

2286 2056 2627 2110 καταϐαίνειν
2662 2055 2985 2126 μελετῶντες
3007 2098 3022 2121 ,
3074 2058 3138 2108 ἂν
3195 2059 3382 2126 μικρὸν
3417 2060 3836 2129 παραϐλέψωσι,

2286 2138 2728 2208 παρατραπέντες
2757 2139 3233 2208 κατενεχθήσονται
3267 2141 3342 2201 είς
3380 2141 3473 2210 τὴν
3509 2142 3837 2210 ὀρχήστραν,

2287 2220 2380 2273 καὶ
2396 2218 2736 2272 ἀπολοῦνται⁸
2751 2218 2892 2272 οῦτω
2908 2220 2998 2271 καὶ
3013 2221 3060 2271 οἱ
3083 2220 3176 2289 τὴν
3195 2220 3308 2272 όδδν
3323 2223 3523 2290 ταύτην
3545 2223 3838 2285 ὁδεύοντες,

2289 2301 2354 2354 ἀν
2390 2302 2580 2371 μικρὸν
2608 2302 2980 2372 ρᾳθυμήσωσι,
3009 2302 3549 2372 κατακρημνίζονται.
3585 2306 3692 2356 Καὶ
3732 2305 3840 2374 γὰρ

2289 2384 2499 2451 ἐκείνης
2523 2383 2619 2451 τῆς
2641 2385 2844 2451 σχοίνου
2867 2386 2898 2451 ή
2921 2384 3036 2443 ὁδὸς
3057 2383 3194 2451 αῦτη
3227 2385 3315 2436 καὶ
3337 2385 3615 2454 στενοτέρα
3640 2388 3843 2456 10:169-

2291 2465 2400 2526 θιος
2420 2464 2513 2516 καὶ
2535 2466 2835 2533 προσάντης
2853 2464 3050 2532 μᾶλλόν
3071 2467 3182 2516 ἐστι
3208 2466 3298 2518 καὶ
3313 2465 3610 2535 ὑψηλοτέρα
3628 2467 3807 2535 πολλῷ
3825 2483 3838 2494 °

2290 2545 2427 2614 πρὸς
2453 2545 2560 2614 7&9
2588 2545 2743 2597 αὐτὸν
2772 2547 2882 2598 ἀνω
2915 2545 3135 2614 τελευτᾷ
3161 2548 3183 2583 ε
3214 2546 3304 2596 16v
3333 2547 3574 2614 οὐρανὸν,
3602 2550 3693 2600 καὶ
3720 2549 3842 2601 τότε

2288 2629 2422 2696 ἡμῖν
2449 2626 2824 2696 σφαλερώτερα
2854 2626 3002 2678 ἔσται
3029 2627 3097 2678 τὰ
3123 2627 3445 2696 διαϐήματα,
3466 2629 3589 2680 ὅταν
3614 2629 3726 2680 ἀνω
3750 2631 3844 2681 καὶ

2292 2709 2426 2778 πρὸς
2453 2709 2589 2776 αὐτῇ
2619 2707 2899 2774 γενώμεθα
2923 2709 2989 2776 τῇ
3021 2711 3262 2776 κορυφῇ·
3295 2711 3402 2770 τοῖς
3435 2709 3539 2778 γὰρ
3563 2712 3646 2777 ἐφ’
3674 2709 3842 2777 ὕψοκ

2293 2790 2485 2840 ἑστῶσι
2523 2790 2682 2852 πολὺς
2709 2792 2735 2840 6
2765 2789 2979 2858 τρόμος,
3010 2790 3101 2841 καὶ
3131 2790 3227 2858 μία
3259 2791 3413 2859 μόνον
3443 2793 3708 2859 ἀσφάλεια
3740 2794 3846 2846 λεί-

2295 2888 2479 2933 πεται,
2524 2870 2584 2922 16
2627 2871 2698 2939 μὴ
2735 2869 3039 2937 κατακύψαι
3071 2872 3237 2933 κάτω,
3273 2871 3402 2940 μηδὲ
3447 2873 3524 2934 είς
3560 2873 3662 2940 γῆν
3695 2874 3843 2925 ίδεῐν.

2294 2955 2403 3007 Καὶ
2437 2953 2546 3022 7&9
2585 2953 2811 3022 χαλεπὸς
2842 2950 3085 3003 ἐντεῦθεν
3113 2954 3140 3003 6
3171 2954 3462 3016 σκοτόδινος
3489 2954 3711 3020 γίνεται.
3748 2957 3846 3008 Διά

2293 3051 2374 3088 τοι
2405 3034 2560 3086 τοῦτο
2605 3034 2838 3102 συνεχῶς
2873 3035 3004 3100 ήμῑν
3033 3034 3059 3084 6
3089 3034 3371 3105 Προφήτης
3400 3036 3588 3105 ἐπιϐοᾷ
3635 3037 3810 3104 λέγων
3829 3055 3842 3067 ·

2295 3120 2400 3181 Είς
2434 3115 2500 3168 τὸ
2533 3114 2704 3178 τέλος
2743 3113 2826 3180 μὴ
2872 3112 3246 3182 (Salyas/pac-
3300 3116 3639 3186 ρᾳθυμοῦσαν
3687 3119 3847 3186 ήμῶν

2295 3199 2390 3267 τὴν
2420 3197 2593 3266 ψυχὴν
2632 3195 2986 3259 ἀναστέλλων,
3015 3197 3107 3246 καὶ
3155 3197 3445 3264 μέλλουσαν
3487 3198 3846 3251 καταπίπτειν

2295 3278 2500 3346 ἀνέχων
2532 3278 2624 3330 καὶ
2654 3275 2974 3345 διακρατῶν.
3011 3277 3098 3329 Ἐν
3131 3279 3268 3346 ἀρχῇ
3303 3279 3397 3343 μὲν
3430 3279 3534 3349 γὰρ
3555 3280 3614 3330 οὐ
3647 3279 3847 3346 πολλῆς

2297 3358 2528 3427 δεόμεθα
2590 3359 2686 3426 τῆς
2734 3356 3142 3427 παρακλήσεως.
3185 3359 3248 3410 Τί
3298 3359 3527 3428 δήποτε;
3574 3359 3693 3410 Ὀτι
3743 3361 3850 3421 πᾶς

2299 3440 2392 3494 ἀνθ
2403 3456 2596 3508 ρωπος,
2624 3439 2723 3490 κᾶν
2750 3440 2998 3491 ἁπάντων
3023 3440 3349 3502 νωθέστατος
3371 3435 3425 3511 ᾖ,
3457 3439 3658 3509 μέλλων
3683 3442 3852 3493 ἀπτε-

2302 3521 2422 3573 σθαι
2461 3521 2805 3589 πράγματος,
2855 3520 3050 3590 πολλὴν
3079 3523 3136 3573 ἐν
3180 3523 3287 3580 τοῖς
3317 3520 3612 3589 προοιμίοις
3653 3521 3852 3572 ἐπιδεί-

2301 3617 2488 3653 κνυται
2527 3601 2622 3668 τὴν
2671 3600 2918 3670 σπουδὴν,
2953 3602 3047 3653 καὶ
3081 3602 3177 3670 τῆς
3225 3600 3524 3674 προθυμίας
3569 3601 3853 3670 ἀκμαζού-

2304 3699 2422 3751 σης,
2463 3682 2555 3736 καὶ
2597 3683 2694 3751 τῆς
2732 3683 3006 3752 δυνάμεως
3049 3686 3244 3754 νεαρᾶς
3283 3683 3444 3753 οὔσης
3491 3683 3602 3747 ἔτι,
3656 3684 3852 3753 ῥᾳδίως

2303 3763 2438 3830 πρὸς
2464 3763 2524 3816 16
2551 3764 2902 3832 προκείμενον
2928 3765 3192 3818 ἐπιϐαίνει
3213 3782 3224 3794 °
3253 3765 3376 3817 ὅταν
3405 3764 3459 3816 δὲ
3488 3766 3548 3817 16
3571 3764 3730 3816 πλέον
3754 3766 3854 3834 τῆς

2301 3845 2420 3897 ὁδοῦ
2469 3845 2830 3914 προέλθωμεν,
2883 3846 2974 3898 καὶ
3024 3845 3270 3916 μαρανθῇ
3314 3845 3381 3897 τὰ
3423 3846 3519 3914 τῆς
3551 3846 3856 3915 προθυμίας

2305 3929 2454 3996 ἡμῖν,
2485 3931 2550 3978 τὰ
2585 3927 2639 3978 δὲ
2673 3928 2768 3996 τῆς
2807 3928 3085 3998 δυνάμεως
3115 3928 3269 3996 ήμῶν
3301 3928 3456 3998 λήξῃ,
3492 3928 3770 3996 μέλλωμεν
3798 3930 3855 3982 δέ

2306 4007 2684 4070 καταπίπτειν,
2723 4009 2843 4059 τότε
2873 4010 2999 4078 ἡμῖν
3036 4011 3066 4062 6
3104 4011 3383 4080 προφήτης
3426 4011 3690 4081 εὐκαίρως
3721 4029 3858 4081 παρ-

2311 4090 2560 4154 ίσταται,
2622 4089 2864 4159 καθάπερ
2929 4090 3226 4162 βακτηρίαν
3273 4090 3390 4143 τινὰ
3442 4091 3502 4144 16
3545 4091 3861 4162 ἐπίφθεγμα

2306 4173 2462 4225 τοῦτο
2501 4168 2728 4242 ὀρέγων,
2770 4174 2864 4227 καὶ
2911 4173 3104 4243 λέγων,
3147 4178 3252 4242 Εἰς
3292 4175 3359 4230 τὸ
3400 4175 3574 4243 τέλος
3605 4177 3691 4252 μὴ
3730 4176 3856 4230 δια.-

2307 4255 2568 4328 φθείρῃς.

2378 4337 2493 4388 Καὶ
2521 4336 2628 4404 7&9
2655 4333 2683 4385 6
2711 4335 2949 4400 διάϐολος
2978 4337 3101 4390 τότε
3133 4338 3480 4409 σφοδρότερον
3507 4341 3629 4392 πνεῖ
3653 4337 3704 4395 ι.
3749 4341 3863 4396 Καὶ

2310 4416 2558 4485 καθάπερ
2603 4416 2651 4467 οἱ
2696 4416 2794 4483 τὴν
2845 4416 3110 4471 θάλατταν
3147 4419 3393 4482 πλέοντες
3438 4421 3718 4489 πειραταὶ,
3761 4422 3863 4492 οὐχ

2309 4499 2435 4552 ὅταν
2468 4496 2646 4548 ἴδωσιν
2679 4496 2885 4560 ἐξιόντα
2922 4497 3014 4550 τοῦ
3046 4499 3259 4568 λιμένος
3286 4500 3354 4551 τὰ
3392 4499 3564 4563 πλοῖα,
3599 4502 3715 4553 τότε
3745 4504 3864 4557 tm-

2311 4579 2564 4644 τίθενται,
2601 4577 2672 4646 (τί
2703 4577 2808 4648 γάρ
2839 4579 3018 4641 αὐτοῖς
3046 4579 3235 4647 δφελος
3283 4580 3433 4634 κενὸν
3477 4581 3770 4635 καταδῦσαι
3801 4583 3863 4636 16

2314 4661 2570 4729 σκάφοςς)
2599 4659 2709 4712 ἀλλ’
2731 4661 2856 4712 ὃταν
2884 4659 3075 4730 ἐπανίῃ
3101 4660 3279 4731 πλήρη
3315 4662 3404 4714 τὸν
3435 4663 3623 4732 φόρτον
3652 4662 3862 4733 ἔχοντα,

2312 4743 2432 4794 τότε
2475 4741 2652 4793 πᾶσαν
2705 4740 2908 4793 κινοῦσι
2943 4743 3189 4811 μηχανήν
3245 4741 3384 4795 οὕτω
3425 4742 3515 4794 καὶ
3559 4745 3586 4796 6
3632 4745 3866 4814 πονηρὸς

2313 4823 2514 4891 δαίμων
2548 4823 2768 4884 ἐκεῖνος,
2798 4822 2922 4874 ὅταν
2955 4822 3035 4891 ῐδῃ
3076 4823 3244 4874 πολλὰ
3284 4825 3671 4894 συναγηοχότας
3697 4822 3740 4887 ί,
3769 4842 3868 4895 νη-

2316 4905 2515 4967 στείαν,
2551 4902 2729 4970 εὐχὰς,
2763 4902 3150 4972 ἐλεημοσύνην,
3184 4905 3546 4975 σωφροσύνην,
3577 4905 3671 4974 τὴν
3703 4904 3868 4974 ἀλλην

2316 4986 2530 5038 ἃπασαν
2563 4983 2776 5054 ἀρετὴν,
2808 4984 2933 5035 ὅταν
2963 4983 3047 5054 ιδῃ
3077 4983 3243 5052 γέμον
3271 4985 3422 5054 ήμῶν
3451 4985 3510 5038 16
3548 4986 3727 5037 πλοῖον
3757 4983 3866 5036 τῶν

2317 5065 2618 5118 πολυτελῶν
2654 5069 2750 5134 τῆς
2786 5065 3061 5126 εὐσεϐείας
3111 5064 3290 5128 λίθων,
3336 5067 3456 5119 τότε
3507 5066 3868 5138 προσϐάλλει,

2318 5153 2580 5207 πάντοθεν
2629 5153 2917 5222 διορύττων
2967 5153 3055 5203 16v
3095 5153 3380 5225 θησαυρὸν,
3407 5155 3546 5208 ὥστε
3578 5156 3706 5225 παρ’
3734 5153 3872 5207 αὐτὰ

2317 5237 2409 5288 τοῦ
2435 5236 2645 5304 λιμένος
2678 5238 2744 5287 τὰ
2785 5236 3025 5302 στόματα
3059 5236 3352 5289 καταδῦσαι
3398 5237 3459 5290 16
3495 5239 3696 5306 σκάφος
3718 5274 3734 5300 ,
3780 5237 3872 5289 καὶ

2387 5406 2408 5432 θ
2437 5402 2662 5467 Erasmus
2686 5401 2860 5467 legisse.
2883 5399 3074 5467 videtur
3104 5402 3383 5460 ἑκατέρωθεν
3415 5398 3743 5467 agamnam»,
3763 5409 3875 5467 τίει--

2323 5465 2375 5510 ιὶι
2413 5465 2561 5517 enim,
2588 5458 2870 5523 ργαξεῲἐιὶἱε
2911 5458 3161 5516 minacem.
3205 5458 3382 5523 nempe
3412 5461 3554 5507 viam.
3590 5458 3689 5508 Sed
3712 5459 3876 5506 nullus

2321 5525 2473 5570 codex
2491 5526 2562 5570 sic
2587 5521 2747 5569 habet;

2388 5584 2405 5620 ί
2439 5583 2568 5630 Unus
2588 5581 2930 5640 ἐπιτεταμένην.

2389 5647 2411 5682 Β
2437 5644 2560 5690 Tres
2580 5655 2696 5689 mss.
2722 5636 2817 5687 ἀνω
2843 5643 3045 5689 τέταται.
3069 5641 3206 5690 Unus
3229 5640 3326 5686 ἄνω
3357 5640 3631 5687 τελειοῦται.
3654 5636 3877 5686 Erasmus

2325 5705 2518 5752 videtur
2539 5700 2716 5759 legisse
2738 5702 2942 5748 τέταται.
2969 5702 3067 5749 Sed
3081 5702 3157 5748 he
3176 5713 3344 5759 omnes
3368 5701 3606 5748 lectiones
3626 5702 3871 5759 quadram.

2329 5715 2518 5752 Videtur
2539 5715 2584 5750 le
2621 5715 2716 5748 Isse
2738 5717 2942 5748 τεταται.
2969 5715 3067 5749 δεο
3082 5715 3157 5748 ne
3176 5715 3344 5749 omnes
3368 5715 3432 5746 ιε(

2329 5766 2433 5813 Mox
2473 5763 2555 5810 alii
2585 5715 2958 5822 ἐπισφαλέστερα
2992 5762 3122 5808 ἐσται
3149 5763 3207 5808 τὰ
3231 5756 3432 5822 βήματα.

2389 5823 2415 5890 ιι
2450 5824 2581 5890 [inus
2602 5821 2910 5890 σφοδρότερον
2932 5822 3192 5890 ἐπέρχεται.

2400 5886 2413 5922 ί
2458 5884 2589 5931 [[ιιιε
2614 5877 2967 5940 συναγαγόντας.
2993 5877 3140 5930 SMN:
3164 5877 3532 5940 συνηγειοχότας.
