4144 6478
263 379 379 439 113

256 499 391 556 erat,
435 490 802 546 exstinxeris.
832 489 929 545 llic
953 492 1110 559 igitur
1136 486 1290 542 Ozias
1311 503 1340 541 c
1362 489 1503 556 sirpe
1524 484 1687 539 David
1711 484 1860 539 duxit

269 597 459 651 genus,
505 598 599 636 rex
637 592 818 635 autem
867 590 979 635 erat
1024 578 1371 640 Judarorum;
1423 577 1661 647 regnavit
1706 577 1859 629 annis

269 674 653 744 quinquaginta
679 672 885 725 duobus
911 689 924 723 ε
956 685 1182 739 eumque
1222 668 1372 723 initio
1403 682 1523 722 cum
1559 666 1713 721 laude
1740 681 1861 736 ges-

272 770 431 820 sisset
469 764 863 835 principatum,
906 771 1023 831 post
1058 762 1109 815 in
1151 768 1421 829 peccatum
1454 761 1725 829 prolapsus
1755 767 1853 812 est.

269 854 403 909 Cum
433 856 573 910 enim
606 854 822 908 altiores
853 854 1068 922 spiritus
1102 850 1407 905 sustulisset
1443 864 1602 919 quant
1648 864 1742 919 pro
1764 863 1857 903 sua

271 947 554 1017 dignitate,
579 947 935 1017 principatum
967 944 1160 997 invasit
1184 940 1487 996 sacerdotii.

346 1037 600 1106 Superbia
622 1053 757 1104 swpe
783 1052 845 1089 at:
862 1034 993 1088 bona
1012 1033 1312 1087 conscientia
1341 1033 1520 1085 oritur.
1541 1061 1612 1071 —
1630 1031 1857 1085 Tantum

265 1137 475 1191 malum
502 1139 583 1183 est
612 1128 934 1197 arrogantia,
964 1142 1084 1195 quae
1117 1124 1416 1194 persuadet,
1451 1124 1746 1191 utquisque
1768 1138 1855 1176 se-

266 1224 381 1268 met
404 1220 643 1289 ignoret,
684 1227 910 1288 postque
947 1217 1143 1271 multos
1171 1216 1380 1270 labores
1406 1229 1618 1269 omnem
1650 1216 1857 1269 virtutis

267 1314 588 1363 thesaurum
614 1308 871 1362 exhaurit.
922 1312 999 1361 Ac
1037 1316 1227 1361 czetera
1269 1306 1483 1375 quidem
1528 1305 1667 1359 mala
1706 1305 1858 1359 nobis

267 1397 603 1468 negligenter
632 1396 913 1468 agentibus
940 1396 1114 1451 solent
1152 1396 1443 1451 exuberare
1466 1436 1480 1461 ,
1522 1395 1636 1449 haec
1679 1404 1856 1449 autem

269 1489 404 1557 ipsis
444 1497 591 1543 recte
634 1487 787 1542 factis
813 1489 1007 1543 nostris
1035 1488 1358 1542 adnascitur.
1390 1487 1531 1542 Nihil
1566 1490 1711 1543 enim
1737 1502 1857 1556 per-

268 1580 397 1635 inde
422 1579 590 1651 gigttit
628 1578 932 1649 superbiam
961 1621 976 1647 ,
1006 1590 1063 1633 ut
1091 1578 1227 1634 bona
1254 1579 1601 1643 conscientia,
1630 1579 1730 1632 nisi
1757 1577 1854 1631 ad-

268 1672 574 1741 vigilemus.
625 1671 774 1727 Unde
798 1681 852 1726 et
875 1672 1118 1725 Christus
1146 1672 1345 1736 sciens,
1368 1670 1511 1740 quod
1532 1681 1651 1742 post
1688 1672 1854 1727 bene-

271 1764 409 1817 facta
458 1777 557 1817 nos
596 1762 682 1817 hic
728 1762 946 1817 morbus
986 1762 1295 1827 adoriatur,
1340 1763 1549 1818 dicebat
1584 1764 1857 1833 discipulis

268 1856 383 1909 suis
413 1872 425 1907 :
457 1854 584 1909 Cum
612 1856 779 1907 omnia
807 1855 1020 1926 feceritis
1039 1896 1052 1917 ,
1080 1855 1259 1919 dicite,
1289 1855 1433 1908 Serui
1459 1856 1660 1910 inutiles
1683 1873 1855 1909 sumus

270 1946 291 2014 (
320 1944 443 1998 Luc.
474 1946 562 1999 l7.
595 1945 720 2015 i0).
752 1946 884 1999 Cum
912 1946 1055 2000 enim
1088 1946 1200 2000 hsce
1228 1948 1383 1999 noxia
1414 1948 1578 2002 bestia
1608 1958 1755 2017 parat
1778 1949 1856 2002 itt-

271 2037 467 2091 vadere
496 2051 611 2103 vos,
642 2046 784 2103 tunc,
818 2038 1004 2107 inquit,
1035 2054 1129 2107 per
1160 2036 1274 2092 hzec
1303 2038 1461 2092 verba
1492 2038 1632 2094 fores
1661 2040 1735 2093 illi
1764 2055 1853 2094 oe-

269 2128 491 2183 cludite.
536 2128 717 2198 Neque
744 2130 876 2183 dixit
904 2147 918 2183 :
950 2129 1083 2183 Cum
1124 2129 1302 2183 omnia
1332 2130 1562 2185 feceritis
1585 2173 1600 2198 ,
1640 2132 1853 2187 inutiles

269 2222 401 2275 estis
426 2238 438 2273 :
460 2221 575 2284 sed,
600 2222 702 2275 Vos
723 2222 901 2287 dicite,
917 2222 1138 2279 inutiles
1162 2237 1367 2277 sumus.
1400 2224 1513 2287 Dic,
1538 2240 1605 2279 ne
1625 2234 1855 2290 metuas,

272 2326 379 2364 non
410 2327 475 2366 ex
521 2320 610 2364 tuo
656 2312 855 2379 judicio
900 2311 1012 2366 fero
1050 2313 1389 2368 sententiam.
1432 2312 1563 2368 Nam
1609 2316 1653 2368 si
1703 2324 1755 2367 tu
1807 2325 1856 2369 te

273 2407 446 2473 ipsum
470 2403 667 2458 dixeris
698 2404 957 2468 inutilem,
981 2420 1079 2474 ego
1112 2413 1160 2459 te
1184 2406 1433 2461 ututilem
1457 2407 1744 2461 coronaho.
1769 2408 1856 2462 Sic

271 2506 329 2549 et
353 2496 484 2548 alias
507 2494 737 2563 loquitur
767 2512 780 2547 :
812 2494 907 2548 Dic
934 2505 988 2548 tu
1009 2498 1145 2565 prior
1173 2507 1377 2566 peccata
1399 2508 1505 2560 tua,
1535 2508 1588 2550 ut
1607 2499 1858 2566 justi/ice-

272 2586 344 2637 ris
369 2585 533 2654 (lsai.
566 2586 651 2639 43.
685 2585 810 2655 26).
849 2587 906 2639 ln
946 2586 1229 2639 mundanis
1257 2587 1518 2655 siquidem
1544 2602 1608 2642 ac
1636 2589 1861 2641 forensi-

274 2678 375 2731 bus
394 2676 609 2745 judiciis
630 2688 748 2746 post
768 2680 1162 2732 accusationem
1188 2688 1242 2732 et
1267 2680 1545 2732 criminum
1570 2678 1859 2733 confessio-

272 2785 397 2824 nem
436 2779 603 2823 restat
642 2784 791 2823 mors
830 2788 842 2823 :
887 2780 1141 2824 caeterum
1175 2770 1312 2838 apud
1354 2770 1589 2825 divinum
1630 2770 1857 2825 tribunal

272 2872 393 2931 pust
420 2863 815 2916 accusationem
838 2871 891 2915 et
916 2863 1300 2917 confessionem
1330 2874 1665 2932 peccatorum
1705 2862 1861 2916 datur

271 2968 494 3007 corona.
532 2952 680 3007 Unde
709 2962 762 3005 et
793 2953 1042 3006 Salomon
1072 2953 1200 3006 dicit
1234 2951 1333 3023 (a)
1362 2967 1373 3006 ξ
1406 2950 1484 3005 Ne
1500 2953 1861 3022 justiﬁcaveris

272 3045 488 3113 teipsum
508 3045 560 3097 in
582 3055 849 3114 conspectu
877 3044 1078 3097 Domini
1106 3046 1123 3113 (
1146 3044 1299 3098 [αἷσι-ιί.
1327 3046 1379 3099 7.
1403 3042 1495 3116 5).
1522 3045 1712 3099 Verum
1734 3044 1858 3098 nihil

273 3134 469 3190 horum
500 3136 697 3189 audivit
724 3135 909 3201 Ozias,
939 3138 1030 3190 sed
1066 3136 1217 3189 irruit
1244 3138 1294 3189 in
1324 3138 1578 3205 templum
1602 3178 1614 3198 ,
1668 3145 1724 3189 ut
1767 3138 1857 3189 ad-

273 3227 480 3291 oleret,
518 3242 579 3280 ac
606 3242 672 3281 ne
699 3227 977 3281 sacerdote
1003 3228 1212 3295 quidem
1243 3227 1558 3297 prohibente
1588 3228 1859 3282 abstinuit.

274 3316 416 3387 Quid
447 3316 610 3386 igitur
632 3318 815 3372 Deus?
841 3316 1061 3372 Immisit
1091 3319 1164 3371 illi
1196 3319 1395 3388 lepram
1436 3319 1489 3373 in
1517 3319 1691 3375 fronte
1711 3360 1727 3385 ,
1758 3320 1859 3376 hoc

275 3408 438 3464 modo
467 3409 830 3479 impudentem
872 3409 1061 3465 faciem
1083 3412 1327 3480 puniens,
1362 3411 1665 3483 decensque
1690 3414 1863 3481 illum,

276 3500 418 3570 quod
444 3500 549 3555 hoc
568 3512 707 3557 esset
741 3502 833 3556 Dei
855 3503 1116 3569 tribunal,
1143 3514 1197 3559 et
1224 3505 1363 3574 quod
1397 3505 1471 3559 illi
1500 3506 1695 3562 bellum
1722 3518 1865 3563 esset

278 3608 385 3645 non
414 3594 674 3647 adversus
704 3591 983 3659 homines,
1021 3594 1113 3649 sed
1150 3595 1404 3650 adversus
1443 3597 1630 3651 Deum.
1676 3601 1753 3652 Ae
1797 3599 1864 3654 de

278 3683 404 3737 Ozia
429 3683 641 3751 quidem
666 3682 939 3738 hactenus.
963 3686 1201 3755 Agedum
1223 3686 1331 3756 jam
1372 3687 1439 3741 ab
1471 3688 1675 3758 integro
1698 3688 1864 3743 histo—

278 3776 411 3828 riam
440 3774 579 3829 hanc
608 3790 999 3844 percurramus.
1044 3776 1179 3831 Nam
1214 3778 1313 3833 hac
1350 3778 1419 3835 de
1457 3795 1616 3835 causa
1660 3790 1713 3834 et
1752 3781 1865 3848 ipse

281 3882 663 3936 praeoccupans
693 3868 1009 3937 compendio
1030 3868 1181 3923 vobis
1209 3871 1429 3939 exposui
1461 3888 1578 3942 qua:
1604 3871 1745 3928 Oziae
1771 3888 1865 3928 ac-

278 3958 531 4014 ciderunt
560 3958 737 4013 omnia
772 3976 787 4011 :
818 3968 876 4013 ut
916 3973 1036 4013 cum
1076 3960 1348 4016 audieritis
1386 3961 1711 4032 Scripturam
1754 3963 1869 4019 hmo

281 4048 468 4102 eadem
499 4060 839 4112 narrantem,
870 4066 1048 4104 rerum
1074 4052 1265 4106 seriem
1295 4067 1503 4109 summo
1548 4070 1668 4110 cum
1705 4056 1868 4111 animi

281 4142 458 4196 studio
484 4143 884 4197 consectemini.
921 4142 1025 4198 Sed
1061 4146 1341 4199 attendite.
1377 4146 1439 4201 Et
1479 4147 1626 4215 fecit,
1662 4150 1866 4215 inquit,

288 4234 441 4291 Ozias
466 4234 604 4304 quod
631 4245 819 4289 rectum
850 4248 920 4290 est
947 4237 997 4290 in
1029 4246 1295 4306 conspectu
1334 4238 1536 4291 Domini
1564 4239 1651 4308 (2.
1686 4239 1866 4294 l’aral.

285 4324 379 4379 26.
408 4326 501 4395 ι).
527 4325 640 4379 Hoc
661 4326 964 4379 testimonio
994 4342 1237 4396 magnam
1256 4328 1395 4382 illius
1420 4333 1664 4384 virtutem
1695 4330 1871 4385 decla-

292 4416 449 4469 raiit.
478 4414 593 4469 Non
621 4415 767 4470 enim
792 4416 948 4470 modo
978 4416 1102 4472 fecit
1130 4418 1271 4488 quod
1298 4428 1499 4474 rectum
1526 4430 1666 4487 erat,
1687 4438 1871 4477 verum

290 4506 452 4560 etiam
482 4505 607 4560 fecit
636 4506 685 4559 itt
714 4516 1003 4575 conspectu
1034 4509 1242 4563 Domini
1264 4550 1279 4575 ,
1326 4525 1430 4563 non
1454 4512 1592 4580 apud
1627 4511 1873 4569 homines

292 4608 352 4651 se
380 4605 660 4651 ostentans
680 4636 695 4659 ,
742 4597 1186 4665 quemadmodum
1212 4600 1351 4668 apud
1379 4600 1591 4657 Judmos
1614 4602 1873 4658 faciebant

293 4685 393 4749 illi,
423 4686 515 4754 qui
537 4696 661 4740 ante
689 4687 1084 4758 eleemosynam
1117 4689 1239 4743 tuba
1270 4692 1549 4756 canebant,
1581 4704 1635 4747 et
1665 4696 1713 4747 in
1734 4695 1873 4763 jeju-

294 4776 401 4829 niis
430 4774 591 4829 facies
626 4790 750 4828 suas
778 4779 1201 4833 exterminabant
1226 4821 1241 4845 ,
1287 4782 1375 4849 qui
1421 4785 1771 4849 precabantur
1820 4786 1872 4838 in

293 4866 581 4935 compitis;
616 4866 805 4933 quibus
844 4866 1002 4921 rebus
1047 4869 1173 4937 quid
1215 4879 1389 4938 potest
1426 4886 1545 4926 esse
1590 4873 1872 4941 miserius,

294 4956 387 5011 ubi
434 4963 556 5026 post
597 4956 851 5013 toleratos
894 4956 1139 5027 labores,
1195 4961 1337 5015 omni
1384 4964 1603 5032 praemio
1649 4962 1873 5021 frustra-

298 5050 536 5105 bantur?

364 5142 421 5196 2.
445 5141 581 5209 Quid
605 5141 751 5207 facis,
784 5142 975 5198 homo?
1000 5143 1087 5199 alii
1120 5146 1418 5201 redditurus
1440 5162 1500 5203 es
1520 5152 1776 5206 rationem
1803 5152 1880 5207 fa-

292 5244 505 5288 ctorum
556 5243 798 5299 tuorum,
828 5244 882 5287 et
910 5236 1073 5290 alium
1106 5247 1293 5293 testem
1347 5241 1483 5295 citas
1522 5260 1707 5298 eorum
1760 5264 1879 5315 qua:

291 5326 467 5381 facis?
489 5325 647 5379 alium
676 5324 841 5379 habes
866 5325 1120 5393 judieem,
1151 5338 1206 5383 et
1233 5332 1395 5384 alium
1422 5333 1643 5387 adhibes
1666 5348 1878 5403 specta-

291 5417 510 5470 torem“!
546 5414 661 5470 Non
701 5416 848 5469 vides
877 5418 1088 5486 aurigas
1134 5421 1225 5489 qui
1269 5422 1515 5476 universa
1562 5426 1776 5480 civitate
1826 5428 1877 5481 in

290 5509 509 5563 sublimi
559 5508 785 5567 sedente
816 5509 866 5561 in
918 5511 1255 5577 equestribus
1296 5513 1472 5580 ludis,
1515 5525 1680 5569 tetum
1725 5518 1879 5571 stadii

288 5600 525 5672 spatium
553 5607 937 5672 percurrentes
956 5639 971 5664 ,
1005 5600 1077 5655 ibi
1108 5604 1432 5659 contendunt
1456 5616 1880 5664 concertatorum

358 5739 429 5800 (a)
456 5739 559 5788 Non
586 5753 699 5789 raro
722 5738 1159 5807 Siracidisulibrum
1198 5743 1474 5793 Salomonis
1511 5745 1630 5794 dicit
1664 5744 1863 5807 Chryso-

289 5807 494 5860 stomus,
522 5807 578 5852 ut
600 5801 803 5851 monuit
828 5801 1058 5851 Savllius.

1270 372 1334 426 IN
1373 370 1596 435 ιιιυι),
1644 367 1774 423 VIDI
1815 369 2145 437 DOMINUM,
2186 372 2414 431 HOMEL.
2455 376 2542 433 Ill.

3432 400 3541 458 114

1966 501 2155 541 currus
2201 489 2530 555 subvertere,
2562 491 2648 545 ubi
2681 491 3056 561 Imperatorem
3094 494 3325 549 viderint
3350 495 3545 551 seden-

1968 586 2074 632 tem
2100 618 2121 641 ,
2150 587 2204 633 et
2233 580 2371 633 inter
2416 589 2492 635 tot
2536 583 2886 652 spectantium
2925 584 3101 638 vultus
3149 600 3309 639 unum
3340 584 3551 639 oculum

1965 682 2152 741 putant
2178 673 2281 728 fide
2301 673 2619 743 digniorem?
2640 676 2710 729 At
2735 684 2789 729 tu
2813 690 2934 731 eum
2962 675 3144 732 videas
3190 677 3363 747 ipsum
3392 691 3548 745 angea

1963 762 2134 817 lorum
2164 764 2361 833 Regem
2389 774 2476 819 tuo
2500 766 2675 820 cursui
2702 765 3079 836 agonothetam
3100 807 3115 830 ,
3145 772 3245 821 hoc
3266 775 3350 821 est
3371 775 3552 821 certa-

1964 855 2124 909 minis
2144 854 2409 925 judicem,
2441 855 2725 925 praesidere
2752 895 2771 921 ,
2801 871 2867 911 eo
2894 858 3259 927 praetermisso
3312 853 3378 908 ad
3412 870 3546 910 eon-

1963 959 2237 1000 servorum
2288 944 2424 1015 fugis
2451 945 2674 999 oculos?
2701 946 2874 1015 Atque
2913 945 3036 1001 ideo
3076 960 3206 1000 sane
3244 955 3367 1015 post
3390 945 3552 999 innu-

1962 1049 2138 1089 meras
2177 1035 2345 1089 luctas
2392 1035 2734 1090 incoronatus
2762 1034 2997 1099 recedis,
3022 1043 3144 1103 post
3170 1035 3394 1090 sudores
3423 1034 3543 1104 plu-

1961 1126 2126 1181 rimos
2154 1126 2353 1195 absque
2383 1126 2615 1195 praemiis
2635 1126 2783 1181 venis
2807 1126 2874 1180 ad
2902 1125 3283 1196 agonothetam
3300 1126 3324 1179 ἲ
3343 1126 3414 1180 Δι
3438 1141 3547 1179 non

1964 1216 2085 1270 talis
2125 1226 2239 1269 erat
2289 1216 2477 1279 Ozias,
2520 1216 2613 1270 sed
2660 1215 2713 1270 in
2741 1226 3027 1287 conspectu
3059 1216 3267 1271 Domini
3319 1214 3552 1271 faciebat

1961 1307 2102 1378 quod
2136 1317 2337 1361 rectum
2365 1318 2467 1361 est.

2034 1396 2309 1468 Fragilitas
2360 1398 2598 1451 hominis.
2656 1396 2967 1451 Funambuli
3020 1405 3245 1469 tempore
3315 1397 3545 1470 Chryso-

1960 1488 2127 1543 stomi.
2157 1487 2346 1553 —Qui
2378 1486 2575 1541 factum
2616 1498 2698 1542 est
2746 1488 2923 1558 igitur,
2957 1495 3016 1541 ut
3070 1496 3191 1557 post
3231 1488 3396 1544 vitam
3440 1498 3549 1544 tam

1960 1580 2251 1649 perfectam
2302 1579 2671 1649 supplantatus
2713 1580 2782 1633 sit
2826 1576 3419 1649 concideritque'tNam
3445 1578 3549 1633 hoc

1960 1682 2013 1727 et
2057 1673 2167 1741 ipse
2197 1671 2461 1726 demiraus
2492 1672 2707 1737 hmsito,
2736 1672 2861 1741 quin
2908 1673 3085 1741 potius
3129 1671 3262 1726 nihil
3314 1671 3546 1729 hicesse

1960 1765 2118 1820 debet
2145 1765 2475 1819 haesitatione
2490 1764 2728 1833 dignum,
2755 1763 3189 1834 quandoquidem
3214 1762 3377 1819 homo
3404 1772 3543 1829 erat,

1962 1872 2047 1910 res
2072 1856 2136 1910 ad
2162 1857 2487 1925 peccandum
2534 1855 2768 1921 lubrica,
2791 1866 2845 1911 et
2878 1854 2945 1909 ad
2974 1856 3227 1909 malitiam
3255 1869 3543 1925 propensa.

1959 1948 2145 2019 Neque
2173 1948 2224 2003 id
2246 1950 2420 2003 sohnn
2450 1957 2531 2003 est
2554 1948 2772 2003 difficile
2791 1990 2805 2009 .
2828 1962 3014 2002 verum
3040 1947 3201 2001 etiam
3230 1946 3358 2001 illud
3401 1947 3543 2017 quod

1961 2041 2207 2097 incedere
2223 2041 2357 2110 jussi
2387 2054 2571 2095 sumus
2594 2055 2688 2109 per
2704 2040 2843 2093 viam
2871 2051 3172 2108 angustam,
3207 2047 3262 2093 et
3288 2037 3541 2107 utrinque

1959 2131 2267 2201 przecipitiis
2293 2130 2647 2185 terminatam.
2681 2128 2914 2183 Proinde
2939 2128 3151 2198 quoties
3174 2136 3229 2184 et
3258 2127 3547 2184 voluntatis

1960 2223 2184 2278 facilitas
2213 2232 2266 2278 et
2302 2222 2397 2276 vi.e
2442 2221 2727 2277 difficultas
2772 2223 2823 2274 in
2850 2236 3012 2275 unum
3035 2228 3266 2287 coeunt,
3298 2236 3367 2275 ne
3393 2229 3541 2290 post-

1960 2332 2022 2372 ea
2065 2321 2261 2371 mirare
2302 2316 2369 2370 de
2415 2315 2584 2385 lapsu.
2645 2315 3106 2383 Quemadmodum
3144 2316 3288 2369 enim
3328 2314 3384 2368 in
3426 2329 3546 2384 spe-

1961 2409 2182 2463 etsculis
2227 2408 2316 2475 qui
2368 2423 2460 2477 per
2503 2407 2682 2461 funem
2739 2406 2808 2460 ab
2856 2408 2961 2461 into
3014 2408 3065 2461 in
3105 2406 3279 2460 altum
3334 2414 3542 2459 tensum

1960 2499 2251 2554 ascendere
2275 2514 2337 2552 ac
2356 2498 2683 2553 descendere
2697 2498 3039 2561 meditantur,
3070 2498 3114 2552 si
3147 2496 3419 2566 paululum
3446 2497 3540 2551 de-

1961 2589 2202 2644 ﬂexeriut
2229 2589 2410 2643 oculos
2435 2629 2452 2654 ,
2481 2589 2690 2643 inverso
2732 2602 2959 2658 corpore
2997 2587 3308 2642 deferuntur
3358 2587 3412 2642 in
3449 2603 3545 2642 or-

1962 2684 2253 2745 chestram.
2285 2692 2609 2752 pereuntque
2641 2701 2655 2737 :
2684 2682 2866 2737 itidem
2898 2683 2987 2752 qui
3017 2697 3111 2751 per
3132 2682 3273 2737 hanc
3295 2681 3551 2736 incedunt

1962 2776 2103 2829 viam
2130 2816 2147 2840 ,
2178 2775 2221 2828 si
2252 2776 2339 2830 vel
2377 2776 2644 2846 paululum
2690 2776 2923 2843 segniter
2948 2774 3175 2844 egerint,
3207 2774 3548 2845 praecipitan-

1967 2875 2071 2921 tur.
2106 2867 2169 2920 Et
2209 2875 2383 2919 tamen
2408 2866 2521 2920 haec
2550 2866 2632 2918 via
2664 2874 2773 2919 tum
2801 2864 3076 2934 angustior
3102 2874 3205 2929 est,
3238 2873 3349 2918 tum
3378 2865 3547 2935 magis

1965 2955 2130 3010 ardua
2153 2998 2167 3018 ,
2199 2958 2470 3025 multoque
2497 2955 2780 3017 excelsior,
2804 2970 2961 3023 quam
3007 2954 3094 3008 illa
3125 2970 3221 3022 per
3250 2954 3461 3019 funem,
3494 2964 3551 3006 ut

1965 3063 2083 3117 qua:
2104 3063 2315 3100 sursum
2345 3047 2409 3100 ad
2443 3048 2609 3116 ipsum
2634 3061 2802 3114 usque
2826 3045 3014 3099 cmlnm
3045 3055 3295 3113 protensa
3322 3052 3405 3098 est
3436 3060 3449 3095 :
3482 3058 3547 3098 ac

1968 3150 2076 3193 tum
2127 3141 2278 3192 nobis
2324 3143 2524 3206 majore
2553 3152 2673 3191 cum
2706 3137 2943 3204 periculo
2986 3146 3259 3205 ponuntur
3282 3136 3503 3205 vestigia
3529 3175 3547 3201 ,

1965 3247 2088 3286 cum
2116 3231 2181 3284 ad
2205 3246 2469 3284 summum
2499 3238 2553 3284 et
2580 3229 2645 3283 ad
2678 3230 2848 3299 ipsum
2880 3244 3048 3299 usque
3074 3228 3343 3299 fastigium
3370 3243 3555 3284 acces-

1966 3323 2196 3377 serimus
2229 3339 2241 3374 :
2274 3336 2398 3375 nam
2424 3322 2480 3375 in
2505 3320 2717 3374 sublimi
2741 3328 2945 3374 stantes
2974 3320 3171 3374 multus
3190 3329 3418 3389 occupat
3446 3328 3554 3376 tre.

1966 3428 2111 3478 mor,
2134 3421 2296 3482 atque
2318 3426 2419 3465 una
2450 3418 2651 3465 tantum
2672 3410 2918 3466 cautione
2946 3411 3041 3464 tuti
3067 3419 3188 3465 sunt
3217 3424 3246 3462 a
3273 3410 3420 3479 lapsu
3441 3449 3458 3475 ,
3486 3426 3553 3465 ne

1968 3504 2217 3559 deorsum
2249 3504 2539 3573 aspiciant,
2568 3518 2703 3559 neve
2733 3504 2785 3557 in
2809 3512 3004 3558 terram
3040 3503 3323 3558 demittant
3344 3502 3550 3559 oculos.

1968 3597 2100 3652 Nam
2131 3596 2252 3651 inde
2295 3595 2455 3649 multa
2497 3606 2547 3649 et
2595 3595 2771 3664 gravis
2796 3595 3034 3650 exoritur
3073 3593 3408 3648 tenebricosa
3435 3608 3557 3647 ver-

1970 3688 2097 3754 tigo.
2132 3686 2279 3739 llauc
2297 3684 2513 3753 quidem
2536 3685 2606 3738 ob
2634 3699 2849 3739 causam
2881 3683 3139 3753 propheta
3166 3683 3319 3738 nobis
3343 3684 3556 3739 assidue

1971 3776 2259 3842 inclamat,
2287 3774 2511 3830 dicens:
2544 3774 2607 3828 In
2637 3776 2791 3842 finem
2829 3791 2892 3828 ne
2922 3791 3218 3843 corrumpas
3250 3773 3426 3844 (Psal.
3457 3774 3549 3829 56.

1972 3866 2033 3938 l)
2061 3886 2075 3921 :
2104 3867 2295 3921 anima:
2317 3876 2512 3921 nostrae
2536 3866 2837 3921 socordiam
2866 3865 3167 3931 retrahens,
3192 3866 3413 3935 jamque
3439 3866 3552 3920 eol-

1973 3960 2241 4029 lapsuram
2284 3958 2591 4014 sutIulciens
2620 3972 2683 4011 ac
2714 3958 2971 4012 retinens.
3006 3957 3160 4010 Initio
3185 3956 3400 4025 quidem
3447 3972 3555 4009 non

1972 4067 2193 4123 egemus
2244 4054 2409 4107 multa
2449 4051 2840 4106 exhortatione.
2891 4047 3034 4115 Quid
3070 4048 3144 4103 ita
3189 4048 3437 4102 tandem?
3478 4048 3560 4102 Eo

1973 4142 2115 4211 quod
2160 4140 2383 4211 quilibet
2406 4140 2586 4205 homo,
2608 4139 2818 4194 etiamsi
2860 4137 3019 4193 fuerit
3058 4138 3297 4192 omnium
3330 4138 3556 4207 pigerri-

1974 4247 2113 4295 mus,
2140 4244 2486 4301 aggressurus
2528 4229 2798 4300 negotium
2824 4270 2839 4293 ,
2872 4228 3154 4298 plurimam
3200 4230 3251 4282 in
3296 4230 3561 4298 principio

1976 4322 2193 4379 adhibet
2241 4321 2568 4391 diligentiam
2596 4362 2611 4387 ,
2640 4320 2875 4391 dumque
2904 4328 2959 4373 et
3000 4319 3165 4373 animi
3193 4320 3332 4388 viget
3360 4318 3559 4372 alacri.

1978 4423 2058 4469 tas
2078 4456 2092 4479 ,
2116 4423 2170 4469 et
2195 4414 2338 4469 vires
2386 4414 2600 4483 integra:
2627 4420 2751 4467 sunt
2795 4427 2858 4466 ac
2883 4419 3153 4469 recentes,
3186 4410 3338 4463 facile
3381 4408 3450 4463 ad
3504 4408 3559 4464 id

1978 4506 2121 4575 quod
2166 4507 2490 4576 propositum
2518 4514 2599 4559 est
2642 4502 2895 4572 pertingit
2923 4521 2938 4556 :
2968 4514 3221 4557 cteterunt
3255 4502 3346 4557 ubi
3386 4504 3560 4572 major

1980 4600 2078 4652 via:
2103 4614 2221 4667 pars
2248 4597 2400 4651 nobis
2439 4606 2647 4665 peracta
2675 4603 2758 4649 est
2780 4636 2796 4659 ,
2836 4595 3055 4665 jamque
3096 4595 3386 4650 alacritatis
3407 4597 3559 4666 vigor

1985 4688 2253 4751 emarcuit,
2283 4690 2527 4755 viresque
2554 4694 2754 4741 nostra:
2775 4685 3122 4753 defecerunt,
3154 4702 3256 4741 nec
3299 4686 3442 4740 aliud
3466 4701 3562 4739 su-

1980 4788 2157 4845 perest
2195 4791 2352 4844 quam
2405 4784 2463 4830 ut
2514 4775 2860 4831 decidamus:
2894 4786 3019 4831 tunc
3062 4778 3217 4831 nobis
3265 4786 3566 4845 opportune

1980 4866 2130 4919 adest
2152 4866 2430 4934 propheta,
2461 4866 2622 4921 veluti
2653 4882 2747 4936 pro
2779 4867 2969 4921 baculo
2994 4868 3244 4937 qu0piam
3271 4866 3560 4935 alloquium

1982 4971 2136 5009 suum
2193 4957 2345 5011 nobis
2386 4958 2663 5028 porrigens
2689 4972 2752 5012 ac
2794 4959 3010 5024 dicens,
3046 4956 3112 5009 In
3150 4957 3301 5023 ﬁnem
3342 4972 3404 5009 ne
3443 4972 3562 5009 cor-

1981 5064 2210 5117 rumpas.

2056 5138 2209 5192 Bonis
2238 5139 2469 5209 operibus
2502 5140 2769 5193 instructos
2794 5138 2955 5208 magis
2987 5138 3283 5209 aggreditur
3306 5138 3563 5195 diabolus.

1985 5231 2216 5284 -—'l‘unc
2244 5232 2385 5285 enim
2411 5230 2649 5285 diabolus
2668 5230 2834 5298 spirat
2861 5228 3233 5285 vehementius
3260 5248 3273 5285 :
3302 5240 3356 5286 et
3376 5247 3563 5302 quem-

1985 5324 2267 5377 admodum
2298 5325 2478 5390 pirat:e
2502 5324 2592 5389 qui
2622 5320 2759 5376 male
2780 5322 3002 5391 navigiis
3033 5322 3306 5387 infestant,
3328 5340 3430 5379 non
3458 5337 3567 5380 tum

1986 5416 2074 5469 ubi
2096 5415 2465 5482 conspexerint
2493 5428 2656 5468 naves
2701 5430 2731 5469 e
2776 5425 2928 5484 portu
2958 5428 3214 5472 exeuntes
3236 5460 3252 5483 ,
3295 5418 3569 5487 invadunt,

1989 5505 2136 5574 (quid
2160 5505 2299 5558 enim
2344 5504 2466 5558 hinc
2493 5504 2695 5560 fructus
2722 5519 2975 5576 caperent
3002 5509 3047 5562 si
3078 5509 3328 5577 scapham
3358 5509 3570 5564 inanem

1986 5596 2418 5667 demergerent?)
2452 5598 2545 5653 sed
2592 5600 2678 5655 ubi
2710 5601 2927 5656 redierit
2954 5612 3142 5657 onusta
3171 5602 3431 5672 plenaque
3460 5618 3573 5657 sar-

1987 5686 2121 5740 cinis
2145 5727 2159 5749 ,
2189 5698 2299 5740 tum
2342 5688 2542 5743 ietnum
2586 5706 2773 5747 omnes
2814 5692 3103 5761 expediunt
3145 5701 3323 5745 artes:
3351 5693 3423 5747 ita
3454 5710 3574 5749 sce-

1990 5776 2185 5831 leratus
2225 5777 2311 5834 ille
2369 5778 2563 5836 lmmon
2604 5782 2762 5837 simu:
2811 5793 2966 5852 atque
2996 5780 3141 5835 videt
3170 5781 3376 5853 aliquos
3400 5784 3570 5841 multa
