4144 6476
650 409 762 467 115

639 514 920 586 collegisse
941 557 954 581 ,
991 514 1235 571 videlicet
1260 515 1456 586 jejunia
1477 557 1492 581 ,
1522 528 1710 584 preces
1739 553 1754 578 ,
1782 512 2171 578 elecmosynam
2198 545 2211 568 ,

638 606 954 669 castitatem,
984 608 1316 678 reliquasque
1346 608 1567 662 virtutes
1594 620 1810 670 omnes,
1840 603 1926 658 ubi
1956 600 2098 655 videt
2125 614 2217 652 na-

641 696 839 766 vigium
887 708 1128 752 nostrum
1161 699 1372 767 plenum
1407 697 1652 767 pretiosis
1682 694 1889 767 pietatis
1933 689 2215 761 lapidibus,

642 795 770 841 tunc
815 785 1060 856 irrumpit
1085 829 1098 852 ,
1127 788 1358 856 undique
1389 787 1694 842 thesaurum
1723 782 2054 854 perfodieus,
2084 790 2140 834 ut
2169 781 2218 833 in

643 875 770 944 ipsis
808 889 992 946 portus
1020 878 1170 932 ostiis
1193 879 1442 946 scapham
1465 877 1767 945 demergat,
1801 875 2019 944 jamque
2048 871 2220 926 nudos

643 980 742 1022 nos
770 967 836 1022 ad
882 983 1004 1022 eum
1035 980 1241 1036 portum
1270 970 1445 1038 ejiciat
1477 988 1489 1021 :
1519 967 1746 1037 ideoque
1791 963 2048 1035 propheta
2085 977 2218 1016 cun-

645 1067 762 1111 ctos
813 1057 1063 1112 admonet
1104 1058 1286 1112 dicens
1319 1076 1332 1111 :
1364 1057 1428 1111 In
1471 1059 1624 1128 ﬁnem
1662 1073 1724 1111 ne
1768 1069 2080 1122 corrumpas.
2127 1053 2222 1106 Et-

644 1151 789 1206 enim
805 1151 872 1204 ab
900 1150 1153 1220 ejusmodi
1180 1152 1329 1206 ruina
1354 1167 1456 1206 non
1483 1151 1634 1206 facile
1660 1158 1740 1206 est
1763 1162 2059 1219 resurgere.
2091 1145 2222 1201 Nam

646 1241 750 1305 Qui
774 1243 825 1294 in
865 1242 1176 1312 profundum
1208 1243 1455 1295 malorum
1497 1242 1716 1304 venerit,
1748 1240 2013 1294 contemnit
2042 1237 2222 1308 (Prov.

649 1333 738 1387 18.
788 1333 865 1394 3).
921 1333 973 1386 In
1016 1334 1274 1403 principio
1321 1334 1534 1404 quidem
1585 1332 1745 1402 lapsis
1791 1331 1997 1386 veniam
2035 1329 2225 1384 damus

646 1437 834 1478 omnes
864 1423 932 1480 ob
960 1424 1307 1493 imperitiam;
1339 1424 1430 1478 sed
1465 1439 1583 1479 eum
1620 1423 1708 1493 qui
1739 1431 1860 1493 post
1886 1421 2082 1476 multos
2107 1435 2226 1476 cur-

655 1530 743 1570 sus
773 1516 1088 1580 conciderit,
1119 1533 1275 1572 nemo
1306 1516 1456 1570 venia
1502 1515 1714 1584 dignum
1735 1512 2088 1584 judicaverit;
2116 1521 2225 1565 tum

648 1607 791 1660 enim
820 1606 1045 1671 cadere,
1079 1606 1408 1677 negligentiae
1440 1605 1707 1659 tribuitur.
1729 1603 1838 1658 Nec
1865 1603 1915 1656 id
1941 1602 2112 1656 solum
2142 1599 2228 1654 hic

647 1703 734 1750 est
758 1694 903 1759 mali,
939 1709 1121 1748 verum
1143 1695 1301 1750 etiam
1328 1694 1468 1765 quod
1512 1693 1811 1764 hujusmodi
1844 1694 2019 1761 lapsus
2047 1691 2229 1745 multis

647 1785 754 1839 sint
776 1785 1120 1854 offendicula,
1140 1796 1198 1842 ut
1222 1801 1406 1842 rursus
1429 1787 1531 1842 hoc
1559 1802 1768 1857 quoque
1795 1787 2009 1839 nomine
2037 1799 2226 1856 pecca-

650 1886 763 1931 tum
812 1876 1064 1933 reddatur
1091 1879 1474 1934 irremissibile.
1511 1879 1634 1932 llaec
1671 1892 1793 1932 cum
1819 1878 2082 1936 sciamus.
2132 1891 2227 1928 au-

651 1967 942 2022 scultemus
989 1968 1260 2038 propheta:
1285 2009 1299 2031 ,
1329 1969 1459 2024 etin
1493 1967 1651 2023 linem
1693 1983 1760 2022 ne
1803 1981 2227 2036 corrumpamus.

651 2059 783 2116 Nam
812 2060 911 2115 hac
935 2061 1000 2116 de
1020 2077 1178 2117 causa
1211 2072 1262 2117 et
1289 2062 1531 2117 Ezechiel
1553 2063 1749 2116 clamat
1769 2061 1951 2116 dicens
1985 2078 1998 2115 :
2033 2056 2094 2115 Si
2121 2061 2231 2130 quia

654 2151 802 2218 fuerit
823 2151 1010 2222 justus,
1040 2152 1220 2206 deinde
1244 2154 1414 2223 lapsus
1444 2153 1752 2222 peccaverit,
1783 2152 1927 2205 nulla
1956 2152 2048 2205 erit
2067 2166 2235 2204 recor-

653 2241 794 2294 datio
834 2243 1151 2311 juatitiarum
1192 2244 1298 2304 eius
1324 2285 1337 2306 ,
1391 2243 1478 2296 scd
1521 2243 1572 2295 in
1617 2253 1814 2309 peccato
1866 2258 1956 2295 suo
1994 2243 2236 2294 morietur

659 2329 868 2399 (Ezech.
919 2334 972 2386 5.
1021 2332 1131 2403 20).
1165 2333 1294 2386 Nam
1338 2344 1389 2387 et
1429 2333 1515 2386 hic
1560 2333 1748 2386 metuit
1776 2332 1842 2386 de
1882 2332 2006 2386 line.
2053 2330 2233 2398 Neque

662 2422 783 2477 hinc
816 2421 1010 2487 modo,
1043 2438 1228 2477 verum
1285 2423 1444 2477 etiam
1490 2436 1554 2475 ex
1585 2422 1866 2476 contrariis
1908 2420 2140 2474 declarat
2180 2419 2231 2471 in

659 2511 758 2564 hac
795 2527 856 2566 re
881 2511 1170 2580 plurimum
1198 2527 1316 2566 esse
1345 2511 1618 2565 momenti.
1649 2511 1837 2578 Siquis
1857 2554 1870 2574 ,
1898 2509 2058 2577 inquit
2084 2550 2095 2573 ,
2127 2513 2236 2577 fne-

658 2601 723 2652 rit
766 2611 1013 2669 peccator,
1045 2618 1104 2654 ac
1146 2613 1317 2671 postea
1361 2609 1579 2654 mutatus
1634 2601 1796 2669 [actus
1841 2601 1988 2670 fuerit
2020 2601 2190 2668 justus
2217 2641 2231 2664 ,

659 2691 800 2744 nulla
829 2693 919 2744 erit
941 2696 1178 2746 memoria
1210 2694 1570 2762 injustitiarum
1590 2693 2025 2760 illinuinjustitiu
2050 2708 2140 2744 suo
2159 2692 2234 2744 vi-

659 2795 733 2836 vet
755 2782 964 2853 (Ezecli.
986 2784 1072 2838 18.
1090 2784 1367 2852 21).Vides
1384 2793 1435 2838 et
1457 2784 1541 2837 hic
1557 2782 1867 2852 prophetam
1885 2784 1950 2837 de
1965 2786 2065 2836 fine
2082 2785 2238 2837 vehe-

662 2885 868 2930 menter
910 2877 1214 2930 sollicitum.
1243 2876 1515 2945 Siquidem
1558 2885 1614 2928 ut
1661 2890 1831 2943 neque
1865 2876 2083 2943 justitia:
2127 2887 2237 2926 sure

660 2965 934 3020 conlidens
959 2965 1161 3034 justus,
1185 2966 1250 3018 ad
1289 2965 1586 3020 socordiam
1617 2979 1798 3019 versus
1829 2974 2025 3032 pereat,
2055 2979 2148 3032 per
2175 2964 2236 3016 fi-

662 3074 782 3112 nem
810 3059 996 3113 incutit
1025 3058 1097 3112 illi
1128 3067 1385 3113 terrorem
1418 3075 1430 3108 :
1467 3071 1638 3127 neque
1668 3067 1917 3127 peccator
1950 3056 2018 3110 ob
2047 3056 2238 3110 delicta

660 3148 999 3218 despondeas
1041 3148 1272 3202 animum
1298 3189 1312 3211 ,
1363 3149 1557 3217 jugiter
1602 3156 1901 3217 perseveret
1952 3148 2001 3200 in
2050 3147 2196 3217 lapsu
2222 3188 2235 3212 ,

660 3236 817 3309 erigit
845 3239 994 3294 illum
1038 3255 1133 3308 per
1164 3239 1488 3308 propositum
1521 3240 1698 3292 linetn.
1734 3239 1964 3292 Peccasti
1988 3280 2000 3300 ,
2033 3237 2234 3306 inquit,

662 3330 847 3395 multa,
878 3345 943 3383 ne
968 3330 1218 3398 desperes
1243 3349 1256 3384 :
1280 3340 1361 3384 est
1389 3333 1529 3385 enim
1559 3331 1698 3384 unde
1726 3346 1988 3399 resurgas,
2011 3332 2053 3384 si
2083 3333 2238 3383 linem

663 3421 813 3473 initio
862 3421 1186 3475 contrarium
1241 3419 1567 3474 exhibueris.
1617 3420 1822 3473 Rursus
1869 3419 1933 3472 ad
1985 3421 2235 3487 justum,

664 3512 846 3574 Multa,
881 3512 1047 3580 inquit
1072 3552 1087 3578 ,
1120 3520 1264 3565 recte
1296 3510 1462 3564 fecisti
1490 3552 1501 3572 ,
1535 3525 1715 3564 verum
1745 3525 1809 3564 ne
1839 3509 1968 3562 fidas
1994 3528 2005 3562 :
2033 3511 2240 3563 contin-

663 3605 912 3671 gi-tenim
944 3612 1001 3656 ut
1025 3603 1213 3666 cadas,
1244 3604 1346 3656 nisi
1377 3605 1441 3656 ad
1482 3606 1636 3656 finem
1671 3619 1835 3670 usque
1866 3603 2109 3657 eamdem
2149 3602 2241 3656 ad-

669 3696 852 3748 hibeas
877 3709 1078 3748 curam.
1115 3695 1271 3749 Vides
1314 3704 1370 3748 ut
1409 3695 1628 3748 alterius
1658 3695 1868 3763 quidem
1899 3696 2238 3759 socordiam,

666 3784 883 3837 alterius
913 3799 1040 3837 vero
1069 3784 1494 3851 desperationem
1519 3786 1812 3838 sustulerit.

739 3875 791 3928 3.
832 3874 972 3928 Nihil
1015 3876 1201 3928 horum
1245 3875 1445 3927 audivit
1487 3875 1657 3935 Ozias,
1690 3875 1912 3943 ideoque
1955 3891 2047 3942 per
2077 3871 2244 3928 confi-

669 3965 904 4018 dentiam
932 3965 1130 4018 decidit
1160 3967 1308 4017 ruina
1337 3966 1629 4033 periculosa
1658 3973 1708 4017 et
1732 3965 2026 4019 insanabili.
2058 3965 2241 4034 Neque

663 4056 812 4107 enim
838 4057 1008 4125 quivis
1037 4057 1213 4125 lapsus
1237 4072 1414 4123 parem
1441 4057 1611 4110 adfert
1639 4057 1860 4119 ruinam,
1883 4057 1973 4110 scd
2001 4057 2241 4124 quzrdam

669 4155 884 4216 peccata
932 4146 1304 4214 improbationi
1338 4156 1537 4200 tantum
1569 4149 1795 4202 obnoxia
1825 4158 1964 4213 sunt,
1998 4148 2240 4217 quaedam

662 4237 978 4307 gravissimo
999 4236 1256 4305 supplicio
1282 4239 1585 4304 puniuntur.
1611 4238 1836 4292 Proinde
1858 4239 2050 4292 Paulus
2076 4241 2247 4293 incre-

667 4341 798 4398 pans
827 4342 920 4382 eos
948 4327 1036 4396 qui
1065 4329 1114 4380 in
1143 4328 1514 4381 communibus
1543 4328 1710 4381 cceuis
1740 4344 1842 4380 non
1871 4331 2246 4396 exspectabant

664 4407 876 4483 fratres,
899 4419 966 4472 ita
996 4419 1255 4488 loquitur:
1288 4420 1397 4473 Hoc
1412 4422 1714 4474 denuntians
1729 4437 1826 4472 non
1848 4421 1998 4472 laudo
2021 4423 2095 4489 (Ι.
2123 4422 2238 4474 Cur.

667 4512 754 4564 11.
789 4511 901 4577 17).
932 4508 1092 4563 Vides
1147 4520 1420 4578 peccatum
1465 4511 1600 4564 intra
1643 4511 2110 4580 reprehensionem
2162 4512 2238 4580 (a)

665 4599 980 4662 consistere,
1009 4609 1063 4654 et
1093 4601 1458 4670 objurgatione
1488 4601 1663 4671 plecti.
1690 4604 1758 4656 At
1783 4602 1868 4655 ubi
1899 4603 1964 4656 de
2010 4603 2238 4656 fornica-

667 4691 808 4742 tione
835 4689 1085 4756 loquitur,
1118 4704 1222 4743 uon
1256 4691 1432 4744 itidem
1475 4691 1619 4746 facit.
1669 4694 1770 4747 Sed
1813 4709 1916 4762 quo
1959 4693 2140 4760 pacto?
2184 4694 2244 4748 Si

664 4781 774 4846 quis
806 4781 1045 4847 temptant
1072 4779 1168 4832 Dei
1199 4782 1366 4844 violat,
1399 4783 1566 4849 perdet
1592 4785 1723 4836 hunc
1760 4784 1894 4838 Deus
1925 4787 1997 4853 (1.
2025 4784 2143 4838 Cor.
2187 4787 2238 4840 ὅ.

671 4872 778 4937 17).
811 4870 921 4924 lloc
951 4884 1054 4924 non
1081 4878 1163 4924 est
1190 4872 1437 4939 probrum
1466 4883 1554 4925 aut
1584 4875 1945 4941 reprehensio,
1969 4877 2060 4931 sed
2089 4891 2244 4946 poena

665 4961 998 5028 gravissima.
1023 4957 1174 5014 Novit
1201 4973 1252 5014 et
1284 4961 1530 5014 Salomon
1559 4973 1893 5028 peccatorum
1912 4967 2238 5032 discrimina,

668 5053 756 5120 qui
792 5053 982 5104 furtum
1011 5067 1129 5105 cum
1159 5051 1414 5105 adulterio
1442 5053 1720 5106 conferens
1748 5054 1823 5106 sic
1849 5055 2038 5109 alicubi
2073 5057 2240 5125 loqui-

669 5151 785 5196 tur:
815 5142 938 5196 Non
959 5152 1031 5197 est
1057 5144 1237 5196 mirum
1265 5144 1308 5195 si
1332 5144 1438 5211 quis
1459 5144 1858 5210 deprehendatur
1886 5145 1935 5195 in
1964 5149 2098 5212 furto
2122 5162 2138 5198 :
2161 5152 2244 5215 fu-

666 5247 812 5288 ramr
841 5237 989 5299 enim,
1023 5245 1077 5288 ut
1102 5237 1322 5288 animant
1343 5237 1537 5303 etp/eat
1564 5237 1889 5288 esurientem:
1911 5237 1996 5288 sed
2039 5235 2243 5287 adulter

671 5327 730 5378 ob
779 5327 1002 5392 impium
1030 5342 1204 5380 sensus
1231 5329 1435 5379 exitium
1462 5329 1645 5380 anima:
1669 5343 1772 5380 sua:
1798 5327 2026 5379 conciliat
2060 5325 2239 5380 (Prov.

665 5422 718 5476 6.
751 5420 965 5484 30-52).
1013 5419 1077 5472 Et
1107 5418 1207 5472 hoc
1231 5429 1283 5473 et
1310 5421 1459 5484 illud,
1490 5421 1677 5488 inquit,
1711 5429 1979 5489 peccatum
2011 5430 2112 5483 est,
2146 5417 2238 5474 sed

731 5555 803 5616 (a)
840 5555 894 5602 In
919 5561 1096 5611 Grmco,
1123 5567 1221 5614 μέχρι
1243 5568 1488 5612 καταγνώσεως
1533 5555 1898 5600 observavimus
1923 5554 1968 5599 iu
1996 5553 2236 5616 Athanasii

662 5615 968 5686 Ou'lnnastico
990 5630 1206 5676 κατάγνωσιν
1233 5629 1322 5686 non
1349 5616 1702 5684 damnationem
1714 5628 1917 5686 prorsus
1940 5615 2236 5686 significare,

669 5677 758 5722 sed
785 5685 1024 5735 quatenus
1057 5685 1238 5725 tantum
1277 5677 1503 5722 damnare
1526 5708 1539 5730 ,
1581 5677 1817 5736 significat
1855 5678 2124 5736 improbare
2162 5677 2239 5724 vel

664 5736 1033 5794 reprehendere
1079 5751 1090 5784 :
1134 5738 1444 5797 quamoln'cm
1486 5751 1697 5797 κατάγων-,υ

665 5799 834 5855 vertit,
856 5797 1282 5860 reprehensionem.

1736 5738 1810 5784 hic
1851 5744 2064 5787 Erasmus
2102 5749 2237 5787 recte

1383 403 1438 456 S.
1471 397 1745 456 JOANNIS
1781 391 2252 451 CHRYSOSTOMI
2279 389 2592 447 AltClllEP.
2633 383 3164 444 CONSTANTINOP.

3793 394 3910 450 116

2325 504 2548 556 alterum
2576 501 2769 564 minus,
2800 499 3024 555 alterum
3059 499 3264 569 majus:
3291 513 3488 568 pauper
3518 498 3659 553 enim
3687 512 3914 553 excusa.

2329 593 2528 647 tionem
2579 592 2738 647 habet
2781 591 2921 662 quod
2972 591 3258 660 prmbuerit
3288 591 3620 646 occasionem
3652 591 3913 662 peccandi

2328 685 2566 752 penuria,
2600 683 2750 738 alteri
2793 682 2968 738 omnis
2999 683 3244 752 adempta
3275 693 3357 738 est
3383 684 3669 738 excusatio.
3705 686 3776 735 At
3804 683 3912 746 hic,

2327 775 2490 837 dices,
2515 774 2728 842 pellitur
2748 773 2970 828 naturali
2994 774 3440 843 concupiscentia.
3470 777 3658 829 Atuoo
3689 773 3917 843 permit-

2330 869 2390 920 tit
2416 865 2553 922 elabi
2585 882 2720 920 uxor
2744 881 2860 937 quae
2887 866 2957 919 illi
2979 875 3122 920 sorte
3143 865 3346 935 obtigit,
3373 865 3463 919 sed
3497 866 3654 920 instat
3679 866 3918 936 eripiens

2331 959 2404 1013 illi
2436 960 2659 1013 veniam.
2695 958 2775 1013 Ob
2806 957 2855 1013 id
2883 959 3023 1013 enim
3053 960 3444 1012 matrimonium
3473 969 3526 1012 et
3555 959 3710 1028 hujus
3742 959 3920 1029 legiti-

2331 1064 2448 1102 mus
2469 1065 2598 1104 usus
2629 1051 2964 1118 permittitur,
2997 1066 3063 1105 ne
3092 1050 3215 1120 quid
3246 1051 3434 1104 horum
3467 1067 3722 1106 excusare
3747 1051 3920 1119 possit

2331 1141 2574 1195 maritus.
2608 1140 2754 1195 llanc
2779 1133 2847 1196 ob
2867 1156 3079 1196 causam
3102 1143 3224 1196 data
3246 1153 3329 1198 est
3355 1143 3428 1197 illi
3449 1145 3638 1198 mulier
3659 1144 3920 1212 adjutrix,

2332 1241 2387 1286 ut
2417 1230 2848 1288 elfervescentem
2883 1242 3121 1287 naturam
3151 1244 3418 1300 coerceat,
3452 1244 3505 1288 ut
3533 1236 3922 1304 concupiscen-

2334 1325 2418 1379 tia:
2444 1323 2633 1381 fluctus
2658 1326 2824 1381 sedet.
2855 1327 3034 1396 itaque
3049 1327 3494 1397 quemadmodum
3521 1328 3845 1397 gubernator
3869 1329 3919 1380 in

2335 1428 2487 1488 portu
2520 1419 2718 1474 faciens
2745 1419 3070 1490 naufragium
3103 1421 3502 1489 haudquaquam
3548 1421 3704 1474 ullam
3744 1421 3919 1488 impe-

2336 1517 2498 1563 traret
2527 1511 2767 1564 veniam:
2793 1512 2870 1564 sic
2900 1527 2997 1565 nec
3023 1511 3067 1564 is
3097 1511 3185 1580 qui
3229 1526 3348 1564 cum
3396 1527 3491 1582 per
3530 1511 3836 1581 conjugium
3869 1513 3920 1563 in

2336 1610 2446 1656 tuto
2474 1601 2784 1667 collocetur,
2815 1611 2987 1657 tamen
3006 1603 3175 1657 aliena
3203 1601 3804 1672 perfoditmatrimonia,
3830 1610 3922 1654 aut

2336 1707 2721 1763 quamcumque
2748 1692 2998 1748 feminam
3027 1695 3251 1749 curiosis
3274 1694 3463 1763 aspicit
3503 1694 3687 1757 oculis,
3719 1693 3922 1747 habere

2335 1783 2619 1852 quidquam
2652 1785 2818 1853 possit
2860 1787 3214 1839 excusationis
3244 1802 3342 1840 nec
3371 1785 3509 1855 apud
3545 1785 3791 1840 homines
3823 1801 3922 1839 nec

2337 1875 2474 1944 apud
2501 1875 2684 1941 Deum,
2710 1876 2914 1930 etiamsi
2943 1877 3132 1930 millies
3163 1877 3403 1945 allegarit
3434 1885 3633 1929 natura:
3671 1878 3921 1946 volupta-

2340 1973 2464 2018 tem.
2513 1963 2624 2018 lmo
2653 1980 2770 2035 qua:
2803 1965 2966 2033 possit
3005 1965 3114 2018 illic
3144 1980 3261 2020 esse
3291 1966 3552 2035 voluptas,
3589 1968 3672 2019 ubi
3721 1979 3918 2032 metus,

2339 2053 2425 2109 ubi
2452 2055 2713 2121 anxietas,
2747 2056 2836 2110 ubi
2868 2067 3130 2109 tantorum
3161 2057 3423 2110 malorum
3450 2058 3802 2126 exspectatio,
3831 2058 3920 2111 ubi

2341 2144 2638 2209 tribunalia,
2671 2146 2754 2200 ubi
2782 2147 3014 2202 rationes
3039 2146 3342 2215 reddenda‘,
3373 2148 3458 2202 ubi
3480 2148 3674 2216 judicis
3701 2151 3799 2214 ira,
3836 2149 3921 2203 ubi

2339 2235 2544 2304 gladius
2571 2245 2624 2291 et
2653 2238 2910 2305 carnifex,
2962 2239 3047 2293 ubi
3099 2239 3425 2306 barathrum,
3480 2251 3533 2294 et
3575 2242 3826 2295 abductio
3858 2243 3923 2294 ad

2340 2327 2689 2396 supplicium?
2715 2329 2902 2384 Omnia
2936 2341 3087 2399 pavet
3115 2331 3404 2400 metuitque
3431 2333 3663 2400 quillalis
3679 2344 3780 2396 est,
3801 2347 3921 2384 um-

2342 2416 2484 2482 bras,
2519 2419 2765 2485 parietes,
2800 2419 2943 2488 ipsos
2973 2421 3193 2488 lapides,
3242 2429 3505 2488 tamquam
3540 2435 3719 2472 vocem
3765 2420 3924 2472 emit-

2343 2515 2513 2563 tcntcs
2535 2529 2546 2563 :
2571 2525 2756 2565 omnes
2783 2511 3031 2566 observat
3059 2511 3319 2581 habetque
3347 2521 3644 2581 suspectos,
3672 2511 3921 2574 famulos,

2343 2601 2562 2662 vicinos.
2596 2602 2815 2669 amicos,
2863 2605 3061 2665 hostes.
3094 2620 3188 2658 eos
3225 2605 3312 2674 qui
3345 2614 3540 2657 norunt
3583 2606 3782 2667 omnia,
3831 2620 3925 2658 eos

2343 2693 2429 2761 qui
2461 2692 2591 2746 nihil
2621 2703 2832 2747 norunt.
2867 2694 3003 2761 Quin
3034 2695 3232 2762 potius,
3255 2695 3297 2749 si
3325 2694 3492 2753 voles.
3529 2695 3780 2748 tollantur
3812 2694 3926 2747 haec

2343 2785 2553 2837 omnia:
2589 2800 2846 2854 ponamus
2873 2786 3004 2840 nulli
3045 2793 3228 2839 notum
3259 2801 3377 2840 esse
3418 2785 3674 2855 flagitium
3707 2797 3928 2854 prmter-

2343 2889 2499 2942 quam
2527 2875 2624 2941 ipsi
2654 2875 2762 2939 uni,
2797 2884 2850 2929 et
2880 2876 3086 2929 mulieri
3139 2892 3295 2946 quam
3326 2877 3672 2930 adulteravit:
3703 2892 3929 2946 quomo-

2344 2964 2412 3018 do
2457 2965 2589 3018 feret
2627 2967 3004 3020 conscientiam
3039 2967 3463 3036 redargucntem,
3495 2968 3739 3022 acerbam
3773 2983 3928 3022 accu-

2345 3057 2592 3110 satricem
2627 3057 2767 3110 illam
2798 3057 2990 3126 ubique
3016 3073 3196 3112 secum
3225 3057 3439 3112 ferens?
3466 3058 3926 3124 Quemadmodum

2346 3147 2485 3200 enim
2511 3147 2743 3216 seipsum
2770 3163 2925 3202 nemo
2953 3158 3125 3217 potest
3152 3148 3403 3218 effugere,
3435 3150 3503 3201 ita
3535 3164 3630 3202 nec
3659 3149 3804 3202 illam
3835 3150 3930 3202 hu-

2346 3237 2427 3307 jus
2451 3238 2728 3293 tribunalis
2755 3241 3092 3293 sentcntiam.
3133 3238 3244 3293 Hoc
3270 3241 3411 3294 enim
3446 3240 3670 3292 tribunal
3703 3255 3808 3292 non
3840 3255 3929 3308 pe-

2345 3331 2498 3384 cunia
2521 3333 2895 3400 corrumpitur,
2922 3347 3026 3385 non
3049 3331 3439 3386 adulationibus
3459 3333 3776 3400 acquiescit;
3803 3347 3925 3384 nam

2345 3419 2580 3473 divinum
2611 3431 2710 3481 est,
2743 3431 2796 3474 et
2820 3437 2848 3473 a
2884 3422 2989 3473 Deo
3018 3422 3210 3475 nostris
3239 3421 3452 3476 insitum
3483 3421 3769 3475 mentibus.
3795 3421 3931 3473 Vere

2347 3511 2557 3564 Adulter
2584 3529 2671 3579 per
2699 3514 2919 3579 inapiam
2945 3529 3118 3565 sensus
3163 3514 3370 3567 exitium
3408 3529 3513 3566 sua:
3553 3514 3711 3584 ipsius
3745 3513 3931 3564 animo:

2348 3603 2582 3656 conciliat
2615 3601 2791 3672 (Prov.
2827 3602 2877 3656 6.
2910 3603 3020 3670 52).
3056 3603 3289 3658 Tametsi
3321 3620 3418 3659 nec
3447 3603 3528 3656 fur
3555 3605 3712 3658 etiam
3739 3605 3931 3656 immu-

2351 3695 2431 3746 nis
2458 3705 2539 3748 est
2568 3710 2594 3746 a
2625 3695 2902 3763 supplicio,
2950 3711 3129 3749 verum
3175 3696 3266 3750 dat
3309 3697 3521 3764 quidem
3554 3711 3788 3764 pmuam,
3837 3695 3929 3750 sed

2349 3785 2631 3838 minorem.
2661 3785 2765 3840 Nec
2793 3787 2933 3840 enim
2963 3785 3389 3855 comparationes
3414 3789 3464 3840 in
3489 3787 3755 3841 diversum
3788 3789 3932 3841 ordi—

2349 3891 2470 3930 nem
2493 3877 2779 3931 extrudunt
2805 3893 2863 3931 ea
2888 3893 3004 3946 qua:
3029 3887 3422 3946 comparantur,
3447 3879 3537 3932 sed
3566 3881 3933 3947 permittentes

2349 3981 2446 4018 suo
2475 3983 2695 4035 qumque
2723 3982 2935 4020 manere
2961 3967 3098 4029 loco,
3128 3968 3528 4022 diminutionem
3554 3970 3811 4023 inducunt
3841 3978 3932 4022 aut

2349 4061 2798 4126 exsuperantiam.
2833 4059 3080 4112 Fortasse
3111 4075 3213 4112 non
3243 4061 3534 4129 intelligitis
3561 4060 3700 4128 quod
3727 4060 3926 4115 dictum

2351 4160 2461 4205 est:
2492 4151 2665 4218 itaque
2699 4164 2915 4204 necesse
2942 4159 3024 4203 est
3053 4151 3190 4204 idem
3221 4153 3550 4219 explanatius
3578 4151 3772 4206 dicere.
3822 4153 3928 4206 Bo-

2352 4259 2474 4296 num
2508 4252 2589 4297 est
2633 4242 2954 4311 conjugium,
2995 4242 3086 4295 sed
3137 4243 3326 4297 melior
3368 4253 3448 4297 est
3496 4244 3802 4313 virginitas:
3831 4258 3931 4300 nec

2351 4333 2599 4401 quoniam
2630 4333 2818 4387 melior
2843 4343 2923 4387 est
2950 4335 3240 4403 virginitas,
3275 4334 3392 4388 ideo
3420 4336 3613 4388 malum
3640 4346 3721 4390 est
3745 4339 3932 4406 conju-

2348 4427 2511 4494 gium,
2550 4425 2641 4479 sed
2690 4424 2813 4478 illud
2863 4426 3074 4494 quidem
3130 4426 3366 4493 inferius,
3412 4428 3606 4496 alioqui
3639 4428 3834 4481 bonum
3880 4435 3931 4481 et

2351 4519 2542 4585 ipsum.
2576 4516 2831 4570 Similiter
2858 4527 2910 4570 et
2938 4517 3052 4570 hic:
3087 4519 3280 4570 malum
3313 4527 3392 4569 est
3418 4518 3631 4581 furtum,
3665 4519 3755 4571 sed
3780 4519 3932 4570 adul-

2351 4609 2485 4660 terio
2525 4607 2718 4672 minus,
2751 4621 3067 4676 quamquam
3100 4615 3150 4660 et
3193 4607 3363 4674 ipsum
3407 4616 3488 4659 est
3519 4608 3733 4660 malum.
3773 4609 3930 4661 Vides

2351 4707 2682 4765 peccatorum
2713 4695 3072 4752 differentias?
3099 4697 3506 4750 (Ionsidcrcmus
3554 4696 3728 4765 itaque
3775 4702 3930 4767 quato

2352 4795 2622 4857 peccatum
2654 4787 2737 4841 hic
2768 4789 3082 4856 peccaverit.
3109 4785 3314 4840 Elatum
3342 4796 3431 4848 est,
3461 4786 3647 4854 inquit,
3685 4803 3769 4838 cor
3795 4789 3931 4840 illius

2352 4879 2426 4949 (Ξ.
2466 4877 2645 4930 Paral.
2674 4877 2762 4931 26.
2791 4877 2901 4944 16).
2936 4877 3292 4930 Periculosum
3319 4877 3541 4929 vulnus:
3571 4885 3654 4929 est
3677 4877 3818 4930 enim
3851 4894 3932 4929 ar—

2353 4968 2608 5038 rogantia,
2636 4967 2933 5035 arrogantia
2958 4967 3190 5035 inquam,
3227 4967 3486 5019 malorum
3525 4968 3762 5020 omnium
3793 4967 3928 5020 fons.

2353 5063 2417 5114 Et
2446 5069 2503 5114 ut
2533 5059 2846 5127 compendio
2891 5058 3064 5112 discas
3110 5058 3276 5112 morbi
3309 5057 3583 5124 malitiam,
3618 5058 3744 5112 illud
3784 5057 3927 5110 audi.

2353 5151 2552 5205 C:ctera
2576 5149 2785 5217 quidem
2811 5158 3022 5216 peccata
3050 5149 3188 5202 circa
3214 5158 3448 5203 nostram
3475 5159 3751 5203 versantur
3780 5156 3931 5201 natu-

2350 5257 2481 5302 ram,
2517 5251 2570 5294 at
2597 5240 2837 5308 superbia
2868 5241 3112 5294 virtutem
3156 5241 3518 5309 incorporeum
3541 5255 3569 5292 e
3596 5239 3805 5292 sublimi
3839 5239 3930 5292 dc-

2353 5333 2508 5387 ti-axit
2538 5347 2598 5385 ac
2627 5331 2849 5400 dejecit:
2883 5346 3001 5382 nam
3043 5331 3330 5397 diabolum,
3375 5347 3492 5386 cum
3539 5330 3778 5383 diabolus
3827 5344 3927 5382 non

2352 5435 2513 5494 esset,
2543 5426 2808 5480 diabolum
2836 5424 3010 5478 effecit
3030 5427 3347 5494 arrogantia.
3382 5422 3530 5490 Quod
3558 5423 3600 5476 si
3631 5430 3820 5475 testem
3841 5421 3931 5474 ad-

2351 5519 2538 5573 ducam
2561 5517 2748 5572 Isaiam
2784 5517 2850 5569 ita
2880 5516 2946 5570 de
2975 5517 3061 5569 illo
3100 5518 3419 5586 loquentem,
3451 5514 3514 5567 In
3545 5515 3722 5568 cazlnm
3749 5530 3926 5567 ascen-

2352 5611 2486 5672 dam,
2523 5618 2569 5661 et
2608 5624 2691 5661 ero
2717 5607 2894 5659 similis
2926 5608 3182 5660 Altissimo
3222 5608 3372 5678 (lsai.
3421 5605 3506 5659 M.
3552 5605 3668 5673 H):
3701 5603 3790 5671 qui
3826 5619 3927 5656 non

2352 5701 2574 5752 libenter
2604 5697 2863 5765 recipiunt
2888 5696 3182 5766 allegorias,
3212 5697 3554 5767 repudiabuut
3589 5703 3829 5746 nostrum
3856 5705 3927 5745 te-

2357 5789 2690 5844 stimonium:
2721 5787 2798 5841 sin
2832 5801 2952 5842 vero
2995 5787 3212 5843 Paulum
3247 5788 3317 5841 illi
3345 5785 3736 5841 adhibuerimus
3774 5798 3929 5838 accu-
