4056 6460
595 432 708 488 117

590 529 831 598 ἀξίωμα,
856 524 1026 580 εἰπὼν
1050 522 1218 577 οὕτω·
1251 521 1349 590 Μὴ
1384 519 1698 586 νεόφυτον,
1729 516 1830 569 ἵνα
1853 512 1937 583 μὴ
1972 529 2164 598 τυφω-

594 595 745 679 θεις,’
768 614 855 677 εις
883 608 1060 678 κρῖμα
1082 607 1315 676 ἐμπέσῃ
1343 604 1440 658 και
1476 600 1695 669 παγίδα
1717 598 1822 653 ’τοῦ
1849 595 2160 679 διαεδλρυς

595 675 788 764 ἴνα-μὴ
811 675 880 745 16
900 675 1041 744 αὑτά
1055 675 1322 760 ἀμαρτῶν
1347 685 1562 754 ἐκείνῳ,
1583 682 1736 752 φησί,
1761 681 1830 733 τά
1857 679 1994 733 αὑτὰ
2018 675 2166 746 αὑτῷ

597 776 872 847 πείσηται.

668 922 730 977 δ’.
745 923 854 975 K61
867 920 966 974 οὑκ
989 917 1236 973 ἐντεῦθεν
1257 918 1312 970 δέ
1329 917 1484 985 μόνον
1507 912 1840 983 δῆλόνέστιν,
1858 909 1990 962 ἀλλά
2010 905 2172 971 καὶέξ

598 998 674 1060 ὧν
697 1005 776 1074 τῷ
808 1002 1008 1073 πρώτῳ
1035 1002 1251 1054 πάντων
1275 998 1371 1052 ἀνθ
1383 997 1576 1066 ρώπων
1596 993 1870 1064 γενομένῳ
1920 989 2172 1044 συνεϐού-

598 1073 788 1140 λευσεν
832 1088 860 1137 6
892 1083 1124 1153 πονηρὸς
1167 1081 1372 1150 δαίμων
1411 1081 1633 1140 ἐκεῖνος.
1673 1077 1880 1144 Ὠσπερ
1919 1074 2026 1143 769
2061 1073 2174 1153 τοῖς

597 1166 821 1233 ἀγαθοῖς
849 1165 989 1227 ἐθος,
1015 1147 1194 1216 ταῦτα
1230 1147 1341 1224 τοῖς
1371 1169 1396 1198 ⁸
1422 1161 1647 1230 πλησίον
1677 1159 1976 1228 παραινεῖν,
2006 1155 2072 1207 δι’
2100 1147 2174 1206 ὧν

602 1249 757 1302 αὑτοί
776 1248 1060 1316 γεγόνασιν
1091 1245 1302 1314 ἀγαθοί·
1336 1244 1477 1296 οῦτω
1508 1244 1604 1296 καὶ
1634 1243 1746 1302 τοῖς
1771 1242 2021 1310 πονηροῖς
2059 1237 2175 1299 ἐθος

601 1330 824 1382 τοιαῦτα
849 1327 1186 1398 εἰσηγεῖσθαι
1212 1330 1322 1388 τοῖς
1353 1323 1602 1393 πλησίον,
1625 1323 1692 1375 δι’
1726 1316 1800 1375 ὧν
1836 1321 1987 1373 66101
2018 1319 2176 1398 γεγό-

597 1429 725 1465 νασι
757 1397 967 1478 φαῦλοι.
1009 1409 1104 1460 Ἓν
1137 1407 1244 1479 769
1277 1407 1370 1461 καὶ
1410 1407 1566 1459 τοῦτο
1609 1407 1709 1475 τῆς
1737 1403 2000 1474 πονηρίας
2041 1397 2178 1462 εἶδός

603 1494 741 1555 ἐστι,
767 1493 862 1544 καὶ
895 1490 1243 1560 παραμυθίαν
1269 1489 1524 1558 ἡγοῦνται
1550 1491 1649 1555 τῆς
1679 1487 1882 1548 οἰκείας
1909 1485 2178 1544 κολάσεως

601 1576 703 1646 τὴν
731 1575 930 1644 ἐτέρων
957 1572 1250 1627 ἀπώλειαν.
1277 1573 1340 1624 Τί
1361 1567 1455 1625 οῦν
1484 1572 1512 1622 6
1532 1569 1773 1632 διάϐολος
1799 1567 2179 1622 συνεϐούλευσε

605 1657 686 1727 τῷ
723 1657 920 1726 ’Δδάμς
951 1656 1186 1720 Μείζονα
1227 1655 1327 1724 τῆς
1368 1653 1574 1715 οἰκείας
1619 1652 1830 1720 φύσεως
1875 1651 2057 1705 λαϐεῖν
2095 1648 2180 1700 ἐν·

607 1756 776 1801 νοιαν,
805 1740 899 1791 καὶ
933 1737 1168 1790 ἰσοθείαν
1195 1736 1412 1790 ἐλπίσαι
1432 1737 1484 1790 δ.
1515 1736 1578 1788 Εἰ
1610 1735 1715 1804 769
1747 1735 1847 1804 ἐμὲ
1879 1732 1970 1786 τοῦ
2012 1733 2181 1800 ούρα-

602 1821 702 1874 νοῦ
724 1820 902 1882 τοῦτο,
938 1820 1122 1889 φησὶν,
1157 1819 1399 1883 ἐξέϐαλε,
1645 1816 1842 1886 μᾶλλον
1871 1814 2058 1868 τοῦτον
2087 1810 2181 1864 τοῦ

608 1903 939 1972 παραδείσου
986 1901 1047 1954 16
1085 1901 1215 1954 αὐτὸ
1255 1901 1411 1954 τοῦτο
1446 1900 1680 1953 ἐκϐαλεῖ.
1716 1899 1813 1952 Διά
1841 1898 1998 1951 τοῦτο
2029 1897 2123 1950 καὶ
2155 1898 2184 1949 6

611 1985 861 2055 Σολομῶν
903 1984 1159 2052 ἐλεγενα·
1208 1984 1269 2036 '0
1311 1981 1454 2046 Θεὸς
1485 1983 1888 2050 ὑπερηφάνοις
1918 1978 2185 2035 ἀντιτάσ-

610 2084 800 2124 σεται.
831 2068 946 2121 οὑκ
983 2063 1159 2126 εἷπεν,
1197 2065 1279 2117 ὃτι
1319 2065 1346 2115 6
1385 2063 1516 2126 Θεὸς
1549 2063 1927 2134 ὑπερηφάνους
1969 2060 2183 2130 ἀφίησι,

610 2151 706 2206 καὶ
729 2149 1215 2220 ἐγκαταλιμπάνει,
1239 2149 1335 2201 καί
1360 2150 1459 2217 τῆς
1482 2147 1686 2209 οἰκείας
1705 2145 1952 2216 βοηθείας
1970 2147 2184 2213 γυμνοί,

611 2233 748 2296 ἀλλ’,
783 2233 1205 2292 Ἀντιτάσσεται,
1230 2230 1410 2299 φησίν·
1439 2229 1536 2298 οὑχ
1554 2230 1634 2281 61:
1661 2227 2014 2296 παρατάξεως
2041 2225 2188 2295 αὑτῷ

611 2316 708 2369 καὶ
735 2315 914 2385 μάχης
942 2313 1047 2367 ἔδει
1081 2313 1214 2386 πρὸς
1250 2314 1339 2364 τὸν
1369 2313 1735 2382 ὑπερήφανον·
1763 2310 1814 2362 τί
1847 2309 1955 2379 769
1984 2310 2188 2377 ὑπερη-

612 2400 782 2467 φάνου
825 2399 1020 2465 γένοιτ’
1059 2396 1125 2449 ἂν
1171 2396 1584 2463 ἀσθενέστερον;
1637 2394 1844 2459 ’Ὠσπερ
1884 2392 1993 2462 γάρ
2029 2393 2057 2445 ό
2092 2391 2188 2454 16;

611 2479 762 2548 δψεις
787 2479 1078 2541 ἀπολέσας,
1111 2479 1280 2530 ἀπασι
1318 2477 1597 2546 πρόκειται
1625 2475 1761 2546 πρὸς
1790 2473 1850 2526 16
1874 2473 2058 2534 κακῶς
2088 2489 2190 2524 1:6-

612 2561 746 2623 θεῖν,
803 2561 974 2622 οὕτως
1028 2562 1056 2612 6
1097 2559 1459 2628 ὑπερήφανος,
1498 2558 1527 2608 6
1575 2555 1650 2626 μὴ
1675 2554 1831 2616 εἰδὼς
1865 2555 1956 2606 τὸν
1987 2553 2189 2622 Κύριον

615 2644 822 2717 (Ἀρχὴ
867 2643 994 2712 γάρ,
1044 2642 1228 2711 φησιν,
1274 2639 1703 2706 ὑπερηφανίας.
1747 2637 1814 2690 τὸ
1853 2635 1939 2702 μὴ
1971 2634 2190 2717 εἰδέναι

611 2716 722 2780 τὸν
745 2726 1010 2793 Κύριον),
1044 2724 1138 2776 καὶ
1166 2721 1471 2792 ἀνθρώποις
1503 2718 1768 2781 εὑάλωτός
1792 2719 1926 2792 ἐστι,
1957 2716 2051 2768 τοῦ
2076 2735 2189 2784 φω-

613 2808 704 2870 τὸς
749 2805 997 2860 ἐκπεσὼν
1041 2805 1267 2858 ἐκείνου.
1296 2801 1358 2854 Εἰ
1392 2801 1450 2853 δὲ
1489 2802 1583 2854 καὶ
1622 2801 1835 2871 ἰσχυρὸς
1859 2801 1963 2868 εἴη,
1991 2801 2089 2851 οὑκ
2125 2798 2190 2851 ἂν

615 2888 976 2959 παρατάξεως
1021 2887 1206 2956 ἐδέησε
1249 2884 1326 2954 τῷ
1369 2882 1486 2953 Θεῷ
1528 2884 1665 2954 πρὸς
1707 2875 1969 2948 αὑτόν·
2008 2881 2115 2950 γάρ
2157 2883 2188 2950 ή

615 2973 871 3043 βούλησις
910 2972 1110 3040 ἤρκεσε
1143 2968 1274 3038 πρὸς
1312 2967 1373 3019 16
1415 2967 1589 3019 πάντα
1624 2969 1981 3036 παραγαγεῖν,
2014 2964 2191 3033 πολλῴ

621 3054 819 3124 μᾶλλον
852 3055 946 3105 καί
983 3052 1117 3121 πρὸς
1153 3052 1251 3120 τὴν
1292 3048 1565 3117 ἀναίρεσιν
1606 3046 1781 3099 αὐτῶν
1820 3049 1996 3114 ἀρκεῖ.
2039 3046 2192 3106 Τίνος

618 3133 712 3190 οῦν
736 3138 942 3198 ἐνεκεν,
975 3134 1157 3202 φησὶν,
1186 3131 1591 3194 ἀντιτάσσεται;
1621 3130 1736 3181 Ἵνα
1760 3128 1820 3180 16
1847 3127 2072 3196 σφοδρὸν
2099 3128 2195 3194 τῆς

618 3220 912 3291 ἀπεχθείας
938 3217 1235 3284 ἐνδείξηται
1265 3215 1360 3282 τῆς
1385 3213 1518 3283 πρὸς
1545 3213 1634 3264 τὸν
1674 3213 2037 3281 ὑπερήφανον.
2075 3210 2195 3262 Ὅτι

621 3306 722 3376 μὲν
743 3300 836 3357 οῦν
865 3300 1100 3373 χαλεπὸν
1126 3298 1188 3350 16
1214 3296 1431 3368 τραῦμα
1466 3298 1526 3348 16
1551 3298 1649 3366 τῆς
1678 3293 2070 3376 ὑπερηφανίας,
2102 3292 2196 3376 καί,

618 3373 686 3440 ἐκ
710 3385 922 3446 τούτου,
961 3382 1053 3435 καὶ
1083 3379 1374 3440 ἀλλαχόθεν
1410 3377 1584 3446 δῆλον.
1624 3378 1684 3428 Εἰ
1717 3375 1773 3427 δὲ
1800 3375 2073 3444 βούλεσθε,
2103 3373 2197 3424 καὶ

619 3467 909 3537 ἀλλαχόθεν
945 3463 1044 3531 τὴν
1075 3461 1253 3514 αἰτίαν
1288 3458 1450 3511 αὑτοῦ
1493 3459 1769 3528 μάθωμεν,
1801 3457 1893 3524 ἀφ’
1933 3452 1999 3526 ἦς
2029 3457 2086 3508 16
2120 3456 2198 3507 ἕλ-

622 3568 715 3612 κος
741 3549 976 3616 ἐγένετο.
1018 3546 1127 3597 Καὶ
1153 3544 1261 3611 769
1289 3542 1407 3602 ἐθος
1430 3545 1494 3610 τῇ
1523 3542 1734 3610 Γραφῇ,
1776 3539 1990 3591 ἐπειδάν
2026 3539 2194 3608 μέλλῃ

621 3632 765 3695 τινὸς
799 3629 1147 3699 κατηγορεῖν,
1183 3625 1255 3695 μὴ
1282 3623 1379 3693 τὴν
1400 3624 1672 3692 ἁμαρτίαν
1705 3623 1866 3674 αὑτοῦ
1894 3623 2069 3688 λέγειν
2103 3623 2198 3688 μό-

622 3732 732 3774 νον,
777 3712 912 3765 ἀλλά
953 3710 1048 3762 καὶ
1086 3708 1261 3760 αἰτίαν
1294 3707 1391 3775 τῆς
1423 3704 1693 3775 ἁμαρτίας
1721 3702 1990 3755 διδάσκειν
2030 3705 2194 3772 ἡμᾶς·

624 3799 766 3851 ποιεῖ
791 3795 848 3847 δὲ
869 3792 1045 3855 τοῦτο,
1070 3791 1194 3852 τοὺς
1214 3789 1551 3856 ὑγιαίνοντας
1576 3785 2007 3854 ἀσφαλεστέρους
2037 3803 2199 3836 κατα-

625 3879 966 3939 σκευάζουσα
993 3875 1127 3944 1:96;
1147 3873 1208 3926 16
1238 3872 1310 3941 μή
1334 3874 1444 3933 τοῖς
1473 3871 1655 3930 αὑτοῖς
1679 3869 2010 3937 περιπεσεῖν.
2044 3866 2199 3918 Οὑτω

623 3963 719 4016 καὶ
764 3959 937 4030 ἰατροὶ
969 3956 1107 4026 πρὸς
1158 3955 1281 4016 τοὺς
1320 3953 1624 4022 κάμνοντας
1663 3948 1935 4009 εἰσιόντες,
1967 3948 2059 4001 καί
2094 3947 2199 4017 πρὸ

624 4044 734 4097 τῶν
761 4041 1081 4111 νοσημάτων
1112 4034 1449 4105 ἀνιχνεύουσι
1476 4034 1572 4095 16;
1604 4031 1803 4099 πηγὰς,
1829 4030 1966 4082 ὥστε
1994 4030 2198 4083 ἄνωθεν

625 4126 931 4180 ἀναστεῖλαι
969 4122 1029 4174 τὸ
1061 4120 1245 4173 κακόν·
1280 4121 1308 4171 6
1331 4119 1460 4190 γὰρ,
1499 4117 1598 4186 τῆς
1636 4115 1788 4185 ῥίζης
1817 4113 2099 4183 μενούσης,
2133 4112 2200 4164 τὰ

631 4211 985 4278 βλαστήματα
1008 4201 1164 4274 [118]
1197 4201 1473 4269 ἐκτέμνων
1524 4198 1707 4268 μόνον,
1743 4196 1890 4248 οὐδὲν
1932 4195 2134 4264 ἓτερον,
2165 4195 2198 4263 ἢ

631 4291 1000 4362 ματαιοπονεὶ
1029 4285 1135 4338 Ποῦ
1165 4281 1310 4352 οὖνὴ
1340 4281 1527 4362 Γραφὴ
1567 4281 1660 4332 καί
1688 4278 1786 4347 τὴν
1815 4279 2086 4362 ἁμαρτίαν
2111 4278 2202 4329 καὶ

627 4359 727 4442 τὴν
771 4373 950 4426 αἰτίαν
981 4371 1080 4439 τῆς
1124 4368 1393 4438 ἁμαρτίας
1425 4361 1579 4427 εἰπε;
1613 4363 1921 4431 Κατηγορεῖ
1953 4360 2058 4412 τῶν
2098 4359 2202 4429 πρὸ

626 4441 722 4510 τοῦ
768 4450 1156 4521 κατακλυσμοῦ
1191 4447 1491 4517 γενομένων
1532 4446 1623 4497 ἐπὶ
1659 4447 1775 4505 ταῖς
1808 4443 1867 4495 οὑ
1900 4441 2204 4512 προσηκού-

630 4557 752 4603 σαις
781 4535 1081 4606 ἐπιμιξίαις
1100 4531 1154 4570 ἀ·
1182 4531 1274 4583 καί⁵
1298 4529 1525 4582 ἄκουσον
1555 4525 1668 4588 πῶς
1691 4525 1866 4593 τίθησι
1887 4525 1982 4595 τὴν
2004 4525 2199 4578 αἰτίαν·

641 4625 862 4684 Ἰδόντες
891 4621 941 4673 οἰ
967 4619 1073 4671 υἱοὶ
1104 4615 1197 4668 τοῦ
1231 4613 1362 4667 Θεοῦ
1395 4613 1492 4674 16;
1520 4610 1822 4680 θυγατέρας
1855 4609 1962 4662 τῶν
1993 4607 2201 4675 ἀνθρώ-

630 4725 768 4765 πων,
803 4706 884 4757 ὃτι
913 4702 1074 4755 καλαί
1105 4701 1258 4760 εἰσιν,
1287 4695 1473 4749 ἔλαϐον
1503 4694 1670 4753 αὑτὰς
1697 4693 1904 4764 ἐαυτοίς
1927 4693 2004 4752 εἰς
2029 4695 2204 4757 γυναῖ-

629 4807 752 4850 κας.
782 4787 847 4838 Τί
884 4782 997 4847 οῦν,
1033 4783 1092 4835 16
1127 4781 1318 4841 κάλλος
1349 4779 1446 4848 τῆς
1472 4775 1745 4846 ἁμαρτίας
1772 4774 1972 4837 αἴτιονὶ
2002 4774 2088 4842 Μὴ
2116 4773 2202 4839 γέ-

631 4887 792 4925 νοιτο·
818 4870 914 4938 τῆς
945 4867 1051 4938 769
1079 4865 1213 4917 Θεοῦ
1244 4863 1432 4931 σοφίας
1456 4860 1616 4930 ἔργον
1644 4858 1775 4910 ἐστί·
1807 4856 1940 4908 Θεοῦ
1972 4856 2025 4907 δὲ
2050 4856 2205 4925 ἔργον

631 4953 731 5006 οὑκ
761 4951 826 5004 ἄν
850 4966 978 5003 ποτε
1002 4949 1210 5015 γένοιτο
1241 4944 1502 5015 πονηρίας
1527 4943 1714 4995 αἴτιον.
1764 4939 1920 4992 Ἀλλά
1953 4939 2010 4990 16
2045 4940 2202 5003 ίδεῐνς

634 5035 768 5088 Οὑδὲ
821 5032 997 5085 τοῦτο·
1045 5032 1137 5082 καὶ
1195 5029 1302 5097 769
1353 5029 1444 5080 καὶ
1482 5025 1639 5078 τοῦτο
1671 5024 1766 5092 τῆς
1801 5021 2013 5090 φύσεως
2049 5021 2206 5091 ἔργον

637 5117 803 5171 ἐστίν.
847 5113 1002 5166 Ἀλλὰ
1028 5113 1115 5175 τίς
1147 5111 1218 5163 Τὸ
1243 5109 1424 5171 κακῶς
1458 5109 1602 5160 ἰδεῖν·
1633 5105 1786 5159 τοῦτο
1814 5105 1920 5174 769
1952 5102 2207 5174 προαιρέ-

638 5217 775 5260 σεως
813 5197 1208 5266 διεφθαρμένης
1240 5206 1262 5232 ε
1300 5193 1435 5246 ἐστί.
1483 5191 1578 5243 Διά
1609 5188 1768 5241 τοῦτο
1802 5188 1891 5239 καί
1925 5205 2006 5249 τις
2047 5187 2206 5253 σοφὸς

639 5285 893 5353 παραινεῖ
932 5280 1125 5347 λέγων,
1165 5278 1254 5347 Μὴ
1280 5275 1660 5343 καταμάνθανε
1689 5271 1880 5332 κάλλος
1911 5271 2202 5339 ἀλλότριον.

639 5367 751 5418 Οὐκ
780 5361 919 5429 εἷπε,
938 5363 1027 5433 Μὴ
1052 5363 1184 5433 ἴδῃς·
1213 5359 1497 5429 συμϐαίνει
1527 5357 1632 5426 γὰρ
1664 5355 1790 5408 καὶῐ
1818 5355 1922 5407 61:6
1946 5354 2036 5406 τοῦ
2055 5355 2208 5405 αύτο-

703 5592 730 5618 ⁸
754 5587 890 5640 Ἐθος
908 5583 1101 5633 τοιαῦτα
1122 5584 1236 5642 τοῖς,
1262 5585 1329 5630 sic
1360 5581 1552 5642 quidam
1578 5593 1691 5628 mss.
1737 5578 1859 5628 Infra
1888 5580 2030 5628 iidem
2062 5596 2204 5634 πονηο

640 5650 741 5710 φίας
760 5649 914 5710 αὐτῶν
941 5647 1073 5710 εἶδος,

703 5711 730 5747 ³³
758 5709 890 5757 Unus
909 5707 1108 5760 ίσοθείας
1135 5708 1462 5766 φαντασθῆναι.

704 5777 724 5802 ε
753 5773 969 5827 Quatuor
991 5780 1105 5813 mss.
1131 5767 1210 5828 καὶ
1245 5770 1269 5813 ὁ
1294 5768 1437 5828 Σιράχ
1458 5768 1624 5828 ἔλεγεν.

703 5833 728 5870 d
757 5831 892 5877 Unus
912 5827 1261 5889 προμυκούσαις
1282 5827 1538 5888 ἐπιμυρίαις
1561 5827 1687 5886 (sic).

708 5907 732 5933 ε
756 5891 888 5938 Unus
906 5888 1286 5950 διεστραμμένης.

708 5951 729 5989 ⁸
758 5951 891 5999 Unus
914 5949 1006 5997 ἀπὸ
1043 5949 1352 6008 ταύτομάτου.

1305 406 1362 462 S.
1404 401 1687 460 JOANNIS
1721 394 2196 457 CHRYSOSTOW
2240 393 2557 454 ARCHTEP.
2597 397 3140 454 CONSTANTINOI’.

3732 401 3857 454 118

2271 511 2440 579 μάτου
2490 511 2646 565 τοῦτο
2688 512 2956 580 γενέσθαι·
3007 511 3162 575 ἀλλὰ,
3191 509 3282 579 Μὴ
3307 505 3708 576 καταμάνθανε)
3742 521 3862 575 φη-

2271 593 2344 656 σὶ,
2379 593 2476 664 τὴν
2507 596 2571 647 ἐκ
2600 594 2828 664 μελέτης
2866 593 3211 662 κατανόησιν,
3243 591 3342 661 τὴν
3379 590 3666 657 περίεργον
3701 585 3860 654 ὄψιν,

2265 675 2364 745 τὴν
2395 676 2532 746 μετά
2560 673 2839 745 διατριϐῆς
2873 675 3112 744 πονηρὰν
3138 673 3390 740 θεωρίαν,
3427 672 3523 739 τὴν
3547 669 3653 720 61:6
3671 667 3863 737 ψυχῆς

2265 757 2664 828 διεφθαρμένης
2696 756 2789 810 καὶ
2817 756 3186 826 ἐπιθυμούσης
3214 753 3469 822 ἀναιρῶν.
3498 751 3606 804 Καὶ
3638 749 3710 812 τί,
3743 765 3861 816 φη-

2269 840 2371 900 σὶν,
2399 841 2463 892 ἐκ
2490 839 2677 892 τούτου
2711 838 2905 908 γένοιτ’
2940 839 3003 891 ἀν
3046 836 3270 906 βλάϐοςς
3315 834 3408 887 Ἐκ
3445 833 3658 894 τούτου,
3690 830 3857 899 φησὶν

2271 921 2417 989 φιλία
2451 921 2526 984 ῶς
2568 921 2678 991 πῦρ
2710 921 3028 974 ἀνακαίεται
3068 921 3114 968 ε.
3167 918 3430 982 Καθάπερ
3474 915 3581 983 γάρ
3620 912 3681 964 16
3713 912 3860 981 πῦρ,

2271 1005 2486 1058 ἐπειδάν
2516 1005 2705 1076 χόρτου
2729 1004 2871 1067 τινὸς
2895 1004 2926 1072 ἢ
2957 1001 3206 1071 καλάμης
3236 995 3577 1067 ἐπιλάϐηται,
3605 997 3703 1048 οὑκ
3725 997 3864 1048 ἀνα-

2277 1088 2425 1156 μένει
2451 1089 2641 1159 χρόνον
2670 1089 2809 1150 τινὰ,
2842 1086 2955 1140 ἀλλ’
2984 1084 3119 1154 ὁμοῦ
3157 1101 3214 1135 τε
3239 1083 3414 1152 ῆψατο
3443 1080 3541 1148 τῆς
3574 1079 3725 1147 ῦλης,
3761 1077 3865 1130 καὶ

2272 1169 2526 1242 λαμπρὰν
2569 1171 2742 1239 ἀνῆψε
2784 1171 2812 1210 Ιι
2844 1170 2941 1239 τὴν
2972 1168 3164 1236 φλόγα·
3211 1164 3352 1217 οὑτω
3386 1162 3566 1214 καὶτὸ
3608 1160 3717 1230 πῦρ
3751 1161 3864 1242 τῆς

2276 1241 2570 1321 ἐπιθυμίας
2602 1253 2700 1322 τῆς
2731 1253 2788 1303 ἐν
2821 1252 2974 1321 ἡμῖν,
3005 1247 3224 1302 ἐπειδάν
3255 1245 3343 1298 διὰ
3379 1243 3477 1312 τῆς
3509 1243 3617 1294 τῶν
3649 1241 3862 1309 ὀφθαλ-

2280 1334 2393 1404 μῶν
2428 1335 2610 1403 δψεως
2665 1334 2898 1396 εὐειδοῦς
2941 1336 3034 1386 καὶ
3071 1327 3328 1401 λαμπροῦ
3367 1326 3594 1387 κάλλους
3627 1324 3860 1391 ἅψηται,

2277 1416 2476 1479 εὐθέως
2520 1416 2826 1486 ἐμπίπρησι
2855 1416 2952 1485 τὴν
2997 1414 3196 1484 ψυχήν.
3238 1411 3329 1482 Μὴ
3360 1408 3537 1463 τοίνυν
3572 1406 3666 1476 τὴν
3693 1406 3867 1473 πρόσ-

2278 1515 2467 1569 καιρον
2511 1497 2626 1568 ἴδῃς
2663 1498 2875 1567 ήδονὴν,
2906 1497 3003 1566 τὴν
3035 1495 3142 1548 61:6
3179 1494 3277 1562 τῆς
3307 1491 3559 1562 θεωρίας,
3593 1487 3726 1542 ἀλλὰ
3757 1488 3865 1556 τὴν

2278 1579 2494 1649 διηνεκῆ
2526 1579 2799 1650 σκόπησον
2821 1578 3034 1646 ὀδύνην,
3062 1577 3160 1648 τὴν
3184 1578 3290 1630 61:6
3312 1576 3410 1645 τῆς
3440 1572 3752 1640 ἐπιθυμίας.
3793 1569 3865 1621 Ἡ

2285 1661 2384 1730 μὲν
2409 1662 2517 1732 769
2552 1661 2611 1714 16
2639 1661 2856 1732 τραῦμα
2885 1660 3096 1714 ἐνθεῖσα
3136 1656 3452 1728 ἀπεπήδησε
3490 1654 3770 1714 πολλάκις·
3795 1651 3866 1703 τδ

2281 1743 2336 1796 δὲ
2382 1744 2601 1814 τραῦμα
2639 1746 2739 1798 οὑκ
2770 1744 3048 1813 ἀποπηδᾷ,
3091 1740 3227 1794 ἀλλά
3278 1740 3425 1810 μένει
3471 1738 3724 1796 πολλάκις
3765 1733 3868 1786 καὶ

2283 1827 2562 1881 ἀπόλλυσι.
2612 1829 2721 1883 K61
2764 1827 3016 1897 καθάπερ
3051 1825 3252 1894 ἔλαφος
3307 1822 3570 1891 δεξαμένη
3605 1817 3754 1888 βέλος
3799 1817 3866 1868 ὲν

2285 1911 2482 1980 καιρίῳ
2515 1909 2606 1962 τοῦ
2649 1909 2916 1980 σώματος,
2948 1909 3050 1962 κᾶν
3085 1907 3299 1978 ἐκφύγῃ
3340 1905 3447 1957 τῶν
3479 1900 3730 1972 θηρατῶν
3761 1898 3866 1962 16;

2284 1995 2491 2062 χεῖρας,
2519 1991 2669 2044 οὑδέν
2695 1991 2964 2062 κερδαίνει
2989 1989 3194 2044 λοιπόν·
3225 1987 3367 2040 οῦτω
3399 1986 3495 2040 καὶ
3535 1983 3680 2053 ψυχὴ
3704 1981 3864 2047 δεξα-

2289 2076 2425 2144 μένη
2464 2073 2619 2142 βέλος
2660 2073 2954 2143 ἐπιθυμίας
2993 2073 3055 2136 ἐξ
3097 2071 3394 2126 ἀκολάστου
3435 2068 3527 2121 καὶ
3566 2065 3863 2134 περιέργου

2287 2155 2536 2226 θεωρίας,
2563 2155 2666 2209 κᾶν
2692 2156 2752 2208 16
2783 2155 2934 2225 βέλος
2963 2155 3162 2223 ἀφεῖσα
3195 2152 3423 2220 ἀπέλθῃ,
3450 2149 3589 2216 αὑτὴ
3617 2145 3868 2213 διαφθεί-

2288 2257 2440 2310 ρεται
2487 2239 2582 2292 καὶ
2611 2239 2922 2301 ἀπόλλυται,
2961 2234 3233 2304 πανταχοῦ
3275 2235 3365 2287 16v
3397 2232 3650 2298 πολέμιον
3678 2228 3868 2296 ὁρῶσα

2287 2323 2379 2375 καί
2421 2323 2681 2392 ἐπόμενον
2721 2321 2937 2392 ἔχουσα.
2989 2320 3127 2373 Ἀλλ’
3155 2320 3290 2389 ὅπερ
3322 2317 3503 2384 ἔλεγον
3544 2314 3623 2378 (οὑ
3646 2312 3757 2383 γὰρ
3786 2312 3871 2364 δεῖ

2291 2405 2504 2474 μακράς
2528 2408 2826 2474 συγχωρεῖν
2846 2402 2940 2456 τοῦ
2962 2403 3118 2470 λόγου
3143 2399 3406 2454 ποιεῖσθαι
3429 2399 3526 2460 16;
3545 2395 3865 2464 ἐκτροπὰς),

2287 2486 2369 2538 ὅτι
2401 2488 2433 2555 ἡ
2458 2485 2647 2556 Γραφὴ
2677 2487 2862 2538 καὶτὰ
2890 2486 3260 2555 ἁμαρτήματα
3297 2482 3392 2536 καὶ
3425 2480 3524 2542 τὰς
3561 2477 3744 2537 αἰτίας
3771 2476 3870 2527 αὑ-

2289 2568 2394 2619 τῶν
2433 2568 2611 2634 λέγειν
2651 2568 2857 2628 εἴωθεν,
2897 2569 3061 2620 ἄκουε
3095 2566 3223 2632 γοῦν
3255 2567 3350 2617 καί
3383 2561 3615 2617 ἐνταῦθα
3647 2560 3700 2611 τί
3732 2572 3869 2626 φησι

2290 2651 2418 2719 περί
2457 2650 2550 2702 τοῦ
2584 2648 2749 2712 Ὀζία.
2783 2650 2855 2700 Οὑ
2893 2649 3001 2718 γὰρ
3027 2650 3110 2700 ὅτι
3146 2647 3333 2716 ὑψώθη
3383 2648 3416 2716 ὴ
3449 2643 3644 2713 καρδία
3677 2638 3869 2705 αὑτοῦ,

2291 2731 2448 2785 τοῦτο
2481 2734 2638 2802 μόνον
2671 2732 2817 2800 ἡμᾶς
2862 2729 3121 2793 ἐδίδαξεν,
3159 2729 3293 2783 ἀλλά
3333 2728 3428 2781 καὶ
3471 2726 3634 2779 πόθεν
3676 2723 3870 2792 ὑψώθη

2291 2815 2616 2882 προσέθηκε.
2651 2813 2823 2866 Πόθεν
2868 2809 2960 2865 οῦν
2993 2812 3215 2881 ὑψώθης
3257 2812 3457 2865 Ἡνίκα
3491 2811 3733 2878 ἰσχυσε,
3770 2823 3870 2876 φη-

2293 2898 2395 2960 σὶν,
2427 2896 2635 2964 ὑψώθη
2666 2895 2704 2961 ἢ
2739 2894 2950 2962 καρδιά
2979 2894 3186 2949 αὑτοῦ.
3219 2895 3332 2947 Οὑκ
3359 2895 3552 2964 ῆνεγκς
3577 2890 3675 2960 τῆς
3705 2891 3872 2943 δυνα-

2293 2981 2473 3042 στείας
2508 2980 2569 3032 16
2605 2979 2849 3049 μέγεθος,
2878 2978 2990 3032 ἀλλ’
3023 2977 3209 3048 ῶσπερ
3239 2977 3298 3044 ἐξ
3319 2975 3623 3045 ἀδηφαγίας
3653 2972 3753 3042 μὲν
3782 2972 3874 3040 γί-

2292 3080 2439 3115 νεται
2479 3062 2773 3131 φλεγμονὴ,
2820 3062 2884 3113 ἐκ
2915 3060 3218 3130 φλεγμονῆς
3253 3059 3309 3111 δέ
3348 3058 3586 3110 τίκτεται
3612 3053 3871 3124 πυρετὸς,

2294 3142 2410 3195 εἶτα
2437 3145 2642 3195 ἐκεῖθεν
2675 3143 2900 3204 θάνατος
2925 3142 3202 3203 πολλάκις·
3229 3139 3369 3192 οὕτω
3391 3139 3483 3190 1:61
3510 3137 3742 3190 ἐνταῦθα
3765 3136 3876 3187 ἀπὸ

2293 3224 2393 3292 τῆς
2422 3224 2620 3292 πολλῆς
2651 3225 2666 3262 ἱ
2708 3223 2815 3275 τῶν
2850 3223 3189 3292 πραγμάτων
3220 3219 3508 3291 περιϐολῆς
3532 3217 3760 3270 ἀπόνοια
3780 3215 3873 3283 γέο

2295 3322 2467 3373 γονεν.
2503 3306 2680 3375 Ὅπερ
2704 3305 2809 3375 γάρ
2848 3305 2938 3356 ἐπὶ
2965 3305 3073 3356 τῶν
3102 3304 3367 3372 στομάτων
3395 3299 3691 3370 φλεγμονὴ,
3715 3298 3880 3352 τοῦτο

2296 3389 2388 3439 ὲπί
2421 3387 2526 3440 τῶν
2564 3387 2750 3457 ψυχῶν
2783 3388 3028 3440 ἀπόνοια.
3068 3383 3200 3438 Εἶτα
3237 3383 3296 3448 ἐξ
3328 3383 3582 3446 ἀπονοίας
3607 3379 3877 3452 ἐπιθυμία

2294 3470 2400 3523 τῶν
2424 3469 2484 3521 ού
2518 3471 2904 3540 προσηκόντων
2933 3469 3082 3538 αύτῷ
3106 3467 3462 3538 πραγμάτων.

2367 3650 2426 3696 5’.
2451 3641 2632 3696 Ταῦτα
2658 3644 2754 3712 οὑχ
2778 3642 2958 3705 ἁπλῶς
2995 3641 3325 3712 μηκύνομεν,
3347 3639 3462 3692 ἀλλ’
3491 3639 3580 3691 ἴνα
3605 3635 3878 3707 μηδέποτε

2300 3725 2573 3792 ζηλωτοὺς
2625 3721 2762 3776 εἰναι
2805 3725 3077 3793 νομίζητε,
3113 3723 3244 3792 μηδέ
3288 3720 3626 3792 μακαρίζητε
3656 3735 3784 3779 τοις
3818 3719 3877 3768 ἐν

2301 3805 2448 3878 [119]
2476 3807 2810 3868 δυναστείαις
2840 3807 3018 3868 ὄντας,
3048 3807 3246 3867 εἰδότες
3270 3805 3393 3857 ὅσον
3421 3803 3515 3855 τοῦ
3555 3800 3878 3872 πράγματος

2297 3890 2358 3941 16
2389 3888 2697 3956 ἐπισφαλές·
2741 3889 2828 3941 ἵνα
2857 3888 3126 3958 μηδέποτε
3155 3888 3279 3949 τοὺς
3307 3889 3363 3938 ἐν
3397 3883 3556 3954 πενίᾳ
3586 3882 3880 3934 1611616:-

2299 3973 2480 4043 πωρίᾳ
2505 3972 2723 4034 ἀθλίους
2759 3971 2773 4020 i
2813 3971 3038 4041 ἡγῆσθε,
3073 3970 3273 4032 εἰδότες
3289 3970 3374 4022 ῦτι
3401 3967 3598 4019 πλείων
3627 3963 3879 4016 ἐντεῦθεν

2301 4057 2334 4124 ή
2363 4055 2646 4122 ἀσφάλεια.
2677 4054 2754 4105 Δι’
2788 4053 2815 4104 6
2845 4054 2935 4104 καί
2959 4055 2986 4106 6
3019 4054 3304 4124 Προφήτης
3331 4051 3460 4103 ἐϐόα
3489 4049 3680 4116 λέγων·
3718 4048 3881 4115 Ἄτα-

2300 4139 2406 4190 θόι·
2420 4155 2536 4204 μοι.
2559 4135 2750 4200 Κύριε.
2782 4135 2869 4187 ὅτι
2899 4134 3302 4198 ἐταπείνωσάς
3319 4150 3413 4200 με.
3433 4135 3572 4202 Ὅρα
3601 4129 3731 4197 γοῦν
3754 4131 3882 4181 ὅσον

2301 4220 2364 4271 ἐκ
2412 4218 2503 4270 τοῦ
2547 4217 2712 4284 ὕψους
2748 4217 2938 4284 γέγονε
2984 4217 3042 4267 16
3092 4216 3279 4268 κακόν.
3321 4214 3545 4283 Ὑψώθη
3587 4214 3626 4281 ἠ
3665 4211 3882 4278 καρδία

2301 4301 2485 4353 αὑτοῦ
2531 4299 2640 4363 ἕως
2683 4299 2789 4352 τοῦ
2840 4297 3188 4366 διαφθεῖραι,
3237 4296 3390 4367 φησί.
3420 4295 3485 4346 Τί
3534 4297 3699 4356 ἐστιν,
3724 4294 3880 4357 Ἕως

2302 4385 2406 4437 τοῦ
2438 4384 2805 4451 διαφθεῖραις
2837 4383 2955 4433 Τῶν
2985 4381 3235 4452 πονηρῶν
3254 4379 3525 4450 λογισμῶν
3551 4378 3598 4430 οἰ
3633 4377 3731 4446 μὲν
3757 4374 3882 4427 οὐδὲ

2301 4469 2434 4528 ὅλως
2468 4466 2622 4536 ὴμῶν
2667 4465 3000 4517 ἐπιϐαίνουσι
3047 4467 3112 4532 τῇ
3151 4464 3294 4532 ψυχῇ
3319 4461 3367 4526 κ,
3409 4462 3475 4515 ἂν
3511 4460 3675 4527 πολλῇ
3719 4473 3881 4525 1:59:-

2305 4550 2597 4621 φράξωμεν
2655 4549 2880 4610 ἐαυτοὺς
2930 4545 3212 4616 ἀσφαλείᾳ·
3264 4547 3313 4598 οἰ
3358 4544 3416 4597 δὲ
3457 4544 3728 4597 τίκτονται
3781 4540 3878 4608 μὲν

2304 4634 2482 4696 ἔνδον,
2528 4632 2955 4702 ρᾳθυμησάντων
3008 4630 3062 4681 δὲ
3104 4629 3294 4697 ήμῶν,
3337 4627 3432 4680 καὶ
3471 4625 3880 4695 βλαστάνουσιν·

2305 4716 2369 4768 ἂν
2400 4716 2454 4766 δὲ
2481 4713 2860 4783 προληφθῶσιν
2887 4710 2930 4774 ι,
2959 4710 3344 4776 ἀποπνίγονται
3371 4707 3578 4775 ταχέως
3601 4705 3692 4756 καὶ
3714 4720 3883 4755 κατα-

2306 4797 2624 4867 χώννυνται.
2653 4795 2832 4847 Ἀλλοι
2863 4795 2955 4847 καὶ
2983 4794 3274 4855 τίκτονται,
3306 4792 3398 4843 καί
3419 4789 3759 4854 αὑξάνονται,
3785 4785 3883 4837 καὶ

2305 4880 2440 4949 1:96;
2481 4879 2578 4940 τὰς
2625 4877 2864 4944 πονηράς
2919 4874 3226 4928 ἐκϐαίνουσι
3273 4871 3519 4941 πράξεις,
3561 4871 3655 4922 καὶ
3701 4869 3883 4920 πᾶσαν

2304 4963 2461 5032 ήμῶν
2498 4963 2593 5031 τῆς
2618 4961 2793 5030 ψυχῆς
2830 4961 2928 5028 τὴν
2966 4958 3150 5026 ὑγείαν
3187 4956 3609 5026 διαφθείρουσιν,
3663 4955 3791 5004 ὅταν
3824 4953 3884 5002 ἐν

2308 5031 2472 5114 πολλῇ
2523 5042 2807 5111 γενώμεθα
2859 5039 3112 5111 ῥαθυμίᾳ.
3167 5039 3338 5091 Τοῦτο
3409 5031 3502 5090 οῦν
3561 5051 3742 5104 φησιν,
3799 5034 3882 5086 ὅτι

2320 5127 2546 5194 Ὑῖίκὺθη
2583 5129 2619 5192 ἡ
2664 5125 2875 5190 καρδία
2918 5122 3121 5176 αὐτοῦ·
3172 5121 3267 5173 καὶ
3301 5121 3400 5172 οὑκ
3433 5119 3642 5188 ἔμεινεν
3670 5115 3817 5168 ἔνδον
3845 5117 3878 5183 ὴ

2308 5213 2553 5275 ἀπόνοια,
2588 5211 2707 5262 ούδέ
2735 5205 3090 5275 κατεσϐέσθη,
3121 5205 3234 5258 ἀλλ’
3263 5203 3574 5273 ἐξεπήδησε,
3616 5200 3708 5253 1:61
3741 5199 3880 5269 1:96;

2373 5455 2395 5488 κ
2423 5454 2555 5501 Alius
2581 5450 2672 5513 πῦρ
2692 5451 2958 5513 ἀνάπτεται.

2367 5514 2396 5550 ³³
2424 5513 2528 5561 Duo
2548 5504 2659 5559 mss:
2684 5513 2898 5572 λαμπρὰν
2921 5510 3032 5571 ἧψε.
3059 5521 3118 5556 ex
3152 5510 3452 5572 repetjlinne
3474 5505 3559 5553 τοῦ
3599 5504 3882 5572 6y_(_ietru_n-

2307 5584 2407 5623 θείη
2434 5577 2582 5633 prima
2609 5565 2893 5632 posle'rio'ris
2914 5565 3046 5618 vobis
3066 5565 3267 5630 syllabh.
3296 5569 3421 5617 Intra
3455 5581 3579 5616 unus
3597 5567 3766 5614 εὑθέων
3783 5565 3878 5612 τῶν

2305 5639 2521 5698 ὁρώντων
2548 5636 2820 5698 ἐμπίπρησι.

2376 5709 2386 5734 ι
2423 5692 2605 5750 Πολλῆς
2629 5692 2770 5742 deest
2791 5696 2837 5740 in
2867 5692 3019 5741 tribus
3051 5705 3166 5740 mss.

2375 5761 2387 5808 j
2424 5759 2543 5808 Tres
2572 5745 2684 5803 11155.
2707 5756 2842 5816 πενίᾳ
2879 5756 2958 5800 καὶ
3001 5752 3294 5816 ταλαιπωρίᾳ
3326 5751 3624 5816 60110139101
3647 5746 3716 5795 sic
3757 5745 3878 5805 leg“

2308 5823 2549 5870 Erasmus.
2579 5816 2705 5864 Edili
2739 5810 2852 5861 verb
2872 5816 2918 5862 ἐν
2940 5815 3073 5874 πενίᾳ
3106 5815 3185 5860 καὶ
3219 5810 3427 5874 εὐτελείᾳ
3459 5810 3655 5863 ἀθλίους.

2369 5883 2392 5916 ιε
2421 5884 2451 5928 Α
2465 5881 2554 5928 lius
2576 5878 2864 5925 ἐπιϐαίνουσι
2885 5883 2965 5931 τῆς
2980 5878 3144 5936 ψυχῆς.

2375 5940 2396 5982 ι
2423 5939 2519 5991 Mil
2547 5940 2852 5999 καταληφθῶς
2865 5955 2920 5982 ιν.
