4144 6468
207 397 310 453 117

216 498 471 552 sutorem,
497 502 666 545 nemo
684 490 1109 547 contradicturus
1130 500 1232 547 est.
1256 492 1392 558 Quid
1415 494 1572 563 igitur
1591 493 1663 547 ait
1683 493 1821 548 Pau-

227 577 611 635 lusTimotheo
635 582 914 636 scribens?
947 583 1049 649 Qui
1078 597 1248 653 nuper
1286 585 1713 653 praedicationem
1743 594 1801 638 at»

228 672 362 742 tigit,
389 686 513 725 eum
548 688 655 726 non
682 682 929 742 oportere
950 674 1016 727 ad
1038 688 1301 730 summam
1333 676 1565 744 episcopi
1595 675 1822 744 dignita-

228 773 332 815 tem
360 764 537 828 evehi,
570 764 655 818 his
695 779 883 835 nempe
910 764 1120 820 verbis:
1149 764 1270 819 Non
1301 768 1631 836 neaphytum.
1679 784 1741 821 ne
1768 768 1819 821 in

222 854 509 920 superbiam
526 855 709 920 elatus,
735 856 785 907 in
798 856 1049 925 judicium
1067 856 1274 921 incidat,
1302 868 1347 910 et
1373 859 1425 910 in
1452 856 1687 929 laqueum
1708 858 1823 910 dia-

226 946 327 999 boli
361 945 430 1015 (ί.
468 946 599 1000 Tim.
633 947 685 1001 '5.
710 947 795 1017 6);
843 963 909 1001 ne
952 948 1166 1016 eadem,
1207 950 1393 1019 inquit,
1444 966 1669 1022 peccans
1694 967 1816 1007 cum

224 1042 338 1110 illo,
369 1043 553 1097 eadem
585 1060 704 1098 cum
737 1044 828 1099 illo
854 1047 1101 1113 patiatur.

297 1135 347 1190 4.
380 1133 611 1189 Alienam
638 1136 1005 1206 improbitatem
1028 1135 1208 1191 solatio
1234 1151 1340 1189 esse
1368 1133 1818 1205 improbis.—Hoc

223 1241 355 1281 vero
385 1243 489 1281 non
524 1228 647 1281 hinc
672 1229 841 1282 solum
870 1239 949 1283 est
980 1228 1343 1298 perSpicuum,
1364 1243 1545 1283 verum
1566 1228 1725 1283 etiam
1748 1241 1815 1282 ex

224 1322 293 1374 iis
307 1338 424 1391 qua:
442 1323 699 1377 scelestus
720 1323 806 1377 ille
831 1322 1040 1377 daemon
1068 1324 1239 1393 primo
1262 1323 1458 1376 homini
1488 1323 1678 1377 suasit.
1702 1322 1817 1376 Sic-

223 1420 287 1465 ut
324 1412 465 1466 enim
508 1412 661 1467 bouis
703 1412 788 1467 hic
817 1426 932 1466 mos
964 1423 1077 1477 est,
1134 1428 1229 1483 per
1268 1428 1385 1483 qua!
1417 1412 1513 1481 ipsi
1542 1413 1661 1467 facti
1693 1420 1817 1466 sunt

220 1504 349 1557 boni
372 1545 386 1569 ,
416 1504 484 1558 ad
510 1504 694 1560 eadem
718 1504 994 1560 exhortari
1026 1505 1298 1575 proximos
1322 1521 1341 1558 :
1372 1506 1439 1559 ita
1466 1513 1520 1560 et
1546 1505 1701 1559 malis
1730 1506 1817 1560 hic

220 1605 308 1650 est
350 1610 468 1651 mos
488 1637 504 1661 ,
549 1612 645 1666 per
687 1611 805 1667 qua:
836 1597 932 1667 ipsi
959 1605 1084 1651 sunt
1116 1596 1377 1667 improbi,
1410 1595 1598 1651 eadem
1625 1594 1815 1652 vicinis

222 1688 499 1744 invehere.
527 1688 659 1743 Nam
689 1704 791 1743 una
823 1688 937 1744 hinc
966 1698 1052 1743 est
1080 1688 1293 1743 illorum
1326 1688 1542 1743 malitiae
1571 1689 1777 1758 species
1796 1728 1811 1752 ,

221 1789 286 1835 ut
328 1779 553 1835 aliorum
604 1780 891 1849 perniciem
939 1780 1190 1834 solatium
1230 1780 1313 1834 sui
1358 1780 1601 1849 supplicii
1640 1780 1811 1834 existi-

220 1881 392 1927 ment.
437 1871 576 1937 Quid
619 1872 777 1942 igitur
802 1871 1049 1926 diabolus
1074 1872 1243 1926 suasit
1274 1872 1519 1927 Adamn?
1546 1872 1617 1927 Ut
1643 1872 1817 1927 conci-

221 1970 378 2030 peret
401 1961 776 2031 cogitationem
798 1976 891 2019 sua
920 1971 1106 2016 natura
1137 1962 1391 2031 majorem
1417 2004 1434 2031 ,
1462 1963 1667 2032 sibique
1692 1977 1813 2017 eum

230 2055 339 2108 Deo
370 2065 612 2124 speraret
638 2055 993 2125 :equalitatcm
1023 2054 1174 2125 (Gen.
1207 2057 1286 2125 3).
1319 2055 1371 2110 Si
1401 2056 1543 2109 enim
1564 2098 1576 2116 .
1611 2056 1813 2125 inquit,

223 2146 341 2199 haec
370 2161 457 2201 res
482 2161 567 2201 me
588 2145 655 2202 de
675 2146 806 2201 caelo
827 2146 1058 2215 expulit,
1084 2145 1251 2201 multo
1272 2146 1440 2215 magis
1460 2146 1648 2199 eadem
1676 2146 1816 2201 hunc

220 2236 403 2304 ejiciet
445 2252 476 2290 e
523 2237 789 2305 paradiso.
834 2238 1174 2307 Quapropter
1211 2248 1263 2292 et
1298 2237 1552 2293 Salomon
1591 2238 1725 2293 dixit
1756 2240 1769 2269 ¹
1799 2256 1812 2293 :

227 2329 363 2380 Deus
377 2328 600 2395 superbis
621 2329 803 2381 resistit
826 2327 1003 2398 (Prov.
1027 2331 1078 2383 5.
1100 2329 1187 2383 54.
1216 2328 1387 2382 1.Ρει.
1408 2330 1461 2383 5.
1490 2331 1543 2383 5.
1567 2337 1614 2381 et
1633 2327 1813 2382 Iacob.

223 2422 279 2474 ι.
320 2418 396 2490 6).
426 2419 539 2473 Non
572 2420 703 2474 dixit
737 2438 750 2473 :
780 2421 919 2475 Deus
948 2420 1210 2489 superbus
1240 2421 1495 2485 dimittit,
1526 2429 1579 2475 ct
1607 2421 1658 2473 in
1690 2435 1816 2490 pec-

221 2512 360 2565 catis
404 2512 629 2578 deserit,
680 2527 880 2582 suoque
924 2514 1089 2566 nudat
1133 2512 1527 2576 auxilio:sed,
1576 2511 1815 2577 Resistit,

225 2603 444 2670 inquit:
476 2618 580 2655 non
620 2602 758 2671 quod
802 2604 1056 2657 instructa
1098 2604 1213 2658 acie
1257 2613 1347 2657 aut
1394 2620 1565 2673 pugna
1607 2604 1715 2657 Deo
1751 2602 1819 2657 sit

220 2708 360 2759 Opus
392 2692 645 2747 adversus
680 2694 967 2761 superbum
995 2711 1009 2757 ;
1054 2694 1178 2763 quid
1219 2695 1362 2748 enim
1389 2709 1507 2749 esse
1534 2694 1700 2764 possit
1725 2709 1818 2748 su-

224 2784 394 2850 perbo
425 2782 682 2836 inﬁrmius
706 2782 727 2835 ?
756 2784 886 2837 Nam
915 2796 968 2836 ut
992 2786 1080 2854 qui
1104 2785 1323 2839 orbatus
1347 2793 1429 2839 est
1455 2785 1625 2838 oculis
1645 2826 1661 2851 ,
1694 2800 1815 2838 om-

225 2876 374 2928 nium
406 2876 677 2943 expositus
703 2885 784 2929 est
813 2876 1019 2945 injuria:
1042 2918 1056 2939 ,
1089 2876 1159 2930 ita
1189 2886 1244 2930 et
1271 2877 1567 2945 superbus,
1592 2876 1682 2945 qui
1710 2889 1817 2929 non

226 2968 375 3020 videt
422 2967 700 3020 Dominum
752 2966 894 3038 (nam
947 2965 1164 3020 Initium
1213 2967 1490 3036 superbice,
1540 2975 1598 3019 ut
1649 2966 1819 3035 inquit

225 3061 534 3129 Scriptura,
567 3070 637 3113 est
678 3077 776 3113 non
821 3076 965 3115 nosse
1011 3059 1286 3113 Dominum
1324 3058 1510 3132 [Εεειί.
1541 3061 1627 3115 10·
1660 3059 1750 3131 Η]
1772 3056 1816 3130 )ν

227 3154 392 3205 etiam
419 3152 485 3205 ab
510 3151 808 3205 hominibus
835 3152 985 3206 facile
1011 3160 1323 3219 superatur,
1354 3160 1695 3220 posteaquam
1726 3166 1821 3204 cx-

224 3243 358 3297 cidit
382 3243 449 3296 ab
480 3244 567 3296 illa
598 3244 735 3297 luce.
767 3243 916 3310 Quod
945 3244 989 3296 si
1020 3245 1178 3296 etiam
1205 3242 1410 3295 validus
1432 3258 1493 3295 ac
1524 3250 1711 3310 potens
1735 3255 1821 3293 es-

226 3344 311 3387 set
345 3335 637 3404 superbus,
680 3332 808 3387 nihil
834 3348 966 3403 opus
994 3342 1139 3388 esset
1164 3333 1273 3386 Deo
1300 3334 1533 3385 exercitu
1563 3331 1819 3385 adversus

228 3428 378 3481 illum
431 3445 445 3483 :
495 3428 579 3481 cui
625 3428 765 3481 enim
810 3427 1055 3480 voluntas
1094 3424 1223 3479 satis
1268 3424 1453 3479 fuitad
1483 3423 1819 3493 producenda

228 3518 409 3571 omnia
427 3558 440 3581 ,
469 3518 632 3570 multo
657 3518 820 3586 magis
842 3515 1115 3571 sufﬁceret
1137 3516 1202 3570 ad
1224 3532 1286 3570 ea
1312 3516 1565 3570 tollenda.
1596 3515 1702 3569 Cur
1723 3516 1819 3584 igi-

231 3620 346 3675 tur,
386 3610 591 3679 inquies
614 3650 627 3671 ,
676 3609 915 3663 resistit?
941 3608 1094 3674 Quod
1122 3611 1408 3664 vehemens
1432 3609 1610 3662 odium
1641 3609 1820 3663 decla-

228 3712 314 3755 ret
342 3716 465 3769 erga
496 3702 800 3769 superbum.
831 3700 1011 3770 Itaque
1036 3701 1337 3770 superbiam
1365 3716 1483 3755 esse
1508 3701 1699 3754 vulnus
1726 3716 1821 3769 pe-

231 3792 561 3858 riculosum,
608 3802 717 3845 tum
759 3808 821 3845 ex
863 3792 946 3845 his
983 3807 1105 3861 qua:
1138 3790 1407 3857 diximus,
1448 3800 1557 3844 tum
1598 3805 1664 3844 ex
1704 3790 1821 3843 aliis

231 3883 576 3951 perspicuum
597 3891 694 3935 est.
725 3880 874 3948 Quod
900 3882 945 3936 si
967 3882 1127 3935 vultis
1147 3922 1161 3946 ,
1193 3881 1353 3935 etiam
1380 3896 1596 3935 causam
1624 3880 1812 3949 ipsam,

229 3974 377 4028 unde
404 3973 596 4027 vulnus
616 3973 717 4027 hoc
740 3973 967 4040 accidit,
994 3973 1207 4028 aliunde
1232 3974 1519 4027 discamus.
1545 3971 1821 4043 Siquidem

233 4066 323 4120 hic
372 4064 658 4134 Scripturre
698 4079 814 4118 mos
858 4073 977 4128 est,
1026 4065 1071 4119 si
1115 4064 1328 4134 quando
1376 4073 1527 4134 parat
1568 4078 1822 4118 accusare

230 4157 541 4227 quempiam
566 4198 581 4221 ,
630 4170 733 4209 non
780 4154 940 4210 modo
982 4164 1260 4224 peccatum
1293 4155 1432 4208 illius
1462 4169 1711 4217 narrare,
1742 4168 1825 4206 ve-

232 4266 357 4304 rum
381 4252 539 4303 etiam
561 4249 752 4302 docere
775 4262 871 4302 nos
894 4263 1014 4317 qua:
1039 4247 1192 4301 fuerit
1215 4247 1414 4314 peccati
1436 4260 1594 4299 causa
1621 4262 1635 4299 :
1662 4244 1711 4298 id
1736 4260 1824 4298 au-

232 4353 343 4397 tem
375 4340 500 4393 facit
526 4381 539 4404 ,
570 4348 626 4393 ut
653 4354 746 4393 eos
774 4338 862 4407 qui
882 4338 997 4392 sani
1023 4347 1146 4391 sunt
1173 4336 1359 4391 reddat
1382 4338 1601 4391 tutiores
1622 4337 1824 4389 cautio-

230 4446 465 4501 resque,
496 4445 563 4482 ne
594 4430 644 4481 in
672 4428 854 4482 eadem
884 4426 1122 4481 incidant
1149 4428 1308 4481 mala.
1337 4427 1594 4482 Similiter
1619 4436 1676 4481 et
1705 4442 1823 4480 me-

230 4523 341 4577 dici
386 4520 451 4574 ad
492 4528 808 4589 :egromntes
846 4518 1109 4588 ingressi,
1148 4518 1309 4572 etiam
1350 4527 1472 4571 ante
1500 4518 1715 4571 morbos
1742 4516 1820 4587 (a)

233 4616 413 4668 fontes
461 4613 771 4682 explorant,
819 4622 873 4665 ut
900 4611 1097 4681 prmvia
1120 4626 1246 4666 cura
1272 4618 1553 4665 coerceant
1581 4611 1822 4664 malum:

231 4704 437 4760 etenim
464 4705 550 4771 qui
577 4743 591 4766 ,
624 4710 870 4755 manente
900 4702 1079 4755 radice
1101 4741 1117 4762 ,
1142 4715 1319 4754 ramos
1347 4708 1548 4753 tantum
1572 4709 1824 4767 exsecat,

234 4794 374 4850 nihil
414 4794 553 4846 aliud
596 4807 750 4861 quam
797 4792 1008 4845 inanem
1054 4791 1216 4843 sumit
1259 4806 1496 4859 operam.
1541 4791 1639 4845 Ubi
1667 4792 1826 4861 igitur

231 4886 511 4954 Scriptura
554 4894 608 4938 et
649 4892 918 4953 peccatum
958 4892 1013 4937 et
1042 4881 1244 4952 peccati
1272 4897 1485 4936 causam
1516 4883 1823 4947 eloquitur?

233 4973 604 5046 Reprehendit
640 4989 731 5028 eos
769 4974 856 5043 qui
887 4981 1276 5043 prmcesserunt
1299 4972 1551 5026 diluvium
1580 5014 1594 5039 ,
1624 4973 1692 5026 ob
1724 4973 1823 5026 illi-

233 5070 378 5123 citos
403 5077 718 5133 congressus
744 5080 756 5115 :
782 5072 940 5130 atque
968 5062 1089 5115 audi
1118 5062 1388 5132 quomodo
1409 5077 1623 5117 causam
1650 5062 1827 5132 expri-

236 5168 353 5213 mat
382 5174 393 5209 :
419 5155 541 5209 Cum
567 5152 798 5205 vidissent
829 5153 921 5221 ﬁlii
941 5151 1038 5205 Dei
1061 5152 1195 5219 ﬁlias
1217 5153 1471 5205 hominum
1500 5169 1604 5205 esse
1634 5155 1827 5221 formo-

232 5270 321 5307 sas
342 5292 357 5317 ,
401 5255 691 5315 acceperunt
734 5245 849 5297 illas
886 5244 979 5296 sibi
1022 5246 1075 5297 iu
1105 5260 1288 5298 uxores
1323 5244 1473 5314 (σιμ.
1500 5246 1551 5297 ti.
1583 5244 1664 5312 Ξ).
1690 5242 1825 5310 Quid

304 5388 321 5418 ι
359 5390 567 5443 Quatuor
605 5386 747 5436 ωδε..
775 5381 836 5443 et
862 5374 996 5443 Sirae
1032 5375 1359 5443 dimt.__Atqui_
1385 5377 1493 5443 haec
1524 5378 1675 5443 verba
1713 5384 1827 5443 sunt

232 5437 505 5498 Salomonis
528 5446 575 5493 in
599 5440 865 5501 Proverbiis
886 5473 900 5497 ,
937 5437 1050 5487 licet
1085 5437 1245 5501 simile
1281 5437 1522 5501 quidpiam
1548 5442 1594 5486 in
1618 5440 1825 5488 siracide

231 5514 389 5559 etiam
411 5506 631 5567 legatur,
662 5500 968 5567 10,14._Non
1004 5512 1115 5547 raro
1137 5498 1824 5567 Chrysostoinus§atomonem

232 5576 375 5633 ponit
400 5559 491 5633 pro
505 5559 711 5633 Siracide
733 5577 748 5623 ;
772 5559 861 5611 sed
885 5572 1121 5622 nusquam
1142 5559 1331 5610 adverti
1354 5562 1479 5623 apud
1504 5560 1637 5609 illum
1661 5564 1826 5611 Siraci-

228 5624 351 5681 aein
379 5624 488 5691 [ἱοαὶ
520 5640 607 5690 pro
629 5624 895 5674 Salomone.

293 5695 371 5755 (a)
409 5694 489 5744 Gr.
524 5694 604 5741 καὶ
651 5694 745 5753 πρὸ
784 5691 877 5737 τῶν
916 5692 1222 5755 γοα-ιῃράτιιινἶ
1253 5692 1399 5755 Hanc,
1432 5691 1805 5741 similitudinem

222 5748 378 5805 afer’t
398 5748 792 5817 Chrysostomus,
826 5748 1176 5817 ut_signiﬁ_cet,
1206 5753 1365 5817 Deum
1384 5754 1544 5817 justos
1565 5757 1809 5815 exemplis

227 5810 759 5873 eautiores'reddere,
792 5824 855 5860 ne
887 5813 934 5859 iu
959 5810 1157 5860 morbos
1178 5814 1329 5861 animi
1356 5810 1588 5863 incidant.

1160 380 1225 437 IN
1264 382 1490 445 ILLUD,
1534 381 1669 437 VIDI
1712 382 2042 453 ῡΟΜΙΝυΜ,
2085 388 2316 448 1101111..
2359 394 2445 451 111.

1931 499 2129 569 igitur?
2177 521 2302 560 num
2350 510 2693 578 pulchritudo
2734 528 2893 571 causa
2936 528 3014 575 est
3044 440 3518 591 peccatilAbslu1

1924 600 2007 645 est
2051 595 2195 649 enim
2241 596 2433 654 divina:
2481 603 2760 673 sapientia:
2797 621 2965 678 opus;
3014 627 3148 682 opus
3192 625 3370 673 autem
3415 619 3507 676 Dei

1923 697 2211 754 numquam
2241 691 2408 758 possit
2431 708 2552 749 esse
2572 711 2733 751 causa
2755 703 2979 769 peccati.
3011 703 3115 759 Sed
3143 718 3392 777 aspectus
3412 712 3507 768 fuit

1923 786 2080 828 eausa
2132 780 2373 845 peccati?
2412 781 2487 838 Ne
2527 784 2579 838 id
2619 788 2834 855 quidem
2880 809 2894 845 :
2936 808 3055 848 nam
3098 797 3279 853 ethoc
3306 811 3510 856 natum

1922 877 2057 932 opus
2083 877 2181 921 est.
2212 867 2313 923 Sed
2335 873 2459 941 quid
2487 876 2697 931 tandem
2717 879 2741 932 Ἰ
2760 880 2894 937 Male
2914 884 3095 940 videre
3118 903 3132 939 :
3158 903 3276 942 nam
3304 890 3404 947 hoc
3427 902 3512 949 est

1923 954 2227 1050 depravata:
2250 962 2556 1019 voluntatis.
2582 968 2705 1023 ideo
2744 973 2955 1041 sapiens
2980 976 3193 1043 quidam
3232 981 3507 1050 admonet,

1924 1046 2105 1143 dicens
2133 1091 2155 1143 ,
2168 1050 2266 1143 ANe
2308 1056 2592 1110 consideres
2617 1060 3043 1128 pulchritudinem
3071 1067 3289 1123 alienam
3320 1046 3506 1143 (Eccli.

1922 1137 1973 1192 9.
2015 1139 2092 1207 8).
2137 1140 2252 1197 Non
2292 1144 2424 1198 dixit
2449 1186 2465 1209 .
2507 1148 2583 1203 Ne
2611 1150 2832 1206 videas:
2862 1154 2910 1208 id
2940 1157 3080 1211 enim
3110 1137 3505 1233 nonnumquam

1920 1242 2047 1284 casu
2075 1232 2132 1285 ﬁt
2154 1274 2169 1299 ,
2200 1233 2292 1289 sed
2314 1275 2329 1300 ,
2368 1235 2447 1290 Ne
2468 1241 2755 1297 consideres
2776 1286 2789 1310 ,
2821 1246 3023 1314 inquit,
3056 1250 3186 1305 illud
3217 1232 3412 1309 tollens
3436 1272 3507 1312 ne

1920 1322 2095 1377 studio
2138 1323 2656 1397 animadvertamus,
2705 1348 2771 1388 ne
2808 1336 3020 1393 curiose
3063 1340 3406 1412 intueamur,
3438 1361 3507 1400 ne

1921 1414 2124 1468 vitiosm
2165 1419 2601 1486 contemplationi
2646 1423 3027 1493 immoremur,
3069 1446 3187 1501 quae
3225 1434 3294 1489 ab
3329 1436 3507 1490 animo

1920 1514 2175 1574 corrupto
2201 1517 2255 1560 et
2283 1510 2678 1579 concupiscenti
2715 1516 3083 1582 proﬁciscitur.
3113 1520 3218 1575 Sed
3247 1524 3401 1592 quid,
3427 1526 3509 1579 in-

1918 1594 2066 1662 quiet
2092 1595 2307 1665 aliquis,
2333 1596 2459 1652 liinc
2479 1600 2656 1655 damni
2687 1604 2856 1671 possit
2876 1607 3048 1661 oriri?
3069 1609 3151 1663 Ea:
3170 1612 3282 1678 hoc,
3310 1614 3501 1684 inquit,

1918 1704 2062 1740 amor
2102 1690 2231 1743 velut
2255 1691 2386 1760 ignis
2410 1694 2653 1745 excitatur
2685 1693 2845 1763 (Ibid.
2876 1715 2922 1750 υ.
2949 1698 3026 1769 9).
3057 1700 3125 1756 Ut
3153 1704 3295 1757 enim
3328 1705 3462 1774 ignis
3485 1744 3502 1770 ,

1920 1778 2008 1832 ubi
2053 1777 2253 1834 frenum
2296 1792 2387 1834 aut
2434 1782 2681 1851 stipulam
2708 1786 3026 1854 arripuerit,
3058 1790 3189 1844 nihil
3219 1801 3459 1847 moratur
3480 1833 3497 1858 ,

1917 1868 2013 1923 sed
2042 1871 2199 1924 simul
2226 1880 2283 1925 ut
2306 1872 2475 1941 attigit
2500 1874 2810 1938 materiam,
2844 1876 3069 1931 lucidam
3092 1881 3331 1935 accendit
3352 1881 3503 1936 flam-

1919 1976 2060 2014 mam
2092 1978 2106 2015 :
2141 1960 2322 2016 itidem
2346 1972 2400 2016 et
2428 1962 2564 2032 ignis
2590 1966 3033 2034 concupiscentia:
3059 1984 3178 2037 quae
3204 1979 3287 2024 est
3317 1971 3368 2025 in
3400 1987 3500 2024 no-

1919 2051 2030 2117 bis,
2055 2052 2211 2106 simul
2238 2061 2396 2122 atque
2425 2068 2519 2122 per
2544 2054 2820 2109 oculorum
2852 2057 3095 2111 intuitum
3123 2059 3417 2129 elegantem
3438 2075 3503 2116 ao

1917 2152 2194 2197 venustam
2220 2144 2452 2213 attigerit
2480 2143 2705 2198 formam
2727 2185 2742 2210 ,
2776 2148 3018 2214 protinus
3046 2150 3221 2203 exurit
3243 2150 3501 2205 animum.

1918 2234 2149 2289 Proinde
2176 2250 2241 2288 ne
2270 2245 2479 2305 spectes
2504 2238 2878 2305 temporariam
2909 2239 3047 2293 illam
3070 2280 3087 2305 ,
3112 2256 3228 2309 qua:
3249 2256 3313 2295 ex
3340 2256 3497 2311 aspe—

1919 2336 2005 2381 ctu
2049 2327 2436 2398 proﬁciscitur,
2480 2329 2799 2398 voluptatem
2822 2371 2837 2394 ,
2885 2332 2978 2386 sed
3008 2342 3316 2401 perpetuum
3345 2334 3504 2389 dolo-

1921 2434 2033 2472 rem
2074 2418 2350 2473 considera
2372 2460 2386 2485 ,
2432 2420 2520 2489 qui
2547 2422 2781 2475 nascitur
2808 2439 2870 2475 ex
2897 2425 3343 2493 concupiscentia.
3370 2425 3504 2482 Nam

1922 2510 2034 2571 illa,
2062 2508 2265 2563 inﬂicto
2290 2510 2539 2577 vulnere,
2586 2512 2899 2582 plerumque
2926 2514 3178 2569 celeriter
3202 2516 3375 2570 avolat
3400 2534 3415 2581 ;
3443 2527 3500 2573 at

1921 2601 2111 2654 vulnus
2132 2615 2235 2653 non
2266 2600 2440 2655 avolat
2464 2644 2475 2663 .
2500 2601 2594 2656 sed
2617 2603 2927 2672 plerumque
2953 2614 3130 2660 manet
3150 2616 3203 2661 et
3225 2607 3494 2665 interﬁcit.

1922 2691 1990 2745 Et
2028 2690 2472 2761 quemadmodum
2510 2707 2667 2748 cerva
2694 2697 2904 2750 conﬁxa
2926 2698 3101 2764 jaculo
3129 2699 3181 2753 in
3214 2700 3352 2754 letali
3379 2716 3503 2755 cor-

1923 2783 2066 2851 poris
2094 2792 2265 2850 parte,
2295 2784 2502 2839 etiamsi
2531 2796 2845 2840 venatorum
2877 2787 3089 2858 eﬁ‘ugiat
3116 2805 3335 2856 manus,
3370 2792 3503 2849 nihil

1924 2873 2045 2927 inde
2085 2874 2184 2927 fert
2222 2875 2353 2928 lucri
2385 2892 2398 2927 :
2428 2874 2505 2926 sic
2524 2875 3033 2947 etanima,accepto
3057 2880 3501 2949 concupiscentia:

1918 2964 2095 3032 jaculo
2131 2980 2160 3018 e
2197 2966 2393 3019 lascivo
2422 2965 2740 3035 curioseque
2763 2978 2977 3035 aspectu
2998 3009 3013 3034 ,
3043 2970 3249 3025 etiamsi
3281 2971 3503 3026 dimisso

1919 3054 2096 3122 ji-culo
2125 3056 2457 3122 permittatur
2485 3058 2631 3112 abire
2656 3098 2671 3121 ,
2706 3069 2879 3112 tamen
2907 3059 3016 3125 ipsa
3048 3072 3142 3126 per
3172 3074 3230 3113 se
3258 3075 3505 3115 corrum-

1924 3148 2064 3216 pitur
2091 3163 2153 3201 ac
2176 3149 2310 3217 perit
2332 3190 2346 3213 ,
2370 3150 2561 3219 ubique
2580 3150 2766 3205 videns
2800 3150 3032 3213 hostem,
3056 3159 3109 3203 et
3136 3150 3500 3220 insequentem

1924 3240 2142 3293 habens.
2167 3240 2267 3296 Sed
2300 3242 2437 3310 quod
2479 3242 2657 3297 dicere
2682 3259 2946 3312 cmperam
2978 3240 3167 3312 (neque
3190 3244 3331 3297 enim
3352 3259 3503 3298 com-

1923 3332 2239 3386 mittendum
2270 3342 2351 3387 est
2376 3344 2431 3386 ut
2476 3334 2525 3386 in
2550 3333 2649 3388 hoc
2676 3345 2781 3388 tam
2802 3336 2986 3404 longas
3012 3333 3272 3390 sermonis
3292 3333 3499 3403 digres—

1923 3424 2101 3477 siones
2146 3424 2459 3493 faciamus),
2504 3424 2776 3495 Scriptura
2818 3442 2940 3479 cum
2984 3430 3213 3495 peccatis
3250 3427 3411 3480 simul
3454 3432 3507 3477 et

1926 3525 2261 3583 peccatorum
2301 3530 2490 3569 causas
2530 3516 2667 3569 solet
2691 3531 3112 3571 commemorare
3142 3532 3156 3570 :
3185 3518 3306 3571 audi
3333 3529 3388 3573 et
3418 3514 3506 3571 hic

1924 3609 2051 3679 quid
2088 3609 2227 3664 dicat
2266 3609 2334 3663 de
2375 3608 2519 3663 Ozia.
2548 3608 2731 3677 Neque
2757 3610 2895 3663 enim
2926 3609 3026 3662 hoc
3053 3616 3254 3662 tantum
3282 3624 3377 3663 nos
3403 3609 3504 3663 do-

1924 3702 2065 3766 cuit,
2095 3703 2292 3755 elatum
2322 3700 2489 3755 fuisse
2516 3716 2608 3753 cor
2637 3701 2750 3769 ejus
2770 3742 2784 3763 ,
2815 3716 2997 3755 verum
3022 3700 3221 3755 addidit
3250 3701 3387 3756 unde
3409 3701 3508 3755 fuit

1924 3794 2142 3848 elatum.
2176 3791 2329 3847 Unde
2354 3806 2482 3860 ergo
2511 3792 2708 3844 elatum
2738 3790 2874 3845 fuit?
2900 3790 3026 3846 Cum
3053 3800 3226 3861 potens
3253 3802 3396 3855 esset,
3421 3792 3505 3846 in-

1925 3884 2071 3953 quit,
2100 3884 2285 3937 elatum
2309 3891 2381 3936 est
2407 3898 2494 3935 cor
2518 3884 2645 3953 ejus.
2668 3881 2781 3936 Non
2811 3882 2929 3937 tulit
2954 3883 3277 3952 principatus
3302 3883 3508 3952 magni-

1928 3977 2162 4031 tudinem
2187 4018 2203 4041 ,
2249 3975 2345 4031 sed
2383 3976 2520 4030 sicut
2544 3990 2609 4029 ex
2636 3974 2895 4029 edacitate
2922 3975 3154 4028 nascitur
3182 3977 3330 4043 ignea
3355 3973 3507 4029 inﬂa-

1928 4071 2001 4124 tio
2020 4111 2035 4136 ,
2068 4085 2131 4123 ex
2156 4066 2424 4122 inﬂatione
2449 4067 2675 4135 gignitur
2701 4065 2889 4131 febris,
2922 4065 3113 4119 deinde
3140 4080 3203 4119 ex
3235 4064 3365 4119 febri
3391 4066 3507 4133 ple-

1928 4173 2150 4227 rumque
2192 4172 2337 4210 mors
2384 4174 2397 4209 :
2448 4155 2626 4209 itidem
2673 4165 2725 4210 et
2768 4154 2853 4209 hic
2881 4171 2945 4210 ex
2980 4171 3157 4210 rerum
3184 4154 3505 4209 abundantia

1928 4258 2047 4304 nata
2088 4258 2170 4304 est
2206 4246 2470 4315 superbia.
2499 4245 2628 4300 Nam
2660 4245 2795 4316 quod
2825 4246 2876 4300 in
2904 4246 3213 4315 corporibus
3240 4256 3322 4300 est
3351 4246 3506 4299 infla-

1931 4344 2001 4395 tio
2022 4383 2036 4405 ,
2066 4342 2166 4395 hoc
2192 4342 2241 4393 in
2266 4339 2457 4393 animis
2476 4347 2557 4392 est
2584 4338 2851 4407 superbia.
2883 4337 3001 4392 Mox
3027 4353 3093 4391 ex
3120 4336 3364 4407 superbia
3388 4346 3507 4392 nata

1929 4444 2010 4490 est
2043 4434 2341 4504 appetentia
2366 4447 2543 4487 rerum
2571 4430 2669 4501 ipsi
2699 4445 2803 4484 non
2834 4431 3256 4498 congruentium.

2001 4526 2055 4581 5.
2097 4524 2223 4578 llaec
2248 4537 2351 4577 non
2382 4523 2497 4576 sine
2521 4536 2680 4575 causa
2708 4520 2796 4574 diu
2822 4529 3137 4585 tractamus,
3166 4518 3257 4571 sed
3287 4532 3353 4571 ne
3389 4532 3507 4570 um-

1932 4632 2090 4688 quam
2128 4614 2443 4671 existimetis
2481 4628 2600 4667 esse
2643 4609 3009 4679 su5piciendos
3033 4650 3047 4673 ,
3100 4622 3271 4675 neque
3327 4606 3508 4661 felices

1930 4707 2117 4761 dicatis
2158 4720 2250 4759 eos
2296 4704 2384 4772 qui
2440 4702 2789 4770 principatum
2831 4708 3060 4770 gerunt,
3112 4712 3234 4751 cum
3322 4698 3507 4753 sciatis

1930 4812 2084 4867 quam
2116 4794 2318 4848 lubrico
2353 4794 2403 4845 in
2432 4801 2572 4845 statu
2611 4800 2926 4851 versentur;
2973 4803 3070 4842 nec
3100 4802 3347 4856 umquam
3391 4784 3508 4839 illos

1926 4888 2173 4957 judicetis
2200 4886 2445 4945 miseros,
2478 4884 2565 4952 qui
2596 4882 2645 4935 in
2678 4890 2912 4951 egestate
2937 4889 2990 4933 et
3022 4877 3399 4932 afflictionibus
3428 4876 3509 4927 vi-

1930 4988 2077 5041 vunt,
2111 4976 2341 5032 scientes
2374 4973 2509 5027 hanc
2535 4974 2697 5026 vitam
2724 4986 2843 5025 esse
2863 4972 3031 5024 multo
3063 4970 3323 5022 tutiorem.
3358 4967 3509 5022 Unde

1931 5078 1983 5123 et
2013 5066 2267 5137 propheta
2291 5064 2484 5119 clamat
2519 5062 2700 5116 dicens
2732 5060 2964 5113 :Bonum
2991 5070 3061 5111 est
3082 5058 3223 5121 milii,
3260 5056 3509 5123 Domine,

1930 5161 2046 5229 quia
2075 5156 2353 5211 humiliasti
2375 5171 2451 5207 me
2476 5152 2493 5223 (
2520 5152 2663 5205 Psal.
2694 5151 2814 5205 118.
2843 5151 2905 5204 ’11
2934 5152 2973 5219 ).
3000 5148 3130 5202 Vide
3158 5148 3315 5218 igitur
3338 5162 3507 5217 quan-

1932 5262 2041 5305 tum
2064 5266 2128 5304 ex
2150 5247 2433 5303 eminentia
2452 5254 2629 5298 natum
2653 5243 2722 5297 sit
2742 5244 2957 5296 malum.
2980 5240 3185 5295 Elatum
3204 5249 3293 5304 est,
3318 5240 3507 5308 inquit,

1922 5356 2014 5394 cor
2036 5342 2143 5412 ejus
2166 5354 2321 5409 usque
2340 5338 2405 5389 ad
2433 5336 2805 5405 corruptionem
2824 5334 2897 5403 (2.
2931 5332 3101 5387 Paral.
3126 5330 3214 5384 26.
3241 5331 3350 5400 16).
3370 5330 3507 5395 Quid

1932 5444 2042 5499 est,
2074 5433 2238 5501 Usque
2278 5431 2344 5483 ad
2375 5429 2782 5497 corruptionem?
2803 5427 2978 5495 Usque
3002 5425 3065 5478 ad
3098 5439 3282 5493 pravas
3306 5421 3510 5491 cogita-

1931 5526 2099 5579 tiones
2128 5566 2141 5587 ,
2195 5537 2310 5592 quae
2341 5535 2557 5590 prorsus
2588 5534 2691 5572 non
2718 5516 3007 5571 ascendunt
3048 5517 3097 5567 in
3127 5515 3358 5567 animum
3401 5526 3503 5565 no-

1932 5627 2119 5676 strum,
2148 5614 2189 5667 si
2218 5628 2313 5665 nos
2343 5614 2484 5679 ipsos
2516 5611 2676 5663 multa
2707 5609 2953 5663 cautione
2990 5605 3454 5671 circumsepiamus
3487 5622 3503 5661 :

1932 5708 2023 5763 sed
2055 5709 2097 5759 si
2130 5705 2452 5774 negligenter
2480 5702 2741 5771 egerimus
2766 5743 2779 5765 ,
2813 5709 3097 5753 nascuntur
3127 5698 3174 5750 iu
3205 5696 3354 5750 nobis
3380 5710 3502 5766 ger-

1934 5800 2237 5864 minantque
2268 5811 2279 5845 :
2312 5795 2391 5847 sin
2426 5800 2808 5861 praevertamur
2834 5833 2847 5857 ,
2882 5790 3118 5859 pretiuus
3149 5788 3503 5856 prmfocautur
