4144 6474
591 429 703 483 119

587 526 642 573 et
668 518 982 571 obruuntur.
1010 508 1142 565 Alia:
1167 506 1455 577 gignuntur
1478 540 1492 566 ,
1517 510 1571 556 et
1596 504 1885 569 augentur,
1921 502 2079 562 atque
2103 490 2172 545 ad

598 618 791 677 pravas
816 604 1056 658 actiones
1076 596 1392 668 procedunt,
1413 602 1734 659 omnemque
1759 584 1953 641 mentis
1979 590 2175 637 nostra:

590 698 871 755 sanitatem
884 699 1255 762 corrumpunt,
1273 689 1317 743 si
1336 699 1526 756 magna
1543 684 1596 739 in
1617 679 1863 738 socordia
1878 690 2173 733 versemur.

592 788 704 843 lloc
735 787 914 857 itaque
937 784 1101 847 dicit,
1130 780 1341 835 Elatum
1370 785 1442 831 est
1472 792 1560 829 cor
1587 775 1695 844 ejus
1716 813 1729 837 ,
1758 784 1930 842 neque
1953 782 2012 823 se
2037 768 2177 822 intus

590 876 853 932 continuit
876 872 1198 944 arrogantia,
1226 882 1400 939 neque
1425 867 1683 921 exstincta
1708 870 1791 918 est
1811 901 1827 925 ,
1853 859 1947 915 sed
1970 868 2026 914 ut
2049 874 2175 928 pro-

593 968 769 1037 rupit,
800 965 867 1021 ad
893 979 1028 1034 opus
1054 975 1222 1031 usque
1250 973 1469 1031 pravum
1500 969 1781 1027 progressa
1801 994 1817 1021 ,
1848 961 2010 1007 totam
2038 949 2178 1004 illius

593 1059 845 1113 virtutem
879 1055 1136 1124 corrupit.
1170 1049 1449 1108 Beatitudo
1478 1058 1561 1104 est
1590 1047 1779 1118 igitur,
1806 1044 2177 1115 cogitationem

594 1148 891 1219 improbam
920 1160 1137 1217 prorsus
1158 1158 1261 1199 non
1287 1141 1591 1203 admittere,
1615 1136 1756 1206 quod
1778 1144 1835 1192 et
1860 1150 1890 1191 a
1921 1133 2177 1204 propheta

595 1241 793 1295 dictum
817 1250 929 1302 est,
959 1238 1201 1300 Domine,
1228 1251 1331 1289 non
1359 1242 1431 1287 est
1468 1232 1658 1285 elatum
1681 1244 1768 1283 cor
1802 1242 1964 1280 meum
1986 1227 2004 1294 (
2030 1222 2176 1277 Psal.

597 1331 719 1387 150.
752 1332 775 1385 ι
800 1331 845 1402 ).
868 1330 983 1385 Non
1008 1328 1159 1393 dixit,
1189 1326 1401 1380 Elatum
1427 1322 1642 1393 quidem
1671 1326 1777 1384 est,
1806 1316 1899 1373 sed
1928 1314 2059 1371 illud
2079 1327 2178 1368 co-

592 1403 744 1479 bibui
778 1435 1007 1476 :verum
1028 1458 1045 1485 ,
1091 1417 1209 1473 Non
1255 1424 1339 1471 est
1365 1414 1585 1469 omnino
1631 1410 1830 1467 elatum
1862 1426 1876 1463 :
1910 1407 2012 1463 hoc
2052 1413 2137 1461 est
2161 1444 2179 1470 ,

596 1512 803 1582 Jugiter
844 1509 1048 1569 servavi
1090 1509 1321 1563 animam
1365 1518 1541 1559 meam
1584 1502 1909 1557 inaccessam
1946 1498 2179 1555 malitiae.

598 1603 713 1659 Hoc
738 1602 895 1673 igitur
912 1608 997 1657 est
1025 1596 1368 1655 beatitudinis
1395 1614 1409 1650 :
1438 1594 1565 1648 huic
1594 1592 1894 1662 proximum
1922 1588 2049 1643 illud
2076 1596 2178 1652 est,

602 1694 773 1749 malas
809 1691 1156 1761 cogitationes
1181 1688 1291 1758 jam
1316 1687 1588 1756 ingressas
1613 1682 1864 1738 celeriter
1888 1679 2179 1750 repellere,

601 1799 776 1855 neque
795 1784 992 1849 sinere,
1017 1792 1075 1835 ut
1094 1781 1201 1835 illic
1224 1778 1424 1834 diutius
1451 1778 1822 1841 immorentur,
1847 1788 1915 1829 ne
1943 1773 1998 1828 in
2030 1771 2183 1827 nobis

600 1876 829 1946 pessime
853 1878 1180 1943 grassentur.
1223 1869 1376 1938 Quod
1406 1868 1543 1923 sieo
1581 1882 1748 1938 usque
1786 1864 2045 1920 socordiae
2063 1878 2187 1935 pro-

602 1966 929 2023 cesserimus
949 2004 963 2028 ,
991 1971 1076 2019 est
1105 1977 1201 2032 per
1226 1960 1320 2015 Dei
1348 1959 1642 2015 bonitatem
1665 1965 1719 2011 et
1746 1955 1901 2025 hujus
1925 1953 2186 2009 socordiae

601 2059 873 2122 solatium,
893 2056 1161 2124 multaque
1179 2054 1251 2109 ab
1270 2053 1361 2108 illa
1384 2066 1592 2108 summa
1608 2059 1663 2105 et
1681 2048 1930 2105 ineﬂ‘abili
1954 2048 2189 2103 bonitate

599 2150 793 2208 talibus
818 2148 1126 2203 vulneribus
1151 2154 1333 2217 parata
1362 2154 1488 2200 sunt
1514 2142 1771 2200 remedia.
1803 2141 1910 2197 Sed
1936 2157 2034 2211 age
2073 2156 2189 2196 ser-

600 2258 816 2299 monem
844 2241 984 2295 hunc
1009 2240 1232 2295 missurn
1256 2237 1527 2300 faciamus,
1560 2250 1631 2291 ne
1661 2234 1805 2305 quod
1834 2234 1885 2289 in
1916 2233 2068 2288 initio
2094 2247 2187 2287 ve-

601 2340 870 2401 rebamur,
894 2351 1034 2391 nunc
1053 2334 1257 2390 accidat
1281 2333 1453 2399 nobis,
1477 2344 1763 2400 rerumque
1788 2329 1939 2383 turba
1961 2336 2189 2384 vestram

602 2430 792 2485 obruat
817 2430 1146 2485 memoriam.
1178 2428 1514 2498 Quapropter
1556 2438 1837 2480 necessum
1866 2430 1949 2476 cst
1987 2430 2043 2475 ut
2073 2436 2191 2491 quae

602 2520 743 2574 dicta
763 2528 905 2587 sunt,
929 2520 1235 2574 summatim
1260 2518 1445 2588 paucis
1462 2525 1768 2585 repetamus
1792 2529 1805 2565 :
1830 2513 1908 2567 sic
1928 2520 1981 2567 et
1997 2522 2192 2566 matres

606 2612 782 2666 facere
806 2611 982 2667 solent
1004 2626 1123 2665 eum
1152 2623 1331 2679 poma,
1362 2615 1454 2663 aut
1474 2604 1716 2669 bellaria,
1742 2612 1833 2659 aut
1854 2604 1997 2658 aliud
2018 2602 2194 2657 simile

609 2700 880 2772 quidpiam
911 2702 961 2756 in
988 2704 1247 2772 puerilem
1276 2701 1567 2755 immittunt
1591 2698 1767 2753 sinum
1796 2714 1810 2751 :
1840 2710 1909 2752 ne
1938 2710 2033 2765 per
2060 2707 2194 2764 pue-

611 2804 796 2846 rorum
835 2793 1211 2863 negligentiam
1240 2790 1450 2847 excidat
1479 2788 1680 2858 aliquid
1712 2802 1897 2843 eorum
1927 2803 2047 2856 quae
2071 2786 2194 2841 data

607 2892 737 2939 sunt
757 2924 772 2949 ,
799 2892 1125 2940 contractam
1164 2884 1398 2954 undique
1438 2883 1722 2938 tuniculam
1748 2922 1763 2948 ,
1790 2881 2002 2951 cingulo
2026 2878 2195 2949 subji-

609 2977 775 3045 ciunt,
806 2992 912 3046 quo
931 2977 1037 3031 sint
1065 2977 1117 3030 in
1139 2985 1272 3031 tuto.
1304 2975 1445 3030 Idem
1475 2989 1572 3029 nos
1598 2972 1875 3039 faciamus,
1897 2972 2195 3026 orationem

612 3068 666 3122 in
698 3069 910 3139 longum
942 3074 1238 3137 porrectam
1270 3066 1675 3129 contrahamus,
1700 3062 2077 3131 memorimque
2105 3075 2198 3115 cu-

612 3159 800 3213 stodia:
827 3158 1174 3228 deponamus.
1206 3158 1445 3212 Audistis
1483 3156 1750 3225 quomodo
1776 3154 1905 3208 nihil
1934 3152 2196 3223 agendum

614 3250 685 3303 sit
703 3249 768 3303 ad
787 3249 1218 3314 ostentationem,
1245 3257 1606 3319 quantumque
1625 3248 1693 3300 sit
1717 3246 1913 3300 malum
1933 3244 2198 3307 socordia.

617 3348 675 3393 ut
692 3339 850 3394 etiam
878 3340 929 3393 in
950 3339 1183 3410 perfecta
1208 3340 1311 3394 vita
1335 3347 1635 3394 versantem
1658 3336 1811 3392 facile
1830 3336 2197 3407 supplautarit.

622 3431 891 3487 Didicistis
912 3441 1107 3502 quanta
1138 3432 1292 3487 nobis
1320 3446 1455 3500 opus
1469 3431 1540 3484 sit
1566 3445 1715 3495 cura,
1744 3430 2078 3499 potissimum
2103 3430 2203 3484 sub

618 3522 739 3573 vitae
764 3521 946 3587 finem,
964 3529 1239 3589 utquenec
1254 3521 1648 3591 desperandum
1667 3519 1795 3573 sitei
1811 3518 1901 3588 qui
1917 3533 2041 3573 cum
2073 3519 2202 3575 incl-

620 3612 789 3667 dissct
834 3610 890 3664 in
922 3618 1139 3680 peccata
1179 3620 1411 3663 mutatus
1446 3618 1530 3664 est
1552 3649 1566 3672 ,
1598 3622 1770 3678 neque
1798 3618 2042 3679 Oporteat
2079 3622 2203 3662 eum

622 3705 709 3773 qui
741 3706 792 3759 in
817 3705 1062 3760 socordia
1093 3705 1243 3768 vivit,
1266 3704 1331 3759 de
1351 3713 1498 3758 recte
1526 3702 1677 3757 factis
1706 3702 1995 3758 confidere.
2030 3703 2207 3757 Disse-

624 3798 826 3851 ruimus
865 3798 1016 3852 vobis
1058 3797 1127 3852 de
1170 3797 1468 3852 dill‘erentia
1507 3804 1847 3865 peccatorum
1874 3836 1888 3861 ,
1929 3811 1996 3850 ne
2041 3795 2206 3850 simus

628 3887 973 3943 vehementer
1023 3886 1211 3942 intenti
1256 3887 1322 3941 ad
1365 3887 1588 3941 eximias
1634 3901 1915 3955 corporum
1964 3885 2204 3940 formas:

623 3988 985 4049 quantumque
1005 3979 1128 4033 hinc
1155 3979 1355 4033 oriatur
1382 3978 1524 4043 mali,
1550 3976 2053 4032 demonstravimus.
2077 3976 2206 4043 Quae

625 4072 693 4126 de
738 4071 984 4141 superbia
1024 4071 1178 4126 vobis
1217 4070 1448 4126 diximus
1486 4069 1806 4124 meministis
1831 4110 1846 4134 ,
1877 4081 2103 4138 quaeque
2141 4067 2208 4121 de

627 4162 805 4229 pravis
848 4161 1280 4229 cogitationibus.
1312 4161 1437 4215 llaec
1477 4168 1751 4215 servantes
1796 4158 2077 4213 redeamus
2109 4157 2208 4211 do-

628 4269 813 4319 mum;
861 4255 987 4323 quin
1016 4255 1190 4323 potius
1220 4257 1334 4307 haec
1362 4262 1636 4307 servantes
1675 4252 2000 4321 excipiamus
2038 4250 2212 4321 perfe-

628 4346 851 4401 ctiorem
892 4340 1072 4400 eximii
1101 4346 1335 4400 doctoris
1370 4345 1820 4399 exhortationem.
1870 4343 2001 4403 Nam
2031 4354 2210 4398 nostra

629 4437 864 4507 quidem,
884 4436 1285 4507 qualiacumque
1307 4445 1448 4498 sunt,
1476 4434 1671 4487 habent
1686 4433 1976 4502 juventutis
1998 4432 2209 4486 indicia:

634 4529 795 4599 hujus
817 4540 1031 4595 autem,
1060 4528 1469 4599 qualiacumque
1520 4525 1757 4588 fuerint,
1803 4538 1934 4578 cana
1984 4521 2208 4593 quadam

632 4620 908 4689 prudentia
932 4628 1056 4674 sunt
1080 4629 1282 4673 ornata.
1310 4621 1385 4672 Ac
1411 4626 1589 4671 nostra
1620 4616 1833 4685 quidem
1874 4613 2064 4671 similia
2092 4622 2213 4666 sunt

633 4719 853 4765 torrenti
872 4752 886 4776 ,
918 4710 1003 4779 qui
1032 4725 1153 4765 eum
1183 4709 1409 4779 strepitu
1440 4706 1642 4773 fertur;
1680 4706 1820 4760 illius
1847 4713 2019 4758 autem
2046 4704 2214 4757 oratio

634 4801 820 4855 similis
840 4811 921 4855 est
934 4800 1063 4855 fonti
1086 4816 1272 4871 magna
1298 4798 1676 4869 tranquillitate
1698 4796 1885 4850 ﬂuvios
1902 4794 2211 4860 effundenti,

636 4894 725 4963 qui
755 4893 855 4948 olci
888 4893 1053 4963 magis
1082 4908 1239 4962 quam
1268 4908 1523 4961 aquarum
1546 4906 1757 4945 cursum
1786 4890 2037 4944 imitetur.
2064 4888 2219 4943 Exci-

639 4986 845 5054 piamus
871 4984 1027 5055 igitur
1051 4998 1113 5039 ea
1142 4984 1369 5049 fluenta,
1401 4992 1457 5037 ut
1498 4982 1625 5035 fiant
1655 4984 1705 5035 in
1736 4981 1887 5034 nobis
1923 4980 2039 5035 fons
2068 4995 2218 5049 aqua:

638 5075 876 5129 salientis
901 5075 952 5128 in
977 5074 1135 5128 vitam
1160 5084 1409 5129 aeternam
1434 5072 1621 5144 (Joan.
1643 5074 1696 5126 4.
1724 5073 1788 5126 14
1810 5075 1825 5141 )
1851 5089 1864 5125 :
1889 5087 2044 5141 quam
2068 5071 2219 5125 nobis

640 5166 886 5219 omnibus
913 5165 1181 5235 contingat
1211 5166 1417 5235 assequi
1442 5206 1455 5227 ,
1492 5163 1658 5234 gratia
1692 5170 1746 5217 et
1771 5161 2091 5231 benignitate
2119 5161 2221 5214 Do-

644 5258 771 5313 mini
805 5257 971 5311 nostri
996 5256 1122 5311 Jesu
1162 5255 1354 5311 Christi
1397 5253 1469 5326 (a)
1495 5295 1509 5319 ,
1538 5268 1659 5309 eum
1708 5268 1813 5323 quo
1854 5253 2037 5319 Patri,
2066 5252 2217 5305 simul

641 5361 759 5400 eum
784 5355 968 5401 sancto
988 5355 1040 5401 et
1061 5347 1201 5402 bono
1222 5347 1421 5417 Spiritu
1449 5346 1636 5411 honor,
1662 5344 1825 5413 gloria
1846 5353 1900 5398 et
1920 5343 2220 5413 imperium,

646 5452 785 5493 nunc
809 5446 863 5492 et
891 5452 1119 5507 semper,
1146 5447 1198 5492 et
1226 5440 1277 5492 in
1310 5438 1501 5493 saecula
1523 5436 1859 5492 saeculorum.
1890 5436 2079 5489 Amen.

711 5595 782 5655 (a)
818 5601 927 5655 Qure
962 5593 1181 5653 sequitur
1217 5591 1461 5641 conclusio
1484 5593 1555 5641 sic
1585 5591 1793 5655 habetur
1812 5591 1859 5636 in
1886 5600 1996 5655 n_no_
2018 5586 2189 5638 Codice
2210 5621 2224 5643 ,

648 5648 794 5718 atque
817 5648 1096 5727 italeger'at
1121 5660 1354 5727 Erasmus;
1381 5652 1771 5727 Quaniquatanrc
1789 5648 2147 5727 conclusiones,
2176 5656 2227 5696 ut

648 5710 741 5774 )otil
786 5717 896 5765 alibi
934 5710 1158 5773 diximus,
1202 5714 1260 5762 ad
1301 5713 1605 5764 librariorum
1647 5711 1837 5761 libitum
1874 5719 1929 5759 ut
1970 5710 2224 5770 plurimum

650 5788 945 5826 cem-mtuum
970 5788 1095 5825 sunt.

1399 386 1458 444 ὃ.
1498 383 1776 443 JOANNIS
1811 374 2277 438 CHRYSOSTOMI
2318 372 2633 430 ARCHIEP.
2672 374 3209 432 CONSTANTINOP.

3758 390 3877 444 120

2281 486 2536 557 Ejusdem
2564 488 2617 541 in
2643 487 2845 542 dictum
2875 485 3003 542 illud
3032 486 3201 551 Isaias,
3234 487 3446 541 Factum
3472 498 3549 543 est
3564 505 3704 544 anno
3723 531 3738 556 ,
3771 505 3875 554 quo

2323 593 2589 635 ~morluus
2627 591 2700 635 est
2738 580 2891 635 Ozias
2928 596 3039 645 rex,
3083 581 3188 634 vidi
3229 580 3504 634 Dominum
3537 582 3802 636 sedentem
3820 580 3875 634 in

2354 674 2483 729 solio
2512 675 2707 729 excelso
2743 684 2790 729 et
2818 674 2948 728 elato
2973 672 2995 745 (
3017 672 3145 727 hei.
3171 673 3225 729 6.
3248 673 3274 727 1
3303 672 3360 742 );
3405 681 3459 727 et
3486 672 3602 727 laus
3638 672 3876 727 civitatis

2355 768 2654 824 Antiochia:
2680 782 2696 831 ;
2742 774 2799 821 et
2826 766 3080 821 adversus
3109 781 3205 822 eos
3230 765 3318 838 qui
3348 762 3633 836 prohibent
3658 764 3877 835 nuptias

2355 859 2738 918 demonstratio
2762 856 2965 914 divina.

2864 967 3145 1025 HOMILIA
3187 968 3277 1025 IV.

2364 1088 2412 1142 ι.
2468 1084 2826 1156 Frequentiam
2890 1082 3184 1136 auditorum
3258 1082 3354 1137 sibi
3419 1082 3639 1153 ipsisque
3694 1090 3878 1153 gratit-

2289 1177 2463 1243 lalur;
2509 1176 2685 1231 Rom
2750 1178 2956 1245 prwfert
3010 1190 3156 1229 suam
3217 1174 3484 1228 civitatem.
3512 1202 3586 1214 —
3640 1173 3880 1228 Prmcla-

2288 1286 2406 1326 rum
2460 1269 2613 1323 nobis
2651 1267 2808 1321 hodie
2860 1265 3125 1321 theatrum
3178 1266 3361 1333 adest,
3411 1264 3722 1336 magniﬁcus
3766 1266 3883 1319 ala-

2287 1362 2497 1431 crisque
2562 1368 2749 1414 coetus.
2803 1356 2938 1424 Quid
2997 1354 3210 1411 tandem
3266 1363 3350 1411 est
3408 1356 3463 1411 in
3521 1355 3721 1411 causa?
3773 1354 3878 1410 Se-

2289 1451 2483 1505 mentis
2535 1448 2647 1504 heri
2697 1448 2849 1502 factas
2891 1443 3123 1512 fruetus,
3168 1444 3327 1500 hodie
3363 1445 3554 1500 messis
3596 1454 3698 1502 est.
3748 1444 3880 1500 Heri

2290 1540 2662 1609 plantavimus,
2686 1536 2845 1591 hodie
2877 1534 3150 1590 metimus.
3174 1534 3291 1589 Non
3317 1535 3461 1591 enim
3488 1544 3682 1590 terram
3707 1534 3882 1589 inani-

2291 1644 2431 1684 mam
2454 1628 2699 1693 colimus,
2722 1635 2778 1680 ut
2810 1624 2961 1679 tarde
2989 1623 3291 1690 fructificet,
3315 1624 3409 1679 sed
3435 1624 3639 1681 animas
3670 1624 3882 1680 ratione

2292 1720 2560 1790 prteditas.
2595 1718 2708 1773 Non
2736 1726 2818 1771 est
2859 1726 3066 1781 natura,
3095 1730 3216 1785 qua:
3244 1723 3541 1782 cunctatur,
3564 1713 3658 1771 sed
3683 1716 3879 1786 gratia,

2292 1829 2410 1884 quae
2436 1812 2719 1867 accelerat.
2754 1809 2919 1865 Recte
2958 1809 3290 1878 compositus
3327 1807 3483 1864 nobis
3505 1808 3752 1878 populus,
3781 1823 3882 1862 au-

2293 1903 2471 1959 diendi
2500 1902 2738 1956 studiosa
2771 1901 2919 1970 plebs
2947 1909 3052 1954 est.
3082 1898 3207 1953 Heri
3234 1898 3407 1953 vocati
3432 1907 3577 1964 sunt,
3596 1897 3757 1953 hodie
3782 1914 3881 1953 εο-

2295 2005 2573 2052 rouantur.
2599 1993 2991 2049 Admouitiouis
3023 1991 3293 2049 hesternze
3334 1990 3535 2046 fructus
3561 1990 3881 2046 hodiernum

2295 2096 2378 2142 est
2414 2087 2751 2156 obsequium.
2799 2083 2953 2140 Unde
3004 2096 3104 2138 nos
3147 2097 3363 2153 quoque
3402 2082 3628 2137 libenter
3675 2081 3883 2135 semina

2292 2178 2540 2249 jacimus,
2572 2179 2694 2247 quia
2741 2191 2932 2247 purum
2980 2174 3222 2231 videmus
3268 2190 3488 2241 arvum,
3516 2189 3622 2228 non
3672 2173 3886 2243 spinam

2298 2285 2415 2339 qua:
2444 2268 2701 2335 suil‘ocat,
2736 2283 2909 2338 neque
2937 2266 3076 2322 viam
3123 2281 3244 2339 qua:
3290 2266 3544 2331 calcatur,
3588 2280 3763 2336 neque
3788 2280 3886 2335 pc-

2302 2372 2435 2416 tram
2467 2361 2728 2425 sterilem,
2762 2360 2856 2415 sed
2906 2357 3225 2429 profundum
3267 2374 3330 2413 ac
3377 2359 3622 2428 pinguem
3666 2372 3886 2427 agrum,

2298 2454 2387 2523 qui
2412 2452 2569 2506 simul
2595 2461 2649 2507 et
2673 2466 2855 2505 semen
2883 2450 3071 2519 recipit
3092 2487 3108 2514 ,
3139 2458 3195 2504 ct
3220 2448 3422 2518 spicam
3462 2448 3615 2504 nobis
3640 2448 3883 2504 exhibet.

2300 2546 2426 2600 Huic
2452 2559 2663 2614 semper
2692 2542 2901 2612 loquor,
2932 2556 3034 2597 nec
3055 2540 3199 2611 loqui
3226 2540 3466 2595 desinam
3495 2556 3512 2595 :
3543 2540 3658 2595 haec
3686 2547 3889 2594 nostra:

2301 2638 2531 2692 civitatis
2577 2635 2695 2690 laus
2746 2643 2864 2699 est,
2893 2648 2999 2688 non
3051 2632 3196 2703 quod
3252 2640 3494 2688 senatum
3536 2631 3747 2694 habeat.
3779 2647 3889 2688 non

2302 2731 2441 2801 quod
2464 2729 2713 2785 consules
2743 2741 3029 2781 numerare
3059 2725 3347 2796 possimus,
3384 2739 3556 2795 neque
3592 2725 3733 2795 quod
3775 2735 3889 2779 sta-

2304 2829 2424 2875 tuas
2445 2817 2771 2886 complures,
2805 2831 2978 2887 neque
3003 2814 3143 2887 quod
3178 2815 3436 2870 mercium
3457 2814 3687 2885 copiam,
3713 2829 3892 2884 neque

2302 2908 2442 2979 quod
2469 2910 2630 2962 situm
2672 2907 2864 2961 habeat
2889 2905 3232 2960 commodum
3268 2922 3282 2958 :
3315 2903 3410 2959 sed
3454 2903 3597 2974 quod
3632 2904 3889 2977 populum

2305 2999 2496 3054 habeat
2521 2998 2769 3053 audiendi
2813 2996 3133 3061 studiosum,
3162 2995 3303 3065 quod
3332 2996 3526 3065 templa
3554 2994 3650 3050 Dei
3696 2996 3850 3065 plena
3873 3038 3890 3059 ,

2305 3090 2443 3160 quod
2474 3085 2726 3144 Ecclesia:
2748 3087 2953 3142 deliciae
2982 3086 3151 3157 magis
3178 3093 3429 3141 crescunt
3455 3086 3505 3139 in
3533 3085 3681 3153 dies,
3714 3087 3890 3157 quod-

2306 3196 2410 3251 que
2456 3194 2761 3235 sermonem
2810 3178 3003 3233 habeat
3041 3176 3429 3247 profluentem,
3459 3176 3895 3248 desideriumque

2310 3285 2599 3340 numquam
2628 3270 2932 3325 satiantem.
2979 3266 3252 3337 Siquidem
3275 3267 3459 3322 civitas
3496 3282 3600 3323 non
3631 3268 3698 3321 ab
3726 3268 3896 3323 aedili-

2309 3362 2424 3426 ciis,
2450 3360 2543 3416 sed
2576 3360 2642 3415 ab
2668 3358 3090 3415 inhabitantibus
3114 3358 3428 3412 admiranda
3457 3358 3701 3413 redditur
3735 3360 3774 3414 ¹.
3811 3359 3895 3416 Ne

2310 3451 2441 3507 mihi
2470 3468 2657 3507 narres
2683 3451 3048 3506 Romanorum
3072 3449 3259 3505 urbem
3302 3449 3659 3519 magnitudine
3687 3452 3890 3521 spatio-

2310 3560 2423 3600 sazn
2456 3560 2605 3607 esse;
2633 3544 2726 3599 sed
2750 3543 2973 3598 ostende
2994 3542 3121 3597 mihi
3155 3542 3263 3597 illic
3288 3542 3540 3612 populum
3567 3558 3719 3613 mque
3741 3545 3895 3613 cupi-

2311 3636 2435 3690 dum
2484 3634 2755 3689 audiendi.
2786 3633 2917 3687 Nam
2956 3630 3187 3687 Sodoma
3234 3641 3409 3686 turres
3448 3632 3741 3699 habebant,
3772 3649 3895 3689 cum

2314 3728 2579 3783 Abraham
2624 3728 2674 3780 in
2713 3725 2921 3797 tugurio
2968 3733 3310 3779 moraretur:
3340 3731 3574 3779 attamen
3621 3724 3898 3781 venientes

2312 3819 2485 3889 angeli
2516 3817 2747 3872 Sodoma
2778 3815 3146 3885 praeteribant,
3176 3823 3230 3868 et
3270 3813 3336 3867 ad
3375 3815 3635 3884 tugurium
3664 3815 3899 3871 diverte-

2314 3912 2441 3967 bant
2465 3909 2613 3981 (Cen.
2643 3907 2751 3982 l8).
2778 3908 2894 3963 Non
2922 3906 3064 3962 enim
3092 3906 3286 3961 aedium
3314 3906 3652 3976 Splendorem
3680 3922 3896 3977 qumrc-

2313 4002 2461 4066 bant,
2483 4002 2574 4054 sed
2598 4002 2789 4053 animm
2812 4000 3059 4054 virtutem
3090 4006 3143 4053 et
3165 3996 3611 4067 pulchritudinem
3642 4014 3894 4068 quaeren-

2317 4103 2394 4148 tes
2445 4093 2812 4148 circumibant.
2858 4091 2934 4145 lta
2978 4104 3108 4146 sane
3155 4090 3289 4145 alias
3340 4090 3607 4145 desertum
3670 4090 3901 4146 habebat

2315 4185 2595 4250 Joannem,
2620 4186 2808 4240 civitas
2840 4182 3101 4238 llerodem
3132 4199 3146 4235 :
3176 4197 3347 4252 eoque
3373 4181 3643 4237 desertum
3668 4184 3900 4239 nobilius

2317 4289 2433 4332 erat
2457 4276 2689 4331 civitate.
2720 4275 2826 4329 Cur
2852 4274 2923 4328 ita
2954 4271 3487 4340 tandemiQuoniam
3529 4288 3634 4327 non
3676 4273 3729 4327 in
3755 4283 3898 4328 stru-

2317 4370 2482 4424 eturis
2522 4369 2620 4423 sita
2649 4376 2731 4422 est
2762 4364 3058 4437 prophetia.
3084 4363 3208 4419 Haec
3233 4364 3374 4433 dico,
3402 4365 3682 4434 nequando
3709 4366 3899 4421 civita-

2322 4470 2427 4515 tem
2478 4460 2855 4529 prmdicemns,
2889 4472 3007 4526 qua:
3053 4455 3295 4513 moribus
3332 4456 3587 4511 dissoluta
3616 4466 3717 4512 est.
3762 4458 3898 4524 Quid

2320 4550 2449 4605 mihi
2477 4564 2663 4603 narras
2692 4548 2915 4603 mditicia
2937 4589 2952 4614 ,
2978 4547 3105 4617 quid
3138 4548 3461 4602 columnas?
3490 4547 3613 4603 Huic.
3651 4564 3754 4604 una
3776 4563 3901 4604 cum

2322 4640 2570 4711 prmscnti
2625 4641 2729 4692 vita
2784 4638 3086 4693 diruuntur.
3146 4636 3442 4692 Ecclesiam
3502 4638 3813 4709 ingredere,
3845 4650 3905 4695 ut

2321 4731 2549 4787 civitatis
2576 4730 2755 4784 videas
2784 4729 3133 4783 nobilitatem.
3164 4726 3468 4798 Ingredere,
3501 4728 3735 4799 inquam,
3772 4731 3899 4787 vide

2324 4839 2582 4894 pauperes
2613 4839 2640 4877 a
2688 4822 2864 4877 medio
2890 4821 3061 4876 noctis
3091 4835 3261 4889 usque
3300 4820 3367 4874 ad
3418 4821 3592 4875 lucem
3641 4837 3901 4891 perseve-

2325 4930 2503 4973 rantes
2523 4960 2536 4983 ,
2567 4917 2687 4970 vide
2716 4930 2865 4969 sacra
2895 4912 3169 4983 pervigilia
3203 4912 3346 4966 diem
3376 4928 3497 4967 cum
3542 4923 3699 4969 nocte
3738 4929 3905 4985 copu-

2327 5012 2485 5065 lantia
2537 5028 2550 5062 :
2592 5008 2712 5063 vide
2752 5022 2844 5061 eos
2901 5018 3073 5073 neque
3128 5003 3358 5058 interdiu
3398 5020 3571 5075 neque
3613 5014 3773 5060 noctu
3821 5007 3906 5061 vel

2326 5103 2499 5157 somni
2530 5098 2863 5171 tyrannidem
2894 5110 2957 5149 ac
2984 5092 3293 5149 violentiam
3343 5104 3641 5151 metuentes
3660 5138 3674 5161 ,
3710 5097 3793 5151 vel
3825 5097 3908 5150 in—

2327 5195 2462 5265 opia:
2486 5193 2854 5248 necessitatem
2884 5188 3248 5244 formidantes.
3276 5188 3459 5257 Magna
3487 5204 3669 5244 revera
3697 5187 3907 5253 civitas,

2330 5306 2391 5345 ac
2419 5291 2577 5343 totius
2599 5287 2743 5340 orbis
2772 5284 3107 5354 metropolis.
3134 5283 3274 5349 Quot
3301 5282 3555 5352 episcopi,
3576 5289 3707 5351 quot
3733 5280 3912 5335 docto-

2331 5399 2417 5437 res
2460 5383 2562 5435 lmc
2608 5388 2905 5441 venerunt,
2936 5386 2991 5433 ct
3031 5391 3059 5429 a
3106 5375 3305 5447 populo
3333 5372 3473 5429 docti
3500 5372 3817 5435 discedunt,
3848 5387 3912 5426 ac

2334 5476 2502 5544 legem
2556 5473 2695 5526 illam
2742 5468 2954 5525 insitam
2996 5468 3049 5524 in
3098 5482 3157 5523 se
3203 5466 3600 5535 transplantare
3625 5464 3911 5520 curant’?

2398 5588 2411 5617 ¹
2450 5584 2589 5633 savil.
2612 5618 2625 5639 ,
2651 5584 2719 5631 sic
2740 5580 3007 5629 habet......
3045 5578 3130 5630 sed
3164 5576 3222 5625 ab
3254 5574 3624 5625 inhabitantibus
3662 5571 3913 5639 deﬁnitur.

2400 5650 2417 5678 ²
2453 5650 2523 5694 sic
2545 5636 2705 5701 savil.,
2722 5643 2893 5691 litorei.
2922 5652 2971 5691 et
2995 5640 3292 5701 Manuscripti
3313 5675 3326 5694 ,
3352 5651 3447 5686 uno
3471 5644 3698 5698 excepto,
3722 5639 3803 5701 qui
3830 5636 3914 5701 ha-

2336 5712 2440 5761 bet.
2469 5706 2544 5756 hic
2570 5698 2777 5764 disczatt,
2806 5717 2907 5765 pro,
2934 5705 2983 5752 in
3006 5715 3055 5752 se
3069 5698 3433 5765 transplantare
3456 5705 3646 5759 curant,
3674 5704 3725 5747 et
3746 5698 3818 5747 sic
3849 5698 3924 5749 le-

2342 5780 2483 5831 gerat
2506 5776 2738 5821 Erasmus.
2763 5761 2846 5828 qui
2872 5766 3035 5822 vertit,
3059 5761 3137 5811 hic
3162 5762 3367 5811 discunt.
