4056 6494
607 437 716 492 121

1317 421 1377 478 S.
1415 418 1696 478 JOANNIS
1733 413 2220 476 CHRYSOSTOMI
2259 414 2577 475 ARCIIIEP.
2620 418 3163 477 CONSTANTENOP.

3752 430 3868 484 122

607 539 921 612 τρέφεσθαι,
953 543 1074 598 οὐδὲ
1116 542 1177 597 τὸ
1205 541 1399 604 πίνειν,
1427 538 1546 593 ούδέ
1586 537 1647 591 τδ
1679 536 1958 607 νέμεσθαι,
1987 535 2106 590 οὐδὲ
2132 532 2193 586 τὸ
2299 534 2449 598 θείας
2485 533 2582 607 τὴν
2615 536 2787 606 ίσχὺν,
2823 534 2941 598 πῶς
2962 533 3317 602 εὐκολώτερον
3348 531 3438 583 τὸν
3466 528 3614 600 ἥλιον
3642 529 3877 599 σϐεσθῆν-

607 631 725 698 ζῇνο
758 628 932 682 ταῦτα
971 628 1080 702 γὰρ
1125 631 1258 700 ἡμῖν
1300 629 1514 682 ἅπαντα
1559 625 1713 679 κοινά
1742 625 1875 694 πρὸς
1899 624 1968 676 τά
1999 622 2185 688 ἄλογα·

605 715 742 768 ἀλλά
767 715 817 768 τί
843 716 1123 788 διέστηκεν
1144 726 1170 756 ﬁ
1196 714 1477 787 ἄνθρωπος
1501 712 1608 764 τῶν
1631 711 1868 778 ἀλόγων;
1900 709 1990 780 Τῷ
2016 709 2178 777 λόγιιν

605 802 691 856 διὰ
722 803 880 856 τοῦτο
904 804 997 858 καὶ
1016 803 1230 874 λογικὸν
1258 803 1395 868 ζῶόν
1421 805 1567 854 ἐστιν
1594 803 1622 852 6
1642 799 1946 868 ἄνθρωπος.
1975 797 2184 864 ’Ὠσπερ

606 889 714 960 γάρ
741 890 998 961 τρέφεται
1021 892 1090 944 τά
1118 888 1366 961 σώματα,
1395 886 1538 942 οὕτω
1563 888 1820 959 τρέφεται
1847 885 1941 938 καὶ
1967 879 2180 954 ήψυχήο

607 977 746 1030 ἀλλά
785 979 846 1031 τὸ
887 979 984 1049 μὲν
1028 978 1184 1048 σῶμα
1227 977 1398 1051 ἄρτῳ,
1433 976 1466 1047 ή
1501 977 1557 1030 δὲ
1589 975 1734 1046 ψυχή
1774 973 1937 1044 λόγῳ.
1970 972 2066 1024 Ἂν
2094 965 2185 1022 οὖν

611 1066 724 1137 ίδῃς
755 1066 1038 1136 ἄνθρωπον
1072 1066 1218 1119 λίθον
1249 1067 1515 1126 ἐσθίοντα,
1544 1060 1652 1134 ἆρα
1681 1063 1746 1116 ἂν
1770 1061 1944 1124 είποις
1973 1055 2184 1129 ἄνθρω-

610 1170 709 1206 πον
738 1147 911 1222 εἶναις
941 1153 1126 1217 Οὕτως
1160 1154 1228 1208 ἀν
1259 1153 1374 1224 ῐδῃς
1407 1152 1480 1222 μὴ
1509 1150 1652 1218 λόγῳ
1681 1150 2034 1220 τρεφόμενον,
2069 1146 2184 1201 ἀλλ’

609 1240 800 1311 ἀλογίᾳ
829 1241 877 1304 δ,
929 1243 1093 1312 ἐρεῖς,
1114 1235 1282 1304 Οὗτος
1321 1239 1416 1292 καὶ
1452 1237 1513 1289 τὺ
1547 1232 1686 1290 εἶναι
1719 1235 2004 1306 ἄνθρωπος
2033 1233 2184 1305 [122]

612 1325 908 1380 ἀπώλεσεν
953 1329 985 1396 ή
1034 1327 1137 1397 γὰρ
1176 1324 1450 1396 ἀνατροφή
1487 1324 1726 1400 δείκνυσι
1761 1320 1857 1375 τοῦ
1898 1320 2184 1391 ἀνθρώπου

610 1415 706 1486 τήν
732 1415 1028 1484 εὐγένειαν.
1071 1415 1285 1485 Ἐπειδὴ
1315 1414 1496 1468 τοίνυν
1532 1413 1595 1465 τὸ
1641 1412 1865 1481 θέατρον
1909 1412 2040 1480 ήμῖν
2085 1426 2185 1461 πε·-

613 1503 914 1574 πλήρωται,
943 1504 1035 1557 καὶ
1073 1503 1232 1557 πάλιν
1272 1504 1305 1574 ή
1341 1502 1642 1571 θάλασσαή
1674 1498 2068 1570 κυμαινομένη,
2094 1499 2188 1550 καὶ

612 1590 848 1661 γαλήνης
872 1590 1134 1660 γέμουσα,
1169 1591 1266 1643 καὶ
1295 1590 1457 1642 πάλιν
1482 1588 1544 1641 τὸ
1571 1588 1805 1655 πέλαγος
1835 1586 1900 1638 τὸ
1927 1583 2188 1655 χειμαζό-

615 1693 792 1746 μενον,
826 1678 918 1728 καὶ
961 1676 1208 1747 ἐστηκός·
1245 1676 1375 1747 φέρε
1420 1675 1485 1746 δή
1527 1674 1587 1727 τὸ
1628 1674 1811 1726 πλοῖον
1850 1671 2184 1741 ἑλκύσωμεν,

613 1767 731 1817 ἀντὶ
749 1764 842 1817 τοῦ
871 1764 1040 1817 ίστίου
1069 1765 1167 1835 τὴν
1200 1763 1445 1832 γλῶτταν
1471 1763 1932 1826 ἀναπετάσαντες,
1953 1760 2074 1814 ἀντὶ
2093 1757 2189 1812 τοῦ

613 1852 848 1923 ζεφύρου
886 1851 979 1905 τοῦ
1030 1852 1345 1921 Πνεύματος
1379 1851 1486 1922 τὴν·
1507 1851 1666 1921 χάριν
1694 1848 2042 1912 καλέσαντες,
2070 1849 2190 1901 ἀντὶ

612 1937 704 1990 τοῦ
734 1937 957 2009 αὐχένος
1003 1938 1098 1992 καὶ
1139 1938 1400 2008 πηδαλίου
1439 1937 1519 2008 τῷ
1544 1935 1762 2008 σταυρῷ
1794 1936 2067 2007 χρώμενοι
2097 1951 2192 1986 κυ·

595 2023 870 2094 Δϐερνήτῃ.
907 2024 972 2076 Ἦ
1007 2023 1253 2079 θάλασσα
1288 2025 1388 2096 μὲν
1425 2025 1535 2096 γὰρ
1575 2023 1690 2095 ἔχει
1741 2023 1959 2094 ἁλμυρά
2001 2020 2188 2085 ὕδατα,

615 2110 848 2164 ἐνταῦθα
890 2110 948 2162 δὲ
977 2109 1120 2182 ὕδωρ
1151 2110 1280 2174 ζῶν.
1330 2111 1477 2164 Ἐκεῖ
1502 2110 1672 2178 ἄλογα
1701 2108 1836 2175 ζῶα,
1868 2107 2101 2162 ἐνταῦθα
2137 2106 2193 2159 δὲ

612 2200 783 2271 ψυχαὶ
822 2200 1059 2268 λογικαί’
1092 2202 1209 2253 ἐκεῖ
1253 2201 1303 2253 οί
1343 2199 1598 2263 πλέοντες
1639 2199 1746 2252 ἀπὸ
1793 2197 2068 2268 θαλάσσης
2113 2196 2194 2260 είς

614 2287 740 2359 γῆν,
767 2287 999 2342 ἐνταῦθα
1027 2287 1083 2340 δέ
1117 2288 1165 2340 οί
1206 2286 1458 2350 πλέοντες
1485 2286 1592 2339 ἀπὸ
1617 2287 1721 2354 γῆς
1746 2287 1825 2348 είς
1853 2283 2078 2357 οὐρανὸν
2102 2285 2195 2354 ὁρ-

619 2374 885 2446 μίζονται·
915 2375 1032 2427 ἐκεῖ
1063 2374 1241 2438 πλοῖα,
1276 2373 1506 2427 ἐνταῦθα
1533 2373 1591 2425 δὲ
1620 2372 1768 2440 λόγοι
1811 2371 2191 2442 πνευματικοί⁸

618 2463 733 2513 ἐκεῖ
771 2460 979 2524 σανίδες
1013 2461 1069 2513 tv
1098 2459 1175 2530 τῷ
1203 2459 1394 2530 πλοίῳ,
1419 2458 1654 2513 ἐνταῦθα
1686 2458 1742 2512 δὲ
1770 2458 1945 2526 λόγων
1971 2474 2196 2529 συγκρο-

617 2553 856 2622 τήματω
873 2551 991 2604 ἐκεῖ
1015 2550 1204 2613 ίστίον,
1229 2548 1465 2603 ἐνταῦθα
1489 2547 1548 2601 δέ
1574 2546 1808 2617 γλῶττα·
1830 2549 1944 2600 ἐκεῖ
1962 2546 2196 2619 ζεφύρου

618 2638 784 2708 αὐρα,
813 2636 1047 2692 ἐνταῦθα
1085 2636 1400 2707 Πνεύματος
1435 2635 1715 2706 ἐπιδημίασ
1759 2635 1878 2688 ἐκεῖ
1910 2632 2197 2706 ἄνθρωπος

621 2724 979 2796 κυϐερνήτης,
1006 2722 1238 2777 ἐνταῦθα
1279 2724 1336 2778 δὲ
1377 2723 1720 2793 κυϐερνήτης
1759 2723 1788 2775 6
1820 2722 2073 2792 Χριστός.
2100 2721 2196 2775 Διά

618 2812 682 2881 δὴ
720 2811 876 2864 τοῦτο
916 2810 976 2864 τὸ
1021 2810 1200 2864 πλοῖον
1241 2809 1582 2881 χειμάζεται,
1616 2808 1730 2862 ἀλλ’
1765 2808 2092 2880 ὑποϐρύχιον
2137 2810 2197 2861 οὐ

618 2898 847 2966 γίνεται.
893 2895 1148 2949 Ἠδύνατο
1182 2897 1281 2967 μὲν
1308 2897 1417 2967 γὰρ
1444 2895 1537 2948 καὶ
1563 2895 1622 2948 tv
1639 2894 1851 2967 γαλήνῃ
1880 2894 2050 2955 πλεῖν,
2083 2893 2198 2947 ἀλλ’

619 2987 720 3038 οὐκ
752 2985 963 3055 ἀφῆκεν
984 2987 1013 3038 6
1045 2983 1401 3055 κυϐερνήτης,
1433 2983 1520 3038 Eva
1545 2983 1640 3036 καὶ
1664 2982 1772 3036 τῶν
1807 2982 2076 3036 πλεόντων
2101 2981 2200 3052 τήν

623 3071 894 3143 ὑπομονήν
957 3071 1091 3144 ἴδῃς,
1139 3071 1232 3123 καὶ
1281 3070 1376 3123 τοῦ
1431 3067 1803 3140 κυϐερνῶντος
1845 3068 1943 3139 τήν
1987 3067 2200 3120 σύνεσιν

619 3158 862 3229 ἀκριϐῶς
891 3156 1218 3230 καταμάθῃς
1240 3166 1290 3212 ο.

694 3246 762 3314 β’.
780 3235 1150 3298 ’Ᾱκουέτωσαν
1172 3243 1451 3316 Ἕλληνες,
1477 3241 1822 3298 άκουέτωσαν
1853 3243 2094 3296 Ἰουδαῖοι
2131 3239 2200 3294 τά

622 3331 1022 3403 κατορθώματα
1058 3330 1233 3402 ήμῶν,
1275 3331 1371 3384 καὶ
1396 3330 1494 3401 τὴν
1514 3330 1808 3404 προεδρίαν
1831 3330 1931 3400 τῆς
1973 3329 2201 3400 Ἐκκλη-

625 3419 766 3483 σίας.
805 3418 941 3473 Ὑπὸ
961 3419 1142 3473 πόσων
1169 3417 1481 3488 ἐπολεμήθη
1506 3419 1540 3488 ή
1571 3416 1882 3486 Ἐκκλησία,
1907 3415 2020 3470 ἀλλ’
2050 3415 2200 3469 οὐδέ-

623 3523 753 3560 ποτε
811 3505 1077 3576 ἐνικήθης
1125 3505 1281 3558 πόσοι
1326 3503 1611 3574 τύραννοις
1661 3503 1815 3555 πόσοι
1867 3501 2199 3573 στρατηγοί;

624 3592 780 3646 πόσοι
813 3591 1049 3662 βασιλεῖς
1071 3591 1130 3657 ἀς
1165 3590 1492 3659 Αὐγουστος,
1519 3589 1788 3660 Τιϐέριος,
1811 3590 1992 3652 Γάϊος,
2016 3587 2200 3641 Κλαύ-

623 3682 754 3744 διος,
793 3682 1006 3752 Νέρων,
1041 3679 1315 3751 ἄνθρωποι
1342 3678 1522 3747 λόγοις
1555 3678 1929 3749 τετιμημένοι,
1965 3677 2201 3742 δυνατοὶ,

624 3768 861 3821 τοσαῦτα
897 3768 1238 3837 ἐπολέμησαν
1265 3767 1450 3838 ἀκμὴν
1474 3765 1792 3830 νεάζουσαν,
1833 3764 1948 3819 ἀλλ’
1985 3765 2085 3818 οὐκ
2114 3763 2203 3830 ἐξ-

626 3856 953 3928 ερρίζωσανο
986 3855 1097 3908 ἀλλ’
1126 3855 1173 3906 οἱ
1206 3855 1304 3924 μὲν
1335 3853 1743 3924 πολεμήσαντες
1769 3853 2082 3922 σεσίγηνται
2110 3853 2205 3906 καὶ

625 3943 763 4016 λήθῃ
808 3942 1218 4013 παραδέδονται,
1262 3943 1295 4010 ή
1339 3939 1396 3994 δὲ
1435 3939 1804 4011 πολεμηθεῖσα
1844 3938 1937 3991 τὸν
1977 3939 2204 4010 οὐρανὸν

626 4032 933 4103 ὑπεραίρει.
969 4031 1058 4102 Μή
1085 4031 1192 4102 γάρ
1217 4047 1306 4101 μοι
1335 4028 1492 4082 τοῦτο
1519 4028 1655 4100 ῐδῃς,
1684 4029 1766 4082 ὅτι
1791 4029 1849 4081 ἐν
1879 4028 1949 4098 γῇ
1976 4025 2206 4096 ἔστηκεν

623 4125 659 4190 ή
705 4119 1017 4187 Ἐκκλησία,
1052 4118 1166 4172 ἀλλ’
1195 4119 1275 4172 ὅτι
1307 4119 1364 4171 tv
1394 4116 1606 4188 οὐρανῷ
1643 4115 2004 4168 πολιτεύεται.
2036 4113 2206 4166 Πόθεν

625 4208 786 4260 τοῦτο
825 4207 1022 4276 δῆλονς
1061 4206 1308 4258 Δείκνυσι
1336 4204 1444 4257 τῶν
1473 4204 1813 4274 πραγμάτων
1844 4204 1876 4272 ή
1909 4198 2203 4265 ἀπόδειξις.

639 4295 1086 4366 Ἐπολεμήθησαν
1133 4293 1324 4346 ἕνδεκα
1377 4291 1639 4361 μαθηταὶ,
1685 4291 1779 4343 καὶ
1823 4292 1856 4360 ή
1913 4287 2204 4358 οἰκουμένη

627 4383 881 4453 ἐπολέμει
929 4384 978 4434 οί
1011 4381 1064 4434 δὲ
1096 4379 1493 4449 πολεμηθέντες
1535 4377 1810 4447 ἐνίκησαν,
1851 4376 1945 4428 καὶ
1979 4377 2028 4428 οἱ
2053 4374 2208 4427 πολε-

632 4471 903 4541 μήσαντες
935 4467 1298 4538 ἀνῃρέθησαν·
1328 4465 1400 4518 τὰ
1430 4464 1682 4536 πρόϐατα
1709 4463 1818 4517 τῶν
1840 4461 2022 4516 λύκων
2054 4477 2209 4532 περι-

627 4559 893 4626 εγένοντο.
927 4551 1078 4617 Εἶδες
1103 4554 1336 4621 ποιμένα
1360 4552 1428 4604 τά
1461 4551 1708 4622 πρόϐατα
1733 4552 1790 4603 ἐν
1819 4548 1966 4618 μέσῳ
1992 4548 2100 4600 τῶν
2124 4545 2212 4599 λύ-

628 4665 740 4701 κων
769 4644 1182 4706 ἀποστέλλοντα,
1222 4644 1310 4696 ῖνα
1342 4640 1473 4712 μηδὲ
1505 4642 1570 4710 τῇ
1616 4640 1759 4709 φυγῇ
1793 4639 1892 4709 τὴν
1934 4637 2209 4706 σωτηρίαν

628 4736 986 4804 πορίσωνταις
1033 4734 1188 4794 ιΙοῖος
1215 4730 1418 4800 ποιμὴν
1449 4727 1604 4780 τοῦτο
1640 4725 1969 4796 ἐργάζεταις
2015 4723 2151 4776 Ἀλλ’
2181 4723 2210 4774 6

629 4821 861 4891 Χριστὸς
901 4819 1057 4872 τοῦτο
1098 4817 1368 4888 ἐποίησεν,
1417 4816 1503 4868 ἴνα
1541 4830 1621 4866 σοι
1657 4812 1826 4882 δείξῃ,
1861 4813 1942 4865 ὅτι
1978 4813 2038 4864 οὐ
2071 4813 2211 4866 κατὰ

629 4909 949 4962 ἀκολουθίαν
995 4909 1100 4959 τῶν
1152 4905 1512 4976 πραγμάτων,
1561 4902 1675 4955 ἀλλ’
1723 4901 1863 4971 ὑπὲρ
1904 4900 2065 4968 φύσιν
2117 4903 2212 4954 καὶ

630 4996 949 5051 ἀκολουθίαν
968 4995 1035 5048 τά
1060 4991 1461 5063 κατορθώματα
1487 4989 1716 5056 γίνεται.
1761 4989 1827 5041 Ἦ
1850 4988 1957 5060 γάρ
1995 4989 2213 5061 Ἐκκληο

632 5087 722 5137 σία
769 5082 998 5153 οὐρανοῦ
1035 5080 1236 5151 μᾶλλον
1263 5078 1576 5149 ἐρρίζωται.
1625 5076 1762 5129 Ἀλλ’
1797 5075 1927 5140 ἴσως
1953 5076 2212 5132 ἀπόνοιάν

636 5191 734 5244 μου
789 5169 1187 5240 καταγινώσκει
1242 5171 1270 5222 6
1303 5167 1525 5238 Ἕλλην’
1580 5165 1692 5219 ἀλλ’
1753 5167 2069 5236 άναμενέτω
2104 5167 2212 5220 τῶν

633 5261 972 5331 πραγμάτων
1011 5258 1108 5330 τήν
1140 5256 1432 5320 ἀπόδειξιν,
1473 5255 1568 5307 καὶ
1602 5253 1915 5324 μανθανέτω
1948 5255 2047 5324 τῆς
2083 5256 2213 5324 άλη-

695 5434 723 5462 ει
748 5431 949 5490 Quidam
969 5443 1083 5478 mss.
1105 5429 1193 5478 τίνι
1217 5429 1480 5485 διέστηκεν,
1508 5440 1604 5473 non
1627 5425 1775 5472 male.
1809 5425 1863 5472 ln
1889 5423 2062 5472 iisdem
2088 5423 2214 5470 ἐστὶν

632 5494 1086 5557 ὸᾱινῒριυτιοςόεοειζ
1549 5548 1559 5557 1
1750 5547 1760 5557 _
1841 5543 1897 5554 Η

702 5554 727 5591 1³
757 5545 888 5603 Unus
906 5545 1036 5610 Vapud
1059 5550 1291 5600 Savilinm
1314 5551 1435 5598 ἀλλὰ
1457 5548 1651 5610 ψιχίαις,
1676 5547 1760 5595 sed
1786 5545 1938 5593 micis.
1965 5545 2071 5610 Μοι
2093 5558 2215 5605 qua-

635 5626 746 5692 tu'or
776 5629 889 5692 m§s.
939 5607 1228 5692 ἀναστροφῇ,
1262 5619 1314 5684 εί
1347 5614 1416 5659 sic
1450 5607 1575 5671 legit
1617 5609 1847 5666 Savilius,
1889 5607 1976 5654 sed
2015 5607 2215 5668 ἀνατρο-

636 5681 696 5741 φή
721 5679 874 5737 magis
894 5676 1100 5737 quadrat
1135 5675 1194 5722 ad
1217 5675 1415 5721 seriem.
1763 5727 1786 5737 _

701 5745 722 5769 ε
753 5735 849 5786 Alii
872 5739 994 5798 apud
1019 5733 1169 5784 Savil.
1194 5735 1433 5793 ὑπομονὴν
1470 5732 1569 5792 ίδῃ,
1597 5730 1678 5777 καὶ
1707 5746 1792 5776 του
1825 5728 2109 5788 κυϐερνήτου
2130 5729 2215 5784 τὴν

637 5801 822 5848 σύνεσιν
843 5797 1047 5859 ἀκριϐῶς
1064 5797 1331 5859 καταμάθῃ.

699 5860 726 5899 ἀ
749 5848 1138 5919 Ιιόσοιτύραννοι,
1151 5848 1588 5919 πόσοι-στρατηγοὶ,
1613 5849 2000 5919 πόσοι-βασκςίια
2009 5848 2213 5919 Δ(ιιιὶᾶαςιι

640 5936 751 5970 mss.
781 5929 832 5967 cl.
851 5922 922 5968 sic
945 5910 1066 5979 légul
1091 5910 1201 5967 Silv.
1241 5910 1456 5978 ilemq'ue
1486 5910 1733 5964 Erasmus.
1763 5910 1813 5960 In
1838 5915 1956 5959 edit.
1983 5911 2100 5960 Mor.
2124 5910 2212 5958 πὸο

642 5999 718 6032 σοι
738 5981 987 6044 στρατηγοί
1011 5981 1169 6030 deest.

2297 639 2405 686 ναι,
2434 623 2466 694 ἢ
2496 625 2595 694 τὴν
2631 623 2952 694 Ἐκκλησίαν
2993 621 3370 692 ἀφανισθῆναι.
3408 620 3504 683 Τίς
3536 618 3731 682 ταῦτα,
3771 635 3875 686 φη-

2295 716 2398 781 σίν,
2422 718 2450 770 6
2484 717 2803 789 κηρύττωνς
2853 715 2910 769 '0
2942 715 3274 786 θεμελιώσας
3306 716 3494 784 αὐτήνο
3537 714 3589 766 Ὀ
3613 713 3875 780 οὐρανός

2293 806 2389 858 καί
2424 806 2462 874 ἠ
2495 805 2571 876 γῆ
2612 807 3107 876 παρελεύσονται,
3150 808 3204 860 οὶ
3232 805 3300 859 δὲ
3336 805 3502 872 λόγιοι
3537 821 3654 872 μου
3683 803 3762 856 οὐ
3790 799 3876 870 μὴ

2293 893 2654 960 παρέλθωσι.
2694 894 2879 948 Ταῦτα
2921 894 2982 946 οὐ
3019 893 3178 964 μόνον
3215 887 3387 956 εἶπεν,
3415 890 3548 944 άλλά
3582 891 3675 943 καὶ
3702 889 3875 957 ἐπλή-

2295 995 2458 1048 ρωσε·
2501 978 2587 1032 διά
2633 980 2685 1033 τί
2723 980 2831 1052 γὰρ
2879 979 3077 1051 μᾶλλον
3122 977 3350 1049 οὐρανοῦ
3392 978 3607 1047 μείζονα
3645 976 3822 1045 αὐτὴν
3850 984 3876 1014 ο

2292 1067 2651 1137 ἐθεμελίωσες
2695 1067 3008 1138 Τιμιωτέρα
3056 1067 3164 1137 γάρ
3199 1064 3429 1136 οὐρανοῦ
3473 1066 3506 1134 ή
3554 1062 3871 1133 Ἐκκλησία.

2292 1153 2388 1206 Διά
2417 1154 2467 1206 τί
2497 1154 2759 1224 οὐρανός;
2797 1153 2894 1207 Διά
2922 1155 3020 1226 τὴν
3061 1152 3408 1224 Ἐκκλησίαν,
3439 1151 3537 1221 οὐχ
3568 1152 3602 1221 ή
3639 1149 3876 1217 Ἐκκλη-

2295 1239 2382 1292 σία
2406 1240 2493 1294 διά
2519 1241 2610 1294 τὸν
2639 1241 2886 1312 οὐρανόν.
2925 1241 2982 1293 '0
3008 1239 3235 1311 οὐρανὸς
3258 1239 3313 1292 δὲ
3339 1239 3428 1292 διὰ
3447 1236 3537 1290 τδν
3565 1237 3872 1307 ἄνθρωπον,

2294 1328 2447 1402 [ηδ]
2474 1331 2576 1384 οὐκ
2614 1329 2900 1400 ἄνθρωπος
2943 1329 3029 1382 διά
3057 1330 3148 1382 τὸν
3171 1328 3416 1399 οὐρανόν.
3444 1328 3555 1379 Kal
3587 1326 3646 1390 ἐξ
3672 1322 3749 1378 ὼν
3781 1326 3875 1377 αὖ·

2291 1416 2383 1479 τὸς
2409 1417 2629 1488 ἐποίησε
2649 1418 2827 1488 δῆλον.
2851 1417 3114 1488 Οὐράνιον
3134 1415 3242 1485 γὰρ
3268 1414 3287 1452 ί
3316 1414 3472 1484 σῶμα
3495 1414 3595 1466 οὐκ
3615 1411 3876 1466 ἀνέλαϐεν

2292 1506 2322 1557 6
2348 1505 2600 1571 Χριστός.
2645 1503 2790 1557 Ἀλλ’
2819 1504 2904 1557 ἵνα
2932 1504 3007 1575 μὴ
3036 1503 3364 1574 μηκύνοντες
3388 1501 3478 1554 τὸν
3503 1501 3680 1568 λόγον,
3711 1499 3876 1552 πάλιν

2294 1589 2563 1660 χρεῶσται
2596 1590 3038 1661 άναχωρήσωμεν
3083 1591 3320 1662 σήμερον
3363 1590 3497 1658 (ἴστε
3530 1587 3638 1656 γὰρ
3667 1589 3876 1654 ὅσαπερ

2296 1675 2420 1745 χθὲς
2447 1677 2839 1748 ὑπεσχόμεθα),
2865 1676 3188 1731 καταϐαλεῖν
3222 1676 3614 1745 ἑτοιμάσωμεν.
3644 1672 3746 1726 Διά
3767 1671 3875 1741 γάρ

2294 1764 2420 1825 τοὺς
2452 1763 2876 1832 ἀπολειφθέντας
2917 1763 3276 1833 άνεϐαλόμην.
3323 1762 3474 1815 Ἐπεὶ
3511 1756 3604 1813 οὖν
3645 1761 3694 1811 οἱ
3743 1761 3875 1812 ἀποο

2297 1850 2604 1920 λειφθέντες
2640 1852 2707 1905 τά
2749 1851 2957 1906 ἑαυτῶν
2988 1852 3334 1922 ἐπλήρωσαν,
3377 1850 3470 1902 xal
3501 1851 3569 1920 τῇ
3603 1847 3875 1918 παρουσίᾳ

2297 1940 2429 2010 ἡμῖν
2458 1942 2525 2010 τῇ
2562 1939 2772 1994 ἑαυτῶν
2802 1941 2828 1980 ε
2855 1940 3178 2011 ἐχαρίσαντο
3203 1936 3484 2009 τράπεζαν
3513 1934 3875 2008 πεπληρωμέ-

2299 2046 2397 2100 νην
2435 2029 2542 2083 τῶν
2572 2029 2963 2101 ἀναλωμάτων,
2993 2027 3124 2100 φέρε
3162 2027 3248 2098 δὴ,
3277 2027 3344 2080 τά
3373 2027 3477 2096 δψα
3518 2024 3876 2096 παραϐῶμεν,

2301 2116 2406 2184 ὄψα
2433 2117 2531 2186 οὐχ
2551 2116 2713 2169 ἐωλα·
2750 2118 2798 2170 εί
2825 2115 2933 2186 γάρ
2964 2113 3057 2169 καὶ
3087 2113 3309 2184 χθεσινά
3334 2110 3423 2184 ἦν,
3465 2112 3578 2166 ἀλλ’
3611 2111 3672 2164 οὐ
3700 2111 3878 2178 γίνονο

2302 2219 2390 2255 ται
2429 2203 2589 2257 ἕωλα.
2627 2203 2692 2256 Τί
2728 2203 2964 2273 δήποτες
3002 2199 3117 2255 Οὐκ
3149 2200 3263 2253 ἐστι
3293 2201 3450 2270 κρέα,
3473 2199 3561 2251 ἵνα
3585 2197 3876 2266 διαφθαρῇ.

2302 2288 2437 2341 ἀλλά
2465 2291 2710 2361 νοήματα
2741 2288 3002 2360 διηνεκῶς
3039 2286 3319 2341 ἀνθοῦντα.
3355 2287 3436 2339 Τὰ
3474 2286 3570 2356 μὲν
3599 2286 3707 2354 γάρ
3745 2282 3880 2352 κρέα

2302 2376 2600 2448 φθείρεται.⁸
2643 2376 2800 2447 σῶμα
2845 2378 2952 2446 γάρ
2982 2378 3116 2429 ἐστ.⁸
3155 2375 3227 2428 τά
3255 2375 3311 2428 δέ
3342 2376 3583 2446 νοήματα
3627 2373 3878 2442 μένοντα,

2301 2465 2640 2537 εὐωδέστερα
2679 2465 3053 2519 καθίστανται.
3089 2464 3154 2516 Τί
3196 2459 3286 2517 οὖν
3324 2459 3412 2534 ἦν,
3441 2464 3476 2516 ἀ
3503 2463 3628 2532 χθὲς
3651 2461 3879 2531 εἰρήκαο

2307 2569 2435 2623 μενς
2477 2553 2586 2608 Kal
2617 2553 2725 2623 γάρ
2767 2554 2861 2606 καὶ
2893 2554 3053 2623 ήμετς
3089 2551 3214 2622 χθὲς
3254 2550 3636 2620 ἀπελαύσαμεν
3673 2545 3880 2618 τραπέ-

2304 2637 2424 2709 ζης,
2447 2640 2538 2693 καὶ
2561 2641 2610 2693 οί
2633 2640 3049 2708 ἀπολειφθέντες
3069 2640 3166 2693 οὐκ
3195 2637 3595 2709 ἐζημιώθησαν.
3619 2637 3727 2689 Καὶ
3751 2634 3879 2704 ἐγέ-

2302 2743 2439 2781 νετο
2462 2727 2569 2782 τοῦ
2591 2727 2884 2791 ἐνιαυτοῦ,
2903 2723 2973 2783 οὗ
2993 2726 3291 2782 ἀπέθανεν
3313 2725 3488 2790 Ὀζῖας
3509 2727 3544 2778 ό
3555 2722 3880 2788 βασιλεὺς.

2304 2809 2468 2867 εἶδον
2497 2815 2607 2868 τὸν
2638 2817 2855 2884 Κύριον
2892 2814 3230 2884 καθήμενον
3265 2813 3362 2866 ἐπὶ
3390 2814 3602 2880 θρόνου
3633 2809 3879 2878 ὑψηλοῦ

2306 2899 2404 2956 καὶ
2437 2899 2798 2969 ἐπηρμένου.
2843 2901 2939 2964 Τίς
2968 2900 3138 2955 ταῦτά
3172 2916 3370 2970 φησινς
3417 2899 3662 2960 Ἡσαΐας,
3691 2899 3720 2949 6
3749 2896 3881 2949 θεω-

2311 2987 2400 3056 ρὸς
2426 2985 2534 3040 τῶν
2565 2987 2862 3057 Σεραφεὶμ,
2896 2988 2926 3039 6
2956 2987 3118 3056 γάμῳ
3151 2985 3436 3056 ὁμιλήσας,
3474 2983 3566 3036 καὶ
3597 2983 3694 3052 τήν
3724 2981 3881 3051 χάριν

2310 3075 2385 3146 μὴ
2438 3075 2656 3138 σϐέσας.
2706 3076 2817 3130 Kal
2869 3075 3280 3145 προσεσχήκατε
3332 3072 3408 3143 τῷ
3455 3071 3732 3142 προφήτῃ,
3787 3068 3880 3121 καὶ

2307 3161 2574 3232 ήκούσατε
2615 3162 2707 3215 τοῦ
2744 3165 3022 3234 προφήτου
3069 3163 3324 3233 σήμερον·
3361 3159 3618 3223 Ἔξελθε,
3651 3156 3734 3210 σὺ
3782 3155 3879 3210 καί

2321 3251 2552 3305 Ὶασοὺϐ
2578 3253 2611 3306 ό
2638 3252 2766 3316 υιός
2790 3266 2924 3305 σου.
2962 3251 3278 3317 Ἀναγκαῖον
3299 3248 3394 3301 καὶ
3420 3247 3590 3300 ταῦτα
3615 3246 3689 3316 μή
3711 3261 3881 3315 παρα-

2307 3337 2552 3411 δραμεῖν.
2601 3338 2846 3403 Ἕξελθε,
2894 3338 2958 3391 σὺ
3003 3337 3097 3390 καὶ
3152 3336 3182 3388 6
3223 3336 3336 3398 υἱός
3374 3352 3484 3388 σου.
3522 3333 3646 3387 Υίὺν
3679 3327 3881 3402 εἶχενό

2310 3426 2625 3495 προφήτηςς
2655 3423 2860 3478 Οὐκοῦν
2895 3425 2945 3477 εί
2980 3424 3114 3489 υἱὸν,
3150 3423 3243 3476 καὶ
3273 3424 3523 3491 γυναῖκα,
3559 3421 3646 3474 ἴνα
3680 3419 3878 3490 μάθῃς.

2309 3511 2390 3564 ὅτι
2416 3512 2476 3564 οὐ
2503 3511 2702 3579 φαῦλον
2731 3511 2759 3563 6
2783 3509 2958 3578 γάμος
2978 3511 3026 3572 ιι,
3055 3508 3191 3562 άλλά
3217 3509 3382 3563 κακὸν
3407 3511 3439 3579 ή
3468 3507 3711 3578 πορνεία.
3742 3506 3876 3558 Ἀλλ’

2310 3596 2496 3667 ἐπειδὴ
2519 3597 2730 3659 πολλοῖς
2761 3613 2870 3649 τισι
2903 3595 3282 3666 διαλεγόμεθα,
3319 3596 3413 3650 καὶ
3437 3594 3687 3664 λέγομεν,
3709 3594 3807 3646 Διά
3829 3592 3880 3644 τί

2315 3683 2388 3754 μή
2425 3683 2600 3755 ὀρθῶς
2633 3683 2753 3754 ζῇς,
2789 3682 2876 3736 διὰ
2907 3682 2960 3736 τί
2989 3681 3062 3753 μή
3097 3681 3207 3752 βίον
3249 3681 3445 3753 ἀκριϐῆ
3480 3680 3880 3742 ἐπιδείκνυσαις

2309 3770 2433 3837 Πῶς
2471 3769 2724 3841 δύναμαι,
2766 3771 2949 3840 φησὶν,
2989 3771 3083 3824 ἐὰν
3123 3770 3197 3840 μή
3245 3768 3598 3838 ἀποτάξωμαι
3638 3768 3879 3837 γυναικὶ,

2310 3859 2406 3912 ἐὰν
2456 3857 2531 3930 μή
2579 3851 2936 3928 ἀποῖάξωμαι
2983 3857 3232 3920 παιδίοις,
3280 3857 3374 3909 ἐὰν
3414 3856 3487 3927 μή
3524 3855 3881 3926 ἀποτάξωμαι

2312 3945 2631 4016 πράγμασις
2659 3944 2760 3998 Διά
2794 3945 2879 4010 τίς
2914 3943 2988 4014 μή
3017 3943 3242 4016 κώλυμα
3267 3945 3295 3996 6
3331 3944 3505 4013 γάμος
3529 3961 3542 4009 ς
3570 3942 3770 4010 Βοηθός
3802 3960 3882 3995 σοι

2311 4031 2514 4085 δέδοται
2533 4034 2566 4102 ή
2589 4031 2747 4102 γυνή,
2773 4030 2846 4103 μή
2876 4031 3174 4092 ἐπίϐουλος.
3194 4031 3250 4084 Ὀ
3271 4032 3552 4100 προφήτης
3570 4031 3627 4081 οὐ
3648 4032 3882 4096 γυναῖκα

2313 4114 2454 4189 εἶχες
2491 4117 2595 4172 Kal
2619 4120 2720 4172 οὐκ
2757 4118 2970 4186 ἐγένετο
3001 4109 3225 4187 κώλυμα
3258 4118 3352 4169 τοῦ
3391 4117 3699 4186 Πνεύματος
3725 4117 3757 4168 6
3784 4117 3880 4184 γά-

2317 4223 2414 4276 μος
2443 4208 2458 4246 ί
2485 4222 2498 4236 '
2533 4205 2670 4259 άλλά
2701 4206 2796 4259 καὶ
2840 4204 3031 4274 ὡμίλει
3081 4207 3146 4275 τῇ
3182 4205 3419 4272 γυναικὶ,
3467 4205 3560 4256 καὶ
3600 4205 3880 4274 προφήτης

2311 4290 2399 4364 ἦν.
2440 4294 2496 4348 '0
2530 4293 2766 4364 Μωύσῆς
2794 4293 2853 4346 οὐ
2893 4295 3124 4361 γυναῖκα
3151 4292 3308 4362 ἔσχες
3343 4293 3452 4345 Kal
3477 4291 3680 4362 πέτρας
3717 4291 3882 4363 έῤῥη-

2315 4381 2393 4446 ξε,
2449 4381 2542 4436 καὶ
2599 4381 2735 4451 ἀέρα
2783 4379 3062 4449 μετέϐαλε,
3117 4379 3210 4432 καὶ
3271 4378 3387 4449 Θεῷ
3437 4379 3720 4446 διελέγετο,
3791 4380 3885 4432 καὶ

2317 4468 2571 4538 θεήλατον
2594 4466 2759 4536 ὀργὴν
2788 4465 3110 4519 ἀνέστειλεν.
3150 4466 3207 4517 '0
3243 4465 3489 4536 Ἀϐραὰμ
3509 4466 3627 4534 οὐχὶ
3651 4467 3886 4533 γυναῖκα

2315 4554 2474 4624 ἔσχες
2503 4554 2612 4609 Kal
2635 4553 2814 4623 πατὴρ
2841 4553 3054 4621 ἐγένετο
3079 4552 3264 4614 ἐθνῶν,
3295 4554 3387 4605 καὶ
3409 4554 3503 4622 τῆς
3538 4553 3881 4621 Ἐκκλησίας·

2316 4641 2405 4694 τὸν
2431 4640 2536 4713 γὰρ
2578 4639 2761 4693 Ἰσαὰκ
2789 4640 2900 4693 υἱὸν
2921 4634 3055 4708 εἶχε,
3083 4640 3174 4692 καὶ
3203 4639 3360 4702 αὐτὸς
3381 4640 3593 4706 ἐγένετο
3613 4640 3884 4710 κατορθωο

2319 4729 2503 4798 μάτων
2531 4727 2805 4790 ὑπόθεσις.
2843 4727 2955 4779 Οὐκ
2997 4726 3261 4796 ἀνήνεγκε
3286 4725 3346 4778 τὸ
3377 4726 3606 4790 παιδίον,
3635 4726 3722 4779 τὸν
3751 4744 3885 4796 καρ-

2317 4817 2416 4869 πὸν
2441 4815 2533 4870 τοῦ
2555 4817 2767 4886 γάμους
2800 4814 2898 4867 οὐκ
2919 4813 3132 4882 ἐγένετο
3160 4814 3254 4866 καὶ
3287 4814 3468 4884 πατὴρ
3494 4816 3586 4867 καὶ
3612 4814 3883 4884 φιλόθεοςς

2318 4905 2416 4957 οὐκ
2443 4898 2510 4974 ἢν
2542 4903 2669 4957 ίδεῖν
2709 4901 2859 4974 ἱερέα
2881 4900 2940 4966 ἐξ
2971 4901 3182 4954 οἰκείων
3213 4900 3531 4971 σπλάγχνων
3560 4902 3884 4973 γενόμενονς

2320 4991 2469 5061 ἱερέα
2505 4990 2601 5043 καὶ
2632 4989 2880 5059 πατέρας
2917 4987 3079 5056 φύσιν
3119 4988 3443 5058 νικωμένην,
3484 4988 3578 5042 καὶ
3603 4987 3886 5041 εὐλάϐειαν

2319 5077 2656 5148 κρατοῦσανς
2685 5076 2966 5145 σπλάγχνα
2993 5073 3326 5144 πατούμενα,
3360 5076 3452 5128 καὶ
3491 5075 3885 5145 κατορθώματα

2320 5165 2515 5236 εὐσεϐῆ
2541 5163 2924 5236 περιγινόμενα
2951 5179 2965 5228 ς
3000 5161 3093 5216 καὶ
3121 5161 3212 5214 τὸν
3250 5162 3457 5232 πατέρα
3487 5161 3760 5231 λυόμενον,
3793 5163 3885 5213 καὶ

2322 5253 2564 5323 φιλόθεον
2592 5248 2852 5319 στεφανού
2862 5265 3047 5319 μενονς
3075 5249 3173 5302 οὐκ
3195 5247 3330 5313 εἶδες
3353 5250 3469 5303 ὅλον
3491 5247 3771 5316 φιλόπαιδα
3795 5247 3888 5299 καὶ

2322 5341 2592 5410 φιλόθεονς
2619 5340 2691 5410 μή
2709 5337 3046 5390 τιὲκώλυσεν
3065 5337 3094 5390 6
3118 5337 3318 5408 γάμοςς
3351 5338 3414 5390 Τί
3435 5335 3490 5389 δὲ
3515 5339 3547 5406 ή
3574 5337 3753 5407 μήτηρ
3779 5335 3887 5389 τῶν

2378 5547 2397 5568 ⁸
2429 5546 2526 5594 Αιιι
2565 5542 2692 5604 apud
2717 5541 2867 5590 Savil.
2896 5541 3186 5603 έπλήρωσεν⁶
3209 5537 3408 5602 οὐρανοῦ
3447 5538 3534 5602 γὰρ
3556 5541 3725 5597 μᾶλλον
3742 5540 3887 5595 αὐτήν

2322 5607 2478 5669 μείζω.

2385 5659 2529 5714 {Alii
2552 5677 2665 5712 mss.
2703 5669 2756 5712 el
2796 5661 2942 5712 Sam.
2984 5663 3035 5709 in
3059 5667 3199 5710 textu
3224 5661 3434 5723 οὐράνιον
3456 5662 3561 5723 γάρ.
3602 5668 3653 5710 cl
3683 5659 3884 5723 melius;

2320 5730 2405 5776 sed
2431 5728 2660 5777 Erasmus
2680 5726 2801 5784 legit
2821 5723 3036 5785 οὐρανοῦ,
3056 5731 3110 5771 ιιι
3133 5721 3475 5772 δεδοιωοτειζ
3503 5721 3556 5772 οι
3589 5733 3754 5785 margo
3774 5721 3883 5770 Su.

2320 5789 2604 5860 Paglappsl
2630 5787 2776 5860 iidefn
2802 5784 3098 5860 μπυιύνοιντεςἰ

2383 5852 2408 5889 8
2436 5844 2530 5898 ΑΙίί
2556 5860 2669 5894 mss.
2695 5847 2780 5902 τὴν
2801 5845 3060 5905 παρουσίαν
3082 5844 3192 5905 ἡμῖν
3224 5846 3307 5901 τὴν
3331 5844 3525 5894 ἑαυτῶν.

2381 5912 2408 5976 ᾗ
2432 5911 2569 5976 lius
2589 5910 2659 5955 ὅτι
2689 5908 2741 5955 οὐ
2762 5905 2934 5976 φαῦλος
2956 5907 2981 5952 6
3003 5906 3165 5976 γάμος.

2383 5974 2399 6012 ι
2441 5970 2564 6022 Tres
2586 5980 2699 6018 mss.
2722 5964 2806 6016 τοῦ
2827 5964 3085 6028 πνεύματος
3104 5969 3134 6022 ἡ
3157 5965 3304 6028 χάρις,
3323 5964 3465 6014 male.
