4144 6478
244 444 339 499 121
1160 428 1222 483 ΙΝ
1262 425 1481 489 ILLUD,
1527 421 1653 477 VlDl
1697 418 2033 490 DUMlNUM,
2075 424 2308 482 HOMIL.
2351 426 2439 485 IV.

232 548 365 617 Quod
414 549 457 603 si
508 546 639 603 milii
671 559 854 600 narres
883 544 1169 615 dignitates
1209 554 1264 599 et
1309 558 1468 612 opum
1513 538 1789 596 abundan-

228 646 361 704 tiam,
386 654 412 692 a
446 638 588 693 foliis
611 680 626 696 .
652 652 756 690 neu
786 652 814 689 a
838 637 1125 702 fructibus,
1152 636 1396 689 arborem
1418 633 1618 688 laudas.
1664 631 1790 686 Hinc

226 740 386 784 autem
435 730 625 798 loquor
667 743 771 782 non
828 734 1111 782 assentans
1161 727 1367 780 caritati
1426 735 1640 791 vestras,
1695 725 1788 779 sed

227 822 460 878 virtutem
519 830 755 875 vestram
808 820 1128 889 prmdieaus.
1183 818 1382 872 Beatus
1421 833 1521 888 ego
1571 826 1790 887 propter

226 925 309 964 vos
329 952 343 975 ,
371 911 504 965 beati
536 926 632 965 vos
660 920 874 980 prapter
899 925 993 963 vos
1022 910 1164 978 ipsos
1192 924 1204 963 :
1239 908 1422 963 Beatus
1449 909 1535 979 qui
1566 907 1789 979 loquitur

223 1004 283 1056 ad
317 1020 465 1057 aures
516 1004 829 1057 audientium
857 1002 1048 1070 (Eccle.
1075 1001 1164 1055 ‘25.
1199 1000 1331 1069 12):
1360 1000 1437 1054 sic
1459 1014 1559 1069 ego
1604 999 1789 1054 beatus

224 1094 377 1149 factus
430 1111 570 1149 sum.
626 1094 767 1147 Beati
816 1094 902 1161 qui
954 1093 1180 1146 esuriant
1228 1099 1273 1144 et
1316 1090 1491 1144 sitiunt
1531 1089 1788 1160 justitiam

224 1185 415 1255 (Matth.
453 1186 504 1239 5.
543 1184 622 1255 6).
659 1184 818 1237 Vides
843 1182 1111 1252 quomodo
1139 1195 1234 1236 vos
1272 1178 1412 1235 beati
1452 1190 1666 1249 promer
1692 1194 1787 1233 vos

224 1278 353 1345 ipsos
398 1277 527 1332 estis
583 1275 746 1329 facti?
777 1276 965 1330 Beatus
1005 1281 1086 1327 est
1137 1273 1218 1326 vir
1258 1286 1442 1325 amans
1481 1285 1786 1325 sermonum

220 1368 583 1437 spiritualium.
625 1366 737 1420 Hoc
763 1380 860 1419 nos
889 1364 1164 1433 distinguit
1191 1378 1221 1416 a
1262 1362 1451 1417 brutis.
1484 1361 1598 1416 Non
1644 1362 1785 1415 enim

222 1476 307 1515 nos
337 1460 403 1513 ab
427 1461 530 1514 illis
561 1467 776 1527 separat
795 1458 1036 1526 corporis
1058 1458 1402 1525 ratio,neque
1427 1454 1567 1524 quod
1596 1454 1787 1507 alimur

156 1594 157 1597 η
220 1560 299 1604 aut
326 1550 575 1613 bibimus,
600 1562 775 1618 neque
800 1547 939 1616 quod
973 1548 1235 1615 poscimur
1260 1555 1350 1599 aut
1375 1544 1597 1599 vivimus
1622 1562 1637 1601 :
1671 1543 1789 1599 lucc

221 1642 347 1695 enim
375 1640 555 1694 omnia
598 1640 751 1692 nobis
796 1653 918 1692 cum
958 1638 1127 1691 brutis
1165 1647 1285 1690 sunt
1323 1636 1645 1690 communia.
1681 1635 1784 1691 Sed

220 1747 306 1797 qua
336 1746 391 1785 re
415 1730 761 1798 distinguitur
786 1744 815 1782 a
861 1729 1027 1782 brutis
1068 1726 1267 1782 homo?
1301 1726 1559 1782 Sermone
1595 1744 1608 1779 :
1639 1736 1690 1781 et
1717 1727 1787 1781 ob

222 1825 263 1876 id
283 1825 469 1877 animal
496 1823 694 1877 dicitur
717 1830 926 1888 λογικὸνε
949 1822 1049 1875 hoc
1081 1829 1180 1884 est,
1210 1820 1473 1873 sermonis
1502 1822 1784 1889 particeps.

222 1914 281 1969 Ut
310 1916 445 1969 enim
468 1916 687 1970 aluntur
707 1927 929 1982 corpora
949 1955 964 1977 ,
997 1912 1074 1966 sic
1103 1913 1316 1966 aluntur
1341 1921 1396 1965 et
1423 1912 1612 1965 anima:
1645 1928 1658 1963 :
1691 1910 1784 1965 sed

220 2020 397 2074 corpus
449 2020 631 2075 pane,
682 2005 857 2058 anima
916 2018 1184 2058 sermone.
1238 2002 1466 2057 Proinde
1511 2001 1556 2057 si
1607 2002 1786 2057 videas

222 2094 473 2149 hominem
513 2104 819 2150 vescentem
870 2093 1062 2162 lapide,
1096 2109 1221 2147 num
1253 2092 1400 2147 illum
1435 2092 1633 2147 dixeris
1666 2105 1785 2147 esse

222 2187 521 2242 hominem?
559 2185 749 2240 Itidem
802 2185 846 2239 si
898 2200 1055 2254 quem
1083 2185 1275 2240 videris
1328 2185 1415 2253 qui
1468 2199 1572 2237 non
1613 2184 1784 2237 alatur

220 2292 448 2330 sermone
472 2318 486 2342 ,
518 2275 614 2331 sed
645 2276 905 2329 sermonis
935 2289 998 2329 ac
1024 2276 1242 2330 rationis
1272 2275 1469 2344 iu0pia,
1499 2274 1661 2337 dices,
1689 2273 1785 2327 Hic

219 2381 265 2423 et
288 2371 509 2424 hominis
538 2378 782 2423 naturain
812 2369 1025 2431 amisit,
1054 2368 1315 2438 siquidem
1342 2367 1590 2423 educatio
1605 2366 1784 2421 decla-

222 2471 289 2513 rat
331 2462 559 2516 hominis
611 2460 961 2514 nobilitatem.
1011 2458 1267 2526 Quoniam
1316 2458 1473 2528 igitur
1518 2458 1780 2513 theatrum

222 2551 357 2605 nobis
385 2551 600 2620 plenum
631 2559 733 2617 est,
767 2551 999 2620 itemque
1020 2565 1165 2605 mare
1191 2550 1395 2619 pridem
1425 2552 1781 2617 mstuansjam

222 2644 576 2714 tranquillum,
617 2658 680 2697 ac
730 2658 940 2696 rursum
984 2642 1197 2711 pelagus
1239 2641 1417 2695 sedata
1469 2650 1782 2709 tempestate

220 2734 435 2801 quietum
467 2750 533 2789 ac
579 2733 879 2803 placidum:
908 2747 1003 2803 age
1040 2733 1149 2801 jam
1181 2746 1366 2786 navem
1416 2730 1777 2796 detrahamus,

221 2824 310 2877 veli
337 2824 449 2879 loco
475 2822 843 2892 expandeutes
875 2822 1125 2892 linguam,
1157 2836 1252 2891 pro
1281 2821 1512 2891 zephyro
1551 2820 1780 2891 Spiritus

220 2916 423 2984 gratiam
456 2918 790 2979 invocantes,
815 2929 911 2983 pro
940 2923 1151 2969 temone
1194 2914 1447 2983 clavoque
1492 2928 1649 2968 cruce
1680 2928 1778 2984 gu-

222 3006 506 3062 bernatrice
535 3014 763 3061 utentes.
797 3005 927 3059 Nam
969 3019 1115 3058 mare
1151 3002 1363 3072 quidem
1406 3003 1564 3059 habet
1589 3018 1779 3073 aquam

220 3096 398 3151 salsam
418 3139 432 3160 ,
458 3096 549 3151 hic
582 3106 761 3150 autem
792 3104 874 3149 est
900 3110 1036 3164 aqua
1063 3095 1198 3147 viva.
1228 3093 1341 3149 lllic
1368 3103 1493 3149 sunt
1531 3094 1778 3148 animalia

222 3191 422 3244 rationis
451 3190 699 3258 expertia
722 3229 737 3254 ,
766 3188 851 3243 hic
888 3203 1016 3241 vero
1061 3187 1251 3240 anima:
1298 3187 1581 3241 rationales
1610 3203 1623 3239 :
1671 3187 1781 3244 illic

220 3281 296 3347 qui
322 3280 569 3349 navigant
595 3296 627 3333 e
658 3280 786 3332 mari
818 3280 869 3333 in
902 3286 1120 3341 terram,
1152 3277 1237 3331 hic
1262 3293 1388 3332 vero
1417 3279 1505 3347 qui
1534 3278 1779 3348 navigant

219 3390 244 3425 ρ
270 3382 398 3426 terra
431 3376 480 3426 in
510 3372 701 3426 caelum
729 3369 1001 3439 appellunt
1033 3386 1046 3423 :
1075 3369 1183 3423 illic
1209 3369 1432 3439 navigia,
1457 3369 1543 3424 hic
1571 3370 1778 3440 eloquia

217 3466 490 3533 spiritualia
526 3482 540 3518 :
574 3466 681 3519 illic
704 3464 757 3517 in
795 3464 913 3517 navi
946 3464 1135 3518 tabula:
1162 3503 1177 3527 ,
1202 3463 1287 3517 hic
1312 3477 1615 3518 sermonum
1647 3479 1776 3518 con-

218 3567 389 3610 ventus
418 3576 429 3609 :
462 3558 576 3610 illic
608 3557 804 3619 velum,
842 3555 926 3609 hic
963 3556 1175 3624 lingua:
1208 3554 1316 3609 illic
1348 3554 1563 3625 zephyri
1598 3554 1775 3621 ﬂatus,

220 3648 293 3700 hic
344 3649 564 3717 spiritus
611 3646 888 3716 praesentia
923 3663 935 3698 :
970 3646 1076 3700 illic
1122 3645 1281 3700 homo
1312 3646 1649 3715 gubernator,
1694 3647 1779 3703 hic

217 3753 329 3791 \‘cro
348 3740 675 3808 gubernator
700 3738 961 3793 Christus.
1004 3737 1204 3792 ldcirco
1244 3753 1371 3792 sane
1399 3740 1628 3807 jactatur
1657 3740 1776 3807 qni-

217 3828 323 3881 dem
356 3832 501 3885 navis
528 3872 543 3895 ,
576 3838 631 3883 at
659 3845 764 3883 non
807 3830 1081 3897 mergitur.
1133 3828 1347 3883 Poterat
1390 3830 1601 3897 quidem
1634 3839 1685 3883 et
1723 3830 1774 3883 in

216 3924 483 3990 tranquillo
516 3924 787 3992 navigare,
816 3937 999 3976 verum
1030 3936 1131 3975 non
1165 3934 1349 3990 passus
1385 3930 1466 3975 est
1513 3921 1776 3989 guberna-

215 4020 305 4075 tor,
327 4027 428 4080 quo
454 4013 619 4066 simul
648 4021 702 4066 et
723 4012 1080 4080 navigantium
1110 4010 1396 4080 perspicias
1419 4010 1772 4076 tolerantiam,

212 4112 258 4157 et
291 4105 656 4173 gubernatoris
686 4104 1019 4174 prudentiam
1051 4104 1256 4172 plenius
1284 4118 1593 4173 cognoscas.

272 4198 321 4250 2.
350 4197 575 4253 Ecclesia
604 4199 791 4252 Christi
816 4198 1020 4251 invicta.
1050 4196 1274 4249 Facilius
1302 4206 1373 4250 est
1398 4197 1551 4250 solem
1580 4200 1772 4251 exstin-

210 4292 303 4358 gui,
333 4308 481 4356 quam
512 4291 794 4344 Ecclesiam
818 4290 1067 4341 deleri.—
1085 4288 1311 4341 Audiant
1339 4296 1541 4355 gentes,
1559 4288 1774 4341 audiant

208 4380 361 4435 Judaei
409 4382 689 4435 benefacta
748 4389 947 4442 nostra,
979 4377 1194 4431 audiant
1233 4392 1475 4447 magnam
1521 4376 1772 4431 Ecclesiae

208 4476 670 4540 praieminentiam.
700 4475 736 4526 A
767 4488 923 4541 quam
952 4472 1130 4525 multis
1159 4482 1456 4540 Oppugnata
1484 4480 1565 4525 est
1597 4472 1773 4526 Eccle-

207 4565 293 4630 sia,
310 4582 401 4621 nec
420 4581 671 4635 umquam
691 4575 864 4618 tamen
879 4565 1176 4634 victa?qnot
1194 4564 1566 4634 tyranniiqnot
1587 4566 1767 4631 duces,

205 4667 321 4723 quot
337 4658 689 4726 Imperatores
702 4658 723 4709 ?
738 4656 1292 4725 Augustus,Tiherius,
1307 4653 1483 4719 Caius,
1498 4655 1768 4723 Claudius,

207 4750 363 4816 Nero,
409 4750 661 4803 homines
711 4748 878 4801 literis
929 4747 1130 4807 ornati,
1160 4756 1432 4814 potentes,
1481 4757 1557 4801 tot
1602 4747 1769 4799 modis

204 4849 565 4910 oppugnarunt
594 4849 862 4893 recentem
893 4852 955 4891 ac
987 4847 1245 4900 teneram,
1271 4846 1325 4889 at
1372 4851 1475 4889 non
1522 4837 1769 4890 radicitus

204 4930 557 4989 sustulerunt;
589 4928 716 4997 quin
746 4927 916 4995 potius
956 4926 989 4980 ii
1022 4927 1109 4995 qui
1141 4935 1507 4995 oppugnarunt
1548 4927 1769 4980 silentur

204 5016 441 5072 oblivioni
470 5017 673 5081 traditi,
699 5018 787 5071 illa
810 5031 937 5070 vero
962 5025 1257 5085 Oppugnata
1286 5015 1473 5069 czelum
1504 5025 1767 5069 transeat-

204 5110 286 5160 dit.
320 5110 499 5179 Neque
528 5110 670 5163 enim
715 5108 845 5161 illud
876 5108 1006 5161 mihi
1052 5119 1310 5175 spectato,
1343 5109 1483 5176 quod
1523 5108 1573 5161 in
1613 5108 1768 5161 terris

202 5201 289 5253 sita
332 5203 399 5256 sit
451 5201 713 5268 Ecclesia,
762 5202 853 5254 sed
881 5201 1017 5270 quod
1059 5201 1111 5254 in
1155 5203 1285 5255 CLDIO
1315 5211 1573 5257 versetur.
1614 5201 1767 5257 Unde

205 5290 294 5345 hoc
322 5295 611 5349 dilucidum
643 5294 767 5348 eSt?
796 5293 1050 5346 Nimirum
1082 5295 1210 5363 ipsre
1254 5310 1339 5347 res
1378 5295 1763 5348 demonstrant.

205 5382 487 5455 Oppugnati
518 5395 645 5441 sunt
675 5385 917 5438 undecim
947 5384 1224 5455 discipuli,
1260 5396 1399 5439 totus
1426 5387 1568 5439 orbis
1596 5402 1732 5454 oppu
1757 5411 1768 5428 ε

204 5475 381 5540 gnabat
432 5493 443 5529 :
490 5491 675 5529 verum
732 5475 817 5542 qui
875 5477 1311 5543 oppugnabantur
1359 5475 1628 5540 vicerunt,
1678 5474 1763 5544 qui

203 5570 561 5637 oppugnabant
588 5567 775 5622 sublati
799 5577 915 5620 sunt
945 5584 957 5619 :
987 5582 1111 5621 ores
1128 5569 1369 5622 devicere
1393 5568 1759 5637 lupos.\'idisti

206 5670 454 5721 pastorem
477 5674 605 5713 oves
626 5660 675 5712 in
698 5658 927 5711 medium
946 5658 1185 5727 luporum
1204 5660 1531 5713 emittentem
1550 5660 1566 5727 (
1583 5658 1759 5712 llattt't.

209 5747 280 5800 lt).
314 5750 418 5817 l6),
453 5759 505 5804 ut
532 5767 601 5805 ne
632 5750 751 5818 luga
778 5748 991 5817 quidem
1021 5749 1241 5804 salutem
1271 5754 1762 5820 consequerentur?

205 5844 319 5905 Quis
344 5854 514 5913 pastor
561 5844 664 5899 hoc
696 5842 856 5898 fecit?
895 5842 1137 5898 Christus
1188 5843 1287 5899 hoc
1335 5842 1478 5909 fecit,
1522 5860 1624 5908 quo
1667 5844 1754 5898 tibi

3376 453 3488 508 122

1898 537 2286 597 demonstraret
2306 560 2422 611 quin
2450 555 2591 598 recte
2610 556 2863 614 geruntur
2885 561 2987 602 non
3016 545 3253 604 accidere
3281 562 3445 604 secuit
3461 580 3473 591 -

1895 630 2018 684 dum
2067 646 2243 684 rerum
2279 634 2474 687 seriem
2497 675 2511 698 ,
2550 636 2643 689 scd
2678 646 2872 705 praeter
2903 650 3145 692 naturam
3178 650 3475 709 pra‘terque

1896 737 2071 776 rerum
2115 725 2330 779 seriem.
2370 725 2499 779 Nam
2543 727 2783 784 Ecclesia
2829 728 3151 785 firmioribus
3182 747 3339 802 quam
3369 749 3476 786 cm-

1897 814 2003 868 lum
2026 815 2197 885 ipsum
2226 818 2492 873 radicibus
2520 819 2704 876 haeret.
2733 821 2931 877 Verum
2960 821 3200 879 fortassis
3227 822 3475 880 ethnicus

1895 910 2209 977 arrogantia:
2233 926 2317 965 me
2337 913 2663 968 condemnat
2696 934 2710 970 :
2742 914 2836 970 sed
2859 923 3073 970 maneat
3090 915 3259 971 donec
3285 918 3470 971 harum

1895 1013 2072 1053 rerum
2102 1000 2461 1069 probationem
2485 1005 2741 1067 attulero,
2772 1006 3046 1075 discatque
3074 1008 3181 1061 vim
3210 1008 3469 1075 veritatis,

1895 1091 2158 1158 quomodo
2187 1091 2394 1145 facilius
2434 1104 2516 1147 est
2563 1095 2730 1148 solem
2774 1098 3056 1165 exstingui,
3090 1113 3244 1164 quam
3289 1098 3473 1153 Eccle-

1893 1183 2024 1237 siam
2054 1183 2241 1239 deleri.
2271 1185 2428 1252 Quis,
2464 1185 2669 1254 inquit,
2703 1188 2797 1241 ista
2825 1189 3073 1255 pra-dicat
3094 1190 3118 1239 Υ
3147 1189 3193 1243 ls
3221 1190 3307 1257 qui
3352 1205 3469 1243 eam

1894 1274 2129 1329 fundavit
2160 1292 2173 1328 ε
2203 1274 2393 1331 Cadunt
2438 1285 2483 1330 et
2526 1286 2659 1331 terra
2703 1280 3124 1342 trmisibunt,sed
3166 1281 3311 1333 verba
3360 1296 3471 1333 mea

1893 1386 1991 1423 non
2020 1368 2302 1422 transibunt
2333 1369 2543 1441 (Matth.
2566 1371 2653 1425 24.
2683 1371 2794 1441 55).
2826 1373 2949 1427 Ilznc
2974 1387 3079 1428 non
3113 1372 3272 1428 modo
3298 1374 3424 1428 dixit
3451 1415 3466 1436 ,

1891 1458 1984 1511 sed
2024 1468 2076 1513 et
2113 1458 2398 1528 complevit
2429 1475 2444 1513 :
2472 1474 2571 1514 cur
2619 1461 2760 1515 enim
2816 1461 2958 1515 illam
3018 1464 3185 1532 magis
3231 1462 3470 1518 fundavit

1890 1564 2047 1619 quam
2074 1549 2303 1603 cadum?
2333 1549 2603 1619 Siquidem
2635 1560 2716 1605 est
2745 1552 2873 1605 caelo
2899 1552 3180 1620 pretiosior
3201 1554 3458 1608 Lcclesia.

1890 1641 2066 1709 Quare
2102 1643 2371 1697 conditum
2397 1652 2478 1697 est
2496 1642 2683 1697 ctelum
2706 1646 2729 1696 ἲ
2757 1644 2976 1712 l’rOpter
3003 1645 3293 1699 Ecclesiam
3314 1687 3329 1711 ,
3361 1659 3463 1699 non

1892 1732 2126 1787 Ecclesia
2167 1741 2393 1801 propter
2423 1733 2630 1788 caelum.
2661 1735 2859 1789 Cadunt
2892 1735 3163 1790 conditum
3209 1744 3291 1791 est
3338 1752 3463 1806 pro-

1889 1833 2006 1893 pter
2035 1823 2302 1879 hominem
2321 1866 2336 1892 ,
2367 1840 2470 1879 non
2504 1825 2663 1881 homo
2690 1835 2909 1895 propter
2927 1827 3136 1881 cmlnm.
3173 1826 3228 1882 ld
3259 1828 3465 1896 perspi-

1887 1928 2044 1968 cuum
2065 1923 2147 1969 est
2176 1931 2239 1968 ex
2267 1915 2331 1969 iis
2357 1930 2473 1985 qua:
2499 1915 2623 1971 fecit
2645 1916 2907 1972 Christus.
2938 1916 3052 1971 Non
3085 1918 3225 1972 enim
3251 1917 3463 1972 ca'leste

1888 2020 2083 2076 corpus
2104 2007 2411 2076 assumpsit.
2442 2006 2635 2062 Verum
2671 2006 2803 2062 nein
2822 2009 3038 2083 longum
3058 2012 3319 2082 producto
3344 2024 3459 2064 ser—

1888 2113 2081 2163 mone,
2140 2113 2326 2153 rursus
2385 2095 2542 2153 hodie
2591 2098 2743 2155 vobis
2794 2100 3063 2156 debitores
3126 2102 3462 2157 discedamus

1891 2188 2057 2258 (scitis
2079 2190 2218 2245 enim
2250 2206 2407 2259 quam
2434 2190 2597 2245 multa
2622 2193 2792 2246 simus
2817 2192 2931 2248 heri
2960 2192 3220 2265 polliciti),
3254 2196 3461 2263 persol-

1887 2298 2009 2337 vere
2042 2284 2207 2352 parati
2236 2297 2438 2338 sumus.
2468 2283 2599 2337 Nam
2630 2294 2843 2355 propter
2863 2300 2956 2340 eos
2982 2286 3071 2356 qui
3104 2302 3207 2341 non
3241 2287 3462 2341 aderant

1885 2372 2219 2427 distuleram.
2252 2372 2511 2440 Quoniam
2557 2374 2715 2444 igitur
2738 2375 2828 2445 qui
2870 2376 3174 2442 abfuerant,
3213 2392 3309 2433 suo
3338 2387 3461 2431 sunt

1885 2461 2061 2518 officio
2100 2462 2397 2532 perfuncti,
2440 2478 2641 2534 suaque
2689 2465 2971 2534 przesentia
3019 2465 3172 2521 nobis
3220 2481 3459 2521 mensam

1884 2554 2235 2609 exhibucrunt
2255 2564 2638 2624 sumptuosam,
2666 2571 2765 2626 age
2787 2598 2801 2621 ,
2833 2571 3159 2626 apponamus
3193 2557 3409 2613 obsonia
3440 2602 3456 2620 ,

1884 2644 2100 2699 obsonia
2122 2644 2333 2713 quidem
2355 2644 2495 2699 haud
2514 2645 2686 2713 putria
2711 2665 2726 2701 :
2754 2646 2853 2701 etsi
2886 2646 3028 2700 enim
3061 2648 3305 2702 hesterna
3330 2648 3454 2712 siut,

1886 2735 1999 2790 haec
2030 2735 2248 2790 obsonia
2291 2750 2399 2790 non
2447 2744 2766 2805 putrescunt.
2804 2737 3161 2805 Quamobrem
3202 2739 3458 2795 tandem?

1882 2826 1995 2881 Non
2022 2836 2145 2881 sunt
2169 2842 2357 2883 carnes
2386 2836 2444 2882 ut
2472 2810 2739 2897 corrtmipi
2780 2839 3012 2899 queant,
3046 2833 3136 2886 sed
3176 2833 3456 2887 sententia:

1883 2933 2093 2988 semper
2116 2918 2387 2974 ﬂorentes.
2415 2911 2618 2974 Carues
2637 2920 2800 2987 enim,
2827 2922 3072 2991 quoniam
3095 2936 3286 2992 corpus
3306 2936 3450 2987 sum,

1881 3018 2295 3079 corrumpuntur
2323 3027 2336 3064 :
2382 3020 2563 3065 contra
2589 3012 2868 3065 sententia:
2892 3053 2906 3076 ,
2937 3012 2980 3067 si
3028 3023 3304 3078 maneant,
3338 3015 3455 3069 red-

1880 3103 2079 3158 duntur
2131 3104 2528 3172 l‘ragrantiorcs.
2583 3104 2717 3170 Quid
2764 3103 2922 3174 igitur
2972 3116 3086 3161 erat
3145 3106 3285 3173 quod
3342 3107 3455 3162 heri

1883 3194 2160 3247 diximus?
2189 3192 2459 3263 Siquidem
2487 3206 2541 3248 et
2575 3196 2644 3248 ita
2673 3211 2769 3249 nos
2802 3196 2913 3249 heri
2944 3197 3226 3266 participes
3255 3214 3454 3252 menSm

1882 3285 2184 3350 fuimus,ut
2230 3286 2318 3355 qui
2363 3301 2469 3339 non
2523 3286 2823 3351 adfuerunt,
2858 3288 2984 3341 nihil
3011 3288 3311 3342 detrimenti
3349 3290 3454 3343 siut

1883 3376 2044 3445 paSsi.
2076 3376 2140 3428 Et
2167 3378 2355 3446 factum
2373 3388 2443 3430 est
2464 3377 2516 3430 in
2543 3394 2675 3432 anno
2701 3395 2798 3447 quo
2817 3391 3049 3433 mortuus
3069 3388 3139 3433 est
3164 3380 3314 3434 Ozias
3340 3398 3449 3444 rca',

1880 3470 1983 3521 vidi
2006 3467 2279 3522 Dominum
2317 3469 2566 3522 sedentem
2600 3471 2652 3523 in
2688 3470 2814 3523 solio
2854 3470 3044 3523 excelso
3069 3481 3117 3525 et
3147 3472 3278 3525 elata
3298 3471 3449 3542 (lsai.

1880 3560 1931 3614 6.
1965 3561 2036 3630 l).
2068 3561 2197 3630 Quis
2232 3560 2343 3614 lucc
2377 3561 2642 3630 loquitur?
2672 3560 2831 3615 lsaias
2870 3562 2957 3616 ille
2982 3570 3250 3630 spectator
3290 3563 3449 3617 cadeo

1880 3655 2043 3708 stium
2096 3653 2418 3722 Seraphin],
2455 3655 2541 3722 qui
2594 3653 2860 3707 connubio
2906 3653 3116 3721 junctus
3171 3651 3305 3717 fuit,
3353 3670 3454 3709 nec

1882 3754 2054 3798 tamen
2099 3746 2353 3799 exstinxit
2397 3746 2641 3814 gratiam.
2684 3744 2999 3798 Attendistis
3041 3745 3351 3813 prephette,
3398 3759 3452 3801 et

1879 3835 2101 3890 audistis
2136 3836 2448 3904 prophetam
2478 3836 2635 3890 hodie
2655 3878 2669 3900 ,
2700 3836 2821 3902 Exi,
2847 3847 2899 3889 tu
2928 3847 2973 3890 et
2998 3836 3159 3890 Jasub
3181 3839 3316 3907 ﬁlius
3337 3848 3451 3893 tum

1879 3926 2028 3995 (lsai.
2047 3928 2099 3981 7.
2131 3928 2207 3993 5).
2243 3926 2348 3981 Nec
2378 3927 2471 3979 ista
2503 3935 2712 3997 oportet
2733 3936 3155 3994 praetercurrere.
3179 3928 3292 3995 Exi,
3319 3939 3373 3983 tu
3395 3942 3449 3983 et

1878 4020 2015 4073 filius
2046 4028 2184 4072 tuus.
2218 4020 2361 4072 Itane
2390 4018 2554 4072 [ilium
2593 4018 2819 4073 habebat
2850 4019 3143 4087 propheta?
3171 4019 3226 4075 Si
3284 4022 3449 4075 lilium

1879 4109 2132 4175 habebat,
2164 4108 2389 4163 habebat
2427 4118 2480 4161 ct
2508 4124 2765 4171 uxorem,
2800 4120 2855 4162 ut
2901 4110 3161 4179 intelligas
3191 4125 3293 4165 non
3330 4126 3449 4166 esse

1877 4199 2043 4253 malas
2090 4200 2319 4268 nuptias,
2348 4200 2440 4254 sed
2484 4202 2674 4254 malam
2724 4218 2842 4255 esse
2891 4203 3287 4256 scortationem.
3341 4204 3447 4257 Sed

1875 4294 2123 4360 quoniam
2169 4307 2287 4344 cum
2336 4291 2651 4361 quibusdam
2700 4292 3011 4348 disserimus
3051 4293 3307 4358 dicentes,
3341 4294 3450 4349 Cur

1876 4396 1978 4434 non
2039 4390 2182 4436 recte
2236 4381 2406 4435 vivis?
2456 4384 2796 4451 quamobrem
2846 4399 2948 4437 non
3015 4394 3233 4452 praistas
3282 4388 3438 4438 vitam

1877 4472 2137 4540 probam?
2167 4474 2263 4540 Qui
2317 4488 2528 4541 possum
2556 4516 2570 4538 ,
2615 4476 2893 4542 inquiunt,
2936 4476 3035 4528 nisi
3080 4475 3335 4529 divortatn
3379 4477 3447 4531 ab

1874 4581 2071 4631 uxore,
2119 4567 2217 4619 nisi
2248 4567 2361 4620 vale
2405 4565 2588 4619 dixero
2632 4566 2840 4631 liberis,
2873 4568 2970 4620 nisi
3019 4568 3195 4622 valere
3236 4569 3447 4637 jnssero

1876 4658 2124 4726 negotia?
2161 4656 2558 4720 Quamobrem?
2604 4674 2727 4712 num
2779 4657 2956 4711 obstat
3008 4659 3449 4713 matrimonium?

1878 4748 2117 4816 Adjutrix
2145 4749 2235 4800 tibi
2266 4748 2384 4801 data
2428 4758 2511 4803 est
2547 4764 2682 4803 uxor
2743 4765 2846 4804 non
2889 4750 3205 4804 insidiatrix.
3252 4753 3443 4804 Annon

1876 4840 2101 4893 habebat
2151 4855 2373 4893 uxorem
2425 4840 2721 4910 propheta?
2759 4841 2938 4910 Neque
2994 4852 3165 4895 tamen
3216 4840 3445 4909 Spiritus

1873 4932 2052 4999 gratim
2075 4932 2315 4986 obstabat
2338 4932 2639 5001 conjugium
2660 4934 2779 4988 :sed
2807 4949 2924 4987 cum
2953 4948 3117 4987 uxore
3143 4933 3441 4987 convictum

1877 5020 2131 5086 habebat,
2204 5031 2255 5075 et
2312 5031 2426 5075 erat
2495 5022 2839 5077 nihilominus
2897 5022 3172 5092 propheta.
3235 5023 3443 5092 Moyses

1875 5127 2048 5165 nonne
2079 5128 2296 5166 uxorem
2326 5113 2587 5167 habebat?
2620 5113 2686 5166 Et
2714 5122 2887 5167 tamen
2922 5115 2965 5166 is
2990 5122 3191 5180 petram
3218 5113 3439 5182 dirupit,

1871 5218 2049 5257 aerem
2100 5203 2412 5265 immntavit,
2436 5218 2555 5259 cum
2610 5205 2717 5257 Deo
2760 5202 3181 5272 colloquebatur,
3207 5204 3440 5259 divinam

1875 5296 2001 5347 iram
2031 5295 2286 5351 cohibuit.
2326 5294 2589 5347 Abraham
2624 5310 2799 5350 nonne
2830 5294 3056 5349 habebat
3085 5312 3301 5350 uxorem
3324 5298 3345 5350 ?
3372 5297 3440 5351 Et

1874 5400 2043 5440 tamen
2074 5396 2225 5455 pater
2258 5384 2424 5439 lactus
2454 5393 2535 5439 est
2560 5388 2791 5455 gentium
2820 5397 2873 5442 et
2908 5388 3188 5442 Eeclcsim:
3224 5389 3439 5441 sustulit

1872 5478 2031 5529 h’lium
2084 5475 2243 5535 Isaac,
2275 5486 2327 5529 et
2373 5477 2458 5530 hic
2504 5477 2576 5531 illi
2620 5476 2717 5530 fuit
2760 5480 3089 5548 egregiorum
3142 5477 3434 5532 facinorum

1872 5568 2111 5620 materia.
2157 5566 2341 5621 Nonne
2392 5567 2581 5621 obtulit
2645 5568 2842 5633 ﬁlium,
2895 5571 3123 5640 coojugii
3168 5570 3438 5625 fructum?

1870 5674 2044 5713 nonne
2089 5658 2256 5714 factus
2289 5670 2370 5715 est
2407 5670 2574 5730 pater,
2605 5671 2657 5714 et
2700 5662 2791 5715 Dei
2822 5663 3044 5716 amans?
3071 5677 3241 5716 annon
3289 5664 3439 5719 licuit

1870 5752 2046 5805 videre
2098 5752 2423 5806 sacerdotem
2470 5768 2500 5807 e
2541 5753 2651 5807 suis
2689 5754 2983 5808 visceribus
3039 5756 3190 5807 lieri?
3229 5759 3435 5809 sacrili-

1876 5862 2023 5911 ηιιη,
2078 5847 2321 5916 inquam,
2361 5846 2515 5900 simul
2570 5857 2620 5899 et
2686 5846 2927 5915 patrem?
2963 5847 3093 5899 vinci
3147 5858 3430 5914 naturam,
