4144 6470
614 418 728 474 123

607 527 828 582 vincere
871 520 1164 590 pietatem?
1190 520 1393 573 viscera
1441 515 1769 577 conculcari,
1801 514 1991 583 piaque
2043 511 2176 564 facta

604 618 907 690 superare?
935 622 1136 681 patrem
1176 611 1332 680 dejici
1361 651 1376 674 ,
1423 609 1512 663 Dei
1566 615 1831 661 amantem
1894 601 2182 658 coronari?

603 727 783 767 annon
806 709 978 764 vidisti
1001 716 1190 767 totum,
1211 714 1264 758 et
1293 701 1382 756 ﬁlii
1409 709 1674 755 amantem
1698 707 1753 753 et
1778 697 1906 752 Dei?
1929 693 2180 764 numquid

605 804 694 859 hic
719 801 887 856 obfuit
920 794 1312 854 matrimonium
1337 791 1516 860 iQuid
1554 799 1734 844 autem
1763 787 2180 842 Maccabzcorum

607 891 824 947 mater?
848 904 1026 944 nonne
1053 903 1187 941 uxor
1219 885 1357 938 fuit?
1383 897 1560 938 nonne
1587 889 1790 950 septem
1820 878 1954 932 filios
1982 874 2185 928 addidit

603 993 912 1038 sanctorum
946 980 1154 1036 choro?
1186 991 1361 1032 nonne
1400 974 1530 1029 vidit
1573 973 1692 1027 illos
1734 969 1990 1040 martyrio
2031 981 2185 1021 coro-

603 1073 798 1129 natos?
839 1088 1019 1128 nonne
1067 1069 1357 1140 spectatrix
1407 1067 1682 1131 adstabat,
1712 1071 1981 1132 tamquam
2031 1074 2185 1115 mons

607 1166 826 1238 quidam
873 1163 1160 1220 immobilis
1199 1163 1428 1216 inonne
1474 1156 1720 1213 adstabat
1757 1157 1810 1210 in
1859 1166 2187 1223 unoquoque

606 1260 821 1313 illorum
877 1255 1190 1328 martyrium
1247 1252 1485 1323 patiens,
1536 1260 1588 1305 et
1638 1255 1810 1304 mater
1857 1255 2179 1317 martyrum,

607 1350 805 1417 septies
836 1347 947 1418 ipsa
993 1344 1304 1415 martyrium
1344 1344 1502 1397 tulit?
1536 1343 1664 1395 Dum
1695 1339 1837 1395 enim
1869 1338 1944 1392 illi
1972 1348 2187 1406 torque-

607 1447 844 1506 bantur,
889 1440 976 1494 illa
1034 1440 1238 1508 plagam
1287 1434 1599 1503 accipiebat.
1653 1431 1836 1502 Neque
1884 1430 2026 1485 enim
2071 1429 2186 1484 sine

607 1534 796 1589 dolore
828 1533 942 1588 lucc
964 1531 1263 1600 excipiebat
1296 1547 1309 1583 :
1340 1537 1510 1583 mater
1538 1536 1672 1592 erat,
1702 1534 1756 1580 et
1804 1535 2009 1579 naturae
2036 1522 2185 1576 illata

607 1628 691 1683 vis
721 1627 987 1698 propriam
1013 1627 1261 1678 virtutem
1288 1621 1626 1684 declarabat;
1659 1629 1714 1673 at
1751 1619 1838 1673 illa
1871 1634 1977 1672 non
2005 1617 2184 1671 vince-

609 1721 786 1775 batur.
819 1719 961 1771 Mare
987 1716 1198 1787 quidem
1227 1722 1342 1768 erat
1387 1723 1440 1767 et
1487 1712 1717 1766 ﬂuctus:
1751 1719 2003 1764 caeterum
2052 1709 2188 1762 sicut

609 1827 781 1877 mare,
807 1825 930 1863 cum
961 1809 1177 1873 insanit,
1207 1805 1423 1860 sedatur
1451 1821 1464 1857 :
1499 1805 1569 1857 ita
1599 1813 1654 1858 et
1681 1812 1874 1857 natura
1895 1808 2184 1865 commota,

612 1914 758 1959 metu
804 1902 898 1956 Dei
939 1899 1326 1955 refrenabatur.
1369 1895 1650 1963 Quomodo
1679 1908 1774 1949 eos
1816 1893 2009 1948 unxit?
2053 1906 2185 1962 quo-

614 1996 777 2050 modo
803 2008 897 2050 eos
927 1992 1097 2046 aluit?
1135 1989 1403 2060 quomodo
1430 1996 1634 2057 septem
1667 1986 1863 2056 templa
1896 1985 2006 2039 Deo
2035 1983 2189 2039 exhi-

614 2087 750 2153 buit,
782 2094 986 2139 statuas
1017 2098 1208 2137 aureas
1231 2122 1246 2146 ,
1279 2081 1387 2134 imo
1429 2080 1608 2150 potius
1634 2092 1765 2132 auro
1796 2075 2192 2148 pretiosiores?

683 2181 736 2234 5.
770 2178 840 2234 Ut
882 2178 1022 2232 enim
1067 2176 1202 2230 scias
1240 2190 1343 2227 non
1374 2174 1478 2226 tale
1507 2186 1626 2225 esse
1659 2184 1866 2235 aurum,
1894 2168 2072 2239 qualis
2103 2180 2188 2223 est

614 2272 790 2325 anima
820 2276 1111 2337 martyrum
1137 2306 1150 2329 ,
1181 2263 1414 2318 attende.
1445 2262 1629 2317 Stabat
1651 2271 1925 2332 tyrannus,
1945 2268 2104 2329 atque
2127 2258 2194 2313 ab

616 2378 718 2414 tum
764 2359 985 2414 muliere
1012 2367 1292 2425 superatus
1329 2354 1652 2408 discedebat.
1690 2353 1781 2407 llle
1820 2353 1984 2407 armis
2022 2367 2192 2421 oppu-

617 2452 834 2521 gnabat,
864 2450 975 2504 haec
998 2448 1159 2502 animi
1186 2447 1234 2499 vi
1254 2444 1573 2513 superabat;
1603 2444 1689 2498 ille
1716 2443 1984 2497 fornacem
2009 2443 2194 2497 incen-

615 2542 799 2609 debat,
823 2540 937 2594 luec
959 2540 1206 2594 virtutem
1225 2537 1442 2606 spiritus
1467 2553 1481 2600 ;
1509 2535 1593 2588 ille
1610 2535 1899 2590 exercitum
1918 2533 2189 2598 movebat,

619 2635 735 2691 haec
765 2632 828 2686 ad
858 2631 1075 2701 angelos
1105 2627 1408 2700 applicabat
1440 2626 1674 2680 animum
1709 2643 1722 2678 :
1756 2624 1966 2678 videbat
1991 2623 2195 2678 inferne

619 2737 922 2796 tyrannum,
951 2730 1004 2776 et
1051 2725 1102 2776 in
1148 2720 1327 2773 animo
1360 2719 1603 2772 versabat
1650 2717 1796 2771 illum
1849 2718 1902 2770 in
1954 2716 2196 2785 supernis

621 2824 929 2886 regnantem
956 2831 970 2878 ;
1004 2813 1215 2867 videbat
1242 2810 1375 2864 infra
1407 2825 1466 2865 se
1499 2817 1779 2871 tormenta,
1803 2817 1855 2861 at
1886 2807 2199 2860 numerabat

618 2922 852 2977 superna
899 2905 1118 2971 bravia;
1167 2902 1381 2957 videbat
1430 2909 1745 2970 prmseutem
1790 2899 2102 2959 cruciatum,
2144 2908 2200 2954 et

618 2998 886 3069 cogitabat
935 2994 1163 3050 futuram
1225 2991 1696 3046 immortalitatem.
1755 2991 2087 3060 Quapropter
2146 3000 2199 3044 et

597 3094 821 3155 ,Paulus
842 3089 1074 3157 dicebat,
1107 3087 1230 3141 Non
1256 3084 1706 3154 contemplantibus
1731 3083 1870 3138 nobis
1891 3099 2003 3154 qua:
2026 3084 2199 3137 viden-

624 3196 708 3238 tur
732 3225 746 3248 ,
777 3181 865 3237 sed
888 3196 947 3236 ea
969 3194 1084 3252 qua:
1121 3194 1221 3232 non
1248 3176 1479 3230 videntur
1506 3174 1596 3248 (2.
1643 3173 1760 3230 Cor.
1812 3176 1864 3229 4.
1897 3176 2016 3246 18).
2064 3175 2198 3229 Num

622 3277 754 3348 quid
787 3273 1046 3330 obstaculi
1074 3270 1350 3326 adferebat
1382 3270 1774 3324 matrimonium
1798 3269 1821 3323 ?
1860 3269 1994 3337 Quid
2021 3281 2199 3323 autem

626 3370 839 3432 Petrus,
870 3364 1013 3421 basis
1037 3362 1306 3428 Ecclesiar,
1339 3361 1429 3416 ille
1455 3359 1741 3416 vehemens
1764 3371 1971 3416 amator
1985 3361 2200 3424 Christi,

630 3462 719 3516 ille
741 3471 990 3514 sermone
1017 3454 1279 3519 indoctus,
1308 3463 1362 3510 et
1384 3453 1657 3508 rhetorum
1692 3453 1859 3508 victor
1877 3495 1892 3520 ,
1923 3455 2008 3509 ille
2034 3455 2204 3523 impe-

631 3553 788 3618 ritus,
835 3550 926 3619 qui
973 3557 1147 3603 tamen
1189 3546 1520 3617 philosophis
1566 3546 1831 3601 obturavit
1868 3562 1964 3614 os,
1995 3547 2083 3602 ille
2120 3549 2206 3617 qui

631 3641 994 3699 Grzecanicam
1015 3638 1330 3710 sapientiam
1361 3639 1377 3668 ⁸
1408 3639 1556 3707 quasi
1575 3652 1892 3694 aranearum
1921 3641 2078 3694 telam
2101 3639 2208 3693 dis-

634 3733 834 3799 solvit,
857 3730 949 3802 qui
971 3739 1232 3786 terrarum
1282 3728 1463 3784 orbein
1497 3732 1813 3798 peragravit,
1841 3730 1930 3800 qui
1959 3745 2208 3800 sagenam

636 3825 783 3880 misit
812 3826 864 3878 in
882 3835 1028 3876 mare
1052 3828 1107 3874 et
1133 3820 1365 3889 piscatus
1389 3828 1472 3874 est
1491 3819 1697 3888 orbem,
1721 3836 1896 3875 annon
1921 3822 2101 3876 habuit
2129 3822 2215 3877 hic

638 3928 848 3985 quoque
876 3911 1131 3974 uxorem?
1157 3911 1316 3978 Sane,
1338 3909 1539 3965 habuit.
1562 3910 1713 3978 Quod
1740 3922 1919 3968 autem
1951 3912 2214 3979 habuerit,

641 4006 763 4060 audi
792 4004 1167 4074 evangelistam
1190 4011 1497 4058 testantem.
1521 4001 1656 4070 Quid
1682 4012 1859 4058 autem
1882 4005 1990 4059 ait?
2006 4003 2216 4074 Ingres-

643 4112 732 4150 sus
753 4104 825 4149 est
849 4094 995 4148 Iesus
1022 4093 1089 4146 ad
1113 4109 1310 4146 socrum
1342 4092 1484 4147 Petri
1511 4093 1871 4164 febricitantem
1899 4093 1918 4164 (
1944 4092 1993 4146 Μ
2004 4109 2110 4147 arc.
2164 4095 2216 4147 l.

643 4184 770 4257 30).
812 4183 912 4240 Ubi
940 4199 1142 4248 socrus,
1177 4182 1245 4236 ibi
1275 4191 1327 4236 et
1357 4198 1520 4248 uxor;
1554 4182 1641 4237 ubi
1671 4199 1824 4250 uxor,
1855 4184 1926 4238 ibi
1956 4193 2009 4238 et
2034 4183 2221 4253 conju-

644 4280 811 4348 gium.
841 4275 975 4345 Quid
1000 4285 1174 4330 autem
1204 4273 1517 4344 Philippus?
1547 4287 1726 4328 nonne
1751 4282 1975 4343 quatuor
1995 4274 2225 4328 habebat

647 4369 787 4423 ﬁlias
816 4368 966 4438 (Act.
997 4366 1084 4419 2t.
1119 4366 1153 4420 9
1176 4365 1238 4436 )‘i
1285 4365 1384 4421 Ubi
1426 4377 1556 4418 vero
1583 4373 1811 4433 quatuor
1842 4363 2003 4429 ﬁlias,
2033 4364 2141 4417 illic
2175 4373 2229 4419 et

649 4476 803 4524 uxor,
833 4467 886 4514 et
913 4456 1335 4512 matrimonium;
1352 4456 1487 4522 Quid
1514 4455 1675 4525 igitur
1697 4455 1988 4509 Christus?
2021 4455 2093 4508 Ex
2123 4455 2230 4509 vir-

649 4551 774 4621 gine
813 4547 1022 4617 quidem
1065 4554 1217 4601 natus
1243 4554 1326 4601 est
1357 4563 1370 4600 :
1403 4560 1584 4600 verum
1615 4545 1680 4598 ad
1714 4546 1924 4613 nuptias
1967 4546 2228 4611 accessit,

652 4658 716 4696 ac
744 4640 941 4694 donum
968 4638 1144 4692 attulit
1172 4655 1186 4690 :
1220 4637 1340 4691 Non
1370 4637 1549 4692 habent
1573 4678 1588 4704 ,
1627 4639 1816 4707 inquit,
1841 4638 2009 4692 vinum
2032 4639 2050 4708 (
2071 4637 2228 4693 Joan.

654 4731 706 4785 2.
741 4731 810 4800 ὅ)
846 4748 858 4785 :
885 4737 937 4784 et
964 4743 1156 4798 aquam
1184 4727 1340 4782 vertit
1366 4727 1418 4781 in
1448 4727 1626 4781 vinum
1653 4769 1668 4793 ,
1699 4728 2000 4796 virginitate
2024 4730 2234 4798 nuptias

655 4823 925 4879 ltonorans
949 4862 963 4887 ,
992 4819 1136 4874 dono
1177 4834 1288 4872 rem
1313 4818 1691 4873 commendans
1723 4835 1736 4873 :
1772 4827 1828 4872 ut
1858 4834 1926 4873 ne
1963 4819 2236 4874 abomine-

656 4915 730 4969 ris
772 4911 1020 4983 nuptias,
1049 4909 1148 4964 sed
1189 4908 1368 4964 oderis
1414 4909 1814 4964 scortationem.
1863 4908 1982 4964 Meo
2021 4909 2237 4980 quidem

659 5006 895 5075 periculo
936 5018 1036 5076 ego
1075 5001 1316 5074 spondeo
1348 5000 1439 5055 tibi
1482 5000 1710 5055 salutem
1739 5042 1756 5069 ,
1782 5001 1990 5057 etiamsi
2020 5017 2239 5058 uxorem

622 5088 637 5149 ἱ
665 5096 938 5153 habueris.

737 5185 880 5243 Uxor
913 5185 1049 5240 mala
1070 5185 1365 5255 corrigenda
1395 5192 1482 5240 aut
1511 5186 1742 5255 ferenda.
1770 5215 1840 5225 —
1868 5186 2119 5257 Prospice
2150 5189 2244 5244 tibi

663 5280 784 5350 ipsi.
829 5277 1020 5334 Mulier
1064 5277 1108 5331 si
1139 5277 1303 5346 proba
1344 5276 1520 5341 fuerit,
1563 5277 1792 5347 adjutrix
1821 5277 1912 5332 tibi
1964 5288 2066 5334 est.
2109 5279 2246 5347 Quid

669 5370 834 5440 igitur
860 5367 903 5423 si
932 5382 1037 5422 non
1065 5365 1226 5422 fuerit
1246 5365 1562 5421 commoda?
1589 5367 1694 5421 Fac
1713 5367 1858 5423 illam
1883 5368 2241 5424 commodam.

667 5462 860 5514 Annon
874 5459 1084 5515 fuerunt
1101 5473 1291 5514 uxores
1307 5458 1456 5513 bonae
1473 5472 1535 5512 ac
1551 5459 1702 5514 malae
1714 5498 1730 5525 ,
1746 5471 1817 5511 ne
1841 5461 2069 5516 haberes
2083 5471 2246 5513 excu-

671 5550 976 5609 sationem?
995 5551 1184 5616 Qualis
1197 5559 1312 5603 erat
1328 5549 1416 5603 illa
1434 5544 1570 5601 Job?
1605 5545 1713 5603 Sed
1753 5551 1913 5606 Sarra
1942 5560 2056 5604 erat
2087 5552 2244 5608 bona.

730 5650 873 5710 ‘Alii,
887 5649 1212 5713 Graecanicam
1222 5645 1604 5713 superstitionem
1622 5648 1926 5713 (Ἕλλῃνικὴν
1946 5647 2234 5713 θρηφςείαν).

678 5713 797 5780 Qum
821 5707 1301 5780 _l_éctio_pr§_ferenda
1337 5716 1473 5780 certe
1499 5707 1750 5780 videretur
1770 5709 1865 5757 hoc
1893 5707 2021 5780 loco.
2053 5707 2236 5780 Verum

681 5769 933 5828 ﬂorentis,
959 5769 1189 5834 Savillus,
1222 5777 1278 5821 et
1303 5769 1524 5834 maxima
1547 5785 1658 5834 pars
1682 5769 2119 5834 manuscriptorum
2164 5769 2238 5816 le-

682 5839 837 5901 gunt,
861 5830 1183 5886 Graecanicam
1207 5830 1517 5899 sapientiam,
1551 5830 1704 5894 atque
1739 5831 1807 5884 ita
1835 5830 1958 5895 legit
1989 5830 2234 5883 Erasmus.

1354 399 1411 455 S.
1455 394 1729 454 JOANNIS
1765 388 2234 451 CIIIH'SOSTOMI
2273 387 2582 444 ARCIIIEP.
2627 380 3159 442 CONSTANTINOP.

3764 383 3879 438 124

2296 526 2580 580 Ostendam
2619 523 2710 578 tibi
2739 522 3014 576 mulierem
3035 529 3090 573 et
3115 515 3309 572 malant
3337 523 3393 570 et
3413 515 3734 585 improbam.
3753 514 3870 568 Non

2292 616 2467 670 nocuit
2494 615 2606 668 viro
2625 627 2757 667 uxor
2784 611 2883 666 Job
2914 627 2926 663 :
2954 622 3115 679 prava
3145 616 3261 661 erat
3288 615 3341 660 et
3372 605 3610 673 improba
3636 645 3651 669 ,
3682 606 3867 658 cousi-

2291 708 2418 761 lium
2441 706 2599 760 dabat
2627 705 2698 758 illi
2727 712 2783 757 ut
2808 700 3162 770 blasphemias
3192 695 3474 767 proferret.
3503 695 3639 763 Quid
3671 694 3871 764 igitur?

2290 801 2625 856 labefactavit
2669 794 2892 851 turrim?
2937 794 3133 864 dejecit
3172 790 3547 845 adamantcm?
3597 787 3872 857 superavit

2292 891 2530 962 petram?
2556 889 2754 960 depulit
2781 887 3002 942 militem
3028 884 3046 938 i
3075 882 3390 939 comminuit
3412 878 3708 949 scapham?
3735 893 3860 931 era-

2289 982 2483 1037 dieavit
2531 977 2817 1034 arborem?
2841 976 2984 1033 Nihil
3029 975 3220 1028 borum
3257 990 3269 1027 :
3297 971 3392 1026 sed
3423 972 3510 1025 illa
3540 968 3870 1039 impellebat.

2289 1083 2343 1126 et
2366 1070 2524 1125 arbor
2549 1068 2869 1123 reddebatur
2905 1065 3146 1121 stabilior
3175 1081 3190 1117 :
3219 1063 3306 1118 illa
3350 1061 3541 1116 ﬂuctus
3565 1058 3866 1122 excitabat,

2289 1172 2340 1218 at
2374 1163 2520 1216 navis
2545 1176 2649 1216 non
2697 1158 3155 1229 submergebatur,
3206 1154 3299 1208 sed
3329 1150 3565 1207 secundo
3593 1147 3872 1218 navigabat

2291 1261 2478 1318 vento;
2522 1250 2721 1306 fructus
2750 1251 2863 1318 ejus
2887 1245 3272 1317 tlecerpebatur
3291 1285 3306 1309 ,
3334 1252 3386 1300 et
3411 1242 3572 1297 arbor
3602 1249 3873 1294 commota

2290 1361 2395 1399 non
2426 1354 2542 1399 est:
2575 1342 2695 1397 folia
2744 1339 3074 1403 deciderunt,
3120 1346 3174 1392 et
3209 1335 3357 1390 radix
3387 1332 3584 1388 mansit
3622 1332 3865 1386 immota.

2292 1437 2415 1492 Haec
2441 1437 2645 1506 loquor,
2680 1449 2747 1490 ne
2772 1434 2889 1503 quis
2914 1428 3205 1501 prietendat
3234 1434 3416 1481 uxoris
3444 1423 3868 1495 improbitatem.

2292 1529 2423 1582 Mala
2448 1528 2566 1582 est?
2595 1526 2812 1596 Corrige
2841 1539 2978 1578 eam.
3004 1521 3108 1577 Sed
3135 1520 3231 1576 ais.
3256 1516 3296 1570 Ε
3321 1516 3566 1587 paradiso
3591 1529 3675 1568 me
3704 1527 3873 1581 expu-

2297 1620 2374 1674 lit.
2403 1618 2598 1673 Verum
2629 1616 2812 1672 eadem
2845 1624 2896 1668 te
2917 1614 2966 1672 in
2994 1611 3153 1666 ctelos
3180 1609 3404 1664 induxit.
3432 1607 3629 1660 Eadem
3652 1603 3870 1673 quidem

2294 1721 2503 1772 natura,
2538 1722 2688 1764 mens
2714 1715 2890 1762 tamen
2916 1705 3147 1758 diversa.
3176 1700 3278 1756 Sed
3311 1699 3400 1753 illa
3424 1697 3525 1752 Job
3551 1705 3664 1751 erat
3693 1694 3872 1747 mala?

2296 1803 2490 1858 Verum
2527 1801 2767 1856 Susanna
2805 1799 2966 1853 bona.
3003 1794 3107 1850 Sed
3149 1793 3233 1846 illa
3265 1790 3511 1860 [Egyptia
3553 1799 3667 1842 erat
3697 1787 3873 1853 impu-

2294 1894 2449 1949 dica?
2481 1891 2670 1946 Verum
2694 1889 2850 1943 Sarra
2884 1893 3000 1940 erat
3021 1884 3279 1938 modesta.
3314 1880 3498 1934 Vidisti
3528 1877 3712 1931 illam?
3743 1875 3876 1928 Vide

2296 1996 2346 2040 et
2389 1986 2558 2048 hanc;
2590 1977 3012 2052 quandoquidem
3056 1976 3215 2030 etiam
3244 1973 3379 2026 inter
3410 1972 3550 2024 viros
3575 1968 3625 2021 lii
3657 1968 3874 2037 quidem

2299 2075 2420 2129 mali
2451 2083 2594 2134 sunt,
2623 2073 2696 2126 illi
2724 2084 2852 2125 vero
2882 2068 3028 2123 boni.
3063 2067 3242 2120 Bonus
3273 2073 3388 2118 erat
3418 2061 3613 2128 Joscph
3643 2101 3655 2121 ,
3689 2059 3874 2112 senio-

2300 2183 2386 2223 res
2411 2177 2588 2221 autem
2619 2163 2891 2234 impudici.
2924 2161 3115 2214 Vldlali
3146 2156 3391 2213 omnibus
3419 2156 3469 2207 in
3493 2152 3652 2207 rebus
3683 2151 3875 2202 vitium

2299 2276 2360 2316 ac
2384 2259 2632 2314 virtutem
2664 2272 2769 2310 non
2805 2263 2993 2310 natura
3021 2249 3322 2320 dijudicari,
3355 2247 3448 2302 sed
3473 2246 3651 2300 animo
3681 2243 3880 2296 distin-

2298 2353 2408 2422 gui.
2441 2350 2517 2405 Ne
2560 2348 2689 2403 mihi
2721 2356 2980 2418 prmtevas
3007 2342 3396 2398 excusationes.
3431 2338 3534 2392 Sed
3560 2337 3627 2390 ad
3658 2351 3878 2397 eorum,

2300 2458 2418 2512 qua:
2447 2440 2720 2503 debemus,
2742 2437 3059 2493 solutionem
3087 2444 3452 2502 properemus.
3486 2427 3551 2482 Et
3579 2432 3770 2498 factum
3807 2435 3882 2477 cst

2300 2551 2434 2588 anno
2466 2549 2564 2603 quo
2607 2541 2836 2585 mortuus
2861 2537 2935 2582 est
2967 2526 3117 2580 Ozias
3156 2540 3264 2578 rex.
3300 2523 3545 2577 Dicturus
3570 2534 3688 2573 sum
3718 2534 3880 2586 quam

2301 2625 2372 2681 ob
2396 2639 2608 2679 causam
2639 2623 2751 2692 ipse
2779 2618 3032 2688 prapheta
3055 2617 3294 2685 designet
3326 2623 3535 2682 tempus
3566 2629 3581 2666 :
3609 2611 3878 2680 εἰψιὶάυιιι

2302 2715 2667 2787 qumrehamus
2691 2711 2824 2775 heri,
2857 2725 3012 2780 quant
3037 2708 3247 2762 tandem
3274 2706 3344 2760 ob
3367 2718 3584 2760 causam
3611 2719 3732 2758 cum
3765 2718 3884 2753 om-

2304 2823 2400 2864 nes
2445 2805 2749 2877 pr0phetae,
2801 2813 2959 2871 atque
2998 2799 3082 2853 hic
3129 2812 3377 2868 quoque,
3433 2806 3642 2864 tempus
3696 2806 3882 2860 regum

2305 2915 2554 2959 enarrare
2577 2899 2781 2953 soleant
2808 2909 2912 2965 quo
2940 2893 3206 2955 vixerint,
3239 2890 3341 2943 huc
3385 2889 3502 2942 loco
3547 2901 3609 2941 ea
3650 2899 3882 2938 consue-

2307 2994 2436 3050 tudo
2483 2990 2842 3062 praetermissa
2873 2989 2941 3042 sit
2992 3005 3005 3040 :
3057 3000 3155 3040 nec
3206 2984 3348 3039 enim
3390 2981 3538 3046 dicit,
3587 2979 3643 3034 ln
3695 2978 3887 3032 diebus

2307 3087 2447 3142 Ozize
2479 3103 2493 3140 :
2521 3082 2615 3139 sed
2636 3124 2652 3150 ,
2684 3080 2742 3137 In
2773 3091 2944 3135 morte
2969 3078 3130 3134 Oziae.
3175 3075 3322 3131 Hanc
3351 3073 3697 3145 quzestionem
3727 3070 3887 3122 hodie

2308 3179 2517 3233 solvere
2539 3174 2679 3229 volo.
2713 3172 3041 3242 Quamquam
3070 3170 3212 3224 enim
3244 3169 3430 3237 ingens
3459 3173 3542 3220 est
3568 3177 3732 3219 :estus
3754 3205 3769 3226 ,
3803 3173 3886 3215 ta-

2310 3285 2430 3324 men
2454 3267 2622 3335 major
2647 3273 2732 3320 est
2759 3262 3022 3319 sermonis
3050 3260 3380 3330 refrigeratio
3414 3276 3427 3312 :
3458 3271 3780 3328 quamquam
3811 3257 3890 3306 vis

2313 3363 2369 3415 fit
2394 3359 2603 3429 corpori
2631 3356 2909 3416 fatiscenti,
2939 3365 3114 3408 tamen
3147 3351 3320 3406 anima
3351 3350 3535 3420 vigens
3573 3348 3890 3402 delectatur.

2313 3456 2388 3512 Ne
2415 3455 2540 3509 mihi
2570 3467 2752 3507 narres
2777 3458 2963 3504 :estum
2988 3461 3050 3501 ac
3079 3445 3350 3500 sudorem.
3381 3443 3434 3498 Si
3459 3441 3738 3496 sudaveris
3767 3455 3889 3491 cor-

2314 3562 2465 3619 pore,
2505 3542 2764 3613 abstergis
2808 3541 3037 3595 animam
3084 3546 3251 3590 tuam.
3303 3534 3435 3588 Tres
3483 3531 3558 3587 illi
3610 3532 3758 3600 pueri
3804 3529 3896 3598 qui

2316 3647 2470 3695 erant
2497 3638 2547 3691 in
2578 3635 2811 3699 fornace,
2841 3631 2968 3686 nihil
2992 3629 3297 3685 detrimenti
3328 3625 3564 3695 perpessi
3595 3633 3718 3679 sunt
3744 3665 3759 3686 ,
3792 3621 3890 3676 scd

2321 3730 2508 3784 fornax
2535 3727 2639 3782 illis
2665 3723 2765 3779 fuit
2792 3720 3084 3792 refrigerio.
3116 3717 3250 3774 Cum
3277 3719 3477 3785 cogitas
3504 3714 3775 3772 sudorem.
3808 3727 3904 3766 co-

2320 3823 2425 3893 gita
2455 3819 2611 3875 simul
2635 3826 2690 3873 et
2714 3814 3012 3871 mercedem
3059 3819 3114 3866 et
3138 3810 3437 3881 praemium.
3471 3805 3678 3860 Etenim
3720 3805 3902 3857 urina-

2325 3923 2407 3968 tor
2449 3911 2642 3966 nullam
2685 3907 2842 3961 aliam
2882 3904 2950 3959 ob
2975 3917 3188 3957 causam
3215 3899 3377 3954 audet
3421 3899 3654 3965 seipsntn
3688 3898 3738 3948 in
3773 3908 3902 3962 pro-

2327 4004 2544 4060 fundum
2568 4013 2821 4070 aquarum
2850 3996 3134 4050 demittere
3153 4035 3168 4060 ,
3196 4007 3354 4062 quam
3387 3999 3604 4061 propter
3635 3988 3902 4056 margari-

2329 4107 2442 4164 tas,
2497 4093 2755 4149 bellorum
2805 4101 3038 4143 causam.
3082 4084 3415 4154 Quamquam
3465 4095 3572 4135 non
3621 4078 3905 4134 materiam

2329 4185 2659 4258 reprehendo
2683 4224 2698 4250 ,
2729 4181 2828 4238 sed
2869 4187 3104 4235 mentem
3136 4177 3600 4246 intemperantem.
3642 4174 3706 4227 Et
3732 4183 3786 4226 tu
3807 4213 3823 4238 ,
3852 4180 3914 4225 ut

2329 4279 2559 4349 accipias
2599 4275 2902 4332 thesaurum
2930 4271 3159 4327 deficere
3188 4273 3424 4324 nescium
3446 4307 3461 4333 ,
3493 4265 3805 4336 plantesque
3827 4263 3909 4317 vi-

2333 4379 2440 4424 tem
2478 4372 2529 4422 ln
2559 4367 2732 4420 anima
2761 4374 2847 4418 tua
2869 4403 2884 4429 ,
2908 4376 3016 4416 non
3046 4361 3277 4415 sustines
3315 4368 3502 4412 azstum
3544 4371 3717 4425 neque
3746 4354 3914 4410 sudu-

2333 4460 2485 4515 rem?
2510 4458 2622 4512 Non
2651 4457 2800 4510 vides
2829 4455 2957 4509 istos
2984 4453 3070 4521 qui
3092 4452 3277 4506 sedent
3306 4452 3356 4504 in
3386 4451 3611 4512 theatro,
3643 4447 3917 4518 quomodo

2335 4550 2570 4616 sudent,
2622 4546 2869 4615 nudoque
2927 4543 3099 4613 capite
3159 4543 3288 4596 solis
3339 4541 3544 4595 radium
3603 4538 3916 4608 excipiant.

2337 4657 2444 4714 quo
2492 4641 2619 4694 fiant
2667 4637 2858 4706 captivi
2903 4636 3086 4690 mortis
3109 4675 3123 4698 ,
3155 4649 3260 4703 quo
3297 4643 3458 4687 SCOl‘ll
3502 4632 3762 4700 mancipia
3786 4631 3810 4683 τ
3834 4631 3916 4684 Ad

2339 4732 2556 4789 exitium
2587 4730 2660 4784 illi
2691 4729 2932 4782 laborant
2953 4768 2967 4792 ,
2999 4734 3052 4780 et
3075 4734 3128 4779 tu
3156 4725 3220 4778 ad
3269 4725 3496 4777 salutem
3526 4723 3703 4791 segnis
3727 4737 3790 4776 ac
3826 4737 3915 4776 re-

2340 4826 2536 4879 missus
2558 4836 2615 4876 es
2641 4823 2663 4873 7
2692 4819 2900 4874 Athlela
2930 4832 2988 4872 es
3006 4857 3020 4882 ,
3048 4815 3201 4870 miles
3227 4830 3288 4870 es
3315 4816 3352 4868 ¹.
3378 4813 3508 4881 Quis
3530 4812 3690 4882 igitur
3716 4821 3800 4867 est
3831 4811 3924 4867 ille

2341 4914 2516 4981 Ozias,
2547 4921 2602 4968 et
2623 4927 2779 4982 quam
2800 4911 2868 4964 ob
2888 4923 3098 4964 causam
3124 4918 3350 4960 mortem
3380 4906 3515 4960 hanc
3537 4904 3678 4959 illius
3703 4920 3927 4975 expres-

2345 5006 2415 5061 sit
2435 5002 2726 5076 propheta?
2755 5003 2849 5056 llic
2875 4999 3029 5056 Ozias
3059 5013 3152 5052 rex
3172 5006 3321 5064 erat,
3356 5012 3419 5052 ac
3447 4998 3529 5051 vir
3554 4997 3754 5067 justus,
3785 4995 3926 5050 mul-

2348 5097 2416 5152 tis
2455 5095 2650 5149 ﬂorens
2695 5091 2918 5162 egregiis
2976 5089 3125 5143 factis
3174 5109 3187 5143 :
3237 5103 3419 5143 verum
3479 5097 3659 5157 postea
3711 5085 3927 5140 tandem

2347 5185 2415 5242 ad
2449 5182 2750 5254 superbiam
2781 5180 2961 5246 venit,
2998 5179 3064 5233 ad
3097 5179 3400 5248 superbiam
3423 5219 3440 5242 ,
3474 5179 3688 5245 inquam
3708 5217 3724 5241 ,
3755 5176 3929 5229 titalo-

2349 5291 2466 5331 rum
2517 5282 2760 5338 matrem,
2812 5271 2879 5326 ad
2929 5272 3284 5339 arrogantiam
3332 5269 3642 5324 tumultibus
3693 5267 3930 5335 plenam,

2351 5367 2420 5424 ad
2456 5367 2765 5429 elationem,
2811 5379 2912 5432 qua
2949 5362 3188 5418 diabolus
3241 5365 3295 5417 in
3341 5362 3560 5416 exitium
3617 5360 3741 5415 ruit.
3790 5359 3935 5414 Nihil

2417 5504 2434 5535 ι
2470 5502 2553 5550 Hic
2574 5498 2733 5560 adjicit
2769 5503 2986 5560 Erasmus
3017 5494 3068 5544 in
3105 5496 3509 5560 interpretatione
3533 5494 3693 5560 latina
3713 5527 3728 5551 ,
3751 5506 3861 5560 qua:
3886 5496 3936 5546 in

2354 5562 2490 5613 nullo
2515 5557 2982 5628 exemplarilcrteoo,
3003 5557 3254 5628 tumcum
3278 5564 3378 5605 tum
3401 5557 3724 5628 manuscripto
3748 5557 3938 5604 baben-

2356 5633 2456 5682 tur,
2481 5631 2545 5674 Ne
2566 5615 2712 5683 sqittltr
2737 5615 2976 5670 laboribus
2993 5618 3271 5683 defatigert's
3290 5651 3306 5683 ,_
3328 5618 3414 5666 sed
3449 5616 3566 5683 bono
3599 5615 3759 5683 animo
3785 5628 3942 5666 certa-

2359 5677 2490 5735 mina
2508 5677 2673 5734 tolera.
2693 5684 2858 5729 Nescio
2881 5691 3038 5729 utrum
3056 5677 3165 5729 haec
3189 5679 3272 5727 ille
3299 5681 3344 5726 in
3367 5677 3639 5738 exemplari
3664 5690 3756 5725 suo
3778 5686 3941 5728 arma)

2366 5748 2564 5813 tegerit,
2579 5757 2643 5813 an
2665 5754 2782 5793 vero
2804 5745 2906 5803 ipse
2925 5742 3160 5802 adiecerit
3176 5738 3558 5803 interpretando.
3588 5744 3642 5787 Ut
3663 5746 3716 5789 ut
3739 5753 3822 5790 res
3843 5749 3943 5802 est,

2365 5807 2468 5858 haec
2491 5807 2640 5856 seriei
2664 5813 2774 5853 sunt
2797 5816 3020 5853 consona.
