4056 6456
188 419 278 473 123
1137 409 1204 468 IN
1242 407 1470 475 ILLUD,
1502 402 1637 458 VIDI
1674 397 2017 474 DOMINUM,
2054 403 2287 462 HOMIL.
2331 404 2422 461 ιν.

165 527 572 605 .szanaimv;
594 527 724 596 οὐχὶ
755 527 885 598 γυνὴ
907 522 974 599 ἦν
995 543 1008 593 ;
1033 528 1150 598 οὐχ)⁵
1171 527 1310 581 έπτά
1327 527 1521 580 δέδωκε
1544 522 1737 582 παῖδας

193 609 320 680 μευ
346 608 421 678 τῷ
441 607 592 680 χορῷ
624 609 740 663 τῶν
774 611 968 678 άγίων;
1006 610 1103 664 οὐκ
1132 606 1268 663 εἶδεν
1302 608 1496 671 αὐτοὺς
1532 621 1738 676 μαρτυ-

193 701 469 769 ρήσανταςς
503 701 604 770 οὐχ
639 703 879 772 εἱστήκει
909 705 1154 775 καθάπερ
1181 704 1302 774 690;
1342 701 1416 772 μὴ
1446 698 1737 769 σαλευομέ-

188 809 243 860 νη
270 805 322 856 ι;
356 793 453 861 ούχ
480 795 729 864 εἱστήκει
765 796 878 848 καθ’
906 797 1132 850 ἕκαστον
1166 795 1341 850 αὐτῶν
1366 792 1735 865 μαρτυροῦσαν

190 883 266 934 καὶ
319 887 498 956 μήτηρ
552 885 863 956 μαρτύρων,
926 889 1016 940 καὶ
1078 888 1303 950 ἑπτάκις
1357 883 1737 957 ἐμαρτύρησεῖ

190 974 617 1044 Ιιασανιζομένων
654 977 762 1048 γάρ
801 977 1043 1042 ἐκείνων,
1074 978 1210 1048 αὑτὴ
1239 977 1334 1048 τὴν
1374 976 1585 1047 πληγὴν
1618 974 1738 1028 ἐδέ-

187 1083 293 1134 χετο
312 1065 356 1124 δ.
401 1068 536 1122 Οὐδὲ
565 1069 676 1140 γὰρ
703 1070 927 1134 ἀπαθῶς
956 1071 1098 1124 οὕτω
1121 1071 1190 1124 τά
1219 1070 1476 1141 γινόμενα
1504 1067 1734 1138 ἐδέχετο·

190 1159 351 1228 μήτηρ
390 1160 500 1229 γὰρ
536 1156 625 1232 ἦν»
655 1163 872 1234 καὶτῆς
903 1162 1117 1232 φύσεως
1151 1163 1185 1234 ή
1215 1162 1371 1233 ὕϐρις
1397 1160 1497 1232 τὴν
1529 1158 1736 1214 οἰκείαν

184 1250 388 1320 δύναμιν
427 1252 786 1307 ἐπεδείκνυτο·
818 1254 932 1308 ἀλλ’
963 1256 1064 1308 οὐκ
1093 1256 1326 1308 ἐνικᾶτο.
1349 1252 1602 1307 Θάλασσα
1626 1249 1736 1320 γὰρ

181 1337 237 1409 ἦν
282 1347 369 1395 καὶ
425 1345 662 1416 κύματα⁶
713 1347 827 1400 ἀλλ’
851 1347 1040 1419 ὥσπερ
1082 1351 1116 1418 ὴ
1160 1348 1401 1402 θάλασσα
1437 1344 1734 1417 μαινομένη

182 1437 506 1499 καταλύεται,
543 1437 686 1491 οὕτω
735 1439 828 1491 καὶ
882 1439 914 1510 ή
962 1438 1122 1506 φύσις
1161 1435 1479 1508 ἐγειρομένη
1521 1434 1600 1507 τῷ
1642 1433 1735 1504 <96-

179 1527 247 1594 εῳ
290 1526 380 1579 τοῦ
427 1527 561 1580 Θεοῦ
595 1528 927 1599 ἐχαλινοῦτο.
969 1528 1090 1592 Πῶς
1135 1529 1327 1592 αὐτοὺς
1369 1525 1551 1598 ἤλειψε
1576 1543 1590 1590 ;
1617 1525 1735 1588 πῶς

177 1620 352 1682 αὐτοὺς
393 1620 620 1691 ἐθρεψε;
666 1624 782 1686 πῶς
820 1620 961 1674 ἐπτά
987 1622 1144 1684 ναοὺς
1186 1621 1263 1691 τῷ
1303 1618 1422 1691 Θεῷ
1459 1617 1734 1690 παρέστη-

178 1727 276 1774 σεν,
328 1711 654 1782 ἀνδριάντας
703 1712 960 1784 χρυσοῦς,
1011 1711 1208 1784 μᾶλλον
1258 1711 1316 1765 δέ
1378 1709 1472 1766 καὶ
1528 1708 1730 1783 χρυσοῦ

178 1803 519 1873 τιμιωτέρους
535 1821 551 1870 ;

233 1894 422 1960 γ’.’οτι
437 1895 546 1966 γὰρ
567 1895 628 1948 ού
643 1896 882 1950 τοιοῦτον
899 1895 1115 1967 χρυσὸς,
1129 1892 1238 1949 οἷον
1252 1894 1394 1966 ψυχὴ
1414 1898 1729 1966 μαρτύρων,

174 1985 407 2054 πρόσεχε.
461 1986 717 2054 Είστήκει
747 1988 776 2040 6
800 1987 1080 2058 τύραννος,
1114 1988 1209 2042 καὶ
1241 1988 1344 2040 ὑπὸ
1383 1989 1511 2057 μιᾶς
1541 2004 1722 2056 γυναι-

173 2075 250 2137 7.6;
269 2075 576 2146 ἡττώμενος
607 2077 890 2150 ἀνεχώρει.
937 2077 1171 2141 Ἐκεῖνος
1196 2079 1380 2142 ὅπλοις
1401 2077 1726 2149 ἐπολιόρκει,

172 2167 252 2218 καὶ
294 2166 428 2238 αὕτη
487 2168 771 2239 προθυμίᾳ
819 2169 1161 2240 περιεγένετο
1185 2186 1198 2200 ο
1253 2169 1457 2234 ἐκεῖνος
1498 2169 1726 2239 κάμινον

171 2257 344 2325 ἀνῆψε,
374 2260 469 2312 καὶ
505 2259 644 2328 αῦτη
682 2259 778 2330 τὴν
804 2259 1001 2332 ἀρετὴν
1029 2259 1124 2313 τοῦ
1155 2259 1460 2330 πνεύματος
1483 2276 1498 2291 ο
1520 2261 1727 2325 ἐκεῖνος

172 2350 506 2418 στρατόπεδον
535 2351 723 2416 ἐκίνει,
752 2353 845 2406 καὶ
880 2350 1016 2422 αὕτη
1046 2352 1184 2424 πρὸς
1215 2353 1474 2422 ἀγγέλους
1510 2351 1724 2425 9.68009-

171 2439 335 2506 μίζετο
354 2458 370 2472 ο
404 2442 556 2513 ἐώρα
578 2443 728 2496 κάτω
747 2443 836 2496 τὸν
854 2443 1134 2514 τύραννον,
1164 2443 1258 2498 καὶ
1285 2445 1480 2498 ἐνενόει
1499 2443 1591 2499 τὸν
1611 2444 1724 2499 ἀνω

169 2531 528 2598 βασιλεύονταο
566 2535 714 2607 ἐώρα
743 2535 842 2598 τάς
871 2536 1021 2589 κάτω
1057 2536 1336 2606 βασάνους,
1369 2537 1463 2590 καὶ
1498 2537 1722 2608 ἠρίθμει

167 2621 223 2670 τὰ
257 2623 361 2676 άνω
389 2625 648 2694 βραϐεία-
689 2625 835 2695 ἐώρα
873 2625 971 2698 τὴν
1024 2627 1305 2698 παροῦσαν
1335 2628 1552 2683 κόλασιν
1576 2669 1589 2690 ,
1627 2629 1722 2682 καὶ

166 2712 341 2766 ἐνενόει
371 2716 472 2786 τὴν
513 2716 812 2786 μέλλουσαν
845 2717 1159 2773 ἀθανασίαν.
1202 2719 1292 2772 Διὸ
1325 2719 1420 2772 καὶ
1448 2719 1476 2771 6
1512 2719 1720 2784 Παῦλος

165 2802 297 2871 ἔλεγε
315 2821 330 2834 ⁸
348 2808 406 2860 Μ
411 2805 446 2875 ἡ
475 2810 866 2863 σκοπούντων
889 2807 1057 2878 ἡμῶν
1077 2808 1150 2863 τὰ
1170 2811 1539 2880 βλεπόμενα,
1559 2813 1720 2865 ἀλλὰ

165 2893 224 2944 τὰ
242 2895 320 2962 μὴ
345 2897 716 2968 βλεπόμενα.
753 2899 912 2971 Μήτι
934 2899 1160 2970 κώλυμα
1181 2901 1209 2952 6
1246 2901 1420 2970 γάμος
1457 2902 1672 2968 ἐγένετο
1695 2919 1712 2969 ς

164 2982 217 3033 Τί
245 2983 295 3038 δὲ
317 2985 344 3038 6
379 2986 608 3057 Πέτρος,
630 2990 663 3058 ὴ
696 2989 900 3059 κρηπὶς
921 2989 1018 3059 τῆς
1059 2989 1403 3060 Ἐκκλησίας,
1433 2992 1462 3043 6
1489 2992 1715 3061 μανικὸς

163 3074 369 3147 ἐραστὴς
393 3075 490 3129 τοῦ
523 3076 782 3149 Χριστοῦ,
819 3079 911 3135 καὶ
959 3081 1279 3146 ἀπαίδευτος
1322 3083 1399 3153 τῷ
1436 3083 1595 3155 λόγῳ,
1621 3084 1716 3136 καὶ

164 3167 381 3238 ρητόρων
452 3171 883 3242 περιγινόμενος,
931 3171 960 3224 6
1001 3173 1237 3245 ἀμαθὴς.
1285 3175 1379 3228 καὶ
1407 3175 1714 3245 φιλοσόφων

163 3262 458 3334 ἀποφράεας
485 3265 744 3335 στόματα,
786 3267 815 3320 6
849 3266 947 3338 τὴν
993 3267 1306 3338 Ἑλληνικὴν
1342 3269 1532 3338 σοφίαν
1557 3280 1578 3308 ο
1614 3285 1714 3324 κα·-

161 3352 316 3425 θάπερ
345 3356 588 3428 ἀράχνην
621 3357 902 3422 διαλύσας,
933 3360 962 3411 6
982 3361 1079 3430 τὴν
1112 3360 1435 3432 οίκουμένην
1465 3363 1713 3434 περιδρα-

165 3445 280 3514 μὼν,
307 3450 334 3502 6
354 3450 693 3521 σαγηνεύσας
724 3450 822 3521 τὴν
859 3451 1164 3519 θάλασσαν,
1201 3453 1296 3506 καὶ
1333 3453 1583 3520 ἁλιεύσας
1611 3455 1712 3526 τὴν

161 3534 477 3610 οἰκουμένην,
512 3541 612 3594 οὐκ
651 3538 761 3612 εῐχε
785 3541 880 3596 καὶ
907 3535 1063 3607 οὗτος
1089 3545 1354 3612 γυναῖκας
1394 3543 1515 3609 Ναὶ,
1540 3541 1708 3616 εἶχεν.

163 3627 266 3681 Ὅτι
283 3631 335 3683 δὲ
359 3632 536 3702 ἔσχεν,
559 3633 787 3688 ἄκουσον
807 3633 901 3688 τοῦ
921 3634 1326 3704 εὐαγγελιστοῦ.
1346 3637 1410 3690 Τί
1432 3637 1488 3690 δέ
1511 3656 1584 3708 φη
1594 3654 1674 3691 σιν
1692 3653 1707 3702 ;

157 3719 433 3787 Εἰσῆλθεν
481 3727 515 3778 ό
561 3723 787 3791 Ἰησοῦς
813 3724 962 3792 πρὸς
998 3725 1113 3794 τὴν
1148 3728 1438 3794 πενθερὰν
1481 3728 1706 3796 Πέτρου

161 3812 592 3876 πυρέσσουσαν.
630 3814 800 3868 Ὅπου
829 3815 1083 3886 πενθερὰ,
1108 3818 1222 3870 ἐκεῖ
1241 3818 1334 3870 καὶ
1354 3817 1509 3887 γυνὴ,
1545 3813 1707 3872 ἐκεῖά

160 3904 238 3953 καὶ
264 3904 446 3974 γάμος.
473 3906 538 3958 Τί
569 3906 624 3958 δὲ
649 3906 678 3958 6
704 3906 966 3970 Φίλιππος
989 3925 1004 3975 ;
1030 3909 1091 3961 οὐ
1111 3908 1378 3979 τέσσαρας
1401 3909 1706 3981 θυγατέρας

157 3988 311 4062 εἶχεν;
344 3997 516 4050 Ὅπου
553 3998 611 4050 δὲ
635 3998 897 4070 τέσσαρες
923 3999 1236 4070 θυγατέρες,
1264 4003 1379 4054 ἐκεῖ
1417 4005 1510 4055 καῖ
1543 4003 1701 4074 γυνὴ,

157 4083 234 4136 καὶ
265 4087 450 4156 γάμος.
498 4088 564 4140 Τί
596 4083 688 4141 οὖν
718 4089 746 4141 6
793 4089 1058 4160 Χριστός;
1093 4090 1224 4144 Ἀπὸ
1261 4091 1528 4161 παρθένου
1563 4093 1660 4163 μέν
1685 4108 1700 4124 ·

156 4176 254 4228 ἀλλ’
298 4182 375 4242 εἰς
408 4181 585 4250 γάμον
622 4181 953 4251 παρεγένετο
975 4220 991 4244 ,
1024 4183 1117 4234 καὶ
1152 4183 1322 4253 δῶρον
1352 4186 1698 4255 είσήνεγκεν·

151 4268 254 4320 οὐκ
293 4270 502 4337 ἔχουσι
531 4272 660 4340 γὰρ,
707 4271 862 4341 φησὶ,
907 4268 1103 4326 οἶνον·
1162 4275 1254 4326 καὶ
1292 4276 1352 4328 τὸ
1396 4276 1536 4347 ὕδωρ
1561 4273 1701 4330 οἶνον

155 4359 371 4429 ἐτωίησε,
396 4363 462 4431 τῇ
495 4361 764 4433 παρθενίᾳ.
788 4361 880 4416 τδν
912 4364 1086 4434 γάμον
1124 4365 1310 4434 τιμῶν,
1341 4369 1407 4437 τῇ
1435 4367 1613 4438 δωρεᾷ.
1641 4367 1701 4420 τὸ

154 4452 360 4523 πρᾶγμα
413 4453 738 4524 θαυμάζωνο
790 4456 877 4510 ἵνα
933 4455 1008 4526 μὴ
1059 4455 1318 4528 βδελύσσῃ
1351 4458 1442 4510 τὸν
1485 4459 1698 4529 γάμον,

149 4541 264 4594 ἀλλά
311 4549 467 4616 μισῇς
501 4557 525 4585 ε
575 4547 674 4618 τὴν
707 4547 982 4618 πορνείαν.
1023 4548 1113 4618 Τῷ
1153 4549 1272 4620 ἐμῷ
1311 4549 1536 4621 κινδύνῳ
1587 4551 1698 4619 ἐγὼ

151 4631 406 4703 ἐγγυῶμαι
436 4655 529 4691 σου
561 4639 661 4709 τὴν
692 4640 985 4710 σωτηρίαν,
1013 4641 1116 4694 κᾶν
1148 4643 1376 4709 γυναῖκα
1410 4642 1556 4713 ἔχῃς.

210 4723 431 4795 Πρόσεχε
465 4728 694 4796 σεαυτῷ.
731 4731 872 4799 Γυνὴ
899 4731 994 4782 ἐὰν
1013 4730 1308 4801 εὖχρηστός
1342 4735 1476 4799 ἐστι,
1507 4733 1696 4804 βοηθός

152 4827 228 4863 σου
252 4815 378 4868 ἐστί.
413 4818 476 4870 Τί
515 4814 608 4872 οὖν
634 4821 699 4873 ἂν
727 4821 800 4892 μὴ
901 4820 1230 4892 εὖχρηστοςς
1271 4823 1499 4893 Ποίησον
1527 4825 1694 4896 αὐτὴν

149 4902 435 4975 εὔχρηστον.
485 4911 576 4979 Μὴ
637 4911 734 4962 οὐκ
795 4911 1037 4978 ἐγένοντο
1092 4912 1253 4965 καλαὶ
1303 4916 1552 4981 γυναῖκες
1601 4916 1693 4968 καὶ

149 4997 310 5062 κακαὶ,
357 5000 440 5052 ἵνα
479 5001 553 5071 μὴ
591 5001 718 5073 ἔχῃς
761 5003 1063 5074 πρόφασιν;
1094 5005 1320 5076 Ποταπὴ
1368 5007 1401 5076 ἡ
1445 5006 1537 5060 τοῦ
1575 5007 1691 5060 Ἰὼϐ

146 5082 231 5170 ᾗν;
262 5089 321 5142 Ἦ
346 5089 400 5143 δὲ
441 5093 626 5163 Σάρρα
656 5094 791 5165 καλὴ
815 5091 902 5165 ἦν.
938 5096 1107 5162 Δείξω
1136 5114 1215 5150 σοι
1235 5100 1460 5165 γυναῖκα
1481 5099 1691 5170 φαύλην

150 5166 278 5242 [ηδ]
306 5174 396 5226 καὶ
413 5175 679 5244 πονηράν.
711 5177 824 5230 Ούκ
845 5177 1042 5248 ἔϐλαψε
1060 5179 1151 5232 τδν
1178 5179 1344 5249 ἄνδρα
1375 5182 1408 5250 ὴ
1434 5183 1568 5252 γυνὴ
1593 5166 1685 5234 τελε

156 5261 274 5314 Ίώϐ·
312 5267 520 5337 πονηρά
548 5263 614 5338 ἦν
654 5268 747 5322 καὶ
799 5269 1000 5340 φαύλη,
1031 5272 1125 5325 καὶ
1177 5270 1514 5344 βλασφημεῖν
1541 5273 1606 5325 αύ
1621 5273 1688 5344 τῷ

196 5479 219 5546 _‘
240 5483 326 5546 Alii
350 5485 676 5546 σαλευόμενον.

192 5539 327 5611 Hm
464 5539 647 5611 πλὴγὴν
673 5547 850 5611 ἔτερα·

195 5603 224 5677 ξς
238 5604 325 5677 AI}!
342 5603 614 5677 Ἱξλληνικῆν
635 5603 901 5677 θρησκείαν.
918 5609 1036 5677 Qua
1057 5613 1207 5662 lectio
1226 5615 1525 5677 praeferenda
1548 5624 1683 5668 certe

145 5661 366 5739 ξίόρηειμι·
388 5661 618 5739 6001000.
640 5661 842 5739 _V_"él_'um__
853 5661 968 5739 Ποῖ.
981 5710 992 5732 ,
1006 5661 1137 5733 δοιὰ,
1161 5661 1212 5724 ει
1229 5661 1461 5739 ριξιίίξιῖέ
1471 5661 1684 5728 δεξίσᾶ

143 5727 230 5793 θίαν
245 5727 440 5793 habent,
466 5736 614 5793 atque
637 5733 704 5793 ilia
727 5734 852 5793 legit
873 5727 1114 5784 Erasmus.

194 5783 564 5864 ξψξιξτιυοιέηιαξἰ
583 5792 680 5864 ἐκεῖ
698 5783 933 5864 καξγυνή.
955 5795 1116 5864 νρτιου
1139 5799 1275 5864 γυνὴ,
1312 5800 1424 5861 ἐκεῖ,
1447 5808 1589 5864 a'quc
1615 5805 1680 5852 lla

143 5843 396 5919 leg-egddxn.
423 5850 475 5898 In
507 5851 693 5919 ΔᾈίοΔιὌΙ.
722 5860 771 5919 οι
796 5843 943 5904 ἑανῖι.
973 5858 1090 5904 ὅπου

191 5907 212 5976 ξ
234 5908 344 5976 Irus
366 5924 473 5976 mss.
497 5913 616 5960 6116
637 5916 859 5976 μισήσῃς.

193 5963 209 6002 ¹
234 5967 353 6019 Unus
373 5974 449 6019 καὶ
470 5990 524 6021 το
548 5963 1097 6041 δένδρον’άᾶᾦαλέσττρον
1115 5981 1311 6041 ἐγένετο.

3301 411 3410 468 124

1847 523 2250 578 συνεϐούλευσε.
2313 523 2378 576 Τί
2427 519 2552 587 οῦν;
2611 520 2785 575 ἔσεισε
2836 518 2928 574 τὸν
2971 517 3205 588 πύργον;
3247 518 3415 586 κατή-

1843 592 2001 682 νεγκξ
2017 615 2107 668 τὸν
2123 615 2402 686 ἀδάμαντα
2418 633 2432 681 ;
2451 613 2796 685 περιεγένετο
2813 612 2911 682 τῆς
2929 611 3132 681 πέτρας
3151 627 3165 675 ;
3190 608 3416 680 ἔκρουσε

1841 704 1932 758 τὸν
1953 707 2287 778 στρατιώτην
2313 725 2327 776 ;
2356 707 2605 778 διέτρησε
2637 706 2698 760 τὸ
2728 705 2967 773 σκάφος;
2999 699 3324 773 ἐξερῤίζωσε
3352 700 3415 754 τὸ

1841 795 2086 866 δένδρον;
2117 797 2283 850 Οὐδὲν
2304 797 2507 850 τούτων
2524 813 2536 827 ο
2560 795 2672 850 ἀλλ’
2698 795 2882 864 ἐκείνη
2905 792 3297 866 προσέκρουσε,
3322 808 3415 844 και

1840 885 1869 938 6
1893 886 2098 958 πύργος
2148 889 2547 959 ἀσφαλέστερος
2578 890 2786 956 ἐγίνετο
2817 885 2837 924 ί
2857 904 2870 917 °
2917 885 3055 955 αὑτὴ
3087 884 3155 936 τὰ
3195 882 3417 952 κύματα

1841 977 2047 1048 ήγειρε,
2071 979 2165 1032 καὶ
2189 979 2250 1032 τὸ
2279 979 2461 1032 πλοῖον
2475 979 2537 1032 οὐ
2562 979 2994 1041 κατεποντίζετο,
3013 975 3127 1029 ἀλλ’
3151 973 3209 1038 ἐξ
3228 973 3416 1044 οὐρίας

1839 1069 2028 1145 ἔπλεεν
2047 1089 2061 1103 ο
2093 1073 2122 1124 6
2147 1069 2358 1142 καρπὸς
2383 1071 2546 1125 αὐτοῦ
2569 1072 2863 1143 ἐτρυγήθη,
2887 1068 2982 1123 καὶ
3002 1068 3062 1123 τὸ
3087 1067 3296 1137 δένδρον
3316 1066 3416 1118 οὐκ

1839 1161 2101 1233 ἐσαλεύθη
2123 1178 2138 1194 °
2168 1162 2236 1216 τὰ
2266 1161 2439 1232 φύλλα
2467 1161 2651 1228 ἔπεσε,
2685 1161 2780 1215 καὶ
2815 1162 2845 1229 ἡ
2890 1160 3013 1231 ῥίζα
3047 1158 3238 1228 ἐμενεν
3278 1154 3414 1209 ἀσά-

1837 1252 2044 1319 λευτος.
2075 1256 2258 1310 Ταῦτα
2286 1254 2428 1324 λέγω
2446 1293 2462 1319 ,
2491 1255 2578 1308 ἵνα
2616 1255 2804 1326 μηδεὶς
2844 1251 3246 1323 προφασίζηται
3275 1251 3300 1290 ε
3317 1265 3415 1301 κα·

1839 1345 1963 1400 κίαν
1981 1348 2255 1415 γυναικός.
2277 1347 2458 1417 Φαύλη
2484 1345 2600 1400 ἐστί
2617 1363 2631 1412 ;
2663 1346 2965 1416 Διόρθωσον
2996 1343 3188 1413 αὐτήν.
3229 1341 3413 1402 Ἀλλὰ,

1838 1441 2001 1509 φησὶν
2023 1481 2038 1504 ,
2074 1441 2183 1494 ἀπὸ
2213 1440 2543 1513 παραδείσου
2583 1456 2649 1508 με
2687 1437 2958 1503 ἐξέϐαλεν.
3013 1435 3174 1488 Ἀλλά
3211 1436 3306 1488 καὶ
3336 1437 3414 1498 είς

1835 1533 2100 1603 οὐρανοὺς
2130 1549 2188 1585 σε
2205 1533 2514 1604 ἐξήνεγκεν.
2571 1530 2635 1584 Ἦ
2665 1532 2802 1600 αὑτὴ
2835 1529 2932 1599 μὲν
2954 1529 3132 1598 φύσις,
3161 1527 3413 1598 διάφορος

1835 1619 1891 1673 δὲ
1921 1623 1954 1692 ἡ
1993 1621 2208 1692 γνώμη.
2265 1621 2404 1675 Ἀλλ’
2435 1624 2467 1694 ή
2506 1623 2599 1676 τοῦ
2646 1621 2764 1674 Ἰὼϐ
2800 1619 3011 1690 φαύλης
3059 1617 3196 1670 Ἀλλ’
3225 1620 3259 1687 ή
3296 1619 3412 1670 Σω-

1837 1712 2004 1767 σάννα
2048 1713 2205 1786 καλή.
2256 1715 2394 1768 Ἀλλ’
2441 1718 2474 1786 ή
2513 1714 2784 1783 Αἰγυπτία
2821 1713 3150 1775 ἀκόλαστος;
3200 1708 3339 1761 Ἀλλ’
3379 1711 3411 1778 ἡ

1835 1799 2019 1871 Σάρρα
2068 1804 2290 1872 κοσμία.
2344 1799 2496 1867 Είδες
2530 1803 2777 1875 ἐκείνην;
2833 1801 3003 1854 Βλέπε
3050 1801 3143 1853 καὶ
3171 1799 3409 1872 ταύτην·

1833 1893 1956 1946 ἐπεὶ
1988 1893 2081 1946 καὶ
2118 1896 2177 1948 ἐν
2203 1896 2459 1967 ἀνδράσιν
2486 1898 2534 1949 οἱ
2569 1897 2666 1966 μὲν
2697 1894 2910 1963 φαῦλοι,
2943 1893 2992 1946 οἱ
3021 1892 3076 1945 δὲ
3111 1893 3407 1948 σπουδαῖοι.

1833 1975 2011 2038 Καλὸς
2038 1979 2067 2030 6
2113 1979 2328 2050 Ἰωσὴφ,
2359 1981 2407 2033 οί
2437 1979 2493 2032 δέ
2527 1977 2884 2048 πρεσϐύτεροι
2917 1977 3223 2029 ἀκόλαστοι.
3259 1971 3410 2040 Εἶδες

1832 2069 2107 2140 πανταχοῦ
2121 2072 2320 2124 κακίαν
2341 2072 2433 2124 καὶ
2462 2070 2681 2140 ἀρετὴν,
2704 2069 2778 2140 μὴ
2808 2071 2872 2140 τῇ
2899 2067 3055 2137 φύσει
3080 2067 3250 2120 ταῦτα
3297 2085 3410 2138 κρι-

1831 2160 2049 2231 νόμενα,
2082 2163 2217 2216 ἀλλά
2243 2166 2310 2234 τῇ
2350 2163 2541 2234 γνώμῃ
2569 2161 2939 2231 διαιρούμενα.
2969 2161 3059 2229 Μή
3089 2177 3177 2229 μοι
3207 2159 3411 2228 προφά·

1831 2270 1942 2316 σεις
1981 2255 2337 2326 προφασίζου.
2383 2254 2521 2307 Ἀλλ’
2555 2255 2649 2306 ἐπὶ
2694 2253 2761 2306 τά
2807 2253 2942 2324 χρέα
2975 2253 3066 2305 καὶ
3098 2253 3197 2322 τὴν
3238 2271 3407 2307 καταο

1829 2343 1990 2412 ϐολὴν
2025 2345 2361 2415 σπεύδωμεν.
2411 2345 2519 2399 Καὶ
2560 2344 2796 2413 ἐγένετο
2839 2343 2943 2397 τοῦ
2973 2344 3286 2407 ἐνιαυτοῦ,
3332 2340 3406 2399 οὗ

1827 2435 2127 2488 ἀπέθανεν
2167 2435 2352 2502 Ὀζίας
2372 2438 2403 2491 d
2422 2436 2741 2502 βασιλεύς.
2775 2435 2968 2488 Μέλλω
2984 2435 3160 2503 λέγειν
3192 2435 3279 2488 διά
3297 2436 3349 2487 τί
3377 2438 3406 2488 6

1827 2527 2112 2597 προφήτης
2145 2527 2560 2596 ἐπισημαίνεται
2591 2527 2682 2580 τὸν
2707 2527 2931 2596 καιρόν·
2964 2525 3264 2597 ἐζητοῦμεν
3296 2526 3406 2598 γὰρ

1825 2618 1968 2687 χθὲς,
1999 2619 2049 2671 τί
2082 2619 2278 2689 δήποτε
2310 2620 2416 2673 τῶν
2456 2619 2749 2690 προφητῶν
2785 2620 3041 2674 ἁπάντων
3083 2619 3175 2672 τὸν
3214 2621 3404 2690 καιρὸν

1822 2712 1920 2782 τῆς
1953 2712 2095 2782 ζωῆς
2138 2712 2245 2764 τῶν
2290 2711 2550 2782 βασιλέων
2589 2713 2942 2783 ἱστορούντων
2992 2713 3055 2776 δ,
3099 2713 3194 2767 καὶ
3235 2715 3399 2770 αὑτοῦ

1823 2803 2033 2868 τούτου,
2069 2803 2300 2858 ἐνταῦθα
2331 2805 2391 2857 τὸ
2422 2803 2542 2866 ἔθος
2567 2805 2732 2875 ἐλύθη
2753 2822 2766 2836 °
2794 2808 2889 2859 καὶ
2917 2807 2978 2859 ού
3003 2805 3170 2873 λέγει,
3201 2807 3258 2858 ἐν
3281 2809 3400 2871 ταῖς

1823 2893 2058 2964 ἡμέραις
2101 2894 2272 2960 Ὀζίου
2299 2936 2313 2958 ,
2359 2895 2473 2948 ἀλλ’
2507 2898 2566 2948 ἐν
2617 2899 2681 2968 τῇ
2731 2897 2955 2967 τελευτῇ
3001 2897 3194 2962 Ὀζίου.
3231 2898 3400 2950 Τοῦτο

1821 2984 1979 3040 λῦσαι
2009 2985 2264 3058 βούλομαι
2299 2988 2551 3058 σήμερον.
2591 2989 2778 3062 Είγάρ
2812 2990 2905 3042 καὶ
2938 2989 3069 3042 πολῦ
3099 2989 3158 3044 τὸ
3186 2989 3394 3060 καῦμα,

1820 3077 1957 3132 ἀλλά
1983 3079 2183 3147 μείζων
2212 3081 2246 3149 ή
2277 3080 2464 3148 δρόσος
2501 3079 2596 3132 τοῦ
2635 3080 2792 3148 λόγου
2818 3099 2830 3112 ·
2866 3083 2913 3132 εί
2956 3081 3064 3152 γάρ
3100 3081 3340 3151 βιάζεται
3371 3085 3388 3124 ί

1818 3169 1878 3222 τὸ
1913 3170 2070 3240 σῶμα
2107 3169 2557 3241 μαλακιζόμενον,
2587 3172 2704 3224 ἀλλ’
2723 3173 3049 3243 ἀκμάζουσα
3073 3175 3105 3244 ή
3130 3173 3276 3244 ψυχὴ
3303 3176 3395 3228 εύ-

1817 3262 2123 3332 φραίνεται.
2152 3262 2243 3333 Μή
2277 3278 2364 3330 μοι
2388 3261 2512 3330 λέγε
2539 3263 2726 3334 καῦμα
2755 3266 2845 3318 καὶ
2873 3266 3101 3337 ἱδρῶταο
3128 3263 3221 3320 ἐὰν
3240 3265 3396 3338 ἱδρώ-

1819 3370 1919 3426 σῃς
1957 3355 2034 3426 τῷ
2067 3355 2301 3426 σώματι,
2339 3359 2569 3428 σμήχεις
2601 3377 2694 3412 σου
2737 3359 2833 3429 τὴν
2870 3358 3070 3431 ψυχήν.
3117 3360 3178 3412 Οί
3207 3359 3394 3422 παῖδες

1815 3447 1864 3501 οἱ
1891 3451 2038 3520 τρεῖς
2061 3449 2118 3502 ἐν
2147 3452 2362 3521 καμίνῳ
2404 3446 2574 3521 ἦσαν,
2606 3452 2700 3506 καὶ
2728 3452 2877 3505 ούδέν
2916 3451 3150 3521 ἔπασχον
3173 3493 3186 3516 ,
3213 3451 3326 3504 ἀλλ’
3357 3453 3392 3522 ἢ

1815 3541 2046 3611 κάμινος
2071 3541 2258 3614 δρόσος
2287 3542 2524 3610 ἐγένετο.
2560 3543 2723 3597 Ὅταν
2759 3543 3016 3613 ἐννοήσῃς
3047 3542 3271 3613 ἱδρῶτα,
3306 3544 3392 3596 ἐν·

1813 3632 1922 3684 νόει
1946 3633 2038 3685 καὶ
2071 3634 2159 3685 τὸν
2186 3633 2374 3702 μισθὸν
2405 3633 2498 3686 καὶ
2527 3633 2621 3703 τὴν
2645 3633 2897 3704 ἀμοιϐήν.
2924 3634 3033 3687 Καὶ
3055 3633 3162 3704 γάρ
3190 3633 3391 3703 κολυμ-

1813 3722 1985 3794 ϐητὴς
2017 3723 2299 3795 ἄνθρωπος
2339 3724 2406 3778 δι’
2441 3724 2592 3778 οὐδὲν
2629 3724 2756 3778 ἀλλο
2801 3725 2976 3796 τολμᾷ
3015 3727 3095 3788 εἰς
3135 3725 3195 3777 τὸ
3229 3725 3390 3796 βάθος

1813 3815 2003 3871 ἐαυτὸν
2048 3816 2373 3871 καταϐαλεῖν
2419 3817 2528 3872 τῶν
2559 3817 2860 3888 ύδάτων,ἢ
2895 3816 2983 3872 διὰ
3020 3819 3384 3888 μαργαρίτας,

1808 3909 1901 3961 τοῦ
1933 3909 2172 3980 πολέμου
2192 3910 2291 3981 τὴν
2321 3911 2592 3965 ὑπόθεσιν.
2642 3912 2779 3964 Ἀλλ’
2814 3913 2872 3963 ού
2899 3912 2997 3981 τὴν
3028 3911 3157 3980 ὓλην
3178 3912 3387 3965 διαϐάλ-

1809 3999 1904 4066 λω,
1941 4000 2081 4054 ἀλλά
2101 4001 2198 4072 τὴν
2219 4003 2514 4057 ἀκόλαστον
2543 4002 2785 4073 γνώμην.
2830 4003 2938 4055 Καὶ
2965 4005 3026 4056 σὺ
3047 4042 3061 4068 ,
3099 4004 3185 4056 ἵνα
3213 4003 3385 4076 λάϐῃς

1809 4090 2079 4160 θησαυρὸν
2130 4093 2422 4162 ἀνελλιπῆ,
2477 4094 2569 4146 καὶ
2608 4093 2878 4164 φυτεύσῃς
2925 4093 3164 4162 ἄμπελον
3216 4094 3273 4146 ἐν
3314 4096 3381 4164 τῇ

1808 4184 1950 4252 ψυχῇ
1985 4199 2099 4250 σου,
2142 4183 2242 4237 ούκ
2270 4185 2438 4254 ἀνέχῃ
2473 4184 2781 4256 καύματος,
2812 4184 2930 4236 ούδέ
2975 4185 3226 4254 ίδρῶτος;
3268 4185 3379 4254 Οὐχ

1808 4274 1938 4343 ὁρᾷς
1965 4274 2093 4336 τοὺς
2123 4275 2180 4326 ἐν
2223 4274 2432 4346 θεάτρῳ
2479 4276 2838 4347 καθημένους,
2882 4275 2999 4338 πῶς
3035 4276 3254 4346 ἱδρῶσι,
3286 4277 3378 4328 καὶ

1807 4367 1985 4434 γυμνῇ
2012 4367 2075 4434 τῇ
2111 4366 2318 4436 κεφαλῇ
2347 4368 2444 4435 τὴν
2487 4367 2677 4420 ἀκτῖνα
2705 4368 2967 4434 δέχονται,
2999 4367 3086 4418 ’ίνα
3117 4367 3378 4432 γένωνται

1806 4456 2038 4509 θανάτου
2063 4459 2416 4527 αἰχμάλωτοι,
2447 4461 2530 4510 ἵνα
2556 4461 2758 4530 πόρνης
2776 4459 2979 4525 δοῦλοι;
3001 4461 3090 4522 Εἰς
3105 4459 3378 4514 ἀπώλειαν

1806 4551 2001 4602 ἐκεῖνοι
2031 4550 2315 4619 κάμνουσι,
2346 4552 2438 4604 καὶ
2471 4552 2533 4603 σὺ
2560 4555 2638 4614 εἰς
2664 4552 2931 4621 σωτηρίαν
2954 4552 3151 4623 ὲκλύῃ;
3191 4553 3378 4624 Ἀθλη-

1803 4640 1898 4710 τὴς
1920 4636 1988 4703 εἴ,
2013 4642 2105 4693 καὶ
2126 4642 2478 4712 στρατιώτης.
2503 4641 2596 4704 Τίς
2618 4637 2708 4695 οὖν
2731 4645 2875 4695 ἐστιν
2896 4645 2923 4696 6
2954 4643 3130 4707 Ὀζίας
3150 4645 3374 4708 ἐκεῖνος,

1805 4731 1956 4802 [126]
1986 4733 2078 4784 καὶ
2107 4733 2194 4785 διὰ
2224 4740 2273 4785 τί
2307 4735 2404 4804 τὴν
2446 4735 2700 4806 τελευτὴν
2746 4735 2910 4788 αὑτοῦ
2960 4735 3159 4806 ταύτην
3189 4732 3373 4798 εἷπεν;

1803 4817 1970 4885 Οὗτος
1994 4825 2021 4875 6
2065 4825 2243 4888 Ὀζίας
2286 4825 2534 4895 βασιλεὺς
2564 4823 2630 4896 ἦν
2651 4868 2663 4890 ,
2699 4828 2793 4882 καὶ
2826 4826 2962 4898 ἀνὴρ
3005 4827 3208 4889 δίκαιος
3230 4866 3244 4890 ,
3282 4828 3375 4879 καὶ

1801 4914 2015 4977 πολλοῖς
2041 4917 2224 4986 κομῶν
2249 4921 2360 4982 τοῖς
2389 4919 2805 4990 κατορθώμασιν
2825 4934 2838 4947 °
2863 4919 2975 4972 611’
3003 4918 3223 4988 ὕστερόν
3245 4935 3373 4970 ποτε

1798 5011 1877 5072 είς
1904 5009 2158 5062 ἀπόνοιαν
2189 5005 2386 5081 ἦλθεν,
2432 5013 2510 5075 είς
2560 5012 2815 5064 ἀπόνοιαν
2837 5050 2850 5072 ,
2886 5011 2983 5081 τὴν
3021 5010 3230 5080 μητέρα
3265 5010 3373 5063 τῶν

1798 5098 2000 5163 κακῶν,
2031 5102 2111 5162 είς
2137 5101 2476 5167 ἀλαζονείαν,
2507 5103 2606 5172 τὴν
2639 5101 2880 5170 θορύϐων
2915 5102 3190 5171 γέμουσαν
3223 5099 3269 5165 i,
3295 5104 3372 5164 είς

1797 5192 2190 5260 ὑπερηφανίαν,
2227 5194 2323 5266 τὴν
2356 5195 2630 5248 ἀπώλειαν
2654 5193 2746 5245 τοῦ
2774 5192 3038 5246 διαϐόλου.
3071 5194 3233 5247 Οὐδὲν
3258 5193 3368 5263 γὰρ

1794 5283 2047 5347 ἀπονοίας
2081 5287 2288 5354 χεῖρονο
2326 5285 2411 5338 διὰ
2439 5283 2596 5338 τοῦτο
2615 5286 2710 5338 καὶ
2741 5285 2831 5338 τὸν
2863 5285 3020 5354 λόγον
3052 5289 3268 5342 ἅπαντα
3291 5288 3366 5348 είς

1852 5502 1875 5561 β
1903 5498 1994 5561 Ᾱίὶὶί
2020 5500 2383 5561 προφασίσηται.

1853 5559 1878 5597 h
1910 5560 2042 5608 Unus
2061 5559 2297 5633 βασιλέων
2321 5562 2600 5620 δηλούντων.
2625 5562 2776 5610 Sam.
2807 5563 2853 5610 in
2878 5564 3097 5623 margine
3122 5564 3214 5610 τῶν
3232 5563 3369 5624 βασι-

1929 5639 1982 5696 με
1989 5639 2074 5680 μνη
2081 5639 2244 5696 μενων..

1855 5684 1869 5720 ί
1906 5683 2038 5728 Unus
2066 5685 2170 5730 cod.
2203 5685 2240 5730 εί
2268 5685 2347 5730 καὶ

1788 5747 1980 5790 videtur
2024 5742 2266 5791 Erasmus.
2295 5742 2412 5792 Ibid,
2441 5747 2542 5791 611’

1787 5625 1904 5670 λέων

2392 5685 2617 5746 βιάζεται,
2664 5685 2843 5731 οῐηὶςςο
2885 5685 2992 5746 γάρ,
3016 5691 3062 5746 εί
3093 5686 3162 5730 sic
3186 5684 3365 5739 legisse

2587 5746 2782 5806 ἀκμάζει
2806 5749 2833 5801 ἡ
2862 5745 2986 5804 ψυχὴ
3016 5745 3361 5804 εὐφραινομένη.

1789 5805 1940 5851 l'aulo
1963 5813 2072 5863 post
2106 5822 2196 5851 σου
2230 5807 2313 5860 τήν
2339 5805 2560 5853 διάνοιαν.
2590 5805 2666 5854 Οἱ.
2701 5806 2821 5853 Infra
2867 5813 2966 5853 [res
2992 5819 3102 5852 mss.
3131 5806 3364 5852 κατατολο

1788 5871 1869 5927 μᾷ,
1891 5870 1941 5911 et
1968 5879 2074 5910 mox
2105 5867 2341 5923 ἐμϐαλεῖν.

1859 5937 1870 5974 l
1909 5927 2010 5972 Duo
2040 5928 2307 5990 ἀλαζονείαν
2332 5929 2422 5974 τῶν
2444 5929 2622 5990 θορύϐῳ
2647 5927 2921 5975 νοσούντων,
2956 5929 3088 5976 Unus
3115 5926 3262 5976 habet
3286 5926 3362 5973 τὸν

1785 5988 1974 6048 θόρυϐον
1997 5987 2276 6036 νοσούντων.
