4144 6472
226 388 338 444 125

237 492 375 547 enim
407 498 729 566 arrogantia
759 497 904 567 pejus
930 516 941 550 :
968 497 1087 552 ideo
1118 507 1284 551 totum
1312 512 1615 553 sermonem
1646 498 1696 552 iu
1737 498 1837 555 hoc

249 584 356 637 heri
384 588 848 655 consumpsimus,
867 588 1165 658 superbiam
1196 588 1551 653 eliminantes,
1581 598 1635 643 et
1660 587 1836 643 humi-

248 672 451 728 litatem
489 674 777 732 docentes.

326 766 377 819 ι.
422 766 704 821 Humilitas
729 781 967 838 quantum
994 772 1196 825 bonum.
1222 771 1287 824 In
1310 782 1457 842 portu
1486 774 1831 844 naufragium.

261 854 345 909 Vis
363 854 453 908 tibi
475 856 651 911 dicam
676 870 928 927 quantum
953 862 1144 916 bonum
1174 862 1243 915 sit
1273 862 1561 928 humilitas,
1586 872 1639 918 et
1661 879 1832 933 quau-

253 956 363 1000 tum
393 948 591 1003 malum
622 952 965 1020 arrogantia?
1012 953 1268 1007 Peccator
1310 954 1517 1022 justum‘
1541 956 1829 1023 superavit,

251 1039 565 1106 publicanus
578 1040 924 1106 Pharis-acum,
944 1052 997 1097 et
1017 1044 1177 1098 verba
1194 1042 1345 1099 factis
1368 1042 1515 1099 fuere
1536 1046 1830 1112 superiora.

248 1132 532 1198 Quomodo
549 1132 708 1186 verba
730 1133 753 1186 ἲ
780 1132 1098 1188 Publicauus
1114 1134 1246 1193 dicit
1266 1154 1280 1191 :
1300 1136 1459 1200 Deus,
1472 1136 1717 1205 propitius
1729 1146 1832 1191 esto

246 1224 374 1276 mihi
404 1226 674 1293 peccatori.
708 1225 1005 1280 Pharisaaus
1031 1226 1159 1281 dicit
1186 1244 1198 1281 :
1225 1226 1345 1281 Non
1373 1244 1485 1281 sum
1505 1230 1632 1283 sicut
1658 1229 1829 1283 cwten'

247 1316 499 1379 homines,
533 1324 733 1384 raptor,
766 1325 857 1369 aut
896 1332 1107 1370 avarus.
1139 1316 1243 1372 Sed
1272 1318 1395 1388 quid
1420 1318 1441 1371 ?
1468 1317 1657 1387 Jejuno
1683 1318 1756 1371 bis
1775 1319 1829 1371 iu

240 1412 477 1476 sabbato,
506 1410 722 1463 decimas
752 1411 817 1463 do
837 1410 897 1463 de
924 1412 1247 1479 facultatibus
1278 1415 1399 1465 meis
1431 1411 1584 1480 (Luc.
1617 1412 1708 1467 18.
1737 1412 1824 1467 15.

247 1506 268 1556 1
294 1506 336 1556 l.
363 1504 430 1557 12
450 1506 489 1570 ).
522 1502 818 1557 Pharismus
846 1518 1007 1571 opera
1037 1503 1248 1569 iustitia:
1272 1504 1559 1571 praestabat
1589 1522 1601 1557 :
1640 1503 1817 1572 publi-

240 1608 414 1647 canus
443 1594 599 1647 verba
629 1593 836 1648 dicebat
855 1593 1192 1659 humilitatis,
1223 1604 1275 1648 et
1304 1594 1465 1648 verba
1490 1593 1607 1663 plus
1639 1602 1827 1663 potue-

243 1696 372 1738 runt
394 1700 549 1753 quam
578 1685 735 1749 facta,
771 1694 1049 1754 tantusque
1082 1684 1360 1739 thesaurus
1381 1682 1693 1737 exsufﬂatus
1715 1692 1818 1748 est,

240 1787 299 1831 ct
329 1787 469 1830 tanta
503 1778 674 1846 inepia
698 1778 749 1830 in
781 1777 988 1831 divitias
1011 1784 1361 1830 commutata.
1394 1776 1667 1830 Venerunt
1706 1775 1826 1831 dure

239 1884 414 1923 naves
441 1868 693 1923 habentes
716 1883 883 1931 unus;
914 1868 1085 1923 amba:
1137 1878 1346 1936 portum
1386 1868 1636 1935 ingressae
1662 1877 1822 1931 sunt;

237 1960 336 2014 sed
389 1960 695 2028 publicanus
736 1959 953 2027 pulchre
998 1960 1050 2013 in
1100 1969 1307 2028 portum
1355 1959 1597 2027 appulit,
1632 1958 1818 2013 Phari-

235 2066 385 2104 s:ens
423 2062 601 2104 autem
630 2050 963 2118 naufragium
990 2064 1275 2119 perpessus
1318 2058 1435 2113 est,
1485 2058 1539 2103 ut
1564 2048 1819 2112 disceres,

234 2154 499 2211 quantum
547 2142 668 2194 mali
700 2143 767 2194 sit
788 2142 947 2194 animi
981 2150 1175 2193 tumor.
1203 2139 1385 2194 Justus
1413 2155 1472 2194 cs
1495 2139 1516 2192 ?
1539 2138 1615 2193 Nc
1641 2138 1820 2208 depri-

236 2250 357 2287 mas
389 2235 603 2287 fratrem
656 2243 824 2285 tuum.
873 2233 1057 2286 Flores
1087 2245 1230 2287 reete
1264 2230 1460 2286 factis?
1507 2232 1582 2287 Ne
1626 2232 1818 2301 probra

230 2326 403 2393 jacias
463 2325 512 2377 in
578 2325 915 2392 proximum,
974 2332 1193 2392 tuasque
1258 2322 1443 2376 laudes
1503 2323 1815 2392 comprime.

232 2418 451 2482 Quanto
480 2416 650 2484 major
676 2432 753 2478 es,
785 2425 929 2469 tanto
971 2416 1137 2485 magis
1163 2415 1405 2484 deprime
1448 2415 1696 2485 teipsum.
1724 2417 1817 2470 At—

230 2508 393 2562 tende
417 2508 555 2575 quod
588 2508 780 2561 dicitur
803 2550 819 2574 ,
851 2508 1147 2561 carissime.
1192 2507 1550 2577 Magisjustus
1579 2515 1816 2561 metuere

228 2602 393 2654 debet
436 2600 791 2668 arrogantiam
845 2615 1001 2669 quam
1046 2609 1293 2667 peccator
1340 2598 1483 2653 :hoc
1526 2597 1638 2653 heri
1668 2598 1810 2653 dice.

227 2693 375 2753 bam,
416 2699 471 2745 et
507 2690 663 2744 hodie
689 2690 807 2744 dico
838 2699 1051 2759 propter
1076 2704 1169 2744 eos
1198 2691 1285 2759 qui
1319 2689 1431 2744 heri
1463 2690 1707 2757 aberant,
1743 2705 1809 2745 eo

224 2780 373 2850 quod
424 2791 671 2849 peccator
712 2781 903 2834 habeat
949 2780 1330 2835 conscientiam
1382 2796 1445 2835 ex
1496 2782 1812 2834 necessitate

227 2873 489 2927 humilem
533 2890 546 2926 :
595 2873 767 2941 justus
814 2882 989 2927 autem
1047 2872 1117 2926 ob
1174 2871 1448 2927 benefacta
1502 2872 1807 2927 extollatur.

220 2962 687 3029 Quemadmodum
722 2962 879 3033 igitur
909 2962 967 3016 fit
992 2961 1302 3033 innavigiis,
1329 2960 1419 3029 qui
1442 2976 1665 3017 vacuam
1695 2962 1792 3015 ha-

223 3057 353 3108 bent
376 3070 563 3108 navem
589 3096 603 3120 ,
644 3068 747 3107 non
779 3061 1021 3108 metuunt
1050 3052 1340 3121 piratarum
1367 3051 1620 3105 insultum
1652 3069 1664 3105 :
1697 3067 1806 3107 non

219 3147 369 3200 enim
407 3146 626 3199 veniunt
674 3152 731 3198 ut
772 3152 1051 3197 conterant
1079 3157 1266 3197 navem
1318 3140 1449 3195 nihil
1478 3140 1759 3196 vehentem
1791 3158 1804 3195 :

217 3247 274 3290 at
306 3237 340 3289 ii
388 3236 476 3304 qui
507 3250 695 3288 navem
722 3233 918 3288 habent
947 3242 1195 3287 onustam
1225 3273 1240 3298 ,
1272 3239 1515 3287 metuunt
1546 3232 1745 3303 piratas
1783 3251 1797 3288 :

219 3346 344 3382 nam
382 3328 545 3396 pirata
576 3328 699 3381 illuc
724 3333 995 3396 properat,
1027 3325 1114 3379 ubi
1144 3340 1353 3390 aurum,
1378 3326 1464 3380 ubi
1488 3334 1793 3395 argentum,

222 3421 313 3473 ubi
354 3419 556 3488 lapides
587 3419 801 3487 pretiosi
830 3435 843 3471 :
874 3418 951 3472 sic
990 3428 1047 3471 et
1076 3416 1319 3471 diabolus
1351 3430 1457 3470 non
1503 3416 1656 3471 facile
1681 3430 1805 3485 pec-

215 3523 458 3566 catorcm
499 3510 817 3580 aggreditur,
868 3509 962 3564 sed
1003 3509 1206 3578 justum
1250 3508 1445 3579 potius,
1492 3506 1581 3561 ubi
1624 3508 1804 3562 multa:

217 3614 345 3656 sunt
375 3618 525 3670 opes.
569 3601 825 3668 Quoniam
857 3615 1001 3669 saepe
1026 3598 1328 3669 arrogantia
1350 3614 1413 3653 ex
1445 3598 1655 3653 insidiis
1684 3599 1802 3653 dia-

217 3695 323 3745 buli
352 3693 545 3756 oritur,
568 3690 884 3760 vigilandum
915 3700 997 3744 est
1027 3690 1065 3743 ί.
1098 3688 1306 3756 Quanto
1337 3689 1507 3754 major
1538 3702 1618 3754 es,
1655 3698 1799 3741 tanto

216 3784 389 3852 magis
431 3781 669 3851 deprime
713 3780 958 3848 tcipsum.
991 3779 1123 3833 Cum
1159 3778 1463 3832 ascenderis
1505 3776 1558 3830 in
1600 3777 1799 3842 altum,

212 3888 354 3940 (lpus
380 3882 462 3926 est
492 3882 547 3925 ut
588 3871 677 3925 tibi
707 3871 997 3941 pr05picias
1040 3885 1105 3923 ne
1148 3868 1327 3923 cadas.
1356 3868 1713 3934 Quamobrem
1744 3880 1798 3924 et

215 3965 477 4018 Dominus
511 3973 692 4017 noster
742 3962 871 4017 dicit
921 3979 934 4015 :
973 3960 1099 4016 Cum
1142 3962 1309 4014 omnia
1338 3961 1574 4032 feceritis,
1601 3962 1748 4016 dicite
1782 3978 1799 4013 :

213 4056 437 4108 Inutiles
490 4055 615 4107 servi
662 4071 832 4108 sumus
891 4053 1041 4123 (Luc.
1095 4055 1181 4107 17.
1229 4052 1352 4123 10).
1404 4053 1539 4120 Quid
1592 4056 1798 4109 cll'crris

209 4149 397 4202 animo
425 4162 545 4201 cum
587 4148 661 4200 sis
688 4147 865 4210 homo,
895 4156 1151 4215 cognatus
1181 4156 1335 4200 terrae
1358 4186 1372 4211 ,
1406 4147 1643 4214 ejusdem
1674 4147 1799 4200 sub-

208 4236 429 4292 stantia:
469 4251 588 4289 cum
617 4236 818 4299 cinere,
869 4244 977 4287 tum
1031 4246 1236 4295 natura,
1278 4244 1387 4288 tum
1433 4235 1633 4301 animo,
1686 4247 1794 4290 tum

206 4329 486 4382 actiOnum
534 4326 783 4380 delectu?
827 4325 995 4380 Hodie
1024 4324 1192 4391 dives,
1222 4341 1339 4380 cras
1374 4340 1601 4396 pauper;
1636 4327 1795 4381 hodie

206 4436 401 4483 sanas,
434 4434 551 4472 cras
579 4427 843 4488 aegrotus;
878 4417 1036 4471 hodie
1064 4417 1286 4486 gaudes,
1320 4433 1440 4471 cras
1467 4416 1619 4471 doles
1646 4434 1660 4481 ;
1697 4417 1792 4472 ho-

203 4512 297 4565 die
332 4512 385 4562 in
415 4509 600 4578 gloria,
634 4522 755 4561 cras
783 4509 834 4560 in
859 4508 1148 4576 ignominia
1175 4524 1187 4569 ;
1226 4506 1637 4575 limliejuvcnis,
1668 4522 1788 4561 cras

201 4615 399 4656 senex.
428 4598 561 4651 Num
607 4597 804 4666 aliquid
851 4598 900 4650 iu
949 4598 1109 4651 rebus
1137 4597 1383 4651 humanis
1432 4597 1796 4659 consistit,ac

201 4707 315 4745 non
347 4692 520 4759 potius
558 4690 793 4743 amnium
828 4688 1303 4757 przeterllucutium
1333 4702 1547 4742 cursum
1582 4688 1793 4741 imitan-

199 4798 295 4837 tur
327 4782 505 4835 omnia
530 4782 550 4833 ?
578 4779 708 4833 Nam
738 4779 1074 4847 simulatque
1095 4788 1475 4847 apparuerunt,
1506 4779 1663 4831 citius
1690 4792 1790 4831 nos

196 4892 373 4944 quam
422 4873 608 4927 umbra
654 4872 983 4940 relinquunt.
1042 4871 1177 4936 Quid
1224 4871 1379 4939 igitur
1420 4871 1586 4925 altum
1627 4870 1789 4938 sapis,

197 4972 391 5031 homo,
444 4966 615 5019 fumus
647 4974 699 5019 et
726 4963 975 5017 vanitas?
1006 4962 1171 5016 Homo
1196 4964 1335 5017 enim
1364 4964 1573 5015 vanitati
1614 4964 1791 5016 similis

204 5065 380 5130 factus
425 5068 499 5111 est
545 5056 716 5127 (Psal.
760 5056 883 5109 1-15.
942 5056 1032 5123 4).
1092 5054 1259 5109 Veluti
1289 5060 1475 5125 faenum
1528 5056 1632 5110 dies
1683 5058 1791 5119 eius

198 5150 378 5217 tPsal.
413 5148 533 5203 102.
564 5148 673 5214 15).
706 5145 917 5199 Exaruit
948 5163 1174 5216 gramen,
1215 5157 1264 5199 et
1306 5148 1402 5215 ﬂos
1455 5148 1562 5214 ejus
1608 5148 1792 5200 decidit

193 5250 209 5313 ί
254 5245 386 5299 lsai.
421 5242 506 5297 to.
540 5242 634 5311 8).

270 5336 387 5389 Rea:
434 5333 703 5387 sacerdotis
751 5348 851 5383 non
899 5346 1143 5399 usurpare
1188 5330 1328 5383 debet
1364 5330 1676 5400 dignitatem.
1721 5360 1790 5371 —

195 5429 329 5482 llaec
360 5426 477 5479 dico
505 5441 605 5478 non
636 5434 693 5477 ut
725 5421 1072 5475 substantiam
1092 5421 1409 5490 deprimam,
1435 5420 1527 5474 sed
1557 5430 1611 5473 ut
1641 5436 1786 5473 arro-

191 5518 432 5589 gantiam
463 5518 753 5571 refrenem.
784 5514 990 5582 Alioqui
1024 5523 1076 5565 et
1097 5528 1282 5582 magna
1314 5528 1397 5567 res
1419 5524 1494 5567 est
1530 5514 1707 5573 homo.
1736 5524 1788 5567 et

192 5612 427 5681 pretiosa
474 5625 559 5664 res
604 5610 685 5662 vir
732 5606 1056 5661 misericors.
1104 5607 1298 5661 Verum
1346 5606 1430 5661 hic
1461 5608 1615 5661 Ozias
1666 5622 1785 5660 cum

255 5749 268 5775 ι
313 5752 433 5793 tinus
458 5746 527 5793 sic
552 5743 746 5791 habet:
784 5738 1012 5803 Quoniam
1051 5752 1113 5787 ex
1153 5741 1431 5803 arrogantia
1468 5749 1666 5792 peccata
1706 5754 1785 5791 ua-

185 5816 402 5869 scuutur,
431 5818 693 5870 propterea
723 5800 1017 5866 t'tgiltutdunt
1045 5811 1131 5851 est.

1263 383 1323 437 ΙΝ
1367 384 1585 450 lLLUD,
1636 384 1765 438 VIDI
1813 385 2136 457 DOMINUM,
2182 390 2406 447 HOillL.
2453 392 2536 450 IV.

3423 409 3536 465 126

1947 515 2088 559 esset
2114 520 2208 560 rex
2233 506 2530 564 diademate
2559 511 2836 566 redimitus
2862 553 2876 576 ,
2906 514 3154 582 quoniam
3180 525 3292 569 erat
3326 516 3519 584 justus,

1944 594 2112 648 elatus
2146 605 2229 650 est
2266 599 2466 664 animo,
2497 610 2551 655 et
2590 602 2795 671 majore
2845 604 3030 673 Spiritu
3060 614 3319 675 concepto
3361 624 3521 677 quam

1944 698 2038 750 pro
2066 686 2321 755 dignitate
2345 730 2359 753 ,
2391 690 2660 759 ingressus
2701 702 2783 747 est
2811 695 3085 762 templum.
3133 697 3197 753 Et
3242 698 3367 768 quid
3395 700 3526 755 dicit

1940 774 2249 843 Scriptura?
2297 777 2561 849 Ingressus
2604 791 2677 837 est
2724 794 2898 836 sancta
2938 797 3259 852 sanctorum,
3316 788 3516 855 aitque,

1950 862 2075 918 Volo
2101 867 2305 921 adolere
2329 870 2587 925 incensum
2623 872 2713 941 (2.
2754 874 2933 929 Paral.
2966 876 3055 931 26.
3091 879 3222 948 16).
3256 878 3366 933 Rex
3397 896 3519 935 cum

1938 954 2027 1019 sit,
2057 958 2338 1013 sacerdOtii
2372 960 2722 1031 principatum
2761 975 2995 1036 usurpat.
3034 966 3175 1031 Volo,
3207 969 3378 1039 inquit
3422 972 3520 1023 ad-

1939 1046 2073 1101 olere
2101 1048 2379 1118 iacentium,
2408 1054 2717 1123 quiajustus
2743 1070 2884 1110 sum.
2910 1058 3015 1114 Sed
3047 1075 3202 1115 mane
3232 1062 3367 1115 intra
3401 1072 3522 1119 tuos

1938 1138 2194 1194 terminos
2219 1157 2233 1194 :
2264 1142 2352 1196 alii
2392 1154 2517 1197 sunt
2546 1146 2754 1200 termini
2779 1148 2948 1217 regni,
2977 1148 3064 1202 alii
3100 1152 3309 1206 termini
3337 1168 3519 1208 sacer-

1936 1227 2067 1284 dotii
2112 1248 2126 1285 :
2160 1247 2344 1287 verum
2375 1234 2476 1289 hoc
2515 1236 2604 1289 illo
2630 1238 2803 1307 majus
2829 1248 2930 1293 est.
2961 1239 3141 1310 Neque
3166 1242 3308 1298 enim
3340 1260 3405 1299 ex
3434 1244 3518 1300 bis

1936 1334 2052 1389 qua:
2096 1321 2341 1378 videntur
2387 1324 2469 1379 hic
2516 1327 2816 1383 declaratur
2856 1345 2947 1385 rex
2977 1371 2991 1395 ,
3020 1347 3193 1402 neque
3235 1348 3264 1388 e
3290 1340 3514 1404 gemmis

1936 1409 2009 1462 illi
2036 1411 2233 1479 afﬁxis,
2256 1430 2428 1484 neque
2448 1432 2513 1471 ex
2536 1433 2666 1473 auro
2687 1436 2793 1489 quo
2820 1422 3047 1476 amictus
3067 1432 3169 1489 est,
3199 1424 3357 1480 debet
3382 1429 3519 1481 aesti-

1936 1502 2065 1554 mari
2100 1518 2215 1557 rex.
2250 1503 2344 1560 llle
2388 1508 2602 1575 quidem
2644 1524 2704 1562 ea
2734 1526 2852 1579 qua:
2880 1522 3003 1565 sunt
3032 1514 3083 1566 in
3116 1516 3272 1569 terris
3298 1519 3516 1570 sortitus

1933 1601 2016 1645 est
2059 1592 2480 1651 administranda
2514 1616 2527 1653 :
2555 1609 2809 1654 caeterum
2831 1603 3113 1657 sacerdotii
3140 1606 3225 1671 jus
3268 1621 3298 1660 e
3328 1621 3513 1675 supcr-

1935 1684 2016 1737 uis
2066 1684 2344 1741 descendit
2374 1707 2387 1743 :
2425 1690 2765 1758 Quacumque
2784 1694 2917 1746 enim
2938 1696 3207 1765 ligaveritis
3226 1714 3375 1766 super
3403 1711 3505 1751 ter-

1930 1788 2068 1838 ram,
2100 1786 2243 1829 erunt
2272 1779 2429 1846 ligata
2457 1782 2578 1835 etin
2601 1783 2724 1836 ctelo
2752 1783 2771 1853 (
2798 1783 2986 1839 Matth.
3017 1788 3101 1842 16.
3135 1789 3244 1858 19).
3281 1791 3408 1861 Regi
3438 1808 3497 1845 ca

1929 1877 2049 1931 quae
2090 1863 2176 1921 hic
2213 1879 2358 1934 sunt,
2400 1872 2685 1927 commissa
2713 1882 2859 1939 sunt,
2888 1875 3018 1930 mihi
3070 1880 3303 1934 cmlestia
3335 1899 3347 1934 :
3378 1884 3508 1937 mihi

1929 1968 2046 2006 cum
2079 1954 2229 2020 dico,
2262 1960 2595 2016 sacerdotem
2638 1964 2897 2035 intelligo.
2933 1966 3115 2039 Itaque
3144 1986 3266 2027 cum
3309 1973 3509 2030 videris

1928 2045 2259 2101 sacerdotem
2312 2049 2620 2120 indignum,
2664 2070 2731 2109 ne
2783 2056 3029 2112 traducas
3086 2063 3441 2118 sacerdotiqu
3493 2084 3505 2119 :

1928 2151 2030 2189 nou
2076 2139 2220 2192 enim
2271 2152 2480 2209 oportet
2534 2144 2790 2202 damnare
2846 2164 2970 2213 res,
3021 2151 3113 2205 sed
3150 2168 3271 2207 eum
3314 2158 3399 2224 qui
3453 2174 3509 2213 re

1927 2224 2062 2280 bona
2118 2229 2257 2284 male
2314 2232 2511 2299 utitur;
2556 2237 2985 2307 quandoquidem
3032 2252 3084 2296 et
3122 2243 3284 2299 ludas
3330 2250 3507 2316 prodi-

1927 2324 2008 2369 tor
2036 2316 2155 2383 fuit,
2179 2334 2365 2375 verum
2395 2338 2499 2378 non
2528 2326 2596 2380 ob
2630 2327 2679 2380 id
2705 2341 2987 2384 accusatur
3003 2334 3134 2386 ordo
3156 2338 3503 2403 apostolicus,

1922 2408 2015 2462 sed
2046 2410 2185 2465 illius
2209 2415 2419 2470 animus
2452 2432 2581 2473 :nec
2603 2419 2807 2475 crimen
2827 2433 2907 2476 est
2936 2426 3241 2493 sacerdotii,
3273 2429 3364 2483 sed
3394 2447 3505 2483 ma-

1924 2499 2027 2553 lutn
2056 2503 2239 2556 animi.

1990 2592 2043 2645 5.
2074 2592 2371 2649 Sacerdotes
2395 2599 2518 2652 mali
2536 2600 2872 2669 vituperandi,
2896 2620 2994 2657 non
3021 2607 3376 2662 sacerdotium.
3405 2611 3506 2665 Sa-

1918 2682 2175 2771 cerdotum
2226 2688 2392 2758 major
2437 2690 2657 2759 dignitas
2693 2708 2845 2762 quam
2890 2698 3036 2765 regis.
3089 2696 3317 2752 Historia
3367 2704 3499 2771 regis

1922 2770 2059 2825 Ozia:
2083 2776 2360 2845 peragitur.
2382 2808 2453 2818 —
2475 2779 2539 2834 Et
2569 2790 2622 2835 tu
2644 2782 2802 2852 igitur
2828 2801 2895 2839 ne
2916 2788 3269 2843 sacerdotium
3297 2770 3500 2859 vitupe-

1916 2877 2022 2929 res,
2067 2864 2158 2917 sed
2188 2867 2519 2923 sacerdotem
2560 2872 2699 2926 male
2745 2889 2804 2927 rc
2831 2875 2967 2929 bona
3002 2886 3255 2932 utentem.
3289 2880 3495 2937 Etenim

1914 2956 1956 3008 si
1988 2958 2105 3026 quis
2137 2967 2309 3013 tecum
2336 2960 2587 3031 disputet,
2619 2965 2863 3035 dicatque
2896 2985 2907 3020 :
2946 2968 3130 3024 Vidisti
3162 2971 3309 3026 illum
3341 2973 3496 3027 Chri-

1914 3048 2180 3102 stianum?
2207 3054 2528 3121 respondeto
2554 3072 2567 3109 :
2600 3058 2667 3109 At
2686 3072 2784 3126 ego
2808 3075 2912 3113 non
2932 3060 3001 3115 de
3022 3064 3281 3129 personis,
3307 3065 3399 3119 sed
3430 3066 3497 3119 de

1914 3137 2071 3193 rebus
2101 3141 2191 3195 tibi
2216 3141 2425 3212 loquor.
2456 3144 2664 3214 Alioqui
2691 3158 2819 3217 quot
2848 3150 3036 3204 medici
3068 3150 3191 3206 facti
3224 3164 3345 3208 sunt
3374 3171 3493 3209 car-

1913 3228 2112 3296 niﬁces,
2147 3246 2211 3285 ac
2236 3248 2437 3288 venena
2468 3251 2562 3304 pro
2601 3237 2897 3306 pharmacis
2923 3240 3219 3297 dederunt?
3258 3244 3372 3298 Non
3415 3256 3497 3300 ta-

1911 3336 2031 3375 men
2064 3331 2231 3377 artem
2279 3325 2543 3396 vitupcro,
2590 3328 2682 3382 sed
2721 3330 2860 3385 male
2907 3342 3140 3388 utentem
3180 3343 3315 3389 arte.
3358 3338 3497 3403 Quot

1910 3424 2085 3468 nautae
2128 3415 2266 3471 male
2312 3416 2685 3474 demerserunt
2727 3421 2972 3491 navigia?
3004 3423 3195 3479 Verum
3247 3442 3350 3480 non
3406 3443 3494 3481 ars

1911 3505 2188 3576 navigandi
2236 3507 2376 3562 mala
2416 3517 2514 3575 est,
2561 3510 2656 3565 sed
2703 3511 2875 3565 malus
2911 3511 3121 3567 illorum
3163 3516 3390 3571 animus.
3439 3519 3492 3571 Si

1907 3594 2237 3651 Christianus
2275 3597 2433 3653 fuerit
2449 3600 2746 3669 improbus,
2764 3618 2833 3659 ne
2848 3600 3064 3657 incuses
3075 3602 3265 3674 dogtna
3283 3621 3385 3659 nec
3404 3621 3459 3659 sa
3478 3638 3490 3645 ε

1906 3684 2225 3751 cerdotium,
2257 3689 2350 3744 sed
2369 3702 2425 3741 re
2448 3685 2589 3741 bona
2614 3695 2858 3741 utentem
2890 3686 3047 3740 male.
3090 3686 3221 3757 Regi
3265 3702 3487 3757 corpora

1905 3776 2187 3829 commissa
2216 3784 2359 3841 sunt,
2392 3774 2652 3829 sacerdoti
2679 3780 2906 3841 animm;
2940 3793 3037 3832 rex
3066 3779 3276 3834 residua
3325 3796 3487 3849 pecu-

1906 3867 2111 3919 niarum
2139 3866 2379 3930 remittit,
2403 3866 2654 3921 sacerdos
2674 3876 2851 3922 autem
2876 3869 3084 3923 residua
3113 3880 3448 3939 peccatorum
3472 3892 3483 3927 :

1905 3958 1990 4009 ille
2029 3958 2190 4028 cogit,
2233 3956 2319 4011 hic
2344 3956 2697 4011 exhortatur:
2728 3958 2815 4012 ille
2842 3961 3179 4025 necessitate,
3225 3961 3310 4016 hic
3356 3980 3487 4017 cou~

1903 4048 2022 4101 silio
2048 4066 2059 4100 :
2095 4049 2182 4101 ille
2206 4046 2365 4101 habet
2390 4062 2535 4101 arma
2558 4048 2852 4115 sensibilis,
2881 4049 2965 4104 hic
2985 4067 3129 4105 arma
3155 4054 3445 4122 spiritualia
3474 4076 3483 4109 :

1904 4140 1989 4192 ille
2018 4139 2215 4193 bellum
2252 4141 2388 4207 gerit
2416 4156 2538 4195 cum
2576 4141 2833 4207 barbaris,
2869 4141 2997 4196 mihi
3046 4143 3241 4199 bellum
3283 4158 3363 4200 est
3391 4149 3487 4201 ad-

1904 4246 2085 4284 versus
2127 4230 2417 4286 daemones.
2463 4232 2628 4303 Major
2669 4232 2754 4287 hic
2798 4234 3160 4302 principatus;
3209 4248 3489 4307 propterea

1902 4340 1995 4377 rex
2025 4334 2185 4391 caput
2228 4324 2492 4377 submittit
2534 4326 2711 4378 manui
2756 4325 3069 4389 sacerdotis,
3107 4335 3159 4379 et
3202 4328 3394 4395 ubique
3436 4330 3488 4383 iu

1899 4415 2071 4468 Veteri
2091 4414 2367 4483 Scriptura
2398 4415 2705 4469 sacerdotes
2735 4416 3059 4484 iuungebant
3088 4433 3259 4485 rcges.
3291 4418 3487 4474 Verum

1902 4521 1992 4558 rex
2022 4505 2107 4559 ille
2133 4518 2226 4557 sua
2258 4504 2557 4557 transiliens
2588 4514 2757 4574 septa,
2784 4506 3104 4575 modumque
3136 4509 3285 4577 regni
3312 4517 3485 4564 trans-

1898 4613 2137 4667 gressus,
2175 4608 2396 4651 conatus
2439 4607 2521 4651 est
2558 4599 2754 4668 aliquid
2786 4599 2999 4664 addere,
3032 4610 3189 4670 atque
3220 4603 3489 4671 ingressus

1898 4700 1979 4744 cst
2002 4690 2253 4756 templum
2276 4704 2394 4743 cum
2418 4690 3024 4753 auctoritatc,incensum
3044 4693 3263 4749 adolere
3282 4696 3487 4750 volens.

1897 4780 2033 4845 Quid
2061 4779 2219 4847 igitur
2243 4779 2529 4833 sacerdos?
2557 4780 2671 4835 Non
2704 4781 2826 4835 licet
2852 4781 2966 4848 tibi,
2990 4782 3140 4849 Ozia,
3170 4783 3385 4840 adolere
3412 4786 3490 4838 in-

1897 4886 2135 4925 censum.
2174 4870 2307 4925 Vide
2340 4871 2659 4937 libertatem,
2704 4872 2825 4927 vide
2866 4882 3099 4927 mentem
3142 4876 3345 4929 servire
3391 4892 3488 4929 ne-

1898 4962 2081 5026 sciam,
2134 4961 2253 5016 vide
2302 4962 2531 5032 linguam
2562 4962 2722 5017 caelos
2766 4965 3143 5033 attingentem,
3191 4964 3487 5020 libertatein

1897 5054 2168 5121 invictam,
2218 5056 2337 5109 vide
2391 5056 2620 5110 hominis
2649 5071 2861 5125 corpus,
2895 5066 2947 5109 et
2990 5056 3166 5125 angeli
3213 5068 3485 5113 mentem:

1898 5149 2015 5202 vide
2042 5148 2185 5203 humi
2216 5148 2623 5218 ingredientem,
2657 5159 2709 5202 et
2741 5149 2793 5201 in
2834 5148 2964 5203 caelo
2992 5159 3314 5208 versantem.
3346 5150 3491 5205 Vidit

1898 5258 2099 5313 regem,
2144 5258 2248 5296 non
2301 5242 2430 5295 vidit
2469 5256 2752 5310 purpuram
2792 5258 2804 5295 :
2839 5241 2973 5295 vidit
3002 5258 3203 5312 regem,
3234 5260 3330 5298 nec
3355 5243 3496 5297 vidit

1895 5334 2156 5387 diadema.
2190 5332 2265 5387 Ne
2292 5332 2417 5384 mihi
2446 5332 2643 5385 dixeris
2670 5348 2789 5387 esse
2819 5348 3063 5402 regnum,
3092 5336 3177 5388 ubi
3206 5345 3287 5389 est
3310 5335 3482 5404 legunt

1898 5424 2267 5493 transgressio.
2305 5421 2424 5475 Non
2457 5424 2568 5475 licet
2599 5424 2704 5485 tibi,
2737 5440 2847 5489 rex,
2876 5426 3077 5479 adolere
3113 5426 3376 5478 incensum
3403 5422 3480 5473 iu-

1894 5526 1970 5568 tra
1998 5526 2172 5568 sancta
2211 5525 2500 5567 sanctorum
2535 5514 2609 5583 (2.
2646 5514 2823 5568 Paral.
2866 5515 2957 5569 26.
2994 5517 3121 5583 18);
3154 5517 3491 5571 transcendis

1894 5617 2063 5676 septa,
2096 5607 2290 5673 quaeris
2324 5606 2413 5659 tibi
2458 5622 2562 5659 non
2596 5621 2847 5661 concessa
2879 5626 2890 5660 :
2926 5608 3043 5661 ideo
3074 5624 3191 5676 quae
3228 5608 3485 5676 accepisti

1896 5702 2104 5767 perdes.
2140 5696 2258 5750 Non
2289 5699 2400 5751 licet
2432 5699 2520 5751 tibi
2544 5698 2746 5751 adolere
2775 5698 3031 5751 incensum
3051 5741 3062 5761 ,
3097 5698 3183 5750 sed
3212 5702 3485 5755 sacerdoti-

1894 5797 1980 5847 bus
2008 5794 2141 5846 istud
2180 5792 2351 5845 datum
2394 5802 2480 5845 est.
2514 5790 2631 5845 Nm
2672 5801 2814 5844 luutn
2858 5800 2940 5843 est
2982 5789 3099 5857 hoc,
3144 5789 3235 5844 scd
3284 5808 3478 5847 meum.
