  <div class='ocr_page' id='page_1' title='image "/cluster/home/n/w/nwhite01/storage/ocr_20150623/56/uva.x004697988/137.png"; bbox 0 0 4144 6480; ppageno 0'>
   <div class='ocr_carea' id='block_1_1' title="bbox 582 520 2166 601">
    <p class='ocr_par' dir='ltr' id='par_1_1' title="bbox 582 520 2166 601">
     <span class='ocr_line' id='line_1_1' title="bbox 582 520 2166 601; baseline -0.018 -5"><span class='ocrx_word' id='word_1_1' title='bbox 582 540 718 598; x_wconf 77' lang='lat' dir='ltr'><strong>Nunt</strong></span> <span class='ocrx_word' id='word_1_2' title='bbox 757 544 903 592; x_wconf 90' lang='lat' dir='ltr'><strong>tuam</strong></span> <span class='ocrx_word' id='word_1_3' title='bbox 948 527 1197 601; x_wconf 84' lang='lat' dir='ltr'><strong>usurpavi</strong></span> <span class='ocrx_word' id='word_1_4' title='bbox 1245 523 1567 597; x_wconf 75' lang='lat' dir='ltr'><strong>purpuram?</strong></span> <span class='ocrx_word' id='word_1_5' title='bbox 1595 520 1675 577; x_wconf 86' lang='lat' dir='ltr'><strong>Ne</strong></span> <span class='ocrx_word' id='word_1_6' title='bbox 1719 531 1946 587; x_wconf 89' lang='lat' dir='ltr'><strong>usurpes</strong></span> <span class='ocrx_word' id='word_1_7' title='bbox 1987 528 2166 601; x_wconf 89' lang='lat' dir='ltr'><strong>meum</strong></span> 
     </span>
    </p>
   </div>
   <div class='ocr_carea' id='block_1_2' title="bbox 582 600 2171 679">
    <p class='ocr_par' dir='ltr' id='par_1_2' title="bbox 582 600 2171 679">
     <span class='ocr_line' id='line_1_2' title="bbox 582 600 2171 679; baseline -0.018 0"><span class='ocrx_word' id='word_1_8' title='bbox 582 618 959 679; x_wconf 73' lang='lat' dir='ltr'><strong>sacerdotium.</strong></span> <span class='ocrx_word' id='word_1_9' title='bbox 993 612 1114 669; x_wconf 82' lang='lat' dir='ltr'><strong>Non</strong></span> <span class='ocrx_word' id='word_1_10' title='bbox 1144 611 1257 666; x_wconf 77' lang='lat' dir='ltr'><strong>licet</strong></span> <span class='ocrx_word' id='word_1_11' title='bbox 1283 609 1370 664; x_wconf 83' lang='lat' dir='ltr'><strong>tibi</strong></span> <span class='ocrx_word' id='word_1_12' title='bbox 1398 605 1898 668; x_wconf 76' lang='lat' dir='ltr'><strong>adolereincensttm,</strong></span> <span class='ocrx_word' id='word_1_13' title='bbox 1932 600 2020 655; x_wconf 80' lang='lat' dir='ltr'><strong>sed</strong></span> <span class='ocrx_word' id='word_1_14' title='bbox 2056 607 2171 651; x_wconf 80' lang='lat' dir='ltr'><strong>tan-</strong></span> 
     </span>
    </p>
   </div>
   <div class='ocr_carea' id='block_1_3' title="bbox 584 688 2172 775">
    <p class='ocr_par' dir='ltr' id='par_1_3' title="bbox 584 688 2172 775">
     <span class='ocr_line' id='line_1_3' title="bbox 584 688 2172 775; baseline -0.017 -6"><span class='ocrx_word' id='word_1_15' title='bbox 584 726 689 771; x_wconf 74' lang='lat' dir='ltr'><strong>tum</strong></span> <span class='ocrx_word' id='word_1_16' title='bbox 717 709 1057 769; x_wconf 74' lang='lat' dir='ltr'><strong>sacerdotibus</strong></span> <span class='ocrx_word' id='word_1_17' title='bbox 1096 703 1220 775; x_wconf 76' lang='lat' dir='ltr'><strong>filiis</strong></span> <span class='ocrx_word' id='word_1_18' title='bbox 1256 702 1449 757; x_wconf 75' lang='lat' dir='ltr'><strong>Aaron.</strong></span> <span class='ocrx_word' id='word_1_19' title='bbox 1482 698 1609 755; x_wconf 88' lang='lat' dir='ltr'><strong>Post</strong></span> <span class='ocrx_word' id='word_1_20' title='bbox 1640 695 1876 751; x_wconf 82' lang='lat' dir='ltr'><strong>multum</strong></span> <span class='ocrx_word' id='word_1_21' title='bbox 1913 688 2172 761; x_wconf 88' lang='lat' dir='ltr'><strong>temporis</strong></span> 
     </span>
    </p>
   </div>
   <div class='ocr_carea' id='block_1_4' title="bbox 578 785 2171 878">
    <p class='ocr_par' dir='ltr' id='par_1_4' title="bbox 578 785 2171 878">
     <span class='ocr_line' id='line_1_4' title="bbox 578 785 2171 878; baseline -0.015 -20"><span class='ocrx_word' id='word_1_22' title='bbox 578 809 689 878; x_wconf 76' lang='lat' dir='ltr'><strong>jam</strong></span> <span class='ocrx_word' id='word_1_23' title='bbox 719 803 970 862; x_wconf 86' lang='lat' dir='ltr'><strong>defuncto</strong></span> <span class='ocrx_word' id='word_1_24' title='bbox 994 799 1208 856; x_wconf 80' lang='lat' dir='ltr'><strong>Aarone</strong></span> <span class='ocrx_word' id='word_1_25' title='bbox 1233 794 1336 851; x_wconf 89' lang='lat' dir='ltr'><strong>hoc</strong></span> <span class='ocrx_word' id='word_1_26' title='bbox 1355 790 1567 848; x_wconf 86' lang='lat' dir='ltr'><strong>accidit.</strong></span> <span class='ocrx_word' id='word_1_27' title='bbox 1596 789 1667 843; x_wconf 84' lang='lat' dir='ltr'><strong>Et</strong></span> <span class='ocrx_word' id='word_1_28' title='bbox 1688 785 2036 878; x_wconf 84' lang='lat' dir='ltr'><strong>quamobrem</strong></span> <span class='ocrx_word' id='word_1_29' title='bbox 2062 796 2171 836; x_wconf 92' lang='lat' dir='ltr'><strong>non</strong></span> 
     </span>
    </p>
   </div>
   <div class='ocr_carea' id='block_1_5' title="bbox 580 874 2171 961">
    <p class='ocr_par' dir='ltr' id='par_1_5' title="bbox 580 874 2171 961">
     <span class='ocr_line' id='line_1_5' title="bbox 580 874 2171 961; baseline -0.018 -7"><span class='ocrx_word' id='word_1_30' title='bbox 580 874 733 961; x_wconf 78' lang='lat' dir='ltr'><strong>dixit,</strong></span> <span class='ocrx_word' id='word_1_31' title='bbox 768 892 1128 953; x_wconf 72' lang='lat' dir='ltr'><strong>Sacerdotibus</strong></span> <span class='ocrx_word' id='word_1_32' title='bbox 1157 895 1391 954; x_wconf 87' lang='lat' dir='ltr'><strong>tantum,</strong></span> <span class='ocrx_word' id='word_1_33' title='bbox 1422 882 1515 944; x_wconf 86' lang='lat' dir='ltr'><strong>sed</strong></span> <span class='ocrx_word' id='word_1_34' title='bbox 1543 890 1599 938; x_wconf 88' lang='lat' dir='ltr'><strong>et</strong></span> <span class='ocrx_word' id='word_1_35' title='bbox 1638 879 1807 950; x_wconf 94' lang='lat' dir='ltr'><strong>patris</strong></span> <span class='ocrx_word' id='word_1_36' title='bbox 1842 874 2171 931; x_wconf 73' lang='lat' dir='ltr'><strong>mentionem</strong></span> 
     </span>
    </p>
   </div>
   <div class='ocr_carea' id='block_1_6' title="bbox 582 967 2170 1049">
    <p class='ocr_par' dir='ltr' id='par_1_6' title="bbox 582 967 2170 1049">
     <span class='ocr_line' id='line_1_6' title="bbox 582 967 2170 1049; baseline -0.016 -5"><span class='ocrx_word' id='word_1_37' title='bbox 582 991 750 1047; x_wconf 78' lang='lat' dir='ltr'><strong>fecit?</strong></span> <span class='ocrx_word' id='word_1_38' title='bbox 776 985 985 1043; x_wconf 78' lang='lat' dir='ltr'><strong>Accidit</strong></span> <span class='ocrx_word' id='word_1_39' title='bbox 1008 984 1063 1039; x_wconf 91' lang='lat' dir='ltr'><strong>in</strong></span> <span class='ocrx_word' id='word_1_40' title='bbox 1085 981 1176 1037; x_wconf 92' lang='lat' dir='ltr'><strong>illo</strong></span> <span class='ocrx_word' id='word_1_41' title='bbox 1200 989 1462 1049; x_wconf 88' lang='lat' dir='ltr'><strong>tempore,</strong></span> <span class='ocrx_word' id='word_1_42' title='bbox 1487 982 1545 1029; x_wconf 87' lang='lat' dir='ltr'><strong>ut</strong></span> <span class='ocrx_word' id='word_1_43' title='bbox 1565 973 1670 1027; x_wconf 91' lang='lat' dir='ltr'><strong>tale</strong></span> <span class='ocrx_word' id='word_1_44' title='bbox 1690 970 1963 1042; x_wconf 82' lang='lat' dir='ltr'><strong>quidpiam</strong></span> <span class='ocrx_word' id='word_1_45' title='bbox 1984 967 2170 1023; x_wconf 88' lang='lat' dir='ltr'><strong>ﬂeret:</strong></span> 
     </span>
    </p>
   </div>
   <div class='ocr_carea' id='block_1_7' title="bbox 584 1059 2176 1141">
    <p class='ocr_par' dir='ltr' id='par_1_7' title="bbox 584 1059 2176 1141">
     <span class='ocr_line' id='line_1_7' title="bbox 584 1059 2176 1141; baseline -0.016 -3"><span class='ocrx_word' id='word_1_46' title='bbox 584 1084 789 1139; x_wconf 83' lang='lat' dir='ltr'><strong>Datltan</strong></span> <span class='ocrx_word' id='word_1_47' title='bbox 823 1078 989 1141; x_wconf 90' lang='lat' dir='ltr'><strong>enim,</strong></span> <span class='ocrx_word' id='word_1_48' title='bbox 1018 1075 1221 1132; x_wconf 84' lang='lat' dir='ltr'><strong>Abiron</strong></span> <span class='ocrx_word' id='word_1_49' title='bbox 1248 1081 1303 1128; x_wconf 94' lang='lat' dir='ltr'><strong>et</strong></span> <span class='ocrx_word' id='word_1_50' title='bbox 1327 1069 1466 1126; x_wconf 89' lang='lat' dir='ltr'><strong>Core</strong></span> <span class='ocrx_word' id='word_1_51' title='bbox 1491 1068 1893 1122; x_wconf 82' lang='lat' dir='ltr'><strong>insnrrcxerant</strong></span> <span class='ocrx_word' id='word_1_52' title='bbox 1914 1059 2176 1116; x_wconf 88' lang='lat' dir='ltr'><strong>adversus</strong></span> 
     </span>
    </p>
   </div>
   <div class='ocr_carea' id='block_1_8' title="bbox 583 1148 2178 1239">
    <p class='ocr_par' dir='ltr' id='par_1_8' title="bbox 583 1148 2178 1239">
     <span class='ocr_line' id='line_1_8' title="bbox 583 1148 2178 1239; baseline -0.016 -10"><span class='ocrx_word' id='word_1_53' title='bbox 583 1176 806 1229; x_wconf 80' lang='lat' dir='ltr'><strong>Aaron:</strong></span> <span class='ocrx_word' id='word_1_54' title='bbox 853 1177 1037 1239; x_wconf 90' lang='lat' dir='ltr'><strong>aperta</strong></span> <span class='ocrx_word' id='word_1_55' title='bbox 1066 1172 1151 1221; x_wconf 87' lang='lat' dir='ltr'><strong>est</strong></span> <span class='ocrx_word' id='word_1_56' title='bbox 1197 1170 1361 1227; x_wconf 87' lang='lat' dir='ltr'><strong>terra,</strong></span> <span class='ocrx_word' id='word_1_57' title='bbox 1404 1171 1471 1214; x_wconf 84' lang='lat' dir='ltr'><strong>ac</strong></span> <span class='ocrx_word' id='word_1_58' title='bbox 1493 1155 1771 1213; x_wconf 88' lang='lat' dir='ltr'><strong>devoravit</strong></span> <span class='ocrx_word' id='word_1_59' title='bbox 1816 1153 1987 1216; x_wconf 86' lang='lat' dir='ltr'><strong>illos;</strong></span> <span class='ocrx_word' id='word_1_60' title='bbox 2029 1148 2178 1205; x_wconf 92' lang='lat' dir='ltr'><strong>venit</strong></span> 
     </span>
    </p>
   </div>
   <div class='ocr_carea' id='block_1_9' title="bbox 583 1240 2174 1336">
    <p class='ocr_par' dir='ltr' id='par_1_9' title="bbox 583 1240 2174 1336">
     <span class='ocr_line' id='line_1_9' title="bbox 583 1240 2174 1336; baseline -0.017 -16"><span class='ocrx_word' id='word_1_61' title='bbox 583 1264 721 1336; x_wconf 82' lang='lat' dir='ltr'><strong>ignis</strong></span> <span class='ocrx_word' id='word_1_62' title='bbox 764 1277 799 1318; x_wconf 89' lang='lat' dir='ltr'><strong>e</strong></span> <span class='ocrx_word' id='word_1_63' title='bbox 833 1261 989 1323; x_wconf 84' lang='lat' dir='ltr'><strong>caelo,</strong></span> <span class='ocrx_word' id='word_1_64' title='bbox 1025 1266 1080 1314; x_wconf 88' lang='lat' dir='ltr'><strong>et</strong></span> <span class='ocrx_word' id='word_1_65' title='bbox 1118 1254 1323 1311; x_wconf 89' lang='lat' dir='ltr'><strong>exussit</strong></span> <span class='ocrx_word' id='word_1_66' title='bbox 1350 1265 1445 1308; x_wconf 85' lang='lat' dir='ltr'><strong>eos</strong></span> <span class='ocrx_word' id='word_1_67' title='bbox 1474 1248 1664 1320; x_wconf 77' lang='lat' dir='ltr'><strong>(Nam.</strong></span> <span class='ocrx_word' id='word_1_68' title='bbox 1692 1245 1761 1302; x_wconf 85' lang='grc'><strong>16</strong></span> <span class='ocrx_word' id='word_1_69' title='bbox 1790 1255 1838 1300; x_wconf 83' lang='lat' dir='ltr'><strong>et</strong></span> <span class='ocrx_word' id='word_1_70' title='bbox 1866 1242 2015 1336; x_wconf 65' lang='lat' dir='ltr'><strong>Psat.</strong></span> 
     </span>
    </p>
   </div>
   <div class='ocr_carea' id='block_1_10' title="bbox 584 1332 2172 1423">
    <p class='ocr_par' dir='ltr' id='par_1_10' title="bbox 584 1332 2172 1423">
     <span class='ocr_line' id='line_1_10' title="bbox 584 1332 2172 1423; baseline -0.016 -12"><span class='ocrx_word' id='word_1_71' title='bbox 584 1332 671 1411; x_wconf 38' lang='lat'><strong>1&#39;1.</strong></span> <span class='ocrx_word' id='word_1_72' title='bbox 702 1352 815 1423; x_wconf 83' lang='lat' dir='ltr'><strong>l8).</strong></span> <span class='ocrx_word' id='word_1_73' title='bbox 845 1349 1042 1405; x_wconf 88' lang='lat' dir='ltr'><strong>Veiens</strong></span> <span class='ocrx_word' id='word_1_74' title='bbox 1082 1347 1242 1417; x_wconf 82' lang='lat' dir='ltr'><strong>igitur</strong></span> <span class='ocrx_word' id='word_1_75' title='bbox 1264 1358 1387 1401; x_wconf 90' lang='lat' dir='ltr'><strong>eum</strong></span> <span class='ocrx_word' id='word_1_76' title='bbox 1422 1336 1889 1396; x_wconf 80' lang='lat' dir='ltr'><strong>commonefacere</strong></span> <span class='ocrx_word' id='word_1_77' title='bbox 1914 1334 2058 1389; x_wconf 88' lang='lat' dir='ltr'><strong>illius</strong></span> <span class='ocrx_word' id='word_1_78' title='bbox 2087 1332 2172 1387; x_wconf 74' lang='lat' dir='ltr'><strong>hi-</strong></span> 
     </span>
    </p>
   </div>
   <div class='ocr_carea' id='block_1_11' title="bbox 583 1423 2175 1509">
    <p class='ocr_par' dir='ltr' id='par_1_11' title="bbox 583 1423 2175 1509">
     <span class='ocr_line' id='line_1_11' title="bbox 583 1423 2175 1509; baseline -0.015 -9"><span class='ocrx_word' id='word_1_79' title='bbox 583 1444 784 1508; x_wconf 65' lang='lat' dir='ltr'><strong>storiae,</strong></span> <span class='ocrx_word' id='word_1_80' title='bbox 825 1440 966 1509; x_wconf 87' lang='lat' dir='ltr'><strong>quod</strong></span> <span class='ocrx_word' id='word_1_81' title='bbox 995 1439 1125 1493; x_wconf 92' lang='lat' dir='ltr'><strong>olim</strong></span> <span class='ocrx_word' id='word_1_82' title='bbox 1153 1450 1366 1507; x_wconf 90' lang='lat' dir='ltr'><strong>quoque</strong></span> <span class='ocrx_word' id='word_1_83' title='bbox 1394 1430 1753 1489; x_wconf 82' lang='lat' dir='ltr'><strong>sacerdotium</strong></span> <span class='ocrx_word' id='word_1_84' title='bbox 1780 1425 2019 1498; x_wconf 73' lang='lat' dir='ltr'><strong>aggressi</strong></span> <span class='ocrx_word' id='word_1_85' title='bbox 2047 1423 2175 1489; x_wconf 90' lang='lat' dir='ltr'><strong>sint,</strong></span> 
     </span>
    </p>
   </div>
   <div class='ocr_carea' id='block_1_12' title="bbox 586 1518 2178 1594">
    <p class='ocr_par' dir='ltr' id='par_1_12' title="bbox 586 1518 2178 1594">
     <span class='ocr_line' id='line_1_12' title="bbox 586 1518 2178 1594; baseline -0.01 -7"><span class='ocrx_word' id='word_1_86' title='bbox 586 1552 769 1594; x_wconf 80' lang='lat' dir='ltr'><strong>verum</strong></span> <span class='ocrx_word' id='word_1_87' title='bbox 802 1549 905 1589; x_wconf 91' lang='lat' dir='ltr'><strong>non</strong></span> <span class='ocrx_word' id='word_1_88' title='bbox 944 1529 1304 1593; x_wconf 81' lang='lat' dir='ltr'><strong>succubuerit,</strong></span> <span class='ocrx_word' id='word_1_89' title='bbox 1335 1525 1432 1583; x_wconf 87' lang='lat' dir='ltr'><strong>sed</strong></span> <span class='ocrx_word' id='word_1_90' title='bbox 1454 1524 1642 1581; x_wconf 81' lang='lat' dir='ltr'><strong>adorta</strong></span> <span class='ocrx_word' id='word_1_91' title='bbox 1668 1532 1751 1578; x_wconf 89' lang='lat' dir='ltr'><strong>est</strong></span> <span class='ocrx_word' id='word_1_92' title='bbox 1787 1518 2094 1584; x_wconf 87' lang='lat' dir='ltr'><strong>multitudo,</strong></span> <span class='ocrx_word' id='word_1_93' title='bbox 2122 1525 2178 1572; x_wconf 91' lang='lat' dir='ltr'><strong>et</strong></span> 
     </span>
    </p>
   </div>
   <div class='ocr_carea' id='block_1_13' title="bbox 590 1614 2174 1684">
    <p class='ocr_par' dir='ltr' id='par_1_13' title="bbox 590 1614 2174 1684">
     <span class='ocr_line' id='line_1_13' title="bbox 590 1614 2174 1684; baseline -0.013 0"><span class='ocrx_word' id='word_1_94' title='bbox 590 1631 732 1684; x_wconf 90' lang='lat' dir='ltr'><strong>Deus</strong></span> <span class='ocrx_word' id='word_1_95' title='bbox 758 1628 902 1681; x_wconf 83' lang='lat' dir='ltr'><strong>illam</strong></span> <span class='ocrx_word' id='word_1_96' title='bbox 931 1624 1073 1680; x_wconf 87' lang='lat' dir='ltr'><strong>ultus</strong></span> <span class='ocrx_word' id='word_1_97' title='bbox 1096 1629 1218 1677; x_wconf 88' lang='lat' dir='ltr'><strong>est:</strong></span> <span class='ocrx_word' id='word_1_98' title='bbox 1252 1617 1376 1675; x_wconf 87' lang='lat' dir='ltr'><strong>Non</strong></span> <span class='ocrx_word' id='word_1_99' title='bbox 1400 1617 1517 1672; x_wconf 83' lang='lat' dir='ltr'><strong>licet</strong></span> <span class='ocrx_word' id='word_1_100' title='bbox 1545 1615 1634 1670; x_wconf 86' lang='lat' dir='ltr'><strong>tibi</strong></span> <span class='ocrx_word' id='word_1_101' title='bbox 1660 1614 1868 1668; x_wconf 79' lang='lat' dir='ltr'><strong>adolere</strong></span> <span class='ocrx_word' id='word_1_102' title='bbox 1889 1614 2174 1675; x_wconf 81' lang='lat' dir='ltr'><strong>incensum,</strong></span> 
     </span>
    </p>
   </div>
   <div class='ocr_carea' id='block_1_14' title="bbox 584 1701 2175 1780">
    <p class='ocr_par' dir='ltr' id='par_1_14' title="bbox 584 1701 2175 1780">
     <span class='ocr_line' id='line_1_14' title="bbox 584 1701 2175 1780; baseline -0.011 -8"><span class='ocrx_word' id='word_1_103' title='bbox 584 1719 674 1773; x_wconf 77' lang='lat' dir='ltr'><strong>sed</strong></span> <span class='ocrx_word' id='word_1_104' title='bbox 701 1718 823 1773; x_wconf 76' lang='lat' dir='ltr'><strong>solis</strong></span> <span class='ocrx_word' id='word_1_105' title='bbox 862 1712 1204 1773; x_wconf 68' lang='lat' dir='ltr'><strong>sacerdotibus</strong></span> <span class='ocrx_word' id='word_1_106' title='bbox 1250 1710 1373 1780; x_wconf 74' lang='lat' dir='ltr'><strong>filiis</strong></span> <span class='ocrx_word' id='word_1_107' title='bbox 1415 1708 1611 1763; x_wconf 79' lang='lat' dir='ltr'><strong>Aaron.</strong></span> <span class='ocrx_word' id='word_1_108' title='bbox 1640 1705 1757 1762; x_wconf 82' lang='lat' dir='ltr'><strong>Non</strong></span> <span class='ocrx_word' id='word_1_109' title='bbox 1799 1703 1953 1771; x_wconf 91' lang='lat' dir='ltr'><strong>dixit,</strong></span> <span class='ocrx_word' id='word_1_110' title='bbox 1990 1701 2175 1771; x_wconf 89' lang='lat' dir='ltr'><strong>Cogita</strong></span> 
     </span>
    </p>
   </div>
   <div class='ocr_carea' id='block_1_15' title="bbox 585 1793 2174 1881">
    <p class='ocr_par' dir='ltr' id='par_1_15' title="bbox 585 1793 2174 1881">
     <span class='ocr_line' id='line_1_15' title="bbox 585 1793 2174 1881; baseline -0.01 -18"><span class='ocrx_word' id='word_1_111' title='bbox 585 1809 713 1881; x_wconf 78' lang='lat' dir='ltr'><strong>quid</strong></span> <span class='ocrx_word' id='word_1_112' title='bbox 749 1808 891 1880; x_wconf 80' lang='lat' dir='ltr'><strong>passi</strong></span> <span class='ocrx_word' id='word_1_113' title='bbox 935 1807 1043 1865; x_wconf 89' lang='lat' dir='ltr'><strong>sint</strong></span> <span class='ocrx_word' id='word_1_114' title='bbox 1082 1803 1173 1876; x_wconf 88' lang='lat' dir='ltr'><strong>qui</strong></span> <span class='ocrx_word' id='word_1_115' title='bbox 1210 1811 1338 1858; x_wconf 91' lang='lat' dir='ltr'><strong>tunc</strong></span> <span class='ocrx_word' id='word_1_116' title='bbox 1381 1800 1471 1856; x_wconf 90' lang='lat' dir='ltr'><strong>illa</strong></span> <span class='ocrx_word' id='word_1_117' title='bbox 1502 1807 1783 1870; x_wconf 89' lang='lat' dir='ltr'><strong>patrarunt</strong></span> <span class='ocrx_word' id='word_1_118' title='bbox 1814 1813 1829 1850; x_wconf 93' lang='lat'><strong>:</strong></span> <span class='ocrx_word' id='word_1_119' title='bbox 1876 1811 1982 1851; x_wconf 91' lang='lat' dir='ltr'><strong>non</strong></span> <span class='ocrx_word' id='word_1_120' title='bbox 2013 1793 2174 1858; x_wconf 80' lang='lat' dir='ltr'><strong>dixit,</strong></span> 
     </span>
    </p>
   </div>
   <div class='ocr_carea' id='block_1_16' title="bbox 586 1883 2178 1972">
    <p class='ocr_par' dir='ltr' id='par_1_16' title="bbox 586 1883 2178 1972">
     <span class='ocr_line' id='line_1_16' title="bbox 586 1883 2178 1972; baseline -0.011 -16"><span class='ocrx_word' id='word_1_121' title='bbox 586 1901 770 1972; x_wconf 82' lang='lat' dir='ltr'><strong>Cogita</strong></span> <span class='ocrx_word' id='word_1_122' title='bbox 800 1912 893 1953; x_wconf 89' lang='lat' dir='ltr'><strong>eos</strong></span> <span class='ocrx_word' id='word_1_123' title='bbox 930 1895 1022 1967; x_wconf 88' lang='lat' dir='ltr'><strong>qui</strong></span> <span class='ocrx_word' id='word_1_124' title='bbox 1057 1894 1467 1951; x_wconf 81' lang='lat' dir='ltr'><strong>insurrexerunt</strong></span> <span class='ocrx_word' id='word_1_125' title='bbox 1504 1890 1815 1947; x_wconf 88' lang='lat' dir='ltr'><strong>combustos</strong></span> <span class='ocrx_word' id='word_1_126' title='bbox 1857 1886 2052 1952; x_wconf 86' lang='lat' dir='ltr'><strong>fuisse;</strong></span> <span class='ocrx_word' id='word_1_127' title='bbox 2082 1883 2178 1939; x_wconf 91' lang='lat' dir='ltr'><strong>sed</strong></span> 
     </span>
    </p>
   </div>
   <div class='ocr_carea' id='block_1_17' title="bbox 588 1973 2180 2054">
    <p class='ocr_par' dir='ltr' id='par_1_17' title="bbox 588 1973 2180 2054">
     <span class='ocr_line' id='line_1_17' title="bbox 588 1973 2180 2054; baseline -0.01 -9"><span class='ocrx_word' id='word_1_128' title='bbox 588 1990 864 2047; x_wconf 87' lang='lat' dir='ltr'><strong>nominato</strong></span> <span class='ocrx_word' id='word_1_129' title='bbox 914 1988 1159 2052; x_wconf 82' lang='lat' dir='ltr'><strong>Aarone,</strong></span> <span class='ocrx_word' id='word_1_130' title='bbox 1207 1998 1368 2054; x_wconf 90' lang='lat' dir='ltr'><strong>quem</strong></span> <span class='ocrx_word' id='word_1_131' title='bbox 1413 1981 1560 2037; x_wconf 89' lang='lat' dir='ltr'><strong>ultus</strong></span> <span class='ocrx_word' id='word_1_132' title='bbox 1601 1990 1686 2036; x_wconf 86' lang='lat' dir='ltr'><strong>est</strong></span> <span class='ocrx_word' id='word_1_133' title='bbox 1734 1979 1905 2045; x_wconf 86' lang='lat' dir='ltr'><strong>Deus,</strong></span> <span class='ocrx_word' id='word_1_134' title='bbox 1947 1990 2071 2031; x_wconf 91' lang='lat' dir='ltr'><strong>eum</strong></span> <span class='ocrx_word' id='word_1_135' title='bbox 2113 1973 2180 2029; x_wconf 92' lang='lat' dir='ltr'><strong>ad</strong></span> 
     </span>
    </p>
   </div>
   <div class='ocr_carea' id='block_1_18' title="bbox 589 2067 2180 2141">
    <p class='ocr_par' dir='ltr' id='par_1_18' title="bbox 589 2067 2180 2141">
     <span class='ocr_line' id='line_1_18' title="bbox 589 2067 2180 2141; baseline -0.011 -2"><span class='ocrx_word' id='word_1_136' title='bbox 589 2082 827 2139; x_wconf 61' lang='lat' dir='ltr'><strong>historiae</strong></span> <span class='ocrx_word' id='word_1_137' title='bbox 878 2077 1300 2135; x_wconf 84' lang='lat' dir='ltr'><strong>recordationem</strong></span> <span class='ocrx_word' id='word_1_138' title='bbox 1351 2074 1613 2140; x_wconf 89' lang='lat' dir='ltr'><strong>adduxit,</strong></span> <span class='ocrx_word' id='word_1_139' title='bbox 1664 2071 1746 2127; x_wconf 88' lang='lat' dir='ltr'><strong>his</strong></span> <span class='ocrx_word' id='word_1_140' title='bbox 1795 2067 2180 2141; x_wconf 83' lang='lat' dir='ltr'><strong>pmpemodum</strong></span> 
     </span>
    </p>
   </div>
   <div class='ocr_carea' id='block_1_19' title="bbox 589 2160 2183 2234">
    <p class='ocr_par' dir='ltr' id='par_1_19' title="bbox 589 2160 2183 2234">
     <span class='ocr_line' id='line_1_19' title="bbox 589 2160 2183 2234; baseline -0.009 -7"><span class='ocrx_word' id='word_1_141' title='bbox 589 2173 768 2229; x_wconf 79' lang='lat' dir='ltr'><strong>verbis</strong></span> <span class='ocrx_word' id='word_1_142' title='bbox 797 2180 954 2227; x_wconf 88' lang='lat' dir='ltr'><strong>utens</strong></span> <span class='ocrx_word' id='word_1_143' title='bbox 988 2188 1003 2226; x_wconf 92' lang='lat'><strong>:</strong></span> <span class='ocrx_word' id='word_1_144' title='bbox 1035 2167 1154 2224; x_wconf 79' lang='lat' dir='ltr'><strong>Noli</strong></span> <span class='ocrx_word' id='word_1_145' title='bbox 1182 2165 1379 2223; x_wconf 85' lang='lat' dir='ltr'><strong>audere</strong></span> <span class='ocrx_word' id='word_1_146' title='bbox 1406 2179 1525 2234; x_wconf 82' lang='lat' dir='ltr'><strong>quae</strong></span> <span class='ocrx_word' id='word_1_147' title='bbox 1552 2177 1715 2218; x_wconf 88' lang='lat' dir='ltr'><strong>ausus</strong></span> <span class='ocrx_word' id='word_1_148' title='bbox 1741 2171 1825 2218; x_wconf 90' lang='lat' dir='ltr'><strong>est</strong></span> <span class='ocrx_word' id='word_1_149' title='bbox 1855 2160 2084 2228; x_wconf 86' lang='lat' dir='ltr'><strong>Dathan,</strong></span> <span class='ocrx_word' id='word_1_150' title='bbox 2114 2172 2183 2214; x_wconf 90' lang='lat' dir='ltr'><strong>ne</strong></span> 
     </span>
    </p>
   </div>
   <div class='ocr_carea' id='block_1_20' title="bbox 592 2251 2185 2334">
    <p class='ocr_par' dir='ltr' id='par_1_20' title="bbox 592 2251 2185 2334">
     <span class='ocr_line' id='line_1_20' title="bbox 592 2251 2185 2334; baseline -0.009 -14"><span class='ocrx_word' id='word_1_151' title='bbox 592 2263 812 2334; x_wconf 87' lang='lat' dir='ltr'><strong>patiaris</strong></span> <span class='ocrx_word' id='word_1_152' title='bbox 840 2261 1048 2326; x_wconf 85' lang='lat' dir='ltr'><strong>eadem,</strong></span> <span class='ocrx_word' id='word_1_153' title='bbox 1084 2273 1205 2330; x_wconf 77' lang='lat' dir='ltr'><strong>quze</strong></span> <span class='ocrx_word' id='word_1_154' title='bbox 1231 2267 1471 2327; x_wconf 85' lang='lat' dir='ltr'><strong>tempore</strong></span> <span class='ocrx_word' id='word_1_155' title='bbox 1496 2255 1675 2311; x_wconf 83' lang='lat' dir='ltr'><strong>Aaron</strong></span> <span class='ocrx_word' id='word_1_156' title='bbox 1706 2254 2035 2311; x_wconf 86' lang='lat' dir='ltr'><strong>acciderunt.</strong></span> <span class='ocrx_word' id='word_1_157' title='bbox 2068 2251 2185 2307; x_wconf 81' lang='lat' dir='ltr'><strong>Rex</strong></span> 
     </span>
    </p>
   </div>
   <div class='ocr_carea' id='block_1_21' title="bbox 590 2347 2182 2411">
    <p class='ocr_par' dir='ltr' id='par_1_21' title="bbox 590 2347 2182 2411">
     <span class='ocr_line' id='line_1_21' title="bbox 590 2347 2182 2411; baseline -0.008 0"><span class='ocrx_word' id='word_1_158' title='bbox 590 2364 769 2410; x_wconf 82' lang='lat' dir='ltr'><strong>autem</strong></span> <span class='ocrx_word' id='word_1_159' title='bbox 795 2352 953 2410; x_wconf 84' lang='lat' dir='ltr'><strong>Ozias</strong></span> <span class='ocrx_word' id='word_1_160' title='bbox 981 2366 1089 2407; x_wconf 91' lang='lat' dir='ltr'><strong>non</strong></span> <span class='ocrx_word' id='word_1_161' title='bbox 1128 2349 1383 2406; x_wconf 84' lang='lat' dir='ltr'><strong>sustinuit</strong></span> <span class='ocrx_word' id='word_1_162' title='bbox 1418 2347 1869 2411; x_wconf 89' lang='lat' dir='ltr'><strong>admonitionem,</strong></span> <span class='ocrx_word' id='word_1_163' title='bbox 1902 2348 1998 2401; x_wconf 89' lang='lat' dir='ltr'><strong>sed</strong></span> <span class='ocrx_word' id='word_1_164' title='bbox 2027 2359 2182 2400; x_wconf 81' lang='lat' dir='ltr'><strong>arro—</strong></span> 
     </span>
    </p>
   </div>
   <div class='ocr_carea' id='block_1_22' title="bbox 590 2437 2185 2519">
    <p class='ocr_par' dir='ltr' id='par_1_22' title="bbox 590 2437 2185 2519">
     <span class='ocr_line' id='line_1_22' title="bbox 590 2437 2185 2519; baseline -0.008 -16"><span class='ocrx_word' id='word_1_165' title='bbox 590 2447 771 2519; x_wconf 88' lang='lat' dir='ltr'><strong>gantia</strong></span> <span class='ocrx_word' id='word_1_166' title='bbox 802 2445 1015 2501; x_wconf 89' lang='lat' dir='ltr'><strong>inﬂatus</strong></span> <span class='ocrx_word' id='word_1_167' title='bbox 1041 2443 1313 2513; x_wconf 87' lang='lat' dir='ltr'><strong>ingressus</strong></span> <span class='ocrx_word' id='word_1_168' title='bbox 1338 2448 1421 2495; x_wconf 87' lang='lat' dir='ltr'><strong>est</strong></span> <span class='ocrx_word' id='word_1_169' title='bbox 1445 2437 1726 2508; x_wconf 91' lang='lat' dir='ltr'><strong>templum,</strong></span> <span class='ocrx_word' id='word_1_170' title='bbox 1759 2437 1969 2506; x_wconf 89' lang='lat' dir='ltr'><strong>aperuit</strong></span> <span class='ocrx_word' id='word_1_171' title='bbox 2001 2444 2185 2490; x_wconf 84' lang='lat' dir='ltr'><strong>sancta</strong></span> 
     </span>
    </p>
   </div>
   <div class='ocr_carea' id='block_1_23' title="bbox 592 2527 2182 2601">
    <p class='ocr_par' dir='ltr' id='par_1_23' title="bbox 592 2527 2182 2601">
     <span class='ocr_line' id='line_1_23' title="bbox 592 2527 2182 2601; baseline -0.008 -6"><span class='ocrx_word' id='word_1_172' title='bbox 592 2548 921 2601; x_wconf 88' lang='lat' dir='ltr'><strong>sanctorum,</strong></span> <span class='ocrx_word' id='word_1_173' title='bbox 971 2536 1160 2590; x_wconf 91' lang='lat' dir='ltr'><strong>volens</strong></span> <span class='ocrx_word' id='word_1_174' title='bbox 1208 2531 1427 2588; x_wconf 87' lang='lat' dir='ltr'><strong>adolere</strong></span> <span class='ocrx_word' id='word_1_175' title='bbox 1469 2531 1769 2586; x_wconf 90' lang='lat' dir='ltr'><strong>incensum.</strong></span> <span class='ocrx_word' id='word_1_176' title='bbox 1821 2527 1957 2595; x_wconf 87' lang='lat' dir='ltr'><strong>Quid</strong></span> <span class='ocrx_word' id='word_1_177' title='bbox 2004 2536 2182 2583; x_wconf 86' lang='lat' dir='ltr'><strong>autem</strong></span> 
     </span>
    </p>
   </div>
   <div class='ocr_carea' id='block_1_24' title="bbox 596 2618 2183 2699">
    <p class='ocr_par' dir='ltr' id='par_1_24' title="bbox 596 2618 2183 2699">
     <span class='ocr_line' id='line_1_24' title="bbox 596 2618 2183 2699; baseline -0.01 -10"><span class='ocrx_word' id='word_1_178' title='bbox 596 2632 776 2688; x_wconf 88' lang='lat' dir='ltr'><strong>Deus?</strong></span> <span class='ocrx_word' id='word_1_179' title='bbox 806 2627 905 2685; x_wconf 90' lang='lat' dir='ltr'><strong>Ubi</strong></span> <span class='ocrx_word' id='word_1_180' title='bbox 947 2627 1107 2699; x_wconf 89' lang='lat' dir='ltr'><strong>igitur</strong></span> <span class='ocrx_word' id='word_1_181' title='bbox 1143 2624 1394 2683; x_wconf 85' lang='lat' dir='ltr'><strong>sacerdos</strong></span> <span class='ocrx_word' id='word_1_182' title='bbox 1422 2630 1760 2693; x_wconf 85' lang='lat' dir='ltr'><strong>contemptus</strong></span> <span class='ocrx_word' id='word_1_183' title='bbox 1787 2629 1894 2687; x_wconf 86' lang='lat' dir='ltr'><strong>est,</strong></span> <span class='ocrx_word' id='word_1_184' title='bbox 1924 2618 2183 2690; x_wconf 85' lang='lat' dir='ltr'><strong>dignitas-</strong></span> 
     </span>
    </p>
   </div>
   <div class='ocr_carea' id='block_1_25' title="bbox 594 2713 2185 2795">
    <p class='ocr_par' dir='ltr' id='par_1_25' title="bbox 594 2713 2185 2795">
     <span class='ocr_line' id='line_1_25' title="bbox 594 2713 2185 2795; baseline -0.006 -19"><span class='ocrx_word' id='word_1_185' title='bbox 594 2738 701 2795; x_wconf 78' lang='lat' dir='ltr'><strong>que</strong></span> <span class='ocrx_word' id='word_1_186' title='bbox 740 2719 1027 2777; x_wconf 89' lang='lat' dir='ltr'><strong>sacerdotii</strong></span> <span class='ocrx_word' id='word_1_187' title='bbox 1058 2721 1410 2784; x_wconf 87' lang='lat' dir='ltr'><strong>conculcata,</strong></span> <span class='ocrx_word' id='word_1_188' title='bbox 1442 2728 1545 2771; x_wconf 90' lang='lat' dir='ltr'><strong>nec</strong></span> <span class='ocrx_word' id='word_1_189' title='bbox 1588 2713 1878 2784; x_wconf 89' lang='lat' dir='ltr'><strong>quidquam</strong></span> <span class='ocrx_word' id='word_1_190' title='bbox 1923 2722 2185 2783; x_wconf 70' lang='lat' dir='ltr'><strong>praeterea</strong></span> 
     </span>
    </p>
   </div>
   <div class='ocr_carea' id='block_1_26' title="bbox 594 2805 2189 2883">
    <p class='ocr_par' dir='ltr' id='par_1_26' title="bbox 594 2805 2189 2883">
     <span class='ocr_line' id='line_1_26' title="bbox 594 2805 2189 2883; baseline -0.006 -17"><span class='ocrx_word' id='word_1_191' title='bbox 594 2824 802 2883; x_wconf 76' lang='lat' dir='ltr'><strong>poterat</strong></span> <span class='ocrx_word' id='word_1_192' title='bbox 830 2810 1082 2868; x_wconf 84' lang='lat' dir='ltr'><strong>sacerdos</strong></span> <span class='ocrx_word' id='word_1_193' title='bbox 1113 2826 1128 2864; x_wconf 91' lang='lat'><strong>:</strong></span> <span class='ocrx_word' id='word_1_194' title='bbox 1160 2822 1283 2864; x_wconf 92' lang='lat' dir='ltr'><strong>nam</strong></span> <span class='ocrx_word' id='word_1_195' title='bbox 1318 2805 1616 2863; x_wconf 89' lang='lat' dir='ltr'><strong>sacerdotis</strong></span> <span class='ocrx_word' id='word_1_196' title='bbox 1647 2812 1853 2860; x_wconf 90' lang='lat' dir='ltr'><strong>tantum</strong></span> <span class='ocrx_word' id='word_1_197' title='bbox 1881 2810 1967 2860; x_wconf 89' lang='lat' dir='ltr'><strong>est</strong></span> <span class='ocrx_word' id='word_1_198' title='bbox 1992 2818 2189 2873; x_wconf 88' lang='lat' dir='ltr'><strong>argue-</strong></span> 
     </span>
    </p>
   </div>
   <div class='ocr_carea' id='block_1_27' title="bbox 595 2895 2189 2971">
    <p class='ocr_par' dir='ltr' id='par_1_27' title="bbox 595 2895 2189 2971">
     <span class='ocr_line' id='line_1_27' title="bbox 595 2895 2189 2971; baseline -0.009 -11"><span class='ocrx_word' id='word_1_199' title='bbox 595 2922 673 2971; x_wconf 91' lang='lat' dir='ltr'><strong>re,</strong></span> <span class='ocrx_word' id='word_1_200' title='bbox 705 2903 1036 2971; x_wconf 89' lang='lat' dir='ltr'><strong>liberamque</strong></span> <span class='ocrx_word' id='word_1_201' title='bbox 1065 2908 1319 2969; x_wconf 66' lang='lat' dir='ltr'><strong>praestare</strong></span> <span class='ocrx_word' id='word_1_202' title='bbox 1341 2895 1782 2957; x_wconf 88' lang='lat' dir='ltr'><strong>admonitionem,</strong></span> <span class='ocrx_word' id='word_1_203' title='bbox 1816 2908 1921 2950; x_wconf 88' lang='lat' dir='ltr'><strong>non</strong></span> <span class='ocrx_word' id='word_1_204' title='bbox 1969 2906 2189 2947; x_wconf 86' lang='lat' dir='ltr'><strong>movere</strong></span> 
     </span>
    </p>
   </div>
   <div class='ocr_carea' id='block_1_28' title="bbox 596 2985 2187 3063">
    <p class='ocr_par' dir='ltr' id='par_1_28' title="bbox 596 2985 2187 3063">
     <span class='ocr_line' id='line_1_28' title="bbox 596 2985 2187 3063; baseline -0.008 -14"><span class='ocrx_word' id='word_1_205' title='bbox 596 3011 764 3060; x_wconf 78' lang='lat' dir='ltr'><strong>arma,</strong></span> <span class='ocrx_word' id='word_1_206' title='bbox 814 3009 919 3047; x_wconf 90' lang='lat' dir='ltr'><strong>non</strong></span> <span class='ocrx_word' id='word_1_207' title='bbox 953 2991 1172 3063; x_wconf 85' lang='lat' dir='ltr'><strong>clypeos</strong></span> <span class='ocrx_word' id='word_1_208' title='bbox 1211 3002 1491 3057; x_wconf 88' lang='lat' dir='ltr'><strong>usurpare,</strong></span> <span class='ocrx_word' id='word_1_209' title='bbox 1520 3002 1627 3043; x_wconf 90' lang='lat' dir='ltr'><strong>non</strong></span> <span class='ocrx_word' id='word_1_210' title='bbox 1666 2987 1879 3042; x_wconf 89' lang='lat' dir='ltr'><strong>vibrare</strong></span> <span class='ocrx_word' id='word_1_211' title='bbox 1923 2985 2187 3052; x_wconf 85' lang='lat' dir='ltr'><strong>lanceam,</strong></span> 
     </span>
    </p>
   </div>
   <div class='ocr_carea' id='block_1_29' title="bbox 599 3076 2187 3151">
    <p class='ocr_par' dir='ltr' id='par_1_29' title="bbox 599 3076 2187 3151">
     <span class='ocr_line' id='line_1_29' title="bbox 599 3076 2187 3151; baseline -0.005 -10"><span class='ocrx_word' id='word_1_212' title='bbox 599 3104 697 3143; x_wconf 89' lang='lat' dir='ltr'><strong>nec</strong></span> <span class='ocrx_word' id='word_1_213' title='bbox 722 3100 906 3140; x_wconf 91' lang='lat' dir='ltr'><strong>arcum</strong></span> <span class='ocrx_word' id='word_1_214' title='bbox 939 3081 1179 3147; x_wconf 81' lang='lat' dir='ltr'><strong>tendere,</strong></span> <span class='ocrx_word' id='word_1_215' title='bbox 1208 3095 1307 3136; x_wconf 88' lang='lat' dir='ltr'><strong>nec</strong></span> <span class='ocrx_word' id='word_1_216' title='bbox 1343 3078 1521 3151; x_wconf 84' lang='lat' dir='ltr'><strong>jacula</strong></span> <span class='ocrx_word' id='word_1_217' title='bbox 1565 3079 1804 3147; x_wconf 86' lang='lat' dir='ltr'><strong>mittere,</strong></span> <span class='ocrx_word' id='word_1_218' title='bbox 1846 3076 1941 3133; x_wconf 89' lang='lat' dir='ltr'><strong>sed</strong></span> <span class='ocrx_word' id='word_1_219' title='bbox 1983 3085 2187 3133; x_wconf 85' lang='lat' dir='ltr'><strong>tantum</strong></span> 
     </span>
    </p>
   </div>
   <div class='ocr_carea' id='block_1_30' title="bbox 598 3170 2189 3247">
    <p class='ocr_par' dir='ltr' id='par_1_30' title="bbox 598 3170 2189 3247">
     <span class='ocr_line' id='line_1_30' title="bbox 598 3170 2189 3247; baseline -0.003 -18"><span class='ocrx_word' id='word_1_220' title='bbox 598 3191 855 3247; x_wconf 89' lang='lat' dir='ltr'><strong>arguere,</strong></span> <span class='ocrx_word' id='word_1_221' title='bbox 890 3188 955 3229; x_wconf 90' lang='lat' dir='ltr'><strong>ac</strong></span> <span class='ocrx_word' id='word_1_222' title='bbox 997 3173 1164 3229; x_wconf 88' lang='lat' dir='ltr'><strong>libere</strong></span> <span class='ocrx_word' id='word_1_223' title='bbox 1205 3185 1425 3227; x_wconf 90' lang='lat' dir='ltr'><strong>monere</strong></span> <span class='ocrx_word' id='word_1_224' title='bbox 1460 3188 1475 3225; x_wconf 88' lang='lat'><strong>:</strong></span> <span class='ocrx_word' id='word_1_225' title='bbox 1511 3178 1859 3241; x_wconf 86' lang='lat' dir='ltr'><strong>posteaquam</strong></span> <span class='ocrx_word' id='word_1_226' title='bbox 1898 3170 2059 3241; x_wconf 85' lang='lat' dir='ltr'><strong>igitur</strong></span> <span class='ocrx_word' id='word_1_227' title='bbox 2099 3185 2189 3225; x_wconf 86' lang='lat' dir='ltr'><strong>ar-</strong></span> 
     </span>
    </p>
   </div>
   <div class='ocr_carea' id='block_1_31' title="bbox 597 3260 2189 3338">
    <p class='ocr_par' dir='ltr' id='par_1_31' title="bbox 597 3260 2189 3338">
     <span class='ocr_line' id='line_1_31' title="bbox 597 3260 2189 3338; baseline -0.004 -17"><span class='ocrx_word' id='word_1_228' title='bbox 597 3268 801 3338; x_wconf 88' lang='lat' dir='ltr'><strong>guisset</strong></span> <span class='ocrx_word' id='word_1_229' title='bbox 828 3262 1102 3331; x_wconf 83' lang='lat' dir='ltr'><strong>sacerdos,</strong></span> <span class='ocrx_word' id='word_1_230' title='bbox 1133 3278 1227 3319; x_wconf 90' lang='lat' dir='ltr'><strong>rex</strong></span> <span class='ocrx_word' id='word_1_231' title='bbox 1256 3271 1437 3318; x_wconf 92' lang='lat' dir='ltr'><strong>autem</strong></span> <span class='ocrx_word' id='word_1_232' title='bbox 1465 3277 1571 3317; x_wconf 91' lang='lat' dir='ltr'><strong>non</strong></span> <span class='ocrx_word' id='word_1_233' title='bbox 1601 3261 1889 3327; x_wconf 90' lang='lat' dir='ltr'><strong>cessisset,</strong></span> <span class='ocrx_word' id='word_1_234' title='bbox 1918 3260 2013 3318; x_wconf 90' lang='lat' dir='ltr'><strong>sed</strong></span> <span class='ocrx_word' id='word_1_235' title='bbox 2044 3276 2189 3316; x_wconf 88' lang='lat' dir='ltr'><strong>arma</strong></span> 
     </span>
    </p>
   </div>
   <div class='ocr_carea' id='block_1_32' title="bbox 600 3353 2189 3428">
    <p class='ocr_par' dir='ltr' id='par_1_32' title="bbox 600 3353 2189 3428">
     <span class='ocr_line' id='line_1_32' title="bbox 600 3353 2189 3428; baseline -0.003 -15"><span class='ocrx_word' id='word_1_236' title='bbox 600 3366 861 3423; x_wconf 83' lang='lat' dir='ltr'><strong>moveret,</strong></span> <span class='ocrx_word' id='word_1_237' title='bbox 891 3356 1108 3428; x_wconf 84' lang='lat' dir='ltr'><strong>clypeos</strong></span> <span class='ocrx_word' id='word_1_238' title='bbox 1127 3364 1183 3410; x_wconf 91' lang='lat' dir='ltr'><strong>et</strong></span> <span class='ocrx_word' id='word_1_239' title='bbox 1204 3353 1406 3421; x_wconf 86' lang='lat' dir='ltr'><strong>hastas,</strong></span> <span class='ocrx_word' id='word_1_240' title='bbox 1437 3367 1639 3423; x_wconf 89' lang='lat' dir='ltr'><strong>suaque</strong></span> <span class='ocrx_word' id='word_1_241' title='bbox 1666 3362 1907 3410; x_wconf 89' lang='lat' dir='ltr'><strong>uteretur</strong></span> <span class='ocrx_word' id='word_1_242' title='bbox 1932 3353 2189 3424; x_wconf 90' lang='lat' dir='ltr'><strong>potentia,</strong></span> 
     </span>
    </p>
   </div>
   <div class='ocr_carea' id='block_1_33' title="bbox 600 3441 2191 3515">
    <p class='ocr_par' dir='ltr' id='par_1_33' title="bbox 600 3441 2191 3515">
     <span class='ocr_line' id='line_1_33' title="bbox 600 3441 2191 3515; baseline -0.002 -11"><span class='ocrx_word' id='word_1_243' title='bbox 600 3448 672 3504; x_wconf 88' lang='lat' dir='ltr'><strong>ibi</strong></span> <span class='ocrx_word' id='word_1_244' title='bbox 744 3445 1019 3508; x_wconf 84' lang='lat' dir='ltr'><strong>sacerdos,</strong></span> <span class='ocrx_word' id='word_1_245' title='bbox 1071 3441 1218 3515; x_wconf 87' lang='lat' dir='ltr'><strong>Ego,</strong></span> <span class='ocrx_word' id='word_1_246' title='bbox 1270 3442 1481 3513; x_wconf 89' lang='lat' dir='ltr'><strong>inquit,</strong></span> <span class='ocrx_word' id='word_1_247' title='bbox 1533 3445 1681 3514; x_wconf 93' lang='lat' dir='ltr'><strong>quod</strong></span> <span class='ocrx_word' id='word_1_248' title='bbox 1724 3453 1845 3501; x_wconf 89' lang='lat' dir='ltr'><strong>erat</strong></span> <span class='ocrx_word' id='word_1_249' title='bbox 1890 3445 1996 3501; x_wconf 91' lang='lat' dir='ltr'><strong>mei</strong></span> <span class='ocrx_word' id='word_1_250' title='bbox 2029 3444 2191 3501; x_wconf 82' lang='lat' dir='ltr'><strong>ofﬁcii</strong></span> 
     </span>
    </p>
   </div>
   <div class='ocr_carea' id='block_1_34' title="bbox 599 3532 2192 3607">
    <p class='ocr_par' dir='ltr' id='par_1_34' title="bbox 599 3532 2192 3607">
     <span class='ocr_line' id='line_1_34' title="bbox 599 3532 2192 3607; baseline 0.003 -20"><span class='ocrx_word' id='word_1_251' title='bbox 599 3536 845 3607; x_wconf 65' lang='grc' dir='ltr'><strong>ιινωδιὶιὶ,</strong></span> <span class='ocrx_word' id='word_1_252' title='bbox 890 3533 1022 3588; x_wconf 88' lang='lat' dir='ltr'><strong>nihil</strong></span> <span class='ocrx_word' id='word_1_253' title='bbox 1050 3532 1279 3604; x_wconf 85' lang='lat' dir='ltr'><strong>amplius</strong></span> <span class='ocrx_word' id='word_1_254' title='bbox 1309 3546 1548 3602; x_wconf 90' lang='lat' dir='ltr'><strong>possum,</strong></span> <span class='ocrx_word' id='word_1_255' title='bbox 1575 3546 1829 3589; x_wconf 88' lang='lat' dir='ltr'><strong>succurre</strong></span> <span class='ocrx_word' id='word_1_256' title='bbox 1889 3533 2192 3591; x_wconf 89' lang='lat' dir='ltr'><strong>sacerdotio</strong></span> 
     </span>
    </p>
   </div>
   <div class='ocr_carea' id='block_1_35' title="bbox 600 3623 2191 3699">
    <p class='ocr_par' dir='ltr' id='par_1_35' title="bbox 600 3623 2191 3699">
     <span class='ocr_line' id='line_1_35' title="bbox 600 3623 2191 3699; baseline -0.001 -16"><span class='ocrx_word' id='word_1_257' title='bbox 600 3628 742 3699; x_wconf 86' lang='lat' dir='ltr'><strong>quod</strong></span> <span class='ocrx_word' id='word_1_258' title='bbox 790 3625 1153 3687; x_wconf 88' lang='lat' dir='ltr'><strong>conculcatur,</strong></span> <span class='ocrx_word' id='word_1_259' title='bbox 1204 3624 1346 3694; x_wconf 83' lang='lat' dir='ltr'><strong>leges</strong></span> <span class='ocrx_word' id='word_1_260' title='bbox 1376 3623 1672 3691; x_wconf 90' lang='lat' dir='ltr'><strong>violantur,</strong></span> <span class='ocrx_word' id='word_1_261' title='bbox 1720 3625 1801 3680; x_wconf 83' lang='lat' dir='ltr'><strong>fas</strong></span> <span class='ocrx_word' id='word_1_262' title='bbox 1845 3626 2191 3682; x_wconf 87' lang='lat' dir='ltr'><strong>subvertitur.</strong></span> 
     </span>
    </p>
   </div>
   <div class='ocr_carea' id='block_1_36' title="bbox 599 3712 2191 3788">
    <p class='ocr_par' dir='ltr' id='par_1_36' title="bbox 599 3712 2191 3788">
     <span class='ocr_line' id='line_1_36' title="bbox 599 3712 2191 3788; baseline 0.001 -17"><span class='ocrx_word' id='word_1_263' title='bbox 599 3718 738 3788; x_wconf 82' lang='lat' dir='ltr'><strong>Quid</strong></span> <span class='ocrx_word' id='word_1_264' title='bbox 781 3717 942 3787; x_wconf 89' lang='lat' dir='ltr'><strong>igitur</strong></span> <span class='ocrx_word' id='word_1_265' title='bbox 983 3714 1072 3769; x_wconf 91' lang='lat' dir='ltr'><strong>ille</strong></span> <span class='ocrx_word' id='word_1_266' title='bbox 1109 3712 1386 3769; x_wconf 87' lang='lat' dir='ltr'><strong>hominum</strong></span> <span class='ocrx_word' id='word_1_267' title='bbox 1413 3714 1658 3768; x_wconf 82' lang='lat' dir='ltr'><strong>amator?</strong></span> <span class='ocrx_word' id='word_1_268' title='bbox 1684 3715 1867 3770; x_wconf 82' lang='lat' dir='ltr'><strong>Virum</strong></span> <span class='ocrx_word' id='word_1_269' title='bbox 1892 3716 2149 3773; x_wconf 88' lang='lat' dir='ltr'><strong>audacem</strong></span> <span class='ocrx_word' id='word_1_270' title='bbox 2174 3718 2191 3750; x_wconf 75' lang='grc'>⁸</span> 
     </span>
    </p>
   </div>
   <div class='ocr_carea' id='block_1_37' title="bbox 604 3804 2196 3880">
    <p class='ocr_par' dir='ltr' id='par_1_37' title="bbox 604 3804 2196 3880">
     <span class='ocr_line' id='line_1_37' title="bbox 604 3804 2196 3880; baseline 0.003 -23"><span class='ocrx_word' id='word_1_271' title='bbox 604 3830 633 3859; x_wconf 72' lang='grc' dir='ltr'><strong>ιε</strong></span> <span class='ocrx_word' id='word_1_272' title='bbox 644 3808 895 3861; x_wconf 78' lang='lat' dir='ltr'><strong>icisc-itur.</strong></span> <span class='ocrx_word' id='word_1_273' title='bbox 916 3804 979 3858; x_wconf 82' lang='lat' dir='ltr'><strong>Et</strong></span> <span class='ocrx_word' id='word_1_274' title='bbox 991 3804 1227 3857; x_wconf 84' lang='lat' dir='ltr'><strong>continuo</strong></span> <span class='ocrx_word' id='word_1_275' title='bbox 1243 3804 1451 3873; x_wconf 65' lang='lat' dir='ltr'><strong>efﬂoruit</strong></span> <span class='ocrx_word' id='word_1_276' title='bbox 1462 3804 1602 3872; x_wconf 83' lang='lat' dir='ltr'><strong>lepra</strong></span> <span class='ocrx_word' id='word_1_277' title='bbox 1614 3806 1666 3857; x_wconf 90' lang='lat' dir='ltr'><strong>in</strong></span> <span class='ocrx_word' id='word_1_278' title='bbox 1680 3807 1844 3874; x_wconf 79' lang='lat' dir='ltr'><strong>fronte</strong></span> <span class='ocrx_word' id='word_1_279' title='bbox 1855 3806 1993 3861; x_wconf 86' lang='lat' dir='ltr'><strong>illius</strong></span> <span class='ocrx_word' id='word_1_280' title='bbox 2006 3807 2081 3880; x_wconf 74' lang='lat'><strong>(2.</strong></span> <span class='ocrx_word' id='word_1_281' title='bbox 2097 3807 2196 3862; x_wconf 83' lang='lat' dir='ltr'><strong>Pa-</strong></span> 
     </span>
    </p>
   </div>
   <div class='ocr_carea' id='block_1_38' title="bbox 603 3894 2192 3966">
    <p class='ocr_par' dir='ltr' id='par_1_38' title="bbox 603 3894 2192 3966">
     <span class='ocr_line' id='line_1_38' title="bbox 603 3894 2192 3966; baseline 0.003 -15"><span class='ocrx_word' id='word_1_282' title='bbox 603 3900 700 3952; x_wconf 78' lang='lat' dir='ltr'><strong>rut.</strong></span> <span class='ocrx_word' id='word_1_283' title='bbox 729 3898 817 3953; x_wconf 73' lang='lat'><strong>26.</strong></span> <span class='ocrx_word' id='word_1_284' title='bbox 846 3897 955 3964; x_wconf 88' lang='lat' dir='ltr'><strong>l9).</strong></span> <span class='ocrx_word' id='word_1_285' title='bbox 980 3894 1310 3965; x_wconf 88' lang='lat' dir='ltr'><strong>Ubicumque</strong></span> <span class='ocrx_word' id='word_1_286' title='bbox 1330 3904 1413 3951; x_wconf 88' lang='lat' dir='ltr'><strong>est</strong></span> <span class='ocrx_word' id='word_1_287' title='bbox 1432 3895 1779 3966; x_wconf 90' lang='lat' dir='ltr'><strong>impudentia,</strong></span> <span class='ocrx_word' id='word_1_288' title='bbox 1805 3898 1911 3954; x_wconf 90' lang='lat' dir='ltr'><strong>illic</strong></span> <span class='ocrx_word' id='word_1_289' title='bbox 1930 3910 2012 3955; x_wconf 87' lang='lat' dir='ltr'><strong>est</strong></span> <span class='ocrx_word' id='word_1_290' title='bbox 2039 3900 2192 3957; x_wconf 89' lang='lat' dir='ltr'><strong>ultio.</strong></span> 
     </span>
    </p>
   </div>
   <div class='ocr_carea' id='block_1_39' title="bbox 678 3987 2192 4061">
    <p class='ocr_par' dir='ltr' id='par_1_39' title="bbox 678 3987 2192 4061">
     <span class='ocr_line' id='line_1_39' title="bbox 678 3987 2192 4061; baseline 0.002 -16"><span class='ocrx_word' id='word_1_291' title='bbox 678 3990 818 4045; x_wconf 82' lang='lat' dir='ltr'><strong>Ultio</strong></span> <span class='ocrx_word' id='word_1_292' title='bbox 860 3988 957 4043; x_wconf 87' lang='lat' dir='ltr'><strong>Dei</strong></span> <span class='ocrx_word' id='word_1_293' title='bbox 999 3988 1232 4042; x_wconf 79' lang='lat' dir='ltr'><strong>clemens.</strong></span> <span class='ocrx_word' id='word_1_294' title='bbox 1266 4016 1335 4028; x_wconf 89' lang='lat'><strong>—-</strong></span> <span class='ocrx_word' id='word_1_295' title='bbox 1364 3987 1555 4043; x_wconf 82' lang='lat' dir='ltr'><strong>Vidisti</strong></span> <span class='ocrx_word' id='word_1_296' title='bbox 1597 3989 1981 4061; x_wconf 83' lang='lat' dir='ltr'><strong>benignitatem</strong></span> <span class='ocrx_word' id='word_1_297' title='bbox 2035 3993 2192 4048; x_wconf 85' lang='lat' dir='ltr'><strong>ultio-</strong></span> 
     </span>
    </p>
   </div>
   <div class='ocr_carea' id='block_1_40' title="bbox 604 4078 2198 4147">
    <p class='ocr_par' dir='ltr' id='par_1_40' title="bbox 604 4078 2198 4147">
     <span class='ocr_line' id='line_1_40' title="bbox 604 4078 2198 4147; baseline 0.003 -10"><span class='ocrx_word' id='word_1_298' title='bbox 604 4083 687 4138; x_wconf 84' lang='lat' dir='ltr'><strong>nis</strong></span> <span class='ocrx_word' id='word_1_299' title='bbox 713 4078 943 4135; x_wconf 62' lang='lat' dir='ltr'><strong>divinae?</strong></span> <span class='ocrx_word' id='word_1_300' title='bbox 982 4078 1098 4134; x_wconf 81' lang='lat' dir='ltr'><strong>Non</strong></span> <span class='ocrx_word' id='word_1_301' title='bbox 1129 4078 1325 4135; x_wconf 89' lang='lat' dir='ltr'><strong>fulmen</strong></span> <span class='ocrx_word' id='word_1_302' title='bbox 1356 4080 1554 4147; x_wconf 90' lang='lat' dir='ltr'><strong>emisit,</strong></span> <span class='ocrx_word' id='word_1_303' title='bbox 1592 4096 1696 4136; x_wconf 91' lang='lat' dir='ltr'><strong>non</strong></span> <span class='ocrx_word' id='word_1_304' title='bbox 1739 4093 1940 4139; x_wconf 89' lang='lat' dir='ltr'><strong>terram</strong></span> <span class='ocrx_word' id='word_1_305' title='bbox 1971 4099 2198 4141; x_wconf 85' lang='lat' dir='ltr'><strong>concus-</strong></span> 
     </span>
    </p>
   </div>
   <div class='ocr_carea' id='block_1_41' title="bbox 604 4171 2195 4244">
    <p class='ocr_par' dir='ltr' id='par_1_41' title="bbox 604 4171 2195 4244">
     <span class='ocr_line' id='line_1_41' title="bbox 604 4171 2195 4244; baseline 0.004 -18"><span class='ocrx_word' id='word_1_306' title='bbox 604 4176 694 4237; x_wconf 85' lang='lat' dir='ltr'><strong>sit,</strong></span> <span class='ocrx_word' id='word_1_307' title='bbox 730 4186 831 4224; x_wconf 86' lang='lat' dir='ltr'><strong>non</strong></span> <span class='ocrx_word' id='word_1_308' title='bbox 862 4172 1151 4224; x_wconf 85' lang='lat' dir='ltr'><strong>commovit</strong></span> <span class='ocrx_word' id='word_1_309' title='bbox 1174 4171 1397 4237; x_wconf 62' lang='lat' dir='ltr'><strong>caelum;</strong></span> <span class='ocrx_word' id='word_1_310' title='bbox 1422 4173 1514 4226; x_wconf 89' lang='lat' dir='ltr'><strong>sed</strong></span> <span class='ocrx_word' id='word_1_311' title='bbox 1546 4172 1780 4228; x_wconf 83' lang='lat' dir='ltr'><strong>efﬂoruit</strong></span> <span class='ocrx_word' id='word_1_312' title='bbox 1807 4176 1975 4244; x_wconf 86' lang='lat' dir='ltr'><strong>lepra,</strong></span> <span class='ocrx_word' id='word_1_313' title='bbox 2009 4192 2115 4231; x_wconf 91' lang='lat' dir='ltr'><strong>non</strong></span> <span class='ocrx_word' id='word_1_314' title='bbox 2142 4178 2195 4232; x_wconf 90' lang='lat' dir='ltr'><strong>in</strong></span> 
     </span>
    </p>
   </div>
   <div class='ocr_carea' id='block_1_42' title="bbox 606 4264 2193 4334">
    <p class='ocr_par' dir='ltr' id='par_1_42' title="bbox 606 4264 2193 4334">
     <span class='ocr_line' id='line_1_42' title="bbox 606 4264 2193 4334; baseline 0.002 -13"><span class='ocrx_word' id='word_1_315' title='bbox 606 4269 714 4321; x_wconf 86' lang='lat' dir='ltr'><strong>alio</strong></span> <span class='ocrx_word' id='word_1_316' title='bbox 746 4266 861 4320; x_wconf 82' lang='lat' dir='ltr'><strong>loco</strong></span> <span class='ocrx_word' id='word_1_317' title='bbox 889 4278 1047 4334; x_wconf 84' lang='lat' dir='ltr'><strong>quam</strong></span> <span class='ocrx_word' id='word_1_318' title='bbox 1079 4264 1133 4317; x_wconf 90' lang='lat' dir='ltr'><strong>in</strong></span> <span class='ocrx_word' id='word_1_319' title='bbox 1162 4264 1357 4329; x_wconf 77' lang='lat' dir='ltr'><strong>fronte,</strong></span> <span class='ocrx_word' id='word_1_320' title='bbox 1385 4272 1441 4317; x_wconf 87' lang='lat' dir='ltr'><strong>ut</strong></span> <span class='ocrx_word' id='word_1_321' title='bbox 1467 4265 1627 4319; x_wconf 80' lang='lat' dir='ltr'><strong>facies</strong></span> <span class='ocrx_word' id='word_1_322' title='bbox 1658 4282 1767 4334; x_wconf 74' lang='lat' dir='ltr'><strong>pm:</strong></span> <span class='ocrx_word' id='word_1_323' title='bbox 1793 4282 1851 4320; x_wconf 91' lang='lat' dir='ltr'><strong>se</strong></span> <span class='ocrx_word' id='word_1_324' title='bbox 1879 4267 2045 4324; x_wconf 84' lang='lat' dir='ltr'><strong>ferret</strong></span> <span class='ocrx_word' id='word_1_325' title='bbox 2072 4270 2193 4324; x_wconf 90' lang='lat' dir='ltr'><strong>vin-</strong></span> 
     </span>
    </p>
   </div>
   <div class='ocr_carea' id='block_1_43' title="bbox 606 4355 2198 4427">
    <p class='ocr_par' dir='ltr' id='par_1_43' title="bbox 606 4355 2198 4427">
     <span class='ocr_line' id='line_1_43' title="bbox 606 4355 2198 4427; baseline 0.002 -16"><span class='ocrx_word' id='word_1_326' title='bbox 606 4360 801 4412; x_wconf 79' lang='lat' dir='ltr'><strong>dictam</strong></span> <span class='ocrx_word' id='word_1_327' title='bbox 833 4358 875 4419; x_wconf 74' lang='lat'><strong>‘,</strong></span> <span class='ocrx_word' id='word_1_328' title='bbox 910 4364 964 4409; x_wconf 91' lang='lat' dir='ltr'><strong>ut</strong></span> <span class='ocrx_word' id='word_1_329' title='bbox 995 4362 1263 4423; x_wconf 78' lang='lat' dir='ltr'><strong>tamquam</strong></span> <span class='ocrx_word' id='word_1_330' title='bbox 1296 4355 1346 4408; x_wconf 90' lang='lat' dir='ltr'><strong>in</strong></span> <span class='ocrx_word' id='word_1_331' title='bbox 1376 4355 1530 4424; x_wconf 82' lang='lat' dir='ltr'><strong>cippo</strong></span> <span class='ocrx_word' id='word_1_332' title='bbox 1558 4355 1727 4410; x_wconf 75' lang='lat' dir='ltr'><strong>litera:</strong></span> <span class='ocrx_word' id='word_1_333' title='bbox 1756 4366 1940 4411; x_wconf 88' lang='lat' dir='ltr'><strong>essent</strong></span> <span class='ocrx_word' id='word_1_334' title='bbox 1969 4358 2198 4427; x_wconf 87' lang='lat' dir='ltr'><strong>impres-</strong></span> 
     </span>
    </p>
   </div>
   <div class='ocr_carea' id='block_1_44' title="bbox 609 4445 2201 4519">
    <p class='ocr_par' dir='ltr' id='par_1_44' title="bbox 609 4445 2201 4519">
     <span class='ocr_line' id='line_1_44' title="bbox 609 4445 2201 4519; baseline 0.001 -18"><span class='ocrx_word' id='word_1_335' title='bbox 609 4467 701 4501; x_wconf 62' lang='grc' dir='ltr'><strong>διε.</strong></span> <span class='ocrx_word' id='word_1_336' title='bbox 732 4448 847 4502; x_wconf 83' lang='grc' dir='ltr'>Νοιι</span> <span class='ocrx_word' id='word_1_337' title='bbox 889 4447 1029 4501; x_wconf 89' lang='lat' dir='ltr'><strong>enim</strong></span> <span class='ocrx_word' id='word_1_338' title='bbox 1063 4455 1277 4514; x_wconf 84' lang='lat' dir='ltr'><strong>propter</strong></span> <span class='ocrx_word' id='word_1_339' title='bbox 1306 4445 1455 4498; x_wconf 90' lang='lat' dir='ltr'><strong>illum</strong></span> <span class='ocrx_word' id='word_1_340' title='bbox 1488 4446 1681 4500; x_wconf 86' lang='lat' dir='ltr'><strong>factum</strong></span> <span class='ocrx_word' id='word_1_341' title='bbox 1716 4456 1819 4513; x_wconf 90' lang='lat' dir='ltr'><strong>est,</strong></span> <span class='ocrx_word' id='word_1_342' title='bbox 1855 4446 1951 4503; x_wconf 88' lang='lat' dir='ltr'><strong>sed</strong></span> <span class='ocrx_word' id='word_1_343' title='bbox 1983 4458 2201 4519; x_wconf 86' lang='lat' dir='ltr'><strong>propter</strong></span> 
     </span>
    </p>
   </div>
   <div class='ocr_carea' id='block_1_45' title="bbox 610 4539 2203 4612">
    <p class='ocr_par' dir='ltr' id='par_1_45' title="bbox 610 4539 2203 4612">
     <span class='ocr_line' id='line_1_45' title="bbox 610 4539 2203 4612; baseline 0.003 -18"><span class='ocrx_word' id='word_1_344' title='bbox 610 4558 704 4599; x_wconf 77' lang='lat' dir='ltr'><strong>eos</strong></span> <span class='ocrx_word' id='word_1_345' title='bbox 733 4543 821 4611; x_wconf 86' lang='lat' dir='ltr'><strong>qui</strong></span> <span class='ocrx_word' id='word_1_346' title='bbox 866 4542 916 4593; x_wconf 88' lang='lat' dir='ltr'><strong>in</strong></span> <span class='ocrx_word' id='word_1_347' title='bbox 959 4547 1231 4609; x_wconf 80' lang='lat' dir='ltr'><strong>posterum</strong></span> <span class='ocrx_word' id='word_1_348' title='bbox 1274 4548 1399 4592; x_wconf 89' lang='lat' dir='ltr'><strong>sunt</strong></span> <span class='ocrx_word' id='word_1_349' title='bbox 1443 4539 1625 4593; x_wconf 80' lang='lat' dir='ltr'><strong>futuri.</strong></span> <span class='ocrx_word' id='word_1_350' title='bbox 1654 4539 1789 4594; x_wconf 88' lang='lat' dir='ltr'><strong>Cum</strong></span> <span class='ocrx_word' id='word_1_351' title='bbox 1836 4541 1979 4596; x_wconf 88' lang='lat' dir='ltr'><strong>enim</strong></span> <span class='ocrx_word' id='word_1_352' title='bbox 2022 4554 2203 4612; x_wconf 86' lang='lat' dir='ltr'><strong>posset</strong></span> 
     </span>
    </p>
   </div>
   <div class='ocr_carea' id='block_1_46' title="bbox 614 4631 2204 4707">
    <p class='ocr_par' dir='ltr' id='par_1_46' title="bbox 614 4631 2204 4707">
     <span class='ocr_line' id='line_1_46' title="bbox 614 4631 2204 4707; baseline 0.005 -22"><span class='ocrx_word' id='word_1_353' title='bbox 614 4652 709 4707; x_wconf 88' lang='lat' dir='ltr'><strong>pro</strong></span> <span class='ocrx_word' id='word_1_354' title='bbox 732 4633 934 4688; x_wconf 87' lang='lat' dir='ltr'><strong>meritis</strong></span> <span class='ocrx_word' id='word_1_355' title='bbox 952 4646 1160 4701; x_wconf 81' lang='lat' dir='ltr'><strong>ptenam</strong></span> <span class='ocrx_word' id='word_1_356' title='bbox 1187 4631 1444 4701; x_wconf 86' lang='lat' dir='ltr'><strong>inﬂigere,</strong></span> <span class='ocrx_word' id='word_1_357' title='bbox 1468 4646 1569 4685; x_wconf 90' lang='lat' dir='ltr'><strong>non</strong></span> <span class='ocrx_word' id='word_1_358' title='bbox 1596 4632 1815 4696; x_wconf 84' lang='lat' dir='ltr'><strong>inﬂixit;</strong></span> <span class='ocrx_word' id='word_1_359' title='bbox 1840 4635 1932 4689; x_wconf 90' lang='lat' dir='ltr'><strong>sed</strong></span> <span class='ocrx_word' id='word_1_360' title='bbox 1955 4636 2007 4690; x_wconf 89' lang='lat' dir='ltr'><strong>in</strong></span> <span class='ocrx_word' id='word_1_361' title='bbox 2030 4636 2204 4693; x_wconf 84' lang='lat' dir='ltr'><strong>fronte</strong></span> 
     </span>
    </p>
   </div>
   <div class='ocr_carea' id='block_1_47' title="bbox 613 4726 2204 4799">
    <p class='ocr_par' dir='ltr' id='par_1_47' title="bbox 613 4726 2204 4799">
     <span class='ocr_line' id='line_1_47' title="bbox 613 4726 2204 4799; baseline 0.003 -16"><span class='ocrx_word' id='word_1_362' title='bbox 613 4729 759 4799; x_wconf 78' lang='lat' dir='ltr'><strong>qttasi</strong></span> <span class='ocrx_word' id='word_1_363' title='bbox 788 4727 871 4780; x_wconf 75' lang='lat' dir='ltr'><strong>lex</strong></span> <span class='ocrx_word' id='word_1_364' title='bbox 903 4727 1072 4796; x_wconf 86' lang='lat' dir='ltr'><strong>posita</strong></span> <span class='ocrx_word' id='word_1_365' title='bbox 1096 4735 1177 4780; x_wconf 89' lang='lat' dir='ltr'><strong>est</strong></span> <span class='ocrx_word' id='word_1_366' title='bbox 1204 4726 1344 4779; x_wconf 86' lang='lat' dir='ltr'><strong>velut</strong></span> <span class='ocrx_word' id='word_1_367' title='bbox 1371 4726 1421 4779; x_wconf 91' lang='lat' dir='ltr'><strong>in</strong></span> <span class='ocrx_word' id='word_1_368' title='bbox 1452 4726 1569 4781; x_wconf 90' lang='lat' dir='ltr'><strong>loco</strong></span> <span class='ocrx_word' id='word_1_369' title='bbox 1589 4726 1825 4794; x_wconf 88' lang='lat' dir='ltr'><strong>sublimi,</strong></span> <span class='ocrx_word' id='word_1_370' title='bbox 1850 4728 2072 4784; x_wconf 89' lang='lat' dir='ltr'><strong>dicens:</strong></span> <span class='ocrx_word' id='word_1_371' title='bbox 2099 4729 2204 4787; x_wconf 68' lang='grc' dir='ltr'><strong>Νο·</strong></span> 
     </span>
    </p>
   </div>
   <div class='ocr_carea' id='block_1_48' title="bbox 611 4818 2203 4890">
    <p class='ocr_par' dir='ltr' id='par_1_48' title="bbox 611 4818 2203 4890">
     <span class='ocr_line' id='line_1_48' title="bbox 611 4818 2203 4890; baseline -0.002 -11"><span class='ocrx_word' id='word_1_372' title='bbox 611 4826 705 4879; x_wconf 83' lang='lat' dir='ltr'><strong>lite</strong></span> <span class='ocrx_word' id='word_1_373' title='bbox 735 4823 908 4874; x_wconf 70' lang='lat' dir='ltr'><strong>facere</strong></span> <span class='ocrx_word' id='word_1_374' title='bbox 940 4820 1084 4881; x_wconf 84' lang='lat' dir='ltr'><strong>talia,</strong></span> <span class='ocrx_word' id='word_1_375' title='bbox 1120 4833 1185 4871; x_wconf 89' lang='lat' dir='ltr'><strong>ne</strong></span> <span class='ocrx_word' id='word_1_376' title='bbox 1214 4818 1485 4886; x_wconf 80' lang='lat' dir='ltr'><strong>patiamini</strong></span> <span class='ocrx_word' id='word_1_377' title='bbox 1510 4819 1730 4874; x_wconf 89' lang='lat' dir='ltr'><strong>similia.</strong></span> <span class='ocrx_word' id='word_1_378' title='bbox 1765 4820 1908 4875; x_wconf 85' lang='lat' dir='ltr'><strong>Exiit</strong></span> <span class='ocrx_word' id='word_1_379' title='bbox 1939 4822 2021 4877; x_wconf 84' lang='lat' dir='ltr'><strong>lex</strong></span> <span class='ocrx_word' id='word_1_380' title='bbox 2064 4823 2203 4890; x_wconf 87' lang='lat' dir='ltr'><strong>viva,</strong></span> 
     </span>
    </p>
   </div>
   <div class='ocr_carea' id='block_1_49' title="bbox 612 4909 2208 4969">
    <p class='ocr_par' dir='ltr' id='par_1_49' title="bbox 612 4909 2208 4969">
     <span class='ocr_line' id='line_1_49' title="bbox 612 4909 2208 4969; baseline 0.001 0"><span class='ocrx_word' id='word_1_381' title='bbox 612 4926 665 4969; x_wconf 88' lang='lat' dir='ltr'><strong>et</strong></span> <span class='ocrx_word' id='word_1_382' title='bbox 705 4911 853 4965; x_wconf 80' lang='lat' dir='ltr'><strong>frons</strong></span> <span class='ocrx_word' id='word_1_383' title='bbox 899 4926 1086 4965; x_wconf 87' lang='lat' dir='ltr'><strong>vocem</strong></span> <span class='ocrx_word' id='word_1_384' title='bbox 1118 4909 1283 4964; x_wconf 84' lang='lat' dir='ltr'><strong>edidit</strong></span> <span class='ocrx_word' id='word_1_385' title='bbox 1312 4910 1435 4964; x_wconf 88' lang='lat' dir='ltr'><strong>tuba</strong></span> <span class='ocrx_word' id='word_1_386' title='bbox 1476 4910 1760 4967; x_wconf 86' lang='lat' dir='ltr'><strong>clariorem</strong></span> <span class='ocrx_word' id='word_1_387' title='bbox 1792 4930 1804 4965; x_wconf 90' lang='lat'><strong>:</strong></span> <span class='ocrx_word' id='word_1_388' title='bbox 1839 4912 2009 4968; x_wconf 66' lang='lat' dir='ltr'><strong>literxe</strong></span> <span class='ocrx_word' id='word_1_389' title='bbox 2056 4926 2208 4969; x_wconf 87' lang='lat' dir='ltr'><strong>erant</strong></span> 
     </span>
    </p>
   </div>
   <div class='ocr_carea' id='block_1_50' title="bbox 613 5001 2209 5074">
    <p class='ocr_par' dir='ltr' id='par_1_50' title="bbox 613 5001 2209 5074">
     <span class='ocr_line' id='line_1_50' title="bbox 613 5001 2209 5074; baseline 0.002 -15"><span class='ocrx_word' id='word_1_390' title='bbox 613 5003 884 5072; x_wconf 73' lang='lat' dir='ltr'><strong>inscripta:</strong></span> <span class='ocrx_word' id='word_1_391' title='bbox 918 5001 1095 5066; x_wconf 81' lang='lat' dir='ltr'><strong>fronti,</strong></span> <span class='ocrx_word' id='word_1_392' title='bbox 1126 5001 1291 5055; x_wconf 66' lang='lat' dir='ltr'><strong>literae</strong></span> <span class='ocrx_word' id='word_1_393' title='bbox 1316 5017 1435 5072; x_wconf 70' lang='lat' dir='ltr'><strong>qua:</strong></span> <span class='ocrx_word' id='word_1_394' title='bbox 1460 5001 1627 5058; x_wconf 89' lang='lat' dir='ltr'><strong>deleri</strong></span> <span class='ocrx_word' id='word_1_395' title='bbox 1654 5020 1761 5059; x_wconf 91' lang='lat' dir='ltr'><strong>non</strong></span> <span class='ocrx_word' id='word_1_396' title='bbox 1790 5015 2035 5074; x_wconf 83' lang='lat' dir='ltr'><strong>poterant</strong></span> <span class='ocrx_word' id='word_1_397' title='bbox 2059 5026 2073 5062; x_wconf 90' lang='lat'>:</span> <span class='ocrx_word' id='word_1_398' title='bbox 2104 5024 2209 5062; x_wconf 88' lang='lat' dir='ltr'><strong>non</strong></span> 
     </span>
    </p>
   </div>
   <div class='ocr_carea' id='block_1_51' title="bbox 614 5094 2214 5167">
    <p class='ocr_par' dir='ltr' id='par_1_51' title="bbox 614 5094 2214 5167">
     <span class='ocr_line' id='line_1_51' title="bbox 614 5094 2214 5167; baseline 0.004 -19"><span class='ocrx_word' id='word_1_399' title='bbox 614 5097 756 5149; x_wconf 61' lang='lat' dir='ltr'><strong>enim</strong></span> <span class='ocrx_word' id='word_1_400' title='bbox 788 5104 939 5149; x_wconf 79' lang='lat' dir='ltr'><strong>erant</strong></span> <span class='ocrx_word' id='word_1_401' title='bbox 960 5102 1258 5149; x_wconf 82' lang='lat' dir='ltr'><strong>atramento</strong></span> <span class='ocrx_word' id='word_1_402' title='bbox 1286 5094 1573 5163; x_wconf 61' lang='lat' dir='ltr'><strong>inscriptae,</strong></span> <span class='ocrx_word' id='word_1_403' title='bbox 1605 5105 1659 5149; x_wconf 91' lang='lat' dir='ltr'><strong>ut</strong></span> <span class='ocrx_word' id='word_1_404' title='bbox 1687 5096 1880 5166; x_wconf 86' lang='lat' dir='ltr'><strong>aliquis</strong></span> <span class='ocrx_word' id='word_1_405' title='bbox 1908 5109 2089 5167; x_wconf 82' lang='lat' dir='ltr'><strong>posset</strong></span> <span class='ocrx_word' id='word_1_406' title='bbox 2118 5099 2214 5155; x_wconf 85' lang='lat' dir='ltr'><strong>de-</strong></span> 
     </span>
    </p>
   </div>
   <div class='ocr_carea' id='block_1_52' title="bbox 618 5184 2214 5255">
    <p class='ocr_par' dir='ltr' id='par_1_52' title="bbox 618 5184 2214 5255">
     <span class='ocr_line' id='line_1_52' title="bbox 618 5184 2214 5255; baseline 0.003 -14"><span class='ocrx_word' id='word_1_407' title='bbox 618 5191 751 5250; x_wconf 83' lang='lat' dir='ltr'><strong>lere,</strong></span> <span class='ocrx_word' id='word_1_408' title='bbox 786 5184 880 5239; x_wconf 90' lang='lat' dir='ltr'><strong>sed</strong></span> <span class='ocrx_word' id='word_1_409' title='bbox 922 5185 1179 5238; x_wconf 88' lang='lat' dir='ltr'><strong>naturalis</strong></span> <span class='ocrx_word' id='word_1_410' title='bbox 1220 5196 1333 5239; x_wconf 88' lang='lat' dir='ltr'><strong>erat</strong></span> <span class='ocrx_word' id='word_1_411' title='bbox 1362 5186 1526 5254; x_wconf 88' lang='lat' dir='ltr'><strong>lepra,</strong></span> <span class='ocrx_word' id='word_1_412' title='bbox 1555 5201 1785 5255; x_wconf 89' lang='lat' dir='ltr'><strong>eumque</strong></span> <span class='ocrx_word' id='word_1_413' title='bbox 1830 5188 2083 5245; x_wconf 88' lang='lat' dir='ltr'><strong>reddebat</strong></span> <span class='ocrx_word' id='word_1_414' title='bbox 2115 5190 2214 5245; x_wconf 86' lang='lat' dir='ltr'><strong>im-</strong></span> 
     </span>
    </p>
   </div>
   <div class='ocr_carea' id='block_1_53' title="bbox 622 5275 2213 5349">
    <p class='ocr_par' dir='ltr' id='par_1_53' title="bbox 622 5275 2213 5349">
     <span class='ocr_line' id='line_1_53' title="bbox 622 5275 2213 5349; baseline 0.003 -16"><span class='ocrx_word' id='word_1_415' title='bbox 622 5276 901 5339; x_wconf 82' lang='lat' dir='ltr'><strong>mundum,</strong></span> <span class='ocrx_word' id='word_1_416' title='bbox 934 5284 991 5330; x_wconf 89' lang='lat' dir='ltr'><strong>ut</strong></span> <span class='ocrx_word' id='word_1_417' title='bbox 1016 5275 1152 5329; x_wconf 87' lang='lat' dir='ltr'><strong>alios</strong></span> <span class='ocrx_word' id='word_1_418' title='bbox 1172 5275 1369 5330; x_wconf 83' lang='lat' dir='ltr'><strong>faceret</strong></span> <span class='ocrx_word' id='word_1_419' title='bbox 1397 5276 1645 5332; x_wconf 89' lang='lat' dir='ltr'><strong>mundos.</strong></span> <span class='ocrx_word' id='word_1_420' title='bbox 1675 5278 1742 5332; x_wconf 89' lang='lat' dir='ltr'><strong>Et</strong></span> <span class='ocrx_word' id='word_1_421' title='bbox 1766 5279 2213 5349; x_wconf 85' lang='lat' dir='ltr'><strong>quemadmodum</strong></span> 
     </span>
    </p>
   </div>
   <div class='ocr_carea' id='block_1_54' title="bbox 615 5369 2215 5439">
    <p class='ocr_par' dir='ltr' id='par_1_54' title="bbox 615 5369 2215 5439">
     <span class='ocr_line' id='line_1_54' title="bbox 615 5369 2215 5439; baseline 0.006 -21"><span class='ocrx_word' id='word_1_422' title='bbox 615 5374 735 5437; x_wconf 63' lang='lat' dir='ltr'><strong>jure</strong></span> <span class='ocrx_word' id='word_1_423' title='bbox 774 5369 1073 5430; x_wconf 83' lang='lat' dir='ltr'><strong>damnatos,</strong></span> <span class='ocrx_word' id='word_1_424' title='bbox 1123 5378 1464 5437; x_wconf 79' lang='lat' dir='ltr'><strong>posteaquam</strong></span> <span class='ocrx_word' id='word_1_425' title='bbox 1508 5369 1685 5424; x_wconf 89' lang='lat' dir='ltr'><strong>funem</strong></span> <span class='ocrx_word' id='word_1_426' title='bbox 1728 5373 2053 5439; x_wconf 87' lang='lat' dir='ltr'><strong>acceperint,</strong></span> <span class='ocrx_word' id='word_1_427' title='bbox 2084 5373 2215 5427; x_wconf 89' lang='lat' dir='ltr'><strong>edu-</strong></span> 
     </span>
    </p>
   </div>
   <div class='ocr_carea' id='block_1_55' title="bbox 620 5458 2213 5527">
    <p class='ocr_par' dir='ltr' id='par_1_55' title="bbox 620 5458 2213 5527">
     <span class='ocr_line' id='line_1_55' title="bbox 620 5458 2213 5527; baseline 0.003 -17"><span class='ocrx_word' id='word_1_428' title='bbox 620 5468 747 5510; x_wconf 76' lang='lat' dir='ltr'><strong>mnt</strong></span> <span class='ocrx_word' id='word_1_429' title='bbox 785 5458 963 5511; x_wconf 81' lang='lat' dir='ltr'><strong>funem</strong></span> <span class='ocrx_word' id='word_1_430' title='bbox 1008 5473 1100 5512; x_wconf 88' lang='lat' dir='ltr'><strong>ore</strong></span> <span class='ocrx_word' id='word_1_431' title='bbox 1134 5466 1446 5527; x_wconf 77' lang='lat' dir='ltr'><strong>gestantes:</strong></span> <span class='ocrx_word' id='word_1_432' title='bbox 1490 5458 1567 5511; x_wconf 90' lang='lat' dir='ltr'><strong>sic</strong></span> <span class='ocrx_word' id='word_1_433' title='bbox 1607 5469 1661 5513; x_wconf 89' lang='lat' dir='ltr'><strong>et</strong></span> <span class='ocrx_word' id='word_1_434' title='bbox 1704 5459 1791 5514; x_wconf 91' lang='lat' dir='ltr'><strong>hic</strong></span> <span class='ocrx_word' id='word_1_435' title='bbox 1833 5461 2213 5527; x_wconf 86' lang='lat' dir='ltr'><strong>abducebatur,</strong></span> 
     </span>
    </p>
   </div>
   <div class='ocr_carea' id='block_1_56' title="bbox 624 5549 2218 5623">
    <p class='ocr_par' dir='ltr' id='par_1_56' title="bbox 624 5549 2218 5623">
     <span class='ocr_line' id='line_1_56' title="bbox 624 5549 2218 5623; baseline 0.004 -18"><span class='ocrx_word' id='word_1_436' title='bbox 624 5567 721 5620; x_wconf 81' lang='lat' dir='ltr'><strong>pro</strong></span> <span class='ocrx_word' id='word_1_437' title='bbox 746 5554 871 5605; x_wconf 80' lang='lat' dir='ltr'><strong>tune</strong></span> <span class='ocrx_word' id='word_1_438' title='bbox 899 5550 1101 5618; x_wconf 88' lang='lat' dir='ltr'><strong>lepram</strong></span> <span class='ocrx_word' id='word_1_439' title='bbox 1134 5549 1182 5603; x_wconf 88' lang='lat' dir='ltr'><strong>in</strong></span> <span class='ocrx_word' id='word_1_440' title='bbox 1212 5552 1382 5605; x_wconf 85' lang='lat' dir='ltr'><strong>fronte</strong></span> <span class='ocrx_word' id='word_1_441' title='bbox 1420 5562 1654 5620; x_wconf 83' lang='lat' dir='ltr'><strong>gestans,</strong></span> <span class='ocrx_word' id='word_1_442' title='bbox 1688 5566 1754 5607; x_wconf 89' lang='lat' dir='ltr'><strong>eo</strong></span> <span class='ocrx_word' id='word_1_443' title='bbox 1784 5555 1924 5623; x_wconf 85' lang='lat' dir='ltr'><strong>quod</strong></span> <span class='ocrx_word' id='word_1_444' title='bbox 1969 5557 2218 5612; x_wconf 84' lang='lat' dir='ltr'><strong>sacerdo-</strong></span> 
     </span>
    </p>
   </div>
   <div class='ocr_carea' id='block_1_57' title="bbox 694 5726 2221 5839">
    <p class='ocr_par' dir='ltr' id='par_1_57' title="bbox 694 5726 2221 5839">
     <span class='ocr_line' id='line_1_57' title="bbox 694 5726 2221 5839; baseline 0.005 -63"><span class='ocrx_word' id='word_1_445' title='bbox 694 5733 722 5838; x_wconf 37' lang='grc' dir='ltr'><strong><em>’ἱ</em></strong></span> <span class='ocrx_word' id='word_1_446' title='bbox 748 5737 905 5786; x_wconf 81' lang='lat' dir='ltr'><strong>Unus,</strong></span> <span class='ocrx_word' id='word_1_447' title='bbox 944 5728 1162 5839; x_wconf 62' lang='grc' dir='ltr'><strong>ίιὶ....Ῑα.ς</strong></span> <span class='ocrx_word' id='word_1_448' title='bbox 1199 5726 1501 5779; x_wconf 66' lang='lat' dir='ltr'><strong>subvertitur.</strong></span> <span class='ocrx_word' id='word_1_449' title='bbox 1543 5737 1597 5778; x_wconf 83' lang='lat' dir='ltr'><strong>Et</strong></span> <span class='ocrx_word' id='word_1_450' title='bbox 1638 5730 1745 5780; x_wconf 74' lang='lat' dir='ltr'><strong>ride</strong></span> <span class='ocrx_word' id='word_1_451' title='bbox 1780 5732 1897 5794; x_wconf 79' lang='lat' dir='ltr'><strong>quid</strong></span> <span class='ocrx_word' id='word_1_452' title='bbox 1918 5728 2003 5796; x_wconf 78' lang='lat' dir='ltr'><strong>ﬁat</strong></span> <span class='ocrx_word' id='word_1_453' title='bbox 2027 5746 2042 5783; x_wconf 86' lang='lat'><strong>.‘</strong></span> <span class='ocrx_word' id='word_1_454' title='bbox 2070 5733 2221 5784; x_wconf 76' lang='lat' dir='ltr'><strong>virum</strong></span> 
     </span>
     <span class='ocr_line' id='line_1_58' title="bbox 696 5805 1007 5839; baseline -0.003 -1"><span class='ocrx_word' id='word_1_455' title='bbox 696 5816 703 5838; x_wconf 88' lang='lat' dir='ltr'><strong>t</strong></span> <span class='ocrx_word' id='word_1_456' title='bbox 729 5805 882 5839; x_wconf 60' lang='lat' dir='ltr'><strong>nvem.</strong></span> <span class='ocrx_word' id='word_1_457' title='bbox 911 5805 938 5838; x_wconf 75' lang='grc' dir='ltr'>υ</span> <span class='ocrx_word' id='word_1_458' title='bbox 997 5827 1007 5837; x_wconf 85' lang='grc'><strong>.</strong></span> 
     </span>
    </p>
   </div>
   <div class='ocr_carea' id='block_1_58' title="bbox 628 5805 1007 5844">
    <p class='ocr_par' dir='ltr' id='par_1_58' title="bbox 628 5805 1007 5844">
     <span class='ocr_line' id='line_1_59' title="bbox 628 5805 1007 5844; baseline -0.011 -3"><span class='ocrx_word' id='word_1_459' title='bbox 628 5805 882 5844; x_wconf 65' lang='lat' dir='ltr'><strong>amtm&#39;t’m.</strong></span> <span class='ocrx_word' id='word_1_460' title='bbox 911 5805 1007 5839; x_wconf 84' lang='lat' dir='ltr'><strong>etc.</strong></span> 
     </span>
    </p>
   </div>
   <div class='ocr_carea' id='block_1_59' title="bbox 701 5848 1790 5915">
    <p class='ocr_par' dir='ltr' id='par_1_59' title="bbox 701 5848 1790 5915">
     <span class='ocr_line' id='line_1_60' title="bbox 701 5848 1790 5915; baseline 0.005 -17"><span class='ocrx_word' id='word_1_461' title='bbox 701 5866 713 5885; x_wconf 76' lang='grc' dir='ltr'><strong>ι</strong></span> <span class='ocrx_word' id='word_1_462' title='bbox 742 5850 769 5898; x_wconf 82' lang='lat' dir='ltr'><strong>&#39;l</strong></span> <span class='ocrx_word' id='word_1_463' title='bbox 789 5864 868 5897; x_wconf 73' lang='lat' dir='ltr'><strong>tes</strong></span> <span class='ocrx_word' id='word_1_464' title='bbox 894 5861 1023 5911; x_wconf 48' lang='grc' dir='ltr'><strong>δικ»,</strong></span> <span class='ocrx_word' id='word_1_465' title='bbox 1050 5857 1096 5900; x_wconf 77' lang='lat' dir='ltr'><strong>ut</strong></span> <span class='ocrx_word' id='word_1_466' title='bbox 1121 5848 1349 5903; x_wconf 72' lang='lat' dir='ltr'><strong>sttvulicii</strong></span> <span class='ocrx_word' id='word_1_467' title='bbox 1370 5858 1601 5915; x_wconf 50' lang='lat' dir='ltr'><strong>notarunt</strong></span> <span class='ocrx_word' id='word_1_468' title='bbox 1626 5854 1790 5913; x_wconf 68' lang='lat' dir='ltr'><strong>ferret.</strong></span> 
     </span>
    </p>
   </div>
   <div class='ocr_carea' id='block_1_60' title="bbox 1327 394 3143 465">
    <p class='ocr_par' dir='ltr' id='par_1_60' title="bbox 1327 394 3143 465">
     <span class='ocr_line' id='line_1_61' title="bbox 1327 394 3143 465; baseline -0.006 0"><span class='ocrx_word' id='word_1_469' title='bbox 1327 407 1387 465; x_wconf 89' lang='lat' dir='ltr'><strong>S.</strong></span> <span class='ocrx_word' id='word_1_470' title='bbox 1416 401 1696 464; x_wconf 78' lang='lat' dir='ltr'><strong>JOANNIS</strong></span> <span class='ocrx_word' id='word_1_471' title='bbox 1732 396 2213 459; x_wconf 62' lang='lat' dir='ltr'><strong>CHRYSOSTOﬂl</strong></span> <span class='ocrx_word' id='word_1_472' title='bbox 2252 394 2569 452; x_wconf 76' lang='lat' dir='ltr'><strong>ARCHIEP.</strong></span> <span class='ocrx_word' id='word_1_473' title='bbox 2607 395 3143 455; x_wconf 75' lang='lat' dir='ltr'><strong>CONSTANTINOP.</strong></span> 
     </span>
    </p>
   </div>
   <div class='ocr_carea' id='block_1_61' title="bbox 3732 418 3847 476">
    <p class='ocr_par' dir='ltr' id='par_1_61' title="bbox 3732 418 3847 476">
     <span class='ocr_line' id='line_1_62' title="bbox 3732 418 3847 476; baseline 0.043 -5"><span class='ocrx_word' id='word_1_474' title='bbox 3732 418 3847 476; x_wconf 87' lang='lat'><strong>128</strong></span> 
     </span>
    </p>
   </div>
   <div class='ocr_carea' id='block_1_62' title="bbox 2279 511 3827 588">
    <p class='ocr_par' dir='ltr' id='par_1_62' title="bbox 2279 511 3827 588">
     <span class='ocr_line' id='line_1_63' title="bbox 2279 511 3827 588; baseline 0.006 -22"><span class='ocrx_word' id='word_1_475' title='bbox 2279 512 2411 567; x_wconf 88' lang='lat' dir='ltr'><strong>tium</strong></span> <span class='ocrx_word' id='word_1_476' title='bbox 2450 511 2717 570; x_wconf 80' lang='lat' dir='ltr'><strong>affecisset</strong></span> <span class='ocrx_word' id='word_1_477' title='bbox 2756 517 3097 573; x_wconf 82' lang='lat' dir='ltr'><strong>contumelia.</strong></span> <span class='ocrx_word' id='word_1_478' title='bbox 3129 515 3254 572; x_wconf 71' lang='lat' dir='ltr'><strong>Htec</strong></span> <span class='ocrx_word' id='word_1_479' title='bbox 3296 514 3505 588; x_wconf 90' lang='lat' dir='ltr'><strong>loquor,</strong></span> <span class='ocrx_word' id='word_1_480' title='bbox 3533 531 3642 575; x_wconf 87' lang='lat' dir='ltr'><strong>non</strong></span> <span class='ocrx_word' id='word_1_481' title='bbox 3672 515 3827 576; x_wconf 81' lang='lat' dir='ltr'><strong>luces</strong></span> 
     </span>
    </p>
   </div>
   <div class='ocr_carea' id='block_1_63' title="bbox 2274 606 3856 681">
    <p class='ocr_par' dir='ltr' id='par_1_63' title="bbox 2274 606 3856 681">
     <span class='ocr_line' id='line_1_64' title="bbox 2274 606 3856 681; baseline 0.005 -22"><span class='ocrx_word' id='word_1_482' title='bbox 2274 617 2399 659; x_wconf 89' lang='lat' dir='ltr'><strong>sens</strong></span> <span class='ocrx_word' id='word_1_483' title='bbox 2421 618 2597 673; x_wconf 88' lang='lat' dir='ltr'><strong>reges,</strong></span> <span class='ocrx_word' id='word_1_484' title='bbox 2618 606 2713 662; x_wconf 88' lang='lat' dir='ltr'><strong>sed</strong></span> <span class='ocrx_word' id='word_1_485' title='bbox 2743 622 2837 663; x_wconf 89' lang='lat' dir='ltr'><strong>eos</strong></span> <span class='ocrx_word' id='word_1_486' title='bbox 2877 610 2965 678; x_wconf 90' lang='lat' dir='ltr'><strong>qui</strong></span> <span class='ocrx_word' id='word_1_487' title='bbox 2994 608 3296 679; x_wconf 80' lang='lat' dir='ltr'><strong>arrogantia</strong></span> <span class='ocrx_word' id='word_1_488' title='bbox 3324 609 3510 681; x_wconf 87' lang='lat' dir='ltr'><strong>iraque</strong></span> <span class='ocrx_word' id='word_1_489' title='bbox 3533 620 3659 669; x_wconf 88' lang='lat' dir='ltr'><strong>sunt</strong></span> <span class='ocrx_word' id='word_1_490' title='bbox 3695 611 3856 679; x_wconf 88' lang='lat' dir='ltr'><strong>ebrii,</strong></span> 
     </span>
    </p>
   </div>
   <div class='ocr_carea' id='block_1_64' title="bbox 2275 695 3615 773">
    <p class='ocr_par' dir='ltr' id='par_1_64' title="bbox 2275 695 3615 773">
     <span class='ocr_line' id='line_1_65' title="bbox 2275 695 3615 773; baseline 0.006 -22"><span class='ocrx_word' id='word_1_491' title='bbox 2275 706 2332 751; x_wconf 93' lang='lat' dir='ltr'><strong>ut</strong></span> <span class='ocrx_word' id='word_1_492' title='bbox 2356 695 2662 769; x_wconf 88' lang='lat' dir='ltr'><strong>intelligatis</strong></span> <span class='ocrx_word' id='word_1_493' title='bbox 2689 699 3053 757; x_wconf 88' lang='lat' dir='ltr'><strong>sacerdotium</strong></span> <span class='ocrx_word' id='word_1_494' title='bbox 3082 716 3247 773; x_wconf 86' lang='lat' dir='ltr'><strong>regno</strong></span> <span class='ocrx_word' id='word_1_495' title='bbox 3274 701 3447 773; x_wconf 81' lang='lat' dir='ltr'><strong>majus</strong></span> <span class='ocrx_word' id='word_1_496' title='bbox 3470 716 3615 759; x_wconf 86' lang='lat' dir='ltr'><strong>esse.</strong></span> 
     </span>
    </p>
   </div>
   <div class='ocr_carea' id='block_1_65' title="bbox 2344 786 3863 863">
    <p class='ocr_par' dir='ltr' id='par_1_65' title="bbox 2344 786 3863 863">
     <span class='ocr_line' id='line_1_66' title="bbox 2344 786 3863 863; baseline 0.003 -21"><span class='ocrx_word' id='word_1_497' title='bbox 2344 787 2399 842; x_wconf 85' lang='lat'><strong>6.</strong></span> <span class='ocrx_word' id='word_1_498' title='bbox 2438 786 2656 857; x_wconf 88' lang='lat' dir='ltr'><strong>Semper</strong></span> <span class='ocrx_word' id='word_1_499' title='bbox 2687 789 2833 843; x_wconf 90' lang='lat' dir='ltr'><strong>enim</strong></span> <span class='ocrx_word' id='word_1_500' title='bbox 2867 789 3027 857; x_wconf 87' lang='lat' dir='ltr'><strong>Deus,</strong></span> <span class='ocrx_word' id='word_1_501' title='bbox 3072 791 3160 848; x_wconf 91' lang='lat' dir='ltr'><strong>ubi</strong></span> <span class='ocrx_word' id='word_1_502' title='bbox 3198 792 3438 862; x_wconf 84' lang='lat' dir='ltr'><strong>peccavit</strong></span> <span class='ocrx_word' id='word_1_503' title='bbox 3474 790 3675 861; x_wconf 85' lang='lat' dir='ltr'><strong>anima,</strong></span> <span class='ocrx_word' id='word_1_504' title='bbox 3705 792 3863 863; x_wconf 86' lang='lat' dir='ltr'><strong>punit</strong></span> 
     </span>
    </p>
   </div>
   <div class='ocr_carea' id='block_1_66' title="bbox 2274 879 3867 957">
    <p class='ocr_par' dir='ltr' id='par_1_66' title="bbox 2274 879 3867 957">
     <span class='ocr_line' id='line_1_67' title="bbox 2274 879 3867 957; baseline 0.006 -23"><span class='ocrx_word' id='word_1_505' title='bbox 2274 894 2492 950; x_wconf 84' lang='lat' dir='ltr'><strong>corpus.</strong></span> <span class='ocrx_word' id='word_1_506' title='bbox 2532 879 2720 937; x_wconf 86' lang='lat' dir='ltr'><strong>itidem</strong></span> <span class='ocrx_word' id='word_1_507' title='bbox 2760 882 2885 939; x_wconf 89' lang='lat' dir='ltr'><strong>fecit</strong></span> <span class='ocrx_word' id='word_1_508' title='bbox 2919 893 2972 941; x_wconf 89' lang='lat' dir='ltr'><strong>et</strong></span> <span class='ocrx_word' id='word_1_509' title='bbox 3019 885 3073 941; x_wconf 93' lang='lat' dir='ltr'><strong>in</strong></span> <span class='ocrx_word' id='word_1_510' title='bbox 3114 885 3271 943; x_wconf 89' lang='lat' dir='ltr'><strong>Cain.</strong></span> <span class='ocrx_word' id='word_1_511' title='bbox 3314 885 3506 943; x_wconf 81' lang='lat' dir='ltr'><strong>Anima</strong></span> <span class='ocrx_word' id='word_1_512' title='bbox 3546 895 3867 957; x_wconf 81' lang='lat' dir='ltr'><strong>peccaverat</strong></span> 
     </span>
    </p>
   </div>
   <div class='ocr_carea' id='block_1_67' title="bbox 2274 972 3864 1048">
    <p class='ocr_par' dir='ltr' id='par_1_67' title="bbox 2274 972 3864 1048">
     <span class='ocr_line' id='line_1_68' title="bbox 2274 972 3864 1048; baseline 0.004 -23"><span class='ocrx_word' id='word_1_513' title='bbox 2274 972 2511 1028; x_wconf 86' lang='lat' dir='ltr'><strong>admisso</strong></span> <span class='ocrx_word' id='word_1_514' title='bbox 2540 972 2847 1041; x_wconf 83' lang='lat' dir='ltr'><strong>parricidio.</strong></span> <span class='ocrx_word' id='word_1_515' title='bbox 2892 985 2947 1033; x_wconf 90' lang='lat' dir='ltr'><strong>et</strong></span> <span class='ocrx_word' id='word_1_516' title='bbox 2983 990 3179 1047; x_wconf 86' lang='lat' dir='ltr'><strong>corpus</strong></span> <span class='ocrx_word' id='word_1_517' title='bbox 3219 977 3360 1034; x_wconf 88' lang='lat' dir='ltr'><strong>illius</strong></span> <span class='ocrx_word' id='word_1_518' title='bbox 3401 976 3630 1048; x_wconf 78' lang='lat' dir='ltr'><strong>paralysi</strong></span> <span class='ocrx_word' id='word_1_519' title='bbox 3658 984 3864 1033; x_wconf 86' lang='lat' dir='ltr'><strong>tactum</strong></span> 
     </span>
    </p>
   </div>
   <div class='ocr_carea' id='block_1_68' title="bbox 2275 1065 3867 1139">
    <p class='ocr_par' dir='ltr' id='par_1_68' title="bbox 2275 1065 3867 1139">
     <span class='ocr_line' id='line_1_69' title="bbox 2275 1065 3867 1139; baseline 0.003 -19"><span class='ocrx_word' id='word_1_520' title='bbox 2275 1075 2396 1120; x_wconf 87' lang='lat' dir='ltr'><strong>est:</strong></span> <span class='ocrx_word' id='word_1_521' title='bbox 2425 1065 2586 1137; x_wconf 87' lang='lat' dir='ltr'><strong>idque</strong></span> <span class='ocrx_word' id='word_1_522' title='bbox 2622 1066 2745 1136; x_wconf 81' lang='lat' dir='ltr'><strong>jure</strong></span> <span class='ocrx_word' id='word_1_523' title='bbox 2770 1070 2991 1139; x_wconf 89' lang='lat' dir='ltr'><strong>optimo.</strong></span> <span class='ocrx_word' id='word_1_524' title='bbox 3018 1068 3413 1135; x_wconf 85' lang='lat' dir='ltr'><strong>Quamobrem?</strong></span> <span class='ocrx_word' id='word_1_525' title='bbox 3439 1066 3653 1125; x_wconf 72' lang='lat' dir='ltr'><strong>Canens</strong></span> <span class='ocrx_word' id='word_1_526' title='bbox 3671 1083 3736 1122; x_wconf 80' lang='lat' dir='ltr'><strong>ac</strong></span> <span class='ocrx_word' id='word_1_527' title='bbox 3760 1078 3867 1124; x_wconf 74' lang='lat' dir='ltr'><strong>tra-</strong></span> 
     </span>
    </p>
   </div>
   <div class='ocr_carea' id='block_1_69' title="bbox 2277 1157 3866 1230">
    <p class='ocr_par' dir='ltr' id='par_1_69' title="bbox 2277 1157 3866 1230">
     <span class='ocr_line' id='line_1_70' title="bbox 2277 1157 3866 1230; baseline 0.003 -19"><span class='ocrx_word' id='word_1_528' title='bbox 2277 1172 2416 1211; x_wconf 67' lang='lat' dir='ltr'><strong>nseas</strong></span> <span class='ocrx_word' id='word_1_529' title='bbox 2444 1158 2545 1212; x_wconf 85' lang='lat' dir='ltr'><strong>eris</strong></span> <span class='ocrx_word' id='word_1_530' title='bbox 2580 1173 2735 1230; x_wconf 74' lang='lat' dir='ltr'><strong>super</strong></span> <span class='ocrx_word' id='word_1_531' title='bbox 2764 1169 2951 1214; x_wconf 80' lang='lat' dir='ltr'><strong>terram</strong></span> <span class='ocrx_word' id='word_1_532' title='bbox 2992 1159 3142 1230; x_wconf 85' lang='lat' dir='ltr'><strong>(Gen.</strong></span> <span class='ocrx_word' id='word_1_533' title='bbox 3172 1159 3227 1215; x_wconf 76' lang='grc' dir='ltr'><strong>ι.</strong></span> <span class='ocrx_word' id='word_1_534' title='bbox 3274 1158 3390 1229; x_wconf 70' lang='grc'><strong>12).</strong></span> <span class='ocrx_word' id='word_1_535' title='bbox 3434 1157 3504 1216; x_wconf 82' lang='lat' dir='ltr'><strong>Et</strong></span> <span class='ocrx_word' id='word_1_536' title='bbox 3543 1157 3866 1215; x_wconf 80' lang='lat' dir='ltr'><strong>circumibat</strong></span> 
     </span>
    </p>
   </div>
   <div class='ocr_carea' id='block_1_70' title="bbox 2276 1245 3865 1319">
    <p class='ocr_par' dir='ltr' id='par_1_70' title="bbox 2276 1245 3865 1319">
     <span class='ocr_line' id='line_1_71' title="bbox 2276 1245 3865 1319; baseline 0.001 -17"><span class='ocrx_word' id='word_1_537' title='bbox 2276 1245 2429 1313; x_wconf 86' lang='lat' dir='ltr'><strong>Cain,</strong></span> <span class='ocrx_word' id='word_1_538' title='bbox 2455 1248 2705 1306; x_wconf 90' lang='lat' dir='ltr'><strong>omnibus</strong></span> <span class='ocrx_word' id='word_1_539' title='bbox 2732 1249 2980 1319; x_wconf 89' lang='lat' dir='ltr'><strong>loquens,</strong></span> <span class='ocrx_word' id='word_1_540' title='bbox 3020 1250 3234 1307; x_wconf 87' lang='lat' dir='ltr'><strong>silentio</strong></span> <span class='ocrx_word' id='word_1_541' title='bbox 3260 1262 3447 1306; x_wconf 89' lang='lat' dir='ltr'><strong>vocem</strong></span> <span class='ocrx_word' id='word_1_542' title='bbox 3477 1249 3663 1318; x_wconf 87' lang='lat' dir='ltr'><strong>edens,</strong></span> <span class='ocrx_word' id='word_1_543' title='bbox 3693 1249 3865 1306; x_wconf 86' lang='lat' dir='ltr'><strong>silen-</strong></span> 
     </span>
    </p>
   </div>
   <div class='ocr_carea' id='block_1_71' title="bbox 2279 1338 3864 1412">
    <p class='ocr_par' dir='ltr' id='par_1_71' title="bbox 2279 1338 3864 1412">
     <span class='ocr_line' id='line_1_72' title="bbox 2279 1338 3864 1412; baseline 0.004 -21"><span class='ocrx_word' id='word_1_544' title='bbox 2279 1338 2460 1409; x_wconf 91' lang='lat' dir='ltr'><strong>tioque</strong></span> <span class='ocrx_word' id='word_1_545' title='bbox 2497 1339 2769 1396; x_wconf 89' lang='lat' dir='ltr'><strong>erudiens.</strong></span> <span class='ocrx_word' id='word_1_546' title='bbox 2808 1340 3013 1412; x_wconf 87' lang='lat' dir='ltr'><strong>Lingua</strong></span> <span class='ocrx_word' id='word_1_547' title='bbox 3056 1341 3287 1408; x_wconf 86' lang='lat' dir='ltr'><strong>tacebat,</strong></span> <span class='ocrx_word' id='word_1_548' title='bbox 3316 1348 3373 1396; x_wconf 90' lang='lat' dir='ltr'><strong>et</strong></span> <span class='ocrx_word' id='word_1_549' title='bbox 3399 1348 3591 1396; x_wconf 67' lang='lat' dir='ltr'><strong>cattera</strong></span> <span class='ocrx_word' id='word_1_550' title='bbox 3623 1342 3864 1397; x_wconf 81' lang='lat' dir='ltr'><strong>membra</strong></span> 
     </span>
    </p>
   </div>
   <div class='ocr_carea' id='block_1_72' title="bbox 2277 1430 3867 1503">
    <p class='ocr_par' dir='ltr' id='par_1_72' title="bbox 2277 1430 3867 1503">
     <span class='ocr_line' id='line_1_73' title="bbox 2277 1430 3867 1503; baseline 0.003 -19"><span class='ocrx_word' id='word_1_551' title='bbox 2277 1430 2579 1487; x_wconf 85' lang='lat' dir='ltr'><strong>clamabant</strong></span> <span class='ocrx_word' id='word_1_552' title='bbox 2605 1448 2620 1486; x_wconf 93' lang='lat'><strong>:</strong></span> <span class='ocrx_word' id='word_1_553' title='bbox 2645 1432 2959 1503; x_wconf 88' lang='lat' dir='ltr'><strong>cunctisque</strong></span> <span class='ocrx_word' id='word_1_554' title='bbox 2986 1432 3306 1502; x_wconf 87' lang='lat' dir='ltr'><strong>exponebat,</strong></span> <span class='ocrx_word' id='word_1_555' title='bbox 3333 1447 3433 1487; x_wconf 87' lang='lat' dir='ltr'><strong>cur</strong></span> <span class='ocrx_word' id='word_1_556' title='bbox 3466 1442 3722 1503; x_wconf 86' lang='lat' dir='ltr'><strong>gemeret,</strong></span> <span class='ocrx_word' id='word_1_557' title='bbox 3762 1447 3867 1488; x_wconf 89' lang='lat' dir='ltr'><strong>cur</strong></span> 
     </span>
    </p>
   </div>
   <div class='ocr_carea' id='block_1_73' title="bbox 2280 1523 3863 1595">
    <p class='ocr_par' dir='ltr' id='par_1_73' title="bbox 2280 1523 3863 1595">
     <span class='ocr_line' id='line_1_74' title="bbox 2280 1523 3863 1595; baseline 0.003 -19"><span class='ocrx_word' id='word_1_558' title='bbox 2280 1531 2531 1579; x_wconf 88' lang='lat' dir='ltr'><strong>tremeret</strong></span> <span class='ocrx_word' id='word_1_559' title='bbox 2561 1540 2577 1578; x_wconf 88' lang='lat'><strong>:</strong></span> <span class='ocrx_word' id='word_1_560' title='bbox 2606 1523 2850 1580; x_wconf 87' lang='lat' dir='ltr'><strong>Fratrem</strong></span> <span class='ocrx_word' id='word_1_561' title='bbox 2872 1524 3065 1589; x_wconf 91' lang='lat' dir='ltr'><strong>occidi,</strong></span> <span class='ocrx_word' id='word_1_562' title='bbox 3095 1524 3433 1595; x_wconf 85' lang='lat' dir='ltr'><strong>parricidium</strong></span> <span class='ocrx_word' id='word_1_563' title='bbox 3470 1523 3679 1581; x_wconf 77' lang='lat' dir='ltr'><strong>admisi.</strong></span> <span class='ocrx_word' id='word_1_564' title='bbox 3710 1524 3863 1594; x_wconf 87' lang='lat' dir='ltr'><strong>Quod</strong></span> 
     </span>
    </p>
   </div>
   <div class='ocr_carea' id='block_1_74' title="bbox 2280 1613 3869 1685">
    <p class='ocr_par' dir='ltr' id='par_1_74' title="bbox 2280 1613 3869 1685">
     <span class='ocr_line' id='line_1_75' title="bbox 2280 1613 3869 1685; baseline 0.003 -20"><span class='ocrx_word' id='word_1_565' title='bbox 2280 1623 2465 1682; x_wconf 87' lang='lat' dir='ltr'><strong>postea</strong></span> <span class='ocrx_word' id='word_1_566' title='bbox 2489 1613 2700 1685; x_wconf 83' lang='lat' dir='ltr'><strong>Moyses</strong></span> <span class='ocrx_word' id='word_1_567' title='bbox 2725 1615 2928 1685; x_wconf 85' lang='lat' dir='ltr'><strong>scripto</strong></span> <span class='ocrx_word' id='word_1_568' title='bbox 2953 1615 3201 1677; x_wconf 83' lang='lat' dir='ltr'><strong>narravit,</strong></span> <span class='ocrx_word' id='word_1_569' title='bbox 3238 1614 3329 1669; x_wconf 90' lang='lat' dir='ltr'><strong>ille</strong></span> <span class='ocrx_word' id='word_1_570' title='bbox 3353 1616 3515 1670; x_wconf 87' lang='lat' dir='ltr'><strong>rebus</strong></span> <span class='ocrx_word' id='word_1_571' title='bbox 3540 1614 3668 1684; x_wconf 88' lang='lat' dir='ltr'><strong>ipsis</strong></span> <span class='ocrx_word' id='word_1_572' title='bbox 3692 1613 3869 1671; x_wconf 83' lang='lat' dir='ltr'><strong>omni-</strong></span> 
     </span>
    </p>
   </div>
   <div class='ocr_carea' id='block_1_75' title="bbox 2278 1702 3867 1776">
    <p class='ocr_par' dir='ltr' id='par_1_75' title="bbox 2278 1702 3867 1776">
     <span class='ocr_line' id='line_1_76' title="bbox 2278 1702 3867 1776; baseline 0.003 -19"><span class='ocrx_word' id='word_1_573' title='bbox 2278 1702 2379 1758; x_wconf 85' lang='lat' dir='ltr'><strong>bus</strong></span> <span class='ocrx_word' id='word_1_574' title='bbox 2404 1704 2629 1773; x_wconf 87' lang='lat' dir='ltr'><strong>loquens</strong></span> <span class='ocrx_word' id='word_1_575' title='bbox 2666 1705 3042 1761; x_wconf 88' lang='lat' dir='ltr'><strong>obambulabat</strong></span> <span class='ocrx_word' id='word_1_576' title='bbox 3081 1723 3097 1762; x_wconf 89' lang='lat'><strong>:</strong></span> <span class='ocrx_word' id='word_1_577' title='bbox 3145 1703 3267 1760; x_wconf 85' lang='lat' dir='ltr'><strong>Non</strong></span> <span class='ocrx_word' id='word_1_578' title='bbox 3303 1706 3499 1761; x_wconf 79' lang='lat' dir='ltr'><strong>occides</strong></span> <span class='ocrx_word' id='word_1_579' title='bbox 3532 1704 3727 1776; x_wconf 65' lang='lat' dir='ltr'><strong>(Exod.</strong></span> <span class='ocrx_word' id='word_1_580' title='bbox 3768 1705 3867 1762; x_wconf 70' lang='lat'><strong>20.</strong></span> 
     </span>
    </p>
   </div>
   <div class='ocr_carea' id='block_1_76' title="bbox 2282 1793 3866 1864">
    <p class='ocr_par' dir='ltr' id='par_1_76' title="bbox 2282 1793 3866 1864">
     <span class='ocr_line' id='line_1_77' title="bbox 2282 1793 3866 1864; baseline 0.003 -17"><span class='ocrx_word' id='word_1_581' title='bbox 2282 1794 2395 1864; x_wconf 78' lang='grc'><strong>15).</strong></span> <span class='ocrx_word' id='word_1_582' title='bbox 2423 1793 2614 1849; x_wconf 84' lang='lat' dir='ltr'><strong>Vidisti</strong></span> <span class='ocrx_word' id='word_1_583' title='bbox 2642 1810 2705 1852; x_wconf 90' lang='lat' dir='ltr'><strong>os</strong></span> <span class='ocrx_word' id='word_1_584' title='bbox 2741 1796 2926 1859; x_wconf 84' lang='lat' dir='ltr'><strong>silens,</strong></span> <span class='ocrx_word' id='word_1_585' title='bbox 2971 1804 3026 1852; x_wconf 91' lang='lat' dir='ltr'><strong>et</strong></span> <span class='ocrx_word' id='word_1_586' title='bbox 3063 1811 3175 1851; x_wconf 91' lang='lat' dir='ltr'><strong>rem</strong></span> <span class='ocrx_word' id='word_1_587' title='bbox 3220 1796 3647 1851; x_wconf 80' lang='lat' dir='ltr'><strong>vociferantem?</strong></span> <span class='ocrx_word' id='word_1_588' title='bbox 3687 1795 3866 1852; x_wconf 87' lang='lat' dir='ltr'><strong>vidisti</strong></span> 
     </span>
    </p>
   </div>
   <div class='ocr_carea' id='block_1_77' title="bbox 2280 1885 3870 1957">
    <p class='ocr_par' dir='ltr' id='par_1_77' title="bbox 2280 1885 3870 1957">
     <span class='ocr_line' id='line_1_78' title="bbox 2280 1885 3870 1957; baseline 0.001 -18"><span class='ocrx_word' id='word_1_589' title='bbox 2280 1885 2451 1955; x_wconf 77' lang='lat' dir='ltr'><strong>legem</strong></span> <span class='ocrx_word' id='word_1_590' title='bbox 2496 1886 2671 1942; x_wconf 88' lang='lat' dir='ltr'><strong>vivam</strong></span> <span class='ocrx_word' id='word_1_591' title='bbox 2712 1886 2882 1943; x_wconf 80' lang='lat' dir='ltr'><strong>ferri?</strong></span> <span class='ocrx_word' id='word_1_592' title='bbox 2923 1888 3102 1944; x_wconf 90' lang='lat' dir='ltr'><strong>vidisti</strong></span> <span class='ocrx_word' id='word_1_593' title='bbox 3145 1890 3354 1957; x_wconf 90' lang='lat' dir='ltr'><strong>cippum</strong></span> <span class='ocrx_word' id='word_1_594' title='bbox 3402 1886 3870 1945; x_wconf 72' lang='lat' dir='ltr'><strong>obambulantem?</strong></span> 
     </span>
    </p>
   </div>
   <div class='ocr_carea' id='block_1_78' title="bbox 2282 1978 3869 2051">
    <p class='ocr_par' dir='ltr' id='par_1_78' title="bbox 2282 1978 3869 2051">
     <span class='ocr_line' id='line_1_79' title="bbox 2282 1978 3869 2051; baseline 0.001 -18"><span class='ocrx_word' id='word_1_595' title='bbox 2282 1978 2462 2033; x_wconf 89' lang='lat' dir='ltr'><strong>vidisti</strong></span> <span class='ocrx_word' id='word_1_596' title='bbox 2507 1978 2795 2034; x_wconf 86' lang='lat' dir='ltr'><strong>vindictam</strong></span> <span class='ocrx_word' id='word_1_597' title='bbox 2845 1980 3077 2035; x_wconf 90' lang='lat' dir='ltr'><strong>vindicta</strong></span> <span class='ocrx_word' id='word_1_598' title='bbox 3127 1979 3278 2035; x_wconf 84' lang='lat' dir='ltr'><strong>tolli?</strong></span> <span class='ocrx_word' id='word_1_599' title='bbox 3325 1979 3501 2035; x_wconf 90' lang='lat' dir='ltr'><strong>vidisti</strong></span> <span class='ocrx_word' id='word_1_600' title='bbox 3548 1979 3869 2051; x_wconf 85' lang='lat' dir='ltr'><strong>supplicium</strong></span> 
     </span>
    </p>
   </div>
   <div class='ocr_carea' id='block_1_79' title="bbox 2281 2071 3869 2143">
    <p class='ocr_par' dir='ltr' id='par_1_79' title="bbox 2281 2071 3869 2143">
     <span class='ocr_line' id='line_1_80' title="bbox 2281 2071 3869 2143; baseline 0.002 -16"><span class='ocrx_word' id='word_1_601' title='bbox 2281 2086 2497 2128; x_wconf 88' lang='lat' dir='ltr'><strong>versum</strong></span> <span class='ocrx_word' id='word_1_602' title='bbox 2526 2071 2927 2128; x_wconf 89' lang='lat' dir='ltr'><strong>ineruditionis</strong></span> <span class='ocrx_word' id='word_1_603' title='bbox 2971 2073 3289 2128; x_wconf 84' lang='lat' dir='ltr'><strong>materiam?</strong></span> <span class='ocrx_word' id='word_1_604' title='bbox 3334 2074 3512 2130; x_wconf 91' lang='lat' dir='ltr'><strong>vidisti</strong></span> <span class='ocrx_word' id='word_1_605' title='bbox 3560 2083 3869 2143; x_wconf 86' lang='lat' dir='ltr'><strong>peccantem</strong></span> 
     </span>
    </p>
   </div>
   <div class='ocr_carea' id='block_1_80' title="bbox 2282 2162 3872 2235">
    <p class='ocr_par' dir='ltr' id='par_1_80' title="bbox 2282 2162 3872 2235">
     <span class='ocr_line' id='line_1_81' title="bbox 2282 2162 3872 2235; baseline 0.003 -19"><span class='ocrx_word' id='word_1_606' title='bbox 2282 2162 2539 2229; x_wconf 87' lang='lat' dir='ltr'><strong>animam,</strong></span> <span class='ocrx_word' id='word_1_607' title='bbox 2566 2170 2623 2219; x_wconf 90' lang='lat' dir='ltr'><strong>et</strong></span> <span class='ocrx_word' id='word_1_608' title='bbox 2641 2177 2858 2219; x_wconf 90' lang='lat' dir='ltr'><strong>carnem</strong></span> <span class='ocrx_word' id='word_1_609' title='bbox 2892 2163 3107 2221; x_wconf 85' lang='lat' dir='ltr'><strong>dantem</strong></span> <span class='ocrx_word' id='word_1_610' title='bbox 3144 2165 3370 2234; x_wconf 72' lang='lat' dir='ltr'><strong>poenas?</strong></span> <span class='ocrx_word' id='word_1_611' title='bbox 3394 2163 3557 2235; x_wconf 76' lang='lat' dir='ltr'><strong>idque</strong></span> <span class='ocrx_word' id='word_1_612' title='bbox 3581 2164 3872 2221; x_wconf 74' lang='lat' dir='ltr'><strong>admodum</strong></span> 
     </span>
    </p>
   </div>
   <div class='ocr_carea' id='block_1_81' title="bbox 2283 2255 3875 2325">
    <p class='ocr_par' dir='ltr' id='par_1_81' title="bbox 2283 2255 3875 2325">
     <span class='ocr_line' id='line_1_82' title="bbox 2283 2255 3875 2325; baseline 0.003 -16"><span class='ocrx_word' id='word_1_613' title='bbox 2283 2265 2659 2324; x_wconf 88' lang='lat' dir='ltr'><strong>congruenter.</strong></span> <span class='ocrx_word' id='word_1_614' title='bbox 2692 2255 2837 2312; x_wconf 89' lang='lat' dir='ltr'><strong>Idem</strong></span> <span class='ocrx_word' id='word_1_615' title='bbox 2866 2255 3061 2311; x_wconf 90' lang='lat' dir='ltr'><strong>accidit</strong></span> <span class='ocrx_word' id='word_1_616' title='bbox 3104 2257 3158 2311; x_wconf 91' lang='lat' dir='ltr'><strong>in</strong></span> <span class='ocrx_word' id='word_1_617' title='bbox 3185 2255 3441 2312; x_wconf 84' lang='lat' dir='ltr'><strong>Zacltaria</strong></span> <span class='ocrx_word' id='word_1_618' title='bbox 3474 2273 3491 2310; x_wconf 90' lang='lat'><strong>:</strong></span> <span class='ocrx_word' id='word_1_619' title='bbox 3530 2257 3709 2313; x_wconf 89' lang='lat' dir='ltr'><strong>anima</strong></span> <span class='ocrx_word' id='word_1_620' title='bbox 3749 2272 3875 2325; x_wconf 86' lang='lat' dir='ltr'><strong>pee-</strong></span> 
     </span>
    </p>
   </div>
   <div class='ocr_carea' id='block_1_82' title="bbox 2285 2347 3871 2421">
    <p class='ocr_par' dir='ltr' id='par_1_82' title="bbox 2285 2347 3871 2421">
     <span class='ocr_line' id='line_1_83' title="bbox 2285 2347 3871 2421; baseline 0.001 -19"><span class='ocrx_word' id='word_1_621' title='bbox 2285 2355 2455 2413; x_wconf 85' lang='lat' dir='ltr'><strong>carat,</strong></span> <span class='ocrx_word' id='word_1_622' title='bbox 2477 2356 2533 2402; x_wconf 91' lang='lat' dir='ltr'><strong>et</strong></span> <span class='ocrx_word' id='word_1_623' title='bbox 2546 2347 2725 2421; x_wconf 91' lang='lat' dir='ltr'><strong>lingua</strong></span> <span class='ocrx_word' id='word_1_624' title='bbox 2745 2349 2923 2403; x_wconf 89' lang='lat' dir='ltr'><strong>vincta</strong></span> <span class='ocrx_word' id='word_1_625' title='bbox 2945 2357 3048 2404; x_wconf 88' lang='lat' dir='ltr'><strong>est.</strong></span> <span class='ocrx_word' id='word_1_626' title='bbox 3074 2347 3206 2404; x_wconf 86' lang='lat' dir='ltr'><strong>Nam</strong></span> <span class='ocrx_word' id='word_1_627' title='bbox 3236 2360 3360 2404; x_wconf 89' lang='lat' dir='ltr'><strong>cum</strong></span> <span class='ocrx_word' id='word_1_628' title='bbox 3390 2350 3576 2405; x_wconf 89' lang='lat' dir='ltr'><strong>inutile</strong></span> <span class='ocrx_word' id='word_1_629' title='bbox 3605 2349 3871 2404; x_wconf 86' lang='lat' dir='ltr'><strong>redditum</strong></span> 
     </span>
    </p>
   </div>
   <div class='ocr_carea' id='block_1_83' title="bbox 2286 2439 3875 2512">
    <p class='ocr_par' dir='ltr' id='par_1_83' title="bbox 2286 2439 3875 2512">
     <span class='ocr_line' id='line_1_84' title="bbox 2286 2439 3875 2512; baseline 0.001 -19"><span class='ocrx_word' id='word_1_630' title='bbox 2286 2447 2429 2493; x_wconf 85' lang='lat' dir='ltr'><strong>esset</strong></span> <span class='ocrx_word' id='word_1_631' title='bbox 2456 2452 2714 2507; x_wconf 88' lang='lat' dir='ltr'><strong>organum</strong></span> <span class='ocrx_word' id='word_1_632' title='bbox 2742 2439 2954 2508; x_wconf 69' lang='lat' dir='ltr'><strong>linguae,</strong></span> <span class='ocrx_word' id='word_1_633' title='bbox 2998 2440 3087 2495; x_wconf 93' lang='lat' dir='ltr'><strong>ille</strong></span> <span class='ocrx_word' id='word_1_634' title='bbox 3114 2441 3201 2511; x_wconf 91' lang='lat' dir='ltr'><strong>qui</strong></span> <span class='ocrx_word' id='word_1_635' title='bbox 3230 2441 3413 2512; x_wconf 88' lang='lat' dir='ltr'><strong>genuit</strong></span> <span class='ocrx_word' id='word_1_636' title='bbox 3450 2456 3634 2497; x_wconf 81' lang='lat' dir='ltr'><strong>vocent</strong></span> <span class='ocrx_word' id='word_1_637' title='bbox 3665 2441 3875 2497; x_wconf 85' lang='lat' dir='ltr'><strong>Zacha-</strong></span> 
     </span>
    </p>
   </div>
   <div class='ocr_carea' id='block_1_84' title="bbox 2288 2527 3875 2604">
    <p class='ocr_par' dir='ltr' id='par_1_84' title="bbox 2288 2527 3875 2604">
     <span class='ocr_line' id='line_1_85' title="bbox 2288 2527 3875 2604; baseline 0.005 -23"><span class='ocrx_word' id='word_1_638' title='bbox 2288 2527 2396 2584; x_wconf 81' lang='lat' dir='ltr'><strong>rias</strong></span> <span class='ocrx_word' id='word_1_639' title='bbox 2425 2530 2642 2599; x_wconf 89' lang='lat' dir='ltr'><strong>punitus</strong></span> <span class='ocrx_word' id='word_1_640' title='bbox 2663 2539 2745 2585; x_wconf 85' lang='lat' dir='ltr'><strong>est</strong></span> <span class='ocrx_word' id='word_1_641' title='bbox 2773 2530 2931 2600; x_wconf 80' lang='lat' dir='ltr'><strong>(Lac.</strong></span> <span class='ocrx_word' id='word_1_642' title='bbox 2958 2531 3017 2602; x_wconf 75' lang='grc'><strong>2)</strong></span> <span class='ocrx_word' id='word_1_643' title='bbox 3050 2548 3063 2585; x_wconf 93' lang='lat'><strong>:</strong></span> <span class='ocrx_word' id='word_1_644' title='bbox 3094 2532 3173 2587; x_wconf 89' lang='lat' dir='ltr'><strong>sic</strong></span> <span class='ocrx_word' id='word_1_645' title='bbox 3199 2534 3448 2587; x_wconf 88' lang='lat' dir='ltr'><strong>nimirum</strong></span> <span class='ocrx_word' id='word_1_646' title='bbox 3468 2540 3524 2588; x_wconf 90' lang='lat' dir='ltr'><strong>et</strong></span> <span class='ocrx_word' id='word_1_647' title='bbox 3547 2532 3704 2588; x_wconf 83' lang='lat' dir='ltr'><strong>Ozias</strong></span> <span class='ocrx_word' id='word_1_648' title='bbox 3726 2534 3875 2604; x_wconf 88' lang='lat' dir='ltr'><strong>lepra</strong></span> 
     </span>
    </p>
   </div>
   <div class='ocr_carea' id='block_1_85' title="bbox 2288 2620 3879 2694">
    <p class='ocr_par' dir='ltr' id='par_1_85' title="bbox 2288 2620 3879 2694">
     <span class='ocr_line' id='line_1_86' title="bbox 2288 2620 3879 2694; baseline 0.004 -20"><span class='ocrx_word' id='word_1_649' title='bbox 2288 2620 2341 2675; x_wconf 91' lang='lat' dir='ltr'><strong>in</strong></span> <span class='ocrx_word' id='word_1_650' title='bbox 2371 2620 2548 2676; x_wconf 90' lang='lat' dir='ltr'><strong>fronte</strong></span> <span class='ocrx_word' id='word_1_651' title='bbox 2571 2632 2849 2692; x_wconf 88' lang='lat' dir='ltr'><strong>correptus</strong></span> <span class='ocrx_word' id='word_1_652' title='bbox 2884 2630 2987 2689; x_wconf 87' lang='lat' dir='ltr'><strong>est,</strong></span> <span class='ocrx_word' id='word_1_653' title='bbox 3017 2638 3137 2678; x_wconf 91' lang='lat' dir='ltr'><strong>cum</strong></span> <span class='ocrx_word' id='word_1_654' title='bbox 3158 2633 3465 2694; x_wconf 83' lang='lat' dir='ltr'><strong>peccasset,</strong></span> <span class='ocrx_word' id='word_1_655' title='bbox 3497 2635 3555 2679; x_wconf 91' lang='lat' dir='ltr'><strong>ut</strong></span> <span class='ocrx_word' id='word_1_656' title='bbox 3582 2625 3671 2680; x_wconf 90' lang='lat' dir='ltr'><strong>ille</strong></span> <span class='ocrx_word' id='word_1_657' title='bbox 3694 2626 3879 2680; x_wconf 86' lang='lat' dir='ltr'><strong>erudi-</strong></span> 
     </span>
    </p>
   </div>
   <div class='ocr_carea' id='block_1_86' title="bbox 2287 2712 3880 2787">
    <p class='ocr_par' dir='ltr' id='par_1_86' title="bbox 2287 2712 3880 2787">
     <span class='ocr_line' id='line_1_87' title="bbox 2287 2712 3880 2787; baseline 0.002 -20"><span class='ocrx_word' id='word_1_658' title='bbox 2287 2721 2453 2768; x_wconf 90' lang='lat' dir='ltr'><strong>retur.</strong></span> <span class='ocrx_word' id='word_1_659' title='bbox 2486 2712 2555 2768; x_wconf 82' lang='lat' dir='ltr'><strong>Et</strong></span> <span class='ocrx_word' id='word_1_660' title='bbox 2582 2728 2832 2785; x_wconf 87' lang='lat' dir='ltr'><strong>egressus</strong></span> <span class='ocrx_word' id='word_1_661' title='bbox 2872 2723 2956 2771; x_wconf 90' lang='lat' dir='ltr'><strong>est</strong></span> <span class='ocrx_word' id='word_1_662' title='bbox 2996 2730 3113 2783; x_wconf 88' lang='lat' dir='ltr'><strong>rex,</strong></span> <span class='ocrx_word' id='word_1_663' title='bbox 3157 2716 3404 2771; x_wconf 90' lang='lat' dir='ltr'><strong>omnibus</strong></span> <span class='ocrx_word' id='word_1_664' title='bbox 3446 2717 3748 2787; x_wconf 89' lang='lat' dir='ltr'><strong>exemplum</strong></span> <span class='ocrx_word' id='word_1_665' title='bbox 3793 2717 3880 2771; x_wconf 81' lang='lat' dir='ltr'><strong>fa-</strong></span> 
     </span>
    </p>
   </div>
   <div class='ocr_carea' id='block_1_87' title="bbox 2287 2808 3879 2878">
    <p class='ocr_par' dir='ltr' id='par_1_87' title="bbox 2287 2808 3879 2878">
     <span class='ocr_line' id='line_1_88' title="bbox 2287 2808 3879 2878; baseline 0.004 -19"><span class='ocrx_word' id='word_1_666' title='bbox 2287 2814 2426 2869; x_wconf 90' lang='lat' dir='ltr'><strong>ctus,</strong></span> <span class='ocrx_word' id='word_1_667' title='bbox 2450 2814 2835 2876; x_wconf 87' lang='lat' dir='ltr'><strong>purgatumque</strong></span> <span class='ocrx_word' id='word_1_668' title='bbox 2856 2817 2936 2863; x_wconf 86' lang='lat' dir='ltr'><strong>est</strong></span> <span class='ocrx_word' id='word_1_669' title='bbox 2966 2810 3241 2878; x_wconf 90' lang='lat' dir='ltr'><strong>templum,</strong></span> <span class='ocrx_word' id='word_1_670' title='bbox 3263 2818 3316 2865; x_wconf 92' lang='lat' dir='ltr'><strong>et</strong></span> <span class='ocrx_word' id='word_1_671' title='bbox 3336 2808 3539 2878; x_wconf 75' lang='lat' dir='ltr'><strong>eiectus</strong></span> <span class='ocrx_word' id='word_1_672' title='bbox 3558 2820 3641 2865; x_wconf 90' lang='lat' dir='ltr'><strong>est</strong></span> <span class='ocrx_word' id='word_1_673' title='bbox 3662 2809 3879 2866; x_wconf 80' lang='lat' dir='ltr'><strong>nemine</strong></span> 
     </span>
    </p>
   </div>
   <div class='ocr_carea' id='block_1_88' title="bbox 2290 2894 3877 2966">
    <p class='ocr_par' dir='ltr' id='par_1_88' title="bbox 2290 2894 3877 2966">
     <span class='ocr_line' id='line_1_89' title="bbox 2290 2894 3877 2966; baseline 0.005 -19"><span class='ocrx_word' id='word_1_674' title='bbox 2290 2894 2644 2964; x_wconf 90' lang='lat' dir='ltr'><strong>propellente,</strong></span> <span class='ocrx_word' id='word_1_675' title='bbox 2676 2909 2904 2966; x_wconf 90' lang='lat' dir='ltr'><strong>cumque</strong></span> <span class='ocrx_word' id='word_1_676' title='bbox 2929 2899 3284 2953; x_wconf 87' lang='lat' dir='ltr'><strong>sacerdotium</strong></span> <span class='ocrx_word' id='word_1_677' title='bbox 3310 2899 3411 2953; x_wconf 90' lang='lat' dir='ltr'><strong>sibi</strong></span> <span class='ocrx_word' id='word_1_678' title='bbox 3452 2898 3615 2954; x_wconf 88' lang='lat' dir='ltr'><strong>vellet</strong></span> <span class='ocrx_word' id='word_1_679' title='bbox 3639 2914 3877 2966; x_wconf 88' lang='lat' dir='ltr'><strong>sumere,</strong></span> 
     </span>
    </p>
   </div>
   <div class='ocr_carea' id='block_1_89' title="bbox 2290 2984 3881 3059">
    <p class='ocr_par' dir='ltr' id='par_1_89' title="bbox 2290 2984 3881 3059">
     <span class='ocr_line' id='line_1_90' title="bbox 2290 2984 3881 3059; baseline 0.004 -20"><span class='ocrx_word' id='word_1_680' title='bbox 2290 2994 2344 3039; x_wconf 88' lang='lat' dir='ltr'><strong>et</strong></span> <span class='ocrx_word' id='word_1_681' title='bbox 2390 2984 2493 3041; x_wconf 87' lang='lat' dir='ltr'><strong>hoc</strong></span> <span class='ocrx_word' id='word_1_682' title='bbox 2535 2984 2677 3055; x_wconf 92' lang='lat' dir='ltr'><strong>quod</strong></span> <span class='ocrx_word' id='word_1_683' title='bbox 2720 2985 2948 3041; x_wconf 88' lang='lat' dir='ltr'><strong>habebat</strong></span> <span class='ocrx_word' id='word_1_684' title='bbox 2986 2987 3233 3057; x_wconf 88' lang='lat' dir='ltr'><strong>perdidit.</strong></span> <span class='ocrx_word' id='word_1_685' title='bbox 3278 2987 3345 3043; x_wconf 82' lang='lat' dir='ltr'><strong>Et</strong></span> <span class='ocrx_word' id='word_1_686' title='bbox 3381 2988 3544 3044; x_wconf 84' lang='lat' dir='ltr'><strong>exivit</strong></span> <span class='ocrx_word' id='word_1_687' title='bbox 3581 3003 3613 3044; x_wconf 92' lang='lat' dir='ltr'><strong>e</strong></span> <span class='ocrx_word' id='word_1_688' title='bbox 3652 2990 3881 3059; x_wconf 88' lang='lat' dir='ltr'><strong>templo.</strong></span> 
     </span>
    </p>
   </div>
   <div class='ocr_carea' id='block_1_90' title="bbox 2292 3073 3880 3148">
    <p class='ocr_par' dir='ltr' id='par_1_90' title="bbox 2292 3073 3880 3148">
     <span class='ocr_line' id='line_1_91' title="bbox 2292 3073 3880 3148; baseline 0.003 -19"><span class='ocrx_word' id='word_1_689' title='bbox 2292 3073 2457 3130; x_wconf 77' lang='lat' dir='ltr'><strong>Vetus</strong></span> <span class='ocrx_word' id='word_1_690' title='bbox 2484 3084 2602 3131; x_wconf 89' lang='lat' dir='ltr'><strong>erat</strong></span> <span class='ocrx_word' id='word_1_691' title='bbox 2628 3090 2746 3130; x_wconf 91' lang='lat' dir='ltr'><strong>mos</strong></span> <span class='ocrx_word' id='word_1_692' title='bbox 2771 3090 2984 3132; x_wconf 87' lang='lat' dir='ltr'><strong>omnem</strong></span> <span class='ocrx_word' id='word_1_693' title='bbox 3023 3076 3292 3147; x_wconf 89' lang='lat' dir='ltr'><strong>leprosum</strong></span> <span class='ocrx_word' id='word_1_694' title='bbox 3336 3092 3368 3133; x_wconf 90' lang='lat' dir='ltr'><strong>e</strong></span> <span class='ocrx_word' id='word_1_695' title='bbox 3405 3078 3617 3133; x_wconf 85' lang='lat' dir='ltr'><strong>civitate</strong></span> <span class='ocrx_word' id='word_1_696' title='bbox 3645 3079 3880 3148; x_wconf 76' lang='lat' dir='ltr'><strong>ejicere;</strong></span> 
     </span>
    </p>
   </div>
   <div class='ocr_carea' id='block_1_91' title="bbox 2292 3168 3882 3226">
    <p class='ocr_par' dir='ltr' id='par_1_91' title="bbox 2292 3168 3882 3226">
     <span class='ocr_line' id='line_1_92' title="bbox 2292 3168 3882 3226; baseline 0.001 -2"><span class='ocrx_word' id='word_1_697' title='bbox 2292 3184 2433 3225; x_wconf 88' lang='lat' dir='ltr'><strong>nunc</strong></span> <span class='ocrx_word' id='word_1_698' title='bbox 2451 3182 2581 3224; x_wconf 88' lang='lat' dir='ltr'><strong>vero</strong></span> <span class='ocrx_word' id='word_1_699' title='bbox 2608 3183 2715 3224; x_wconf 93' lang='lat' dir='ltr'><strong>non</strong></span> <span class='ocrx_word' id='word_1_700' title='bbox 2746 3168 2885 3223; x_wconf 90' lang='lat' dir='ltr'><strong>idem</strong></span> <span class='ocrx_word' id='word_1_701' title='bbox 2916 3168 2993 3223; x_wconf 82' lang='lat' dir='ltr'><strong>ﬁt.</strong></span> <span class='ocrx_word' id='word_1_702' title='bbox 3022 3168 3131 3223; x_wconf 88' lang='lat' dir='ltr'><strong>Cur</strong></span> <span class='ocrx_word' id='word_1_703' title='bbox 3155 3168 3415 3225; x_wconf 82' lang='lat' dir='ltr'><strong>ita?Nam</strong></span> <span class='ocrx_word' id='word_1_704' title='bbox 3444 3183 3565 3225; x_wconf 90' lang='lat' dir='ltr'><strong>cum</strong></span> <span class='ocrx_word' id='word_1_705' title='bbox 3597 3170 3734 3226; x_wconf 89' lang='lat' dir='ltr'><strong>Deus</strong></span> <span class='ocrx_word' id='word_1_706' title='bbox 3757 3170 3882 3225; x_wconf 88' lang='lat' dir='ltr'><strong>vel-</strong></span> 
     </span>
    </p>
   </div>
   <div class='ocr_carea' id='block_1_92' title="bbox 2292 3260 3882 3332">
    <p class='ocr_par' dir='ltr' id='par_1_92' title="bbox 2292 3260 3882 3332">
     <span class='ocr_line' id='line_1_93' title="bbox 2292 3260 3882 3332; baseline 0 -15"><span class='ocrx_word' id='word_1_707' title='bbox 2292 3262 2369 3317; x_wconf 91' lang='lat' dir='ltr'><strong>uti</strong></span> <span class='ocrx_word' id='word_1_708' title='bbox 2427 3261 2609 3331; x_wconf 88' lang='lat' dir='ltr'><strong>pueris</strong></span> <span class='ocrx_word' id='word_1_709' title='bbox 2651 3260 2797 3331; x_wconf 88' lang='lat' dir='ltr'><strong>leges</strong></span> <span class='ocrx_word' id='word_1_710' title='bbox 2835 3260 3058 3327; x_wconf 88' lang='lat' dir='ltr'><strong>ferebat,</strong></span> <span class='ocrx_word' id='word_1_711' title='bbox 3099 3271 3211 3316; x_wconf 89' lang='lat' dir='ltr'><strong>tum</strong></span> <span class='ocrx_word' id='word_1_712' title='bbox 3242 3262 3386 3330; x_wconf 88' lang='lat' dir='ltr'><strong>lepra</strong></span> <span class='ocrx_word' id='word_1_713' title='bbox 3428 3270 3545 3317; x_wconf 88' lang='lat' dir='ltr'><strong>erat</strong></span> <span class='ocrx_word' id='word_1_714' title='bbox 3588 3263 3830 3332; x_wconf 76' lang='lat' dir='ltr'><strong>corporis</strong></span> <span class='ocrx_word' id='word_1_715' title='bbox 3863 3278 3882 3317; x_wconf 90' lang='lat'><strong>:</strong></span> 
     </span>
    </p>
   </div>
   <div class='ocr_carea' id='block_1_93' title="bbox 2292 3352 3879 3424">
    <p class='ocr_par' dir='ltr' id='par_1_93' title="bbox 2292 3352 3879 3424">
     <span class='ocr_line' id='line_1_94' title="bbox 2292 3352 3879 3424; baseline -0.001 -15"><span class='ocrx_word' id='word_1_716' title='bbox 2292 3369 2435 3409; x_wconf 90' lang='lat' dir='ltr'><strong>nunc</strong></span> <span class='ocrx_word' id='word_1_717' title='bbox 2459 3363 2638 3409; x_wconf 88' lang='lat' dir='ltr'><strong>autem</strong></span> <span class='ocrx_word' id='word_1_718' title='bbox 2668 3353 2859 3409; x_wconf 68' lang='lat' dir='ltr'><strong>animae</strong></span> <span class='ocrx_word' id='word_1_719' title='bbox 2886 3354 3030 3423; x_wconf 90' lang='lat' dir='ltr'><strong>lepra</strong></span> <span class='ocrx_word' id='word_1_720' title='bbox 3060 3354 3337 3424; x_wconf 60' lang='lat' dir='ltr'><strong>quaeritur.</strong></span> <span class='ocrx_word' id='word_1_721' title='bbox 3376 3352 3556 3408; x_wconf 82' lang='lat' dir='ltr'><strong>Exivit</strong></span> <span class='ocrx_word' id='word_1_722' title='bbox 3582 3352 3743 3423; x_wconf 88' lang='lat' dir='ltr'><strong>igitur</strong></span> <span class='ocrx_word' id='word_1_723' title='bbox 3780 3366 3879 3407; x_wconf 85' lang='lat' dir='ltr'><strong>rex</strong></span> 
     </span>
    </p>
   </div>
   <div class='ocr_carea' id='block_1_94' title="bbox 2293 3446 3885 3515">
    <p class='ocr_par' dir='ltr' id='par_1_94' title="bbox 2293 3446 3885 3515">
     <span class='ocr_line' id='line_1_95' title="bbox 2293 3446 3885 3515; baseline -0.001 -13"><span class='ocrx_word' id='word_1_724' title='bbox 2293 3461 2415 3502; x_wconf 92' lang='lat' dir='ltr'><strong>cum</strong></span> <span class='ocrx_word' id='word_1_725' title='bbox 2441 3446 2611 3515; x_wconf 89' lang='lat' dir='ltr'><strong>lepra,</strong></span> <span class='ocrx_word' id='word_1_726' title='bbox 2638 3460 2738 3502; x_wconf 91' lang='lat' dir='ltr'><strong>nec</strong></span> <span class='ocrx_word' id='word_1_727' title='bbox 2765 3456 2942 3502; x_wconf 88' lang='lat' dir='ltr'><strong>tamen</strong></span> <span class='ocrx_word' id='word_1_728' title='bbox 2971 3446 3243 3515; x_wconf 86' lang='lat' dir='ltr'><strong>ejecerunt</strong></span> <span class='ocrx_word' id='word_1_729' title='bbox 3266 3462 3386 3502; x_wconf 91' lang='lat' dir='ltr'><strong>eum</strong></span> <span class='ocrx_word' id='word_1_730' title='bbox 3417 3462 3448 3502; x_wconf 91' lang='lat' dir='ltr'><strong>e</strong></span> <span class='ocrx_word' id='word_1_731' title='bbox 3487 3446 3721 3513; x_wconf 90' lang='lat' dir='ltr'><strong>civitate,</strong></span> <span class='ocrx_word' id='word_1_732' title='bbox 3761 3446 3885 3501; x_wconf 82' lang='lat' dir='ltr'><strong>dia-</strong></span> 
     </span>
    </p>
   </div>
   <div class='ocr_carea' id='block_1_95' title="bbox 2294 3536 3887 3609">
    <p class='ocr_par' dir='ltr' id='par_1_95' title="bbox 2294 3536 3887 3609">
     <span class='ocr_line' id='line_1_96' title="bbox 2294 3536 3887 3609; baseline 0.001 -17"><span class='ocrx_word' id='word_1_733' title='bbox 2294 3536 2449 3593; x_wconf 90' lang='lat' dir='ltr'><strong>dema</strong></span> <span class='ocrx_word' id='word_1_734' title='bbox 2476 3537 2617 3593; x_wconf 88' lang='lat' dir='ltr'><strong>illius</strong></span> <span class='ocrx_word' id='word_1_735' title='bbox 2643 3537 2950 3609; x_wconf 89' lang='lat' dir='ltr'><strong>regiamque</strong></span> <span class='ocrx_word' id='word_1_736' title='bbox 2976 3538 3289 3609; x_wconf 89' lang='lat' dir='ltr'><strong>dignitatem</strong></span> <span class='ocrx_word' id='word_1_737' title='bbox 3318 3538 3533 3594; x_wconf 89' lang='lat' dir='ltr'><strong>reveriti</strong></span> <span class='ocrx_word' id='word_1_738' title='bbox 3568 3557 3582 3593; x_wconf 89' lang='lat'><strong>:</strong></span> <span class='ocrx_word' id='word_1_739' title='bbox 3614 3538 3709 3595; x_wconf 90' lang='lat' dir='ltr'><strong>sed</strong></span> <span class='ocrx_word' id='word_1_740' title='bbox 3751 3554 3887 3594; x_wconf 76' lang='lat' dir='ltr'><strong>con-</strong></span> 
     </span>
    </p>
   </div>
   <div class='ocr_carea' id='block_1_96' title="bbox 2294 3627 3888 3702">
    <p class='ocr_par' dir='ltr' id='par_1_96' title="bbox 2294 3627 3888 3702">
     <span class='ocr_line' id='line_1_97' title="bbox 2294 3627 3888 3702; baseline 0.001 -18"><span class='ocrx_word' id='word_1_741' title='bbox 2294 3627 2433 3684; x_wconf 80' lang='lat' dir='ltr'><strong>sedit</strong></span> <span class='ocrx_word' id='word_1_742' title='bbox 2462 3629 2512 3681; x_wconf 92' lang='lat' dir='ltr'><strong>in</strong></span> <span class='ocrx_word' id='word_1_743' title='bbox 2539 3628 2674 3682; x_wconf 91' lang='lat' dir='ltr'><strong>solio</strong></span> <span class='ocrx_word' id='word_1_744' title='bbox 2703 3643 2887 3683; x_wconf 89' lang='lat' dir='ltr'><strong>rursus</strong></span> <span class='ocrx_word' id='word_1_745' title='bbox 2923 3630 3090 3699; x_wconf 87' lang='lat' dir='ltr'><strong>legem</strong></span> <span class='ocrx_word' id='word_1_746' title='bbox 3132 3629 3542 3700; x_wconf 80' lang='lat' dir='ltr'><strong>transgrediens.</strong></span> <span class='ocrx_word' id='word_1_747' title='bbox 3576 3629 3712 3698; x_wconf 85' lang='lat' dir='ltr'><strong>Quid</strong></span> <span class='ocrx_word' id='word_1_748' title='bbox 3752 3645 3888 3702; x_wconf 88' lang='lat' dir='ltr'><strong>ergo</strong></span> 
     </span>
    </p>
   </div>
   <div class='ocr_carea' id='block_1_97' title="bbox 2298 3719 3889 3793">
    <p class='ocr_par' dir='ltr' id='par_1_97' title="bbox 2298 3719 3889 3793">
     <span class='ocr_line' id='line_1_98' title="bbox 2298 3719 3889 3793; baseline 0.003 -20"><span class='ocrx_word' id='word_1_749' title='bbox 2298 3720 2474 3775; x_wconf 88' lang='lat' dir='ltr'><strong>Deus?</strong></span> <span class='ocrx_word' id='word_1_750' title='bbox 2518 3719 2758 3776; x_wconf 88' lang='lat' dir='ltr'><strong>irascens</strong></span> <span class='ocrx_word' id='word_1_751' title='bbox 2786 3719 2985 3775; x_wconf 76' lang='lat' dir='ltr'><strong>Judazis</strong></span> <span class='ocrx_word' id='word_1_752' title='bbox 3029 3720 3310 3791; x_wconf 89' lang='lat' dir='ltr'><strong>interrupit</strong></span> <span class='ocrx_word' id='word_1_753' title='bbox 3358 3722 3707 3793; x_wconf 84' lang='lat' dir='ltr'><strong>praphctiam.</strong></span> <span class='ocrx_word' id='word_1_754' title='bbox 3756 3721 3889 3777; x_wconf 68' lang='lat' dir='ltr'><strong>ilwc</strong></span> 
     </span>
    </p>
   </div>
   <div class='ocr_carea' id='block_1_98' title="bbox 2296 3812 3890 3885">
    <p class='ocr_par' dir='ltr' id='par_1_98' title="bbox 2296 3812 3890 3885">
     <span class='ocr_line' id='line_1_99' title="bbox 2296 3812 3890 3885; baseline 0.002 -19"><span class='ocrx_word' id='word_1_755' title='bbox 2296 3821 2471 3867; x_wconf 89' lang='lat' dir='ltr'><strong>autem</strong></span> <span class='ocrx_word' id='word_1_756' title='bbox 2500 3812 2679 3866; x_wconf 91' lang='lat' dir='ltr'><strong>omnia</strong></span> <span class='ocrx_word' id='word_1_757' title='bbox 2700 3812 2838 3867; x_wconf 90' lang='lat' dir='ltr'><strong>dicta</strong></span> <span class='ocrx_word' id='word_1_758' title='bbox 2867 3823 2991 3867; x_wconf 88' lang='lat' dir='ltr'><strong>sunt</strong></span> <span class='ocrx_word' id='word_1_759' title='bbox 3011 3822 3229 3882; x_wconf 86' lang='lat' dir='ltr'><strong>prepter</strong></span> <span class='ocrx_word' id='word_1_760' title='bbox 3253 3814 3473 3869; x_wconf 88' lang='lat' dir='ltr'><strong>verbum</strong></span> <span class='ocrx_word' id='word_1_761' title='bbox 3503 3813 3796 3885; x_wconf 72' lang='lat' dir='ltr'><strong>prepltetze,</strong></span> <span class='ocrx_word' id='word_1_762' title='bbox 3825 3825 3890 3869; x_wconf 92' lang='lat' dir='ltr'><strong>ut</strong></span> 
     </span>
    </p>
   </div>
   <div class='ocr_carea' id='block_1_99' title="bbox 2296 3902 3886 3974">
    <p class='ocr_par' dir='ltr' id='par_1_99' title="bbox 2296 3902 3886 3974">
     <span class='ocr_line' id='line_1_100' title="bbox 2296 3902 3886 3974; baseline 0 -15"><span class='ocrx_word' id='word_1_763' title='bbox 2296 3904 2572 3959; x_wconf 82' lang='lat' dir='ltr'><strong>exsolvam</strong></span> <span class='ocrx_word' id='word_1_764' title='bbox 2592 3902 2735 3973; x_wconf 91' lang='lat' dir='ltr'><strong>quod</strong></span> <span class='ocrx_word' id='word_1_765' title='bbox 2755 3904 2927 3959; x_wconf 89' lang='lat' dir='ltr'><strong>debeo</strong></span> <span class='ocrx_word' id='word_1_766' title='bbox 2947 3906 2989 3959; x_wconf 77' lang='grc' dir='ltr'><strong>ί.</strong></span> <span class='ocrx_word' id='word_1_767' title='bbox 3009 3903 3117 3960; x_wconf 87' lang='lat' dir='ltr'><strong>Sed</strong></span> <span class='ocrx_word' id='word_1_768' title='bbox 3141 3904 3208 3959; x_wconf 90' lang='lat' dir='ltr'><strong>ad</strong></span> <span class='ocrx_word' id='word_1_769' title='bbox 3234 3906 3560 3974; x_wconf 89' lang='lat' dir='ltr'><strong>propositum</strong></span> <span class='ocrx_word' id='word_1_770' title='bbox 3578 3905 3886 3960; x_wconf 89' lang='lat' dir='ltr'><strong>redeamus.</strong></span> 
     </span>
    </p>
   </div>
   <div class='ocr_carea' id='block_1_100' title="bbox 2299 3992 3891 4066">
    <p class='ocr_par' dir='ltr' id='par_1_100' title="bbox 2299 3992 3891 4066">
     <span class='ocr_line' id='line_1_101' title="bbox 2299 3992 3891 4066; baseline 0.001 -18"><span class='ocrx_word' id='word_1_771' title='bbox 2299 3996 2560 4065; x_wconf 87' lang='lat' dir='ltr'><strong>Egressus</strong></span> <span class='ocrx_word' id='word_1_772' title='bbox 2586 4003 2670 4049; x_wconf 88' lang='lat' dir='ltr'><strong>est</strong></span> <span class='ocrx_word' id='word_1_773' title='bbox 2697 4010 2727 4049; x_wconf 91' lang='lat' dir='ltr'><strong>e</strong></span> <span class='ocrx_word' id='word_1_774' title='bbox 2762 3994 2963 4064; x_wconf 89' lang='lat' dir='ltr'><strong>templo</strong></span> <span class='ocrx_word' id='word_1_775' title='bbox 2988 4010 3085 4050; x_wconf 87' lang='lat' dir='ltr'><strong>rex</strong></span> <span class='ocrx_word' id='word_1_776' title='bbox 3112 3995 3262 4064; x_wconf 87' lang='lat' dir='ltr'><strong>lepra</strong></span> <span class='ocrx_word' id='word_1_777' title='bbox 3287 4003 3588 4063; x_wconf 91' lang='lat' dir='ltr'><strong>correptus.</strong></span> <span class='ocrx_word' id='word_1_778' title='bbox 3626 3992 3759 4049; x_wconf 90' lang='lat' dir='ltr'><strong>Cum</strong></span> <span class='ocrx_word' id='word_1_779' title='bbox 3791 3995 3891 4066; x_wconf 82' lang='lat' dir='ltr'><strong>igi-</strong></span> 
     </span>
    </p>
   </div>
   <div class='ocr_carea' id='block_1_101' title="bbox 2302 4086 3895 4156">
    <p class='ocr_par' dir='ltr' id='par_1_101' title="bbox 2302 4086 3895 4156">
     <span class='ocr_line' id='line_1_102' title="bbox 2302 4086 3895 4156; baseline 0.001 -16"><span class='ocrx_word' id='word_1_780' title='bbox 2302 4096 2388 4141; x_wconf 92' lang='lat' dir='ltr'><strong>tur</strong></span> <span class='ocrx_word' id='word_1_781' title='bbox 2412 4087 2574 4141; x_wconf 88' lang='lat' dir='ltr'><strong>etiam</strong></span> <span class='ocrx_word' id='word_1_782' title='bbox 2617 4102 2682 4141; x_wconf 87' lang='lat' dir='ltr'><strong>ex</strong></span> <span class='ocrx_word' id='word_1_783' title='bbox 2710 4086 2843 4142; x_wconf 89' lang='lat' dir='ltr'><strong>urbe</strong></span> <span class='ocrx_word' id='word_1_784' title='bbox 2871 4087 3020 4141; x_wconf 91' lang='lat' dir='ltr'><strong>illum</strong></span> <span class='ocrx_word' id='word_1_785' title='bbox 3061 4086 3182 4156; x_wconf 87' lang='lat' dir='ltr'><strong>ejici</strong></span> <span class='ocrx_word' id='word_1_786' title='bbox 3222 4086 3291 4141; x_wconf 91' lang='lat' dir='ltr'><strong>de</strong></span> <span class='ocrx_word' id='word_1_787' title='bbox 3326 4099 3477 4140; x_wconf 89' lang='lat' dir='ltr'><strong>more</strong></span> <span class='ocrx_word' id='word_1_788' title='bbox 3518 4094 3788 4155; x_wconf 83' lang='lat' dir='ltr'><strong>Oporteret</strong></span> <span class='ocrx_word' id='word_1_789' title='bbox 3833 4097 3895 4141; x_wconf 88' lang='lat' dir='ltr'><strong>ut</strong></span> 
     </span>
    </p>
   </div>
   <div class='ocr_carea' id='block_1_102' title="bbox 2301 4176 3891 4249">
    <p class='ocr_par' dir='ltr' id='par_1_102' title="bbox 2301 4176 3891 4249">
     <span class='ocr_line' id='line_1_103' title="bbox 2301 4176 3891 4249; baseline 0.003 -18"><span class='ocrx_word' id='word_1_790' title='bbox 2301 4177 2654 4243; x_wconf 90' lang='lat' dir='ltr'><strong>immundum,</strong></span> <span class='ocrx_word' id='word_1_791' title='bbox 2699 4177 2841 4233; x_wconf 89' lang='lat' dir='ltr'><strong>intus</strong></span> <span class='ocrx_word' id='word_1_792' title='bbox 2885 4178 3033 4233; x_wconf 88' lang='lat' dir='ltr'><strong>illum</strong></span> <span class='ocrx_word' id='word_1_793' title='bbox 3070 4178 3296 4249; x_wconf 92' lang='lat' dir='ltr'><strong>populus</strong></span> <span class='ocrx_word' id='word_1_794' title='bbox 3337 4176 3526 4233; x_wconf 86' lang='lat' dir='ltr'><strong>sedere</strong></span> <span class='ocrx_word' id='word_1_795' title='bbox 3570 4177 3829 4247; x_wconf 89' lang='lat' dir='ltr'><strong>permittit</strong></span> <span class='ocrx_word' id='word_1_796' title='bbox 3873 4198 3891 4235; x_wconf 89' lang='lat'><strong>:</strong></span> 
     </span>
    </p>
   </div>
   <div class='ocr_carea' id='block_1_103' title="bbox 2304 4269 3890 4340">
    <p class='ocr_par' dir='ltr' id='par_1_103' title="bbox 2304 4269 3890 4340">
     <span class='ocr_line' id='line_1_104' title="bbox 2304 4269 3890 4340; baseline 0 -17"><span class='ocrx_word' id='word_1_797' title='bbox 2304 4283 2401 4324; x_wconf 89' lang='lat' dir='ltr'><strong>nec</strong></span> <span class='ocrx_word' id='word_1_798' title='bbox 2425 4269 2593 4323; x_wconf 87' lang='lat' dir='ltr'><strong>ullum</strong></span> <span class='ocrx_word' id='word_1_799' title='bbox 2622 4269 2706 4325; x_wconf 90' lang='lat' dir='ltr'><strong>vel</strong></span> <span class='ocrx_word' id='word_1_800' title='bbox 2732 4270 2984 4339; x_wconf 84' lang='lat' dir='ltr'><strong>exiguum</strong></span> <span class='ocrx_word' id='word_1_801' title='bbox 3013 4271 3095 4325; x_wconf 87' lang='lat' dir='ltr'><strong>vel</strong></span> <span class='ocrx_word' id='word_1_802' title='bbox 3126 4284 3371 4340; x_wconf 82' lang='lat' dir='ltr'><strong>magnum</strong></span> <span class='ocrx_word' id='word_1_803' title='bbox 3420 4270 3640 4323; x_wconf 80' lang='lat' dir='ltr'><strong>verbum</strong></span> <span class='ocrx_word' id='word_1_804' title='bbox 3670 4270 3890 4334; x_wconf 89' lang='lat' dir='ltr'><strong>emittit,</strong></span> 
     </span>
    </p>
   </div>
   <div class='ocr_carea' id='block_1_104' title="bbox 2302 4359 3897 4431">
    <p class='ocr_par' dir='ltr' id='par_1_104' title="bbox 2302 4359 3897 4431">
     <span class='ocr_line' id='line_1_105' title="bbox 2302 4359 3897 4431; baseline 0.002 -19"><span class='ocrx_word' id='word_1_805' title='bbox 2302 4359 2445 4430; x_wconf 89' lang='lat' dir='ltr'><strong>quod</strong></span> <span class='ocrx_word' id='word_1_806' title='bbox 2470 4360 2768 4415; x_wconf 89' lang='lat' dir='ltr'><strong>libertatem</strong></span> <span class='ocrx_word' id='word_1_807' title='bbox 2799 4360 3047 4430; x_wconf 90' lang='lat' dir='ltr'><strong>loquendi</strong></span> <span class='ocrx_word' id='word_1_808' title='bbox 3076 4376 3183 4429; x_wconf 77' lang='lat' dir='ltr'><strong>pra:</strong></span> <span class='ocrx_word' id='word_1_809' title='bbox 3216 4376 3275 4415; x_wconf 86' lang='lat' dir='ltr'><strong>se</strong></span> <span class='ocrx_word' id='word_1_810' title='bbox 3319 4361 3506 4416; x_wconf 76' lang='lat' dir='ltr'><strong>ferret.</strong></span> <span class='ocrx_word' id='word_1_811' title='bbox 3539 4360 3689 4426; x_wconf 86' lang='lat' dir='ltr'><strong>Quod</strong></span> <span class='ocrx_word' id='word_1_812' title='bbox 3731 4361 3897 4431; x_wconf 87' lang='lat' dir='ltr'><strong>igitur</strong></span> 
     </span>
    </p>
   </div>
   <div class='ocr_carea' id='block_1_105' title="bbox 2304 4450 3893 4522">
    <p class='ocr_par' dir='ltr' id='par_1_105' title="bbox 2304 4450 3893 4522">
     <span class='ocr_line' id='line_1_106' title="bbox 2304 4450 3893 4522; baseline 0.001 -17"><span class='ocrx_word' id='word_1_813' title='bbox 2304 4450 2455 4505; x_wconf 91' lang='lat' dir='ltr'><strong>illum</strong></span> <span class='ocrx_word' id='word_1_814' title='bbox 2500 4450 2755 4517; x_wconf 88' lang='lat' dir='ltr'><strong>sinerent,</strong></span> <span class='ocrx_word' id='word_1_815' title='bbox 2794 4461 3068 4506; x_wconf 78' lang='lat' dir='ltr'><strong>aversatus</strong></span> <span class='ocrx_word' id='word_1_816' title='bbox 3111 4460 3192 4505; x_wconf 88' lang='lat' dir='ltr'><strong>est</strong></span> <span class='ocrx_word' id='word_1_817' title='bbox 3220 4452 3341 4505; x_wconf 89' lang='lat' dir='ltr'><strong>illos</strong></span> <span class='ocrx_word' id='word_1_818' title='bbox 3384 4452 3557 4519; x_wconf 86' lang='lat' dir='ltr'><strong>Deus,</strong></span> <span class='ocrx_word' id='word_1_819' title='bbox 3587 4460 3642 4506; x_wconf 91' lang='lat' dir='ltr'><strong>et</strong></span> <span class='ocrx_word' id='word_1_820' title='bbox 3666 4454 3893 4522; x_wconf 86' lang='lat' dir='ltr'><strong>gratiam</strong></span> 
     </span>
    </p>
   </div>
   <div class='ocr_carea' id='block_1_106' title="bbox 2371 4624 3900 4687">
    <p class='ocr_par' dir='ltr' id='par_1_106' title="bbox 2371 4624 3900 4687">
     <span class='ocr_line' id='line_1_107' title="bbox 2371 4624 3900 4687; baseline 0.001 -12"><span class='ocrx_word' id='word_1_821' title='bbox 2371 4628 2387 4659; x_wconf 75' lang='grc' dir='ltr'>ί</span> <span class='ocrx_word' id='word_1_822' title='bbox 2425 4627 2508 4675; x_wconf 83' lang='lat' dir='ltr'><strong>Hic</strong></span> <span class='ocrx_word' id='word_1_823' title='bbox 2531 4632 2609 4674; x_wconf 83' lang='lat' dir='ltr'><strong>est</strong></span> <span class='ocrx_word' id='word_1_824' title='bbox 2628 4637 2806 4687; x_wconf 81' lang='lat' dir='ltr'><strong>magna</strong></span> <span class='ocrx_word' id='word_1_825' title='bbox 2830 4624 3183 4686; x_wconf 84' lang='lat' dir='ltr'><strong>exemplarium</strong></span> <span class='ocrx_word' id='word_1_826' title='bbox 3207 4624 3444 4687; x_wconf 76' lang='lat' dir='ltr'><strong>varietas:</strong></span> <span class='ocrx_word' id='word_1_827' title='bbox 3467 4636 3638 4674; x_wconf 89' lang='lat' dir='ltr'><strong>omnes</strong></span> <span class='ocrx_word' id='word_1_828' title='bbox 3654 4625 3761 4673; x_wconf 82' lang='lat' dir='ltr'><strong>fere</strong></span> <span class='ocrx_word' id='word_1_829' title='bbox 3776 4626 3900 4679; x_wconf 80' lang='lat' dir='ltr'><strong>Mss.</strong></span> 
     </span>
    </p>
   </div>
   <div class='ocr_carea' id='block_1_107' title="bbox 2306 4685 3898 4746">
    <p class='ocr_par' dir='ltr' id='par_1_107' title="bbox 2306 4685 3898 4746">
     <span class='ocr_line' id='line_1_108' title="bbox 2306 4685 3898 4746; baseline -0.001 -8"><span class='ocrx_word' id='word_1_830' title='bbox 2306 4701 2418 4738; x_wconf 90' lang='lat' dir='ltr'><strong>cum</strong></span> <span class='ocrx_word' id='word_1_831' title='bbox 2455 4687 2630 4737; x_wconf 82' lang='lat' dir='ltr'><strong>Savilio</strong></span> <span class='ocrx_word' id='word_1_832' title='bbox 2648 4721 2663 4745; x_wconf 95' lang='lat'><strong>,</strong></span> <span class='ocrx_word' id='word_1_833' title='bbox 2689 4685 2786 4735; x_wconf 75' lang='lat' dir='ltr'><strong>uno</strong></span> <span class='ocrx_word' id='word_1_834' title='bbox 2824 4685 3063 4746; x_wconf 78' lang='lat' dir='ltr'><strong>excepto,</strong></span> <span class='ocrx_word' id='word_1_835' title='bbox 3090 4694 3278 4735; x_wconf 83' lang='lat' dir='ltr'><strong>textum</strong></span> <span class='ocrx_word' id='word_1_836' title='bbox 3303 4685 3487 4733; x_wconf 84' lang='lat' dir='ltr'><strong>habent</strong></span> <span class='ocrx_word' id='word_1_837' title='bbox 3511 4692 3564 4733; x_wconf 91' lang='lat' dir='ltr'><strong>ut</strong></span> <span class='ocrx_word' id='word_1_838' title='bbox 3595 4699 3684 4735; x_wconf 84' lang='lat' dir='ltr'><strong>nos</strong></span> <span class='ocrx_word' id='word_1_839' title='bbox 3709 4687 3755 4734; x_wconf 93' lang='lat' dir='ltr'><strong>in</strong></span> <span class='ocrx_word' id='word_1_840' title='bbox 3782 4697 3898 4736; x_wconf 80' lang='lat' dir='ltr'><strong>nota</strong></span> 
     </span>
    </p>
   </div>
   <div class='ocr_carea' id='block_1_108' title="bbox 2309 4746 3897 4800">
    <p class='ocr_par' dir='ltr' id='par_1_108' title="bbox 2309 4746 3897 4800">
     <span class='ocr_line' id='line_1_109' title="bbox 2309 4746 3897 4800; baseline -0.001 0"><span class='ocrx_word' id='word_1_841' title='bbox 2309 4752 2513 4800; x_wconf 86' lang='lat' dir='ltr'><strong>edimus.</strong></span> <span class='ocrx_word' id='word_1_842' title='bbox 2540 4748 2766 4797; x_wconf 76' lang='lat' dir='ltr'><strong>Morellus</strong></span> <span class='ocrx_word' id='word_1_843' title='bbox 2789 4760 2907 4797; x_wconf 85' lang='lat' dir='ltr'><strong>vero</strong></span> <span class='ocrx_word' id='word_1_844' title='bbox 2932 4756 2982 4798; x_wconf 86' lang='lat' dir='ltr'><strong>et</strong></span> <span class='ocrx_word' id='word_1_845' title='bbox 3004 4760 3131 4795; x_wconf 87' lang='lat' dir='ltr'><strong>unus</strong></span> <span class='ocrx_word' id='word_1_846' title='bbox 3153 4747 3313 4797; x_wconf 76' lang='lat' dir='ltr'><strong>Codex</strong></span> <span class='ocrx_word' id='word_1_847' title='bbox 3340 4752 3441 4795; x_wconf 82' lang='lat' dir='ltr'><strong>toto</strong></span> <span class='ocrx_word' id='word_1_848' title='bbox 3473 4746 3591 4795; x_wconf 71' lang='lat' dir='ltr'><strong>cudo</strong></span> <span class='ocrx_word' id='word_1_849' title='bbox 3612 4748 3845 4796; x_wconf 77' lang='lat' dir='ltr'><strong>diﬂerunt</strong></span> <span class='ocrx_word' id='word_1_850' title='bbox 3866 4763 3897 4799; x_wconf 87' lang='lat' dir='ltr'><strong>a</strong></span> 
     </span>
    </p>
   </div>
   <div class='ocr_carea' id='block_1_109' title="bbox 2308 4806 3900 4871">
    <p class='ocr_par' dir='ltr' id='par_1_109' title="bbox 2308 4806 3900 4871">
     <span class='ocr_line' id='line_1_110' title="bbox 2308 4806 3900 4871; baseline -0.001 -10"><span class='ocrx_word' id='word_1_851' title='bbox 2308 4812 2543 4861; x_wconf 87' lang='lat' dir='ltr'><strong>saviliana</strong></span> <span class='ocrx_word' id='word_1_852' title='bbox 2565 4811 2799 4860; x_wconf 84' lang='lat' dir='ltr'><strong>Editione.</strong></span> <span class='ocrx_word' id='word_1_853' title='bbox 2840 4810 3017 4859; x_wconf 79' lang='lat' dir='ltr'><strong>Morelli</strong></span> <span class='ocrx_word' id='word_1_854' title='bbox 3055 4816 3221 4867; x_wconf 78' lang='lat' dir='ltr'><strong>tamen</strong></span> <span class='ocrx_word' id='word_1_855' title='bbox 3258 4806 3509 4868; x_wconf 82' lang='lat' dir='ltr'><strong>exemplar</strong></span> <span class='ocrx_word' id='word_1_856' title='bbox 3539 4818 3778 4871; x_wconf 85' lang='lat' dir='ltr'><strong>sequutus</strong></span> <span class='ocrx_word' id='word_1_857' title='bbox 3819 4817 3900 4860; x_wconf 73' lang='lat' dir='ltr'><strong>est</strong></span> 
     </span>
    </p>
   </div>
   <div class='ocr_carea' id='block_1_110' title="bbox 2312 4871 3893 4933">
    <p class='ocr_par' dir='ltr' id='par_1_110' title="bbox 2312 4871 3893 4933">
     <span class='ocr_line' id='line_1_111' title="bbox 2312 4871 3893 4933; baseline -0.001 -11"><span class='ocrx_word' id='word_1_858' title='bbox 2312 4882 2549 4932; x_wconf 75' lang='lat' dir='ltr'><strong>Erasmus,</strong></span> <span class='ocrx_word' id='word_1_859' title='bbox 2577 4882 2627 4922; x_wconf 88' lang='lat' dir='ltr'><strong>et</strong></span> <span class='ocrx_word' id='word_1_860' title='bbox 2652 4886 2741 4921; x_wconf 88' lang='lat' dir='ltr'><strong>nos</strong></span> <span class='ocrx_word' id='word_1_861' title='bbox 2761 4884 2958 4933; x_wconf 89' lang='lat' dir='ltr'><strong>quoque</strong></span> <span class='ocrx_word' id='word_1_862' title='bbox 2982 4873 3236 4933; x_wconf 81' lang='lat' dir='ltr'><strong>sequimur</strong></span> <span class='ocrx_word' id='word_1_863' title='bbox 3256 4904 3269 4928; x_wconf 93' lang='lat'><strong>,</strong></span> <span class='ocrx_word' id='word_1_864' title='bbox 3304 4871 3591 4931; x_wconf 79' lang='lat' dir='ltr'><strong>quibusdam</strong></span> <span class='ocrx_word' id='word_1_865' title='bbox 3631 4877 3792 4933; x_wconf 75' lang='lat' dir='ltr'><strong>tamen</strong></span> <span class='ocrx_word' id='word_1_866' title='bbox 3829 4886 3893 4920; x_wconf 84' lang='lat' dir='ltr'><strong>ex</strong></span> 
     </span>
    </p>
   </div>
   <div class='ocr_carea' id='block_1_111' title="bbox 2311 4885 3901 4999">
    <p class='ocr_par' dir='ltr' id='par_1_111' title="bbox 2311 4885 3901 4999">
     <span class='ocr_line' id='line_1_112' title="bbox 2312 4885 3893 4978; baseline -0.001 -56"><span class='ocrx_word' id='word_1_867' title='bbox 2312 4885 2549 4932; x_wconf 70' lang='lat' dir='ltr'><strong>Erasmus,</strong></span> <span class='ocrx_word' id='word_1_868' title='bbox 2577 4885 2627 4922; x_wconf 89' lang='lat' dir='ltr'><strong>et</strong></span> <span class='ocrx_word' id='word_1_869' title='bbox 2652 4886 2741 4921; x_wconf 89' lang='lat' dir='ltr'><strong>nos</strong></span> <span class='ocrx_word' id='word_1_870' title='bbox 2761 4885 2958 4933; x_wconf 89' lang='lat' dir='ltr'><strong>quoque</strong></span> <span class='ocrx_word' id='word_1_871' title='bbox 2982 4885 3236 4978; x_wconf 52' lang='lat' dir='ltr'><strong>SCtPIlmlli‘</strong></span> <span class='ocrx_word' id='word_1_872' title='bbox 3256 4904 3269 4928; x_wconf 95' lang='lat'><strong>,</strong></span> <span class='ocrx_word' id='word_1_873' title='bbox 3304 4885 3591 4931; x_wconf 79' lang='lat' dir='ltr'><strong>qutnusoatn</strong></span> <span class='ocrx_word' id='word_1_874' title='bbox 3631 4885 3792 4918; x_wconf 81' lang='lat' dir='ltr'><strong>tamen</strong></span> <span class='ocrx_word' id='word_1_875' title='bbox 3829 4886 3893 4920; x_wconf 85' lang='lat' dir='ltr'><strong>ex</strong></span> 
     </span>
     <span class='ocr_line' id='line_1_113' title="bbox 2311 4931 3901 4999; baseline -0.003 -14"><span class='ocrx_word' id='word_1_876' title='bbox 2311 4936 2407 4985; x_wconf 88' lang='lat' dir='ltr'><strong>alio</strong></span> <span class='ocrx_word' id='word_1_877' title='bbox 2431 4942 2571 4983; x_wconf 86' lang='lat' dir='ltr'><strong>textu</strong></span> <span class='ocrx_word' id='word_1_878' title='bbox 2595 4934 2865 4999; x_wconf 79' lang='lat' dir='ltr'><strong>emendatis</strong></span> <span class='ocrx_word' id='word_1_879' title='bbox 2884 4972 2895 4987; x_wconf 80' lang='lat'><strong>,</strong></span> <span class='ocrx_word' id='word_1_880' title='bbox 2922 4946 3031 4999; x_wconf 70' lang='lat' dir='ltr'><strong>quae</strong></span> <span class='ocrx_word' id='word_1_881' title='bbox 3078 4933 3173 4999; x_wconf 68' lang='lat' dir='ltr'><strong>et‘ri</strong></span> <span class='ocrx_word' id='word_1_882' title='bbox 3195 4945 3288 4979; x_wconf 80' lang='lat' dir='ltr'><strong>non</strong></span> <span class='ocrx_word' id='word_1_883' title='bbox 3315 4931 3721 4999; x_wconf 40' lang='lat' dir='ltr'><strong>poteratius‘avil.</strong></span> <span class='ocrx_word' id='word_1_884' title='bbox 3748 4933 3901 4999; x_wconf 72' lang='lat' dir='ltr'><strong>igitur</strong></span> 
     </span>
    </p>
   </div>
   <div class='ocr_carea' id='block_1_112' title="bbox 2315 4992 3894 5057">
    <p class='ocr_par' dir='ltr' id='par_1_112' title="bbox 2315 4992 3894 5057">
     <span class='ocr_line' id='line_1_114' title="bbox 2315 4992 3894 5057; baseline -0.004 -11"><span class='ocrx_word' id='word_1_885' title='bbox 2315 5006 2365 5046; x_wconf 90' lang='lat' dir='ltr'><strong>et</strong></span> <span class='ocrx_word' id='word_1_886' title='bbox 2389 4997 2691 5057; x_wconf 77' lang='lat' dir='ltr'><strong>Manuscripti</strong></span> <span class='ocrx_word' id='word_1_887' title='bbox 2729 4992 2951 5056; x_wconf 71' lang='lat' dir='ltr'><strong>quatuor</strong></span> <span class='ocrx_word' id='word_1_888' title='bbox 2974 4995 3047 5057; x_wconf 82' lang='lat' dir='ltr'><strong>sic</strong></span> <span class='ocrx_word' id='word_1_889' title='bbox 3084 4995 3265 5041; x_wconf 81' lang='lat' dir='ltr'><strong>habent</strong></span> <span class='ocrx_word' id='word_1_890' title='bbox 3300 5006 3311 5039; x_wconf 87' lang='lat'><strong>:</strong></span> <span class='ocrx_word' id='word_1_891' title='bbox 3342 5001 3436 5057; x_wconf 48' lang='lat' dir='ltr'><strong>ego</strong></span> <span class='ocrx_word' id='word_1_892' title='bbox 3452 4992 3682 5057; x_wconf 74' lang='lat' dir='ltr'><strong>quidem,</strong></span> <span class='ocrx_word' id='word_1_893' title='bbox 3707 4993 3894 5057; x_wconf 69' lang='lat' dir='ltr'><strong>inquit,</strong></span> 
     </span>
    </p>
   </div>
   <div class='ocr_carea' id='block_1_113' title="bbox 2348 5051 3900 5121">
    <p class='ocr_par' dir='ltr' id='par_1_113' title="bbox 2348 5051 3900 5121">
     <span class='ocr_line' id='line_1_115' title="bbox 2348 5051 3900 5121; baseline -0.004 -15"><span class='ocrx_word' id='word_1_894' title='bbox 2348 5058 2441 5107; x_wconf 81' lang='lat' dir='ltr'><strong>uad</strong></span> <span class='ocrx_word' id='word_1_895' title='bbox 2464 5051 2824 5121; x_wconf 25' lang='lat' dir='ltr'><strong>meumlera&#39;t,</strong></span> <span class='ocrx_word' id='word_1_896' title='bbox 2851 5054 3032 5117; x_wconf 76' lang='lat' dir='ltr'><strong>peregi.</strong></span> <span class='ocrx_word' id='word_1_897' title='bbox 3087 5065 3172 5121; x_wconf 49' lang='lat' dir='ltr'><strong>nos</strong></span> <span class='ocrx_word' id='word_1_898' title='bbox 3209 5051 3409 5121; x_wconf 62' lang='lat' dir='ltr'><strong>populus</strong></span> <span class='ocrx_word' id='word_1_899' title='bbox 3443 5054 3688 5121; x_wconf 66' lang='lat' dir='ltr'><strong>impurum</strong></span> <span class='ocrx_word' id='word_1_900' title='bbox 3730 5054 3900 5121; x_wconf 39' lang='lat' dir='ltr'><strong>caput</strong></span> 
     </span>
    </p>
   </div>
   <div class='ocr_carea' id='block_1_114' title="bbox 2314 5071 3897 5179">
    <p class='ocr_par' dir='ltr' id='par_1_114' title="bbox 2314 5071 3897 5179">
     <span class='ocr_line' id='line_1_116' title="bbox 2348 5071 3897 5117; baseline -0.005 -10"><span class='ocrx_word' id='word_1_901' title='bbox 2348 5071 2440 5107; x_wconf 84' lang='lat' dir='ltr'><strong>uoa</strong></span> <span class='ocrx_word' id='word_1_902' title='bbox 2464 5071 2621 5105; x_wconf 83' lang='lat' dir='ltr'><strong>meum</strong></span> <span class='ocrx_word' id='word_1_903' title='bbox 2662 5071 2803 5115; x_wconf 83' lang='lat' dir='ltr'><strong>erat,</strong></span> <span class='ocrx_word' id='word_1_904' title='bbox 2851 5071 3032 5117; x_wconf 65' lang='lat' dir='ltr'><strong>pereat.</strong></span> <span class='ocrx_word' id='word_1_905' title='bbox 3087 5071 3172 5104; x_wconf 74' lang='lat' dir='ltr'><strong>ros</strong></span> <span class='ocrx_word' id='word_1_906' title='bbox 3209 5071 3409 5115; x_wconf 71' lang='lat' dir='ltr'><strong>popilius</strong></span> <span class='ocrx_word' id='word_1_907' title='bbox 3443 5071 3688 5116; x_wconf 83' lang='lat' dir='ltr'><strong>tmpurmu</strong></span> <span class='ocrx_word' id='word_1_908' title='bbox 3730 5071 3897 5114; x_wconf 66' lang='lat' dir='ltr'><strong>expet-</strong></span> 
     </span>
     <span class='ocr_line' id='line_1_117' title="bbox 2314 5071 3897 5179; baseline -0.003 -11"><span class='ocrx_word' id='word_1_909' title='bbox 2314 5071 2414 5169; x_wconf 62' lang='grc' dir='ltr'><strong>ἵειγ</strong></span> <span class='ocrx_word' id='word_1_910' title='bbox 2450 5116 2667 5168; x_wconf 80' lang='lat' dir='ltr'><strong>timetis?</strong></span> <span class='ocrx_word' id='word_1_911' title='bbox 2712 5118 2897 5179; x_wconf 77' lang='lat' dir='ltr'><strong>Scilicet</strong></span> <span class='ocrx_word' id='word_1_912' title='bbox 2940 5116 3165 5179; x_wconf 63' lang='lat' dir='ltr'><strong>veremini</strong></span> <span class='ocrx_word' id='word_1_913' title='bbox 3212 5116 3393 5179; x_wconf 73' lang='lat' dir='ltr'><strong>regiam</strong></span> <span class='ocrx_word' id='word_1_914' title='bbox 3432 5112 3763 5179; x_wconf 73' lang='lat' dir='ltr'><strong>dignitatem?</strong></span> <span class='ocrx_word' id='word_1_915' title='bbox 3806 5116 3897 5179; x_wconf 64' lang='grc' dir='ltr'><strong>ξεττ</strong></span> 
     </span>
    </p>
   </div>
   <div class='ocr_carea' id='block_1_115' title="bbox 2317 5176 3901 5245">
    <p class='ocr_par' dir='ltr' id='par_1_115' title="bbox 2317 5176 3901 5245">
     <span class='ocr_line' id='line_1_118' title="bbox 2317 5176 3901 5245; baseline -0.003 -16"><span class='ocrx_word' id='word_1_916' title='bbox 2317 5181 2475 5245; x_wconf 78' lang='lat' dir='ltr'><strong>potius</strong></span> <span class='ocrx_word' id='word_1_917' title='bbox 2519 5180 2673 5241; x_wconf 80' lang='lat' dir='ltr'><strong>tegent</strong></span> <span class='ocrx_word' id='word_1_918' title='bbox 2712 5178 2815 5245; x_wconf 75' lang='lat' dir='ltr'><strong>Dei</strong></span> <span class='ocrx_word' id='word_1_919' title='bbox 2839 5177 3149 5245; x_wconf 60' lang='lat' dir='ltr'><strong>centenarias.</strong></span> <span class='ocrx_word' id='word_1_920' title='bbox 3200 5176 3338 5245; x_wconf 71' lang='lat' dir='ltr'><strong>tuam</strong></span> <span class='ocrx_word' id='word_1_921' title='bbox 3372 5176 3521 5239; x_wconf 74' lang='lat' dir='ltr'><strong>igitur</strong></span> <span class='ocrx_word' id='word_1_922' title='bbox 3557 5176 3686 5245; x_wconf 65' lang='lat' dir='ltr'><strong>intus</strong></span> <span class='ocrx_word' id='word_1_923' title='bbox 3730 5176 3901 5245; x_wconf 72' lang='lat' dir='ltr'><strong>sedere</strong></span> 
     </span>
    </p>
   </div>
   <div class='ocr_carea' id='block_1_116' title="bbox 2318 5238 3902 5307">
    <p class='ocr_par' dir='ltr' id='par_1_116' title="bbox 2318 5238 3902 5307">
     <span class='ocr_line' id='line_1_119' title="bbox 2318 5238 3902 5307; baseline -0.004 -15"><span class='ocrx_word' id='word_1_924' title='bbox 2318 5238 2654 5307; x_wconf 53' lang='lat' dir='ltr'><strong>permiserunt.</strong></span> <span class='ocrx_word' id='word_1_925' title='bbox 2690 5240 2819 5307; x_wconf 64' lang='lat' dir='ltr'><strong>Quid</strong></span> <span class='ocrx_word' id='word_1_926' title='bbox 2856 5240 3003 5307; x_wconf 78' lang='lat' dir='ltr'><strong>igitur</strong></span> <span class='ocrx_word' id='word_1_927' title='bbox 3044 5244 3211 5307; x_wconf 47' lang='lat' dir='ltr'><strong>Deus:l</strong></span> <span class='ocrx_word' id='word_1_928' title='bbox 3246 5238 3494 5307; x_wconf 38' lang='lat' dir='ltr'><strong>{versatus</strong></span> <span class='ocrx_word' id='word_1_929' title='bbox 3525 5244 3595 5307; x_wconf 73' lang='lat' dir='ltr'><strong>est</strong></span> <span class='ocrx_word' id='word_1_930' title='bbox 3614 5238 3726 5287; x_wconf 80' lang='lat' dir='ltr'><strong>illos</strong></span> <span class='ocrx_word' id='word_1_931' title='bbox 3746 5250 3765 5286; x_wconf 89' lang='lat'><strong><em>:</em></strong></span> <span class='ocrx_word' id='word_1_932' title='bbox 3784 5240 3902 5307; x_wconf 67' lang='lat' dir='ltr'><strong>Jarrt</strong></span> 
     </span>
    </p>
   </div>
   <div class='ocr_carea' id='block_1_117' title="bbox 2320 5300 3905 5371">
    <p class='ocr_par' dir='ltr' id='par_1_117' title="bbox 2320 5300 3905 5371">
     <span class='ocr_line' id='line_1_120' title="bbox 2320 5300 3905 5371; baseline -0.003 -19"><span class='ocrx_word' id='word_1_933' title='bbox 2320 5300 2411 5353; x_wconf 68' lang='lat' dir='ltr'><strong>non</strong></span> <span class='ocrx_word' id='word_1_934' title='bbox 2434 5302 2855 5371; x_wconf 68' lang='lat' dir='ltr'><strong>amplius,_inquit,</strong></span> <span class='ocrx_word' id='word_1_935' title='bbox 2873 5300 3045 5371; x_wconf 67' lang='lat' dir='ltr'><strong>ioqnor</strong></span> <span class='ocrx_word' id='word_1_936' title='bbox 3066 5300 3309 5371; x_wconf 65' lang='lat' dir='ltr'><strong>prophetis</strong></span> <span class='ocrx_word' id='word_1_937' title='bbox 3327 5300 3511 5371; x_wconf 67' lang='lat' dir='ltr'><strong>vestris,</strong></span> <span class='ocrx_word' id='word_1_938' title='bbox 3526 5300 3636 5360; x_wconf 88' lang='lat' dir='ltr'><strong>jam</strong></span> <span class='ocrx_word' id='word_1_939' title='bbox 3654 5312 3745 5371; x_wconf 78' lang='lat' dir='ltr'><strong>non</strong></span> <span class='ocrx_word' id='word_1_940' title='bbox 3768 5300 3905 5371; x_wconf 69' lang='lat' dir='ltr'><strong>&quot;duo</strong></span> 
     </span>
    </p>
   </div>
   <div class='ocr_carea' id='block_1_118' title="bbox 2321 5364 3904 5429">
    <p class='ocr_par' dir='ltr' id='par_1_118' title="bbox 2321 5364 3904 5429">
     <span class='ocr_line' id='line_1_121' title="bbox 2321 5364 3904 5429; baseline -0.003 -15"><span class='ocrx_word' id='word_1_941' title='bbox 2321 5364 2527 5429; x_wconf 72' lang='lat' dir='ltr'><strong>gratiam</strong></span> <span class='ocrx_word' id='word_1_942' title='bbox 2548 5364 2767 5425; x_wconf 77' lang='lat' dir='ltr'><strong>Spiritus.</strong></span> <span class='ocrx_word' id='word_1_943' title='bbox 2785 5373 2838 5414; x_wconf 82' lang='lat' dir='ltr'><strong>Et</strong></span> <span class='ocrx_word' id='word_1_944' title='bbox 2853 5364 3046 5429; x_wconf 67' lang='lat' dir='ltr'><strong>uerbum</strong></span> <span class='ocrx_word' id='word_1_945' title='bbox 3067 5372 3167 5429; x_wconf 64' lang='lat' dir='ltr'><strong>erat</strong></span> <span class='ocrx_word' id='word_1_946' title='bbox 3186 5364 3445 5429; x_wconf 68' lang='lat' dir='ltr'><strong>pretiosum</strong></span> <span class='ocrx_word' id='word_1_947' title='bbox 3469 5368 3598 5416; x_wconf 81' lang='lat' dir='ltr'><strong>tunc,</strong></span> <span class='ocrx_word' id='word_1_948' title='bbox 3624 5370 3670 5408; x_wconf 81' lang='lat' dir='ltr'><strong>et</strong></span> <span class='ocrx_word' id='word_1_949' title='bbox 3685 5373 3776 5409; x_wconf 81' lang='lat' dir='ltr'><strong>non</strong></span> <span class='ocrx_word' id='word_1_950' title='bbox 3799 5369 3904 5409; x_wconf 85' lang='lat' dir='ltr'><strong>erat</strong></span> 
     </span>
    </p>
   </div>
   <div class='ocr_carea' id='block_1_119' title="bbox 2322 5424 3905 5491">
    <p class='ocr_par' dir='ltr' id='par_1_119' title="bbox 2322 5424 3905 5491">
     <span class='ocr_line' id='line_1_122' title="bbox 2322 5424 3905 5491; baseline -0.004 -14"><span class='ocrx_word' id='word_1_951' title='bbox 2322 5424 2478 5477; x_wconf 61' lang='lat' dir='ltr'><strong>Sermo</strong></span> <span class='ocrx_word' id='word_1_952' title='bbox 2502 5424 2782 5491; x_wconf 72' lang='lat' dir='ltr'><strong>vatirimms.</strong></span> <span class='ocrx_word' id='word_1_953' title='bbox 2818 5426 3114 5491; x_wconf 18' lang='lat' dir='ltr'><strong>Silet‘gratt&#39;a</strong></span> <span class='ocrx_word' id='word_1_954' title='bbox 3138 5424 3369 5491; x_wconf 61' lang='lat' dir='ltr'><strong>spiritus,</strong></span> <span class='ocrx_word' id='word_1_955' title='bbox 3408 5432 3533 5491; x_wconf 71' lang='lat' dir='ltr'><strong>Deus</strong></span> <span class='ocrx_word' id='word_1_956' title='bbox 3558 5434 3661 5491; x_wconf 74' lang='lat' dir='ltr'><strong>non</strong></span> <span class='ocrx_word' id='word_1_957' title='bbox 3693 5434 3905 5491; x_wconf 71' lang='lat' dir='ltr'><strong>appare-</strong></span> 
     </span>
    </p>
   </div>
   <div class='ocr_carea' id='block_1_120' title="bbox 2326 5486 3907 5551">
    <p class='ocr_par' dir='ltr' id='par_1_120' title="bbox 2326 5486 3907 5551">
     <span class='ocr_line' id='line_1_123' title="bbox 2326 5486 3907 5551; baseline -0.004 -12"><span class='ocrx_word' id='word_1_958' title='bbox 2326 5492 2419 5539; x_wconf 80' lang='lat' dir='ltr'><strong>bat.</strong></span> <span class='ocrx_word' id='word_1_959' title='bbox 2450 5489 2694 5549; x_wconf 67' lang='lat' dir='ltr'><strong>omnium,</strong></span> <span class='ocrx_word' id='word_1_960' title='bbox 2720 5495 2913 5551; x_wconf 81' lang='lat' dir='ltr'><strong>propter</strong></span> <span class='ocrx_word' id='word_1_961' title='bbox 2934 5486 3257 5551; x_wconf 63' lang='lat' dir='ltr'><strong>inmundum,</strong></span> <span class='ocrx_word' id='word_1_962' title='bbox 3278 5500 3369 5533; x_wconf 84' lang='lat' dir='ltr'><strong>non</strong></span> <span class='ocrx_word' id='word_1_963' title='bbox 3393 5486 3565 5551; x_wconf 80' lang='lat' dir='ltr'><strong>aderat</strong></span> <span class='ocrx_word' id='word_1_964' title='bbox 3595 5486 3754 5545; x_wconf 82' lang='lat' dir='ltr'><strong>gratia</strong></span> <span class='ocrx_word' id='word_1_965' title='bbox 3772 5496 3907 5551; x_wconf 81' lang='lat' dir='ltr'><strong>,_nou</strong></span> 
     </span>
    </p>
   </div>
   <div class='ocr_carea' id='block_1_121' title="bbox 2324 5546 3909 5614">
    <p class='ocr_par' dir='ltr' id='par_1_121' title="bbox 2324 5546 3909 5614">
     <span class='ocr_line' id='line_1_124' title="bbox 2324 5546 3909 5614; baseline -0.004 -13"><span class='ocrx_word' id='word_1_966' title='bbox 2324 5546 2739 5614; x_wconf 10' lang='lat' dir='ltr'><strong>apparebatrveus</strong></span> <span class='ocrx_word' id='word_1_967' title='bbox 2763 5588 2792 5614; x_wconf 16' lang='grc' dir='ltr'><strong>,Α</strong></span> <span class='ocrx_word' id='word_1_968' title='bbox 2811 5546 2904 5598; x_wconf 74' lang='lat' dir='ltr'><strong>non</strong></span> <span class='ocrx_word' id='word_1_969' title='bbox 2943 5548 3142 5614; x_wconf 73' lang='lat' dir='ltr'><strong>visiones</strong></span> <span class='ocrx_word' id='word_1_970' title='bbox 3178 5549 3469 5614; x_wconf 62' lang='grc' dir='ltr'><strong>ηιοιιδιρςιιὺιιι</strong></span> <span class='ocrx_word' id='word_1_971' title='bbox 3490 5580 3504 5601; x_wconf 85' lang='grc'><em>,</em></span> <span class='ocrx_word' id='word_1_972' title='bbox 3518 5558 3630 5614; x_wconf 81' lang='lat' dir='ltr'><strong>_non</strong></span> <span class='ocrx_word' id='word_1_973' title='bbox 3654 5546 3909 5614; x_wconf 73' lang='lat' dir='ltr'><strong>Propheta:</strong></span> 
     </span>
    </p>
   </div>
   <div class='ocr_carea' id='block_1_122' title="bbox 2327 5608 3908 5674">
    <p class='ocr_par' dir='ltr' id='par_1_122' title="bbox 2327 5608 3908 5674">
     <span class='ocr_line' id='line_1_125' title="bbox 2327 5608 3908 5674; baseline -0.005 -12"><span class='ocrx_word' id='word_1_974' title='bbox 2327 5608 2549 5674; x_wconf 68' lang='lat' dir='ltr'><strong>facienda</strong></span> <span class='ocrx_word' id='word_1_975' title='bbox 2576 5610 2904 5674; x_wconf 73' lang='lat' dir='ltr'><strong>declarabant.</strong></span> <span class='ocrx_word' id='word_1_976' title='bbox 2930 5610 3019 5660; x_wconf 82' lang='lat' dir='ltr'><strong>SCd</strong></span> <span class='ocrx_word' id='word_1_977' title='bbox 3054 5610 3175 5659; x_wconf 70' lang='lat' dir='ltr'><strong>sicut</strong></span> <span class='ocrx_word' id='word_1_978' title='bbox 3207 5610 3267 5658; x_wconf 77' lang='lat' dir='ltr'><strong>ab</strong></span> <span class='ocrx_word' id='word_1_979' title='bbox 3290 5609 3449 5668; x_wconf 52' lang='lat' dir='ltr'><strong>aliquo</strong></span> <span class='ocrx_word' id='word_1_980' title='bbox 3472 5608 3908 5674; x_wconf 57' lang='grc' dir='ltr'><strong>οιτεηδιιδμὶῖενεδ,</strong></span> 
     </span>
    </p>
   </div>
   <div class='ocr_carea' id='block_1_123' title="bbox 2324 5667 3910 5738">
    <p class='ocr_par' dir='ltr' id='par_1_123' title="bbox 2324 5667 3910 5738">
     <span class='ocr_line' id='line_1_126' title="bbox 2324 5667 3910 5738; baseline -0.005 -15"><span class='ocrx_word' id='word_1_981' title='bbox 2324 5667 2552 5738; x_wconf 1' lang='lat' dir='ltr'><strong>dampnari</strong></span> <span class='ocrx_word' id='word_1_982' title='bbox 2578 5672 2666 5738; x_wconf 70' lang='lat' dir='ltr'><strong>tibi</strong></span> <span class='ocrx_word' id='word_1_983' title='bbox 2690 5673 2883 5732; x_wconf 73' lang='lat' dir='ltr'><strong>loquor,</strong></span> <span class='ocrx_word' id='word_1_984' title='bbox 2910 5674 3017 5731; x_wconf 80' lang='lat' dir='ltr'><strong>jam</strong></span> <span class='ocrx_word' id='word_1_985' title='bbox 3050 5687 3139 5738; x_wconf 77' lang='lat' dir='ltr'><strong>non</strong></span> <span class='ocrx_word' id='word_1_986' title='bbox 3173 5667 3646 5738; x_wconf 36' lang='lat' dir='ltr'><strong>contwsor.terunt;</strong></span> <span class='ocrx_word' id='word_1_987' title='bbox 3681 5667 3750 5734; x_wconf 76' lang='lat' dir='ltr'><strong>ita</strong></span> <span class='ocrx_word' id='word_1_988' title='bbox 3787 5677 3910 5738; x_wconf 51' lang='lat' dir='ltr'><strong>Diues</strong></span> 
     </span>
    </p>
   </div>
   <div class='ocr_carea' id='block_1_124' title="bbox 2327 5728 3915 5798">
    <p class='ocr_par' dir='ltr' id='par_1_124' title="bbox 2327 5728 3915 5798">
     <span class='ocr_line' id='line_1_127' title="bbox 2327 5728 3915 5798; baseline -0.007 -13"><span class='ocrx_word' id='word_1_989' title='bbox 2327 5736 2465 5785; x_wconf 69' lang='lat' dir='ltr'><strong>sentit</strong></span> <span class='ocrx_word' id='word_1_990' title='bbox 2511 5743 2555 5785; x_wconf 72' lang='lat' dir='ltr'><strong>ct</strong></span> <span class='ocrx_word' id='word_1_991' title='bbox 2600 5728 2845 5783; x_wconf 66' lang='lat' dir='ltr'><strong>iruscttm&#39;.</strong></span> <span class='ocrx_word' id='word_1_992' title='bbox 2872 5728 2989 5798; x_wconf 39' lang='lat' dir='ltr'><strong>non</strong></span> <span class='ocrx_word' id='word_1_993' title='bbox 3030 5736 3154 5783; x_wconf 73' lang='lat' dir='ltr'><strong>enim</strong></span> <span class='ocrx_word' id='word_1_994' title='bbox 3194 5732 3359 5798; x_wconf 73' lang='lat' dir='ltr'><strong>urbem</strong></span> <span class='ocrx_word' id='word_1_995' title='bbox 3402 5730 3536 5798; x_wconf 59' lang='lat' dir='ltr'><strong>illurn</strong></span> <span class='ocrx_word' id='word_1_996' title='bbox 3575 5728 3915 5798; x_wconf 66' lang='lat' dir='ltr'><strong>misericordia</strong></span> 
     </span>
    </p>
   </div>
   <div class='ocr_carea' id='block_1_125' title="bbox 2329 5791 3911 5858">
    <p class='ocr_par' dir='ltr' id='par_1_125' title="bbox 2329 5791 3911 5858">
     <span class='ocr_line' id='line_1_128' title="bbox 2329 5791 3911 5858; baseline -0.003 -13"><span class='ocrx_word' id='word_1_997' title='bbox 2329 5800 2652 5846; x_wconf 57' lang='lat' dir='ltr'><strong>uraruiuntctn</strong></span> <span class='ocrx_word' id='word_1_998' title='bbox 2676 5796 2933 5858; x_wconf 61' lang='lat' dir='ltr'><strong>castigavit.</strong></span> <span class='ocrx_word' id='word_1_999' title='bbox 2964 5810 3055 5844; x_wconf 73' lang='lat' dir='ltr'><strong>non</strong></span> <span class='ocrx_word' id='word_1_1000' title='bbox 3079 5796 3247 5857; x_wconf 65' lang='lat' dir='ltr'><strong>ptent,</strong></span> <span class='ocrx_word' id='word_1_1001' title='bbox 3275 5808 3364 5841; x_wconf 81' lang='lat' dir='ltr'><strong>non</strong></span> <span class='ocrx_word' id='word_1_1002' title='bbox 3389 5791 3658 5858; x_wconf 65' lang='lat' dir='ltr'><strong>cmitbttssit.</strong></span> <span class='ocrx_word' id='word_1_1003' title='bbox 3678 5796 3767 5858; x_wconf 46' lang='lat' dir='ltr'><strong>sed</strong></span> <span class='ocrx_word' id='word_1_1004' title='bbox 3788 5791 3911 5855; x_wconf 73' lang='lat' dir='ltr'><strong>quid</strong></span> 
     </span>
    </p>
   </div>
   <div class='ocr_carea' id='block_1_126' title="bbox 2332 5851 3764 5922">
    <p class='ocr_par' dir='ltr' id='par_1_126' title="bbox 2332 5851 3764 5922">
     <span class='ocr_line' id='line_1_129' title="bbox 2332 5851 3764 5922; baseline -0.005 -13"><span class='ocrx_word' id='word_1_1005' title='bbox 2332 5860 2483 5911; x_wconf 68' lang='lat' dir='ltr'><strong>dicit?</strong></span> <span class='ocrx_word' id='word_1_1006' title='bbox 2508 5869 2604 5909; x_wconf 82' lang='lat' dir='ltr'><strong>.\ou</strong></span> <span class='ocrx_word' id='word_1_1007' title='bbox 2628 5860 2763 5911; x_wconf 73' lang='lat' dir='ltr'><strong>vultis</strong></span> <span class='ocrx_word' id='word_1_1008' title='bbox 2787 5851 2858 5910; x_wconf 70' lang='grc' dir='ltr'><strong>ἤιε</strong></span> <span class='ocrx_word' id='word_1_1009' title='bbox 2883 5851 3125 5910; x_wconf 66' lang='lat' dir='ltr'><strong>vindicare</strong></span> <span class='ocrx_word' id='word_1_1010' title='bbox 3143 5864 3166 5905; x_wconf 67' lang='grc' dir='ltr'><strong>’ἐ</strong></span> <span class='ocrx_word' id='word_1_1011' title='bbox 3191 5865 3285 5922; x_wconf 73' lang='lat' dir='ltr'><strong>Ego</strong></span> <span class='ocrx_word' id='word_1_1012' title='bbox 3307 5868 3398 5905; x_wconf 80' lang='lat' dir='ltr'><strong>non</strong></span> <span class='ocrx_word' id='word_1_1013' title='bbox 3424 5854 3588 5917; x_wconf 69' lang='lat' dir='ltr'><strong>loquor</strong></span> <span class='ocrx_word' id='word_1_1014' title='bbox 3614 5851 3764 5903; x_wconf 61' lang='lat' dir='ltr'><strong>tubis.</strong></span> 
     </span>
    </p>
   </div>
  </div>
