4144 6484
268 395 375 453 129

254 506 539 576 interrupit
566 506 901 576 prophetiae;
939 520 1001 561 ac
1029 505 1221 561 merito
1257 520 1403 559 sane.
1444 505 1574 558 Nam
1607 504 1855 560 quoniam

257 600 432 667 legem
463 597 634 666 ipsius
679 597 969 662 violarunt,
1004 604 1057 651 et
1092 596 1285 666 ejicere
1314 596 1641 649 immundum
1670 593 1858 647 timue-

263 697 401 750 rant,
432 687 813 757 prOpbeticum
845 688 986 742 sistit
1013 687 1209 741 donum
1241 704 1253 740 :
1283 684 1354 739 Et
1384 686 1584 740 verbum
1612 694 1716 737 erat
1744 701 1857 754 pre-

258 784 444 833 tiosum
470 790 609 841 tunc,
642 795 744 832 non
775 788 881 831 erat
906 794 1066 831 sermo
1094 778 1377 830 vaticinans
1405 777 1477 847 (Ι.
1510 774 1637 846 Reg.
1668 777 1720 830 5.
1751 775 1804 844 1)
1840 792 1851 827 :

259 872 364 925 hoc
393 881 492 934 est,
542 884 649 923 non
690 869 1061 938 alloquebatur
1088 866 1207 921 illos
1235 881 1327 935 per
1369 867 1653 935 pr0phetas
1695 865 1852 930 Deus,

258 978 360 1015 nec
395 961 689 1032 inspirabat
714 962 765 1014 in
797 976 889 1015 eos
917 960 1146 1028 Spiritus
1170 974 1264 1029 per
1288 974 1446 1029 quem
1473 958 1852 1029 loquebantur,

254 1057 383 1123 quia
413 1054 745 1108 immundum
774 1068 938 1123 penes
964 1068 1022 1107 se
1049 1052 1315 1107 habebant
1346 1069 1359 1105 :
1390 1066 1562 1121 neque
1600 1051 1741 1106 enim
1767 1066 1854 1104 so-

256 1148 333 1199 let
367 1147 671 1200 immundos
699 1144 881 1199 afllare
921 1144 1149 1213 Spiritus
1178 1144 1368 1214 gratia.
1416 1143 1703 1213 Propterea
1749 1156 1851 1195 non

254 1240 470 1301 aderat,
495 1252 600 1290 non
623 1236 915 1306 apparebat
940 1234 1238 1303 prophetis,
1266 1233 1357 1288 sed
1379 1234 1500 1287 silet
1525 1244 1577 1286 et
1602 1233 1849 1286 occultat.

256 1328 328 1382 lit
382 1340 562 1381 autem
617 1327 757 1395 quod
818 1326 936 1379 dico
994 1324 1337 1379 manifestum
1393 1323 1665 1385 reddatur,
1721 1321 1851 1375 illud

252 1420 512 1488 exemplo
533 1418 836 1473 declarabo.
862 1416 1092 1471 Perinde
1111 1418 1260 1485 quasi
1291 1416 1550 1485 quispiam
1574 1430 1698 1484 erga
1723 1414 1855 1467 alte-

255 1530 380 1565 rum
422 1512 558 1565 bene
596 1508 839 1572 affectus,
879 1508 946 1563 ab
983 1524 1048 1563 eo
1086 1507 1286 1563 furiose
1333 1507 1490 1561 fuerit
1530 1504 1763 1559 offensus
1801 1506 1851 1558 in

256 1619 318 1655 re
349 1602 549 1668 aliqua,
585 1610 639 1654 et
660 1600 805 1653 dicat
826 1598 897 1652 illi
925 1616 937 1651 :
964 1598 1078 1652 Non
1101 1598 1330 1667 amplius
1358 1613 1442 1651 me
1474 1596 1677 1652 videbis
1708 1614 1721 1651 :
1748 1612 1851 1649 non

253 1695 450 1762 loquar
492 1700 664 1745 tecum
716 1708 729 1743 :
774 1691 851 1744 sic
898 1698 1006 1742 tum
1051 1689 1158 1759 egit
1208 1689 1366 1742 Deus.
1413 1687 1850 1757 Quandoquidem

257 1784 410 1836 enim
453 1797 557 1834 non
586 1782 858 1851 ejicicutcs
887 1781 1067 1835 Oziam
1100 1781 1245 1835 illum
1281 1780 1564 1845 irritarant,
1597 1780 1712 1834 Non
1742 1794 1854 1833 am-

254 1872 423 1943 plius,
452 1872 644 1940 inquit,
677 1871 947 1940 prophetis
988 1872 1177 1925 vestris
1215 1871 1428 1940 loquor,
1476 1886 1583 1924 non
1626 1870 1855 1939 amplius

254 1964 494 2033 Spirtus
522 1964 745 2032 gratiam
793 1963 964 2016 mitto.
1012 1961 1145 2017 Vide
1184 1962 1498 2033 supplicium
1530 1962 1853 2031 benignitate

257 2058 542 2111 refertum.
572 2055 686 2110 Non
719 2055 861 2109 enim
895 2054 1112 2109 fulmina
1143 2054 1383 2120 immisit,
1415 2069 1588 2123 neque
1620 2052 1853 2108 funditus

257 2148 449 2201 urbem
479 2148 786 2212 concussit;
816 2146 906 2200 sed
938 2146 1095 2216 quid?
1134 2144 1250 2200 Non
1291 2146 1449 2200 vultis
1491 2161 1578 2201 me
1626 2146 1850 2200 ulcisci?

257 2240 469 2306 inquit;
505 2254 607 2290 non
637 2238 911 2305 colloquor
943 2238 1238 2292 vobiscum.
1281 2237 1472 2290 Annon
1514 2237 1654 2291 enim
1701 2244 1849 2306 pote-

257 2345 374 2383 ram
407 2329 556 2383 illum
583 2329 819 2399 ejicere?
847 2328 1043 2383 Verum
1072 2328 1211 2397 quod
1256 2329 1511 2391 restabat,
1545 2329 1693 2382 vobis
1724 2328 1851 2383 reli—

258 2435 406 2474 ctum
446 2436 568 2476 esse
618 2421 783 2474 volui.
824 2421 939 2474 Non
982 2421 1172 2475 vultis?
1214 2419 1399 2490 Neque
1441 2435 1540 2490 ego
1578 2420 1853 2489 colloquor

258 2513 565 2576 vobiscum,
616 2527 790 2580 neque
820 2511 994 2566 excito
1027 2512 1402 2581 prophetarum
1433 2512 1690 2565 animum.
1736 2510 1850 2563 Non

256 2604 454 2673 agebat
485 2602 535 2655 in
560 2602 638 2656 eis
669 2601 895 2670 Spiritus
931 2602 1119 2670 gratia,
1149 2602 1417 2655 silentium
1445 2611 1579 2666 erat,
1609 2600 1852 2655 simultas

259 2695 405 2747 inter
430 2694 595 2747 Deum
640 2702 695 2746 et
738 2691 1001 2746 homines.
1046 2691 1177 2746 Cum
1226 2693 1381 2762 igitur
1423 2693 1509 2747 ille
1552 2702 1669 2761 post
1712 2700 1854 2746 esset

260 2796 529 2850 mortuus,
561 2784 769 2839 sublata
799 2794 881 2838 est
909 2793 963 2839 et
992 2784 1319 2855 impurorum
1342 2784 1571 2838 occasio.
1605 2784 1741 2852 Ergo
1766 2782 1853 2836 ubi

259 2881 523 2947 propheta
558 2877 724 2932 multo
758 2886 994 2947 tempore
1033 2877 1280 2932 desiisset
1311 2877 1621 2947 prmdicere,
1657 2878 1852 2945 illaque

258 2969 480 3023 silentio
509 2968 678 3022 soluta
709 2968 892 3022 fuisset
931 2968 1009 3022 ira
1039 2968 1152 3032 Dei,
1200 2968 1356 3022 rediit
1392 2968 1684 3038 prophetia.
1719 2968 1853 3022 lline

260 3066 523 3131 prOpIieta
556 3061 862 3115 necessario
888 3061 1132 3130 designat
1155 3062 1341 3115 mortis
1370 3072 1593 3130 tempus,
1627 3061 1807 3115 dicens
1837 3080 1849 3114 :

263 3156 327 3206 lit
361 3156 553 3223 factum
584 3164 656 3206 est
696 3170 852 3218 anno,
883 3169 979 3222 quo
1012 3162 1239 3206 mortuus
1282 3161 1353 3206 est
1406 3151 1556 3206 Ozias
1599 3169 1709 3215 rex,
1753 3152 1854 3203 vidi

263 3244 545 3296 Dominum
575 3244 824 3297 sedentem
854 3244 907 3296 in
931 3244 1057 3297 solio
1086 3243 1283 3298 excelsa
1304 3252 1349 3298 et
1376 3244 1582 3297 elevato.
1613 3244 1744 3297 Cum
1767 3245 1853 3298 ille

260 3344 508 3388 uiortuus
534 3341 699 3399 esset,
732 3343 840 3388 tum
869 3333 973 3388 vidi
1014 3334 1315 3388 Dominum.
1344 3333 1475 3387 Nam
1506 3342 1658 3388 antea
1689 3334 1853 3388 Deum

262 3443 374 3478 non
422 3424 665 3479 videbam
712 3427 865 3481 nobis
908 3427 1120 3480 iratum.
1167 3425 1323 3480 Venit
1363 3440 1507 3480 mors
1550 3426 1762 3496 impuri,
1802 3436 1855 3481 et

259 3518 427 3571 solvit
477 3517 630 3570 iram.
681 3516 828 3571 Hanc
871 3519 940 3573 ob
983 3534 1233 3585 causam,
1280 3533 1400 3572 cum
1444 3519 1634 3587 ubique
1674 3534 1856 3588 regum

262 3611 434 3661 vitam
469 3618 873 3672 commemoret,
900 3608 985 3663 hic
1013 3618 1237 3663 mortem
1268 3610 1399 3663 dixit
1426 3608 1567 3664 Ozias
1597 3628 1610 3663 :
1640 3609 1857 3662 Factum

262 3712 337 3755 est
370 3702 423 3753 in
452 3717 604 3763 anno,
634 3716 732 3767 quo
758 3709 983 3754 mortuus
1022 3712 1094 3755 est
1141 3700 1290 3755 Ozias
1318 3718 1425 3767 rex,
1458 3702 1559 3754 vidi
1586 3700 1857 3754 Dominum

255 3793 525 3845 sedentem
564 3792 617 3844 in
657 3791 785 3845 solio
829 3792 1024 3847 excelso
1067 3802 1113 3846 et
1157 3794 1361 3848 elevato.
1416 3796 1494 3847 Ac
1540 3808 1724 3847 rursus
1772 3793 1859 3847 hic

263 3886 637 3954 contemplare
667 3884 761 3940 Dei
788 3884 1100 3940 bonitatem.
1129 3885 1361 3940 Mortuus
1403 3893 1484 3939 cst
1510 3886 1768 3954 impurus,
1807 3894 1860 3938 et

268 3980 420 4033 heus
463 3976 837 4032 reconciliatus
885 3984 967 4030 est
1019 3975 1337 4030 hominibus.
1369 3975 1728 4042 Quamobrem
1761 3974 1861 4028 hoc

269 4073 473 4124 factum
504 4078 605 4133 est,
632 4083 750 4122 cum
778 4066 905 4121 nihil
937 4075 1079 4121 esset
1109 4074 1253 4122 recte
1298 4064 1575 4130 factorum,
1617 4065 1709 4120 sed
1742 4075 1858 4118 tan-

267 4177 389 4215 tum
422 4161 512 4215 ille
544 4170 783 4212 mortuus
818 4158 1001 4212 esset?
1040 4158 1302 4225 Quoniam
1346 4158 1608 4210 humanus
1650 4165 1729 4210 est
1760 4155 1861 4208 Do—

266 4255 477 4314 minus,
508 4264 605 4305 nec
644 4250 695 4302 in
740 4249 928 4303 talibus
970 4249 1077 4317 agit
1118 4246 1355 4301 severius
1396 4264 1414 4299 :
1460 4262 1620 4299 unum
1658 4254 1862 4298 tantum

267 4342 557 4414 quaerebat
595 4340 865 4395 bcnelicus
912 4339 1072 4404 Deus,
1119 4346 1176 4391 ut
1218 4337 1388 4392 exiret
1433 4338 1689 4405 impurus.
1740 4336 1864 4388 llaec

270 4438 460 4502 itaque
500 4447 616 4487 cum
659 4432 911 4496 sciamus,
942 4430 1297 4498 arrogantiam
1325 4428 1657 4495 abjiciamus,
1689 4427 1863 4479 humi-

271 4530 484 4581 litatem
511 4525 909 4594 amplectamur,
956 4523 1164 4576 solitam
1206 4522 1428 4591 gloriam
1458 4521 1739 4574 offeramus
1763 4519 1859 4573 Pa-

271 4620 344 4672 tri
383 4626 437 4671 et
460 4615 595 4669 Filio
619 4626 671 4669 et
696 4614 914 4683 Spiritui
956 4623 1164 4678 sancto,
1208 4627 1347 4667 nunc
1379 4623 1430 4667 et
1470 4627 1701 4681 semper,
1731 4620 1784 4665 et
1812 4610 1863 4664 in

270 4706 481 4764 ssecula
510 4706 850 4759 saeculorum.
879 4704 1072 4756 Amen.

271 4885 336 4943 In
370 4881 571 4934 dictum
604 4875 731 4932 illud
763 4874 912 4929 Isaia:
938 4872 1219 4943 propheta:
1247 4891 1259 4926 :
1286 4870 1501 4925 Factum
1526 4880 1596 4924 est
1635 4872 1685 4922 in
1712 4888 1866 4925 anno.

354 4989 456 5042 quo
486 4980 710 5023 mortuus
740 4977 812 5021 est
844 4966 994 5019 Ozias
1020 4981 1111 5019 rea:
1134 5006 1148 5027 ,
1177 4964 1280 5018 vidi
1310 4962 1579 5015 Dominum
1620 4960 1780 5031 (lsai.
1813 4960 1867 5014 6.

360 5070 386 5121 1
420 5067 438 5135 )
464 5081 477 5117 :
503 5074 556 5117 et
583 5058 964 5116 demonstratio
985 5056 1125 5125 quod
1151 5056 1305 5110 Ozias
1327 5055 1445 5122 jure
1473 5053 1629 5107 fuerit
1655 5051 1871 5105 allectus

361 5160 509 5225 lepra
530 5195 543 5219 ,
576 5150 718 5222 quod
762 5158 952 5218 praeter
980 5147 1289 5217 dignitatem
1341 5145 1615 5199 incensum
1648 5143 1873 5196 obtulis-

358 5259 487 5312 set,
516 5244 567 5299 id
598 5241 740 5313 quod
784 5254 890 5294 non
920 5237 1045 5292 licet
1073 5237 1285 5306 regibus
1308 5277 1323 5302 ,
1357 5236 1450 5290 sed
1487 5233 1871 5289 sacerdotibus.

898 5393 1177 5450 HOMILIA
1220 5394 1280 5449 V.

370 5540 419 5593 l.
461 5536 571 5608 Age
613 5528 935 5603 expositioni
983 5527 1050 5581 de
1098 5527 1223 5581 Ozia
1276 5534 1465 5595 empta:
1514 5524 1670 5578 hodie
1720 5523 1877 5577 linem

276 5632 665 5697 imponamus,
720 5620 987 5691 fastigium
1038 5617 1269 5671 sermoni
1312 5617 1418 5685 jam
1470 5615 1763 5679 addamus,
1814 5628 1881 5667 ne

286 5724 507 5796 quando
530 5735 625 5775 nos
642 5732 854 5789 quoque
869 5713 1223 5775 derideantur,
1256 5709 1701 5779 quemadmodum
1723 5724 1882 5762 evan-

287 5813 500 5885 gelicus
524 5806 743 5880 ille,qui
769 5816 1056 5878 aggressus
1093 5803 1354 5860 mdilicarc
1384 5807 1590 5871 turrim,
1626 5806 1878 5874 perlicere

1326 388 1392 446 IN
1427 390 1646 453 ll.LUD,
1694 386 1826 442 VIDI
1868 388 2196 461 DOMINUM,
2240 396 2466 454 HOMIL.
2502 397 2566 456 ν.

3415 426 3529 480 130

1966 520 2068 559 non
2095 512 2261 575 potuit
2292 529 2304 565 :
2334 529 2399 566 no
2425 513 2543 583 quis
2572 514 2857 585 aliquando
2886 523 3321 588 prtetereuntium
3352 523 3417 577 de
3450 539 3547 579 no-

1964 597 2044 651 bis
2070 616 2278 670 quoque
2304 602 2445 658 dicat
2477 622 2491 660 :
2536 605 2637 659 Hic
2664 610 2812 662 homo
2846 614 2991 679 erepit
3024 611 3299 680 ardiﬁcare,
3333 631 3422 667 nec
3454 634 3546 684 po-

1963 690 2053 741 tuit
2080 692 2318 760 per/icere
2348 692 2497 765 (Luc.
2533 697 2619 751 Η.
2660 697 2771 769 30).
2810 700 3003 756 Verum
3032 718 3135 769 quo
3162 704 3312 758 vobis
3354 703 3548 759 diluci-

1962 781 2109 835 diora
2142 784 2269 839 fiant
2297 801 2413 855 qua:
2434 787 2694 855 dicentur,
2722 805 2786 844 ex
2817 791 2879 847 iis
2908 808 3024 860 quae
3042 794 3178 848 dicta
3205 804 3330 849 sunt
3353 812 3546 863 nuper,

1961 886 2137 939 olierre
2164 876 2388 942 pretium
2419 880 2520 932 erit
2550 895 2713 948 pauca
2738 891 2977 949 repetere
2997 924 3011 948 ,
3045 900 3109 938 ne
3139 886 3309 955 capite
3334 897 3545 942 trunca-

1962 970 2046 1015 tus
2073 978 2251 1017 sermo
2278 976 2459 1022 noster
2486 970 2709 1039 prodeat
2739 971 2788 1024 in
2822 973 3097 1040 spirituale
3129 975 3420 1041 theatrum,
3450 977 3543 1031 sed

1960 1065 2268 1123 recuperata
2336 1058 2469 1115 facie
2515 1075 2609 1115 sua
2658 1059 2810 1117 facile
2862 1078 2893 1117 a
2935 1066 3325 1133 spectatoribus
3374 1070 3545 1136 possit

1960 1145 2196 1212 agnosci.
2252 1146 2307 1201 ld
2350 1152 2490 1203 enim
2525 1153 2723 1219 pariter
2752 1162 2805 1206 et
2835 1153 2898 1206 iis
2924 1156 3011 1223 qui
3064 1156 3382 1221 audierunt,
3442 1160 3547 1213 erit

1963 1236 2231 1290 inemorize
2270 1243 2574 1308 renovatio,
2606 1252 2659 1295 et
2709 1244 2772 1297 iis
2800 1245 2887 1313 qui
2932 1260 3036 1299 non
3078 1246 3398 1316 audierunt,
3446 1250 3543 1303 do—

1959 1326 2146 1379 ctrina.
2165 1324 2341 1396 Nuper
2367 1329 2522 1399 igitur
2547 1331 2773 1387 diximus
2797 1348 2953 1403 quam
2976 1336 3130 1389 fuerit
3158 1337 3273 1406 pius
3293 1338 3467 1403 Ozias,
3491 1349 3547 1395 et

1959 1416 2227 1482 quomodo
2256 1422 2490 1475 evaserit
2518 1420 2789 1490 improbus
2810 1465 2824 1488 ,
2858 1433 2911 1478 et
2942 1425 3080 1479 unde
3110 1440 3294 1489 orsus,
3326 1443 3430 1497 quo
3455 1444 3544 1482 su-

1960 1508 2155 1574 perbia:
2206 1509 2479 1579 prolapsus
2530 1513 2645 1567 sit:
2694 1514 2853 1569 hodie
2900 1530 3028 1570 vero
3072 1517 3356 1571 dicendum
3406 1523 3540 1585 erit,

1957 1597 2223 1664 quomodo
2278 1601 2530 1670 templum
2564 1603 2831 1672 ingressus
2861 1606 2960 1670 sit,
3005 1607 3271 1675 quomodo
3327 1612 3544 1663 tentarit

1957 1688 2171 1742 adolere
2212 1689 2518 1755 incensum,
2566 1694 2835 1761 quomodo
2882 1695 3210 1763 prohibuerit
3259 1698 3405 1751 illum
3451 1714 3541 1753 sa-

1957 1778 2168 1844 cerdos,
2188 1782 2452 1849 quomodo
2474 1782 2562 1838 ille
2579 1798 2685 1837 non
2709 1786 2949 1849 cesserit,
2968 1788 3236 1856 quomodo
3262 1788 3312 1841 in
3335 1804 3393 1842 se
3417 1805 3542 1857 pro-

1958 1871 2224 1925 vocavcrit
2263 1872 2393 1925 iram
2425 1874 2552 1941 Dei,
2584 1876 2850 1943 quomodo
2893 1876 3055 1945 lcpne
3084 1879 3345 1932 obnoxius
3378 1881 3538 1932 vitam

1959 1962 2185 2029 finierit,
2217 1972 2271 2018 et
2313 1980 2469 2035 quam
2500 1966 2569 2020 ob
2595 1981 2808 2020 causam
2857 1970 3111 2037 propheta
3164 1972 3540 2037 pra-tcrmissis

1958 2055 2079 2108 vita:
2125 2055 2262 2110 illius
2289 2056 2512 2123 diebus,
2543 2060 2730 2112 mortis
2776 2058 2959 2113 fecerit
3003 2062 3329 2114 mentionem
3358 2062 3425 2113 ita
3454 2062 3538 2114 lo-

1957 2158 2125 2214 quens
2156 2163 2168 2201 :
2201 2146 2381 2213 Auno,
2412 2164 2509 2217 quo
2534 2160 2759 2202 mortuus
2788 2159 2862 2201 est
2894 2148 3045 2203 Ozias
3071 2165 3159 2202 rex
3188 2149 3339 2219 (lsai.
3372 2150 3422 2203 6.
3458 2151 3537 2220 l).

1960 2237 2081 2290 llzcc
2109 2238 2248 2291 enim
2293 2252 2448 2291 causa
2481 2238 2579 2292 fuit
2608 2254 2702 2293 cur
2728 2247 2890 2292 totam
2922 2239 2987 2293 ab
3009 2239 3228 2293 exordio
3256 2238 3536 2294 historiam

1958 2337 2342 2394 tractaremus;
2372 2329 2465 2384 sed
2490 2329 2785 2384 auscultate
2812 2328 3111 2400 diligenter.

2031 2420 2180 2491 Regis
2239 2420 2579 2474 sacerdotium
2625 2420 2903 2473 invadentis
2950 2419 3183 2473 audacia.
3246 2420 3537 2475 Sacerdotis

1956 2520 2143 2581 quanta
2177 2520 2413 2579 potestas.
2434 2539 2505 2551 —-
2526 2510 2593 2563 Et
2614 2514 2804 2581 factum
2848 2520 2919 2563 est
2942 2552 2955 2573 ,
2987 2511 3193 2580 inquit,
3242 2527 3353 2564 cum
3394 2512 3537 2565 inva-

1958 2601 2128 2653 luissct
2158 2598 2309 2652 Ozias
2338 2616 2426 2653 rex
2444 2640 2458 2665 ,
2487 2600 2670 2652 elatum
2694 2608 2764 2652 est
2792 2615 2878 2651 cor
2896 2600 3005 2669 ejus
3025 2640 3039 2666 ,
3067 2615 3221 2668 usque
3259 2601 3327 2652 ad
3359 2618 3535 2653 corru-

1958 2695 2196 2761 ptionem,
2219 2702 2265 2745 et
2286 2693 2523 2762 injuria»:
2548 2693 2663 2763 fecit
2690 2693 2741 2745 in
2770 2692 2983 2745 Domitio
3010 2691 3117 2745 Deo
3144 2708 3234 2746 suo
3258 2692 3333 2761 (2.
3358 2692 3534 2745 Paral.

1955 2784 2045 2838 26.
2071 2783 2182 2853 16).
2208 2785 2335 2852 Quis
2364 2785 2568 2854 injuriae
2595 2784 2825 2838 modus?
2848 2783 3116 2854 Ingressus
3141 2794 3240 2848 est,
3266 2784 3451 2854 inquit,
3486 2787 3537 2838 in

1958 2877 2198 2944 templum
2228 2876 2449 2942 Domini,
2475 2886 2525 2929 ut
2546 2876 2768 2929 adoleret
2797 2877 3053 2928 incensum
3074 2892 3225 2942 super
3244 2875 3403 2928 altare
3427 2876 3539 2945 Ilig-

1957 2967 2226 3020 miamatis.
2270 2969 2313 3022 Ο
2364 2966 2671 3020 audaciam!
2718 2981 2751 3019 o
2801 2965 3215 3033 impudentiam!
3272 2966 3538 3020 Adversus

1957 3060 2067 3126 ipsa
2100 3073 2247 3111 sacra
2274 3057 2431 3127 adyta
2456 3072 2612 3111 ausus
2634 3097 2647 3120 ,
2675 3057 2726 3109 in
2768 3064 2951 3109 sancta
2982 3070 3283 3108 sauczorum
3317 3055 3443 3123 irrug
3465 3057 3496 3109 ii
3518 3097 3536 3121 ,

1957 3165 2043 3219 qui
2074 3150 2217 3202 locus
2243 3148 2488 3200 omnibus
2513 3145 2977 3208 eratinaccessus,
3010 3153 3359 3213 praeterquam
3392 3162 3538 3197 suni-

1959 3255 2045 3293 nio
2071 3238 2367 3301 sacerdoti,
2413 3236 2553 3291 hunc
2593 3234 2873 3305 profanare
2898 3245 3119 3289 conatus
3146 3243 3245 3288 est.
3291 3234 3433 3288 Talis
3458 3250 3488 3289 e
3520 3244 3541 3289 t

1958 3332 2131 3383 anima
2162 3330 2215 3384 in
2241 3329 2593 3399 arrogantiam
2625 3328 2847 3381 sublata.
2883 3326 3061 3381 Semel
3087 3326 3226 3381 enim
3260 3326 3538 3395 desperata

1958 3423 2129 3475 salute
2160 3434 2486 3490 nequaquam
2505 3418 2697 3473 desiuit
2717 3418 2911 3481 furere,
2933 3431 3114 3471 verum
3139 3415 3373 3470 habenas
3399 3416 3539 3469 salu-

1962 3515 2026 3569 tis
2047 3529 2156 3568 sua:
2174 3513 2357 3566 laxans
2374 3509 2826 3566 irrationabilibus
2847 3508 3224 3577 cupiditatibus
3242 3509 3433 3576 quovis
3452 3524 3537 3560 ra-

1961 3606 2125 3677 pitur,
2148 3618 2244 3657 nec
2262 3602 2415 3656 aliter
2432 3616 2587 3670 quam
2605 3615 2770 3669 equus
2790 3600 3067 3662 ferociens,
3092 3597 3178 3651 ubi
3199 3596 3406 3652 frenum
3422 3613 3536 3661 ore,

1959 3709 2225 3751 sessorem
2252 3703 2397 3762 tergo
2417 3691 2671 3755 excussit,
2698 3690 2867 3743 fertur
2884 3689 3069 3759 quovis
3097 3697 3257 3742 vento
3284 3690 3536 3752 velocius,

1962 3785 2208 3839 omnibus
2249 3782 2418 3839 obviis
2459 3780 2823 3844 intolerabilis,
2870 3777 3268 3847 diffugientibus
3308 3779 3534 3834 cunctis.

1963 3894 2133 3947 neque
2160 3889 2422 3946 quoquam
2451 3871 2681 3926 audente
2722 3870 2977 3924 cohibere
3005 3886 3019 3923 :
3051 3870 3129 3924 sic
3155 3878 3209 3923 et
3232 3866 3407 3921 anima
3454 3868 3541 3921 ubi

1964 3972 2058 4027 Dei
2092 3971 2337 4024 timorem
2382 3968 2546 4036 ipsam
2579 3964 2936 4018 refrenantem
2978 3960 3242 4024 excussit,
3279 3968 3334 4013 et
3374 3960 3540 4011 ratio-

1964 4082 2085 4120 nem
2111 4063 2345 4119 habenas
2375 4058 2739 4113 moderantem
2771 4056 2924 4125 ejccit
2946 4094 2959 4117 ,
3002 4052 3068 4106 ad
3096 4051 3296 4121 quaevis
3326 4051 3543 4104 malitia:

1966 4157 2078 4208 loca
2102 4152 2369 4218 decurrit,
2392 4150 2562 4205 donec
2588 4148 2640 4202 in
2668 4146 2812 4201 exitii
2838 4144 3143 4199 barathrum
3170 4140 3343 4195 delata
3362 4183 3374 4205 ,
3405 4156 3542 4209 pra:-

1965 4244 2093 4314 cipit
2112 4245 2195 4297 irit
2221 4258 2371 4297 suam
2403 4242 2568 4311 ipsius
2589 4240 2834 4293 salutem.
2862 4237 3197 4304 Quapropter
3223 4240 3434 4302 oportet
3461 4247 3544 4282 as-

1967 4336 2115 4390 sidue
2143 4336 2283 4388 illam
2317 4334 2621 4397 refrenare,
2659 4345 2719 4382 ac
2758 4326 2967 4395 pietatis
2998 4325 3203 4378 ratione
3246 4338 3342 4376 ceu
3394 4322 3544 4373 freno

1967 4427 2192 4495 quodam
2224 4422 2634 4479 irrationabilem
2664 4419 2802 4471 illius
2833 4418 3085 4482 imi‘etum
3109 4412 3381 4466 inhibere:
3406 4411 3544 4479 quod

1972 4535 2073 4573 non
2104 4518 2228 4573 fecit
2254 4517 2405 4569 Ozias
2429 4555 2442 4579 ,
2468 4512 2564 4567 sed
2591 4510 2845 4563 adversus
2872 4508 3040 4575 ipsum
3080 4504 3319 4557 omnium
3355 4515 3545 4568 Supre-

1971 4629 2114 4667 mum
2156 4607 2503 4678 principatum
2549 4604 2717 4671 legem
2750 4609 3109 4667 transgressus
3140 4604 3241 4649 est.
3275 4592 3546 4662 Siquidem

1971 4702 2324 4758 sacerdotium
2357 4696 2681 4767 principatus
2710 4700 2791 4746 est
2814 4732 2828 4756 ,
2859 4690 2974 4759 ipso
3001 4688 3158 4742 etiam
3196 4701 3360 4755 regno
3385 4700 3549 4739 venw

1972 4793 2189 4848 rabilius
2222 4804 2285 4844 ac
2314 4787 2505 4858 majus.
2548 4785 2624 4840 Ne
2650 4784 2780 4837 mihi
2806 4794 2992 4835 narres
3029 4792 3348 4847 purpuram,
3381 4791 3551 4842 neque

1974 4885 2212 4939 diadema
2233 4923 2246 4947 ,
2296 4894 2469 4950 neque
2495 4887 2670 4932 vestes
2712 4889 2921 4928 aureas.
2952 4870 3169 4926 Umbrae
3214 4876 3337 4921 sunt
3367 4865 3551 4920 isthasc

1975 4976 2152 5033 omnia
2175 5014 2191 5041 ,
2220 4973 2505 5040 vernisque
2534 4967 2768 5023 flosculis
2798 4965 3015 5019 leviora.
3058 4961 3233 5014 Omnis
3262 4958 3403 5013 enim
3427 4998 3440 5021 ,
3474 4958 3554 5010 iii-

1976 5070 2121 5139 quit,
2152 5064 2367 5119 hantinis
2392 5061 2552 5132 gloria
2568 5059 2696 5113 sicut
2724 5060 2819 5127 flos
2841 5054 2960 5125 foeni
2989 5051 3140 5121 (Isai.
3165 5050 3255 5105 40.
3278 5047 3363 5117 6),
3394 5049 3555 5103 etiam

1979 5162 2021 5215 si
2051 5160 2216 5227 ipsam
2246 5155 2465 5226 gloriam
2493 5151 2725 5221 regalem
2756 5146 2977 5202 dixeris.
3008 5143 3117 5209 Ne,
3151 5142 3387 5210 inquam,
3425 5139 3557 5193 mihi

1982 5265 2164 5305 narres
2185 5248 2317 5311 ista;
2352 5246 2445 5300 sed
2474 5244 2515 5297 si
2546 5243 2628 5295 vis
2653 5239 2837 5295 videre
2863 5235 3148 5291 discrimen
3192 5240 3446 5300 quantum
3492 5231 3562 5284 sit

1982 5354 2159 5409 regem
2190 5340 2325 5392 inter
2363 5344 2416 5391 et
2458 5330 2790 5387 sacerdotem
2815 5369 2830 5393 ,
2866 5322 3109 5395 expende
3140 5320 3356 5376 modum
3408 5332 3559 5387 pote-

1984 5433 2134 5486 statis
2164 5430 2369 5498 utrique
2393 5425 2619 5484 traditas,
2646 5420 2850 5475 videbis
2876 5416 3207 5471 sacerdotem
3238 5413 3405 5466 multo
3435 5410 3564 5463 sub.

1986 5525 2164 5579 limius
2208 5536 2333 5591 rege
2375 5518 2669 5573 sedentem.
2701 5516 3030 5581 Quamquam
3079 5508 3221 5563 enim
3273 5506 3426 5558 nobis
3474 5518 3561 5556 ve-

1989 5613 2280 5670 iterandum
2338 5608 2546 5661 videtur
2602 5604 2788 5658 solium
2844 5601 3049 5668 regium
3104 5597 3171 5650 ob
3224 5608 3463 5664 gemmas
3515 5592 3562 5644 ei

1990 5705 2210 5766 affixas,
2268 5708 2321 5753 et
2369 5711 2552 5751 aurum
2609 5708 2712 5763 quo
2739 5694 2968 5745 cinctum
2998 5698 3079 5741 est
3120 5702 3132 5737 :
3169 5696 3345 5737 tamen
3387 5697 3563 5735 rerum

1996 5809 2324 5855 terrenarum
2357 5788 2864 5845 adtniiiistratimieni
2910 5783 3124 5836 sortitus
3171 5794 3262 5831 rex
3305 5788 3422 5829 est.
3468 5788 3561 5828 nec
