4144 6532
601 428 708 482 131

593 541 730 595 ultra
763 545 1081 609 potestatem
1126 539 1264 590 bane
1291 534 1576 606 quidquam
1603 532 1763 589 habet
1802 532 2131 589 auctoritatis
2162 549 2178 585 :

593 642 786 686 verum
807 626 1092 683 sacerdotii
1133 626 1326 682 solium
1366 625 1420 680 in
1449 624 1596 680 cadis
1623 624 1940 680 collocatum
1980 630 2094 688 est,
2126 632 2181 679 et

592 716 826 772 caelestia
851 715 1261 773 administrandi
1292 715 1453 772 habet
1479 715 1873 771 auctoritatem.
1903 713 2034 781 Quis
2065 713 2182 770 ha'c

594 806 724 862 dicit
739 806 763 860 τ
781 806 902 878 Ipse
922 807 1178 863 caelorum
1205 807 1338 862 Rex.
1375 805 1718 876 Quacumque
1735 804 1877 860 enim
1908 804 2181 876 ligaveritis

588 913 740 968 super
777 907 996 966 terram,
1023 905 1172 952 erunt
1205 897 1362 969 ligata
1389 907 1439 951 et
1466 897 1520 951 in
1557 895 1694 952 calls
1721 910 1742 951 :
1777 904 1828 951 et
1852 911 2180 967 quiscumque

585 991 834 1046 soleeritis
854 1007 1009 1062 super
1035 999 1220 1045 terram
1240 1033 1254 1058 ,
1289 1001 1432 1045 erunt
1454 991 1618 1044 soluta
1645 999 1693 1044 et
1716 989 1769 1043 in
1796 989 1932 1045 ctelis
1963 989 2176 1062 (Matth.

589 1084 680 1139 I6.
724 1083 838 1154 I9).
870 1083 1007 1150 Quid
1045 1098 1168 1139 cum
1222 1083 1323 1138 hoc
1377 1083 1580 1137 honore
1623 1081 1854 1138 conferri
1900 1082 2104 1153 possit?
2134 1083 2176 1139 Δ

589 1173 1017 1245 terrajudicandi
1035 1174 1382 1245 principalem
1400 1174 1774 1230 auctoritatem
1793 1176 2172 1233 sumitcaelum.

586 1265 716 1321 Nam
741 1267 901 1337 judex
933 1267 1083 1322 sedet
1107 1268 1160 1322 in
1193 1278 1355 1335 terra,
1382 1267 1640 1322 Dominus
1670 1269 1909 1338 sequitur
1935 1284 2171 1338 servum,

588 1367 644 1414 et
669 1359 926 1430 quidquid
967 1358 1057 1414 hic
1084 1360 1137 1413 in
1168 1358 1509 1415 inferioribus
1541 1359 1825 1431 iudicarit,
1857 1362 1959 1419 hoc
1986 1362 2076 1418 ille
2121 1363 2175 1419 in

584 1452 833 1521 supernis
856 1451 1190 1522 comprobat.
1215 1452 1400 1522 Itaque
1426 1452 1630 1508 medius
1651 1461 1754 1508 stat
1773 1453 2022 1509 sacerdos
2038 1455 2178 1511 inter

589 1545 754 1600 Deum
775 1553 830 1599 et
853 1553 1098 1600 naturam
1127 1543 1436 1610 humanam,
1468 1545 1615 1599 illinc
1636 1545 1898 1602 venientia
1920 1548 2176 1605 beneficia

583 1633 649 1687 ad
683 1648 781 1688 nos
803 1633 1075 1702 deferens,
1105 1646 1160 1690 et
1188 1645 1399 1690 nostras
1424 1635 1704 1706 petitiones
1731 1637 1855 1693 illuc
1883 1638 2172 1707 perferens,

587 1723 871 1779 Dominum
899 1724 1091 1779 iratum
1123 1726 1476 1781 reconcilians
1500 1727 1770 1781 communi
1804 1737 2006 1784 naturae
2031 1772 2046 1797 ,
2078 1745 2174 1786 nos

583 1816 671 1884 qui
716 1817 1042 1875 offendimus
1078 1821 1314 1891 eripiens
1349 1838 1416 1878 ex
1460 1823 1602 1878 illius
1652 1824 1914 1880 manibus.
1969 1824 2174 1882 Idcirco

587 1909 723 1965 Deus
752 1910 924 1981 ipsum
947 1913 1127 1983 regale
1153 1921 1315 1985 caput
1335 1915 1629 1971 sacerdotis
1651 1917 1895 1974 manibus
1919 1918 2169 1988 subjecit,

582 2015 681 2055 nos
707 2001 937 2070 docens,
980 2006 1122 2059 hunc
1163 2005 1459 2076 principem
1487 2023 1608 2064 esse
1636 2009 1727 2063 illo
1766 2009 2022 2080 majorem
2054 2030 2068 2068 :
2095 2014 2173 2068 si-

578 2090 794 2159 quidem
823 2093 874 2148 id
905 2093 1047 2164 quod
1081 2096 1258 2152 minus
1286 2107 1403 2164 est,
1435 2098 1862 2156 benedictionem
1885 2103 2077 2172 accipit
2104 2104 2171 2159 ab

580 2199 646 2237 co
713 2186 854 2255 quod
922 2187 1266 2257 praestantius
1321 2197 1422 2243 est.
1485 2190 1684 2246 Verum
1743 2192 1810 2247 de
1868 2195 2170 2250 sacerdotio

576 2283 883 2346 quantaque
911 2277 981 2332 sit
1027 2278 1168 2334 illius
1213 2279 1443 2350 dignitas
1462 2323 1478 2345 ,
1507 2282 1613 2337 alio
1657 2292 1898 2354 tempore
1926 2286 2167 2343 declara-

577 2363 753 2421 bimus
788 2385 802 2420 :
837 2368 1052 2424 interim
1104 2370 1509 2426 consideremus
1554 2384 1748 2442 quanta
1796 2379 1863 2430 sit
1905 2379 2044 2448 regis
2085 2381 2168 2436 vel

579 2461 792 2517 tri-anni
843 2463 1019 2530 potius
1048 2463 1322 2535 iniquitas.
1376 2465 1652 2535 Ingressus
1691 2478 1775 2523 est
1813 2469 1866 2523 in
1910 2473 2165 2541 templum

578 2548 787 2606 Domini
806 2592 823 2618 ,
855 2552 1129 2621 ingressus
1158 2565 1240 2610 est
1267 2565 1322 2612 et
1349 2556 1565 2612 Azarias
1592 2559 1845 2615 sacerdos
1870 2571 1993 2631 post
2021 2575 2171 2616 eum.

576 2643 660 2696 An
684 2654 885 2700 temere
913 2645 1157 2701 dicebam
1189 2648 1525 2707 sacerdotem
1557 2665 1681 2720 rege
1709 2651 1967 2721 majorem
2011 2656 2165 2709 esse?

574 2731 761 2803 Neque
777 2736 920 2789 enim
948 2744 1003 2790 ut
1024 2752 1202 2807 regem
1221 2737 1508 2807 ejecturus,
1527 2740 1620 2794 sed
1641 2751 1695 2794 ut
1714 2740 1991 2812 profugum
2010 2752 2065 2798 et
2085 2747 2167 2799 iu-

571 2837 782 2896 gratum
805 2827 1064 2883 famulum
1082 2830 1422 2902 expulsurus,
1447 2848 1566 2886 cum
1597 2832 1930 2889 vehementia
1963 2835 2166 2905 ingres-

571 2933 664 2974 sus
690 2929 804 2985 est,
834 2936 939 2977 non
968 2923 1129 2977 aliter
1157 2939 1317 2994 quam
1347 2939 1644 2995 generosus
1670 2927 1817 2981 canis
1846 2927 2070 2982 incurrit
2096 2929 2163 2984 ad

573 3011 836 3082 impuram
859 3013 1107 3076 bestiam,
1130 3023 1188 3067 ut
1216 3013 1358 3068 illam
1378 3015 1552 3084 exigat
1571 3015 1636 3069 ab
1662 3016 1864 3070 aedibus
1885 3017 2161 3073 herilibus.

639 3105 694 3157 2.
728 3103 944 3159 Fiducia
969 3105 1241 3159 sacerdotis
1262 3107 1348 3174 qui
1381 3106 1558 3160 Oziam
1596 3108 1860 3176 repressit,
1890 3111 2162 3176 laudatur;

569 3198 748 3251 timida
794 3199 1069 3267 impietas;
1115 3198 1349 3252 sacerdos
1396 3199 1646 3268 quomodo
1693 3198 1867 3254 debeat
1913 3204 2165 3271 corripere

570 3290 866 3358 principem.
899 3319 970 3329 —
999 3289 1186 3344 Vidisti
1207 3290 1500 3345 sacerdotis
1525 3293 1758 3346 animum
1784 3294 1947 3349 multa
1974 3295 2162 3350 Iiducia

570 3379 808 3445 plenum,
835 3379 1140 3448 excelsique
1163 3381 1417 3448 spiritus?
1444 3381 1557 3437 Non
1579 3383 1870 3453 aspiciebat
1900 3387 2163 3455 principa-

569 3480 652 3522 tus
681 3467 904 3536 fastum,
933 3483 1039 3523 non
1065 3469 1397 3538 expendebat
1420 3483 1616 3541 quanta
1645 3487 1730 3527 res
1757 3485 1896 3528 esset
1924 3478 2158 3531 animum

566 3558 856 3628 cupiditate
885 3560 1238 3614 temulentum
1281 3561 1571 3626 cohibere;
1621 3578 1725 3616 non
1755 3563 2001 3619 audiebat
2033 3567 2160 3622 illud

566 3649 864 3707 Salomonis
887 3669 900 3704 :
926 3650 1088 3707 Mitti:
1108 3654 1239 3724 regis
1260 3653 1388 3707 sicut
1407 3654 1486 3706 ira
1506 3655 1664 3709 leonis
1687 3655 1704 3725 (
1727 3655 1881 3710 Prov.
1911 3658 1994 3712 I9.
2023 3659 2086 3712 12
2106 3661 2160 3729 );

565 3744 658 3798 sed
704 3744 924 3801 sublatis
950 3746 1120 3802 oculis
1147 3746 1215 3801 ad
1249 3763 1428 3801 verum
1460 3746 1658 3816 Regem
1689 3749 1939 3804 caelorum
1958 3791 1971 3815 ,
2005 3761 2163 3820 atque

566 3834 695 3887 illud
729 3835 993 3904 tribunal,
1024 3851 1222 3906 easque
1255 3853 1438 3906 poenas
1467 3840 1844 3910 considerans,
1875 3853 1930 3897 et
1961 3845 2043 3898 his
2073 3860 2163 3900 co-

564 3925 911 3991 μὶιςιιίοιιὶὺιιδ
940 3941 1061 3982 sese
1105 3929 1349 3982 muniens
1373 3971 1387 3992 ,
1441 3928 1694 3998 impetum
1728 3930 1851 3985 fecit
1897 3935 1947 3987 in
1981 3945 2161 4005 tyran-

565 4031 713 4070 num.
747 4016 977 4072 Noverat
1006 4018 1149 4075 enitn
1170 4060 1184 4085 ,
1220 4029 1474 4085 noverat,
1516 4021 1728 4091 inquam
1751 4063 1764 4085 ,
1804 4033 1950 4078 certe
1996 4028 2163 4081 minas

565 4109 705 4178 regis
729 4108 934 4164 similes
971 4123 1090 4164 esse
1120 4109 1211 4163 ira:
1240 4110 1410 4164 leonis
1451 4109 1724 4167 dumtaxat
1763 4113 1826 4166 iis
1852 4115 1939 4183 qui
1970 4125 2160 4171 terram

565 4209 908 4267 spectarent:
955 4216 1140 4255 verum
1183 4201 1378 4257 homini
1422 4205 1512 4273 qui
1555 4205 1742 4258 caelum
1784 4205 2010 4261 habebat
2056 4225 2162 4276 prre

566 4294 766 4357 oculis,
794 4296 992 4364 quique
1020 4295 1098 4348 sic
1126 4295 1410 4348 induxerat
1437 4297 1670 4350 animum
1691 4339 1705 4363 ,
1736 4307 1792 4352 ut
1820 4303 1974 4352 vitam
2007 4302 2162 4356 citius

567 4385 621 4437 in
654 4385 781 4453 ipsis
807 4385 979 4455 adytis
1008 4384 1339 4454 deponeret,
1374 4401 1530 4456 quam
1561 4401 1739 4441 sacras
1778 4388 1921 4458 leges
1965 4392 2164 4447 sineret

567 4475 793 4540 violari,
817 4476 1005 4541 quovis
1026 4490 1159 4530 cane
1186 4477 1338 4530 vilior
1364 4487 1479 4531 erat
1509 4477 1618 4532 ille.
1647 4478 1783 4532 Nihil
1808 4481 1947 4535 enim
1975 4497 2039 4536 eo
2067 4501 2162 4536 un-

571 4565 844 4630 Iiccillius,
877 4565 964 4634 qui
992 4565 1197 4619 divinas
1218 4569 1497 4622 conculcat
1523 4569 1665 4638 leges
1691 4610 1704 4634 ,
1737 4578 1793 4623 ut
1820 4581 2002 4626 contra
2033 4573 2162 4628 nihil

569 4655 837 4725 potentius
863 4671 928 4710 eo
959 4655 1046 4724 qui
1071 4655 1216 4724 leges
1242 4656 1451 4711 divinas
1478 4658 1733 4714 defendit.
1764 4661 1892 4715 Nam
1925 4663 2024 4728 Qui
2049 4681 2162 4732 pec-

569 4758 734 4800 catum
775 4749 1075 4814 committit,
1126 4765 1297 4803 seruus
1340 4764 1412 4804 est
1452 4755 1640 4821 peccati
1682 4753 1872 4822 (Joan.
1906 4758 1957 4810 8.
1991 4759 2078 4813 5i.
2106 4759 2160 4828 ),

569 4839 779 4894 etiamsi
825 4839 1009 4894 decem
1054 4840 1215 4895 millia
1264 4858 1585 4899 coronarum
1634 4846 1826 4901 habeat
1865 4849 1915 4902 in
1947 4853 2158 4918 capite:

567 4940 755 4986 cmitra
801 4931 846 4984 si
886 4933 1008 5000 quis
1043 4931 1301 5000 justitiam
1336 4947 1616 5004 operatur,
1646 4939 1762 5008 ipso
1793 4955 1913 5009 rege
1941 4944 2163 5010 regalior

569 5034 650 5076 cst
672 5064 687 5087 ,
720 5024 928 5077 etiamsi
963 5024 1122 5078 fuerit
1150 5029 1386 5081 omnium
1418 5030 1647 5084 infimus.
1681 5032 1807 5088 Ilwc
1833 5034 1917 5087 ille
1948 5037 2163 5103 pracla-

571 5132 659 5169 rus
687 5116 827 5186 apud
859 5132 979 5171 sese
1020 5117 1456 5190 philosophatus,
1488 5121 1704 5178 adortus
1732 5135 1813 5180 est
1848 5142 2048 5196 regem.
2077 5127 2163 5182 Iu-

568 5206 876 5275 grediamur
906 5216 959 5261 et
988 5224 1086 5262 nos
1107 5250 1119 5272 ,
1155 5213 1195 5263 si
1226 5211 1435 5266 videtur
1455 5254 1469 5279 ,
1503 5229 1623 5267 cum
1655 5214 1774 5282 illo,
1808 5227 1863 5270 ut
1894 5219 2165 5275 videamus

571 5297 695 5363 quid
722 5297 969 5366 l0quatur
991 5299 1122 5368 regi.
1155 5301 1301 5354 Licet
1326 5304 1464 5357 enim
1493 5322 1506 5358 :
1540 5321 1709 5375 neque
1736 5306 2050 5362 mediocrem
2075 5311 2166 5363 ad-

574 5389 706 5444 fieret
736 5390 1019 5444 utilitatem
1043 5433 1056 5455 ,
1081 5402 1323 5461 spectare
1347 5411 1526 5464 regem
1549 5413 1576 5452 a
1600 5398 1875 5452 sacerdote
1899 5403 2162 5471 redargui.

572 5481 707 5546 Quid
739 5481 894 5549 igitur
921 5481 1045 5535 dicit
1078 5484 1367 5538 sacerdos?
1400 5487 1516 5540 Non
1557 5488 1667 5542 licet
1695 5490 1808 5554 tibi,
1864 5490 2017 5556 Ozia,
2073 5493 2167 5544 ad-

574 5575 709 5627 olere
737 5573 995 5626 incensum
1026 5573 1240 5629 Domino
1265 5575 1350 5646 (ει.
1386 5577 1561 5633 Parul.
1586 5581 1655 5635 ‘26
1675 5582 1715 5650 ).
1746 5580 1858 5634 Non
1888 5585 2169 5652 appellavit

572 5681 694 5718 cum
728 5679 943 5732 regem,
994 5683 1165 5736 neque
1210 5669 1412 5738 imperii
1448 5672 1651 5724 titulum
1687 5672 1861 5738 dedit,
1895 5676 2012 5742 quia
2056 5676 2168 5743 ipse

576 5757 909 5826 pt‘mwtniens
945 5773 1065 5813 sese
1098 5759 1348 5829 dignitate
1391 5763 1673 5831 dejcccrat.
1711 5765 1890 5819 Vidisti
1926 5767 2167 5821 fiduciam

573 5848 1164 5906 saecrdolis?l’rotnde
1217 5850 1366 5908 disce
1419 5867 1470 5910 et
1516 5860 1999 5915 mansuetudinem.
2055 5864 2164 5916 Non

1345 419 1402 479 S.
1425 417 1704 478 JOANNIS
1743 417 2216 483 CIIIIYSOSTOMI
2251 417 2570 482 ARCHIEP.
2601 422 3134 484 CONSTANTINOI’.

3783 451 3887 506 132

2290 531 2437 589 enim
2461 533 2651 592 Ildueia
2673 535 2827 594 nobis
2847 545 3052 592 tantum
3076 553 3212 611 opus
3237 550 3319 597 est
3336 541 3388 598 in
3414 544 3883 614 reprehendendo,
3954 569 3964 574 ·

2287 639 2469 681 verum
2499 628 2668 684 multo
2706 630 2874 701 magis
2918 646 3052 703 opus
3081 641 3164 687 est
3189 637 3597 694 mansuetudine
3640 657 3798 711 quam
3831 646 3877 699 ll-

2285 715 2462 774 ducia.
2494 719 2626 788 Quia
2660 722 2803 778 enim
2832 724 3101 781 neminem
3131 727 3437 784 mortalium
3467 734 3544 787 sic
3572 747 3888 793 aversantur

2285 807 2617 880 aderuntque
2643 811 2678 868 ii
2706 813 2797 884 qui
2825 823 3046 885 peccant
3064 856 3081 884 ,
3108 825 3167 871 ut
3191 832 3314 873 cum
3340 820 3428 889 qui
3459 823 3889 894 reprehensurus

2284 907 2399 966 est,
2431 901 2760 974 cupiuntque
2786 905 3126 962 occasionem
3155 909 3427 978 arripere,
3472 922 3528 966 ut
3566 912 3884 981 elabantur,

2284 995 2337 1043 et
2360 987 2615 1062 effugiant
2638 993 3111 1062 reprehensionem
3138 1012 3153 1056 :
3187 1012 3407 1054 necesse
3431 1010 3514 1055 est
3541 1010 3598 1057 ut
3618 1018 3714 1058 eos
3744 1021 3864 1060 man

2283 1082 2562 1139 suetudine
2584 1085 3018 1157 humanitateque
3034 1088 3379 1146 retineamus.
3395 1092 3717 1165 Ubjurgator
3738 1098 3882 1151 enim

2284 1187 2390 1226 non
2439 1173 2613 1229 solum
2659 1189 2782 1231 eum
2831 1191 3016 1234 vocem
3045 1180 3276 1249 promit,
3319 1196 3503 1238 verum
3545 1185 3708 1240 etiam
3760 1203 3879 1244 cum

2282 1263 2525 1332 videtur,
2553 1267 2730 1337 gravis
2753 1276 2836 1324 est
2861 1271 3240 1339 peccantibus:
3273 1272 3453 1329 Gravis
3482 1276 3613 1330 enim
3631 1317 3646 1344 ,
3678 1277 3874 1347 inquit,

2281 1354 2423 1410 nobis
2451 1365 2523 1410 est
2547 1357 2698 1412 etiam
2726 1367 2932 1431 aspectu
2976 1360 2995 1431 (
3019 1361 3150 1432 Sap.
3178 1363 3236 1417 2.
3269 1364 3372 1435 I5)
3401 1383 3416 1421 :
3447 1365 3566 1420 ideo
3593 1369 3874 1438 plurimam

2280 1447 2738 1505 mansuetudinem
2777 1461 3029 1521 praestare
3070 1464 3301 1524 oportet.
3335 1457 3460 1513 Ideo
3502 1460 3657 1514 nobis
3699 1477 3876 1516 sermo

2279 1538 2623 1609 prepheticus
2650 1540 2719 1596 ob
2743 1540 2925 1597 oculos
2953 1546 3127 1613 posuit
3152 1554 3205 1600 et
3233 1561 3356 1602 eum
3405 1549 3492 1617 qui
3527 1551 3794 1618 peccavit,
3823 1562 3878 1606 et

2277 1644 2399 1686 eum
2427 1632 2514 1701 qui
2554 1633 2726 1703 ipsum
2768 1635 3039 1706 eorrigere
3081 1638 3318 1707 parabat.
3365 1639 3574 1696 Etenim
3607 1643 3872 1712 sapientes

2278 1720 2467 1776 medici
2498 1737 2620 1778 cum
2650 1724 2888 1779 membra
2934 1728 3222 1796 putrefacta
3255 1730 3452 1783 seeturi
3483 1741 3639 1796 sunt,
3670 1743 3763 1787 aut
3794 1734 3867 1788 la-

2279 1810 2428 1881 pides
2455 1813 2507 1867 in
2531 1815 2788 1871 meatibus
2811 1815 3003 1873 aflixos
3030 1819 3352 1886 extracturi,
3381 1829 3470 1875 aut
3497 1822 3638 1877 aliud
3666 1834 3875 1880 natura:

2276 1902 2459 1957 vitium
2490 1906 2780 1962 correctori
2805 1948 2820 1974 ,
2866 1923 2973 1963 non
3006 1907 3057 1963 id
3088 1907 3321 1976 faciunt,
3350 1925 3417 1966 eo
3454 1912 3545 1982 qui
3585 1913 3791 1969 laborat
3819 1916 3870 1970 in

2274 1995 2522 2066 angulum
2565 1997 2821 2064 abducto,
2854 1997 2949 2055 sed
2988 2015 3053 2055 eo
3089 2000 3141 2056 in
3186 2000 3374 2057 mediis
3418 2001 3547 2059 foris
3589 2005 3867 2074 deposito,

2275 2097 2553 2156 postquam
2583 2102 2681 2143 ceu
2705 2091 2969 2145 theatrum
2998 2093 3435 2160 praetereuntium
3462 2095 3561 2149 sibi
3585 2110 3832 2166 pararunt
3853 2141 3867 2161 ,

2273 2175 2344 2230 ita
2374 2176 2587 2232 demum
2626 2179 2912 2235 admovent
2953 2180 3266 2237 sectionem.
3308 2181 3420 2239 Iloc
3457 2192 3632 2239 autem
3673 2186 3872 2242 faciunt

2274 2285 2379 2323 non
2405 2271 2547 2340 qttod
2581 2271 2743 2328 velint
2773 2272 3032 2330 humanas
3063 2273 3343 2331 traducere
3372 2276 3699 2333 calamitates
3723 2320 3738 2342 ,
3772 2282 3867 2333 sed

2272 2372 2328 2418 ut
2367 2364 2649 2435 unicuique
2689 2366 2918 2437 propria:
2963 2367 3211 2423 sanitatis
3248 2370 3626 2426 commendent
3659 2388 3863 2429 curam.

2269 2453 2456 2512 Itidem
2484 2467 2540 2512 et
2567 2455 2840 2529 Scriptura
2877 2458 3039 2516 facit:
3072 2460 3159 2515 ubi
3189 2476 3346 2532 quem
3377 2462 3599 2534 arripuit
3638 2479 3866 2533 peccan-

2270 2547 2400 2601 tium
2422 2589 2436 2613 ,
2467 2549 2572 2603 alta
2600 2564 2729 2605 voce
2755 2549 2900 2604 illum
2923 2550 3216 2606 curandmn
3245 2554 3518 2623 pr0p0nit,
3545 2571 3650 2610 non
3674 2557 3725 2610 in
3751 2573 3864 2612 mc-

2267 2635 2370 2693 dlis
2401 2636 2526 2692 foris
2547 2678 2564 2706 ,
2596 2639 2691 2695 sed
2723 2640 2774 2694 in
2806 2639 2980 2698 media
3013 2649 3152 2696 terra
3182 2658 3194 2695 :
3228 2652 3283 2698 et
3328 2652 3673 2715 posteaquam
3705 2648 3866 2701 totius

2267 2726 2412 2784 orbis
2441 2729 2851 2786 eircumstetcrit
2881 2730 3183 2800 theatrum,
3218 2745 3328 2786 tum
3353 2734 3682 2790 curationem
3714 2736 3866 2789 adhi-

2265 2818 2392 2887 bet,
2423 2821 2677 2877 erudiens
2715 2835 2842 2890 nos,
2875 2831 2933 2877 ut
2971 2821 3111 2878 circa
3154 2824 3420 2894 propriam
3466 2826 3694 2880 salutem
3733 2842 3862 2880 cau-

2267 2913 2430 2967 tiores
2449 2915 2634 2968 simus.
2661 2914 2946 2971 Videamus
2973 2915 3132 2986 igitur
3150 2932 3259 2986 quo
3287 2925 3440 2985 pacto
3463 2917 3717 2974 sacerdos
3741 2929 3864 2974 tunc

2267 3003 2413 3058 illum
2446 3005 2712 3075 corrigere
2738 3007 2807 3061 sit
2849 3021 3155 3077 aggressus.
3181 3006 3295 3063 Non
3326 3006 3494 3075 dixit,
3524 3008 3569 3063 Ο
3599 3009 3758 3079 impie
3783 3051 3799 3076 ,
3832 3027 3864 3064 ο

2267 3097 2712 3153 sceleratissime:
2756 3099 2932 3153 omnia
2979 3099 3283 3156 subvertisti
3326 3100 3755 3173 conludistiquc,
3795 3105 3860 3157 ad

2265 3199 2557 3244 extremam
2607 3189 2930 3260 lmpietatem
2972 3191 3302 3261 prorupisti:
3344 3207 3517 3262 neque
3559 3208 3859 3248 serlttonctlt

2263 3282 2618 3336 accusationis
2645 3282 2696 3337 in
2726 3282 2937 3353 longum
2967 3283 3218 3353 produxit
3242 3304 3256 3350 ;
3285 3283 3381 3340 sed
3408 3286 3859 3355 quemadnuulum

2266 3374 2299 3427 ii
2327 3375 2413 3443 qui
2444 3382 2662 3440 secant,
2691 3372 2792 3431 hoc
2817 3375 3050 3430 breviter
3077 3373 3253 3431 facere
3294 3375 3544 3443 student,
3585 3378 3874 3431 celeritate

2264 3466 2514 3520 sectionis
2562 3466 2826 3521 cruciatus
2871 3480 3084 3521 sensum
3134 3466 3416 3523 fallentes:
3452 3468 3630 3522 itidem
3677 3479 3730 3524 et
3777 3470 3860 3523 Im:

2265 3558 2605 3628 asperitatem
2637 3558 3017 3629 objurgationis
3057 3559 3240 3629 paucis
3260 3558 3435 3614 verbis
3453 3560 3822 3629 constringem
3843 3603 3856 3621 ,

2266 3652 2405 3717 regis
2434 3649 2757 3703 iracundiam
2784 3649 3038 3703 cohibuit.
3081 3648 3232 3717 Quod
3267 3649 3408 3704 enim
3450 3659 3531 3704 est
3571 3650 3623 3704 in
3667 3651 3731 3705 iis
3770 3656 3858 3722 qui

2266 3741 2506 3796 laborant
2530 3743 2695 3796 sectio
2719 3742 2734 3772 ⁸
2756 3782 2770 3809 ,
2797 3740 2896 3797 hoc
2917 3750 2999 3798 est
3020 3744 3072 3796 in
3097 3743 3162 3796 iis
3183 3741 3268 3814 qui
3292 3753 3514 3812 pet-eant
3536 3743 3858 3812 redargutio.

2268 3836 2502 3907 Denique
2552 3846 2740 3906 praeter
2786 3835 2886 3889 alia
2927 3836 3086 3890 etiam
3135 3835 3246 3905 ipsa
3296 3836 3551 3890 brevitate
3592 3838 3865 3892 sirmonis

2266 3927 2685 3982 moderationem
2717 3927 2869 3982 nobis
2891 3926 3119 3982 exhibet.
3153 3927 3303 3995 Quod
3330 3927 3372 3980 si
3400 3929 3548 3994 cupis
3570 3944 3650 3981 ve:
3670 3929 3858 3982 borum

2265 4031 2475 4086 quoque
2516 4019 2805 4071 sectionem
2846 4018 3030 4071 videre
3067 4025 3120 4071 et
3160 4017 3243 4070 ubi
3290 4017 3487 4071 ferrum
3537 4019 3858 4084 occultat-it,

2265 4108 2409 4161 audi.
2441 4106 2561 4160 Non
2587 4109 2698 4161 licet
2721 4149 2733 4170 ,
2763 4108 2930 4177 inquit
2950 4149 2964 4175 ,
2990 4109 3080 4161 tibi
3106 4109 3308 4161 adolere
3330 4109 3587 4161 incensum
3613 4110 3858 4176 Domino,

2264 4197 2352 4251 sed
2378 4198 2496 4252 solis
2525 4198 2862 4251 sacerdotibus
2883 4241 2894 4263 ,
2927 4200 3045 4264 ﬁliis
3069 4199 3238 4253 Aaron
3259 4239 3273 4265 ,
3306 4201 3622 4253 consecratis.
3656 4201 3749 4254 llic
3779 4204 3830 4254 in
3854 4233 3860 4238 -

2266 4288 2397 4342 Ilixit
2436 4289 2650 4342 vulnus.
2691 4288 3004 4354 Quomodo?
3042 4289 3149 4358 Ego
3187 4288 3380 4343 dicam.
3421 4289 3530 4343 Cur
3565 4291 3708 4344 enim
3751 4306 3860 4345 non

2264 4379 2577 4450 simpliciter
2612 4379 2744 4434 dixit
2770 4421 2784 4445 ,
2820 4378 3175 4435 Sacerdotibus
3198 4422 3211 4446 ,
3254 4380 3345 4434 sed
3378 4379 3614 4445 addidit,
3646 4381 3864 4435 Aaron?

2264 4472 2314 4526 ls
2355 4473 2552 4541 primus
2583 4472 2679 4526 fuit
2710 4475 2970 4540 pontifex,
3001 4472 3277 4541 simileque
3319 4472 3519 4526 facinus
3547 4473 3686 4526 illius
3718 4483 3859 4527 ιυιιιο

2268 4565 2482 4634 poribus
2519 4562 2731 4632 quidam
2772 4564 2887 4617 ausi
2928 4573 3083 4631 sunt,
3131 4563 3332 4616 Dathau
3369 4564 3510 4618 enim
3550 4572 3601 4617 ct
3642 4564 3781 4619 Core
3805 4576 3866 4620 et

2267 4658 2500 4719 Abiron,
2526 4656 2785 4726 conjurati
2825 4657 3078 4710 ίιᾱνοΐδιις
3121 4655 3264 4708 illum
3295 4672 3414 4709 cum
3455 4657 3572 4711 aliis
3615 4658 3859 4726 aliquot,

2267 4751 2549 4805 voluerunt
2580 4763 2631 4804 et
2663 4749 2757 4819 ipsi
2783 4750 3138 4804 sacerdotium
3168 4749 3314 4803 obire
3347 4748 3539 4820 (Nam.
3576 4751 3660 4805 I6.
3692 4761 3737 4804 ct
3767 4753 3858 4806 I’s.

2268 4844 2390 4898 105.
2423 4844 2510 4897 17.
2554 4842 2696 4909 18);
2729 4840 2818 4894 sed
2850 4841 2979 4893 alios
3009 4842 3220 4909 quidrm
3251 4852 3389 4894 tetra
3427 4840 3711 4896 dehiscens
3761 4843 3862 4895 ab-

2266 4936 2499 4997 sorbuit,
2531 4936 2664 4987 alios
2691 4949 2815 4987 vero
2843 4934 2911 4987 de
2937 4934 3069 4987 cmlo
3094 4934 3321 4986 emissus
3353 4933 3485 5001 ignis
3509 4934 3730 4986 exussit.
3760 4934 3866 4986 Ilit-

2262 5025 2347 5094 jus
2377 5040 2504 5094 ergo
2534 5025 2766 5079 historia:
2792 5023 2972 5080 volens
2998 5023 3144 5078 illum
3176 5023 3637 5078 commonefacere
3659 5064 3671 5084 ,
3701 5039 3862 5077 men-

2271 5118 2469 5171 tionem
2511 5116 2630 5171 fecit
2660 5117 2883 5170 Aaronis
2909 5156 2922 5180 ,
2957 5116 3045 5184 qui
3087 5123 3210 5169 tunc
3252 5116 3342 5169 fuit
3385 5116 3571 5184 injuria
3599 5115 3860 5181 amotus,

2272 5221 2326 5261 ut
2347 5208 2413 5262 ad
2439 5209 2792 5261 calamitatem
2820 5222 3002 5261 eorum
3027 5207 3116 5277 qui
3146 5206 3380 5261 fecerant
3404 5209 3675 5274 injuriam,
3705 5207 3866 5276 hujus

2270 5302 2642 5369 cogitationem
2684 5297 3082 5352 transmitteret.
3124 5299 3386 5354 Cet-terum
3429 5300 3558 5352 nihil
3590 5301 3702 5352 hzec
3733 5315 3864 5368 pro-

2271 5394 2437 5456 fuere.
2464 5410 2566 5447 non
2596 5402 2812 5463 propter
2833 5393 3183 5456 sacerdotem,
3209 5393 3301 5447 sed
3328 5393 3397 5446 ob
3421 5393 3558 5461 regis
3583 5391 3864 5447 ferociam.

2271 5485 2401 5538 Cum
2424 5484 2563 5537 enim
2590 5484 2856 5537 debuisset
2878 5482 3091 5537 laudare
3117 5481 3476 5544 sacci-dorem,
3511 5500 3710 5553 proque
3731 5500 3866 5540 eon-

2337 5624 2352 5654 ¹
2390 5622 2810 5680 Manuscriptorum
2836 5620 2910 5668 alii
2937 5621 3151 5669 habent:
3181 5621 3312 5678 Quod
3336 5619 3462 5668 enim
3484 5628 3551 5669 est
3587 5621 3636 5669 in
3658 5623 3868 5673 rulnert-

2272 5684 2356 5732 bus
2380 5693 2554 5739 sectio;
2581 5683 2658 5730 alii
2686 5697 2696 5729 :
2727 5683 2857 5741 (mod
2888 5683 3013 5732 enim
3047 5689 3113 5730 est
3138 5683 3187 5730 in
3210 5682 3484 5738 corporibus
3507 5682 3669 5731 sectio.
3695 5685 3874 5736 Melius

2274 5754 2435 5794 tamen
2464 5746 2660 5803 legitur,
2689 5750 2818 5803 (mod
2846 5745 2971 5792 enim
2994 5752 3060 5792 est
3086 5744 3133 5791 iu
3161 5742 3217 5791 iis
3252 5742 3332 5803 qui
3380 5742 3594 5791 laborant
3619 5747 3780 5802 sectio.
3807 5760 3865 5797 ιιι

2274 5808 2396 5867 legit
2421 5813 2654 5862 Erasinus,
2692 5820 2798 5866 qua:
2827 5805 2967 5853 ιυυιιυ
2999 5809 3150 5866 probe
3168 5806 3369 5867 quadrat
3391 5805 3449 5854 ad
3476 5815 3752 5867 sequentia,
3772 5805 3873 5859 ltoc

2276 5882 2341 5920 est
2367 5867 2413 5920 iu
2441 5867 2498 5916 iis
2519 5867 2597 5928 qui
2626 5877 2816 5930 peccant
2846 5872 3134 5931 redurgutto.
