4056 6456
593 415 706 470 133

591 526 688 591 οὐχ
734 523 762 574 6
811 518 971 574 Δαυῒδ
1001 517 1207 582 οὕτως’
1247 517 1380 571 ἀλλά
1424 516 1575 583 πῶς;
1609 515 1765 570 Μετά
1803 512 1902 583 τὴν
1937 509 2042 563 ὑπὸ
2065 505 2161 591 τοῦ

590 588 780 658 Ναθάν
807 602 1105 672 γενομένην
1147 600 1480 670 κατηγορίαν
1495 598 1608 668 οτὴν
1648 598 1740 650 ἐπὶ
1762 597 1828 666 τῇ
1860 588 2160 665 Βηρσαϐεὲ,

602 685 943 755 Ἠμάρτηκα
971 683 1122 759 [155]
1143 682 1222 750 τῷ
1249 683 1462 752 Κυρίῳ,
1484 680 1668 750 φησίν.

642 818 715 875 γ’.
740 807 891 871 Εἶδες
907 803 1339 875 συτετριμμένην
1359 801 1618 872 καρδίαν;
1663 793 1801 861 εῖδες
1834 812 2165 851 τεταπεινω-

592 889 762 960 μένην
788 889 967 957 ψυχήν
990 905 1006 953 ;
1039 882 1176 950 εἶδες
1202 885 1318 948 πῶς
1345 886 1436 938 καὶ
1462 885 1531 939 τά
1559 883 1827 954 πτώματα
1859 883 1967 935 τῶν
1996 880 2166 948 ἀγίων

589 969 848 1040 λαμπράς
880 969 1142 1039 Καθάπερ
1169 968 1276 1038 γὰρ
1303 967 1372 1020 τά
1410 967 1636 1037 λαμπρά
1651 966 1758 1019 τῶν
1782 965 2048 1035 σωμάτων
2072 963 2166 1016 καὶ

589 1055 684 1108 ἐπὶ
717 1054 816 1123 τῆς
844 1053 1153 1125 ἀρρωστίας
1183 1051 1354 1104 πολλά
1381 1053 1479 1122 τῆς
1502 1049 1802 1120 εὐμορφίας
1831 1049 1964 1117 ἡμῖν
2001 1045 2168 1100 ἐνδεί-

589 1153 778 1188 κνυται
801 1135 868 1187 τὰ
901 1136 1020 1206 ίχνη
1040 1153 1055 1166 ·
1085 1135 1226 1188 οὕτω
1254 1135 1347 1189 καὶ
1375 1135 1482 1187 τῶν
1504 1134 1673 1202 ἁγίων
1701 1133 1757 1185 αἰ
1785 1131 1955 1201 ψυχαὶ
1989 1131 2081 1183 καὶ
2108 1131 2166 1182 ἐν

589 1218 772 1280 αὑτοῖς
825 1220 937 1280 τοῖς
980 1218 1387 1288 παραπτώμασι
1418 1226 1438 1248 ⁴
1472 1217 1572 1286 τῆς
1609 1215 1812 1277 οἰκείας
1861 1214 2058 1284 ἀρετῆς
2097 1211 2166 1264 τὰ

589 1300 833 1370 σύμϐολα
875 1301 1118 1372 φέρουσι.
1167 1301 1358 1354 Καίτοι
1405 1316 1469 1367 γε
1509 1300 1714 1361 ἐκεῖνος
1754 1297 1852 1367 μὲν
1888 1298 1946 1348 ἐν
1980 1296 2165 1366 μέσοις

584 1387 698 1445 τοῖς
755 1383 1045 1451 βασιλείοις
1104 1385 1459 1452 κατηγορεῖτο
1497 1381 1649 1450 παρά
1698 1379 1792 1432 τοῦ
1842 1380 2162 1450 προφήτου,

587 1465 870 1535 παρόντων
900 1464 1108 1518 πολλῶν
1129 1483 1141 1495 ·
1168 1457 1323 1524 οὗτος
1346 1464 1401 1516 δὲ
1426 1463 1572 1517 ἔνδον
1599 1464 1655 1516 ἐν
1685 1465 1793 1527 τοῖς
1814 1461 2048 1527 ἀδύτοις,
2072 1462 2165 1513 καὶ

593 1548 911 1620 ἀμάρτυρον
942 1545 1054 1619 εἶχε
1088 1548 1179 1600 τὸν
1201 1548 1447 1617 ἔλεγχον·
1483 1546 1597 1600 ἀλλ’
1625 1546 1744 1599 οὑδὲ
1773 1545 1943 1610 οὕτως
1964 1547 2162 1617 ἤνεγκε

583 1633 681 1702 τὴν
716 1633 1049 1701 ἐπιτίμησιν.
1096 1632 1160 1684 Τί
1204 1629 1330 1694 οῦν;
1374 1633 1592 1694 ἀνίατος
1611 1630 1839 1701 ἔμενενς
1876 1630 2160 1701 Οὐδαμῶς.

583 1713 670 1767 διὰ
692 1714 790 1785 τὴν
815 1714 908 1767 τοῦ
939 1714 1072 1768 Θεοῦ
1106 1713 1512 1787 φιλανθρωπίαν
1531 1731 1542 1744 ·
1570 1712 1683 1767 ἀλλ’
1705 1713 1894 1784 ὥσπερ
1938 1715 2032 1766 ἐπὶ⁸
2068 1713 2162 1766 τοῦ

587 1796 1053 1867 σεληνιαζομένου,
1105 1798 1213 1850 τῶν
1258 1798 1508 1869 μαθητῶν
1557 1798 1657 1851 οὑκ
1709 1799 2036 1868 ἰσχυσάντων
2074 1799 2163 1852 τὸν

583 1878 810 1948 δαίμονα
837 1879 1106 1942 ἐκϐαλεῖν,
1127 1881 1155 1932 6
1170 1881 1402 1950 Χριστός
1433 1897 1589 1951 φησι,
1610 1879 1820 1947 Φέρετέ
1857 1898 1960 1949 μοι
1979 1881 2113 1934 αὺτε
2126 1898 2164 1933 ν

581 1958 730 2018 ὧδε·
757 1963 902 2017 οὕτω
945 1964 1040 2016 καὶ
1080 1963 1333 2027 ἐνταῦθα,
1372 1963 1467 2017 τοῦ
1514 1963 1702 2036 ἱερέως
1736 1964 1810 2036 μὴ
1845 1964 2163 2035 δυνηθέντος

583 2047 782 2110 παντὸς
801 2046 1053 2117 δαίμονος
1074 2047 1452 2116 χαλεπώτερον
1484 2048 1714 2118 νόσημα,
1742 2047 1840 2118 τὴν
1889 2048 2164 2118 ἁμαρτίαν

582 2129 852 2194 ἐκϐαλεῖν,
887 2130 1047 2191 αὐτὸς
1067 2129 1250 2183 λοιπὸν
1273 2132 1301 2183 6
1325 2129 1454 2193 Θεὸς
1477 2130 1567 2183 τὸν
1600 2130 1876 2201 κάμνοντα
1908 2148 2164 2201 μεταχει-

585 2212 812 2284 ρίζεται.
853 2214 964 2266 Καὶ
983 2213 1037 2266 τί
1064 2215 1238 2278 ποιεϊ;
1269 2213 1494 2283 Λέπραν
1537 2213 1833 2283 ἐπαφίησιν
1878 2213 2042 2266 αὑτοῦ
2085 2213 2164 2284 τῷ

584 2297 842 2368 μετώπῳ.
892 2297 1160 2367 Ἐγένετο
1197 2296 1324 2366 γὰρ,
1367 2297 1552 2366 φησιν,
1601 2297 1670 2349 ὲν
1711 2294 1792 2361 τῷ
1837 2295 2163 2365 ἀπειλῆσαι

579 2383 768 2437 αὐτὸν
798 2382 878 2447 τῷ
899 2381 1056 2451 ιερεῑ,
1077 2384 1272 2450 λέπρα
1294 2380 1601 2435 ἀνέτειλεν
1624 2380 1723 2434 ἐπὶ
1746 2380 1850 2435 τοῦ
1889 2381 2163 2449 μετώπου

579 2465 788 2529 αὐτοῦ,
811 2466 905 2518 καὶ
926 2465 1073 2536 ἐξῄει
1101 2464 1310 2525 λοιπὸν,
1334 2463 1587 2534 καθάπερ
1613 2466 1660 2516 οἱ
1692 2463 1791 2532 τὴν
1816 2464 1909 2515 ἐπὶ
1938 2463 2164 2517 θάνατον

580 2548 940 2619 ἀπαγόμενοι,
973 2549 1232 2620 σπαρτίον
1259 2546 1351 2599 ἐπὶ
1392 2545 1485 2599 τοῦ
1515 2547 1778 2616 στόματος
1807 2547 2039 2616 ἔχοντες,
2067 2547 2164 2615 τῆς

582 2632 1049 2702 καταδικαζούσης
1101 2630 1369 2702 σύμϐολον
1414 2630 1630 2701 ψήφου,
1681 2629 1822 2683 οὕτω
1870 2629 1964 2682 καὶ
2002 2629 2164 2693 αὐτὸς

581 2716 679 2785 τῆς
716 2717 942 2787 ἀτιμίας
981 2717 1040 2768 τὸ
1081 2715 1348 2785 σύμϐολον
1384 2716 1476 2768 ἐπὶ
1518 2714 1612 2766 τοῦ
1664 2711 1916 2783 μετώπου
1958 2712 2160 2782 φέρων,

579 2800 640 2852 οὐ
669 2800 878 2872 δημίων
921 2799 1085 2853 αὑτὸν
1111 2799 1395 2863 ἑλκόντων,
1441 2798 1575 2852 ἀλλά
1608 2798 1776 2866 αὑτῆς
1813 2797 1912 2866 τῆς
1957 2796 2162 2866 λέπρας

577 2885 698 2938 ἀντὶ
730 2883 939 2954 δημίων
969 2884 1062 2937 ἐπὶ
1091 2883 1330 2954 κεφαλὴν
1354 2883 1381 2922 b
1408 2881 1675 2952 ώθούσης.
1707 2880 1969 2951 Εἰσῆλθεν
2009 2881 2164 2950 ἱερω-

581 2965 748 3035 σύνην
785 2966 1005 3029 λαϐεῖν,
1051 2967 1079 3020 6
1121 2966 1176 3019 δὲ
1232 2967 1327 3018 καὶ
1376 2967 1476 3035 τὴν
1533 2964 1812 3034 βασιλείαν
1845 2962 2159 3016 ἀπώλεσενο

580 3049 796 3120 εἰσῆλθε
815 3049 1067 3118 γενέσθαι
1086 3049 1428 3120 σεμνότερος,
1443 3049 1536 3101 καὶ
1552 3047 1773 3116 γέγονεν
1789 3047 2042 3114 ἐναγέστε
2051 3063 2160 3116 ρος.

581 3133 691 3185 Καὶ
717 3132 827 3204 γὰρ
854 3131 1060 3185 ἰδιώτου
1094 3130 1295 3194 παντὸς
1346 3130 1530 3183 λοιπὸν
1562 3129 1885 3201 ἀτιμότερος
1931 3125 1997 3200 ἦν
2028 3130 2164 3182 ἀκά-

581 3215 777 3285 θαρτος
807 3215 903 3270 ὢν.
937 3214 1201 3268 Τοσοῦτόν
1235 3215 1350 3268 ἐστι
1377 3213 1545 3267 κακὸν
1582 3213 1640 3266 τὸ
1679 3213 1752 3286 μὴ
1787 3213 1968 3284 μένειν
2018 3213 2163 3267 ἔνδον

581 3298 674 3350 ἐπὶ
701 3298 811 3352 τῶν
837 3298 1097 3352 δοθέντων
1118 3299 1248 3368 ήμῖν
1278 3297 1428 3368 παρά
1450 3296 1544 3350 τοῦ
1571 3297 1704 3350 Θεοῦ
1742 3297 1976 3370 μέτρων,
2005 3297 2071 3351 άν
2103 3315 2163 3350 τε

581 3381 674 3433 ἐπὶ
719 3383 904 3452 τιμῆς,
949 3381 1014 3435 ἀν
1053 3399 1115 3434 τε
1159 3382 1252 3434 ἐπὶ
1292 3381 1545 3448 γνώσεως
1575 3380 1734 3434 τοῦτο
1817 3392 1863 3435 ο.
1897 3382 2008 3451 Οὐχ
2034 3382 2165 3451 ὁρᾷς

580 3463 785 3534 ταύτην
807 3466 906 3534 τὴν
934 3464 1220 3527 θάλατταν,
1252 3464 1368 3526 πῶς
1396 3465 1511 3516 ἐστι
1538 3468 1657 3527 ταῖς
1691 3464 1834 3534 βίαις
1871 3465 2162 3535 ἀφόρητος,

582 3548 770 3611 πόσοις
801 3547 1131 3620 κορυφοῦται
1169 3550 1283 3611 τοῖς
1329 3547 1604 3618 κύμασιν;
1663 3547 1803 3600 Ἀλλ’
1836 3548 1986 3618 ὅμως
2027 3548 2165 3617 πρὸς

585 3628 716 3699 ὕψος
740 3630 1129 3702 διανισταμένη
1169 3631 1331 3701 μέγα,
1368 3631 1459 3683 καὶ¹
1510 3630 1648 3700 μετὰ
1681 3629 1875 3683 πολλοῦ
1904 3629 2167 3698 προῖοῦσα

583 3714 678 3767 τοῦ
723 3714 916 3784 θυμοῦ,
950 3714 1166 3767 ἐπειδὰν
1211 3713 1337 3784 ἔλθῃ
1387 3713 1522 3785 πρὸς
1570 3712 1631 3764 τὸ
1672 3712 1824 3767 τεθὲν
1848 3714 1994 3785 ὅριον
2028 3714 2164 3783 αὐτῇ

585 3799 737 3870 παρά
761 3800 854 3851 τοῦ
881 3798 1036 3864 Θεοῦ,
1063 3797 1132 3851 τά
1151 3797 1367 3867 κύματα
1384 3800 1463 3861 εἰς
1494 3796 1666 3868 ἀφρὸν
1695 3797 2012 3862 διαλύσασα,
2031 3797 2168 3867 πρὸς

583 3881 783 3952 ἑαυτὴν
831 3882 1095 3936 ἐπάνεισι.
1148 3879 1336 3934 Καίτοι
1374 3897 1438 3950 γε
1488 3881 1542 3933 τί
1591 3880 1816 3955 ψάμμου
1859 3880 2051 3948 γένοιτ’
2101 3879 2168 3932 ἂν

586 3966 1010 4037 ἁσθενέστερονς
1050 3965 1189 4018 Ἀλλ’
1217 3967 1315 4018 οὑκ
1345 3964 1523 4018 ἐκεῖνό
1560 3964 1678 4016 ἐστι
1705 3963 1766 4016 τὸ
1795 3961 2020 4026 κωλύον,
2054 3962 2166 4014 ἀλλ’

583 4053 612 4103 6
641 4049 734 4102 τοῦ
783 4050 964 4112 θέντος
989 4048 1172 4120 φόϐος.
1215 4050 1276 4101 Εἰ
1314 4049 1370 4102 δὲ
1392 4049 1451 4102 οὑ
1480 4043 1800 4117 σωφρονίζει
1837 4063 1896 4098 σε
1923 4045 2082 4098 τοῦτο
2110 4046 2171 4098 τὸ

586 4133 938 4204 παράδειγμα
965 4174 980 4198 ,
1031 4134 1100 4186 τὰ
1133 4132 1274 4188 κατά
1302 4132 1393 4186 τὸν
1434 4131 1616 4197 Ὀζίαν
1657 4147 1716 4183 σε
1749 4129 2067 4193 παιδευέτω,
2102 4130 2172 4184 τὰ.

585 4218 679 4271 νῦν
712 4219 842 4288 ἡμῖν
866 4216 1150 4288 εἰρημένα.

669 4334 810 4388 Ἀλλ’
842 4335 1030 4406 ἐπειδὴ
1059 4333 1157 4405 τὴν
1203 4333 1374 4404 ὀργὴν
1401 4332 1614 4403 εἴδομεν
1641 4330 1736 4383 τοῦ
1773 4330 1906 4384 Θεοῦ
1946 4331 2042 4383 καὶ
2074 4330 2170 4400 τὴν

586 4420 742 4486 ἀξίαν
769 4418 1138 4480 ἀνταπόδοσιν,
1175 4419 1305 4489 φέρε
1335 4418 1426 4470 καὶ
1453 4417 1552 4488 τὴν
1573 4413 1979 4485 φιλανθρωπίαν
2006 4414 2171 4467 αὑτοῦ

587 4505 684 4558 καὶ
729 4503 828 4572 τὴν
886 4503 1086 4572 πολλὴν
1141 4500 1442 4553 ἐπιείκειαν
1504 4496 1881 4567 ἐπιδείξωμεν.
1941 4498 2014 4550 Οὑ
2067 4497 2173 4567 γάρ

589 4589 783 4658 μόνους
806 4585 833 4625 ιι
856 4585 983 4648 τοὺς
1005 4585 1133 4655 περί⁹
1158 4583 1258 4645 τῆς
1286 4582 1565 4652 ὀργῆς-δεῖ
1597 4583 1765 4634 κινεῖν
1793 4580 2002 4648 λόγους,
2041 4580 2175 4633 ἀλλά

587 4670 842 4733 καὶτοὺς
886 4669 1015 4737 περὶ
1047 4666 1149 4736 τῆς
1196 4665 1578 4737 χρηστότητος,
1621 4664 1708 4718 ἵνα
1742 4664 1876 4734 μήτε
1919 4665 1997 4726 εἰς
2038 4663 2176 4715 ἀπό-

587 4771 789 4824 γνωσιν
832 4752 1157 4822 ἐμϐάλωμεν
1187 4751 1313 4811 τοὺς
1347 4747 1666 4809 ἀκούοντας,
1717 4747 1852 4816 μήτε
1885 4746 1962 4809 εἰς
2006 4744 2173 4816 ρᾳθυ-

593 4838 913 4908 μίαν.οὑτω
931 4838 1026 4890 καὶ
1056 4833 1266 4893 Παῦλος
1287 4835 1446 4899 ποιεῖ,
1477 4832 1571 4886 καὶ
1603 4831 1808 4893 τούτοις
1847 4831 2175 4902 ἀμφοτέροις

589 4924 754 4992 κιρνᾷ.
785 4923 884 4991 τὴν
915 4921 1258 4990 παραίνεσιν,
1284 4917 1483 4969 οὑτωσὶ
1519 4916 1726 4982 λέγων’
1771 4915 1886 4969 Ἰδὲ
1921 4911 2034 4968 οὖν
2063 4915 2178 4980 τὴν

589 5007 974 5074 χρηστότητα
995 5002 1092 5055 καί
1126 5000 1463 5069 ἀποτομίαν
1495 4999 1661 5060 Θεοῦ,
1697 4998 1784 5052 ἵνα
1809 5000 1902 5050 καὶ
1929 4997 2005 5067 τῷ
2031 4996 2178 5065 φόϐῳ

591 5092 684 5144 καὶ
704 5092 826 5152 ταῖς
855 5089 1117 5160 χρησταῖς
1146 5085 1356 5137 ἐλπίσιν
1386 5085 1664 5152 ἀναστήσῃ
1697 5082 1788 5134 τὸν
1819 5080 2167 5134 πεπτωκότα.

591 5168 744 5235 Εἶδες
779 5159 1084 5241 ἀποτομίαν
1135 5167 1306 5232 Θεοῦ;
1352 5167 1449 5218 ’1δέ
1481 5167 1574 5217 καὶ
1612 5163 1976 5236 χρηστότητα.
2025 5159 2176 5235 [156]

593 5257 716 5320 Πῶς
732 5252 823 5310 οὗν
850 5255 1089 5325 ὀψόμεθα
1112 5253 1210 5322 τὴν
1227 5250 1606 5323 χρηστότητα;
1629 5249 1726 5302 ’Δν
1754 5248 2011 5319 μάθωμεν
2035 5247 2180 5308 τίνος

652 5446 678 5471 ’ί
703 5442 909 5502 Aliquot
939 5454 1056 5489 mss.
1081 5439 1178 5502 τοῖς
1199 5438 1442 5502 πτώμασι.

652 5504 680 5544 b
726 5495 853 5552 Ἀνῖιί
895 5504 1074 5564 δημίων
1113 5501 1186 5548 ἐπὶ
1206 5495 1427 5564 κεφαλῆς,
1461 5499 1545 5564 _sic
1567 5496 1762 5564 qqidam
1787 5507 1932 5564 r1551;
1958 5495 2184 5564 Erasmus

587 5568 788 5614 videtur
816 5555 1128 5627 legis'éerdml
1152 5555 1370 5627 δημίου,
1390 5555 1473 5627 (ιιιί
1501 5555 1938 5627 νει-ὶὴηεαιςηίίὶεὶδ
1962 5556 2084 5627 lgco:
2109 5558 2185 5627 ll}—

589 5631 658 5675 [ιιι
686 5641 829 5683 unus,
852 5619 982 5675 fésle
1007 5619 1417 5684 Savilio,'mv16;
1447 5621 1609 5668 λοιπὸν
1643 5619 1946 5680 εὑαγέστερος
1981 5619 2037 5674 ἧν
2064 5619 2183 5665 ἀκά-

587 5693 752 5752 θαρτος
777 5688 860 5737 ὧν.
1600 5742 1608 5751 ι
2060 5742 2068 5750 _

655 5755 677 5781 ο
709 5751 890 5798 Savil.:
932 5764 948 5795 ι
969 5748 1052 5796 Sic
1071 5746 1257 5795 habent
1295 5743 1461 5809 celeri
1504 5743 1700 5809 qodlceg
1743 5745 1922 5809 pyeler
1951 5739 2182 5809 ιςοςίιςεπι

588 5808 837 5860 Croslnavii
881 5811 1057 5866 nostri,
1097 5810 1181 5870 qui
1225 5819 1313 5868 pro
1337 5806 1410 5854 his
1438 5805 1598 5870 νει-ωε
1628 5803 1900 5870 substituit,
1941 5803 2042 5847 ἀλλ’
2081 5804 2180 5870 ᾁνςρ

591 5873 911 5932 ἐπιτιμήσεως
947 5863 1132 5927 διὰ
1173 5863 1344 5929 λέπρας
1385 5866 1481 5920 τοῖς
1526 5872 1669 5912 πᾶσιν
1710 5864 1999 5923 ἐπίγνωστον
2042 5863 2179 5911 αὐτὸν

589 5949 745 6042 πολεῖ
757 6005 846 6041 nus
865 5992 1023 6054 μόνον.
1051 5992 1202 6041 Paulo
1227 5996 1336 6055 post
1363 6002 1487 6037 unus
1516 5988 1578 6042 εἰς
1596 5988 1861 6046 ἀπόγνωσιν
1887 5985 2174 6046 ἐκϐάλωμεν·

1227 401 1286 456 S.
1335 394 1618 454 JOANNIS
1654 388 2142 451 CHRYSOSTOMI
2182 387 2503 445 ARCIIIEP.
2546 387 3095 445 CONSTANTINOP.

2270 506 2417 569 ἄξιος
2473 501 2540 576 ἦν
2593 509 2621 558 6
2660 506 2863 569 Ὀζίας.
2895 505 3070 560 Τίνων
3119 499 3210 558 οῦν
3255 504 3405 568 ἄξιος
3443 500 3541 577 ἦνς
3574 503 3727 574 Ἀμα
3757 496 3873 548 τῶν

2273 587 2558 659 προθύρων
2589 587 2783 649 ἐπιϐάς
2802 588 2911 642 τῶν
2939 587 3101 659 ίερῶν
3131 585 3266 656 μετά
3284 587 3554 658 τοσαύτης
3573 587 3871 654 ἀναισχυν·

2272 672 2412 735 τίας,
2456 672 2666 742 μυρίων
2707 671 3000 742 σκηπτῶν,
3043 671 3138 724 καί⁸
3179 671 3277 740 τῆς
3311 671 3546 741 ἐσχάτης
3586 669 3871 731 κολάσεως

2274 757 2369 809 καὶ
2409 756 2701 827 τιμωρίας.
2735 758 2798 810 Εἰ
2823 756 2939 826 γὰρ
2971 757 3020 808 οἰ
3061 755 3267 826 πρῶτοι
3293 755 3465 808 ταῦτα
3493 755 3871 824 τολμήσαντες

2271 839 2476 908 ταύτην
2504 839 2692 893 ἔδοσαν
2723 839 2823 910 τὴν
2854 838 3030 908 δίκην,
3062 840 3109 890 οἰ
3137 839 3266 908 περὶ
3287 837 3463 891 Δαθάν
3482 838 3575 890 καὶ
3593 836 3739 906 Κορὲ
3771 837 3872 888 καὶ

2287 920 2569 993 Ἀϐειρὼν,
2588 921 2766 992 πολλῷ
2792 921 2992 991 μᾶλλον
3007 919 3196 974 τοῦτον
3215 921 3360 972 οὑτω
3381 918 3708 982 κολάζεσθαι
3734 916 3866 973 ἔδει.

2273 1005 2364 1057 τὸν
2408 1005 2542 1075 μηδέ
2585 1008 2706 1068 ταῖς
2763 1005 2988 1058 ἐκείνων
3043 1003 3477 1075 σωφρονισθέντα
3527 1003 3867 1072 συμφοραῖς.

2287 1086 2425 1139 Ἀλλ’
2453 1089 2553 1140 οὐκ
2588 1088 2812 1157 ἐποίησε
2837 1087 2992 1140 τοῦτο
3011 1089 3039 1138 6
3073 1087 3224 1152 Θεὸς,
3249 1085 3385 1138 ἀλλά
3419 1083 3679 1155 πρότερον
3711 1081 3871 1150 αὐτῷ

2273 1176 2465 1246 λόγους
2512 1182 2837 1249 προσήγαγε
2872 1191 2895 1218 ο
2934 1178 3134 1248 πολλῆς
3157 1176 3459 1239 ἐπιεικείας
3481 1175 3750 1245 γέμοντας
3779 1172 3872 1224 διὰ

2271 1260 2364 1314 τοῦ
2389 1261 2597 1331 ἱερέως.
2616 1262 2724 1315 Καὶ
2744 1260 2888 1331 άπερ
2912 1261 2940 1312 6
2963 1261 3196 1331 Χριστὸς
3218 1261 3523 1330 παρῄνεσεν
3552 1255 3872 1325 ἀνθρώποις

2273 1337 2466 1405 ποιεῖν’,
2499 1344 2625 1397 ὅταν
2661 1344 2740 1406 εἰς
2769 1342 3029 1414 ἀλλήλους
3056 1342 3409 1414 ἁμαρτάνωσι
3439 1341 3483 1405 ί,
3503 1340 3664 1392 τοῦτο
3683 1340 3710 1390 6
3731 1333 3871 1400 Θεὸς

2273 1427 2410 1496 πρὸς
2452 1426 2542 1478 τὸν
2592 1425 2876 1498 ἄνθρωπον
2921 1426 3196 1496 ἐποίησεν.
3237 1426 3422 1478 Ὅταν
3467 1424 3611 1494 γάρ,
3663 1423 3868 1493 φησιν,

2271 1508 2500 1577 ἁμάρτῃ
2523 1511 2608 1573 εἰς
2635 1509 2710 1562 σὲ
2735 1509 3048 1577 όάδελερός
3077 1524 3215 1573 σου,
3234 1508 3446 1578 ὕπαγε,
3470 1505 3726 1576 ἔλεγξον
3756 1506 3870 1558 αὺ-

2271 1591 2378 1644 τὸν
2415 1591 2642 1660 μεταξὺ
2672 1590 2787 1646 σοῦ
2828 1591 2927 1644 καὶ
2959 1592 3146 1644 αὑτοῦ
3186 1592 3400 1660 μόνου.
3447 1590 3604 1644 Οῦτω
3646 1589 3868 1642 καὶτὸν

2273 1672 2494 1742 βασιλέα
2527 1674 2709 1726 τοῦτον
2743 1673 2968 1743 ήλεγξεν
3011 1673 3039 1725 6
3078 1673 3228 1736 Θεός.
3269 1674 3378 1726 Καὶ
3420 1675 3448 1726 6
3498 1673 3594 1743 μὲν
3629 1671 3869 1742 Χριστός

2271 1774 2433 1825 φησιν
2449 1773 2461 1787 ’
2495 1757 2628 1810 Ἐὰν
2637 1755 2724 1825 μὴ
2741 1757 2976 1824 ἀκούσῃ
2997 1772 3135 1820 σου,
3165 1757 3322 1810 ἔστω
3346 1771 3444 1810 σοι
3460 1755 3540 1818 ὠς
3562 1757 3594 1808 d
3623 1753 3870 1818 ἐθνικὸς

2271 1839 2368 1892 καὶ
2399 1843 2431 1894 ό
2454 1839 2744 1907 τελώνηςο
2771 1839 2799 1891 6
2826 1839 2883 1893 δὲ
2907 1839 3039 1903 Θεὸς
3069 1839 3453 1910 φιλανθρωπίᾳ
3476 1839 3603 1900 τοὺς
3623 1837 3868 1900 οἰκείους

2271 1922 2611 1996 ὑπερϐαίνων
2643 1923 2862 1994 νόμους,
2897 1923 3016 1977 ούδέ
3041 1923 3214 1987 οὑτως
3235 1923 3395 1976 αὑτὸν
3429 1922 3701 1989 ἐξέκοψεν,
3727 1921 3869 1975 ἀλλὰ

2271 2007 2696 2078 παρακούσαντα
2745 2009 2842 2061 καὶ
2885 2009 3339 2079 ἀγανακτήσαντα
3385 2008 3485 2060 οὑκ
3532 2005 3866 2077 ἀπέρριψεν,

2272 2094 2406 2146 ἀλλά
2442 2092 2605 2147 πάλιν
2631 2093 2935 2163 προσίεται,
2963 2093 3056 2146 καὶ
3087 2091 3332 2145 παιδεύει
3357 2090 3542 2161 τρόπῳ
3572 2089 3867 2158 διόρθωσιν

2271 2176 2446 2246 ἔχοντι
2473 2175 2674 2247 μᾶλλον
2702 2175 3044 2246 ἢτιμωρίαν.
3079 2175 3213 2228 υύδὲ
3237 2175 3343 2245 γὰρ
3384 2172 3624 2242 σκηπτὸν
3649 2172 3869 2240 ἀφῆκεν

2270 2260 2474 2314 ἀνωθεν
2496 2299 2510 2323 ,
2555 2259 2677 2312 ούδὲ
2717 2256 3013 2327 κατέφλεξε
3049 2257 3147 2329 τήν
3192 2258 3546 2326 ἀναίσχυντον
3578 2255 3866 2328 κεφαλὴν,

2269 2344 2405 2398 ἀλλά
2432 2345 2498 2414 τῇ
2525 2342 2699 2413 λέπρα
2732 2342 2891 2412 μόνον
2937 2342 3245 2396 ἐπαίδευσε.
3300 2343 3408 2394 Καὶ
3452 2341 3519 2393 τὰ
3563 2341 3662 2410 μὲν
3718 2340 3867 2393 κατά

2269 2426 2361 2479 τὸν
2411 2424 2588 2488 Ὀζίαν
2629 2424 2878 2477 τοιαῦταο
2918 2422 3028 2491 ἐγὼ
3068 2425 3124 2476 δέ
3160 2423 3218 2474 ἓν
3258 2423 3339 2476 ἔτι
3393 2423 3552 2493 μόνον
3604 2421 3868 2492 προσθεὶς

2271 2506 2610 2561 καταπαύσω
2641 2507 2731 2558 τὸν
2755 2507 2931 2574 λόγον.
2975 2506 3039 2558 Τί
3080 2505 3137 2559 δέ
3167 2505 3324 2558 τοῦτό
3366 2508 3548 2569 ἐστινς
3596 2507 3661 2556 "0
3694 2505 3867 2558 πάλαι

2272 2591 2363 2642 καὶ
2387 2589 2445 2654 ἐξ
2471 2590 2646 2660 ἀρχῆς
2678 2588 3022 2660 ἐζητήσαμεν
3043 2605 3057 2618 ο
3099 2587 3243 2652 τίνος
3287 2589 3474 2641 ἕνεκεν
3523 2589 3583 2640 ἐν
3608 2591 3719 2650 τοῖς
3759 2587 3869 2652 ἔξω

2271 2673 2580 2741 πράγμασι,
2611 2671 2705 2724 καὶ
2734 2672 2790 2725 ἑν
2818 2674 2935 2734 ταῖς
2959 2670 3338 2742 προφητείαις,
3374 2671 3630 2724 ἀπάντων
3673 2669 3870 2723 εἰωθό-

2270 2774 2378 2808 των
2409 2756 2509 2826 τῆς
2538 2756 2684 2826 ζωῆς
2706 2753 2814 2807 τῶν
2846 2753 3105 2825 βασιλέων
3140 2756 3266 2817 τοὺς
3301 2756 3528 2824 χρόνους
3562 2753 3868 2824 ἐπισημαίο

2273 2837 2479 2899 νεσθαι,
2511 2829 2666 2900 οὗτος
2699 2836 2854 2889 τοῦτο
2899 2839 3078 2906 ἀφεὶς,
3119 2836 3210 2890 τοῦ
3241 2838 3434 2906 χρόνου
3471 2838 3569 2908 τῆς
3600 2836 3868 2906 τελευτῆς

2276 2919 2546 2990 μέμνηται
2573 2918 2666 2971 τοῦ
2694 2919 2889 2982 Ὀζίου,
2920 2920 3116 2974 οὑτωσὶ
3133 2920 3306 2987 λέγων
3325 2938 3337 2950 ο
3367 2921 3475 2974 Καὶ
3498 2920 3735 2987 ἐγένετο
3759 2922 3870 2974 τοῦ

2271 3002 2568 3065 ἐνιαυτοῦ,
2602 2997 2672 3058 οὗ
2701 3002 3000 3058 ἀπέθανεν
3044 3001 3225 3069 Ὀζῖας
3253 3007 3284 3058 ὀ
3311 3005 3632 3069 βασιλεύς.
3664 3004 3870 3057 Καίτοι

2271 3103 2334 3155 γε
2375 3086 2502 3156 ἐνῆν
2532 3086 2623 3138 τὸν
2667 3086 2760 3139 τοῦ
2808 3084 3185 3155 βασιλεύοντος
3213 3087 3404 3158 χρόνον
3433 3087 3628 3148 εἰπεῖν,
3671 3086 3870 3158 ὥσπερ

2271 3169 2390 3232 ἔθος
2410 3168 2579 3221 ἅπασι
2603 3171 2711 3231 τοῖς
2731 3171 3038 3239 προφήταις
3063 3165 3152 3240 ἦν’
3172 3169 3286 3222 ἀλλ’
3314 3171 3413 3223 οὑκ
3435 3169 3657 3240 ἐποίησε
3683 3169 3867 3225 τοῦτο.

2271 3252 2426 3316 Τίνος
2454 3249 2545 3306 οὖν
2569 3252 2753 3305 ἕνεκεν
2773 3253 2873 3304 οὑκ
2913 3253 3167 3320 ἐποίησε;
3203 3252 3384 3323 Νόμος
3419 3248 3487 3323 ἦν
3519 3253 3746 3314 παλαιὸς
3778 3253 3872 3304 τὸν

2273 3337 2470 3409 λεπρὸν
2496 3338 2596 3407 τῆς
2633 3337 2841 3400 πόλεως
2870 3335 3277 3402 ἐξελαύνεσθαι,
3330 3336 3471 3390 ὥστε
3507 3339 3602 3390 καὶ
3631 3339 3760 3399 τοὺς
3808 3340 3868 3388 ὲν

2272 3423 2340 3491 τῇ
2370 3421 2523 3472 πόλει
2557 3419 2795 3489 βελτίους
2823 3419 3099 3488 γενέσθαι,
3125 3421 3219 3475 καί
3245 3421 3406 3474 αὑτὸν
3447 3421 3520 3492 μὴ
3538 3421 3868 3492 προκεῖσθαι

2273 3505 2384 3564 τοῖς
2413 3502 2757 3572 βουλομένοις
2791 3501 3034 3571 ὑϐρίζειν
3064 3504 3414 3574 σκωμμάτων
3439 3506 3532 3556 καὶ
3569 3504 3870 3573 χλευασίας

2273 3584 2549 3657 ἀφορμὴν,
2610 3585 2724 3638 ἀλλ’
2779 3583 2882 3650 ἔξω
2939 3587 3039 3655 τῆς
3102 3585 3309 3649 πόλεως
3374 3586 3623 3656 μένοντα,
3687 3603 3871 3655 παρα-

2275 3669 2531 3738 πέτασμα
2580 3670 2677 3738 τῆς
2738 3670 3022 3739 συμφορᾶς
3065 3668 3208 3739 ἔχειν
3247 3671 3346 3740 τὴν
3390 3669 3646 3739 ἐρημίαν.
3697 3668 3874 3722 Τοῦτο

2276 3753 2369 3806 καὶ
2406 3753 2496 3805 τὸν
2537 3750 2762 3821 βασιλέα
2799 3751 2986 3804 τοῦτον
3031 3751 3324 3822 ὑπομένειν
3379 3753 3544 3822 ἐχρῆν
3586 3752 3728 3821 μετά
3769 3754 3874 3823 τὴν

2275 3834 2477 3906 λέπραν
2509 3853 2523 3867 ·
2549 3834 2662 3889 ἀλλ’
2692 3835 2789 3904 οὐχ
2833 3835 3112 3904 ὑπέμεινε,
3146 3834 3253 3888 τῶν
3279 3838 3337 3888 ὲν
3363 3839 3427 3906 τῇ
3463 3835 3617 3888 πόλει
3648 3837 3739 3889 διὰ
3768 3838 3872 3906 τὴν

2275 3917 2449 3989 ἀρχὴν
2482 3919 2645 3971 αὑτὸν
2697 3917 3070 3980 αἰδεσθέντων,
3127 3917 3241 3970 ἀλλ’
3297 3919 3489 3988 ἔμενεν
3518 3919 3682 3989 ἐντῷ
3732 3920 3870 3989 οίκῳ

2277 4000 2438 4052 αὑτοῦ
2463 4001 2730 4070 κρυφίως.
2760 4000 2928 4053 Τοῦτο
2960 3999 3245 4070 παρώξυνε
3281 4001 3370 4054 τὸν
3395 4001 3548 4064 Θεὸν,
3574 4000 3735 4054 τοῦτο
3765 4005 3872 4072 τήν

2279 4084 2614 4155 προφητείαν
2646 4083 2889 4135 ἐκώλυσε
2914 4101 2925 4113 ·
2970 4086 3062 4135 καὶ
3086 4084 3222 4154 ὅπερ
3255 4085 3345 4137 ἐπὶ
3374 4083 3466 4136 τοῦ
3514 4085 3630 4137 Ἦλί
3652 4085 3871 4152 γέγονε,

2290 4166 2480 4235 Ῥῆμα
2499 4168 2694 4236 τίμιον
2709 4162 2805 4236 ἦν,
2823 4165 2918 4218 καὶ
2937 4167 3047 4220 οὐκ
3063 4162 3140 4236 ἦν
3157 4166 3367 4234 ὅρασις
3388 4166 3868 4223 διαστέλλουσα.

2279 4250 2350 4302 Σὺ
2380 4249 2436 4302 δέ
2473 4266 2562 4320 μοι
2606 4250 2699 4302 καὶ
2742 4249 2975 4302 ἐνταῦθα
3020 4250 3212 4303 σκόπει
3244 4249 3338 4302 τοῦ
3368 4250 3504 4303 Θεοῦ
3537 4250 3635 4322 τὴν
3676 4252 3872 4320 φιλαν-

2281 4333 2546 4404 θρωπίαν.
2572 4332 2646 4385 Οὑ
2675 4332 2781 4402 γάρ
2808 4331 3072 4401 ἀνέτρεψε
3101 4331 3201 4402 τήν
3257 4333 3431 4399 πόλιν,
3466 4334 3586 4386 οὐδὲ
3617 4334 3874 4388 ἀπώλεσε

2280 4418 2404 4478 τοὺς
2441 4415 2782 4477 ἐνοικοῦντας
2801 4430 2816 4444 ο
2858 4415 2969 4466 ἀλλ’
2999 4415 3136 4484 ὅπερ
3167 4416 3311 4484 φίλοι
3345 4417 3556 4470 ποιοῦσι
3584 4418 3722 4486 πρὸς
3743 4421 3876 4482 τοὺς

2282 4499 2577 4568 ὁμοτίμους
2597 4498 2703 4548 τῶν
2731 4497 2918 4564 φίλων,
2942 4498 3160 4550 ἐπειδὰν
3189 4499 3353 4568 ἔχωσί
3380 4518 3430 4553 τι
3466 4501 3673 4553 δίκαιον
3705 4503 3870 4568 ἐγκα-

2283 4579 2414 4644 λεῖν,
2457 4583 2513 4633 ἐν
2558 4582 2980 4650 παρασιωπήσει
3018 4581 3305 4651 μένοντες·
3357 4583 3516 4636 τοῦτο
3545 4584 3638 4636 καὶ
3668 4587 3696 4636 6
3735 4585 3875 4648 Θεὸς

2284 4664 2421 4734 πρὸς
2439 4663 2501 4715 τὸ
2526 4661 2673 4726 ἔθνος
2689 4665 2911 4734 ἐποίησε
2949 4665 3194 4735 μείζονος
3221 4666 3279 4718 ὃν
3309 4666 3458 4730 ἀξιον
3487 4667 3758 4731 κολάσεως
3782 4672 3879 4724 καὶ

2284 4748 2569 4819 τιμωρίας.
2601 4747 2750 4819 [157]
2791 4748 2932 4817 Ἐγὼ
2962 4751 3060 4820 μὲν
3085 4750 3192 4822 γάρ
3221 4749 3472 4814 ἐξέϐαλον
3504 4752 3685 4814 αὑτὸν,
3716 4756 3874 4822 φησι,

2284 4831 2378 4885 τοῦ
2403 4831 2570 4901 ἱεροῦ,
2603 4833 2760 4900 ὑμεῖς
2785 4833 2840 4884 δὲ
2875 4834 2994 4886 οὑδὲ
3011 4834 3110 4904 τῆς
3136 4834 3340 4898 πόλεως
3359 4848 3372 4863 °
3392 4835 3503 4902 ἐγὼ
3525 4837 3694 4906 δήσας
3711 4839 3881 4889 αὑτὸν

2285 4914 2375 4969 διὰ
2410 4916 2510 4984 τῆς
2538 4915 2765 4986 λέπρας,
2801 4916 3016 4986 ἰδιώτην
3067 4917 3362 4988 παρέδωκα
3390 4958 3404 4980 ,
3452 4919 3610 4988 ὑμεῖς
3661 4919 3716 4972 δὲ
3753 4921 3878 4971 οὑέηὲ

2288 4999 2431 5051 οῦτω
2446 4998 2852 5068 περιεγένεσθε,
2876 4998 3010 5053 ἀλλά
3033 4999 3124 5051 τὸν
3150 5001 3239 5052 ὑπ’
3257 5001 3390 5069 ἐμοῦ
3410 5002 3880 5054 καταδικασθέντα

2289 5083 2388 5134 οὑκ
2435 5080 2692 5150 ήνέχεσοε
2722 5084 2819 5151 τῆς
2865 5082 3071 5144 πόλεως
3105 5082 3370 5136 ἐκϐαλεῖν.
3418 5085 3607 5137 Καίτοι
3640 5087 3790 5146 ποῖος
3815 5085 3883 5136 ἂν

2288 5164 2445 5216 τοῦτο
2476 5163 2732 5233 βασιλεὺς
2774 5164 2959 5235 πράως
2991 5166 3242 5233 ἡνεγκεν,
3281 5166 3392 5219 ἀλλ’
3427 5168 3527 5219 οὑκ
3554 5167 3619 5218 ἂν
3667 5168 3729 5218 ἐκ
3783 5167 3878 5234 βά-

2293 5249 2435 5319 θρων
2485 5247 2582 5318 τήν
2640 5247 2792 5302 πόλιν
2846 5247 3146 5316 ἀνέτρεψε,
3197 5250 3288 5301 τὸν
3328 5250 3408 5312 εἰς
3448 5249 3542 5318 τὴν
3581 5250 3880 5320 ὑπερορίαν

2295 5332 2700 5404 μετοικισθῆναι
2735 5329 3122 5396 κελευσθέντα,
3156 5332 3565 5402 ἐνδιατρίϐοντα
3599 5336 3666 5404 τῇ
3719 5335 3880 5388 πόλει

2290 5416 2465 5487 ὁρῶν;
2495 5415 2607 5465 ἀλλ’
2657 5414 2753 5481 οὑχ
2779 5415 2805 5464 6
2833 5413 2962 5476 Θεὸς
2993 5415 3150 5468 τοῦτο
3183 5417 3436 5486 ἐποίησε·
3461 5416 3594 5479 Θεὸς
3633 5418 3739 5489 γὰρ
3789 5415 3876 5490 ἦν,

2292 5502 2385 5554 καὶ
2418 5498 2517 5551 οὑκ
2543 5497 2846 5566 ἄνθρωπος.
2891 5499 3106 5568 Ἐπειδὴ
3137 5500 3201 5552 -δὲ
3251 5499 3571 5570 ἐτελεύτησε
3596 5541 3610 5562 ,
3649 5505 3714 5571 τῇ
3763 5501 3877 5575 ζωῇ

2289 5582 2478 5636 τούτου
2500 5580 2595 5633 καὶ
2626 5578 2723 5648 τὴν
2747 5579 2881 5648 πρὸς
2909 5580 3150 5643 ἐκείνους
3173 5581 3342 5650 ὀργὴν
3374 5584 3764 5649 συγκατέλυσε,
3786 5587 3881 5640 καὶ

2292 5667 2388 5735 τῆς
2414 5664 2749 5736 προφητείας
2797 5664 2892 5725 τὰς
2924 5663 3092 5734 θύρας
3123 5664 3349 5734 ἀνέῳξε,
3401 5666 3495 5717 καὶ
3543 5665 3701 5720 πάλιν
3741 5671 3877 5737 πρὸς

2291 5749 2486 5811 αὐτοὺς
2503 5745 2796 5814 ἐπανῆλθε.
2824 5747 2894 5798 Σὺ
2912 5745 2967 5798 δὲ
2985 5748 3048 5799 ἐκ
3067 5747 3161 5800 τοῦ
3185 5747 3389 5816 τρόπου
3413 5750 3511 5818 τῆς
3533 5749 3879 5822 καταλλαγῆς

2353 5942 2373 5966 ι·
2396 5925 2531 5974 Unus
2551 5924 2770 5985 ἐπήγαγε.

2355 5986 2374 6024 ί
2404 5986 2604 6047 Quidam
2629 6000 2739 6032 mss.
2769 5985 3034 6046 ἁμάρτωσι,
3061 5992 3112 6034 cl
3141 5986 3284 6046 paulo
3309 5991 3416 6046 post
3439 5985 3705 6050 ἁμαρτήσῃ.
