4144 6480
278 434 396 490 133

266 526 385 579 silio
425 526 639 596 gratias
678 539 879 597 agere:
920 522 1042 587 ille,
1086 520 1287 591 inquit,
1330 518 1631 588 indignatus
1668 524 1784 585 est,
1814 521 1871 571 et

276 620 462 673 vulnus
482 618 726 673 reddidit
744 617 1006 672 acerbius.
1023 614 1207 684 Neque
1226 612 1366 667 enim
1390 611 1609 681 perinde
1630 609 1764 663 mala
1786 621 1874 663 res

278 720 356 766 est
395 722 707 780 peceatum,
747 719 905 778 atque
936 715 1054 777 post
1094 713 1367 776 peccatum
1405 700 1749 770 impudentia.
1781 698 1876 754 At-

274 800 370 869 qui
393 818 493 857 non
519 802 713 858 eodem
739 801 898 855 modo
920 798 1081 853 David
1099 838 1116 865 ,
1138 798 1231 851 sed
1258 792 1566 865 quomodo?
1588 789 1872 860 Postquam

276 910 304 945 a
331 893 533 947 Nathan
556 893 832 947 incusatus
850 897 992 944 esset
1011 887 1081 943 de
1102 886 1387 951 Bersabee,
1408 883 1623 938 Peccavi
1641 923 1656 948 ,
1680 880 1868 951 inquit,

279 984 500 1038 Domino
532 984 620 1056 (2.
652 983 780 1053 Reg.
816 981 901 1037 12.
934 982 1004 1036 15

348 1078 403 1132 3.
449 1076 669 1132 Peccata
684 1078 939 1146 justorum
966 1072 1153 1126 cedunt
1171 1071 1223 1123 iu
1252 1071 1455 1123 bonum.
1483 1098 1546 1108 —
1566 1064 1750 1120 Vidisti
1778 1078 1872 1119 cor

276 1168 601 1223 contritum?
624 1167 799 1222 vidisti
817 1167 1135 1221 submissam
1156 1162 1387 1217 animam
1405 1160 1614 1215 ?vidisti
1637 1158 1868 1213 utetiam

281 1259 466 1327 lapsus
496 1268 802 1315 sanctorum
831 1258 938 1311 sint
962 1255 1196 1324 egregii?
1222 1252 1677 1321 Quemadmodum
1727 1248 1869 1305 enini

280 1352 541 1419 praeclara
584 1363 807 1419 corpora
847 1348 1008 1401 etiam
1049 1347 1101 1400 in
1133 1345 1351 1400 adversa
1381 1342 1679 1399 valetudine
1706 1343 1870 1396 multa

278 1442 434 1497 nobis
477 1441 662 1495 forma:
707 1440 925 1509 vestigia
974 1436 1304 1493 ostendunt:
1336 1436 1415 1490 sic
1467 1443 1521 1488 et
1561 1442 1867 1489 sanctorum

276 1534 474 1588 anima:
519 1532 570 1586 in
613 1532 742 1600 ipsis
773 1533 934 1586 etiam
962 1530 1155 1585 erratis
1178 1543 1291 1583 sua:
1336 1527 1545 1581 virtutis
1582 1527 1728 1595 signa
1761 1540 1871 1594 pra:

276 1638 336 1678 se
368 1621 565 1677 ferunt.
603 1621 670 1676 Et
696 1631 869 1676 tamen
897 1621 986 1675 ille
1016 1620 1068 1674 in
1098 1618 1272 1673 media
1298 1618 1441 1687 regia
1468 1617 1816 1671 accusabatur
1840 1630 1870 1670 a

281 1714 544 1782 propheta
568 1711 749 1765 multis
776 1710 1166 1781 praesentibus;
1193 1708 1281 1762 hic
1305 1722 1431 1762 vero
1455 1708 1596 1761 intus
1626 1707 1677 1761 in
1699 1705 1872 1776 adytis

280 1802 433 1856 nullo
460 1811 598 1856 teste
627 1801 941 1869 redargutus
965 1809 1081 1866 est;
1108 1813 1292 1853 verum
1325 1812 1392 1853 ne
1412 1798 1490 1852 sic
1518 1796 1730 1867 quidem
1754 1795 1872 1851 tulit

277 1894 723 1963 increpatiouem.
774 1892 911 1961 Quid
955 1892 1157 1962 igitur?
1200 1889 1507 1945 insanabilis
1546 1886 1872 1959 permansit?

275 1986 647 2058 Nequaquam,
678 1996 895 2056 propter
936 1985 1031 2039 Dei
1073 1984 1413 2039 clementiam
1450 2000 1463 2035 :
1495 1981 1588 2036 sed
1618 1978 1873 2050 quemad-

281 2077 503 2133 modum
526 2076 595 2133 de
625 2078 1004 2143 lunatieo,cum
1032 2074 1277 2145 discipuli
1297 2088 1402 2129 non
1418 2074 1657 2128 valerent
1676 2071 1872 2141 ejicere

278 2169 605 2224 dmmonium
630 2210 646 2236 ,
679 2168 807 2223 dicit
834 2168 1080 2222 Christus
1109 2184 1123 2221 :
1157 2166 1405 2221 Adducite
1440 2165 1566 2219 mihi
1610 2175 1728 2217 eum
1774 2164 1872 2219 huc

277 2260 495 2329 (Matth.
526 2261 613 2315 l7.
644 2258 738 2331 16)
762 2276 775 2313 :
803 2260 880 2314 sic
901 2267 956 2313 et
982 2258 1088 2326 hic,
1118 2272 1239 2313 cum
1267 2256 1519 2313 sacerdos
1557 2269 1663 2311 non
1695 2263 1875 2325 posset

274 2353 525 2408 morbum
551 2353 739 2425 quovis
778 2353 1048 2408 daemonio
1078 2352 1358 2407 saaviorem
1379 2392 1395 2418 ,
1444 2364 1636 2419 nempe
1683 2361 1873 2419 pecca-

277 2454 412 2511 tum,
456 2445 673 2515 ejicere,
722 2445 836 2514 ipse
878 2446 1018 2499 Deus
1046 2444 1381 2499 laborantem
1424 2442 1748 2514 aggreditur.
1807 2442 1874 2498 Et

279 2537 410 2606 quid
434 2537 591 2592 facit?
625 2538 845 2607 Lepram
875 2536 1112 2591 immittit
1140 2535 1297 2591 fronti
1328 2535 1512 2605 ipsius.
1531 2532 1747 2587 Factum
1774 2543 1866 2598 est,

279 2631 454 2700 inquit
479 2671 494 2696 ,
540 2647 653 2685 cum
678 2630 767 2685 ille
796 2631 1072 2683 minaretur
1100 2628 1349 2682 sacerdoti
1373 2666 1387 2691 ,
1417 2627 1557 2696 lepra
1584 2625 1793 2695 emeruit
1819 2624 1871 2677 in

278 2728 447 2792 fronte
470 2723 578 2791 ejus
605 2722 681 2793 ('2.
709 2721 890 2775 Paral.
921 2720 1009 2775 26.
1044 2720 1163 2790 I9),
1189 2720 1405 2789 jamque
1434 2717 1631 2783 exibat,
1663 2716 1797 2771 sicut
1837 2716 1871 2770 ii

278 2812 372 2883 qui
401 2811 465 2864 ad
499 2820 722 2865 mortem
753 2810 1086 2865 abducuntur
1112 2810 1290 2865 funem
1322 2824 1415 2864 ore
1434 2816 1702 2879 gestantes
1718 2806 1870 2861 dam-

277 2903 517 2958 natiOnis
568 2902 816 2971 signum,
868 2901 947 2955 sic
991 2909 1047 2955 et
1094 2900 1187 2955 ille
1220 2898 1521 2969 ignominia:
1564 2898 1770 2968 signum
1816 2897 1871 2953 in

278 2993 461 3048 fronte
486 3002 719 3063 gestans,
762 3008 866 3047 non
896 2992 1239 3048 carniﬁcibus
1284 2993 1455 3061 ipsum
1500 2991 1829 3047 trahentibus
1852 3031 1867 3057 ,

277 3084 381 3139 sed
426 3084 572 3154 lepra
604 3085 722 3140 loco
751 3084 1015 3139 carniﬁcis
1061 3084 1233 3153 ipsum
1285 3083 1610 3153 prmcipitem
1657 3091 1865 3151 agente.

279 3176 564 3246 Ingressus
604 3186 662 3231 ut
702 3177 1061 3232 sacerdotium
1092 3185 1412 3246 usurparet,
1440 3177 1602 3231 et'am
1647 3189 1868 3245 regnum

276 3266 519 3335 perdidit
551 3282 564 3318 :
596 3266 864 3335 ingressus
888 3275 969 3321 est
998 3274 1057 3319 ut
1098 3264 1249 3320 ﬁeret
1274 3265 1630 3320 venerabilior
1652 3306 1667 3329 ,
1698 3277 1751 3319 et
1790 3264 1869 3318 fa-

274 3367 403 3411 etus
446 3365 529 3411 est
574 3356 965 3412 exsecrabilior.
992 3356 1123 3411 Nam
1170 3371 1291 3411 cum
1342 3356 1644 3410 immundus
1694 3364 1867 3421 esset,

280 3448 478 3518 quovis
505 3446 721 3502 homine
745 3447 950 3517 privato
976 3447 1200 3516 posthac
1221 3447 1374 3501 vilior
1396 3449 1410 3478 ¹
1440 3455 1573 3501 erat.
1608 3447 1757 3501 Adeo
1784 3460 1870 3501 res

276 3550 368 3594 est
394 3540 527 3594 mala
555 3556 659 3594 non
686 3554 903 3595 manere
931 3541 1067 3594 intra
1097 3538 1232 3593 lines
1251 3539 1406 3593 nobis
1433 3553 1461 3592 a
1489 3538 1598 3593 Deo
1630 3538 1872 3607 prazscri-

277 3644 426 3703 ptes,
471 3633 583 3688 sive
611 3632 831 3688 honoris
870 3634 983 3688 sive
1012 3633 1331 3703 cognitionis
1359 3647 1447 3686 res
1474 3631 1652 3686 fuerit.
1684 3631 1869 3685 Nonne

276 3726 435 3781 vides
464 3725 563 3780 hoc
592 3740 759 3793 mare,
790 3740 947 3796 quam
972 3733 1057 3781 est
1083 3724 1156 3780 ob
1184 3723 1488 3778 violentiam
1518 3721 1863 3784 intolerabile,

274 3818 498 3889 quantis
529 3818 762 3888 insurgat
787 3817 1074 3874 ﬂuctibus?
1114 3818 1360 3872 Attamen
1394 3826 1733 3886 posteaquam
1772 3827 1867 3867 ve-

279 3913 563 3963 hementer
588 3907 897 3974 insurrexit,
928 3909 1203 3976 multoque
1229 3922 1347 3962 cum
1378 3915 1587 3961 tumore
1615 3918 1866 3976 progres-

274 4011 405 4052 sum
431 4005 529 4062 est,
564 3998 656 4050 ubi
683 4004 890 4051 venerit
908 3997 973 4050 ad
1007 3999 1288 4051 terminum
1316 3996 1412 4066 ipsi
1439 4012 1467 4049 a
1493 3996 1602 4051 Deo
1627 3996 1869 4066 praescri-

276 4097 433 4158 ptum
459 4126 476 4154 ,
508 4087 753 4141 ﬂuctibus
790 4088 841 4140 in
882 4102 1127 4157 spumam
1155 4087 1341 4140 solutis
1370 4088 1419 4141 in
1447 4102 1571 4141 sese
1598 4087 1753 4141 redit.
1801 4086 1868 4140 Et

274 4192 462 4236 tamen
491 4179 614 4250 quid
644 4194 800 4235 arena
831 4179 1001 4250 possit
1038 4193 1159 4234 esse
1194 4179 1491 4233 inﬁrmius?
1520 4178 1712 4232 Verum
1758 4193 1863 4232 non

272 4276 370 4330 illa
400 4282 483 4328 est
507 4289 623 4343 quae
650 4272 927 4343 prohibet,
975 4270 1068 4326 sed
1111 4270 1227 4340 ejus
1248 4280 1420 4323 metus
1445 4269 1533 4338 qui
1579 4269 1863 4323 terminum

268 4366 479 4437 posuit.
509 4364 658 4432 Quod
684 4363 729 4419 si
759 4363 858 4417 hoc
878 4362 1184 4431 exemplum
1214 4376 1315 4415 non
1340 4370 1390 4413 te
1415 4366 1629 4413 revocat
1656 4358 1723 4412 ad
1752 4373 1865 4412 nio-

264 4459 631 4529 derationem,
663 4471 781 4527 qure
817 4455 959 4511 Ozite
998 4453 1306 4510 acciderunt
1344 4452 1591 4508 erudiant
1628 4460 1716 4518 te,
1746 4465 1864 4521 qua)

262 4564 423 4605 nunc
450 4563 479 4601 a
510 4548 663 4603 nobis
692 4546 833 4602 dicta
870 4556 1013 4601 sunt.

358 4638 591 4693 Vindicta
608 4638 984 4693 mansuetudine
1000 4646 1293 4705 temperata.
1313 4668 1384 4679 —-
1400 4636 1593 4691 Verum
1613 4635 1861 4705 quoniam

261 4734 414 4789 iram
451 4731 542 4784 Dei
573 4729 799 4783 vidimus
824 4728 1143 4797 dignamque
1169 4728 1447 4791 ultionem,
1473 4741 1570 4795 age
1595 4736 1648 4781 et
1675 4726 1864 4779 huma-

260 4826 499 4880 nitatem
538 4820 652 4889 ejus
678 4819 1002 4887 multamque
1026 4817 1329 4887 aequitatem
1360 4824 1859 4871 commonstremus.

259 4914 462 4982 Neque
488 4910 627 4966 enim
670 4924 733 4965 ea
776 4917 977 4963 tantum
1006 4907 1228 4963 dicenda
1258 4916 1400 4971 sunt,
1445 4921 1564 4977 qua:
1594 4907 1862 4975 pertinent

256 5005 338 5061 εει
396 5001 549 5068 iram,
594 5014 775 5057 verum
818 5000 977 5054 etiam
1008 5014 1127 5070 qua:
1156 4998 1221 5052 ad
1251 4997 1713 5052 mansuetudinem
1740 5037 1754 5061 ,
1803 5003 1860 5050 ut

257 5109 452 5164 neque
481 5093 531 5148 in
560 5091 984 5162 desperationem
1002 5089 1350 5159 eonjiciamus
1377 5089 1666 5152 auditores,
1687 5102 1859 5157 neque

256 5192 320 5245 in
358 5185 679 5241 socordiam.
708 5183 799 5240 Sic
846 5183 989 5237 enim
1035 5192 1090 5237 et
1136 5181 1329 5236 Paulus
1376 5181 1498 5233 l'acit
1525 5194 1591 5233 ex
1635 5188 1859 5247 utraque

256 5290 582 5347 temperans
601 5273 1015 5331 admonitionem
1046 5309 1063 5335 ,
1097 5270 1237 5325 hunc
1267 5272 1319 5324 in
1348 5268 1563 5322 modum
1588 5270 1810 5336 loquens
1840 5284 1855 5321 :

265 5370 412 5426 Vide
435 5370 586 5440 igitur
612 5368 880 5422 bonitatem
902 5380 963 5417 ac
980 5364 1287 5416 severitatem
1314 5361 1404 5416 Dei
1427 5361 1600 5433 (Rom.
1637 5360 1717 5413 ll.
1738 5358 1854 5428 22);

257 5476 382 5537 quo
426 5460 583 5516 simul
611 5469 665 5515 et
694 5468 897 5515 terrore
940 5464 995 5511 et
1037 5455 1174 5509 bona
1218 5470 1313 5525 spe
1359 5455 1554 5509 excitet
1600 5468 1719 5506 eum
1767 5452 1854 5521 qui

255 5558 455 5625 lapsus
483 5561 582 5607 est.
616 5550 807 5605 Vidisti
839 5545 1178 5602 severitatem
1222 5544 1352 5598 Dei?
1382 5544 1502 5598 vide
1548 5553 1602 5597 et
1648 5541 1857 5596 bonita-

256 5646 414 5706 tein?
439 5642 712 5715 Quomodo
737 5642 898 5712 igitur
918 5636 1215 5693 videbimus
1237 5636 1563 5691 bonitatem?
1588 5634 1641 5691 Si
1661 5648 1855 5703 cogno-

330 5822 352 5860 ί
388 5831 528 5887 Unus,
552 5826 680 5875 teste
704 5819 899 5880 savilio,
924 5818 1111 5879 habet,
1179 5813 1404 5879 fragilior
1431 5855 1444 5879 ,
1526 5825 1631 5875 pro,
1663 5810 1815 5860 rilfor.

1320 401 1385 455 IN
1423 398 1647 463 ILLUD,
1690 396 1826 453 VIDI
1868 395 2193 464 DOMINUM,
2237 400 2463 459 IIOMIL.
2508 401 2568 458 ν.

3443 426 3555 483 134

1981 516 2212 573 verimus
2239 537 2337 591 qua
2368 538 2424 577 re
2441 524 2631 592 dignus
2660 523 2814 580 fuerit
2843 524 3014 583 Ozias.
3039 529 3239 596 Quibus
3261 528 3427 600 igitur
3445 548 3561 591 erat

1980 607 2277 681 dignus?Ut
2306 616 2461 671 simut
2489 627 2646 689 atque
2674 620 2808 675 intra
2836 635 3045 680 sacrum
3076 630 3384 687 vestibulum
3414 644 3557 691 tanta

1979 715 2100 755 cum
2125 704 2449 774 impudentia
2476 706 2775 779 irrupisset,
2801 714 2943 769 mille
2968 714 3290 786 fulminibus,
3316 734 3559 784 extremo

1981 796 2239 864 supplicio
2264 800 2607 871 eruciatuque
2628 804 2948 862 afﬁceretur.
2977 809 3030 865 Si
3057 810 3196 866 enim
3226 812 3298 868 illi
3325 818 3412 885 qui
3442 818 3557 877 haec

1980 885 2207 955 primum
2238 899 2361 944 sunt
2408 894 2561 957 ausi,
2602 894 2738 951 hanc
2767 899 2963 955 dedere
3010 918 3220 971 poenam
3247 950 3262 974 ,
3314 910 3557 968 videlicet

1983 976 2207 1071 Dathan,
2226 982 2362 1036 Core
2389 993 2442 1039 et
2462 984 2660 1040 Abiron
2690 986 2874 1058 (Num.
2901 991 3012 1062 lb),
3036 996 3202 1049 multo
3228 1002 3393 1071 magis
3415 1002 3558 1060 hunc

1979 1069 2044 1123 ad
2067 1086 2188 1127 eum
2210 1075 2422 1131 modum
2453 1079 2622 1147 puniri
2648 1084 2902 1149 oportuit,
2922 1087 3008 1153 qui
3026 1103 3090 1141 ne
3114 1069 3555 1162 illorum'quident

1977 1162 2362 1222 calamitatibus
2391 1167 2549 1223 fuerit
2573 1172 2878 1242 castigatus.
2926 1175 3119 1232 Verum
3165 1179 3267 1236 hoc
3295 1198 3397 1238 non
3433 1184 3557 1240 fecit

1980 1251 2139 1322 Deus,
2156 1256 2246 1310 sed
2276 1258 2417 1326 prius
2444 1260 2519 1314 illi
2548 1274 2824 1318 sermones
2850 1265 3084 1322 admovit
3103 1285 3195 1337 per
3223 1274 3553 1330 sacerdotem

1979 1344 2143 1400 multa
2186 1348 2368 1416 plenos
2396 1349 2722 1407 humanitate
2760 1371 2774 1407 :
2807 1356 3051 1427 quodque
3079 1356 3319 1417 Christus
3359 1365 3553 1419 adhor-

1981 1446 2117 1493 tatus
2146 1450 2247 1506 est,
2297 1451 2353 1496 ut
2381 1442 2615 1499 iacerent
2642 1444 2883 1502 homines
2911 1450 3118 1518 quoties
3159 1453 3210 1507 in
3242 1468 3301 1508 se
3332 1455 3553 1512 invicem

1978 1532 2330 1599 peccaverint,
2362 1533 2461 1590 hoc
2492 1534 2631 1591 Deus
2661 1536 2781 1592 feci;
2808 1554 2929 1610 erga
2962 1524 3249 1597 heminem.
3278 1545 3407 1600 Nam
3440 1551 3552 1604 ait:

1978 1619 2102 1676 Cum
2128 1626 2399 1693 peccaverit
2428 1627 2476 1679 in
2499 1637 2545 1680 te
2572 1632 2729 1699 [mter
2754 1639 2886 1695 tuus,
2913 1632 3012 1697 abi,
3037 1650 3192 1703 argue
3215 1652 3324 1690 cum
3365 1638 3492 1693 inter
3512 1651 3558 1695 te

1978 1724 2025 1769 et
2051 1716 2214 1786 ipsum
2245 1718 2407 1772 solum
2438 1720 2647 1785 (Matth.
2689 1723 2775 1777 18.
2811 1721 2921 1794 15).
2968 1724 3057 1781 Sic
3101 1736 3155 1782 et
3197 1744 3373 1800 regem
3418 1730 3557 1789 hunc

1978 1806 2244 1879 redarguit
2272 1811 2431 1865 Deus.
2463 1811 2528 1867 Et
2566 1811 2810 1869 Christus
2837 1816 3048 1886 quidem
3083 1820 3208 1874 dicit
3238 1839 3252 1875 :
3286 1822 3349 1877 Si
3383 1834 3430 1878 te
3455 1842 3557 1879 non

1980 1899 2195 1953 audierit
2222 1941 2237 1967 ,
2271 1902 2331 1954 sit
2360 1904 2446 1956 tibi
2473 1905 2603 1958 velut
2633 1906 2857 1960 ethnicus
2882 1918 2927 1961 et
2956 1909 3255 1979 publicanus
3300 1912 3458 1985 (Ibid.
3505 1934 3553 1973 υ.

1984 1990 2010 2043 Ι
2019 1990 2068 2044 6.
2104 1993 2192 2060 l7)
2223 2009 2236 2044 :
2268 2002 2323 2047 at
2358 1994 2496 2049 Deus
2538 1995 2819 2052 clementia
2861 2001 3101 2069 proprias
3147 2007 3557 2075 supergredieus

1980 2082 2142 2152 leges,
2174 2099 2271 2140 nec
2296 2086 2372 2139 sic
2396 2086 2608 2157 quidem
2640 2088 2786 2144 illum
2818 2093 3079 2159 resecuit,
3126 2111 3223 2150 nec
3247 2098 3427 2154 audire
3455 2115 3555 2155 no-

1982 2172 2174 2228 lentem
2206 2173 2669 2247 indignantemque
2697 2178 2892 2249 dejecit
2913 2222 2930 2247 ,
2977 2182 3071 2238 sed
3102 2185 3288 2241 iterum
3316 2190 3556 2259 aggredi-

1980 2274 2066 2319 tur
2114 2266 2440 2336 castigatquo
2489 2267 2649 2325 modo
2686 2272 3073 2328 correctionem
3123 2275 3349 2333 habente
3381 2282 3557 2348 potius

1979 2371 2137 2425 quam
2169 2358 2445 2415 ultionem.
2473 2359 2659 2432 Neque
2683 2364 2827 2419 enim
2858 2363 3056 2423 fulmen
3082 2368 3307 2425 vibravit
3331 2388 3361 2427 e
3389 2375 3555 2430 subli-

1980 2448 2071 2509 mi,
2102 2464 2276 2519 neque
2299 2451 2502 2506 exussit
2528 2452 2808 2521 impudens
2836 2466 3017 2526 caput,
3044 2459 3137 2514 sed
3173 2469 3373 2518 tantum
3409 2466 3550 2535 lepra

1978 2540 2271 2609 castigavit.
2302 2543 2475 2613 Atque
2505 2559 2566 2598 ea
2584 2544 2798 2613 quidem
2824 2563 2942 2617 qua:
2968 2548 3110 2606 Ozia:
3130 2554 3454 2625 acciderunt,
3478 2560 3555 2616 sic

1981 2628 2177 2685 habent
2210 2648 2223 2685 :
2256 2647 2353 2703 ego
2378 2648 2505 2688 vero
2528 2634 2572 2690 si
2604 2651 2764 2691 unum
2791 2638 3039 2709 quiddam
3066 2643 3238 2701 adhuc
3263 2648 3551 2719 addidero,

1978 2721 2188 2778 dicendi
2230 2725 2385 2780 linem
2435 2726 2645 2783 faciam.
2699 2729 2835 2798 Quid
2881 2744 3058 2790 autem
3090 2735 3190 2793 ltoc
3234 2742 3353 2795 est?
3402 2744 3552 2809 Quod

1983 2821 2183 2890 pridem
2201 2824 2267 2879 ab
2292 2824 2442 2881 initio
2463 2827 2851 2898 quaarebantus,
2870 2846 2966 2888 cur
2981 2849 3099 2888 cunt
3120 2836 3170 2889 in
3197 2836 3352 2893 rebus
3385 2847 3555 2893 exter-

1980 2914 2060 2967 nis
2094 2914 2252 2985 inque
2278 2916 2606 2987 prophetiis,
2645 2934 2834 2976 onmes
2862 2923 3068 2979 soleant
3095 2925 3374 2999 designare
3418 2939 3553 2984 tem.

1979 3020 2105 3075 pora
2138 3008 2258 3061 vitre
2282 3023 2489 3079 regum,
2517 3008 2604 3065 hic
2632 3025 2697 3066 eo
2725 3016 3082 3080 prmtcrmisso
3101 3056 3117 3083 ,
3149 3025 3355 3087 tempus
3381 3030 3555 3076 sumat

1978 3115 2085 3169 quo
2116 3108 2357 3155 mortuus
2382 3102 2451 3156 sit
2477 3099 2652 3167 Ozias,
2678 3101 2745 3157 ad
2776 3102 2915 3157 hunc
2940 3105 3162 3175 loquens
3191 3108 3402 3164 modmn
3439 3129 3452 3165 :
3488 3112 3554 3165 Ii‘t

1978 3195 2167 3259 factum
2193 3194 2265 3245 est
2290 3207 2443 3259 anno,
2471 3208 2569 3263 quo
2597 3200 2828 3248 mortuus
2851 3203 2922 3249 est
2940 3194 3090 3251 Ozias
3115 3213 3205 3252 rea:
3230 3196 3381 3267 (lsai.
3402 3200 3453 3255 6.
3477 3202 3551 3271 l).

1979 3284 2044 3338 Et
2073 3294 2245 3341 tamen
2280 3293 2488 3355 poterat
2516 3287 2655 3357 regis
2692 3295 2802 3343 tum
2847 3292 3113 3360 regnantis
3143 3301 3352 3365 tempus
3374 3302 3549 3368 expri-

1979 3391 2147 3443 mere,
2179 3376 2623 3447 quemadmodum
2654 3379 2900 3433 omnibus
2930 3382 3202 3452 prophetis
3242 3400 3357 3441 mos
3387 3398 3500 3443 erat
3534 3408 3549 3445 :

1978 3482 2160 3522 verum
2191 3467 2241 3522 id
2271 3484 2376 3525 non
2411 3468 2553 3525 fecit.
2585 3468 2752 3537 Quam
2788 3471 2858 3526 ob
2892 3487 3104 3527 causam
3153 3475 3309 3545 igitur
3339 3493 3442 3532 non
3477 3480 3553 3533 fe-

1976 3562 2046 3614 cit
2070 3560 2092 3613 ?
2117 3560 2228 3615 Mos
2252 3570 2368 3617 erat
2393 3570 2544 3616 vetus
2573 3563 2842 3631 leprosum
2870 3579 2900 3619 e
2932 3565 3144 3621 civitate
3171 3570 3463 3638 expellere,
3496 3581 3552 3623 ut

1978 3661 2029 3706 ct
2071 3652 2123 3705 hi
2155 3652 2244 3722 qui
2294 3654 2345 3707 in
2385 3654 2603 3709 civitate
2646 3655 2894 3710 vivebant
2936 3658 3126 3713 melius
3166 3659 3451 3729 haberent,
3498 3675 3553 3719 et

1977 3744 2089 3813 ipse
2117 3744 2359 3814 leprosos
2408 3761 2513 3801 non
2543 3757 2684 3803 esset
2712 3748 2774 3802 iis
2803 3748 2890 3818 qui
2937 3751 3309 3807 contumeliam
3356 3754 3553 3811 inferre

1977 3838 2171 3893 vellent
2198 3848 2548 3894 scommatum
2568 3854 2630 3895 ac
2650 3838 2932 3897 derisionis
2956 3844 3183 3907 occasio,
3202 3845 3294 3900 sed
3321 3855 3378 3899 ut
3400 3858 3549 3901 extra

1978 3930 2243 3984 civitatem
2275 3944 2634 3997 commorans,
2674 3930 3014 3986 solitudinem
3044 3933 3143 3987 veli
3174 3934 3291 3988 loco
3333 3934 3553 3991 haberet

1976 4019 2247 4075 obtentam
2277 4020 2536 4076 adversus
2558 4020 2803 4090 injuriam
2826 4023 3160 4078 calamitatis.
3182 4024 3354 4081 Hocet
3373 4042 3549 4097 regem

1978 4112 2119 4165 hunc
2148 4111 2352 4181 perpeti
2376 4112 2613 4182 oportuit
2648 4122 2767 4182 post
2792 4113 3029 4183 lepram;
3062 4115 3157 4170 sed
3189 4132 3293 4171 non
3335 4133 3547 4188 perpes-

1975 4217 2066 4257 sus
2093 4211 2193 4271 est,
2222 4202 2287 4258 iis
2314 4203 2405 4274 qui
2432 4203 2486 4259 in
2511 4203 2724 4259 civitate
2753 4215 2903 4260 erant
2932 4205 3075 4259 illum
3105 4207 3173 4262 ob
3197 4209 3549 4280 principatum

1974 4292 2371 4359 reverentibus,
2415 4309 2599 4349 verum
2630 4296 2877 4350 manebat
2920 4296 3064 4350 domi
3089 4313 3201 4354 suae
3230 4300 3548 4357 clanculum.

1976 4384 2085 4439 "ec
2115 4385 2178 4439 ad
2210 4384 2535 4440 iracundiam
2577 4386 2884 4455 provocavit
2929 4388 3115 4453 Deum,
3168 4387 3271 4443 hoc
3317 4392 3550 4460 prophe-

1976 4476 2099 4531 tiam
2141 4477 2369 4533 inhibuit
2407 4495 2421 4532 :
2464 4478 2711 4548 quodque
2756 4488 2993 4547 tempore
3040 4480 3151 4535 IleIi
3192 4480 3385 4537 factum
3428 4492 3546 4547 est,

1982 4567 2197 4623 Verbum
2229 4569 2501 4639 pretiosum
2530 4578 2635 4621 erat
2659 4607 2674 4634 ,
2725 4584 2813 4622 nec
2838 4578 2941 4623 erat
2970 4570 3092 4623 visio
3120 4570 3429 4642 distinguens
3472 4572 3546 4644 (t.

1978 4659 2101 4730 Reg.
2131 4660 2288 4729 5.1).
2335 4659 2414 4713 Tu
2436 4673 2564 4714 vero
2595 4658 2721 4713 mihi
2764 4659 2853 4715 hic
2901 4675 3112 4731 quoque
3150 4663 3427 4719 considera
3456 4665 3547 4722 Dei

1973 4752 2377 4807 humanitatem.
2429 4751 2541 4806 Non
2581 4752 2723 4806 enim
2752 4752 3011 4807 subvertit
3037 4755 3342 4823 civitatem,
3374 4772 3549 4829 neque

1972 4844 2202 4913 perdidit
2242 4842 2628 4908 inhabitantes;
2671 4842 2762 4897 sed
2804 4842 2944 4913 quod
2972 4845 3129 4899 amici
3178 4846 3378 4901 faciunt
3420 4864 3544 4918 erga

1970 4936 2201 5007 mquales
2234 4934 2451 5001 amicos,
2488 4934 2695 5004 quoties
2727 4934 2923 4989 habent
2949 4937 3145 5007 aliquid
3174 4938 3313 5006 quod
3357 4939 3548 4993 merito

1970 5028 2324 5099 expostulent,
2357 5026 2527 5081 obiter
2549 5026 2761 5081 silentio
2787 5026 2963 5082 ferunt
2986 5038 3355 5096 exspectantes
3382 5045 3397 5082 :
3446 5030 3547 5083 hoc

1970 5130 2024 5174 et
2056 5122 2191 5173 Deus
2220 5134 2343 5190 erga
2371 5128 2580 5188 gentem
2610 5117 2733 5172 facit
2764 5117 2965 5186 majore
2996 5120 3545 5190 pmnasupplicioqae

1969 5211 2204 5282 dignam.
2236 5210 2368 5265 Nam
2400 5225 2499 5281 ego
2528 5209 2760 5280 quidem,
2791 5209 2981 5278 inquit,
3013 5208 3145 5279 ejeci
3175 5209 3321 5264 illum
3351 5226 3382 5266 e
3406 5221 3544 5264 tem-

1967 5306 2075 5373 plo.
2110 5318 2203 5358 vos
2230 5314 2406 5359 autem
2437 5317 2503 5358 ne
2530 5317 2561 5357 e
2585 5300 2797 5355 civitate
2822 5300 3036 5370 quidem
3072 5319 3086 5356 :
3114 5316 3215 5373 ego
3240 5302 3388 5358 illum
3427 5306 3545 5357 vin-

1966 5406 2108 5450 etum
2139 5396 2305 5465 lepra,
2356 5396 2425 5450 ita
2454 5394 2713 5465 privatum
2738 5392 2967 5461 reddidi,
3015 5407 3108 5448 vos
3136 5404 3312 5450 autem
3358 5413 3422 5450 ne
3466 5400 3543 5451 sic

1967 5489 2180 5557 quidem
2207 5489 2493 5543 validiores
2522 5486 2764 5541 evasistis
2785 5528 2800 5553 ,
2830 5485 2925 5541 sed
2968 5501 2999 5540 a
3026 5502 3111 5541 me
3130 5486 3539 5543 condemnatum

1970 5600 2075 5638 non
2105 5582 2429 5638 sustinuistis
2474 5594 2505 5636 e
2532 5580 2745 5634 civitate
2792 5578 3110 5650 propellere.
3157 5580 3387 5635 Tametsi
3419 5583 3541 5649 quis

1964 5692 2058 5731 rex
2104 5677 2297 5731 factum
2331 5674 2434 5729 hoc
2465 5672 2726 5742 patienter
2757 5670 3005 5737 tulisset,
3057 5686 3228 5741 neque
3274 5671 3541 5726 civitatem

1968 5770 2202 5829 funditus
2228 5768 2595 5835 subvenisset,
2621 5776 2743 5821 cum
2777 5762 2982 5820 videret
3011 5779 3129 5820 eum
3153 5810 3163 5832 ,
3200 5764 3285 5833 qui
3317 5764 3365 5817 izt
3394 5765 3540 5818 exsi-
