4144 6476
591 418 703 474 135

598 512 724 564 lium
767 507 844 564 ire
863 507 1043 576 jussus
1073 509 1243 562 esset,
1277 499 1328 553 ln
1361 499 1573 554 civitate
1603 492 1960 552 commorari?
1989 491 2184 545 Verum

598 607 743 660 Deus
768 602 869 656 hoc
898 617 999 655 non
1031 598 1194 660 fecit;
1229 594 1367 649 Deus
1395 593 1537 646 enim
1560 597 1695 650 erat,
1731 602 1838 641 non
1869 585 2050 638 homo.
2082 581 2179 636 Ubi

598 709 728 751 vero
756 693 905 749 finita
929 701 1010 746 est
1031 692 1184 758 hujus
1204 687 1330 752 vita,
1355 685 1512 738 simul
1539 691 1593 737 et
1621 681 1752 736 iram
1778 679 2033 737 adversus
2061 675 2180 728 illos

598 784 887 855 deposuit,
918 778 1317 852 prophetircque
1363 776 1505 830 fores
1549 773 1776 842 aperuit,
1810 785 1872 822 ac
1897 781 2084 822 rursus
2111 765 2177 819 ad

598 891 694 934 eos
732 874 911 930 rediit.
939 872 1017 927 Tu
1048 885 1179 926 vero
1207 885 1272 922 ex
1311 863 1759 920 reconciliationis
1802 860 1958 914 modo
2005 857 2180 911 consi-

598 967 731 1021 dera
756 965 849 1019 Dei
882 961 1278 1032 indulgentiam.
1312 957 1442 1011 Nam
1473 955 1517 1009 si
1543 954 1661 1024 quis
1688 949 2002 1020 expenderit
2018 947 2178 1014 justi-

606 1059 690 1116 tia:
729 1053 1054 1118 rationem‘,
1088 1065 1155 1106 ne
1198 1059 1309 1103 tum
1355 1045 1568 1116 quidem
1602 1041 1938 1098 reconciliari
1975 1039 2178 1094 debuit.

601 1147 768 1218 Quam
790 1145 859 1201 ob
881 1157 1093 1198 causam
1113 1141 1137 1194 ‘i
1155 1140 1283 1208 Quia
1316 1153 1421 1192 non
1451 1136 1660 1190 illorum
1685 1147 1847 1202 opera
1873 1129 2076 1200 ejectus
2100 1137 2186 1183 est

600 1239 777 1295 Ozias.
807 1235 990 1305 Neque
1014 1234 1153 1288 enim
1186 1232 1257 1286 illi
1277 1237 1546 1300 arreptum
1575 1226 1886 1295 abegerant,
1922 1221 2015 1276 sed
2038 1235 2183 1275 mors

602 1339 806 1384 natura:
835 1327 952 1397 lege
977 1323 1362 1394 superveniens
1389 1334 1510 1374 eum
1543 1326 1671 1371 tunc
1707 1330 1739 1370 e
1763 1315 1976 1369 civitate
2002 1310 2180 1380 eiecit.

602 1419 797 1474 Verum
823 1431 947 1487 erga
976 1431 1072 1469 nos
1106 1414 1244 1468 Deus
1276 1425 1378 1464 non
1425 1408 1761 1461 minimarum
1806 1418 1984 1458 rerum
2014 1414 2183 1470 usque

600 1511 736 1566 adeo
763 1509 1022 1564 rationem
1049 1504 1232 1568 habet,
1250 1502 1343 1557 sed
1366 1509 1569 1554 tantum
1598 1497 1702 1551 hoc
1726 1495 1937 1566 quaerit,
1966 1491 2181 1548 modum

603 1616 726 1656 sese
774 1599 1045 1654 nobiscum
1090 1591 1488 1651 reconciliandi.
1518 1587 1746 1644 Proinde
1775 1601 1934 1654 super
1966 1585 2050 1638 his
2077 1598 2187 1637 om-

604 1692 759 1746 nibus
785 1690 980 1762 gratias
1001 1700 1218 1758 agamus
1247 1683 1345 1744 illi,
1377 1681 1733 1751 gloriticemus
1763 1677 1904 1730 illius
1936 1672 2180 1729 ineffabi-

604 1783 708 1837 lem
749 1780 1123 1850 benignitatem
1169 1795 1182 1830 :
1224 1790 1323 1844 qua
1371 1788 1467 1826 nos
1520 1785 1707 1825 omnes
1760 1768 1950 1837 dignos
1999 1764 2183 1820 haberi

603 1873 896 1942 contingat,
929 1868 1095 1940 gratia
1125 1876 1179 1922 et
1219 1862 1583 1920 misericordia
1617 1859 1873 1927 unigeniti
1917 1857 2034 1912 Filii
2069 1857 2184 1925 ejus

605 1963 814 2018 Domini
843 1962 1015 2016 nostri
1051 1959 1174 2014 Jesu
1197 1957 1416 2020 Christi,
1447 1955 1660 2024 quicum
1689 1950 1830 2006 Patri
1859 1949 2046 2020 gloria,
2080 1948 2182 2001 lto-

611 2072 711 2112 nor
726 2064 780 2111 et
806 2055 1086 2124 imperiutn
1112 2094 1126 2119 ,
1150 2050 1306 2105 simul
1335 2064 1454 2102 cum
1481 2045 1679 2116 Spiritu
1707 2052 1894 2097 sancto
1912 2082 1930 2108 ,
1967 2054 2107 2096 nunc
2132 2048 2186 2094 et

603 2161 836 2216 semper,
865 2155 920 2200 et
949 2145 1000 2198 in
1030 2141 1223 2197 szccula
1254 2138 1593 2193 saeculorum.
1625 2135 1818 2189 Amen.

943 2273 1217 2332 llOMlLlA
1259 2272 1323 2328 IN
1361 2268 1722 2327 SERAPHIM.
1755 2267 1839 2322 Vl.

679 2417 731 2470 l.
763 2415 857 2469 Vix
901 2411 1113 2470 tandem
1156 2408 1299 2463 Ozias
1347 2407 1564 2476 pelagus
1607 2405 1810 2461 emensi
1854 2402 2186 2458 sumuszvix

605 2520 782 2562 autent
810 2519 992 2560 sumus
1017 2503 1218 2557 emensi
1240 2540 1255 2560 .
1282 2514 1387 2553 non
1423 2507 1641 2568 propter
1668 2497 1873 2550 itineris
1897 2495 2187 2564 longitudi-

607 2616 728 2655 nem
751 2640 766 2660 ,
795 2594 886 2651 sed
927 2605 1142 2666 propter
1168 2601 1398 2648 vestram
1421 2633 1436 2657 ,
1469 2591 1554 2660 qni
1589 2590 1862 2643 nobiscum
1895 2589 2150 2657 navigatis
2170 2627 2186 2650 ,

606 2685 844 2748 discendi
884 2685 1244 2756 cupiditatem.
1276 2684 1351 2737 Ita
1395 2681 1716 2752 gubernator
1741 2680 1900 2734 etiam
1947 2690 2189 2733 vectores

609 2791 795 2836 nactus
810 2778 1049 2833 curiosos
1069 2785 1123 2830 et
1142 2773 1538 2844 magniﬁcarum
1563 2785 1742 2825 rerum
1768 2770 1971 2831 avidos,
1996 2771 2191 2838 quique

612 2871 918 2942 peregrinas
941 2867 1120 2921 videre
1145 2864 1377 2936 gestiunt
1402 2862 1665 2927 civitates,
1683 2877 1788 2915 non
1812 2875 1920 2914 uno
1943 2859 2030 2914 die
2052 2859 2191 2913 viam

609 2963 842 3025 coniicit,
873 2959 998 3014 licet
1023 2958 1179 3011 unius
1198 2955 1303 3009 diei
1334 2953 1495 3008 fuerit
1523 2952 1879 3018 intervallum,
1913 2951 2008 3006 sed
2036 2951 2193 3020 longe

611 3053 729 3123 plus
759 3050 1013 3119 temporis
1039 3056 1212 3102 terere
1233 3045 1466 3115 cogitur,
1489 3043 1618 3098 dum
1643 3042 1709 3097 ad
1741 3043 1977 3114 singulos
2011 3051 2193 3112 portus

611 3144 790 3198 navim
817 3139 1055 3211 appellit,
1083 3147 1138 3192 et
1165 3136 1397 3206 singulas
1423 3133 1628 3206 ingredi
1657 3135 1816 3190 urbes
1841 3135 1996 3198 sinit,
2021 3144 2079 3188 ut
2097 3148 2192 3188 co-

611 3253 727 3291 rum
749 3232 838 3304 qui
857 3247 1038 3289 secum
1067 3231 1312 3300 navigant
1334 3228 1606 3300 cupiditati
1626 3228 1896 3301 quidpiam
1915 3227 2190 3299 largiatur.

615 3328 726 3380 lloc
745 3341 772 3376 a
801 3322 954 3378 nobis
979 3336 1188 3393 quoque
1217 3320 1408 3374 factum
1439 3329 1519 3374 est
1539 3360 1554 3383 ,
1586 3319 1712 3374 dum
1745 3336 1850 3374 non
1879 3320 2079 3374 circum
2110 3321 2192 3374 in-

613 3419 758 3474 sulas
813 3414 1118 3484 navigamus
1140 3453 1157 3478 ,
1205 3426 1304 3466 nec
1355 3411 1590 3480 emporia
1615 3453 1632 3478 ,
1669 3420 1852 3480 portus
1881 3452 1897 3476 ,
1929 3411 2194 3481 urbesque

614 3516 970 3564 monstramus
989 3545 1005 3569 ,
1039 3504 1128 3559 sed
1161 3501 1393 3558 virorum
1418 3541 1434 3567 ,
1463 3503 1551 3572 qui
1580 3502 1830 3572 praeclare
1857 3518 1916 3556 se
1939 3516 2154 3571 gessere
2177 3542 2199 3578 ι

613 3602 861 3657 virtutem
887 3641 900 3663 ,
932 3608 986 3653 et
1032 3612 1217 3651 eorum
1240 3637 1256 3663 ,
1287 3595 1374 3666 qui
1413 3595 1547 3664 lapsi
1589 3602 1754 3657 sunt,
1783 3593 2155 3663 negligentiam
2177 3635 2193 3661 ,

614 3693 752 3764 regis
798 3690 1212 3761 impudentiam,
1245 3689 1537 3742 sacerdotis
1584 3687 1636 3742 itt
1683 3686 1948 3756 loquendo
1978 3685 2196 3740 liberta-

609 3795 716 3840 tem
744 3823 760 3848 ,
792 3783 922 3835 iram
953 3781 1044 3835 Dei
1073 3795 1133 3833 ac
1171 3779 1545 3847 benignitatem
1571 3817 1586 3842 ,
1618 3792 1844 3846 quarum
1882 3785 2106 3847 utraque
2130 3777 2197 3831 ad

615 3871 1040 3934 emendationem
1087 3870 1354 3924 tendebat.
1393 3869 1508 3924 1am
1559 3883 1684 3922 vero
1727 3884 1848 3923 cum
1894 3867 1958 3920 ad
2000 3869 2198 3937 regiam

609 3961 880 4016 civitatem
916 3962 1313 4032 pervenerimus
1337 4001 1353 4024 ,
1378 3975 1446 4013 ne
1472 3970 1786 4014 cunctentur
1815 3959 2042 4029 amplius
2061 4000 2076 4023 ,
2105 3959 2198 4014 sed

616 4069 712 4107 nos
743 4053 886 4119 ipsos
908 4059 1170 4121 tamquam
1201 4051 1251 4104 in
1277 4051 1462 4104 urbem
1485 4050 1773 4120 ingressuri
1795 4064 2199 4120 componamus,

613 4151 672 4195 ut
701 4142 778 4194 sic
805 4141 870 4193 ad
900 4142 1167 4194 catlestetn
1200 4140 1536 4208 metropolim
1563 4141 1913 4197 ascendamus
1938 4181 1952 4203 ,
1979 4138 2198 4196 Jerusa-

619 4231 718 4285 lcnt
741 4273 754 4293 ,
786 4231 1022 4284 omnium
1068 4241 1305 4284 nostrum
1333 4241 1556 4284 matrem
1589 4272 1604 4297 ,
1637 4247 1756 4300 qua:
1789 4231 1951 4286 libera
1997 4241 2112 4292 est,
2147 4233 2200 4288 in

615 4340 716 4392 qtta
745 4323 1024 4392 Seraphim
1044 4365 1058 4385 ,
1087 4324 1136 4376 in
1165 4338 1264 4391 qua
1290 4323 1578 4376 Cherultim
1597 4363 1610 4383 ,
1641 4323 1693 4376 in
1722 4339 1822 4392 qua
1847 4323 2008 4377 multa
2037 4324 2199 4379 millia

613 4415 1052 4484 arcltattgelorum
1079 4456 1092 4478 ,
1120 4425 1174 4468 et
1201 4415 1476 4468 innumera
1509 4415 1815 4484 angelorum
1848 4456 1862 4479 ,
1893 4415 1980 4469 ttbi
2011 4417 2200 4470 solium

615 4516 698 4562 est
731 4510 955 4575 regium.
986 4504 1152 4559 Nemo
1179 4505 1334 4575 igitur
1367 4505 1620 4574 profanus
1645 4507 1802 4568 adsit,
1833 4522 1989 4560 nemo
2018 4509 2197 4576 piacu-

620 4600 784 4653 laris:
810 4598 1030 4669 mystice
1063 4599 1256 4668 quippe
1285 4598 1437 4652 nobis
1461 4599 1809 4664 suscipiendae
1851 4611 1970 4653 sunt
2016 4615 2201 4654 narra-

620 4690 790 4743 tiones
815 4707 828 4742 :
853 4690 1150 4742 immundus
1180 4705 1354 4754 nemo,
1379 4697 1431 4742 et
1462 4688 1559 4742 hoc
1580 4688 1874 4741 auditorum
1901 4699 2040 4743 cmtn
2069 4690 2206 4745 adsit

623 4781 904 4848 indignus:
935 4784 1039 4833 into
1067 4797 1193 4835 vero
1223 4779 1475 4850 profanus
1505 4788 1558 4834 et
1607 4781 1887 4848 piacularis
1924 4782 2060 4834 adsit
2091 4785 2206 4850 qui-

620 4873 700 4925 vis
722 4914 734 4930 .
758 4871 850 4925 sed
877 4874 1019 4926 omni
1049 4871 1175 4925 foris
1217 4872 1520 4939 impuritnte
1549 4882 1705 4942 atque
1748 4872 2082 4942 improbitate
2111 4874 2203 4929 de-

620 4961 792 5030 posita
821 4963 897 5016 sic
928 4961 1267 5028 ingrediatur.
1290 4960 1442 5014 illum
1466 4963 1629 5024 enim,
1658 4963 1744 5031 qui
1771 4974 1946 5016 vestes
1978 4964 2205 5018 habebat

620 5051 901 5115 sordidas,
929 5049 1109 5119 sponsi
1155 5059 1304 5120 pater
1347 5067 1377 5104 e
1433 5053 1611 5120 sponsi
1657 5053 1893 5106 conclavi
1947 5071 2205 5126 sacroque

621 5143 853 5196 thalamo
897 5144 1126 5212 expulit.
1160 5159 1262 5197 non
1294 5143 1431 5212 qttod
1472 5144 1711 5198 sordidas
1753 5157 1926 5201 vestes
1965 5149 2202 5212 haberet,

621 5237 713 5291 sed
745 5236 884 5305 quod
915 5252 1002 5290 eas
1031 5238 1228 5290 habens
1255 5245 1396 5292 esset
1429 5239 1715 5306 ingressus.
1745 5237 1926 5308 Neque
1962 5244 2102 5294 enim
2133 5243 2203 5297 illi

623 5328 770 5388 dixit.
793 5330 899 5382 Cur
929 5341 1127 5383 vestem
1157 5331 1438 5396 nuptialem
1470 5347 1571 5383 non
1602 5331 1804 5386 habes?
1831 5335 1942 5397 sed,
1977 5333 2077 5388 Cur
2107 5351 2205 5388 non

625 5422 808 5472 habens
839 5431 1016 5474 restem
1058 5421 1330 5487 nuptialem
1362 5421 1455 5473 huc
1492 5423 1688 5475 intrasti
1719 5424 1929 5490 (.‘llattlt.
1953 5427 2041 5478 29..
2079 5427 2206 5495 1‘2)?

623 5510 835 5575 Stahas,
867 5511 1052 5580 inquit,
1087 5513 1393 5565 mendiCans
1423 5513 1471 5565 in
1507 5514 1672 5567 triviis
1694 5557 1707 5576 ,
1739 5532 1908 5586 neque
1939 5527 2037 5570 tua:
2073 5535 2197 5586 pau-

687 5666 702 5694 ι
740 5665 873 5725 tegit
895 5670 1143 5730 Erasmus:
1171 5674 1285 5714 Nam
1306 5665 1346 5714 si
1378 5675 1498 5716 Deus
1514 5668 1817 5727 expendisse!
1832 5670 1955 5730 justi
1965 5672 2036 5722 "ire
2057 5674 2203 5724 ratio-

622 5736 745 5816 τξιινη,
774 5742 832 5776 «ιιι
854 5727 963 5816 ιἰἶίίι
987 5745 1047 5771 «ιω
1073 5730 1303 5787 quadrare
1333 5745 1424 5778 non
1452 5732 1655 5792 tidetur,
1683 5746 1774 5782 nec
1800 5727 1844 5782 in
1872 5737 2095 5798 «inopiam
2114 5736 2203 5787 Co-

642 5798 779 5833 ltcum
827 5819 830 5822 ~
859 5798 1072 5837 ﬂt‘ttt'tttlt
1097 5801 1356 5848 ςυιιιιηδνυι.

1293 385 1351 441 8.
1392 378 1670 440 JOANNIS
1705 374 2174 437 CHRYSOSTOMI
2212 372 2527 432 ARCIIIEP.
2565 369 3100 430 CONSTANTINOP.

3789 394 3907 450 136

2293 488 2512 557 portatis
2539 502 2624 542 me
2653 487 2839 556 puduit
2862 528 2878 552 ,
2906 486 3250 557 ignominiam
3284 495 3428 542 tuam
3452 502 3558 543 non
3586 488 3841 544 exhorrui
3869 532 3886 555 ,

2291 579 2384 634 sed
2416 579 2482 632 ab
2508 579 2593 631 illa
2637 578 2780 630 omni
2807 578 3007 631 vilitate
3037 578 3319 632 liberatum
3361 578 3413 632 in
3441 593 3650 633 sacrum
3683 589 3736 634 te
3762 580 3881 634 tha-

2292 672 2488 725 lamum
2517 669 2805 734 introduxi,
2839 671 2980 738 regia
3012 683 3164 725 omna
3191 684 3308 724 sum
3333 670 3601 739 dignatus,
3627 680 3682 726 et
3708 680 3887 725 extre-

2294 778 2381 817 mo
2409 762 2668 831 supplicio
2707 761 2922 831 dignum
2958 763 3024 814 ad
3067 777 3371 829 supremam
3399 764 3614 832 provexi
3649 763 3879 834 dignita-

2294 862 2399 906 tem
2427 869 2438 905 :
2464 860 2518 904 at
2544 860 2598 905 tu
2626 866 2695 906 ne
2715 850 2987 905 beneﬁciis
3013 850 3230 920 quidem
3263 850 3430 906 factus
3453 866 3514 907 es
3535 853 3762 918 melior,
3786 853 3884 906 sed

2294 945 2348 999 iu
2370 945 2523 998 solita
2551 945 2899 1012 perversitate
2924 942 3188 1009 mansisti,
3211 953 3406 998 etcum
3438 944 3490 998 in
3512 945 3741 1014 nuptias,
3769 953 3885 998 tum

2293 1037 2344 1091 in
2363 1051 2619 1106 sponsum
2650 1037 2816 1104 ipsum
2841 1035 3262 1089 contumeliosus
3283 1034 3446 1090 fuisti.
3472 1036 3568 1091 Abi
3589 1051 3715 1106 ergo
3737 1035 3887 1090 dein-

2289 1143 2436 1199 ceps,
2468 1136 2523 1184 et
2547 1127 2752 1182 debitas
2775 1136 2920 1182 tanto
2945 1127 3148 1196 stupori
3179 1141 3364 1197 pmnas
3391 1127 3534 1183 dato.
3562 1125 3750 1182 Videat
3776 1129 3881 1197 igi-

2291 1230 2378 1276 tur
2412 1220 2775 1290 unusquisque
2807 1229 3047 1274 nostrum
3072 1259 3087 1282 ,
3114 1234 3181 1272 ne
3207 1217 3343 1274 forte
3372 1219 3528 1274 talem
3557 1233 3740 1275 vocem
3784 1235 3884 1272 au-

2290 1313 2401 1366 diat
2427 1352 2443 1378 ,
2473 1320 2529 1366 et
2554 1311 2700 1366 omni
2743 1310 2949 1380 abjecta
2986 1310 3309 1380 cogitatione
3380 1326 3499 1380 quae
3521 1311 3779 1381 spirituali
3811 1311 3888 1365 sit

2291 1403 2504 1473 indigna
2530 1401 2773 1456 doctrina
2797 1441 2812 1466 ,
2842 1401 2912 1456 ita
2939 1415 3106 1456 sacras
3147 1415 3348 1457 mensa:
3375 1403 3635 1472 particeps
3670 1403 3779 1456 tiat.
3812 1401 3886 1456 Et

2292 1500 2482 1566 factum
2511 1505 2600 1558 est,
2632 1494 2820 1564 inquit,
2847 1494 2900 1547 in
2927 1510 3083 1559 anno,
3110 1509 3211 1562 quo
3239 1505 3466 1548 mortuus
3489 1505 3561 1549 est
3589 1495 3740 1550 Ozias
3763 1512 3880 1562 rex,

2289 1587 2392 1641 vidi
2411 1585 2685 1640 Dominum
2706 1585 2957 1640 sedentem
2981 1586 3035 1638 in
3062 1587 3190 1640 solio
3217 1587 3412 1641 excelso
3440 1595 3486 1640 et
3509 1587 3695 1641 elevato
3719 1587 3882 1657 (lsui.

2290 1679 2342 1734 6.
2379 1680 2452 1750 l).
2485 1677 2764 1746 Quomodo
2790 1677 2998 1742 viderit,
3025 1678 3246 1732 minime
3267 1679 3409 1732 novi.
3431 1677 3500 1734 Se
3519 1678 3662 1734 enim
3683 1678 3883 1734 vidisse

2290 1771 2458 1836 dixit,
2484 1768 2754 1838 quomodo
2792 1777 2969 1822 autem
3016 1768 3248 1834 viderit,
3291 1769 3490 1823 tacuit:
3517 1769 3724 1837 excipio
3757 1784 3881 1838 quae

2291 1862 2433 1917 dicta
2460 1869 2583 1915 sunt
2605 1902 2620 1924 ,
2649 1875 2768 1930 qua:
2792 1859 3005 1913 silentio
3031 1873 3320 1928 suppressa
3343 1867 3504 1924 sunt,
3536 1860 3745 1914 curiose
3771 1874 3883 1914 non

2295 1953 2504 2022 inquiro
2533 1966 2686 2022 :quae
2733 1951 2964 2005 revelata
2998 1957 3124 2004 sunt
3143 1991 3160 2016 ,
3193 1951 3430 2020 intelligo
3452 1985 3470 2014 ,
3489 1965 3607 2020 qua:
3631 1958 3755 2004 sunt
3784 1965 3881 2010 oc-

2291 2046 2509 2108 cultata,
2542 2060 2647 2099 non
2679 2053 2928 2098 scrutor:
2957 2043 3157 2099 idcirco
3189 2058 3416 2113 namque
3444 2050 3567 2096 sunt
3592 2042 3880 2097 occultata.

2293 2138 2487 2207 Peplns
2511 2147 2594 2192 est
2618 2151 2810 2190 aureus
2833 2135 3097 2204 expositio
3116 2134 3646 2204 Scripturm,stamen
3670 2145 3752 2188 est
3780 2149 3882 2186 au-

2292 2247 2429 2295 rum,
2449 2231 2762 2299 subtegmen
2784 2244 2992 2283 aurutn.
3022 2230 3351 2283 Aranearum
3373 2228 3502 2282 telas
3534 2241 3638 2280 non
3667 2237 3879 2280 attexo:

2292 2325 2414 2379 novi
2441 2324 2821 2393 cogitationum
2844 2337 3078 2378 mearum
3108 2320 3545 2376 imbecillitatem.
3571 2320 3697 2374 Noli
3716 2330 3884 2374 trans-

2293 2418 2423 2486 ferre
2450 2417 2687 2470 terminos
2712 2415 2945 2480 antiquos
2968 2453 2984 2478 ,
3014 2413 3185 2482 inquit
3206 2451 3224 2477 ,
3251 2428 3375 2481 quos
3399 2420 3669 2481 posuerunt
3715 2421 3885 2480 patres

2293 2509 2366 2562 tui
2386 2507 2568 2576 (Prov.
2589 2507 2681 2560 Ὠ.
2712 2505 2825 2575 28).
2851 2504 3134 2559 Terminus
3167 2517 3385 2558 movere
3414 2510 3582 2556 tutum
3624 2518 3728 2556 non
3755 2513 3838 2556 est
3863 2519 3880 2556 :

2291 2608 2347 2654 et
2375 2613 2480 2668 quo
2525 2608 2680 2667 pacto
2703 2636 2718 2659 ,
2750 2612 2868 2665 quae
2915 2597 3052 2650 Deus
3091 2593 3304 2663 posuit,
3337 2592 3758 2648 transferemus?
3791 2593 3885 2646 \‘is

2293 2690 2520 2752 discere,
2545 2687 2813 2758 quomodo
2842 2686 3031 2741 viderit
3061 2686 3226 2740 Deum
3249 2684 3270 2737 ?
3297 2683 3418 2739 Fias
3448 2693 3502 2738 tu
3527 2698 3736 2754 quoque
3761 2700 3886 2752 pro-

2297 2781 2475 2849 pheta.
2503 2780 2602 2846 Qui
2626 2779 2736 2832 ﬁeri
2767 2787 2935 2847 potest
2962 2778 3065 2832 hoc
3087 2818 3102 2842 ,
3130 2776 3359 2846 inquies,
3385 2790 3506 2830 cum
3532 2791 3754 2830 uxorem
3783 2775 3882 2828 ha-

2299 2871 2450 2925 beam
2475 2911 2490 2932 ,
2521 2884 2641 2923 cum
2684 2869 2813 2923 mihi
2839 2884 2981 2924 cura:
3007 2871 3075 2923 sit
3103 2869 3349 2922 educatio
3383 2867 3668 2921 liberorum
3691 2868 3714 2920 ἲ
3743 2866 3885 2920 Fieri

2297 2962 2511 3033 quidem
2542 2971 2744 3031 potest,
2777 2961 2820 3014 si
2852 2961 3014 3024 velis,
3039 2961 3336 3015 carissime.
3365 2958 3495 3014 Nam
3527 2969 3580 3014 et
3607 2959 3718 3027 ipse
3749 2975 3882 3012 uxo-

2297 3069 2412 3108 rem
2443 3045 2642 3117 habuit,
2671 3061 2727 3108 et
2754 3053 2981 3106 duorum
3008 3059 3157 3121 pater
3183 3051 3386 3105 exstitit
3414 3051 3721 3115 liberorum,
3752 3049 3886 3104 nihil

2298 3155 2472 3199 tamen
2503 3143 2691 3197 horum
2720 3143 3096 3213 impedimento
3124 3142 3202 3197 illi
3229 3141 3341 3197 luit.
3363 3141 3544 3212 Neque
3567 3143 3706 3196 enim
3731 3141 3890 3196 nobis

2297 3238 2730 3309 impedimentum
2778 3247 2861 3294 est
2902 3236 3107 3293 itineris
3128 3236 3194 3291 ad
3231 3251 3448 3306 regnum
3477 3236 3726 3290 calorum
3755 3251 3890 3289 con-

2293 3333 2496 3402 jugium
2522 3348 2535 3384 :
2559 3332 2810 3400 quoniam
2849 3331 2895 3385 si
2929 3329 3366 3399 impedimentum
3395 3337 3559 3393 esset,
3587 3336 3642 3381 et
3667 3325 3888 3380 insidias

2299 3422 2456 3476 nobis
2502 3429 2746 3489 paratura
2789 3419 2976 3474 fuisset
3018 3434 3191 3480 uxor,
3236 3431 3358 3472 cum
3397 3431 3515 3471 eam
3544 3431 3573 3468 a
3625 3413 3890 3484 principio

2298 3520 2506 3568 crearet
2551 3512 2729 3575 Deus,
2774 3510 3087 3578 adiutricem
3137 3524 3243 3563 non
3297 3507 3636 3577 appellasset.
3686 3505 3888 3560 Vellent

2300 3604 2544 3675 equidem
2561 3603 2760 3667 dicere,
2780 3601 3031 3672 quidnam
3049 3601 3121 3656 sit
3139 3600 3304 3656 Deum
3321 3599 3534 3655 sedere:
3554 3613 3722 3669 neque
3741 3599 3890 3653 enim

2302 3697 2443 3751 Deus
2468 3695 2618 3751 sedet
2642 3711 2655 3749 :
2680 3710 2800 3749 cum
2831 3695 2916 3749 hic
2941 3693 3010 3750 sit
3035 3708 3321 3761 corporum
3352 3691 3507 3758 situs,
3541 3691 3683 3746 Deus
3707 3701 3889 3745 autem

2299 3790 2370 3845 sit
2393 3792 2757 3856 Incorporeus.

2369 3881 2423 3933 Ξ.
2465 3879 2739 3948 Seraphin:
2781 3878 3001 3947 dignitas
3048 3879 3294 3932 maxima.
3331 3907 3403 3918 —
3451 3876 3650 3931 Vellem
3703 3875 3894 3928 dicere

2303 3971 2430 4042 quid
2462 3973 2531 4025 sit
2556 3971 2752 4024 solium
2788 3970 2878 4023 Dei
2909 3985 2923 4021 :
2952 3983 3124 4038 neque
3169 3970 3312 4023 enim
3361 3968 3539 4038 tttique
3567 3969 3701 4022 solio
3745 3967 3894 4020 Deus

2304 4060 2808 4130 comprehenditur,
2859 4074 2980 4114 cum
3021 4059 3386 4115 circumscribi
3441 4058 3656 4111 minime
3721 4056 3895 4122 pos~it

2306 4151 2510 4208 Numen
2537 4168 2549 4202 :
2576 4151 2670 4205 sed
2698 4165 2890 4204 vereor
2913 4191 2929 4214 ,
2962 4165 3029 4204 ne
3055 4150 3100 4204 si
3152 4148 3409 4202 docendis
3452 4147 3567 4199 istis
3609 4147 3890 4209 immorer,

2306 4247 2610 4317 protrahatu
2639 4245 2803 4298 debiti
2827 4243 3169 4297 solutionent.
3198 4240 3396 4295 Omnes
3427 4239 3566 4292 enim
3590 4238 3741 4291 video
3768 4254 3896 4290 nar-

2305 4339 2496 4392 rationi
2527 4336 2594 4391 de
2641 4336 2920 4404 Serapltim
2979 4334 3205 4395 inhiare,
3235 4348 3340 4384 non
3383 4331 3549 4384 solum
3581 4328 3766 4390 hodie,
3795 4328 3892 4382 sed

2302 4429 2410 4495 jam
2446 4427 2566 4480 inde
2591 4442 2619 4478 a
2653 4428 2825 4494 primo
2852 4427 2976 4479 die:
3011 4434 3337 4495 quapropter
3357 4421 3745 4476 multitudinem
3774 4434 3898 4473 sen-

2309 4519 2589 4572 tentiarum
2643 4527 2911 4585 tamquam
2963 4516 3238 4569 hominum
3281 4525 3475 4568 emtum
3530 4527 3720 4580 magno
3767 4526 3893 4564 cum

2310 4610 2509 4677 impetu
2557 4617 2928 4661 occurrentem
2974 4618 3346 4676 perrumpens,
3369 4603 3433 4656 ad
3463 4603 3853 4672 expositionem

2310 4700 2449 4752 illaut
2473 4705 2650 4751 nostra
2671 4697 2882 4751 festinat
2901 4697 3092 4750 oratio.
3119 4695 3185 4749 Et
3209 4694 3476 4764 Seraphin:
3502 4696 3700 4746 stabant
3723 4693 3774 4744 iu
3792 4694 3894 4745 cir-

2307 4784 2444 4837 cuitu
2465 4782 2593 4852 ejus,
2611 4783 2774 4850 inquit
2799 4780 2947 4849 (lsai.
2968 4783 3020 4835 6.
3038 4781 3118 4850 2).
3141 4780 3276 4833 Ecce
3297 4778 3595 4847 Serapbim,
3615 4794 3734 4846 qua:
3755 4778 3892 4831 vide-

2311 4891 2367 4930 re
2392 4875 2517 4930 olim
2547 4874 2840 4943 cupiebatis
2867 4887 3072 4928 omnes.
3095 4871 3536 4939 Contemplamini
3559 4885 3705 4938 ergo.
3727 4881 3777 4925 et
3802 4886 3894 4922 cu-

2311 4966 2586 5034 piditatem
2615 4964 2825 5032 explete
2854 4982 2866 5016 :
2899 4963 2993 5017 sed
3016 4979 3120 5017 non
3151 4977 3270 5016 cunt
3301 4963 3547 5027 tumultu,
3576 4977 3746 5030 neque
3771 4975 3898 5029 pro.

2312 5057 2517 5126 peranti
2545 5057 2867 5123 cogitatione
2892 5095 2906 5116 ,
2934 5055 3072 5108 sicut
3097 5053 3156 5107 lit
3186 5053 3239 5106 itt
3272 5053 3653 5124 lmpcratornm
3697 5053 3895 5121 ingres.

2313 5165 2411 5204 sn:
2448 5165 2568 5202 nam
2621 5149 2728 5202 illic
2767 5146 2980 5214 quidem
3028 5145 3168 5200 istud
3218 5147 3390 5218 ipsum
3441 5146 3630 5201 werito
3676 5145 3894 5200 accidit.

2313 5239 2493 5308 Neque
2517 5240 2655 5292 enim
2688 5246 2931 5306 spectant
2952 5237 3213 5292 satellites
3237 5279 3252 5301 ,
3287 5248 3341 5292 ιιι
3373 5246 3698 5305 spectatores
3725 5238 3898 5292 oculis

2311 5342 2497 5385 cuncta
2528 5332 2791 5392 lustrent;
2826 5329 2941 5391 scd,
2967 5339 3253 5398 antequam
3292 5339 3438 5384 recte
3461 5327 3729 5392 viderint,
3761 5344 3889 5396 prm-

2315 5422 2474 5477 terire
2511 5423 2630 5476 illos
2669 5430 2866 5490 cogunt
2897 5438 2908 5472 :
2937 5420 3023 5474 hic
3051 5435 3180 5475 vero
3228 5436 3334 5473 non
3366 5421 3434 5473 ita
3467 5436 3480 5472 :
3511 5419 3602 5472 sed
3647 5427 3896 5472 content-

2313 5514 2600 5582 plationem
2650 5524 2887 5566 nostram
2937 5514 3078 5567 sistit
3125 5515 3336 5577 oratio,
3384 5525 3662 5580 quousque
3715 5511 3896 5562 omnia

2312 5606 2704 5674 percurreritis,
2735 5621 2850 5672 qum
2877 5607 3113 5674 percurri
3143 5621 3172 5658 a
3198 5604 3348 5657 vobis
3373 5611 3610 5671 possunt.
3642 5600 3703 5654 Et
3731 5600 3891 5654 Sera-

2312 5697 2450 5765 phim
2471 5697 2669 5748 stabant
2697 5697 2748 5748 in
2778 5698 2986 5750 circuitu
3010 5699 3140 5767 ejus.
3173 5699 3314 5749 Ante
3343 5703 3540 5748 natura!
3583 5692 3898 5763 dignitatem

2311 5803 2409 5843 nos
2435 5789 2611 5842 docuit
2633 5789 2785 5843 iSIant
2823 5806 2883 5844 ex
2911 5790 3010 5845 loci
3035 5789 3225 5846 vicinia
3255 5788 3586 5857 dignitatem.
3615 5785 3728 5841 Non
3756 5788 3898 5845 enim
