4144 6532
303 457 413 516 137

310 581 445 637 dixit
477 579 738 651 primum,
761 591 1001 654 quaenam
1022 573 1299 645 Seraphim
1326 580 1526 638 essent,
1558 569 1651 626 sed
1675 567 1765 622 ubi
1793 575 1900 621 sta-

315 681 439 729 rent
495 671 660 727 dixit.
704 669 829 725 Haec
877 667 1017 722 enim
1060 666 1288 735 dignitas
1326 663 1495 732 major
1539 669 1619 716 est
1643 659 1752 715 illa.
1782 657 1898 725 Quo

316 765 529 817 tandem
570 760 769 831 pacto?
794 757 945 827 Quod
996 756 1244 812 nimirum
1294 753 1429 808 haud
1461 752 1531 806 ita
1561 751 1890 806 demonstret

314 870 535 926 magnas
583 853 705 907 illas
756 865 875 907 esse
913 850 1171 914 virtutes,
1220 845 1361 917 quod
1409 845 1512 899 sint
1575 840 1894 910 Serapbim,

312 962 474 1016 quam
504 943 647 1016 quod
680 956 843 1013 prope
879 941 1068 996 solium
1097 946 1239 993 stent
1271 936 1492 1006 regium.
1537 931 1668 987 Nam
1717 940 1771 986 et
1800 943 1897 984 nos

314 1036 437 1090 ﬁlos
470 1035 758 1090 nobiliores
787 1047 907 1088 esse
952 1030 1206 1084 satellites
1234 1026 1589 1090 arbitramur,
1616 1021 1707 1092 qui
1741 1021 1891 1090 juxta

308 1128 498 1198 jugum
527 1126 659 1199 regii
688 1138 877 1181 currus
906 1121 1177 1178 incedunt.
1221 1119 1298 1174 lta
1328 1129 1535 1189 quoque
1554 1114 1804 1169 virtutum
1834 1111 1896 1165 il-

311 1218 488 1272 larum
517 1218 949 1286 incorporearum
979 1211 1301 1267 illustriores
1326 1216 1451 1263 sunt
1479 1207 1746 1275 illte,qu:e
1759 1202 1896 1257 solio

311 1310 410 1365 Dei
433 1318 558 1363 sunt
588 1308 861 1377 proximae.
882 1304 1085 1359 Idcirco
1108 1302 1271 1359 etlam
1296 1298 1553 1371 pr0pheta
1572 1296 1640 1351 de
1665 1294 1895 1350 naturali

310 1414 501 1454 eorum
540 1398 796 1468 dignitate
836 1396 1101 1451 disserere
1138 1392 1428 1455 omittens,
1457 1388 1606 1459 prius
1635 1384 1790 1440 nobis
1829 1383 1896 1439 de

308 1490 415 1544 loci
465 1488 810 1558 prazrogntiva
850 1483 1104 1550 disserit,
1129 1481 1272 1552 quod
1310 1481 1450 1535 hunc
1477 1477 1734 1548 majorem
1776 1488 1896 1530 esse

308 1580 446 1634 sciat
465 1589 711 1633 ornatum
732 1618 748 1643 ,
766 1585 827 1633 et
851 1575 917 1631 ab
942 1575 1047 1629 hoc
1074 1582 1277 1627 natura:
1304 1570 1513 1625 illorum
1553 1564 1899 1635 pulchritudi-

311 1684 440 1724 nem
471 1670 766 1723 dimanare.
792 1667 903 1721 Hoc
927 1665 1070 1721 enim
1096 1663 1264 1733 gloria
1284 1703 1299 1729 ,
1331 1660 1533 1724 honor,
1561 1667 1615 1715 et
1632 1657 1896 1713 securitas

306 1760 509 1824 omnis,
542 1768 599 1813 ut
631 1760 685 1812 in
711 1758 933 1813 circuitu
962 1756 1080 1810 solii
1111 1754 1251 1811 illius
1270 1760 1592 1824 appareant.
1619 1749 1732 1806 Hoc
1760 1758 1815 1804 et
1841 1748 1891 1802 in

303 1850 515 1920 angelis
558 1863 781 1903 cernere
831 1847 954 1903 licet
982 1864 997 1902 :
1023 1860 1144 1901 nam
1174 1853 1229 1901 et
1254 1844 1374 1899 illos
1398 1856 1517 1899 esse
1544 1854 1763 1911 magnos
1794 1853 1892 1893 vo-

308 1947 427 1996 lens
454 1939 699 1996 Christus
720 1940 1006 1996 ostendere
1033 1980 1047 2005 ,
1084 1954 1187 1993 non
1217 1953 1312 1993 eos
1345 1935 1565 2007 angelos
1584 1948 1702 1989 esse
1724 1932 1889 1994 dixit,

306 2042 366 2088 et
392 2034 557 2087 tacuit
588 2050 602 2087 :
629 2032 722 2088 sed
746 2074 761 2100 ,
805 2031 938 2098 Quia
983 2030 1154 2102 angeli
1182 2044 1356 2085 eorum
1397 2043 1594 2096 semper
1618 2025 1783 2080 vident
1805 2027 1891 2095 {a-

304 2126 437 2179 ciem
474 2124 646 2179 Patris
676 2125 773 2179 mei
795 2124 880 2195 qui
902 2124 956 2177 in
984 2123 1121 2177 uelis
1145 2130 1216 2176 est
1245 2119 1460 2189 (Matth.
1488 2118 1575 2174 i8.
1600 2116 1713 2186 i0).
1756 2114 1888 2170 Nam

304 2228 370 2273 ut
390 2220 499 2273 illic
524 2217 762 2288 angelica
792 2216 1050 2286 dignitate
1072 2216 1244 2284 majus
1266 2222 1349 2268 est
1376 2210 1563 2266 faciem
1600 2209 1771 2264 Patris
1807 2208 1890 2261 vi-

298 2310 473 2365 dere:
505 2310 584 2364 sic
609 2320 663 2364 et
687 2308 944 2379 dignitate
962 2306 1241 2377 Seraphim
1268 2303 1438 2375 majus
1478 2310 1561 2358 est
1589 2301 1639 2355 in
1662 2299 1889 2356 circuitu

301 2412 452 2457 stare
479 2403 630 2466 solii,
661 2410 823 2471 atque
861 2401 913 2455 in
955 2413 1141 2454 eorum
1171 2396 1349 2453 medio
1398 2396 1570 2464 ipsum
1609 2407 1749 2449 esse.
1784 2392 1891 2447 Sed

298 2504 360 2549 ct
394 2494 495 2549 hoc
539 2508 787 2563 magnum
822 2493 937 2547 fieri
971 2498 1146 2562 potest
1187 2498 1245 2544 ut
1286 2486 1595 2557 adipiscaris
1638 2487 1681 2540 si
1711 2485 1885 2539 velis:

299 2604 415 2642 non
459 2591 598 2643 enim
640 2597 727 2641 est
763 2586 815 2640 in
864 2584 1039 2640 medio
1079 2583 1357 2652 Seraphim
1388 2589 1612 2643 tantum,
1638 2578 1730 2632 sed
1758 2577 1891 2631 etin

298 2680 487 2734 medio
514 2678 682 2734 nostri
713 2680 946 2747 ipsorum
969 2718 984 2739 ,
1013 2676 1057 2730 si
1084 2675 1327 2730 velimus.
1362 2672 1460 2727 Ubi
1481 2673 1609 2726 enim
1637 2678 1750 2723 sunt
1787 2669 1889 2722 duo

299 2770 386 2823 vel
413 2780 507 2822 tres
535 2768 859 2839 congregati,
889 2766 1093 2835 inquit,
1118 2765 1172 2819 in
1198 2765 1397 2817 nomine
1432 2778 1569 2825 meo,
1600 2763 1666 2815 ibi
1695 2776 1807 2814 sum
1836 2760 1890 2813 in

297 2862 473 2915 medio
487 2877 655 2915 eorum
675 2860 889 2930 (Matth.
914 2859 1003 2915 18.
1018 2858 1136 2928 20);
1166 2867 1241 2925 et,
1259 2856 1507 2911 Dominus
1530 2857 1677 2926 juxta
1701 2864 1771 2910 est
1790 2856 1852 2909 iis
1869 2896 1887 2923 ,

296 2954 397 3023 qui
416 2955 626 3007 contrito
645 2962 765 3007 sunt
789 2954 958 3019 corde,
983 2962 1028 3006 et
1049 2952 1261 3005 humiles
1283 2951 1465 3019 spin’tu
1483 2949 1692 3003 salvabit
1716 2947 1883 3017 (Psal.

298 3047 529 3116 33.19).
555 3046 839 3116 Pr0pterea
862 3044 1233 3101 clamatetiam
1258 3043 1455 3099 Paulus
1485 3060 1497 3096 :
1531 3042 1658 3109 Qua:
1687 3056 1888 3096 sursum

298 3147 426 3190 sunt
452 3139 646 3207 sapite,
694 3138 779 3191 ubi
826 3136 1055 3191 Christus
1100 3144 1171 3191 est
1215 3136 1272 3188 in
1318 3135 1526 3189 dextera
1571 3132 1667 3187 Dei
1713 3132 1889 3185 sedens

298 3225 527 3297 (Coloss.
559 3228 612 3282 3.
642 3227 723 3295 2).
757 3226 919 3281 Vides
951 3235 1007 3281 ut
1038 3241 1137 3280 nos
1164 3240 1283 3280 cum
1312 3223 1591 3292 Seraphim
1620 3222 1886 3287 statuerit,

298 3329 359 3370 ct
385 3317 529 3383 juxta
560 3318 763 3386 rrgium
804 3316 996 3371 solium
1026 3314 1345 3370 deduxerit?
1388 3312 1588 3367 Deinde
1630 3310 1840 3380 subjicit
1870 3327 1884 3366 :

299 3410 418 3465 Sea:
446 3410 541 3464 ait:
566 3411 681 3474 uni,
712 3418 760 3464 et
785 3426 876 3464 sea:
901 3409 1001 3463 alte
1017 3408 1162 3463 alteri
1187 3406 1207 3479 (
1228 3406 1355 3463 Isai.
1384 3406 1436 3461 6.
1465 3406 1542 3478 9).
1573 3404 1705 3473 Quid
1735 3404 1889 3460 nobis

300 3501 394 3555 ιιςε
432 3515 523 3553 sex
565 3499 663 3553 πιεε
703 3498 1019 3569 designant?
1059 3496 1439 3562 Altitudinem,
1469 3495 1883 3559 sublimitatem,

299 3592 577 3645 havitatem
597 3631 612 3654 ,
635 3589 961 3644 celeritatem
991 3599 1295 3642 naturarum
1336 3587 1570 3641 illarum.
1602 3587 1886 3655 Propterea

296 3681 525 3738 Gabriel
550 3692 761 3751 quoque
798 3680 1074 3735 descendit
1111 3679 1282 3735 alatus
1304 3720 1318 3745 ,
1346 3694 1451 3733 non
1483 3678 1622 3749 quod
1660 3678 1758 3733 alis
1803 3678 1886 3731 in-

297 3781 511 3828 structa
540 3773 612 3826 sit
636 3773 949 3841 incorporea
978 3771 1064 3825 illa
1095 3778 1283 3825 natura
1301 3809 1317 3836 ,
1362 3770 1458 3825 sed
1485 3768 1623 3839 quod
1648 3768 1717 3822 ab
1743 3768 1889 3821 altis-

297 3864 461 3920 simis
492 3865 507 3895 ¹
539 3863 667 3917 locis
696 3862 800 3919 illis
842 3862 1216 3927 descenderit,
1247 3876 1310 3917 ac
1342 3862 1589 3931 supernis
1628 3861 1729 3914 illis
1758 3875 1888 3915 con-

299 3954 555 4009 ventibus
572 3955 766 4009 relictis
779 3953 1073 4009 advenerit.
1090 3953 1225 4021 Quid
1245 3964 1421 4007 autem
1441 3954 1539 4008 sibi
1555 3953 1667 4007 vult
1685 3955 1887 4008 alarum

300 4045 603 4101 numerus?
644 4044 755 4100 Hoc
796 4045 914 4100 loco
957 4056 1136 4100 nostra
1180 4045 1623 4115 interpretatione
1650 4044 1781 4099 nihil
1809 4053 1892 4100 est

297 4152 447 4207 opus
475 4157 491 4189 ;
522 4139 749 4207 seipsam
779 4137 919 4192 enim
948 4137 1117 4191 oratio
1146 4140 1275 4193 satis
1309 4137 1588 4207 exposuit,
1619 4152 1737 4191 cum
1770 4136 1889 4191 illa-

299 4245 432 4285 rum
482 4228 633 4283 nobis
676 4244 831 4283 usum
880 4229 1132 4284 indicavit
1162 4244 1176 4281 :
1210 4228 1422 4284 Duabus
1465 4230 1605 4284 enim
1632 4271 1646 4295 ,
1680 4231 1884 4299 inquit,

297 4320 598 4391 aperiebant
618 4320 801 4386 {aciem
837 4335 1014 4387 nam;
1042 4320 1260 4387 merito,
1286 4328 1551 4389 tamquam
1578 4319 1761 4374 oculos
1786 4320 1886 4373 du-

302 4411 435 4477 plici
467 4409 694 4479 quodam
725 4420 878 4480 septo
902 4410 1205 4466 munientes
1226 4452 1240 4476 ,
1288 4410 1428 4480 quod
1459 4410 1791 4466 exsilientem
1821 4412 1886 4465 ab

308 4502 415 4558 illa
436 4501 601 4571 gloria
631 4501 890 4572 fulgorem
920 4501 1139 4556 minimc
1166 4500 1383 4556 ferrent.
1414 4500 1478 4554 Et
1503 4501 1700 4556 duabus
1736 4503 1884 4572 pedes

297 4595 604 4665 obtegebant
626 4635 640 4658 ,
671 4595 741 4653 ob
766 4593 1008 4650 eamdem
1040 4594 1176 4649 forte
1198 4593 1705 4649 consternationem.
1735 4593 1887 4649 Sole-

298 4701 430 4742 mus
459 4688 654 4756 quippe
674 4701 773 4741 nos
797 4688 1108 4750 etiam,cum
1125 4692 1317 4752 stupor
1333 4685 1527 4753 aliquis
1548 4701 1644 4741 nos
1676 4687 1885 4742 invase-

296 4778 416 4839 rit,
448 4791 641 4845 corpus
678 4776 824 4831 omni
852 4791 917 4831 ex
965 4784 1115 4845 parte
1156 4785 1465 4845 contegere.
1518 4777 1652 4843 Quid
1694 4794 1886 4845 corpus

293 4868 463 4930 dico,
491 4879 612 4920 cum
641 4876 697 4921 et
722 4865 822 4935 ipsi
846 4866 1041 4920 animm
1070 4864 1173 4920 hoc
1200 4866 1478 4935 contingat
1520 4867 1570 4920 in
1599 4869 1888 4936 apparitio-

294 4960 469 5017 nibus
498 4973 614 5027 quae
639 4956 853 5012 modum
877 4956 1174 5021 excedunt,
1206 4967 1258 5012 et
1305 4960 1561 5026 repressis
1589 4960 1887 5016 actionibus

295 5050 424 5107 suis
450 5048 514 5103 ad
550 5047 795 5102 inferiora
833 5046 1136 5118 confugiat,
1164 5063 1329 5119 seque
1366 5062 1591 5118 corpore
1619 5058 1886 5121 tamquam

293 5141 474 5214 pallio
502 5137 726 5208 quodam
748 5137 1031 5193 obvolvat?
1053 5137 1431 5193 Verumtamen
1454 5154 1609 5193 nemo
1636 5155 1755 5195 cum
1780 5151 1889 5195 stu-

300 5245 501 5304 porem
523 5239 576 5284 et
595 5229 1076 5284 consternationem
1104 5229 1270 5296 audit,
1301 5230 1506 5285 tristem
1529 5231 1758 5301 aliquem
1785 5233 1889 5289 illis

298 5323 617 5393 ingenerari
658 5322 900 5376 timorem
936 5321 1267 5379 arbitretur:
1295 5323 1562 5392 siquidem
1609 5324 1732 5380 hunc
1756 5341 1889 5380 con-

296 5416 628 5475 sternationi
660 5415 918 5471 immensa
956 5413 1200 5485 quasdam
1229 5415 1474 5485 voluptas
1505 5427 1583 5471 est
1623 5418 1883 5472 admixta.

295 5510 529 5568 Duabus
556 5518 723 5564 autem
750 5506 1002 5563 volabant.
1034 5507 1098 5562 Et
1123 5507 1225 5563 hoc
1249 5508 1504 5565 indicium
1534 5521 1614 5566 est
1642 5525 1733 5566 eos
1760 5512 1888 5566 sub-

288 5603 459 5659 limia
482 5616 695 5673 semper
720 5613 992 5673 appetere,
1014 5615 1113 5656 nec
1137 5616 1386 5672 umquam
1431 5602 1680 5659 deorsum
1717 5604 1886 5674 respi-

288 5710 455 5753 cere.
484 5693 551 5749 Et
577 5693 828 5750 clamabat
850 5692 981 5748 alter
1006 5693 1074 5747 ad
1101 5693 1317 5749 alterum
1341 5736 1355 5760 ,
1387 5696 1625 5763 Sanctus,
1658 5708 1880 5764 sanctus,

368 5834 391 5866 ι
427 5830 519 5899 ᾼΙίί
546 5833 619 5883 sic
657 5830 984 5899 babenti"...
1005 5828 1092 5899 illa
1118 5837 1311 5892 natura,
1351 5833 1436 5885 sed
1462 5840 1510 5884 ut
1531 5841 1690 5886 notion
1710 5836 1889 5899 faceret

288 5892 556 5960 propheta
577 5894 706 5959 quod
725 5893 790 5945 ab
811 5890 1077 5954 altissimis,
1101 5901 1196 5943 etc.

1269 455 1340 514 1N
1375 454 1598 522 ILLUD,
1637 452 1777 509 γιοι
1815 446 2137 517 DOMINUM,
2178 449 2408 506 HOMIL.
2452 447 2539 506 Vl.

3481 460 3595 517 138

2007 574 2208 620 sanctus
2242 563 2412 638 (Isai.
2445 563 2502 621 6.
2539 562 2633 636 5).
2664 561 2732 619 Et
2762 562 2875 634 ipse
2902 562 3103 620 clamor
3129 576 3312 618 rursus
3349 561 3582 618 admira~

2008 656 2164 711 tionis
2189 656 2443 712 indicium
2483 656 2636 713 nobis
2662 665 2745 711 est
2772 653 3063 712 maximum
3088 670 3104 710 :
3134 669 3240 711 non
3280 654 3419 712 enim
3448 671 3585 725 (ιιιοο

2006 750 2086 804 vis
2111 749 2272 805 modo
2302 750 2590 805 concinunt
2619 749 2872 821 hymnum
2898 790 2914 815 ,
2951 749 3046 806 sed
3071 764 3191 804 cum
3218 748 3457 804 clamore
3485 764 3578 803 vt-

2006 840 2135 906 lido;
2178 854 2351 910 neque
2377 855 2497 895 cum
2526 840 2763 896 clamore
2789 839 3136 909 simpliciter,
3169 838 3265 895 sed
3290 847 3346 895 et
3373 854 3589 911 semper

2004 931 2106 987 hoc
2131 932 2390 988 factitant.
2416 931 2550 987 Nam
2578 930 2859 1003 splendida
2884 932 3095 1001 quidem
3120 946 3370 1002 corpora,
3396 946 3584 1002 quant-

2004 1026 2083 1080 vis
2124 1040 2287 1095 supra
2329 1025 2543 1081 modum
2570 1025 2676 1081 sint
2702 1024 2973 1094 splendida
2996 1066 3011 1091 ,
3041 1034 3151 1080 tum
3178 1027 3349 1082 solum
3379 1041 3478 1081 nos
3517 1027 3585 1080 ad

2004 1117 2406 1173 admirationem
2434 1117 2609 1171 solent
2635 1115 2934 1183 traducere,
2957 1131 3077 1171 cum
3102 1131 3162 1172 ea
3192 1117 3423 1187 primum
3451 1132 3586 1171 ocu-

2004 1208 2068 1264 lis
2096 1208 2529 1278 usurpaverimus
2556 1223 2570 1260 :
2604 1222 2724 1261 cum
2765 1222 2895 1261 vero
2921 1206 3189 1261 multoties
3217 1208 3586 1277 contemplan-

2001 1300 2085 1354 dis
2115 1300 2217 1353 illis
2254 1297 2522 1353 immorati
2556 1297 2811 1353 fuerimus
2832 1338 2846 1362 ,
2880 1297 3165 1351 admiratio
3195 1296 3581 1351 consuetudine

2004 1390 2221 1453 tollitur,
2248 1389 2333 1443 ubi
2363 1403 2422 1443 se
2454 1388 2758 1458 spectandis
2786 1388 2884 1442 illis
2905 1388 3216 1456 corporibus
3260 1388 3398 1442 oculi
3424 1388 3581 1443 dein-

2000 1496 2126 1552 ceps
2168 1480 2526 1536 exercuerint.
2560 1479 2850 1551 Propterea
2888 1494 3011 1535 cum
3054 1480 3251 1550 regiam
3285 1481 3580 1551 imaginem

2000 1587 2187 1628 recens
2218 1573 2442 1642 positam
2474 1572 2749 1642 multoque
2774 1572 3013 1627 colorum
3042 1571 3327 1640 splendore
3373 1573 3583 1644 fulgen-

2002 1676 2105 1720 tem
2136 1666 2407 1719 intuemur
2427 1704 2444 1731 ,
2474 1662 2902 1732 obstupescimus
2931 1681 2944 1718 :
2976 1672 3095 1731 post
3125 1678 3288 1717 unum
3318 1673 3496 1718 autem
3523 1673 3581 1719 et

1996 1759 2223 1814 alterum
2249 1756 2389 1812 diem
2416 1770 2523 1811 non
2549 1755 2660 1827 jam
2689 1754 2918 1824 amplius
2947 1754 3297 1810 admiramur.
3346 1754 3412 1811 Et
3449 1756 3577 1826 quid

1998 1850 2117 1905 dico
2142 1849 2341 1920 regiam
2364 1848 2672 1919 imaginem,
2700 1861 2822 1902 cum
2846 1846 2898 1900 in
2919 1855 3138 1916 aspectu
3160 1846 3427 1901 radiorum
3450 1846 3579 1901 solis

1998 1942 2099 1997 hoc
2124 1942 2297 2012 ipsum
2325 1942 2477 1998 nobis
2504 1940 2727 2003 accidat,
2751 1940 2943 2010 quibus
2965 1939 3165 1993 nullum
3184 1954 3377 2008 corpus
3399 1939 3579 2008 splen-

1995 2032 2171 2087 didius
2200 2032 2424 2087 inveniri
2453 2031 2673 2102 potest?
2703 2030 2790 2087 Sic
2819 2032 3056 2085 omnium
3086 2045 3372 2101 corporum
3401 2032 3578 2086 admi-

1997 2124 2254 2179 rationem
2289 2123 2424 2177 tollit
2445 2121 2776 2178 consuetudo
2808 2139 2822 2177 :
2853 2121 2948 2176 sed
2980 2122 3033 2175 in
3059 2120 3152 2176 Dei
3176 2121 3344 2193 gloria
3374 2137 3477 2176 non
3505 2124 3577 2177 ita

1997 2215 2081 2280 fit,
2115 2224 2170 2269 at
2198 2214 2356 2286 plane
2380 2214 2729 2270 contrarium.
2774 2206 2992 2275 Quanto
3060 2212 3204 2269 enim
3234 2213 3403 2285 magis
3432 2214 3579 2270 illius

1994 2310 2176 2379 gloria:
2229 2309 2669 2380 contemplationi
2732 2310 2959 2365 virtutes
3024 2310 3379 2366 immorantur
3424 2309 3574 2375 istm,

1998 2409 2141 2454 tanto
2163 2400 2329 2472 magis
2359 2401 2766 2471 obstupescunt,
2798 2409 2853 2456 et
2872 2400 3286 2456 admirationem
3312 2416 3464 2457 suam
3495 2402 3576 2455 in-

1996 2494 2219 2548 tendunt
2250 2510 2263 2546 :
2290 2509 2446 2564 quam
2475 2494 2547 2549 ob
2576 2509 2793 2550 causam
2819 2535 2834 2561 ,
2860 2508 2927 2550 ex
2954 2509 3060 2565 quo
3100 2509 3221 2550 esse
3264 2506 3539 2565 cmperunt
3560 2537 3574 2553 .

1992 2582 2057 2637 ad
2090 2584 2231 2638 hunc
2279 2599 2449 2654 usque
2484 2583 2625 2639 diem
2672 2585 2893 2655 gloriam
2945 2586 3087 2639 illam
3124 2584 3423 2652 intuentes,
3452 2600 3575 2640 cum

1990 2682 2210 2744 stupore
2259 2674 2492 2729 clamare
2541 2689 2645 2729 non
2692 2674 3059 2731 cessantzsed
3103 2675 3244 2746 quod
3284 2675 3337 2731 in
3378 2676 3577 2746 exiguo

1994 2767 2248 2837 temporis
2277 2768 2449 2838 spatio
2473 2767 2627 2823 nobis
2648 2768 2939 2838 contingit,
2966 2767 3091 2823 dum
3118 2768 3289 2840 fulgor
3314 2769 3367 2823 in
3391 2769 3578 2824 oculos

1993 2857 2162 2913 fertur
2190 2868 2407 2914 nostros
2426 2898 2441 2922 ,
2473 2858 2580 2915 hoc
2613 2860 2713 2914 illa:
2748 2868 3007 2930 perpetuo
3036 2860 3325 2929 patiuntur,
3351 2870 3405 2915 et
3442 2876 3575 2916 con-

1995 2953 2137 3006 tinua
2165 2951 2520 3007 admiratione
2540 2967 2661 3006 cum
2690 2951 2963 3019 voluptate
2991 2952 3218 3022 quadam
3243 2951 3571 3008 afﬁciuntur.

1991 3042 2176 3113 Neque
2204 3057 2329 3097 vero
2354 3043 2525 3097 soium
2550 3043 2802 3107 clamant,
2832 3041 2925 3097 sed
2954 3044 3022 3097 ad
3053 3043 3282 3098 invicem
3308 3043 3361 3097 id
3386 3053 3568 3114 agunt,

1992 3133 2131 3201 quod
2161 3134 2383 3186 intonsae
2408 3132 2683 3202 cujusdam
2724 3132 3093 3187 admirationis
3125 3142 3206 3188 est
3234 3133 3463 3202 signum.
3499 3131 3572 3186 Ita

1992 3238 2090 3278 nos
2117 3237 2329 3293 quoque
2352 3264 2367 3290 ,
2394 3222 2522 3277 dum
2566 3223 2799 3291 erumpit
2829 3223 3028 3277 tonitru
3058 3237 3177 3277 cum
3210 3222 3419 3293 fragore
3442 3265 3455 3285 ,
3486 3224 3575 3278 vel

1993 3324 2131 3369 terra
2174 3323 2454 3380 movetur,
2504 3330 2607 3369 non
2638 3314 2800 3368 modo
2826 3314 3095 3369 resilimus
3118 3353 3135 3381 ,
3174 3323 3227 3369 et
3247 3314 3573 3377 clamamus,

1996 3406 2090 3460 sed
2120 3405 2185 3460 ad
2210 3406 2436 3460 invicem
2471 3405 2522 3459 in
2545 3405 2749 3460 aedibus
2773 3405 2971 3459 nostris
2996 3402 3352 3475 confugimus.
3387 3405 3498 3460 lloc
3523 3415 3577 3460 ct

1994 3498 2272 3569 Serapbim
2294 3506 2457 3568 agunt
2484 3515 2499 3552 :
2528 3496 2755 3567 ideoque
2773 3496 2910 3553 alter
2935 3496 3001 3552 ad
3023 3497 3248 3553 alterum
3275 3496 3573 3562 clamabat,

1998 3589 2242 3654 Sanctus,
2286 3598 2521 3653 sanctus,
2550 3598 2775 3643 sanctus.

2069 3683 2122 3735 '5.
2168 3681 2431 3751 Numquid
2456 3680 2593 3735 hanc
2620 3694 2807 3735 vocem
2828 3680 3160 3750 agnovistis?
3198 3680 3455 3750 numquid
3478 3694 3577 3734 no-

1992 3786 2101 3830 stra
2134 3784 2235 3841 est,
2263 3791 2330 3830 an
2364 3790 2492 3830 vero
2521 3773 2844 3844 Seraphim?
2871 3775 2937 3829 Et
2982 3784 3165 3829 nostra
3194 3784 3248 3830 et
3272 3774 3570 3843 Seraphim,

1994 3866 2249 3922 beneficio
2273 3866 2491 3933 Chn'sti,
2520 3866 2607 3937 qui
2636 3866 2867 3921 medium
2896 3866 3154 3936 parietem
3184 3864 3425 3919 maceria:
3448 3878 3574 3919 sus-

1995 3961 2132 4024 tulit,
2157 3971 2205 4015 et
2240 3960 2534 4030 pacificavit
2559 3958 2736 4013 omnia
2764 3973 2882 4029 qua:
2911 3958 2962 4011 in
2992 3956 3137 4011 caelis
3166 3964 3325 4020 sunt,
3358 3964 3413 4010 et
3454 3970 3575 4025 qua:

1995 4053 2046 4106 in
2074 4053 2247 4115 terris,
2280 4060 2331 4104 ct
2360 4052 2475 4119 ejus
2517 4049 2797 4116 beneficio,
2825 4049 2911 4119 qui
2957 4057 3181 4118 utraque
3224 4046 3349 4103 fecit
3386 4064 3575 4103 unum.

1992 4148 2121 4201 Nam
2152 4158 2305 4200 antea
2334 4146 2546 4216 quidem
2578 4145 2630 4199 in
2660 4145 2806 4200 caelis
2839 4152 3039 4199 tantum
3076 4143 3307 4215 hymnus
3347 4143 3448 4199 istc
3482 4158 3575 4198 ca-

1994 4240 2259 4294 nebatur:
2308 4247 2585 4307 postquam
2616 4246 2793 4293 autem
2824 4238 2876 4292 in
2922 4246 3117 4293 terram
3160 4237 3340 4293 venire
3384 4236 3574 4307 digna—

1995 4344 2076 4387 tus
2102 4343 2183 4386 est
2221 4332 2497 4398 Dominus,
2526 4330 2668 4386 hunc
2696 4330 2855 4386 etiam
2887 4338 3203 4394 concentum
3246 4328 3312 4382 ad
3342 4343 3441 4382 nos
3480 4327 3577 4382 dc-

1996 4425 2131 4479 tulit.
2169 4424 2456 4492 Propterea
2506 4438 2715 4492 quoque
2768 4437 2992 4491 magnus
3038 4421 3123 4475 hic
3161 4418 3404 4474 Pontifex
3450 4434 3572 4473 cum

1987 4518 2135 4588 juxta
2162 4532 2367 4570 sacram
2396 4515 2531 4569 hanc
2557 4528 2794 4568 mensam
2822 4512 3141 4575 constiterit,
3164 4518 3222 4565 ut
3259 4510 3575 4567 rationalem

1994 4610 2191 4663 cultum
2225 4607 2493 4668 exhibeat,
2527 4614 2579 4659 et
2619 4604 2935 4658 sacriﬁcium
2982 4601 3173 4658 oﬂerat
3211 4602 3573 4669 incruentum,

1994 4715 2099 4752 non
2130 4696 2441 4765 simpliciter
2480 4709 2576 4748 nos
2600 4693 2664 4748 ad
2695 4693 2832 4748 hanc
2883 4694 3107 4747 faustam
3136 4694 3576 4750 acclamationem

1994 4790 2199 4851 invitat,
2230 4786 2322 4841 sed
2354 4788 2439 4841 ubi
2481 4786 2627 4855 prius
2667 4784 2954 4840 Cherubim
2982 4784 3296 4854 nominavit,
3328 4795 3383 4842 et
3419 4785 3576 4841 Sera-

1995 4880 2137 4948 phim
2168 4880 2488 4933 mentionem
2534 4877 2673 4941 fecit,
2706 4887 2815 4932 tum
2844 4877 3056 4933 demum
3078 4878 3143 4932 ad
3175 4879 3311 4935 hanc
3338 4888 3577 4933 tremen-

1992 4969 2113 5023 dam
2161 4985 2343 5023 vocem
2399 4969 2710 5025 mittendam
2764 4985 2949 5025 omnes
2996 4970 3323 5035 adhortatur,
3350 4982 3403 5023 et
3445 4970 3575 5025 dum

1995 5078 2176 5116 eorum
2224 5077 2322 5116 nos
2369 5061 2639 5127 admonet,
2673 5062 2759 5131 qui
2811 5062 3086 5117 nobiscum
3131 5061 3325 5115 choros
3352 5061 3573 5130 agitant,

1996 5162 2227 5208 mentem
2258 5162 2491 5208 nostram
2542 5169 2572 5208 a
2630 5163 2767 5208 terra
2816 5152 3096 5217 subducit,
3147 5166 3577 5224 unumquemque

1997 5254 2236 5300 nostrum
2265 5245 2348 5299 his
2378 5244 2756 5315 propemodum
2802 5245 2978 5298 verbis
3004 5244 3278 5299 excitans:
3312 5243 3428 5301 Una
3453 5260 3576 5300 cum

1996 5340 2274 5410 Seraphim
2326 5342 2492 5403 canis,
2522 5355 2622 5392 una
2677 5353 2795 5392 cum
2846 5337 3124 5407 Seraphim
3156 5349 3267 5405 sta,
3299 5354 3419 5392 cum
3473 5338 3578 5393 illis

1995 5433 2109 5487 alas
2135 5432 2382 5495 extende,
2410 5446 2527 5485 cum
2551 5430 2653 5484 illis
2673 5429 2877 5500 regium
2908 5430 3098 5483 solium
3118 5431 3465 5484 circumvola.

2066 5524 2240 5577 Altare
2276 5522 2469 5577 caeleste
2510 5522 2677 5593 figura
2717 5523 2894 5577 altaris
2940 5523 3196 5577 Ecclesiaz.
3241 5522 3342 5577 Cur
3373 5522 3582 5592 jejunio

1996 5625 2112 5668 ante
2145 5614 2561 5668 communionem.
2591 5644 2663 5655 —
2687 5613 2824 5683 Quid
2855 5632 2981 5670 vero
3012 5617 3224 5682 mirum,
3256 5618 3297 5669 si
3326 5630 3444 5668 cum
3474 5614 3576 5667 Se-

1997 5707 2205 5777 raphim
2239 5708 2472 5773 steteris,
2500 5722 2621 5763 cum
2660 5723 2721 5763 ea
2749 5725 2867 5779 quae
2912 5710 3186 5779 Scrapliim
3235 5725 3336 5761 non
3377 5707 3579 5762 audent

1996 5799 2327 5869 contingere,
2361 5800 2454 5854 tibi
2504 5800 2644 5856 Deus
2692 5800 2857 5856 libere
2888 5801 3156 5857 tractanda
3208 5800 3577 5854 concesserit?

2003 5890 2185 5945 Missus
2220 5900 2291 5945 est
2316 5890 2445 5946 enim
2488 5893 2555 5946 ad
2594 5909 2689 5956 me,
2735 5890 2923 5953 inquit.
2956 5907 3084 5945 unus
3112 5890 3175 5944 de
3204 5890 3493 5961 St'rapltim,
3534 5896 3581 5945 α
