4144 6480
589 409 701 465 139

588 511 797 564 habebat
840 508 1103 563 carbonem
1150 507 1300 578 ignis,
1345 524 1490 577 quem
1539 507 1730 576 forcipe
1773 514 2052 576 sumpserat
2097 504 2158 558 de

584 602 736 654 altari
761 598 912 671 (lsai.
935 599 984 653 ﬁ.
1007 600 1081 669 6),
1105 596 1228 654 illud
1250 600 1417 655 altare
1445 598 1605 668 ﬁgura
1629 609 1708 653 cst
1733 608 1790 653 et
1815 599 1988 667 imago
2009 597 2160 650 istius

585 691 768 745 altaris
799 708 812 746 :
843 690 979 761 ignis
1012 691 1116 756 ille,
1148 691 1439 760 spiritualis
1467 691 1603 758 ignis
1646 690 1816 743 istius.
1855 689 1924 742 At
1949 703 2054 742 non
2081 695 2163 741 est

582 797 744 837 ausus
788 782 1066 850 Scrapltim
1111 797 1268 836 manu
1316 782 1643 850 contingere,
1689 780 1782 835 sed
1834 780 2069 847 forcipe:
2105 787 2160 833 tu

582 889 711 929 vero
751 890 906 928 manu
938 874 1152 944 accipis.
1195 875 1480 928 Enimvero
1508 875 1553 928 si
1591 890 1771 927 eorum
1802 889 1920 942 qua:
1962 887 2158 941 prono-

583 969 680 1019 sita
709 977 832 1020 sunt
858 967 1166 1036 dignitatem
1212 975 1442 1035 spectes,
1474 967 1588 1036 ipso
1610 975 1854 1020 contactu
1880 964 2158 1035 Serapbim

584 1060 753 1112 multo
784 1059 982 1126 majora
1028 1069 1146 1111 sunt
1177 1059 1273 1112 ista
1309 1077 1320 1111 :
1350 1057 1430 1112 sin
1463 1067 1638 1112 autem
1682 1056 1888 1111 Domini
1916 1055 2159 1121 benigni—

585 1159 747 1208 tatem
773 1151 1099 1213 consideres,
1131 1165 1198 1204 ne
1219 1151 1285 1203 ad
1325 1158 1562 1204 nostram
1594 1149 1804 1219 quidem
1837 1147 2162 1202 descendere

584 1243 837 1298 vilitatem
861 1259 1042 1298 eorum
1069 1245 1232 1311 gratia
1257 1259 1373 1313 qua?
1406 1243 1674 1312 proposita
1706 1251 1827 1296 sunt
1872 1240 2159 1295 erubescit.

587 1335 710 1390 lla~e
758 1334 913 1405 igitur
959 1336 1216 1405 cogitans.
1252 1335 1320 1388 mi
1366 1333 1547 1400 homo,
1587 1343 1640 1388 et
1683 1343 1876 1402 quanta
1918 1333 2041 1387 doni
2095 1333 2163 1386 sit

585 1424 891 1494 magnitudo
938 1434 1111 1479 tecum
1161 1434 1440 1492 reputans,
1473 1422 1756 1493 aliquando
1809 1421 2020 1476 tandem
2071 1437 2163 1476 ex-

584 1526 936 1586 snrge,atque
959 1516 1172 1570 avulsus
1200 1531 1227 1568 a
1253 1516 1458 1570 terrain
1482 1517 1668 1570 caelum
1697 1516 1944 1569 ascende.
1963 1513 2161 1568 Verum

587 1607 742 1661 trahit
785 1622 880 1662 nos
911 1622 1122 1676 corpus,
1158 1617 1212 1662 et
1242 1607 1490 1662 deorsum
1539 1606 1662 1661 ferri
1690 1605 1870 1676 cogit?
1896 1605 1996 1661 Sed
2037 1620 2165 1661 ecce

589 1697 1113 1768 adventantjejunia,
1143 1715 1260 1767 qua:
1292 1713 1492 1768 pennas
1526 1699 1717 1752 anima!
1743 1699 1888 1753 leves
1915 1697 2161 1764 reddunt,

586 1801 638 1845 et
665 1791 833 1847 levem
864 1793 1121 1847 sarcinam
1150 1793 1325 1847 carnis
1352 1791 1605 1856 elliciunt,
1649 1791 1772 1847 licet
1797 1791 2009 1860 plumbo
2034 1806 2165 1861 quo-

587 1883 666 1936 vis
704 1884 917 1952 gravius
963 1899 1157 1953 corpus
1201 1883 1523 1952 acceperint.
1551 1881 1930 1938 Verumtamen
1961 1896 2165 1936 sermo-

591 1987 709 2026 nem
744 1973 809 2027 de
835 1972 1035 2042 jejunio
1067 1973 1324 2042 tantisper
1349 1972 1674 2040 diﬁ‘eramus,
1706 1973 1847 2028 hunc
1890 1982 2065 2027 autem
2099 1973 2165 2031 de

589 2065 855 2138 mysteriis
877 2065 984 2135 jam
1015 2065 1370 2129 instituamus,
1404 2081 1629 2135 quorum
1659 2066 1827 2135 gratia
1852 2074 1903 2120 et
1931 2065 2040 2134 ipsa
2079 2065 2163 2133 je-

587 2159 734 2226 junio
777 2168 901 2212 sunt
943 2165 1160 2213 statuta.
1196 2157 1324 2211 Nam
1356 2158 1494 2212 sicut
1520 2158 1568 2210 in
1599 2157 1887 2228 Olympicis
1917 2157 2166 2210 certami-

590 2249 743 2302 nibus
770 2247 1112 2302 luctationum
1142 2247 1261 2301 linis
1287 2257 1368 2304 est
1391 2262 1608 2310 corona,
1636 2248 1715 2302 sic
1751 2257 1801 2302 et
1826 2247 2008 2317 jcjnnii
2048 2247 2165 2301 ﬁnis

588 2349 670 2392 est
700 2339 892 2393 munda
923 2340 1225 2393 communio
1251 2357 1262 2391 :
1295 2340 1470 2407 itaque
1509 2339 1607 2392 nisi
1639 2338 1828 2392 diebus
1856 2338 1967 2391 istis
2009 2336 2167 2392 fuerit

589 2445 619 2484 a
652 2429 804 2484 nobis
856 2429 956 2483 hoc
985 2430 1300 2499 pra-stilum,
1331 2430 1414 2484 ubi
1466 2438 1666 2484 temere
1714 2445 1776 2484 ac
1823 2429 2015 2484 frustra
2070 2443 2166 2484 nos

592 2525 734 2592 ipsos
775 2522 1408 2594 aﬂlixerimns,expertes
1437 2538 1633 2579 corona
1678 2538 1740 2576 ac
1782 2523 1898 2578 sine
1948 2523 2166 2592 przcmio

589 2629 651 2666 ex
675 2613 863 2682 jejunii
895 2623 1182 2668 seammate
1208 2614 1562 2668 discedemus.
1612 2615 1895 2685 Propterea
1939 2613 2167 2682 majores

588 2705 748 2757 etiam
777 2705 938 2761 nostri
985 2705 1172 2774 jejunii
1205 2705 1432 2759 stadium
1478 2705 1856 2769 extenderunt,
1897 2719 1960 2758 ac
1999 2705 2169 2772 poeni-

591 2793 771 2849 tentiae
799 2804 1003 2848 certum
1037 2795 1191 2847 nobis
1223 2805 1429 2863 tempus
1472 2796 1828 2864 assignarunt,
1858 2805 1913 2848 ut
1949 2795 2034 2849 ubi
2069 2811 2166 2851 nos

589 2885 1080 2955 expurgaverimns,
1112 2900 1404 2955 omnesque
1434 2885 1622 2939 sordes
1650 2884 2163 2948 absterserimns,ita

590 2974 804 3030 demum
831 2975 1167 3032 accedamus.
1197 2973 1322 3032 Ideo
1350 2989 1490 3028 nunc
1515 2977 1672 3030 etiam
1703 2989 1769 3030 ex
1797 2975 1898 3029 hoc
1928 2984 2166 3044 tempore

593 3068 734 3121 clara
768 3082 896 3124 voce
923 3067 1199 3130 denuntio,
1228 3067 1485 3131 obtestor,
1520 3082 1729 3136 precor,
1763 3077 1815 3120 et
1843 3067 2068 3121 obsecro
2099 3082 2165 3123 ne

591 3173 711 3212 cum
761 3157 983 3220 macula,
1022 3172 1086 3212 ne
1117 3173 1235 3212 cum
1289 3172 1447 3227 prava
1478 3157 1800 3212 conscientia
1849 3156 1912 3211 ad
1960 3172 2166 3212 sacram

591 3252 728 3306 hanc
753 3266 987 3306 mensam
1019 3251 1336 3305 accedamus
1360 3268 1373 3304 :
1407 3265 1578 3319 neque
1605 3251 1746 3306 enim
1769 3250 1871 3304 hoe
1899 3264 2164 3317 accessura,

591 3360 760 3413 neque
801 3343 1104 3399 connnunio
1135 3342 1235 3397 diei
1287 3351 1488 3410 potest,
1532 3342 1770 3410 quamvis
1817 3341 2006 3396 millies
2047 3355 2168 3394 san-

589 3445 733 3490 etum
765 3433 892 3488 illud
919 3447 1112 3502 corpus
1137 3432 1476 3501 attingamus,
1497 3433 1588 3484 scd
1613 3429 2007 3493 condemnatio,
2039 3443 2165 3496 sup-

589 3529 803 3596 plicium
836 3535 891 3582 et
913 3540 1185 3596 pmnarum
1220 3524 1474 3578 accessio.
1502 3522 1685 3576 Nullus
1716 3523 1875 3592 igitur
1916 3531 2163 3590 peccator

590 3617 850 3672 accedat:
886 3617 991 3671 imo
1025 3631 1152 3671 vero
1199 3629 1303 3669 non
1333 3613 1472 3679 dico,
1506 3613 1683 3666 nullus
1713 3623 1978 3681 peccator,
2001 3627 2169 3682 quan-

591 3708 872 3778 doqnidem
903 3709 1163 3775 mcipsum
1195 3706 1422 3776 priorem
1464 3720 1492 3758 a
1520 3705 1692 3757 divina
1731 3718 1913 3757 mensa
1946 3702 2170 3773 rep-ille-

591 3814 745 3862 rcm;
786 3797 876 3852 sed
915 3796 1006 3867 qui
1059 3803 1368 3866 perseveret
1415 3805 1680 3865 peccator,
1709 3794 1888 3847 nullus
1931 3795 2164 3848 accedat.

592 3889 792 3945 llcirco
817 3888 924 3958 jam
975 3902 1037 3940 ex
1089 3885 1189 3942 hoc
1240 3895 1475 3954 tempore
1515 3885 1763 3953 praedico,
1796 3900 1861 3937 ne
1907 3898 2025 3937 cum
2058 3885 2170 3938 dies

592 3984 858 4054 tcgiarttm
890 3981 1168 4050 epularum
1208 3979 1542 4042 adveneriut,
1570 3993 1690 4032 cum
1723 3977 1810 4030 illa
1838 3975 2062 4030 adfuerit
2085 3991 2170 4030 sa-

595 4089 682 4128 cra
736 4087 955 4141 vespera
989 4070 1166 4126 dicere
1204 4081 1362 4140 queat
1401 4070 1612 4138 aliquis,
1645 4067 1937 4136 hnparatus
1979 4067 2167 4121 intravi

594 4182 657 4220 ac
689 4165 878 4225 nudus,
899 4173 952 4218 ct
978 4163 1091 4217 hate
1117 4164 1239 4216 olim
1269 4163 1481 4231 prmdici
1511 4161 1760 4232 oportuit.
1785 4161 1839 4214 Si
1872 4161 2012 4216 enim
2041 4160 2166 4214 olim

595 4257 708 4310 haec
761 4255 1100 4318 audivissem,
1147 4253 1364 4308 omnino
1416 4263 1649 4309 mutatus
1698 4267 1904 4318 essem,
1955 4253 2171 4308 omnino

596 4357 874 4418 postquam
907 4347 1164 4414 mcipsum
1213 4360 1607 4416 expurgasscm,
1636 4345 1705 4398 ita
1735 4345 1947 4398 demum
1989 4361 2173 4400 acces-

593 4445 804 4504 sisscm.
833 4437 907 4492 Ne
940 4439 1095 4508 igitur
1125 4439 1260 4492 ullus
1297 4436 1389 4492 bas
1436 4449 1727 4505 pra‘texere
1757 4437 1922 4504 possit
1950 4451 2172 4490 excusa-

593 4535 787 4598 tiones,
816 4533 924 4601 jam
955 4547 1020 4586 ex
1052 4531 1152 4584 hoc
1179 4540 1417 4600 tempore
1443 4546 1502 4599 pr
1527 4546 1586 4582 us
1620 4529 1859 4585 obtestor
1897 4536 1948 4580 et
1978 4527 2171 4580 cohor-

597 4635 698 4683 tor,
728 4633 783 4676 ut
817 4638 1056 4692 magnam
1098 4623 1442 4676 exhibeamus
1488 4620 1873 4691 pmnitentiam.
1907 4619 2029 4672 Scio
2075 4632 2172 4672 nos

600 4730 784 4770 tunnes
815 4729 937 4768 reos
967 4730 1085 4769 csse
1115 4716 1378 4784 supplicii,
1415 4732 1510 4768 ncc
1552 4715 1718 4767 ullum
1763 4728 1917 4781 posse
1957 4711 2170 4780 gloriari

597 4807 850 4863 mundum
875 4821 934 4860 se
964 4806 1156 4859 habere
1184 4821 1308 4860 cor:
1344 4807 1433 4859 Sed
1466 4824 1566 4859 non
1602 4807 1701 4862 hoc
1730 4805 1923 4858 malum
1951 4813 2028 4857 est
2053 4819 2172 4871 gra-

597 4897 1042 4969 vissimum,qnotl
1069 4898 1318 4949 mundum
1347 4913 1438 4950 cur
1469 4914 1569 4951 non
1596 4899 1901 4960 habeamus,
1919 4896 2009 4950 seti
2029 4895 2167 4964 quod

597 4990 853 5046 mundtnn
887 5005 988 5043 non
1023 4989 1274 5042 habentes
1307 5002 1420 5051 cor,
1451 5004 1548 5040 nec
1577 4988 1640 5039 ad
1679 5003 1799 5039 eum
1832 4986 2166 5045 accedamus,

597 5085 685 5149 qni
733 5080 985 5134 mundum
1036 5087 1206 5147 potest
1248 5077 1372 5131 illud
1421 5076 1661 5130 reddere.
1713 5077 1892 5129 Pote5t
1943 5079 2080 5132 enim
2128 5077 2168 5128 si

597 5174 760 5226 \clit:
797 5174 876 5226 vel
911 5173 1079 5239 potius
1123 5170 1283 5223 multo
1334 5170 1497 5238 magis
1527 5183 1680 5236 quam
1734 5183 1830 5220 nos
1875 5183 2035 5235 puros
2077 5182 2172 5219 nos

597 5281 712 5318 esse
761 5266 890 5326 vult,
924 5265 1016 5320 sed
1068 5273 1358 5332 exspectat,
1393 5271 1449 5315 ut
1477 5262 1714 5329 exiguam
1762 5276 1789 5309 a
1843 5260 1992 5313 nobis
2019 5274 2170 5311 occa-

592 5359 796 5409 sionem
852 5357 1103 5424 accipiat,
1133 5366 1189 5410 ut
1237 5356 1564 5410 conﬁdenter
1615 5368 1711 5405 nos
1760 5360 1996 5404 coronet.
2043 5351 2171 5420 Quis

594 5449 765 5518 major
792 5445 891 5500 fuit
923 5457 1170 5516 peccator
1195 5464 1351 5515 quam
1403 5444 1746 5516 publicanus?
1787 5441 1889 5496 Sed
1943 5450 1997 5493 ut
2040 5439 2171 5493 dixit

594 5539 1005 5602 tantumzﬂeus,
1038 5540 1283 5609 propitius
1314 5550 1415 5592 esto
1463 5539 1581 5590 mihi
1612 5536 1860 5605 percntari
1892 5534 1908 5593 (
1932 5531 2054 5585 Luc.
2082 5534 2167 5588 l8.

593 5635 703 5702 l5),
727 5634 841 5702 plus
863 5648 1018 5701 quam
1045 5631 1341 5685 Plurisarus
1361 5632 1675 5698 justiﬁcatus
1698 5625 1990 5682 descendit.
2014 5623 2171 5679 Tam-

592 5727 687 5778 etsi
717 5734 965 5791 quantam
997 5723 1096 5775 vim
1151 5721 1335 5774 habuit
1375 5723 1571 5774 dictum
1625 5720 1788 5773 illud?
1816 5717 2012 5771 Verum
2065 5731 2168 5770 non

584 5814 792 5868 dictum
821 5818 986 5885 ipsum
1018 5815 1275 5885 purgavit,
1309 5813 1400 5868 sed
1434 5814 1651 5868 allectus
1687 5829 1804 5866 cum
1833 5827 1936 5882 quo
1971 5809 2168 5864 dictum

1329 396 1384 452 s.
1423 378 1699 450 JOANNIS
1734 391 2204 450 CIIRYSOSTOMI
2246 391 2558 448 ARCHIEP.
2599 390 3137 450 consummes.

3739 410 3852 466 140

2270 503 2394 558 illud
2425 504 2672 574 protulit:
2697 505 2804 560 imo
2826 521 2952 562 vero
2982 520 3051 563 ne
3075 505 3221 563 solus
3250 505 3463 578 quidem
3488 506 3730 578 adactus,
3747 510 3844 568 sed

2265 607 2388 650 ante
2418 598 2588 663 ipsum
2621 596 2713 651 Dei
2751 596 3064 668 benignitas.

2336 691 2389 741 4.
2432 687 2584 756 Quod
2613 689 2779 752 enim,
2809 704 3011 758 quaso,
3042 700 3145 744 tam
3178 693 3449 762 egregium
3486 701 3571 748 est
3614 691 3842 759 facinus,

2265 778 2385 848 quis
2411 779 2581 843 labor,
2612 779 2731 848 quis
2760 779 2925 834 sudor
2970 782 3250 848 peccatori,
3300 791 3356 836 ut.
3398 795 3458 837 se
3507 792 3844 851 peeeatorem

2265 887 2385 926 esse
2416 872 2733 940 persuadeat
2764 872 2888 936 sibi,
2915 882 2968 928 et
2994 872 3096 928 hoe
3134 874 3271 945 apud
3300 875 3463 931 Deum
3495 874 3844 946 proﬁteatur?

2265 962 2426 1019 Vides
2450 963 2588 1018 haud
2621 964 2814 1018 frustra
2841 965 3040 1020 dixisse
3072 966 3350 1026 me,Deum
3378 966 3513 1022 velle
3539 970 3786 1038 exiguam
3814 984 3844 1023 a

2265 1054 2420 1109 nobis
2443 1055 2777 1110 occasionem
2807 1056 3061 1127 arripere,
3095 1065 3202 1110 tum
3231 1057 3399 1126 ipsum
3434 1058 3627 1113 deinde
3653 1060 3717 1112 ad
3756 1075 3846 1114 sae

2269 1146 2431 1200 lutem
2463 1155 2699 1201 nostram
2744 1157 2931 1201 cuncta
2973 1147 3255 1203 conferre?
3285 1148 3654 1204 Pcenitcntiam
3688 1151 3846 1221 igitur

2267 1253 2509 1307 agamus,
2556 1240 2848 1308 ploremus,
2880 1240 3251 1298 lamentemur.
3298 1242 3680 1312 Saepenumero
3722 1258 3845 1298 cum

2268 1328 2428 1383 ﬁliam
2459 1331 2576 1400 quis
2605 1331 2872 1397 amiserit,
2919 1330 3176 1400 majorem
3223 1332 3346 1387 vita:
3388 1347 3500 1387 sua:
3543 1343 3746 1402 partem
3792 1334 3850 1392 in

2268 1421 2409 1474 lnetu
2439 1436 2502 1477 ac
2530 1437 2762 1478 moerere
2789 1422 3017 1481 traducit
3044 1442 3057 1478 :
3090 1439 3188 1479 nos
3218 1424 3450 1480 animam
3496 1426 3845 1496 perdidimus,

2269 1527 2366 1566 nec
2407 1521 2581 1566 tamen
2615 1513 2898 1584 lugemus?
2941 1515 3234 1570 excidimus
3258 1530 3290 1571 a
3318 1517 3508 1582 salute,
3551 1533 3649 1574 nec
3694 1519 3847 1587 plan-

2268 1604 2482 1673 gintus?
2511 1605 2642 1670 Quid
2689 1605 2757 1661 de
2801 1606 2980 1662 anima
3006 1617 3062 1663 et
3098 1608 3268 1664 salute
3296 1608 3524 1679 loquor?
3565 1611 3851 1667 Dominum

2268 1698 2402 1751 adeo
2450 1698 2630 1752 mitem
2681 1713 2743 1754 ac
2798 1698 3082 1772 benignum
3130 1702 3482 1767 irritavimus,
3533 1718 3705 1774 neque
3747 1705 3855 1760 sub

2271 1799 2417 1843 terra
2443 1804 2538 1844 nos
2565 1789 2980 1846 abscondimus?
3007 1791 3123 1847 Non
3155 1794 3295 1848 enim
3324 1801 3527 1848 tantum
3557 1795 3759 1864 providi
3787 1811 3851 1852 ac

2269 1879 2481 1934 solliciti
2528 1878 2749 1948 domini,
2781 1881 2874 1937 sed
2903 1891 2956 1939 et
2987 1883 3152 1952 patris
3197 1882 3541 1956 indulgentis,
3569 1895 3622 1941 et
3651 1885 3851 1942 libero-

2270 1989 2386 2028 rum
2456 1973 2833 2030 amantissima:
2891 1974 3076 2030 matris
3137 1990 3352 2031 omnem
3425 1976 3854 2032 benevolentiam

2271 2073 2560 2134 exsuperat
2606 2079 2698 2130 ea,
2747 2079 2850 2134 qua
2900 2079 2999 2125 nos
3045 2065 3439 2136 complectitur,
3472 2066 3849 2123 sollicitudine.

2273 2155 2540 2223 Numquid
2567 2157 2707 2211 enim
2737 2155 3072 2223 obliviscetur,
3103 2156 3293 2228 inquit,
3323 2158 3505 2211 mulier
3531 2159 3730 2224 parvuli
3749 2159 3850 2221 sui,

2271 2257 2325 2300 ut
2360 2263 2461 2301 non
2502 2247 2797 2303 misereatur
2834 2251 3027 2318 fetuum
3073 2248 3203 2302 uteri
3245 2248 3366 2303 sui?
3407 2247 3546 2301 Licet
3591 2259 3761 2304 autent
3805 2259 3857 2303 et

2270 2340 2451 2394 mulier
2480 2338 2632 2394 oblita
2657 2340 2829 2410 fuerit,
2861 2357 2953 2410 ego
2981 2351 3146 2395 tamen
3173 2356 3273 2394 non
3301 2341 3568 2396 obliviscar
3606 2342 3698 2407 tui,
3730 2341 3861 2396 dicit

2271 2431 2520 2487 Dominus
2564 2432 2714 2501 (lsai.
2741 2433 2835 2488 49.
2873 2433 2983 2502 15).
3029 2432 3315 2488 Enimvero
3359 2442 3481 2487 ante
3519 2432 3858 2488 demonstra-

2271 2525 2469 2579 tionem
2496 2523 2598 2578 ﬁde
2626 2523 2782 2593 digna
2825 2524 2908 2580 vel
2949 2524 3062 2579 sola
3103 2523 3259 2582 fuerit
3301 2523 3586 2578 afﬁrmatio
3615 2542 3628 2576 τ
3659 2523 3857 2596 quippe

2270 2631 2390 2688 qua;
2433 2617 2522 2672 Dei
2573 2616 2643 2672 sit
2681 2635 2691 2670 :
2740 2617 3087 2673 nihilominus
3138 2628 3337 2684 tamen,
3367 2633 3486 2689 age,
3518 2620 3676 2675 rebus
3726 2619 3856 2690 ipsis

2271 2722 2579 2777 expressam
2620 2707 3128 2764 demonstrationem
3171 2710 3543 2766 exbibeamus.
3589 2712 3721 2766 Cum
3753 2713 3852 2764 im-

2270 2807 2509 2868 perasset
2553 2799 2838 2869 aliquando
2867 2799 2975 2856 ﬁlio
3019 2801 3278 2867 Rebecca,
3317 2811 3374 2856 ut
3413 2802 3554 2856 illam
3598 2802 3665 2856 de
3715 2802 3858 2857 furto

2273 2889 2657 2946 benedictionis
2718 2891 2951 2946 fabulam
3004 2902 3219 2963 ageret;
3270 2906 3548 2964 postquam
3591 2897 3735 2950 omni
3786 2910 3855 2951 ex

2271 2989 2420 3050 parte
2450 2982 2706 3050 prteclare
2737 2982 2909 3052 ipsum
2949 2983 3248 3049 adornavit,
3272 2986 3428 3056 eique
3457 2985 3636 3041 fratris
3667 3001 3854 3056 perso-

2272 3087 2392 3127 nam
2428 3074 2679 3142 imposuit
2708 3091 2721 3129 :
2755 3073 3180 3145 quandoquidem
3235 3091 3302 3132 ne
3341 3077 3416 3131 sic
3443 3077 3657 3146 quidem
3705 3077 3855 3132 illum

2273 3163 2465 3219 ﬁducia
2496 3164 2774 3234 prteditum
2795 3165 2944 3234 vidit,
2973 3181 3187 3223 omnem
3227 3182 3294 3222 ex
3328 3168 3510 3223 animo
3536 3167 3626 3223 ﬁlii
3657 3177 3855 3225 metum

2274 3256 2460 3310 volens
2487 3257 2741 3320 eximere,
2770 3257 2940 3328 Super
2973 3275 3052 3313 me
3076 3260 3160 3326 sit,
3191 3260 3285 3326 ait,
3323 3271 3409 3314 tua
3433 3261 3742 3327 maledictio,
3781 3262 3864 3328 ﬁli

2277 3347 2425 3418 (Gen.
2451 3348 2540 3402 27.
2571 3349 2683 3417 15).
2727 3349 2908 3405 Matris
2936 3365 3119 3406 revera
3150 3367 3271 3414 vox,
3302 3363 3356 3406 et
3391 3367 3508 3422 quae
3537 3367 3720 3407 amore
3765 3352 3863 3407 ﬁlii

2273 3448 2415 3493 esset
2443 3440 2680 3494 incensa.
2727 3440 2968 3495 Christus
2996 3451 3176 3495 autem
3207 3457 3314 3496 non
3339 3441 3438 3497 hoc
3464 3441 3602 3496 dixit
3628 3451 3856 3509 tantum,

2275 3530 2366 3584 sed
2403 3530 2563 3583 etiam
2597 3530 2726 3585 fecit
2757 3548 2768 3584 :
2805 3545 2908 3585 non
2952 3532 3196 3600 promisit
3237 3542 3463 3595 tantum,
3491 3533 3584 3588 sed
3613 3541 3667 3587 et
3695 3549 3861 3603 opere

2275 3619 2533 3685 exhibuit,
2575 3620 2718 3689 quod
2759 3630 2814 3677 et
2841 3622 3032 3676 Paulus
3076 3624 3218 3677 clara
3249 3638 3379 3679 voce
3423 3625 3734 3694 pronuntiat
3771 3624 3861 3680 di-

2275 3731 2404 3769 cens
2436 3733 2447 3768 :
2478 3713 2710 3770 Christus
2735 3731 2824 3768 nos
2864 3716 3071 3769 redemit
3121 3718 3184 3771 de
3215 3717 3484 3772 maledicto
3519 3717 3663 3788 legis,
3693 3717 3864 3786 factus

2277 3824 2368 3877 pro
2395 3807 2534 3862 nobis
2565 3807 2890 3861 maledictum
2921 3807 3064 3879 (Gal.
3111 3809 3164 3863 3.
3197 3807 3308 3876 l5).
3339 3809 3490 3863 Hunc
3520 3809 3680 3879 igitur
3709 3824 3859 3874 num,

2276 3914 2477 3967 quzrso,
2524 3898 2889 3953 irritabimus?
2936 3913 3002 3951 an
3050 3913 3154 3952 non
3200 3909 3282 3953 est
3326 3898 3426 3953 hoc
3453 3899 3566 3966 ipsa
3615 3899 3861 3969 gehenna

2274 3988 2515 4058 gravius,
2552 3999 2606 4041 et
2647 3987 2928 4042 immortali
2976 4003 3176 4051 verme,
3209 3997 3262 4044 et
3304 3988 3425 4058 igne
3449 3988 3538 4057 qui
3566 4003 3864 4058 numquam

2277 4080 2676 4149 exstinguitur?

2347 4171 2426 4224 Ad
2446 4188 2638 4224 sacram
2661 4187 2880 4224 mensam
2903 4170 3151 4234 quomodo
3170 4169 3525 4224 accedendum.
3549 4199 3617 4209 —
3637 4167 3865 4236 Quando

2280 4266 2436 4336 igitur
2465 4264 2528 4318 ad
2560 4279 2763 4318 sacram
2791 4278 3028 4318 mensam
3055 4278 3113 4317 es
3136 4277 3481 4325 accessurus,
3517 4260 3624 4315 illic
3670 4260 3866 4315 adesse

2282 4359 2559 4412 Dominum
2590 4357 2824 4410 omnium
2852 4355 3106 4408 arbitrare
3139 4372 3150 4408 :
3185 4353 3444 4423 siquidem
3472 4352 3625 4408 adest
3649 4364 3864 4415 revera,

2279 4459 2328 4503 et
2353 4463 2469 4516 quae
2492 4449 2558 4499 sit
2581 4461 2728 4499 mens
2753 4444 3009 4513 cujusque
3038 4444 3334 4511 cognoscit,
3355 4457 3415 4495 ac
3439 4442 3580 4494 videt
3600 4441 3720 4509 quis
3739 4453 3864 4492 cum

2278 4554 2337 4593 ea
2366 4554 2463 4607 qua
2500 4551 2589 4605 par
2618 4543 2698 4590 est
2722 4534 3018 4595 sanctitate,
3039 4533 3154 4602 quis
3174 4547 3294 4587 cum
3322 4531 3644 4585 conscientia
3671 4529 3867 4596 depra-

2279 4639 2394 4685 vata
2435 4628 2680 4688 accedat,
2712 4641 2831 4681 cum
2871 4624 3156 4678 innnundis
3181 4632 3232 4676 et
3257 4621 3486 4676 sordidis
3522 4621 3864 4689 cogitationi-

2282 4724 2396 4784 bus,
2422 4737 2540 4775 cum
2565 4719 2778 4774 uelariis
2795 4716 3108 4770 actionibus.
3143 4713 3293 4782 Quod
3317 4714 3358 4767 si
3380 4712 3680 4782 quempiam
3703 4712 3865 4766 talem

2280 4812 2576 4874 t'tll‘enderit,
2608 4811 2829 4878 primum
2856 4807 3068 4876 quidem
3099 4807 3266 4873 ipsum
3298 4803 3492 4871 judicio
3519 4803 3868 4856 conscientia:

2283 4907 2440 4960 tradit
2469 4923 2480 4956 :
2511 4901 2701 4957 deinde
2743 4915 2869 4954 vero
2914 4901 2955 4952 si
3008 4898 3141 4951 forte
3178 4896 3408 4963 seipsum
3450 4893 3869 4963 cogitationibus

2280 5001 2520 5068 castiget,
2559 4995 2847 5062 reddatque
2877 4990 3173 5052 meliorem,
3203 5001 3390 5042 rursus
3418 4987 3562 5040 illum
3593 4983 3864 5048 admittit;

2279 5093 2420 5164 quod
2448 5092 2489 5144 si
2523 5098 2726 5142 maneat
2762 5086 3087 5138 ineorrectus
3107 5123 3120 5144 ,
3154 5090 3264 5134 tum
3291 5079 3502 5133 demum
3534 5077 3584 5131 in
3609 5076 3723 5142 ejus
3752 5089 3869 5126 ma-

2283 5203 2382 5240 nus
2418 5183 2596 5238 incidit
2626 5191 2888 5247 tamquam
2923 5177 3160 5245 ingratus
3189 5185 3241 5228 et
3269 5173 3546 5228 scelestus.
3591 5170 3867 5236 Quantum

2283 5293 2406 5330 vero
2427 5278 2490 5328 sit
2515 5271 2672 5334 istud,
2697 5285 2768 5324 ex
2788 5267 2951 5322 Paulo
2974 5267 3140 5330 disce,
3164 5265 3251 5334 qui
3275 5266 3351 5318 sic
3366 5263 3438 5316 ait
3459 5280 3470 5314 :
3500 5260 3823 5314 llorrendnm
3849 5263 3865 5292 ‘

2281 5368 2498 5420 incidere
2539 5366 2589 5415 in
2641 5376 2816 5414 manus
2861 5358 2950 5411 Dei
2991 5357 3197 5411 viventis
3229 5356 3244 5422 (
3275 5354 3428 5407 Hebr.
3462 5352 3546 5405 10.
3581 5352 3640 5406 51
3669 5354 3708 5418 ).
3737 5352 3869 5406 Scio

2283 5459 2525 5512 mordere
2547 5466 2637 5507 vos
2662 5453 2775 5508 haec
2802 5451 2957 5506 verba
2985 5466 2997 5502 :
3024 5449 3116 5503 sed
3141 5447 3262 5517 quid
3286 5444 3511 5499 faciam?
3541 5442 3649 5496 Nisi
3672 5442 3870 5496 acerba

2347 5627 2359 5654 ι
2402 5622 2592 5682 Aliquot
2613 5625 2718 5682 Mss.
2749 5617 2930 5682 variant
2943 5617 2992 5682 in
3016 5614 3178 5663 verbis
3201 5609 3383 5682 minimi
3400 5608 3652 5682 momenti.
3671 5605 3874 5682 militum

2281 5695 2440 5734 autem
2471 5673 2708 5729 (froshavii
2747 5681 2816 5728 sic
2856 5676 3034 5746 legitur
3053 5689 3073 5746 _:
3098 5673 3229 5746 Quod
3252 5673 3294 5721 si
3315 5673 3870 5746 moneotincorrsituf,

2271 5731 2407 5857 in}?
2432 5747 2577 5852 pedesl
2597 5753 2856 5804 nimiusque
2881 5731 3021 5801 ligari
3046 5731 3284 5799 ingratum
3308 5740 3352 5784 et
3377 5731 3717 5796 unpudentem.
3739 5738 3875 5780 Πομ

2280 5824 2364 5858 rm
2406 5821 2499 5858 um.
2527 5820 2555 5853 e
2578 5818 2620 5852 c.

2487 5845 2499 5865 ν
2529 5840 2620 5853 νιν.
