  <div class='ocr_page' id='page_1' title='image "/cluster/home/n/w/nwhite01/storage/ocr_20150623/56/uva.x004697988/151.png"; bbox 0 0 4056 6458; ppageno 0'>
   <div class='ocr_carea' id='block_1_1' title="bbox 559 399 664 453">
    <p class='ocr_par' dir='ltr' id='par_1_1' title="bbox 559 399 664 453">
     <span class='ocr_line' id='line_1_1' title="bbox 559 399 664 453; baseline 0.01 -1"><span class='ocrx_word' id='word_1_1' title='bbox 559 399 664 453; x_wconf 82' lang='grc'><strong>141</strong></span> 
     </span>
    </p>
   </div>
   <div class='ocr_carea' id='block_1_2' title="bbox 551 485 2116 568">
    <p class='ocr_par' dir='ltr' id='par_1_2' title="bbox 551 485 2116 568">
     <span class='ocr_line' id='line_1_2' title="bbox 551 485 2116 568; baseline -0.013 -12"><span class='ocrx_word' id='word_1_2' title='bbox 551 501 722 557; x_wconf 84' lang='grc' dir='ltr'><strong>Στενά</strong></span> <span class='ocrx_word' id='word_1_3' title='bbox 766 516 852 568; x_wconf 89' lang='grc' dir='ltr'><strong>μοι</strong></span> <span class='ocrx_word' id='word_1_4' title='bbox 887 495 1148 550; x_wconf 76' lang='grc' dir='ltr'>πάντοθεν</span> <span class='ocrx_word' id='word_1_5' title='bbox 1173 511 1186 524; x_wconf 70' lang='grc'><strong>⁸</strong></span> <span class='ocrx_word' id='word_1_6' title='bbox 1220 495 1357 565; x_wconf 78' lang='grc' dir='ltr'><strong>πλὴν</strong></span> <span class='ocrx_word' id='word_1_7' title='bbox 1391 493 1503 547; x_wconf 82' lang='grc' dir='ltr'><strong>ἀλλ’</strong></span> <span class='ocrx_word' id='word_1_8' title='bbox 1536 492 1829 560; x_wconf 88' lang='grc' dir='ltr'><strong>ἀναγκαῖον</strong></span> <span class='ocrx_word' id='word_1_9' title='bbox 1865 485 2116 568; x_wconf 81' lang='grc' dir='ltr'><strong>ἀνασχεῖν</strong></span> 
     </span>
    </p>
   </div>
   <div class='ocr_carea' id='block_1_3' title="bbox 553 566 2118 656">
    <p class='ocr_par' dir='ltr' id='par_1_3' title="bbox 553 566 2118 656">
     <span class='ocr_line' id='line_1_3' title="bbox 553 566 2118 656; baseline -0.013 -16"><span class='ocrx_word' id='word_1_10' title='bbox 553 586 651 656; x_wconf 78' lang='grc' dir='ltr'><strong>τὴν</strong></span> <span class='ocrx_word' id='word_1_11' title='bbox 693 566 848 654; x_wconf 80' lang='grc' dir='ltr'><strong>χεῖρα</strong></span> <span class='ocrx_word' id='word_1_12' title='bbox 883 579 1100 632; x_wconf 77' lang='grc' dir='ltr'><strong>λοιπόνο</strong></span> <span class='ocrx_word' id='word_1_13' title='bbox 1132 577 1226 630; x_wconf 69' lang='grc' dir='ltr'><strong>καὶ</strong></span> <span class='ocrx_word' id='word_1_14' title='bbox 1254 578 1361 647; x_wconf 85' lang='grc' dir='ltr'><strong>γὰρ</strong></span> <span class='ocrx_word' id='word_1_15' title='bbox 1395 575 1552 656; x_wconf 85' lang='grc' dir='ltr'><strong>ἰκανά</strong></span> <span class='ocrx_word' id='word_1_16' title='bbox 1584 575 1649 627; x_wconf 80' lang='grc' dir='ltr'><strong>τὸ.</strong></span> <span class='ocrx_word' id='word_1_17' title='bbox 1676 571 1944 656; x_wconf 81' lang='grc' dir='ltr'><strong>εἰρημένα</strong></span> <span class='ocrx_word' id='word_1_18' title='bbox 1985 566 2118 656; x_wconf 83' lang='grc' dir='ltr'><strong>πρὸς</strong></span> 
     </span>
    </p>
   </div>
   <div class='ocr_carea' id='block_1_4' title="bbox 553 651 2118 738">
    <p class='ocr_par' dir='ltr' id='par_1_4' title="bbox 553 651 2118 738">
     <span class='ocr_line' id='line_1_4' title="bbox 553 651 2118 738; baseline -0.014 -16"><span class='ocrx_word' id='word_1_19' title='bbox 553 651 831 738; x_wconf 78' lang='grc' dir='ltr'><strong>διόρθωσιν</strong></span> <span class='ocrx_word' id='word_1_20' title='bbox 856 663 962 716; x_wconf 85' lang='grc' dir='ltr'><strong>τῶν</strong></span> <span class='ocrx_word' id='word_1_21' title='bbox 982 660 1373 732; x_wconf 84' lang='grc' dir='ltr'><strong>προσεχόντων.</strong></span> <span class='ocrx_word' id='word_1_22' title='bbox 1402 655 1552 730; x_wconf 71' lang='lat' dir='ltr'><strong>[1M]</strong></span> <span class='ocrx_word' id='word_1_23' title='bbox 1582 655 1716 708; x_wconf 82' lang='grc' dir='ltr'><strong>Ἀλλ’</strong></span> <span class='ocrx_word' id='word_1_24' title='bbox 1735 655 1819 706; x_wconf 83' lang='grc' dir='ltr'><strong>ἵνα</strong></span> <span class='ocrx_word' id='word_1_25' title='bbox 1849 651 1922 722; x_wconf 82' lang='grc' dir='ltr'><strong>μὴ</strong></span> <span class='ocrx_word' id='word_1_26' title='bbox 1943 651 2118 720; x_wconf 89' lang='grc' dir='ltr'><strong>μόνοις</strong></span> 
     </span>
    </p>
   </div>
   <div class='ocr_carea' id='block_1_5' title="bbox 556 735 2117 820">
    <p class='ocr_par' dir='ltr' id='par_1_5' title="bbox 556 735 2117 820">
     <span class='ocr_line' id='line_1_5' title="bbox 556 735 2117 820; baseline -0.013 -17"><span class='ocrx_word' id='word_1_27' title='bbox 556 735 706 820; x_wconf 81' lang='grc' dir='ltr'><strong>ὑμῖν,</strong></span> <span class='ocrx_word' id='word_1_28' title='bbox 737 747 870 801; x_wconf 82' lang='grc' dir='ltr'><strong>ἀλλά</strong></span> <span class='ocrx_word' id='word_1_29' title='bbox 917 746 1009 799; x_wconf 75' lang='grc' dir='ltr'><strong>καὶ</strong></span> <span class='ocrx_word' id='word_1_30' title='bbox 1060 744 1265 814; x_wconf 81' lang='grc' dir='ltr'><strong>ἑτέροις</strong></span> <span class='ocrx_word' id='word_1_31' title='bbox 1299 741 1366 794; x_wconf 79' lang='grc' dir='ltr'><strong>δι’</strong></span> <span class='ocrx_word' id='word_1_32' title='bbox 1401 741 1554 810; x_wconf 77' lang='grc' dir='ltr'><strong>ὑμῶν</strong></span> <span class='ocrx_word' id='word_1_33' title='bbox 1591 738 1812 807; x_wconf 90' lang='grc' dir='ltr'><strong>γένηται</strong></span> <span class='ocrx_word' id='word_1_34' title='bbox 1853 735 2117 820; x_wconf 72' lang='grc' dir='ltr'><strong>χρήσιμα,</strong></span> 
     </span>
    </p>
   </div>
   <div class='ocr_carea' id='block_1_6' title="bbox 555 815 2119 903">
    <p class='ocr_par' dir='ltr' id='par_1_6' title="bbox 555 815 2119 903">
     <span class='ocr_line' id='line_1_6' title="bbox 555 815 2119 903; baseline -0.013 -18"><span class='ocrx_word' id='word_1_35' title='bbox 555 815 689 903; x_wconf 83' lang='grc' dir='ltr'><strong>φέρε</strong></span> <span class='ocrx_word' id='word_1_36' title='bbox 721 829 859 884; x_wconf 83' lang='grc' dir='ltr'><strong>αύτά</strong></span> <span class='ocrx_word' id='word_1_37' title='bbox 909 827 1065 880; x_wconf 83' lang='grc' dir='ltr'><strong>πάλιν</strong></span> <span class='ocrx_word' id='word_1_38' title='bbox 1110 820 1731 892; x_wconf 83' lang='grc' dir='ltr'><strong>ἀνακεφαλαιωσώμεθα.</strong></span> <span class='ocrx_word' id='word_1_39' title='bbox 1762 815 2119 903; x_wconf 68' lang='grc' dir='ltr'><strong>ᾼιελέχθημεν</strong></span> 
     </span>
    </p>
   </div>
   <div class='ocr_carea' id='block_1_7' title="bbox 557 899 2118 982">
    <p class='ocr_par' dir='ltr' id='par_1_7' title="bbox 557 899 2118 982">
     <span class='ocr_line' id='line_1_7' title="bbox 557 899 2118 982; baseline -0.012 -16"><span class='ocrx_word' id='word_1_40' title='bbox 557 899 822 982; x_wconf 73' lang='grc' dir='ltr'><strong>περὶτῶν</strong></span> <span class='ocrx_word' id='word_1_41' title='bbox 860 909 1155 980; x_wconf 74' lang='grc' dir='ltr'><strong>Σεραφείμ,</strong></span> <span class='ocrx_word' id='word_1_42' title='bbox 1204 904 1478 974; x_wconf 74' lang='grc' dir='ltr'><strong>ἐδείξαμεν</strong></span> <span class='ocrx_word' id='word_1_43' title='bbox 1524 904 1646 956; x_wconf 81' lang='grc' dir='ltr'><strong>ὅσον</strong></span> <span class='ocrx_word' id='word_1_44' title='bbox 1692 901 1835 953; x_wconf 74' lang='grc' dir='ltr'><strong>ἐστὶν</strong></span> <span class='ocrx_word' id='word_1_45' title='bbox 1885 899 2118 966; x_wconf 82' lang='grc' dir='ltr'><strong>ἀξίωμα,</strong></span> 
     </span>
    </p>
   </div>
   <div class='ocr_carea' id='block_1_8' title="bbox 556 979 2122 1065">
    <p class='ocr_par' dir='ltr' id='par_1_8' title="bbox 556 979 2122 1065">
     <span class='ocr_line' id='line_1_8' title="bbox 556 979 2122 1065; baseline -0.013 -15"><span class='ocrx_word' id='word_1_46' title='bbox 556 979 779 1065; x_wconf 74' lang='grc' dir='ltr'><strong>πλησίον</strong></span> <span class='ocrx_word' id='word_1_47' title='bbox 795 979 1014 1046; x_wconf 77' lang='grc' dir='ltr'><strong>ἑστάναι</strong></span> <span class='ocrx_word' id='word_1_48' title='bbox 1038 989 1130 1042; x_wconf 85' lang='grc' dir='ltr'><strong>τοῦ</strong></span> <span class='ocrx_word' id='word_1_49' title='bbox 1156 989 1338 1059; x_wconf 89' lang='grc' dir='ltr'><strong>θρόνου</strong></span> <span class='ocrx_word' id='word_1_50' title='bbox 1375 985 1466 1038; x_wconf 88' lang='grc' dir='ltr'><strong>τοῦ</strong></span> <span class='ocrx_word' id='word_1_51' title='bbox 1491 982 1786 1054; x_wconf 79' lang='grc' dir='ltr'><strong>βασιλικοῦ,</strong></span> <span class='ocrx_word' id='word_1_52' title='bbox 1812 982 1903 1035; x_wconf 75' lang='grc' dir='ltr'><strong>καὶ</strong></span> <span class='ocrx_word' id='word_1_53' title='bbox 1924 982 2003 1033; x_wconf 75' lang='grc' dir='ltr'><strong>ὅτι</strong></span> <span class='ocrx_word' id='word_1_54' title='bbox 2029 979 2122 1032; x_wconf 81' lang='grc' dir='ltr'><strong>καὶ</strong></span> 
     </span>
    </p>
   </div>
   <div class='ocr_carea' id='block_1_9' title="bbox 557 1063 2123 1145">
    <p class='ocr_par' dir='ltr' id='par_1_9' title="bbox 557 1063 2123 1145">
     <span class='ocr_line' id='line_1_9' title="bbox 557 1063 2123 1145; baseline -0.011 -14"><span class='ocrx_word' id='word_1_55' title='bbox 557 1063 862 1145; x_wconf 83' lang='grc' dir='ltr'><strong>ἀνθρώποις</strong></span> <span class='ocrx_word' id='word_1_56' title='bbox 877 1076 938 1128; x_wconf 67' lang='lat' dir='ltr'><strong>rb</strong></span> <span class='ocrx_word' id='word_1_57' title='bbox 957 1074 1170 1142; x_wconf 82' lang='grc' dir='ltr'><strong>ἀξίωμα</strong></span> <span class='ocrx_word' id='word_1_58' title='bbox 1200 1070 1355 1122; x_wconf 89' lang='grc' dir='ltr'><strong>τοῦτο</strong></span> <span class='ocrx_word' id='word_1_59' title='bbox 1389 1067 1678 1137; x_wconf 86' lang='grc' dir='ltr'><strong>κεκτῆσθαι</strong></span> <span class='ocrx_word' id='word_1_60' title='bbox 1701 1065 1938 1119; x_wconf 85' lang='grc' dir='ltr'><strong>δυνατόν.</strong></span> <span class='ocrx_word' id='word_1_61' title='bbox 1959 1063 2123 1117; x_wconf 80' lang='grc' dir='ltr'><strong>Εἴπο-</strong></span> 
     </span>
    </p>
   </div>
   <div class='ocr_carea' id='block_1_10' title="bbox 563 1147 2122 1229">
    <p class='ocr_par' dir='ltr' id='par_1_10' title="bbox 563 1147 2122 1229">
     <span class='ocr_line' id='line_1_10' title="bbox 563 1147 2122 1229; baseline -0.01 -17"><span class='ocrx_word' id='word_1_62' title='bbox 563 1177 660 1229; x_wconf 88' lang='grc' dir='ltr'><strong>μεν</strong></span> <span class='ocrx_word' id='word_1_63' title='bbox 682 1157 935 1229; x_wconf 73' lang='grc' dir='ltr'><strong>περὶτῶν</strong></span> <span class='ocrx_word' id='word_1_64' title='bbox 967 1154 1263 1224; x_wconf 81' lang='grc' dir='ltr'><strong>πτερύγων,</strong></span> <span class='ocrx_word' id='word_1_65' title='bbox 1290 1151 1500 1221; x_wconf 75' lang='grc' dir='ltr'><strong>καὶτῆς</strong></span> <span class='ocrx_word' id='word_1_66' title='bbox 1524 1148 1820 1220; x_wconf 81' lang='grc' dir='ltr'>ἀπροσίτου</span> <span class='ocrx_word' id='word_1_67' title='bbox 1846 1147 2122 1215; x_wconf 89' lang='grc' dir='ltr'><strong>δυνάμεως</strong></span> 
     </span>
    </p>
   </div>
   <div class='ocr_carea' id='block_1_11' title="bbox 559 1229 2125 1308">
    <p class='ocr_par' dir='ltr' id='par_1_11' title="bbox 559 1229 2125 1308">
     <span class='ocr_line' id='line_1_11' title="bbox 559 1229 2125 1308; baseline -0.01 -13"><span class='ocrx_word' id='word_1_68' title='bbox 559 1243 652 1295; x_wconf 88' lang='grc' dir='ltr'><strong>τοῦ</strong></span> <span class='ocrx_word' id='word_1_69' title='bbox 691 1241 845 1303; x_wconf 87' lang='grc' dir='ltr'><strong>Θεοῦ,</strong></span> <span class='ocrx_word' id='word_1_70' title='bbox 871 1239 962 1292; x_wconf 76' lang='grc' dir='ltr'><strong>καὶ</strong></span> <span class='ocrx_word' id='word_1_71' title='bbox 1003 1238 1128 1308; x_wconf 76' lang='grc' dir='ltr'><strong>περὶ</strong></span> <span class='ocrx_word' id='word_1_72' title='bbox 1168 1237 1263 1305; x_wconf 88' lang='grc' dir='ltr'><strong>τῆς</strong></span> <span class='ocrx_word' id='word_1_73' title='bbox 1300 1234 1434 1304; x_wconf 82' lang='grc' dir='ltr'><strong>πρὸς</strong></span> <span class='ocrx_word' id='word_1_74' title='bbox 1478 1234 1623 1302; x_wconf 80' lang='grc' dir='ltr'><strong>ἡμᾶς</strong></span> <span class='ocrx_word' id='word_1_75' title='bbox 1655 1229 1816 1284; x_wconf 82' lang='grc' dir='ltr'><strong>αὐτοῦ</strong></span> <span class='ocrx_word' id='word_1_76' title='bbox 1855 1245 2125 1297; x_wconf 84' lang='grc' dir='ltr'><strong>συγκατα-</strong></span> 
     </span>
    </p>
   </div>
   <div class='ocr_carea' id='block_1_12' title="bbox 563 1309 2123 1391">
    <p class='ocr_par' dir='ltr' id='par_1_12' title="bbox 563 1309 2123 1391">
     <span class='ocr_line' id='line_1_12' title="bbox 563 1309 2123 1391; baseline -0.01 -15"><span class='ocrx_word' id='word_1_77' title='bbox 563 1325 770 1386; x_wconf 78' lang='grc' dir='ltr'><strong>ϐάσεως</strong></span> <span class='ocrx_word' id='word_1_78' title='bbox 825 1320 1147 1391; x_wconf 82' lang='grc' dir='ltr'><strong>γενομένης·</strong></span> <span class='ocrx_word' id='word_1_79' title='bbox 1201 1315 1617 1386; x_wconf 86' lang='grc' dir='ltr'><strong>προσεθήκαμεν</strong></span> <span class='ocrx_word' id='word_1_80' title='bbox 1661 1312 1758 1383; x_wconf 78' lang='grc' dir='ltr'><strong>τὴν</strong></span> <span class='ocrx_word' id='word_1_81' title='bbox 1805 1311 1980 1365; x_wconf 79' lang='grc' dir='ltr'><strong>αἰτίαν</strong></span> <span class='ocrx_word' id='word_1_82' title='bbox 2025 1309 2123 1379; x_wconf 84' lang='grc' dir='ltr'><strong>τῆς</strong></span> 
     </span>
    </p>
   </div>
   <div class='ocr_carea' id='block_1_13' title="bbox 562 1393 2124 1479">
    <p class='ocr_par' dir='ltr' id='par_1_13' title="bbox 562 1393 2124 1479">
     <span class='ocr_line' id='line_1_13' title="bbox 562 1393 2124 1479; baseline -0.012 -18"><span class='ocrx_word' id='word_1_83' title='bbox 562 1407 804 1479; x_wconf 78' lang='grc' dir='ltr'><strong>κραυγῆς</strong></span> <span class='ocrx_word' id='word_1_84' title='bbox 852 1404 942 1456; x_wconf 75' lang='grc' dir='ltr'><strong>καὶ</strong></span> <span class='ocrx_word' id='word_1_85' title='bbox 985 1402 1076 1454; x_wconf 91' lang='grc' dir='ltr'><strong>τοῦ</strong></span> <span class='ocrx_word' id='word_1_86' title='bbox 1117 1397 1396 1470; x_wconf 76' lang='grc' dir='ltr'><strong>διηνεκοῦς</strong></span> <span class='ocrx_word' id='word_1_87' title='bbox 1434 1396 1724 1465; x_wconf 88' lang='grc' dir='ltr'><strong>θαύματος,</strong></span> <span class='ocrx_word' id='word_1_88' title='bbox 1769 1394 1862 1447; x_wconf 74' lang='grc' dir='ltr'><strong>καὶ</strong></span> <span class='ocrx_word' id='word_1_89' title='bbox 1905 1393 2021 1457; x_wconf 89' lang='grc' dir='ltr'><strong>πῶς</strong></span> <span class='ocrx_word' id='word_1_90' title='bbox 2067 1393 2124 1443; x_wconf 83' lang='grc' dir='ltr'><strong>ὲν</strong></span> 
     </span>
    </p>
   </div>
   <div class='ocr_carea' id='block_1_14' title="bbox 562 1473 2127 1556">
    <p class='ocr_par' dir='ltr' id='par_1_14' title="bbox 562 1473 2127 1556">
     <span class='ocr_line' id='line_1_14' title="bbox 562 1473 2127 1556; baseline -0.011 -14"><span class='ocrx_word' id='word_1_91' title='bbox 562 1473 957 1556; x_wconf 78' lang='grc' dir='ltr'><strong>ἀκαταπαύστῳ</strong></span> <span class='ocrx_word' id='word_1_92' title='bbox 981 1483 1181 1553; x_wconf 77' lang='grc' dir='ltr'><strong>θεωρίᾳ</strong></span> <span class='ocrx_word' id='word_1_93' title='bbox 1206 1480 1622 1541; x_wconf 56' lang='grc' dir='ltr'><strong>ἀκατάτπαυστος</strong></span> <span class='ocrx_word' id='word_1_94' title='bbox 1649 1478 1741 1530; x_wconf 66' lang='grc' dir='ltr'><strong>καί⁵</strong></span> <span class='ocrx_word' id='word_1_95' title='bbox 1777 1477 1811 1544; x_wconf 84' lang='grc' dir='ltr'><strong>ή</strong></span> <span class='ocrx_word' id='word_1_96' title='bbox 1850 1473 2127 1542; x_wconf 82' lang='grc' dir='ltr'><strong>δοξολογία</strong></span> 
     </span>
    </p>
   </div>
   <div class='ocr_carea' id='block_1_15' title="bbox 562 1556 2128 1642">
    <p class='ocr_par' dir='ltr' id='par_1_15' title="bbox 562 1556 2128 1642">
     <span class='ocr_line' id='line_1_15' title="bbox 562 1556 2128 1642; baseline -0.011 -16"><span class='ocrx_word' id='word_1_97' title='bbox 562 1574 670 1626; x_wconf 87' lang='grc' dir='ltr'><strong>τῶν</strong></span> <span class='ocrx_word' id='word_1_98' title='bbox 694 1571 995 1642; x_wconf 82' lang='grc' dir='ltr'><strong>Σεραφείμ’</strong></span> <span class='ocrx_word' id='word_1_99' title='bbox 1024 1567 1402 1637; x_wconf 85' lang='grc' dir='ltr'><strong>ἀνεμνήσαμεν</strong></span> <span class='ocrx_word' id='word_1_100' title='bbox 1435 1563 1578 1631; x_wconf 74' lang='grc' dir='ltr'><strong>ὑμᾶς</strong></span> <span class='ocrx_word' id='word_1_101' title='bbox 1601 1562 1679 1624; x_wconf 89' lang='grc' dir='ltr'><strong>εἰς</strong></span> <span class='ocrx_word' id='word_1_102' title='bbox 1711 1561 1858 1612; x_wconf 89' lang='grc' dir='ltr'><strong>ποῖον</strong></span> <span class='ocrx_word' id='word_1_103' title='bbox 1890 1556 2128 1642; x_wconf 77' lang='grc' dir='ltr'><strong>ὲτελέσαο</strong></span> 
     </span>
    </p>
   </div>
   <div class='ocr_carea' id='block_1_16' title="bbox 567 1640 2126 1725">
    <p class='ocr_par' dir='ltr' id='par_1_16' title="bbox 567 1640 2126 1725">
     <span class='ocr_line' id='line_1_16' title="bbox 567 1640 2126 1725; baseline -0.012 -16"><span class='ocrx_word' id='word_1_104' title='bbox 567 1673 665 1725; x_wconf 88' lang='grc' dir='ltr'><strong>μεν</strong></span> <span class='ocrx_word' id='word_1_105' title='bbox 692 1640 868 1724; x_wconf 73' lang='grc' dir='ltr'><strong>χορὸν,</strong></span> <span class='ocrx_word' id='word_1_106' title='bbox 912 1653 1006 1704; x_wconf 74' lang='grc' dir='ltr'><strong>καί</strong></span> <span class='ocrx_word' id='word_1_107' title='bbox 1047 1647 1182 1720; x_wconf 88' lang='grc' dir='ltr'><strong>μετά</strong></span> <span class='ocrx_word' id='word_1_108' title='bbox 1220 1645 1377 1698; x_wconf 84' lang='grc' dir='ltr'><strong>τίνων</strong></span> <span class='ocrx_word' id='word_1_109' title='bbox 1415 1645 1506 1697; x_wconf 83' lang='grc' dir='ltr'><strong>τὸν</strong></span> <span class='ocrx_word' id='word_1_110' title='bbox 1542 1643 1714 1698; x_wconf 81' lang='grc' dir='ltr'><strong>κοινὸν</strong></span> <span class='ocrx_word' id='word_1_111' title='bbox 1742 1640 2126 1712; x_wconf 89' lang='grc' dir='ltr'><strong>ἀνυμνήσαμεν</strong></span> 
     </span>
    </p>
   </div>
   <div class='ocr_carea' id='block_1_17' title="bbox 565 1722 2122 1805">
    <p class='ocr_par' dir='ltr' id='par_1_17' title="bbox 565 1722 2122 1805">
     <span class='ocr_line' id='line_1_17' title="bbox 565 1722 2122 1805; baseline -0.012 -14"><span class='ocrx_word' id='word_1_112' title='bbox 565 1722 870 1805; x_wconf 66' lang='grc' dir='ltr'><strong>Δεσπότηψ</strong></span> <span class='ocrx_word' id='word_1_113' title='bbox 909 1733 1034 1795; x_wconf 74' lang='grc' dir='ltr'><strong>τοὺς</strong></span> <span class='ocrx_word' id='word_1_114' title='bbox 1070 1731 1195 1800; x_wconf 81' lang='grc' dir='ltr'><strong>περὶ</strong></span> <span class='ocrx_word' id='word_1_115' title='bbox 1250 1727 1531 1798; x_wconf 72' lang='grc' dir='ltr'><strong>μετανοίας</strong></span> <span class='ocrx_word' id='word_1_116' title='bbox 1577 1725 1989 1796; x_wconf 89' lang='grc' dir='ltr'><strong>προσεθήκαμεν</strong></span> <span class='ocrx_word' id='word_1_117' title='bbox 2033 1722 2122 1774; x_wconf 88' lang='grc' dir='ltr'><strong>λό-</strong></span> 
     </span>
    </p>
   </div>
   <div class='ocr_carea' id='block_1_18' title="bbox 565 1808 2123 1888">
    <p class='ocr_par' dir='ltr' id='par_1_18' title="bbox 565 1808 2123 1888">
     <span class='ocr_line' id='line_1_18' title="bbox 565 1808 2123 1888; baseline -0.01 -15"><span class='ocrx_word' id='word_1_118' title='bbox 565 1837 693 1888; x_wconf 88' lang='grc' dir='ltr'><strong>γους</strong></span> <span class='ocrx_word' id='word_1_119' title='bbox 713 1836 727 1852; x_wconf 80' lang='grc' dir='ltr'><strong>ο</strong></span> <span class='ocrx_word' id='word_1_120' title='bbox 755 1818 848 1871; x_wconf 74' lang='grc' dir='ltr'><strong>καὶ</strong></span> <span class='ocrx_word' id='word_1_121' title='bbox 885 1815 1056 1878; x_wconf 87' lang='grc' dir='ltr'><strong>τέλος,</strong></span> <span class='ocrx_word' id='word_1_122' title='bbox 1091 1815 1211 1866; x_wconf 85' lang='grc' dir='ltr'><strong>ὅσον</strong></span> <span class='ocrx_word' id='word_1_123' title='bbox 1237 1811 1352 1864; x_wconf 78' lang='grc' dir='ltr'><strong>ὲστί</strong></span> <span class='ocrx_word' id='word_1_124' title='bbox 1380 1809 1544 1862; x_wconf 72' lang='grc' dir='ltr'><strong>κακὸν</strong></span> <span class='ocrx_word' id='word_1_125' title='bbox 1569 1808 1846 1880; x_wconf 83' lang='grc' dir='ltr'><strong>προσιέναι</strong></span> <span class='ocrx_word' id='word_1_126' title='bbox 1877 1809 1988 1869; x_wconf 88' lang='grc' dir='ltr'><strong>τοῖς</strong></span> <span class='ocrx_word' id='word_1_127' title='bbox 2023 1824 2123 1876; x_wconf 89' lang='grc' dir='ltr'><strong>μυ-</strong></span> 
     </span>
    </p>
   </div>
   <div class='ocr_carea' id='block_1_19' title="bbox 1247 360 3090 435">
    <p class='ocr_par' dir='ltr' id='par_1_19' title="bbox 1247 360 3090 435">
     <span class='ocr_line' id='line_1_19' title="bbox 1247 360 3090 435; baseline -0.01 0"><span class='ocrx_word' id='word_1_128' title='bbox 1247 380 1302 435; x_wconf 87' lang='lat' dir='ltr'><strong>S.</strong></span> <span class='ocrx_word' id='word_1_129' title='bbox 1339 375 1622 434; x_wconf 76' lang='lat' dir='ltr'><strong>JOANNIS</strong></span> <span class='ocrx_word' id='word_1_130' title='bbox 1659 368 2140 428; x_wconf 71' lang='lat' dir='ltr'><strong>CHRYSOSTOMI</strong></span> <span class='ocrx_word' id='word_1_131' title='bbox 2181 368 2501 424; x_wconf 70' lang='lat' dir='ltr'><strong>ABClllEP.</strong></span> <span class='ocrx_word' id='word_1_132' title='bbox 2543 360 3090 423; x_wconf 68' lang='lat' dir='ltr'><strong>CONSTANTINOP.</strong></span> 
     </span>
    </p>
   </div>
   <div class='ocr_carea' id='block_1_20' title="bbox 2217 472 3788 548">
    <p class='ocr_par' dir='ltr' id='par_1_20' title="bbox 2217 472 3788 548">
     <span class='ocr_line' id='line_1_20' title="bbox 2217 472 3788 548; baseline -0.004 -13"><span class='ocrx_word' id='word_1_133' title='bbox 2217 482 2335 546; x_wconf 87' lang='grc' dir='ltr'><strong>πῶς</strong></span> <span class='ocrx_word' id='word_1_134' title='bbox 2377 482 2474 535; x_wconf 86' lang='grc' dir='ltr'><strong>οὐκ</strong></span> <span class='ocrx_word' id='word_1_135' title='bbox 2510 481 2621 534; x_wconf 72' lang='grc' dir='ltr'><strong>ἐστι</strong></span> <span class='ocrx_word' id='word_1_136' title='bbox 2659 480 2937 548; x_wconf 79' lang='grc' dir='ltr'><strong>διαφυγεῖν</strong></span> <span class='ocrx_word' id='word_1_137' title='bbox 2981 476 3072 530; x_wconf 77' lang='grc' dir='ltr'><strong>τὸν</strong></span> <span class='ocrx_word' id='word_1_138' title='bbox 3120 473 3442 544; x_wconf 77' lang='grc' dir='ltr'><strong>ἀδιόρθωτον</strong></span> <span class='ocrx_word' id='word_1_139' title='bbox 3483 472 3715 543; x_wconf 86' lang='grc' dir='ltr'><strong>μένοντα</strong></span> <span class='ocrx_word' id='word_1_140' title='bbox 3736 487 3788 527; x_wconf 76' lang='grc' dir='ltr'><strong>ι.</strong></span> 
     </span>
    </p>
   </div>
   <div class='ocr_carea' id='block_1_21' title="bbox 2219 554 3791 632">
    <p class='ocr_par' dir='ltr' id='par_1_21' title="bbox 2219 554 3791 632">
     <span class='ocr_line' id='line_1_21' title="bbox 2219 554 3791 632; baseline -0.006 -15"><span class='ocrx_word' id='word_1_141' title='bbox 2219 563 2400 617; x_wconf 91' lang='grc' dir='ltr'><strong>Ταῦτα</strong></span> <span class='ocrx_word' id='word_1_142' title='bbox 2444 564 2537 617; x_wconf 76' lang='grc' dir='ltr'><strong>καὶ</strong></span> <span class='ocrx_word' id='word_1_143' title='bbox 2581 561 2718 632; x_wconf 76' lang='grc' dir='ltr'><strong>γυνὴ</strong></span> <span class='ocrx_word' id='word_1_144' title='bbox 2764 559 2914 631; x_wconf 82' lang='grc' dir='ltr'><strong>παρὰ</strong></span> <span class='ocrx_word' id='word_1_145' title='bbox 2946 557 3134 629; x_wconf 79' lang='grc' dir='ltr'><strong>ἀνδρὸς</strong></span> <span class='ocrx_word' id='word_1_146' title='bbox 3161 554 3494 626; x_wconf 83' lang='grc' dir='ltr'><strong>μανθανέτω.</strong></span> <span class='ocrx_word' id='word_1_147' title='bbox 3527 557 3620 608; x_wconf 71' lang='grc' dir='ltr'><strong>καὶ</strong></span> <span class='ocrx_word' id='word_1_148' title='bbox 3658 558 3791 620; x_wconf 84' lang='grc' dir='ltr'><strong>παῖς</strong></span> 
     </span>
    </p>
   </div>
   <div class='ocr_carea' id='block_1_22' title="bbox 2219 635 3791 717">
    <p class='ocr_par' dir='ltr' id='par_1_22' title="bbox 2219 635 3791 717">
     <span class='ocr_line' id='line_1_22' title="bbox 2219 635 3791 717; baseline -0.008 -18"><span class='ocrx_word' id='word_1_149' title='bbox 2219 646 2368 717; x_wconf 81' lang='grc' dir='ltr'><strong>παρὰ</strong></span> <span class='ocrx_word' id='word_1_150' title='bbox 2389 646 2611 716; x_wconf 85' lang='grc' dir='ltr'><strong>πατρὸς,</strong></span> <span class='ocrx_word' id='word_1_151' title='bbox 2639 644 2732 696; x_wconf 80' lang='grc' dir='ltr'><strong>καὶ</strong></span> <span class='ocrx_word' id='word_1_152' title='bbox 2753 641 2968 712; x_wconf 81' lang='grc' dir='ltr'><strong>οἰκέτης</strong></span> <span class='ocrx_word' id='word_1_153' title='bbox 2986 638 3135 709; x_wconf 85' lang='grc' dir='ltr'><strong>παρά</strong></span> <span class='ocrx_word' id='word_1_154' title='bbox 3153 635 3433 702; x_wconf 75' lang='grc' dir='ltr'><strong>δεσπότου,</strong></span> <span class='ocrx_word' id='word_1_155' title='bbox 3463 639 3554 690; x_wconf 71' lang='grc' dir='ltr'><strong>καὶ</strong></span> <span class='ocrx_word' id='word_1_156' title='bbox 3592 637 3791 705; x_wconf 78' lang='grc' dir='ltr'><strong>γείτων</strong></span> 
     </span>
    </p>
   </div>
   <div class='ocr_carea' id='block_1_23' title="bbox 2219 717 3794 798">
    <p class='ocr_par' dir='ltr' id='par_1_23' title="bbox 2219 717 3794 798">
     <span class='ocr_line' id='line_1_23' title="bbox 2219 717 3794 798; baseline -0.005 -17"><span class='ocrx_word' id='word_1_157' title='bbox 2219 729 2369 798; x_wconf 83' lang='grc' dir='ltr'><strong>παρὰ</strong></span> <span class='ocrx_word' id='word_1_158' title='bbox 2411 727 2659 795; x_wconf 84' lang='grc' dir='ltr'><strong>γείτονος,</strong></span> <span class='ocrx_word' id='word_1_159' title='bbox 2684 724 2776 777; x_wconf 79' lang='grc' dir='ltr'><strong>καὶ</strong></span> <span class='ocrx_word' id='word_1_160' title='bbox 2813 722 2964 791; x_wconf 86' lang='grc' dir='ltr'><strong>φίλος</strong></span> <span class='ocrx_word' id='word_1_161' title='bbox 3003 719 3154 790; x_wconf 88' lang='grc' dir='ltr'><strong>παρά</strong></span> <span class='ocrx_word' id='word_1_162' title='bbox 3199 717 3373 789; x_wconf 82' lang='grc' dir='ltr'><strong>φίλου,</strong></span> <span class='ocrx_word' id='word_1_163' title='bbox 3403 719 3598 788; x_wconf 77' lang='grc' dir='ltr'><strong>μᾶλλον</strong></span> <span class='ocrx_word' id='word_1_164' title='bbox 3619 721 3676 773; x_wconf 88' lang='grc' dir='ltr'><strong>δὲ</strong></span> <span class='ocrx_word' id='word_1_165' title='bbox 3699 719 3794 773; x_wconf 72' lang='grc' dir='ltr'><strong>καίΙ</strong></span> 
     </span>
    </p>
   </div>
   <div class='ocr_carea' id='block_1_24' title="bbox 2221 800 3794 882">
    <p class='ocr_par' dir='ltr' id='par_1_24' title="bbox 2221 800 3794 882">
     <span class='ocr_line' id='line_1_24' title="bbox 2221 800 3794 882; baseline -0.006 -18"><span class='ocrx_word' id='word_1_166' title='bbox 2221 812 2355 882; x_wconf 81' lang='grc' dir='ltr'><strong>πρὸς</strong></span> <span class='ocrx_word' id='word_1_167' title='bbox 2391 811 2515 872; x_wconf 81' lang='grc' dir='ltr'><strong>τοὺς</strong></span> <span class='ocrx_word' id='word_1_168' title='bbox 2556 807 2779 878; x_wconf 76' lang='grc' dir='ltr'><strong>ἐχθροὺς</strong></span> <span class='ocrx_word' id='word_1_169' title='bbox 2817 804 2991 857; x_wconf 85' lang='grc' dir='ltr'><strong>ταῦτα</strong></span> <span class='ocrx_word' id='word_1_170' title='bbox 3023 800 3426 870; x_wconf 75' lang='grc' dir='ltr'><strong>διαλεγώμεθαο</strong></span> <span class='ocrx_word' id='word_1_171' title='bbox 3452 803 3544 854; x_wconf 71' lang='grc' dir='ltr'><strong>καὶ</strong></span> <span class='ocrx_word' id='word_1_172' title='bbox 3562 802 3670 872; x_wconf 83' lang='grc' dir='ltr'><strong>γὰρ</strong></span> <span class='ocrx_word' id='word_1_173' title='bbox 3695 802 3794 854; x_wconf 80' lang='grc' dir='ltr'><strong>καὶ</strong></span> 
     </span>
    </p>
   </div>
   <div class='ocr_carea' id='block_1_25' title="bbox 2218 882 3795 961">
    <p class='ocr_par' dir='ltr' id='par_1_25' title="bbox 2218 882 3795 961">
     <span class='ocr_line' id='line_1_25' title="bbox 2218 882 3795 961; baseline -0.006 -16"><span class='ocrx_word' id='word_1_174' title='bbox 2218 893 2315 961; x_wconf 83' lang='grc' dir='ltr'><strong>τῆς</strong></span> <span class='ocrx_word' id='word_1_175' title='bbox 2339 891 2559 943; x_wconf 72' lang='grc' dir='ltr'><strong>ἐκείνων</strong></span> <span class='ocrx_word' id='word_1_176' title='bbox 2582 887 2850 957; x_wconf 84' lang='grc' dir='ltr'><strong>σωτηρίας</strong></span> <span class='ocrx_word' id='word_1_177' title='bbox 2875 889 3032 956; x_wconf 88' lang='grc' dir='ltr'><strong>ήμεῖς</strong></span> <span class='ocrx_word' id='word_1_178' title='bbox 3055 886 3220 955; x_wconf 71' lang='grc' dir='ltr'><strong>ἐσμεν</strong></span> <span class='ocrx_word' id='word_1_179' title='bbox 3242 882 3546 936; x_wconf 84' lang='grc' dir='ltr'><strong>ὑπεύθυνοι.</strong></span> <span class='ocrx_word' id='word_1_180' title='bbox 3578 884 3642 936; x_wconf 84' lang='grc' dir='ltr'><strong>Εἰ</strong></span> <span class='ocrx_word' id='word_1_181' title='bbox 3682 884 3795 954; x_wconf 89' lang='grc' dir='ltr'><strong>γάρ</strong></span> 
     </span>
    </p>
   </div>
   <div class='ocr_carea' id='block_1_26' title="bbox 2220 965 3796 1040">
    <p class='ocr_par' dir='ltr' id='par_1_26' title="bbox 2220 965 3796 1040">
     <span class='ocr_line' id='line_1_26' title="bbox 2220 965 3796 1040; baseline -0.006 -13"><span class='ocrx_word' id='word_1_182' title='bbox 2220 976 2314 1027; x_wconf 61' lang='grc' dir='ltr'><strong>καὶ⁸</strong></span> <span class='ocrx_word' id='word_1_183' title='bbox 2336 973 2405 1026; x_wconf 86' lang='grc' dir='ltr'><strong>τά</strong></span> <span class='ocrx_word' id='word_1_184' title='bbox 2425 972 2691 1040; x_wconf 75' lang='grc' dir='ltr'><strong>ὑποζύγια</strong></span> <span class='ocrx_word' id='word_1_185' title='bbox 2728 970 2905 1027; x_wconf 73' lang='grc' dir='ltr'><strong>αὐτῶν</strong></span> <span class='ocrx_word' id='word_1_186' title='bbox 2940 966 3262 1021; x_wconf 81' lang='grc' dir='ltr'><strong>πεπτωκότα</strong></span> <span class='ocrx_word' id='word_1_187' title='bbox 3300 965 3674 1036; x_wconf 82' lang='grc' dir='ltr'><strong>διαναστῆσαι,</strong></span> <span class='ocrx_word' id='word_1_188' title='bbox 3699 967 3796 1018; x_wconf 85' lang='grc' dir='ltr'><strong>καί</strong></span> 
     </span>
    </p>
   </div>
   <div class='ocr_carea' id='block_1_27' title="bbox 2221 1048 3796 1126">
    <p class='ocr_par' dir='ltr' id='par_1_27' title="bbox 2221 1048 3796 1126">
     <span class='ocr_line' id='line_1_27' title="bbox 2221 1048 3796 1126; baseline -0.006 -16"><span class='ocrx_word' id='word_1_189' title='bbox 2221 1056 2611 1126; x_wconf 80' lang='grc' dir='ltr'><strong>πεπλανημένα</strong></span> <span class='ocrx_word' id='word_1_190' title='bbox 2642 1055 2899 1110; x_wconf 87' lang='grc' dir='ltr'><strong>διασῶσαι</strong></span> <span class='ocrx_word' id='word_1_191' title='bbox 2924 1053 3018 1105; x_wconf 77' lang='grc' dir='ltr'><strong>καί</strong></span> <span class='ocrx_word' id='word_1_192' title='bbox 3039 1052 3398 1119; x_wconf 77' lang='grc' dir='ltr'><strong>ἐπαναγαγεῖν</strong></span> <span class='ocrx_word' id='word_1_193' title='bbox 3437 1048 3796 1119; x_wconf 86' lang='grc' dir='ltr'><strong>κελευόμεθα,</strong></span> 
     </span>
    </p>
   </div>
   <div class='ocr_carea' id='block_1_28' title="bbox 2222 1132 3800 1212">
    <p class='ocr_par' dir='ltr' id='par_1_28' title="bbox 2222 1132 3800 1212">
     <span class='ocr_line' id='line_1_28' title="bbox 2222 1132 3800 1212; baseline -0.007 -18"><span class='ocrx_word' id='word_1_194' title='bbox 2222 1140 2400 1212; x_wconf 80' lang='grc' dir='ltr'><strong>πολλῴ</strong></span> <span class='ocrx_word' id='word_1_195' title='bbox 2437 1139 2634 1210; x_wconf 80' lang='grc' dir='ltr'><strong>μᾶλλον</strong></span> <span class='ocrx_word' id='word_1_196' title='bbox 2659 1140 2754 1210; x_wconf 76' lang='grc' dir='ltr'><strong>τὴν</strong></span> <span class='ocrx_word' id='word_1_197' title='bbox 2782 1137 2956 1209; x_wconf 76' lang='grc' dir='ltr'><strong>ψυχὴν</strong></span> <span class='ocrx_word' id='word_1_198' title='bbox 2994 1133 3174 1189; x_wconf 79' lang='grc' dir='ltr'><strong>αὐτῶν</strong></span> <span class='ocrx_word' id='word_1_199' title='bbox 3206 1132 3560 1202; x_wconf 87' lang='grc' dir='ltr'><strong>πλανωμένην</strong></span> <span class='ocrx_word' id='word_1_200' title='bbox 3591 1135 3800 1185; x_wconf 78' lang='grc' dir='ltr'><strong>ἐπανα-</strong></span> 
     </span>
    </p>
   </div>
   <div class='ocr_carea' id='block_1_29' title="bbox 2223 1214 3801 1296">
    <p class='ocr_par' dir='ltr' id='par_1_29' title="bbox 2223 1214 3801 1296">
     <span class='ocr_line' id='line_1_29' title="bbox 2223 1214 3801 1296; baseline -0.008 -17"><span class='ocrx_word' id='word_1_201' title='bbox 2223 1230 2410 1296; x_wconf 86' lang='grc' dir='ltr'><strong>γαγεῖν</strong></span> <span class='ocrx_word' id='word_1_202' title='bbox 2443 1223 2568 1296; x_wconf 82' lang='grc' dir='ltr'><strong>χρὴ,</strong></span> <span class='ocrx_word' id='word_1_203' title='bbox 2602 1225 2694 1277; x_wconf 69' lang='grc' dir='ltr'><strong>καὶ</strong></span> <span class='ocrx_word' id='word_1_204' title='bbox 2721 1223 3069 1276; x_wconf 81' lang='grc' dir='ltr'><strong>πεπτωκυῖαν</strong></span> <span class='ocrx_word' id='word_1_205' title='bbox 3099 1217 3499 1286; x_wconf 81' lang='grc' dir='ltr'><strong>διανιστᾷν.“Δν</strong></span> <span class='ocrx_word' id='word_1_206' title='bbox 3540 1214 3683 1267; x_wconf 81' lang='grc' dir='ltr'><strong>οὓτω</strong></span> <span class='ocrx_word' id='word_1_207' title='bbox 3729 1214 3801 1268; x_wconf 76' lang='grc' dir='ltr'><strong>τὰ</strong></span> 
     </span>
    </p>
   </div>
   <div class='ocr_carea' id='block_1_30' title="bbox 2224 1297 3800 1371">
    <p class='ocr_par' dir='ltr' id='par_1_30' title="bbox 2224 1297 3800 1371">
     <span class='ocr_line' id='line_1_30' title="bbox 2224 1297 3800 1371; baseline -0.01 -7"><span class='ocrx_word' id='word_1_208' title='bbox 2224 1311 2344 1364; x_wconf 84' lang='grc' dir='ltr'><strong>καθ’</strong></span> <span class='ocrx_word' id='word_1_209' title='bbox 2374 1308 2596 1371; x_wconf 71' lang='grc' dir='ltr'><strong>ἑαυτοὺς</strong></span> <span class='ocrx_word' id='word_1_210' title='bbox 2626 1309 2719 1361; x_wconf 70' lang='grc' dir='ltr'><strong>καὶ</strong></span> <span class='ocrx_word' id='word_1_211' title='bbox 2743 1306 2811 1359; x_wconf 83' lang='grc' dir='ltr'><strong>τὰ</strong></span> <span class='ocrx_word' id='word_1_212' title='bbox 2831 1303 2970 1357; x_wconf 87' lang='grc' dir='ltr'><strong>κατά</strong></span> <span class='ocrx_word' id='word_1_213' title='bbox 2994 1301 3120 1365; x_wconf 78' lang='grc' dir='ltr'><strong>τοὺς</strong></span> <span class='ocrx_word' id='word_1_214' title='bbox 3152 1299 3377 1369; x_wconf 85' lang='grc' dir='ltr'><strong>πλησίον</strong></span> <span class='ocrx_word' id='word_1_215' title='bbox 3399 1297 3800 1368; x_wconf 84' lang='grc' dir='ltr'><strong>οἰκονομῶμεν,</strong></span> 
     </span>
    </p>
   </div>
   <div class='ocr_carea' id='block_1_31' title="bbox 2223 1380 3802 1464">
    <p class='ocr_par' dir='ltr' id='par_1_31' title="bbox 2223 1380 3802 1464">
     <span class='ocr_line' id='line_1_31' title="bbox 2223 1380 3802 1464; baseline -0.009 -17"><span class='ocrx_word' id='word_1_216' title='bbox 2223 1392 2564 1464; x_wconf 83' lang='grc' dir='ltr'><strong>δυνησόμεθα</strong></span> <span class='ocrx_word' id='word_1_217' title='bbox 2591 1390 2726 1459; x_wconf 88' lang='grc' dir='ltr'><strong>μετά</strong></span> <span class='ocrx_word' id='word_1_218' title='bbox 2758 1386 3068 1461; x_wconf 75' lang='grc' dir='ltr'><strong>παρρησίας</strong></span> <span class='ocrx_word' id='word_1_219' title='bbox 3100 1385 3300 1464; x_wconf 57' lang='grc' dir='ltr'><strong>στῆναι</strong></span> <span class='ocrx_word' id='word_1_220' title='bbox 3347 1381 3654 1464; x_wconf 74' lang='grc' dir='ltr'><strong>ἔμπροσθεν</strong></span> <span class='ocrx_word' id='word_1_221' title='bbox 3702 1380 3802 1433; x_wconf 80' lang='grc' dir='ltr'><strong>τοῦ</strong></span> 
     </span>
    </p>
   </div>
   <div class='ocr_carea' id='block_1_32' title="bbox 2229 1462 3801 1548">
    <p class='ocr_par' dir='ltr' id='par_1_32' title="bbox 2229 1462 3801 1548">
     <span class='ocr_line' id='line_1_32' title="bbox 2229 1462 3801 1548; baseline -0.011 -18"><span class='ocrx_word' id='word_1_222' title='bbox 2229 1462 2466 1548; x_wconf 82' lang='grc' dir='ltr'><strong>βήματος</strong></span> <span class='ocrx_word' id='word_1_223' title='bbox 2496 1473 2587 1526; x_wconf 88' lang='grc' dir='ltr'><strong>τοῦ</strong></span> <span class='ocrx_word' id='word_1_224' title='bbox 2633 1469 2888 1543; x_wconf 77' lang='grc' dir='ltr'><strong>Χριστοῦ,</strong></span> <span class='ocrx_word' id='word_1_225' title='bbox 2922 1468 3038 1539; x_wconf 80' lang='grc' dir='ltr'><strong>μεθ’</strong></span> <span class='ocrx_word' id='word_1_226' title='bbox 3066 1462 3126 1521; x_wconf 75' lang='grc' dir='ltr'><strong>οὗ</strong></span> <span class='ocrx_word' id='word_1_227' title='bbox 3150 1466 3227 1536; x_wconf 79' lang='grc' dir='ltr'><strong>τῷ</strong></span> <span class='ocrx_word' id='word_1_228' title='bbox 3255 1463 3428 1548; x_wconf 71' lang='grc' dir='ltr'><strong>Πατρὶ</strong></span> <span class='ocrx_word' id='word_1_229' title='bbox 3460 1463 3605 1526; x_wconf 80' lang='grc' dir='ltr'><strong>δόξα.</strong></span> <span class='ocrx_word' id='word_1_230' title='bbox 3628 1462 3801 1548; x_wconf 70' lang='grc' dir='ltr'><strong>τιμὴ,</strong></span> 
     </span>
    </p>
   </div>
   <div class='ocr_carea' id='block_1_33' title="bbox 2227 1545 3807 1631">
    <p class='ocr_par' dir='ltr' id='par_1_33' title="bbox 2227 1545 3807 1631">
     <span class='ocr_line' id='line_1_33' title="bbox 2227 1545 3807 1631; baseline -0.01 -18"><span class='ocrx_word' id='word_1_231' title='bbox 2227 1545 2444 1631; x_wconf 85' lang='grc' dir='ltr'><strong>κράτος,</strong></span> <span class='ocrx_word' id='word_1_232' title='bbox 2473 1558 2567 1609; x_wconf 78' lang='grc' dir='ltr'><strong>σὺν</strong></span> <span class='ocrx_word' id='word_1_233' title='bbox 2596 1556 2672 1626; x_wconf 83' lang='grc' dir='ltr'><strong>τῷ</strong></span> <span class='ocrx_word' id='word_1_234' title='bbox 2705 1553 2963 1631; x_wconf 40' lang='grc' dir='ltr'><strong>ἁγίῳ-καὶ</strong></span> <span class='ocrx_word' id='word_1_235' title='bbox 2987 1548 3234 1619; x_wconf 78' lang='grc' dir='ltr'><strong>ζωοποιῷ</strong></span> <span class='ocrx_word' id='word_1_236' title='bbox 3269 1545 3564 1631; x_wconf 87' lang='grc' dir='ltr'><strong>Πνεύματι,</strong></span> <span class='ocrx_word' id='word_1_237' title='bbox 3590 1546 3683 1598; x_wconf 88' lang='grc' dir='ltr'><strong>νῦν</strong></span> <span class='ocrx_word' id='word_1_238' title='bbox 3707 1548 3807 1598; x_wconf 77' lang='grc' dir='ltr'><strong>καὶ</strong></span> 
     </span>
    </p>
   </div>
   <div class='ocr_carea' id='block_1_34' title="bbox 2228 1622 3552 1708">
    <p class='ocr_par' dir='ltr' id='par_1_34' title="bbox 2228 1622 3552 1708">
     <span class='ocr_line' id='line_1_34' title="bbox 2228 1622 3552 1708; baseline -0.013 -11"><span class='ocrx_word' id='word_1_239' title='bbox 2228 1622 2335 1708; x_wconf 76' lang='grc' dir='ltr'><strong>ἀεὶ,</strong></span> <span class='ocrx_word' id='word_1_240' title='bbox 2372 1642 2464 1694; x_wconf 77' lang='grc' dir='ltr'><strong>καὶ</strong></span> <span class='ocrx_word' id='word_1_241' title='bbox 2493 1641 2569 1704; x_wconf 90' lang='grc' dir='ltr'><strong>εἰς</strong></span> <span class='ocrx_word' id='word_1_242' title='bbox 2600 1622 2724 1702; x_wconf 82' lang='grc' dir='ltr'><strong>τοὺς</strong></span> <span class='ocrx_word' id='word_1_243' title='bbox 2751 1622 2951 1698; x_wconf 67' lang='grc' dir='ltr'><strong>αἰῶνας</strong></span> <span class='ocrx_word' id='word_1_244' title='bbox 2975 1634 3084 1687; x_wconf 89' lang='grc' dir='ltr'><strong>τῶν</strong></span> <span class='ocrx_word' id='word_1_245' title='bbox 3115 1631 3341 1685; x_wconf 83' lang='grc' dir='ltr'><strong>αἰώνων.</strong></span> <span class='ocrx_word' id='word_1_246' title='bbox 3359 1630 3552 1698; x_wconf 81' lang='grc' dir='ltr'><strong>Ἀμήν.</strong></span> 
     </span>
    </p>
   </div>
   <div class='ocr_carea' id='block_1_35' title="bbox 2289 1807 3809 1883">
    <p class='ocr_par' dir='ltr' id='par_1_35' title="bbox 2289 1807 3809 1883">
     <span class='ocr_line' id='line_1_35' title="bbox 2289 1807 3809 1883; baseline -0.014 -4"><span class='ocrx_word' id='word_1_247' title='bbox 2289 1831 2314 1859; x_wconf 81' lang='grc'>⁸</span> <span class='ocrx_word' id='word_1_248' title='bbox 2353 1829 2460 1878; x_wconf 89' lang='lat' dir='ltr'><strong>Duo</strong></span> <span class='ocrx_word' id='word_1_249' title='bbox 2479 1838 2591 1875; x_wconf 80' lang='lat' dir='ltr'><strong>mss.</strong></span> <span class='ocrx_word' id='word_1_250' title='bbox 2615 1822 2850 1883; x_wconf 80' lang='grc' dir='ltr'><strong>διαφυγεῖν</strong></span> <span class='ocrx_word' id='word_1_251' title='bbox 2870 1820 3029 1883; x_wconf 68' lang='grc' dir='ltr'><strong>τὸντά</strong></span> <span class='ocrx_word' id='word_1_252' title='bbox 3045 1813 3244 1865; x_wconf 85' lang='grc' dir='ltr'><strong>τοιαῦτα</strong></span> <span class='ocrx_word' id='word_1_253' title='bbox 3261 1812 3580 1873; x_wconf 80' lang='grc' dir='ltr'><strong>τολμήσαντα.</strong></span> <span class='ocrx_word' id='word_1_254' title='bbox 3609 1807 3809 1858; x_wconf 74' lang='lat' dir='ltr'><strong>Utrole</strong></span> 
     </span>
    </p>
   </div>
   <div class='ocr_carea' id='block_1_36' title="bbox 568 1880 2147 1972">
    <p class='ocr_par' dir='ltr' id='par_1_36' title="bbox 568 1880 2122 1972">
     <span class='ocr_line' id='line_1_36' title="bbox 568 1880 2122 1972; baseline -0.008 -19"><span class='ocrx_word' id='word_1_255' title='bbox 568 1880 809 1972; x_wconf 67' lang='grc' dir='ltr'><strong>στηρίοις</strong></span> <span class='ocrx_word' id='word_1_256' title='bbox 841 1897 978 1970; x_wconf 85' lang='grc' dir='ltr'><strong>μετά</strong></span> <span class='ocrx_word' id='word_1_257' title='bbox 1014 1893 1245 1967; x_wconf 82' lang='grc' dir='ltr'><strong>πονηροῦ</strong></span> <span class='ocrx_word' id='word_1_258' title='bbox 1275 1890 1588 1959; x_wconf 68' lang='grc' dir='ltr'><strong>συνειδότος,</strong></span> <span class='ocrx_word' id='word_1_259' title='bbox 1624 1889 2002 1959; x_wconf 79' lang='grc' dir='ltr'><strong>ἀπεδείξαμεν,</strong></span> <span class='ocrx_word' id='word_1_260' title='bbox 2028 1888 2122 1941; x_wconf 79' lang='grc' dir='ltr'><strong>καὶ</strong></span> 
     </span>
    </p>
   </div>
   <div class='ocr_carea' id='block_1_37' title="bbox 2250 1880 3180 1972">
    <p class='ocr_par' dir='ltr' id='par_1_37' title="bbox 2250 1880 3180 1951">
     <span class='ocr_line' id='line_1_37' title="bbox 2250 1880 3180 1951; baseline -0.019 -9"><span class='ocrx_word' id='word_1_261' title='bbox 2250 1892 2366 1943; x_wconf 78' lang='lat' dir='ltr'><strong>nodo</strong></span> <span class='ocrx_word' id='word_1_262' title='bbox 2387 1888 2592 1951; x_wconf 74' lang='lat' dir='ltr'><strong>legeris,</strong></span> <span class='ocrx_word' id='word_1_263' title='bbox 2615 1880 2789 1934; x_wconf 83' lang='lat' dir='ltr'><strong>eodem</strong></span> <span class='ocrx_word' id='word_1_264' title='bbox 2811 1880 2987 1931; x_wconf 81' lang='lat' dir='ltr'><strong>recidit</strong></span> <span class='ocrx_word' id='word_1_265' title='bbox 3008 1882 3180 1928; x_wconf 79' lang='lat' dir='ltr'><strong>oratio.</strong></span> 
     </span>
    </p>
   </div>
   <div class='ocr_carea' id='block_1_38' title="bbox 572 2065 3788 2142">
    <p class='ocr_par' dir='ltr' id='par_1_38' title="bbox 572 2065 3788 2142">
     <span class='ocr_line' id='line_1_38' title="bbox 572 2065 3788 2142; baseline -0.009 -18"><span class='ocrx_word' id='word_1_266' title='bbox 572 2065 3788 2142; x_wconf 47' lang='grc' dir='ltr'><em>Μ</em></span> 
     </span>
    </p>
   </div>
   <div class='ocr_carea' id='block_1_39' title="bbox 1989 2440 2368 2505">
    <p class='ocr_par' dir='ltr' id='par_1_39' title="bbox 1989 2440 2368 2505">
     <span class='ocr_line' id='line_1_39' title="bbox 1989 2440 2368 2505; baseline -0.013 0"><span class='ocrx_word' id='word_1_267' title='bbox 1989 2440 2368 2505; x_wconf 79' lang='lat' dir='ltr'><strong>MONITUM</strong></span> 
     </span>
    </p>
   </div>
   <div class='ocr_carea' id='block_1_40' title="bbox 647 2660 3821 2761">
    <p class='ocr_par' dir='ltr' id='par_1_40' title="bbox 647 2660 3821 2761">
     <span class='ocr_line' id='line_1_40' title="bbox 647 2660 3821 2761; baseline -0.016 -1"><span class='ocrx_word' id='word_1_268' title='bbox 647 2705 726 2761; x_wconf 79' lang='lat' dir='ltr'><strong>Ad</strong></span> <span class='ocrx_word' id='word_1_269' title='bbox 756 2705 899 2759; x_wconf 86' lang='lat' dir='ltr'><strong>hanc</strong></span> <span class='ocrx_word' id='word_1_270' title='bbox 927 2701 1202 2757; x_wconf 88' lang='lat' dir='ltr'><strong>homiliam</strong></span> <span class='ocrx_word' id='word_1_271' title='bbox 1234 2701 1349 2754; x_wconf 82' lang='lat' dir='ltr'><strong>haec</strong></span> <span class='ocrx_word' id='word_1_272' title='bbox 1383 2705 1535 2753; x_wconf 85' lang='lat' dir='ltr'><strong>notat</strong></span> <span class='ocrx_word' id='word_1_273' title='bbox 1560 2693 1790 2749; x_wconf 73' lang='lat' dir='ltr'><strong>Savilius</strong></span> <span class='ocrx_word' id='word_1_274' title='bbox 1826 2711 1838 2744; x_wconf 88' lang='lat'><strong>:</strong></span> <span class='ocrx_word' id='word_1_275' title='bbox 1878 2711 1895 2742; x_wconf 74' lang='grc' dir='ltr'><strong>ι</strong></span> <span class='ocrx_word' id='word_1_276' title='bbox 1927 2689 2076 2744; x_wconf 83' lang='lat' dir='ltr'><strong>Hanc</strong></span> <span class='ocrx_word' id='word_1_277' title='bbox 2103 2684 2402 2741; x_wconf 83' lang='lat' dir='ltr'><strong>orationem</strong></span> <span class='ocrx_word' id='word_1_278' title='bbox 2433 2695 2562 2736; x_wconf 85' lang='lat' dir='ltr'><strong>sane</strong></span> <span class='ocrx_word' id='word_1_279' title='bbox 2590 2690 2850 2750; x_wconf 85' lang='lat' dir='ltr'><strong>perquam</strong></span> <span class='ocrx_word' id='word_1_280' title='bbox 2892 2672 3196 2744; x_wconf 73' lang='lat' dir='ltr'><strong>elegantem</strong></span> <span class='ocrx_word' id='word_1_281' title='bbox 3220 2674 3277 2722; x_wconf 89' lang='lat' dir='ltr'><strong>et</strong></span> <span class='ocrx_word' id='word_1_282' title='bbox 3298 2661 3526 2735; x_wconf 80' lang='grc' dir='ltr'><strong>γνησίαν</strong></span> <span class='ocrx_word' id='word_1_283' title='bbox 3547 2660 3821 2714; x_wconf 82' lang='lat' dir='ltr'><strong>debemus</strong></span> 
     </span>
    </p>
   </div>
   <div class='ocr_carea' id='block_1_41' title="bbox 579 2796 3824 2899">
    <p class='ocr_par' dir='ltr' id='par_1_41' title="bbox 579 2796 3824 2899">
     <span class='ocr_line' id='line_1_41' title="bbox 579 2796 3824 2899; baseline -0.015 -2"><span class='ocrx_word' id='word_1_284' title='bbox 579 2841 924 2899; x_wconf 68' lang='lat' dir='ltr'><strong>Bibliotheca:</strong></span> <span class='ocrx_word' id='word_1_285' title='bbox 946 2836 1294 2893; x_wconf 80' lang='lat' dir='ltr'><strong>Serenissimi</strong></span> <span class='ocrx_word' id='word_1_286' title='bbox 1324 2833 1560 2890; x_wconf 73' lang='lat' dir='ltr'><strong>Bavarize</strong></span> <span class='ocrx_word' id='word_1_287' title='bbox 1591 2830 1752 2886; x_wconf 85' lang='lat' dir='ltr'><strong>Ducis</strong></span> <span class='ocrx_word' id='word_1_288' title='bbox 1792 2851 1803 2885; x_wconf 89' lang='lat'>:</span> <span class='ocrx_word' id='word_1_289' title='bbox 1836 2843 1944 2898; x_wconf 87' lang='lat' dir='ltr'><strong>quo</strong></span> <span class='ocrx_word' id='word_1_290' title='bbox 1975 2824 2265 2881; x_wconf 85' lang='lat' dir='ltr'><strong>dolendum</strong></span> <span class='ocrx_word' id='word_1_291' title='bbox 2294 2819 2464 2890; x_wconf 74' lang='lat' dir='ltr'><strong>magis</strong></span> <span class='ocrx_word' id='word_1_292' title='bbox 2485 2817 2703 2872; x_wconf 87' lang='lat' dir='ltr'><strong>unicum</strong></span> <span class='ocrx_word' id='word_1_293' title='bbox 2729 2811 2887 2868; x_wconf 84' lang='lat' dir='ltr'><strong>nobis</strong></span> <span class='ocrx_word' id='word_1_294' title='bbox 2912 2811 3031 2880; x_wconf 84' lang='lat' dir='ltr'><strong>ejus</strong></span> <span class='ocrx_word' id='word_1_295' title='bbox 3059 2804 3318 2876; x_wconf 75' lang='lat' dir='ltr'><strong>obtigisse</strong></span> <span class='ocrx_word' id='word_1_296' title='bbox 3349 2797 3652 2869; x_wconf 77' lang='lat' dir='ltr'><strong>exemplar,</strong></span> <span class='ocrx_word' id='word_1_297' title='bbox 3675 2796 3824 2868; x_wconf 85' lang='lat' dir='ltr'><strong>quod</strong></span> 
     </span>
    </p>
   </div>
   <div class='ocr_carea' id='block_1_42' title="bbox 582 2932 3824 3045">
    <p class='ocr_par' dir='ltr' id='par_1_42' title="bbox 582 2932 3824 3045">
     <span class='ocr_line' id='line_1_42' title="bbox 582 2932 3824 3045; baseline -0.017 -6"><span class='ocrx_word' id='word_1_298' title='bbox 582 2996 762 3042; x_wconf 73' lang='lat' dir='ltr'><strong>tamen</strong></span> <span class='ocrx_word' id='word_1_299' title='bbox 799 2981 903 3036; x_wconf 82' lang='lat' dir='ltr'><strong>tale</strong></span> <span class='ocrx_word' id='word_1_300' title='bbox 935 2976 1056 3042; x_wconf 81' lang='lat' dir='ltr'><strong>fuit,</strong></span> <span class='ocrx_word' id='word_1_301' title='bbox 1105 2985 1165 3030; x_wconf 93' lang='lat' dir='ltr'><strong>ut</strong></span> <span class='ocrx_word' id='word_1_302' title='bbox 1201 2988 1371 3045; x_wconf 81' lang='lat' dir='ltr'><strong>pauca</strong></span> <span class='ocrx_word' id='word_1_303' title='bbox 1400 2969 1690 3026; x_wconf 84' lang='lat' dir='ltr'><strong>admodum</strong></span> <span class='ocrx_word' id='word_1_304' title='bbox 1735 2965 2010 3037; x_wconf 86' lang='lat' dir='ltr'><strong>supersint</strong></span> <span class='ocrx_word' id='word_1_305' title='bbox 2050 2958 2408 3024; x_wconf 85' lang='lat' dir='ltr'><strong>emendanda,</strong></span> <span class='ocrx_word' id='word_1_306' title='bbox 2443 2964 2638 3027; x_wconf 62' lang='lat' dir='ltr'><strong>praeter</strong></span> <span class='ocrx_word' id='word_1_307' title='bbox 2670 2965 2832 3007; x_wconf 84' lang='lat' dir='ltr'><strong>unam</strong></span> <span class='ocrx_word' id='word_1_308' title='bbox 2870 2955 2964 3002; x_wconf 89' lang='lat' dir='ltr'><strong>aut</strong></span> <span class='ocrx_word' id='word_1_309' title='bbox 2991 2946 3216 3000; x_wconf 80' lang='lat' dir='ltr'><strong>alteram</strong></span> <span class='ocrx_word' id='word_1_310' title='bbox 3250 2938 3578 2996; x_wconf 87' lang='lat' dir='ltr'><strong>lacunulam.</strong></span> <span class='ocrx_word' id='word_1_311' title='bbox 3623 2954 3642 2986; x_wconf 76' lang='grc' dir='ltr'><strong>ι</strong></span> <span class='ocrx_word' id='word_1_312' title='bbox 3680 2932 3824 2986; x_wconf 82' lang='lat' dir='ltr'><strong>Loca</strong></span> 
     </span>
    </p>
   </div>
   <div class='ocr_carea' id='block_1_43' title="bbox 579 3088 2952 3187">
    <p class='ocr_par' dir='ltr' id='par_1_43' title="bbox 579 3088 2952 3187">
     <span class='ocr_line' id='line_1_43' title="bbox 579 3088 2952 3187; baseline -0.015 -12"><span class='ocrx_word' id='word_1_313' title='bbox 579 3135 708 3177; x_wconf 82' lang='lat' dir='ltr'><strong>vero</strong></span> <span class='ocrx_word' id='word_1_314' title='bbox 739 3119 850 3185; x_wconf 87' lang='lat' dir='ltr'><strong>illa,</strong></span> <span class='ocrx_word' id='word_1_315' title='bbox 884 3131 1004 3187; x_wconf 78' lang='lat' dir='ltr'><strong>quae</strong></span> <span class='ocrx_word' id='word_1_316' title='bbox 1030 3115 1220 3170; x_wconf 81' lang='lat' dir='ltr'><strong>vitium</strong></span> <span class='ocrx_word' id='word_1_317' title='bbox 1258 3110 1641 3183; x_wconf 75' lang='lat' dir='ltr'><strong>praeferebant,</strong></span> <span class='ocrx_word' id='word_1_318' title='bbox 1663 3117 1956 3174; x_wconf 84' lang='lat' dir='ltr'><strong>utcumque</strong></span> <span class='ocrx_word' id='word_1_319' title='bbox 1979 3101 2370 3172; x_wconf 79' lang='lat' dir='ltr'><strong>supplevimus,</strong></span> <span class='ocrx_word' id='word_1_320' title='bbox 2398 3104 2458 3149; x_wconf 89' lang='lat' dir='ltr'><strong>ut</strong></span> <span class='ocrx_word' id='word_1_321' title='bbox 2477 3094 2532 3147; x_wconf 86' lang='lat' dir='ltr'><strong>in</strong></span> <span class='ocrx_word' id='word_1_322' title='bbox 2554 3091 2697 3147; x_wconf 88' lang='lat' dir='ltr'><strong>notis</strong></span> <span class='ocrx_word' id='word_1_323' title='bbox 2718 3088 2952 3144; x_wconf 84' lang='lat' dir='ltr'><strong>videbis.</strong></span> 
     </span>
    </p>
   </div>
   <div class='ocr_carea' id='block_1_44' title="bbox 1264 3720 3142 3811">
    <p class='ocr_par' dir='ltr' id='par_1_44' title="bbox 1264 3720 3142 3811">
     <span class='ocr_line' id='line_1_44' title="bbox 1264 3720 3142 3811; baseline -0.002 -2"><span class='ocrx_word' id='word_1_324' title='bbox 1264 3720 1411 3793; x_wconf 64' lang='grc' dir='ltr'><strong>[ηε]</strong></span> <span class='ocrx_word' id='word_1_325' title='bbox 1486 3727 1654 3811; x_wconf 89' lang='grc' dir='ltr'><strong>ΕΙΣ</strong></span> <span class='ocrx_word' id='word_1_326' title='bbox 1724 3726 1954 3808; x_wconf 88' lang='grc' dir='ltr'><strong>ΤΗΝ</strong></span> <span class='ocrx_word' id='word_1_327' title='bbox 2026 3722 2759 3807; x_wconf 82' lang='grc' dir='ltr'><strong>ΠΡΟΦΗΤΙΚΗΝ</strong></span> <span class='ocrx_word' id='word_1_328' title='bbox 2829 3720 3142 3808; x_wconf 89' lang='grc' dir='ltr'><strong>ΡΗΣΙΝ</strong></span> 
     </span>
    </p>
   </div>
   <div class='ocr_carea' id='block_1_45' title="bbox 671 3901 3751 3989">
    <p class='ocr_par' dir='ltr' id='par_1_45' title="bbox 671 3901 3751 3989">
     <span class='ocr_line' id='line_1_45' title="bbox 671 3901 3751 3989; baseline -0.006 -16"><span class='ocrx_word' id='word_1_329' title='bbox 671 3916 1110 3989; x_wconf 62' lang='grc' dir='ltr'><strong>προλέγουσαν</strong></span> <span class='ocrx_word' id='word_1_330' title='bbox 1128 3932 1141 3944; x_wconf 73' lang='grc' dir='ltr'><strong>ο</strong></span> <span class='ocrx_word' id='word_1_331' title='bbox 1176 3935 1196 3967; x_wconf 76' lang='grc' dir='ltr'><strong>ι</strong></span> <span class='ocrx_word' id='word_1_332' title='bbox 1217 3915 1355 3986; x_wconf 71' lang='grc' dir='ltr'><strong>Ἐγὼ</strong></span> <span class='ocrx_word' id='word_1_333' title='bbox 1375 3918 1585 3985; x_wconf 80' lang='grc' dir='ltr'><strong>Κύριος</strong></span> <span class='ocrx_word' id='word_1_334' title='bbox 1613 3916 1643 3967; x_wconf 84' lang='grc' dir='ltr'><strong>ό</strong></span> <span class='ocrx_word' id='word_1_335' title='bbox 1673 3914 1815 3977; x_wconf 82' lang='grc' dir='ltr'><strong>Θεὸς</strong></span> <span class='ocrx_word' id='word_1_336' title='bbox 1837 3913 2096 3978; x_wconf 82' lang='grc' dir='ltr'><strong>ἐποίησα</strong></span> <span class='ocrx_word' id='word_1_337' title='bbox 2132 3906 2256 3977; x_wconf 69' lang='grc' dir='ltr'><strong>φῶς</strong></span> <span class='ocrx_word' id='word_1_338' title='bbox 2278 3908 2374 3960; x_wconf 75' lang='grc' dir='ltr'><strong>καὶ</strong></span> <span class='ocrx_word' id='word_1_339' title='bbox 2405 3909 2640 3970; x_wconf 80' lang='grc' dir='ltr'><strong>σκότος,</strong></span> <span class='ocrx_word' id='word_1_340' title='bbox 2671 3906 2857 3959; x_wconf 75' lang='grc' dir='ltr'><strong>ποιῶν</strong></span> <span class='ocrx_word' id='word_1_341' title='bbox 2875 3904 3137 3973; x_wconf 74' lang='grc' dir='ltr'><strong>εἰρήνην,</strong></span> <span class='ocrx_word' id='word_1_342' title='bbox 3166 3904 3264 3958; x_wconf 79' lang='grc' dir='ltr'><strong>καί</strong></span> <span class='ocrx_word' id='word_1_343' title='bbox 3291 3901 3496 3964; x_wconf 79' lang='grc' dir='ltr'><strong>κτίζων</strong></span> <span class='ocrx_word' id='word_1_344' title='bbox 3524 3904 3698 3957; x_wconf 76' lang='grc' dir='ltr'><strong>κακά.</strong></span> <span class='ocrx_word' id='word_1_345' title='bbox 3728 3916 3751 3953; x_wconf 73' lang='grc' dir='ltr'><strong>ι</strong></span> 
     </span>
    </p>
   </div>
   <div class='ocr_carea' id='block_1_46' title="bbox 670 4238 2164 4309">
    <p class='ocr_par' dir='ltr' id='par_1_46' title="bbox 670 4238 2164 4309">
     <span class='ocr_line' id='line_1_46' title="bbox 670 4238 2164 4309; baseline -0.003 -14"><span class='ocrx_word' id='word_1_346' title='bbox 670 4253 740 4300; x_wconf 85' lang='grc' dir='ltr'><strong>α’.</strong></span> <span class='ocrx_word' id='word_1_347' title='bbox 777 4241 955 4307; x_wconf 87' lang='grc' dir='ltr'><strong>Ὀλίγα</strong></span> <span class='ocrx_word' id='word_1_348' title='bbox 987 4238 1083 4309; x_wconf 79' lang='grc' dir='ltr'><strong>μὲν</strong></span> <span class='ocrx_word' id='word_1_349' title='bbox 1111 4238 1181 4290; x_wconf 82' lang='grc' dir='ltr'><strong>τὰ</strong></span> <span class='ocrx_word' id='word_1_350' title='bbox 1207 4238 1486 4308; x_wconf 80' lang='grc' dir='ltr'><strong>εἰρημένα,</strong></span> <span class='ocrx_word' id='word_1_351' title='bbox 1517 4239 1738 4307; x_wconf 85' lang='grc' dir='ltr'><strong>γλυκεῖα</strong></span> <span class='ocrx_word' id='word_1_352' title='bbox 1762 4239 1818 4290; x_wconf 84' lang='grc' dir='ltr'><strong>δὲ</strong></span> <span class='ocrx_word' id='word_1_353' title='bbox 1838 4239 1930 4290; x_wconf 90' lang='grc' dir='ltr'><strong>τοῦ</strong></span> <span class='ocrx_word' id='word_1_354' title='bbox 1955 4239 2164 4308; x_wconf 87' lang='grc' dir='ltr'><strong>μέλιτος</strong></span> 
     </span>
    </p>
   </div>
   <div class='ocr_carea' id='block_1_47' title="bbox 600 4319 2165 4400">
    <p class='ocr_par' dir='ltr' id='par_1_47' title="bbox 600 4319 2165 4400">
     <span class='ocr_line' id='line_1_47' title="bbox 600 4319 2165 4400; baseline -0.002 -24"><span class='ocrx_word' id='word_1_355' title='bbox 600 4331 636 4400; x_wconf 68' lang='grc' dir='ltr'><strong>ἡ</strong></span> <span class='ocrx_word' id='word_1_356' title='bbox 665 4327 833 4396; x_wconf 78' lang='grc' dir='ltr'><strong>πηγὴ,</strong></span> <span class='ocrx_word' id='word_1_357' title='bbox 867 4323 1073 4394; x_wconf 82' lang='grc' dir='ltr'><strong>μέλιτος</strong></span> <span class='ocrx_word' id='word_1_358' title='bbox 1102 4319 1258 4389; x_wconf 89' lang='grc' dir='ltr'><strong>κόρον</strong></span> <span class='ocrx_word' id='word_1_359' title='bbox 1280 4321 1376 4371; x_wconf 86' lang='grc' dir='ltr'><strong>ούκ</strong></span> <span class='ocrx_word' id='word_1_360' title='bbox 1399 4321 1629 4390; x_wconf 84' lang='grc' dir='ltr'><strong>ἔχοντος.</strong></span> <span class='ocrx_word' id='word_1_361' title='bbox 1667 4320 1834 4372; x_wconf 87' lang='grc' dir='ltr'><strong>Τοῦτο</strong></span> <span class='ocrx_word' id='word_1_362' title='bbox 1865 4321 1960 4386; x_wconf 84' lang='grc' dir='ltr'><strong>μὲν</strong></span> <span class='ocrx_word' id='word_1_363' title='bbox 1981 4321 2086 4391; x_wconf 85' lang='grc' dir='ltr'><strong>γὰρ</strong></span> <span class='ocrx_word' id='word_1_364' title='bbox 2105 4322 2165 4373; x_wconf 83' lang='grc' dir='ltr'><strong>τὸ</strong></span> 
     </span>
    </p>
   </div>
   <div class='ocr_carea' id='block_1_48' title="bbox 605 4403 2162 4479">
    <p class='ocr_par' dir='ltr' id='par_1_48' title="bbox 605 4403 2162 4479">
     <span class='ocr_line' id='line_1_48' title="bbox 605 4403 2162 4479; baseline -0.008 -14"><span class='ocrx_word' id='word_1_365' title='bbox 605 4409 858 4479; x_wconf 79' lang='grc' dir='ltr'><strong>αἰσθητὸν</strong></span> <span class='ocrx_word' id='word_1_366' title='bbox 905 4405 1024 4476; x_wconf 84' lang='grc' dir='ltr'><strong>μέλι</strong></span> <span class='ocrx_word' id='word_1_367' title='bbox 1062 4406 1118 4457; x_wconf 84' lang='grc' dir='ltr'><strong>ὲν</strong></span> <span class='ocrx_word' id='word_1_368' title='bbox 1164 4409 1228 4474; x_wconf 81' lang='grc' dir='ltr'><strong>τῇ</strong></span> <span class='ocrx_word' id='word_1_369' title='bbox 1281 4403 1491 4473; x_wconf 80' lang='grc' dir='ltr'><strong>γλώττῃ</strong></span> <span class='ocrx_word' id='word_1_370' title='bbox 1535 4403 1787 4457; x_wconf 84' lang='grc' dir='ltr'><strong>καταλύει</strong></span> <span class='ocrx_word' id='word_1_371' title='bbox 1817 4404 1916 4472; x_wconf 81' lang='grc' dir='ltr'><strong>τὴν</strong></span> <span class='ocrx_word' id='word_1_372' title='bbox 1949 4403 2162 4472; x_wconf 86' lang='grc' dir='ltr'><strong>ήδονὴν,</strong></span> 
     </span>
    </p>
   </div>
   <div class='ocr_carea' id='block_1_49' title="bbox 607 4485 2166 4558">
    <p class='ocr_par' dir='ltr' id='par_1_49' title="bbox 607 4485 2166 4558">
     <span class='ocr_line' id='line_1_49' title="bbox 607 4485 2166 4558; baseline -0.005 -14"><span class='ocrx_word' id='word_1_373' title='bbox 607 4493 702 4546; x_wconf 70' lang='grc' dir='ltr'><strong>καὶ</strong></span> <span class='ocrx_word' id='word_1_374' title='bbox 728 4493 806 4553; x_wconf 86' lang='grc' dir='ltr'><strong>εἰς</strong></span> <span class='ocrx_word' id='word_1_375' title='bbox 847 4489 1048 4558; x_wconf 79' lang='grc' dir='ltr'><strong>φθορὰν</strong></span> <span class='ocrx_word' id='word_1_376' title='bbox 1092 4490 1283 4558; x_wconf 87' lang='grc' dir='ltr'><strong>χωρεῖ·</strong></span> <span class='ocrx_word' id='word_1_377' title='bbox 1327 4487 1387 4538; x_wconf 81' lang='grc' dir='ltr'><strong>τὸ</strong></span> <span class='ocrx_word' id='word_1_378' title='bbox 1426 4487 1481 4538; x_wconf 74' lang='grc' dir='ltr'><strong>δὲ</strong></span> <span class='ocrx_word' id='word_1_379' title='bbox 1525 4487 1622 4555; x_wconf 88' lang='grc' dir='ltr'><strong>τῆς</strong></span> <span class='ocrx_word' id='word_1_380' title='bbox 1662 4485 2004 4547; x_wconf 87' lang='grc' dir='ltr'><strong>διδασκαλίας</strong></span> <span class='ocrx_word' id='word_1_381' title='bbox 2045 4485 2166 4555; x_wconf 84' lang='grc' dir='ltr'><strong>μέλι</strong></span> 
     </span>
    </p>
   </div>
   <div class='ocr_carea' id='block_1_50' title="bbox 609 4568 2166 4642">
    <p class='ocr_par' dir='ltr' id='par_1_50' title="bbox 609 4568 2166 4642">
     <span class='ocr_line' id='line_1_50' title="bbox 609 4568 2166 4642; baseline -0.004 -17"><span class='ocrx_word' id='word_1_382' title='bbox 609 4573 919 4642; x_wconf 76' lang='grc' dir='ltr'><strong>ὲγκεύθεται</strong></span> <span class='ocrx_word' id='word_1_383' title='bbox 969 4570 1044 4640; x_wconf 80' lang='grc' dir='ltr'><strong>τῷ</strong></span> <span class='ocrx_word' id='word_1_384' title='bbox 1099 4570 1374 4632; x_wconf 84' lang='grc' dir='ltr'><strong>συνειδότι,</strong></span> <span class='ocrx_word' id='word_1_385' title='bbox 1432 4568 1651 4638; x_wconf 84' lang='grc' dir='ltr'><strong>διηνεκῆ</strong></span> <span class='ocrx_word' id='word_1_386' title='bbox 1691 4568 1786 4638; x_wconf 86' lang='grc' dir='ltr'><strong>τὴν</strong></span> <span class='ocrx_word' id='word_1_387' title='bbox 1834 4568 2166 4638; x_wconf 83' lang='grc' dir='ltr'><strong>εὐφροσύνην</strong></span> 
     </span>
    </p>
   </div>
   <div class='ocr_carea' id='block_1_51' title="bbox 609 4649 2162 4725">
    <p class='ocr_par' dir='ltr' id='par_1_51' title="bbox 609 4649 2162 4725">
     <span class='ocr_line' id='line_1_51' title="bbox 609 4649 2162 4725; baseline -0.004 -17"><span class='ocrx_word' id='word_1_388' title='bbox 609 4654 911 4725; x_wconf 77' lang='grc' dir='ltr'><strong>παρασχὸν,</strong></span> <span class='ocrx_word' id='word_1_389' title='bbox 959 4655 1051 4705; x_wconf 71' lang='grc' dir='ltr'><strong>καὶ</strong></span> <span class='ocrx_word' id='word_1_390' title='bbox 1084 4653 1216 4721; x_wconf 78' lang='grc' dir='ltr'><strong>πρδς</strong></span> <span class='ocrx_word' id='word_1_391' title='bbox 1268 4652 1571 4722; x_wconf 72' lang='grc' dir='ltr'><strong>ἀφθαρσίαν</strong></span> <span class='ocrx_word' id='word_1_392' title='bbox 1601 4653 1747 4720; x_wconf 78' lang='grc' dir='ltr'><strong>ἡμᾶς</strong></span> <span class='ocrx_word' id='word_1_393' title='bbox 1777 4649 2162 4720; x_wconf 86' lang='grc' dir='ltr'><strong>χειραγωγοῦν.</strong></span> 
     </span>
    </p>
   </div>
   <div class='ocr_carea' id='block_1_52' title="bbox 609 4732 2169 4805">
    <p class='ocr_par' dir='ltr' id='par_1_52' title="bbox 609 4732 2169 4805">
     <span class='ocr_line' id='line_1_52' title="bbox 609 4732 2169 4805; baseline -0.004 -14"><span class='ocrx_word' id='word_1_394' title='bbox 609 4739 717 4792; x_wconf 76' lang='grc' dir='ltr'><strong>Καὶ</strong></span> <span class='ocrx_word' id='word_1_395' title='bbox 753 4737 812 4788; x_wconf 85' lang='grc' dir='ltr'><strong>τὸ</strong></span> <span class='ocrx_word' id='word_1_396' title='bbox 853 4736 946 4805; x_wconf 85' lang='grc' dir='ltr'><strong>μὲν</strong></span> <span class='ocrx_word' id='word_1_397' title='bbox 985 4735 1090 4786; x_wconf 78' lang='grc' dir='ltr'><strong>ἀπὸ</strong></span> <span class='ocrx_word' id='word_1_398' title='bbox 1133 4734 1366 4802; x_wconf 79' lang='grc' dir='ltr'><strong>βοτανῶν</strong></span> <span class='ocrx_word' id='word_1_399' title='bbox 1404 4733 1724 4794; x_wconf 82' lang='grc' dir='ltr'><strong>συντίθεται,</strong></span> <span class='ocrx_word' id='word_1_400' title='bbox 1755 4733 1815 4786; x_wconf 83' lang='grc' dir='ltr'><strong>τὸ</strong></span> <span class='ocrx_word' id='word_1_401' title='bbox 1840 4733 1892 4784; x_wconf 84' lang='grc' dir='ltr'><strong>δὲ</strong></span> <span class='ocrx_word' id='word_1_402' title='bbox 1928 4733 2035 4785; x_wconf 79' lang='grc' dir='ltr'><strong>ἀπὸ</strong></span> <span class='ocrx_word' id='word_1_403' title='bbox 2062 4732 2169 4784; x_wconf 88' lang='grc' dir='ltr'><strong>τῶν</strong></span> 
     </span>
    </p>
   </div>
   <div class='ocr_carea' id='block_1_53' title="bbox 611 4815 2170 4888">
    <p class='ocr_par' dir='ltr' id='par_1_53' title="bbox 611 4815 2170 4888">
     <span class='ocr_line' id='line_1_53' title="bbox 611 4815 2170 4888; baseline -0.005 -15"><span class='ocrx_word' id='word_1_404' title='bbox 611 4821 768 4874; x_wconf 83' lang='grc' dir='ltr'><strong>θείων</strong></span> <span class='ocrx_word' id='word_1_405' title='bbox 802 4816 1027 4888; x_wconf 87' lang='grc' dir='ltr'><strong>Γραφῶν</strong></span> <span class='ocrx_word' id='word_1_406' title='bbox 1068 4817 1369 4884; x_wconf 82' lang='grc' dir='ltr'><strong>ὑφαίνεται.</strong></span> <span class='ocrx_word' id='word_1_407' title='bbox 1419 4815 1588 4868; x_wconf 87' lang='grc' dir='ltr'><strong>Τοῦτο</strong></span> <span class='ocrx_word' id='word_1_408' title='bbox 1633 4817 1867 4885; x_wconf 85' lang='grc' dir='ltr'><strong>σήμερον</strong></span> <span class='ocrx_word' id='word_1_409' title='bbox 1900 4817 2040 4884; x_wconf 80' lang='grc' dir='ltr'><strong>ὑμᾶς</strong></span> <span class='ocrx_word' id='word_1_410' title='bbox 2087 4818 2170 4868; x_wconf 58' lang='grc' dir='ltr'><strong>ὲν.</strong></span> 
     </span>
    </p>
   </div>
   <div class='ocr_carea' id='block_1_54' title="bbox 612 4897 2172 4972">
    <p class='ocr_par' dir='ltr' id='par_1_54' title="bbox 612 4897 2172 4972">
     <span class='ocr_line' id='line_1_54' title="bbox 612 4897 2172 4972; baseline -0.003 -16"><span class='ocrx_word' id='word_1_411' title='bbox 612 4905 842 4972; x_wconf 80' lang='grc' dir='ltr'><strong>ἐπλησεν</strong></span> <span class='ocrx_word' id='word_1_412' title='bbox 874 4903 900 4952; x_wconf 89' lang='grc' dir='ltr'>ὁ</span> <span class='ocrx_word' id='word_1_413' title='bbox 935 4898 1110 4961; x_wconf 88' lang='grc' dir='ltr'><strong>καλῶς</strong></span> <span class='ocrx_word' id='word_1_414' title='bbox 1137 4897 1394 4968; x_wconf 85' lang='grc' dir='ltr'><strong>εἰρηκὼς,</strong></span> <span class='ocrx_word' id='word_1_415' title='bbox 1424 4898 1517 4950; x_wconf 80' lang='grc' dir='ltr'><strong>καί</strong></span> <span class='ocrx_word' id='word_1_416' title='bbox 1546 4898 1643 4966; x_wconf 85' lang='grc' dir='ltr'><strong>τῆς</strong></span> <span class='ocrx_word' id='word_1_417' title='bbox 1671 4897 1917 4966; x_wconf 80' lang='grc' dir='ltr'><strong>ὑπακοῆς</strong></span> <span class='ocrx_word' id='word_1_418' title='bbox 1953 4899 2011 4950; x_wconf 83' lang='grc' dir='ltr'><strong>τὸ</strong></span> <span class='ocrx_word' id='word_1_419' title='bbox 2043 4899 2172 4969; x_wconf 78' lang='grc' dir='ltr'><strong>βραο</strong></span> 
     </span>
    </p>
   </div>
   <div class='ocr_carea' id='block_1_55' title="bbox 613 4979 2170 5054">
    <p class='ocr_par' dir='ltr' id='par_1_55' title="bbox 613 4979 2170 5054">
     <span class='ocr_line' id='line_1_55' title="bbox 613 4979 2170 5054; baseline -0.004 -16"><span class='ocrx_word' id='word_1_420' title='bbox 613 4987 755 5038; x_wconf 78' lang='grc' dir='ltr'><strong>σεῖον</strong></span> <span class='ocrx_word' id='word_1_421' title='bbox 792 4985 1026 5054; x_wconf 77' lang='grc' dir='ltr'><strong>ἥρπασε,</strong></span> <span class='ocrx_word' id='word_1_422' title='bbox 1061 4981 1154 5033; x_wconf 76' lang='grc' dir='ltr'><strong>καί</strong></span> <span class='ocrx_word' id='word_1_423' title='bbox 1196 4980 1294 5048; x_wconf 89' lang='grc' dir='ltr'><strong>τῆς</strong></span> <span class='ocrx_word' id='word_1_424' title='bbox 1336 4979 1554 5048; x_wconf 84' lang='grc' dir='ltr'><strong>ἀγάπης</strong></span> <span class='ocrx_word' id='word_1_425' title='bbox 1607 4979 1703 5048; x_wconf 79' lang='grc' dir='ltr'><strong>τὴν</strong></span> <span class='ocrx_word' id='word_1_426' title='bbox 1740 4981 1890 5048; x_wconf 82' lang='grc' dir='ltr'><strong>ἰσχὺν</strong></span> <span class='ocrx_word' id='word_1_427' title='bbox 1931 4982 2170 5045; x_wconf 77' lang='grc' dir='ltr'><strong>ὑπέδειξε</strong></span> 
     </span>
    </p>
   </div>
   <div class='ocr_carea' id='block_1_56' title="bbox 614 5060 2173 5134">
    <p class='ocr_par' dir='ltr' id='par_1_56' title="bbox 614 5060 2173 5134">
     <span class='ocr_line' id='line_1_56' title="bbox 614 5060 2173 5134; baseline -0.004 -14"><span class='ocrx_word' id='word_1_428' title='bbox 614 5069 708 5120; x_wconf 70' lang='grc' dir='ltr'><strong>καὶ</strong></span> <span class='ocrx_word' id='word_1_429' title='bbox 730 5067 827 5134; x_wconf 88' lang='grc' dir='ltr'><strong>τῆς</strong></span> <span class='ocrx_word' id='word_1_430' title='bbox 857 5065 1086 5123; x_wconf 74' lang='grc' dir='ltr'><strong>πίστεως</strong></span> <span class='ocrx_word' id='word_1_431' title='bbox 1126 5063 1222 5133; x_wconf 83' lang='grc' dir='ltr'><strong>τὴν</strong></span> <span class='ocrx_word' id='word_1_432' title='bbox 1268 5061 1559 5128; x_wconf 78' lang='grc' dir='ltr'><strong>εὐγένειαν.</strong></span> <span class='ocrx_word' id='word_1_433' title='bbox 1612 5060 1746 5130; x_wconf 86' lang='grc' dir='ltr'><strong>Φέρε</strong></span> <span class='ocrx_word' id='word_1_434' title='bbox 1798 5061 1860 5130; x_wconf 82' lang='grc' dir='ltr'><strong>δὴ</strong></span> <span class='ocrx_word' id='word_1_435' title='bbox 1893 5062 1985 5114; x_wconf 72' lang='grc' dir='ltr'><strong>καὶ</strong></span> <span class='ocrx_word' id='word_1_436' title='bbox 2015 5064 2173 5132; x_wconf 82' lang='grc' dir='ltr'><strong>ἡμεῖς</strong></span> 
     </span>
    </p>
   </div>
   <div class='ocr_carea' id='block_1_57' title="bbox 615 5142 2174 5218">
    <p class='ocr_par' dir='ltr' id='par_1_57' title="bbox 615 5142 2174 5218">
     <span class='ocr_line' id='line_1_57' title="bbox 615 5142 2174 5218; baseline -0.003 -18"><span class='ocrx_word' id='word_1_437' title='bbox 615 5150 710 5218; x_wconf 83' lang='grc' dir='ltr'><strong>τὴν</strong></span> <span class='ocrx_word' id='word_1_438' title='bbox 743 5148 992 5200; x_wconf 84' lang='grc' dir='ltr'><strong>εἰωθυῖαν</strong></span> <span class='ocrx_word' id='word_1_439' title='bbox 1024 5145 1180 5197; x_wconf 81' lang='grc' dir='ltr'><strong>πάλιν</strong></span> <span class='ocrx_word' id='word_1_440' title='bbox 1215 5145 1340 5214; x_wconf 84' lang='grc' dir='ltr'><strong>ὑμῖν</strong></span> <span class='ocrx_word' id='word_1_441' title='bbox 1378 5142 1705 5214; x_wconf 82' lang='grc' dir='ltr'><strong>παραϐῶμεν</strong></span> <span class='ocrx_word' id='word_1_442' title='bbox 1729 5143 2001 5212; x_wconf 77' lang='grc' dir='ltr'><strong>τράπεζαν</strong></span> <span class='ocrx_word' id='word_1_443' title='bbox 2037 5144 2174 5213; x_wconf 86' lang='grc' dir='ltr'><strong>μετά</strong></span> 
     </span>
    </p>
   </div>
   <div class='ocr_carea' id='block_1_58' title="bbox 620 5225 2173 5298">
    <p class='ocr_par' dir='ltr' id='par_1_58' title="bbox 620 5225 2173 5298">
     <span class='ocr_line' id='line_1_58' title="bbox 620 5225 2173 5298; baseline -0.003 -16"><span class='ocrx_word' id='word_1_444' title='bbox 620 5229 815 5297; x_wconf 85' lang='grc' dir='ltr'><strong>πολλῆς</strong></span> <span class='ocrx_word' id='word_1_445' title='bbox 839 5229 934 5296; x_wconf 87' lang='grc' dir='ltr'><strong>τῆς</strong></span> <span class='ocrx_word' id='word_1_446' title='bbox 963 5229 1262 5298; x_wconf 83' lang='grc' dir='ltr'><strong>προθυμίας</strong></span> <span class='ocrx_word' id='word_1_447' title='bbox 1279 5243 1291 5256; x_wconf 75' lang='grc'><em>’</em></span> <span class='ocrx_word' id='word_1_448' title='bbox 1325 5228 1416 5278; x_wconf 71' lang='grc' dir='ltr'><strong>καὶ</strong></span> <span class='ocrx_word' id='word_1_449' title='bbox 1441 5226 1546 5294; x_wconf 83' lang='grc' dir='ltr'><strong>γὰρ</strong></span> <span class='ocrx_word' id='word_1_450' title='bbox 1569 5225 1769 5293; x_wconf 88' lang='grc' dir='ltr'><strong>σφόδρα</strong></span> <span class='ocrx_word' id='word_1_451' title='bbox 1793 5226 2071 5294; x_wconf 81' lang='grc' dir='ltr'><strong>χαίρομεν,</strong></span> <span class='ocrx_word' id='word_1_452' title='bbox 2095 5227 2173 5278; x_wconf 76' lang='grc' dir='ltr'><strong>ὅτι</strong></span> 
     </span>
    </p>
   </div>
   <div class='ocr_carea' id='block_1_59' title="bbox 620 5307 2176 5380">
    <p class='ocr_par' dir='ltr' id='par_1_59' title="bbox 620 5307 2176 5380">
     <span class='ocr_line' id='line_1_59' title="bbox 620 5307 2176 5380; baseline 0 -21"><span class='ocrx_word' id='word_1_453' title='bbox 620 5309 976 5380; x_wconf 64' lang='grc' dir='ltr'><strong>ἱπποδρομίας</strong></span> <span class='ocrx_word' id='word_1_454' title='bbox 1008 5309 1171 5379; x_wconf 71' lang='grc' dir='ltr'><strong>οὔσης</strong></span> <span class='ocrx_word' id='word_1_455' title='bbox 1197 5309 1470 5378; x_wconf 77' lang='grc' dir='ltr'><strong>λαμπρᾶς,</strong></span> <span class='ocrx_word' id='word_1_456' title='bbox 1502 5307 1748 5359; x_wconf 84' lang='grc' dir='ltr'><strong>τοσοῦτον</strong></span> <span class='ocrx_word' id='word_1_457' title='bbox 1783 5307 2013 5361; x_wconf 77' lang='grc' dir='ltr'><strong>ἐνταῦθα</strong></span> <span class='ocrx_word' id='word_1_458' title='bbox 2044 5309 2176 5376; x_wconf 88' lang='grc' dir='ltr'><strong>πλῆ-</strong></span> 
     </span>
    </p>
   </div>
   <div class='ocr_carea' id='block_1_60' title="bbox 619 5389 2175 5461">
    <p class='ocr_par' dir='ltr' id='par_1_60' title="bbox 619 5389 2175 5461">
     <span class='ocr_line' id='line_1_60' title="bbox 619 5389 2175 5461; baseline -0.004 -14"><span class='ocrx_word' id='word_1_459' title='bbox 619 5395 708 5455; x_wconf 76' lang='grc' dir='ltr'><strong>θος</strong></span> <span class='ocrx_word' id='word_1_460' title='bbox 733 5394 956 5461; x_wconf 84' lang='grc' dir='ltr'><strong>ἀφῖκται</strong></span> <span class='ocrx_word' id='word_1_461' title='bbox 985 5392 1079 5459; x_wconf 74' lang='grc' dir='ltr'><strong>τῆς</strong></span> <span class='ocrx_word' id='word_1_462' title='bbox 1104 5394 1218 5442; x_wconf 75' lang='grc' dir='ltr'><strong>ἐκεῖ</strong></span> <span class='ocrx_word' id='word_1_463' title='bbox 1245 5391 1656 5458; x_wconf 73' lang='grc' dir='ltr'><strong>καταφρονῆσαν</strong></span> <span class='ocrx_word' id='word_1_464' title='bbox 1684 5389 1978 5458; x_wconf 77' lang='grc' dir='ltr'><strong>διατριϐῆς.</strong></span> <span class='ocrx_word' id='word_1_465' title='bbox 2005 5389 2093 5441; x_wconf 81' lang='grc' dir='ltr'><strong>Διὸ</strong></span> <span class='ocrx_word' id='word_1_466' title='bbox 2114 5389 2175 5458; x_wconf 84' lang='grc' dir='ltr'><strong>δὴ</strong></span> 
     </span>
    </p>
   </div>
   <div class='ocr_carea' id='block_1_61' title="bbox 621 5471 2177 5542">
    <p class='ocr_par' dir='ltr' id='par_1_61' title="bbox 621 5471 2177 5542">
     <span class='ocr_line' id='line_1_61' title="bbox 621 5471 2177 5542; baseline -0.003 -14"><span class='ocrx_word' id='word_1_467' title='bbox 621 5476 713 5528; x_wconf 72' lang='grc' dir='ltr'><strong>καὶ</strong></span> <span class='ocrx_word' id='word_1_468' title='bbox 742 5474 889 5527; x_wconf 77' lang='grc' dir='ltr'><strong>αὺτοί</strong></span> <span class='ocrx_word' id='word_1_469' title='bbox 938 5472 1072 5541; x_wconf 86' lang='grc' dir='ltr'><strong>μετά</strong></span> <span class='ocrx_word' id='word_1_470' title='bbox 1113 5473 1311 5541; x_wconf 86' lang='grc' dir='ltr'><strong>πολλῆς</strong></span> <span class='ocrx_word' id='word_1_471' title='bbox 1349 5476 1444 5541; x_wconf 84' lang='grc' dir='ltr'><strong>τῆς</strong></span> <span class='ocrx_word' id='word_1_472' title='bbox 1487 5471 1759 5539; x_wconf 79' lang='grc' dir='ltr'><strong>δαψιλείας</strong></span> <span class='ocrx_word' id='word_1_473' title='bbox 1806 5471 1894 5522; x_wconf 75' lang='grc' dir='ltr'><strong>τὸν</strong></span> <span class='ocrx_word' id='word_1_474' title='bbox 1929 5475 2177 5542; x_wconf 80' lang='grc' dir='ltr'><strong>κρατῆρα</strong></span> 
     </span>
    </p>
   </div>
   <div class='ocr_carea' id='block_1_62' title="bbox 622 5552 2174 5626">
    <p class='ocr_par' dir='ltr' id='par_1_62' title="bbox 622 5552 2174 5626">
     <span class='ocr_line' id='line_1_62' title="bbox 622 5552 2174 5626; baseline -0.003 -16"><span class='ocrx_word' id='word_1_475' title='bbox 622 5558 874 5626; x_wconf 75' lang='grc' dir='ltr'><strong>ἱστῶμεν,</strong></span> <span class='ocrx_word' id='word_1_476' title='bbox 902 5555 1149 5625; x_wconf 75' lang='grc' dir='ltr'><strong>κρατῆρα</strong></span> <span class='ocrx_word' id='word_1_477' title='bbox 1181 5556 1240 5607; x_wconf 82' lang='grc' dir='ltr'><strong>ού</strong></span> <span class='ocrx_word' id='word_1_478' title='bbox 1289 5555 1458 5624; x_wconf 88' lang='grc' dir='ltr'><strong>μέθην</strong></span> <span class='ocrx_word' id='word_1_479' title='bbox 1499 5552 1769 5615; x_wconf 86' lang='grc' dir='ltr'><strong>ποιοῦντα,</strong></span> <span class='ocrx_word' id='word_1_480' title='bbox 1803 5553 1937 5606; x_wconf 85' lang='grc' dir='ltr'><strong>ἀλλά</strong></span> <span class='ocrx_word' id='word_1_481' title='bbox 1965 5571 2174 5622; x_wconf 78' lang='grc' dir='ltr'><strong>σωφρο-</strong></span> 
     </span>
    </p>
   </div>
   <div class='ocr_carea' id='block_1_63' title="bbox 624 5637 2178 5709">
    <p class='ocr_par' dir='ltr' id='par_1_63' title="bbox 624 5637 2178 5709">
     <span class='ocr_line' id='line_1_63' title="bbox 624 5637 2178 5709; baseline -0.001 -17"><span class='ocrx_word' id='word_1_482' title='bbox 624 5641 786 5709; x_wconf 76' lang='grc' dir='ltr'><strong>σύνην</strong></span> <span class='ocrx_word' id='word_1_483' title='bbox 816 5637 1307 5702; x_wconf 75' lang='grc' dir='ltr'><strong>κατασκευάζοντα.</strong></span> <span class='ocrx_word' id='word_1_484' title='bbox 1351 5637 1598 5700; x_wconf 82' lang='grc' dir='ltr'><strong>Τοιοῦτος</strong></span> <span class='ocrx_word' id='word_1_485' title='bbox 1633 5638 1738 5706; x_wconf 81' lang='grc' dir='ltr'><strong>γὰρ</strong></span> <span class='ocrx_word' id='word_1_486' title='bbox 1762 5638 1788 5688; x_wconf 84' lang='grc' dir='ltr'>ὁ</span> <span class='ocrx_word' id='word_1_487' title='bbox 1818 5637 1922 5688; x_wconf 88' lang='grc' dir='ltr'><strong>τῶν</strong></span> <span class='ocrx_word' id='word_1_488' title='bbox 1947 5637 2178 5705; x_wconf 82' lang='grc' dir='ltr'><strong>Γραφῶν</strong></span> 
     </span>
    </p>
   </div>
   <div class='ocr_carea' id='block_1_64' title="bbox 622 5719 2178 5790">
    <p class='ocr_par' dir='ltr' id='par_1_64' title="bbox 622 5719 2178 5790">
     <span class='ocr_line' id='line_1_64' title="bbox 622 5719 2178 5790; baseline -0.001 -18"><span class='ocrx_word' id='word_1_489' title='bbox 622 5721 779 5783; x_wconf 61' lang='grc' dir='ltr'><strong>οἰνος,</strong></span> <span class='ocrx_word' id='word_1_490' title='bbox 803 5721 1020 5775; x_wconf 82' lang='grc' dir='ltr'><strong>τοιαῦτα</strong></span> <span class='ocrx_word' id='word_1_491' title='bbox 1041 5721 1134 5787; x_wconf 86' lang='grc' dir='ltr'><strong>τῆς</strong></span> <span class='ocrx_word' id='word_1_492' title='bbox 1162 5721 1433 5790; x_wconf 79' lang='grc' dir='ltr'><strong>τραπέζης</strong></span> <span class='ocrx_word' id='word_1_493' title='bbox 1467 5720 1662 5790; x_wconf 81' lang='grc' dir='ltr'><strong>ταύτης</strong></span> <span class='ocrx_word' id='word_1_494' title='bbox 1690 5720 1755 5773; x_wconf 82' lang='grc' dir='ltr'><strong>τὰ</strong></span> <span class='ocrx_word' id='word_1_495' title='bbox 1776 5719 1909 5787; x_wconf 64' lang='grc' dir='ltr'><strong>ὄψα·</strong></span> <span class='ocrx_word' id='word_1_496' title='bbox 1946 5721 2005 5772; x_wconf 71' lang='grc' dir='ltr'><strong>οὐ</strong></span> <span class='ocrx_word' id='word_1_497' title='bbox 2033 5723 2178 5771; x_wconf 81' lang='grc' dir='ltr'><strong>πιαί-</strong></span> 
     </span>
    </p>
   </div>
   <div class='ocr_carea' id='block_1_65' title="bbox 2263 4225 3836 4321">
    <p class='ocr_par' dir='ltr' id='par_1_65' title="bbox 2263 4225 3836 4321">
     <span class='ocr_line' id='line_1_65' title="bbox 2263 4225 3836 4321; baseline -0.011 -32"><span class='ocrx_word' id='word_1_498' title='bbox 2263 4257 2343 4291; x_wconf 87' lang='grc' dir='ltr'><strong>νει</strong></span> <span class='ocrx_word' id='word_1_499' title='bbox 2372 4238 2568 4321; x_wconf 75' lang='grc' dir='ltr'><strong>σάρκα.</strong></span> <span class='ocrx_word' id='word_1_500' title='bbox 2599 4233 2707 4321; x_wconf 74' lang='grc' dir='ltr'><strong>καὶ</strong></span> <span class='ocrx_word' id='word_1_501' title='bbox 2736 4230 2906 4321; x_wconf 62' lang='grc' dir='ltr'><strong>ταῦτα</strong></span> <span class='ocrx_word' id='word_1_502' title='bbox 2930 4228 3165 4321; x_wconf 64' lang='grc' dir='ltr'><strong>⁸λέγομεν</strong></span> <span class='ocrx_word' id='word_1_503' title='bbox 3195 4228 3294 4321; x_wconf 72' lang='grc' dir='ltr'><strong>οὐκ</strong></span> <span class='ocrx_word' id='word_1_504' title='bbox 3333 4225 3690 4297; x_wconf 75' lang='grc' dir='ltr'><strong>ἀτιμάζοντες</strong></span> <span class='ocrx_word' id='word_1_505' title='bbox 3725 4230 3836 4300; x_wconf 69' lang='grc' dir='ltr'><strong>τῆς</strong></span> 
     </span>
    </p>
   </div>
   <div class='ocr_carea' id='block_1_66' title="bbox 2266 4309 3837 4388">
    <p class='ocr_par' dir='ltr' id='par_1_66' title="bbox 2266 4309 3837 4388">
     <span class='ocr_line' id='line_1_66' title="bbox 2266 4309 3837 4388; baseline -0.002 -24"><span class='ocrx_word' id='word_1_506' title='bbox 2266 4309 2460 4388; x_wconf 70' lang='grc' dir='ltr'><strong>σαρκὸξ</strong></span> <span class='ocrx_word' id='word_1_507' title='bbox 2489 4318 2588 4383; x_wconf 80' lang='grc' dir='ltr'><strong>τὴν</strong></span> <span class='ocrx_word' id='word_1_508' title='bbox 2620 4315 2798 4382; x_wconf 86' lang='grc' dir='ltr'><strong>φύσιν,</strong></span> <span class='ocrx_word' id='word_1_509' title='bbox 2823 4311 2956 4364; x_wconf 91' lang='grc' dir='ltr'><strong>ἀλλά</strong></span> <span class='ocrx_word' id='word_1_510' title='bbox 2990 4309 3355 4381; x_wconf 84' lang='grc' dir='ltr'><strong>προτιμῶντες</strong></span> <span class='ocrx_word' id='word_1_511' title='bbox 3399 4311 3495 4380; x_wconf 88' lang='grc' dir='ltr'><strong>τῆς</strong></span> <span class='ocrx_word' id='word_1_512' title='bbox 3524 4310 3700 4379; x_wconf 71' lang='grc' dir='ltr'><strong>ψυχῆς</strong></span> <span class='ocrx_word' id='word_1_513' title='bbox 3724 4311 3837 4381; x_wconf 71' lang='grc' dir='ltr'><strong>τὴν</strong></span> 
     </span>
    </p>
   </div>
   <div class='ocr_carea' id='block_1_67' title="bbox 2265 4393 3836 4469">
    <p class='ocr_par' dir='ltr' id='par_1_67' title="bbox 2265 4393 3836 4469">
     <span class='ocr_line' id='line_1_67' title="bbox 2265 4393 3836 4469; baseline -0.007 -15"><span class='ocrx_word' id='word_1_514' title='bbox 2265 4402 2560 4469; x_wconf 81' lang='grc' dir='ltr'><strong>εὐγένειαν·</strong></span> <span class='ocrx_word' id='word_1_515' title='bbox 2593 4397 2713 4449; x_wconf 80' lang='grc' dir='ltr'><strong>οὐδὲ</strong></span> <span class='ocrx_word' id='word_1_516' title='bbox 2755 4397 2852 4466; x_wconf 77' lang='grc' dir='ltr'><strong>τὴν</strong></span> <span class='ocrx_word' id='word_1_517' title='bbox 2895 4395 3088 4464; x_wconf 85' lang='grc' dir='ltr'><strong>χρῆσιν</strong></span> <span class='ocrx_word' id='word_1_518' title='bbox 3137 4393 3504 4456; x_wconf 75' lang='grc' dir='ltr'><strong>ἐκϐάλλοντες,</strong></span> <span class='ocrx_word' id='word_1_519' title='bbox 3548 4393 3682 4446; x_wconf 83' lang='grc' dir='ltr'><strong>ἀλλά</strong></span> <span class='ocrx_word' id='word_1_520' title='bbox 3724 4395 3836 4463; x_wconf 76' lang='grc' dir='ltr'><strong>τὴν</strong></span> 
     </span>
    </p>
   </div>
   <div class='ocr_carea' id='block_1_68' title="bbox 2265 4473 3839 4552">
    <p class='ocr_par' dir='ltr' id='par_1_68' title="bbox 2265 4473 3839 4552">
     <span class='ocr_line' id='line_1_68' title="bbox 2265 4473 3839 4552; baseline -0.008 -16"><span class='ocrx_word' id='word_1_521' title='bbox 2265 4483 2526 4552; x_wconf 85' lang='grc' dir='ltr'><strong>ἀμετρίαν</strong></span> <span class='ocrx_word' id='word_1_522' title='bbox 2549 4477 2879 4540; x_wconf 79' lang='grc' dir='ltr'><strong>κολάζοντες.</strong></span> <span class='ocrx_word' id='word_1_523' title='bbox 2906 4475 3020 4528; x_wconf 81' lang='grc' dir='ltr'><strong>Κᾶν</strong></span> <span class='ocrx_word' id='word_1_524' title='bbox 3039 4475 3144 4544; x_wconf 90' lang='grc' dir='ltr'><strong>γάρ</strong></span> <span class='ocrx_word' id='word_1_525' title='bbox 3162 4475 3556 4544; x_wconf 74' lang='grc' dir='ltr'><strong>φιλοσοφῶμεν,</strong></span> <span class='ocrx_word' id='word_1_526' title='bbox 3583 4473 3724 4526; x_wconf 74' lang='grc' dir='ltr'><strong>οὕτω</strong></span> <span class='ocrx_word' id='word_1_527' title='bbox 3751 4475 3839 4528; x_wconf 76' lang='grc' dir='ltr'><strong>δεῖ</strong></span> 
     </span>
    </p>
   </div>
   <div class='ocr_carea' id='block_1_69' title="bbox 2267 4555 3836 4632">
    <p class='ocr_par' dir='ltr' id='par_1_69' title="bbox 2267 4555 3836 4632">
     <span class='ocr_line' id='line_1_69' title="bbox 2267 4555 3836 4632; baseline -0.004 -15"><span class='ocrx_word' id='word_1_528' title='bbox 2267 4564 2591 4632; x_wconf 78' lang='grc' dir='ltr'><strong>φιλοσοφεῖν,</strong></span> <span class='ocrx_word' id='word_1_529' title='bbox 2621 4560 2758 4612; x_wconf 78' lang='grc' dir='ltr'><strong>ὥστε</strong></span> <span class='ocrx_word' id='word_1_530' title='bbox 2793 4558 2864 4627; x_wconf 82' lang='grc' dir='ltr'><strong>μὴ</strong></span> <span class='ocrx_word' id='word_1_531' title='bbox 2896 4557 3090 4609; x_wconf 86' lang='grc' dir='ltr'><strong>διδόναι</strong></span> <span class='ocrx_word' id='word_1_532' title='bbox 3123 4559 3232 4620; x_wconf 80' lang='grc' dir='ltr'><strong>τοῖς</strong></span> <span class='ocrx_word' id='word_1_533' title='bbox 3257 4555 3364 4609; x_wconf 89' lang='grc' dir='ltr'><strong>τῶν</strong></span> <span class='ocrx_word' id='word_1_534' title='bbox 3391 4556 3680 4626; x_wconf 87' lang='grc' dir='ltr'><strong>αἰρετικῶν</strong></span> <span class='ocrx_word' id='word_1_535' title='bbox 3700 4562 3836 4612; x_wconf 69' lang='grc' dir='ltr'><strong>πό·</strong></span> 
     </span>
    </p>
   </div>
   <div class='ocr_carea' id='block_1_70' title="bbox 2271 4637 3840 4715">
    <p class='ocr_par' dir='ltr' id='par_1_70' title="bbox 2271 4637 3840 4715">
     <span class='ocr_line' id='line_1_70' title="bbox 2271 4637 3840 4715; baseline -0.004 -17"><span class='ocrx_word' id='word_1_536' title='bbox 2271 4664 2400 4715; x_wconf 86' lang='grc' dir='ltr'><strong>μασι</strong></span> <span class='ocrx_word' id='word_1_537' title='bbox 2429 4643 2614 4712; x_wconf 77' lang='grc' dir='ltr'><strong>λαϐήν.</strong></span> <span class='ocrx_word' id='word_1_538' title='bbox 2647 4642 2754 4694; x_wconf 77' lang='grc' dir='ltr'><strong>Καὶ</strong></span> <span class='ocrx_word' id='word_1_539' title='bbox 2779 4640 2886 4709; x_wconf 82' lang='grc' dir='ltr'><strong>γὰρ</strong></span> <span class='ocrx_word' id='word_1_540' title='bbox 2909 4639 2968 4691; x_wconf 80' lang='grc' dir='ltr'><strong>τὸ</strong></span> <span class='ocrx_word' id='word_1_541' title='bbox 2995 4639 3151 4706; x_wconf 88' lang='grc' dir='ltr'><strong>σῶμα</strong></span> <span class='ocrx_word' id='word_1_542' title='bbox 3181 4638 3337 4690; x_wconf 85' lang='grc' dir='ltr'><strong>τοῦτο</strong></span> <span class='ocrx_word' id='word_1_543' title='bbox 3363 4637 3580 4690; x_wconf 74' lang='grc' dir='ltr'><strong>ἔλαττον</strong></span> <span class='ocrx_word' id='word_1_544' title='bbox 3608 4640 3705 4707; x_wconf 81' lang='grc' dir='ltr'><strong>μὲν</strong></span> <span class='ocrx_word' id='word_1_545' title='bbox 3725 4641 3840 4710; x_wconf 79' lang='grc' dir='ltr'><strong>τῆς</strong></span> 
     </span>
    </p>
   </div>
   <div class='ocr_carea' id='block_1_71' title="bbox 2266 4719 3842 4796">
    <p class='ocr_par' dir='ltr' id='par_1_71' title="bbox 2266 4719 3842 4796">
     <span class='ocr_line' id='line_1_71' title="bbox 2266 4719 3842 4796; baseline -0.002 -18"><span class='ocrx_word' id='word_1_546' title='bbox 2266 4727 2463 4796; x_wconf 73' lang='grc' dir='ltr'><strong>ψυχῆς,</strong></span> <span class='ocrx_word' id='word_1_547' title='bbox 2506 4727 2605 4777; x_wconf 83' lang='grc' dir='ltr'><strong>οὑκ</strong></span> <span class='ocrx_word' id='word_1_548' title='bbox 2652 4722 2885 4776; x_wconf 73' lang='grc' dir='ltr'><strong>ἐναντίον</strong></span> <span class='ocrx_word' id='word_1_549' title='bbox 2932 4720 2987 4773; x_wconf 83' lang='grc' dir='ltr'><strong>δὲ</strong></span> <span class='ocrx_word' id='word_1_550' title='bbox 3035 4724 3100 4790; x_wconf 81' lang='grc' dir='ltr'><strong>τῇ</strong></span> <span class='ocrx_word' id='word_1_551' title='bbox 3149 4721 3291 4789; x_wconf 78' lang='grc' dir='ltr'><strong>ψυχῇ</strong></span> <span class='ocrx_word' id='word_1_552' title='bbox 3315 4737 3326 4749; x_wconf 86' lang='grc'><strong>·</strong></span> <span class='ocrx_word' id='word_1_553' title='bbox 3368 4719 3481 4772; x_wconf 78' lang='grc' dir='ltr'><strong>ἀλλ’</strong></span> <span class='ocrx_word' id='word_1_554' title='bbox 3537 4722 3677 4790; x_wconf 81' lang='grc' dir='ltr'><strong>ἁπλῆ</strong></span> <span class='ocrx_word' id='word_1_555' title='bbox 3731 4723 3842 4791; x_wconf 73' lang='grc' dir='ltr'><strong>μὲν</strong></span> 
     </span>
    </p>
   </div>
   <div class='ocr_carea' id='block_1_72' title="bbox 2269 4802 3840 4879">
    <p class='ocr_par' dir='ltr' id='par_1_72' title="bbox 2269 4802 3840 4879">
     <span class='ocr_line' id='line_1_72' title="bbox 2269 4802 3840 4879; baseline -0.003 -17"><span class='ocrx_word' id='word_1_556' title='bbox 2269 4810 2426 4879; x_wconf 84' lang='grc' dir='ltr'><strong>αὑτὴ,</strong></span> <span class='ocrx_word' id='word_1_557' title='bbox 2465 4809 2784 4861; x_wconf 85' lang='grc' dir='ltr'><strong>διακονεῖται</strong></span> <span class='ocrx_word' id='word_1_558' title='bbox 2808 4805 2862 4856; x_wconf 88' lang='grc' dir='ltr'><strong>δὲ</strong></span> <span class='ocrx_word' id='word_1_559' title='bbox 2891 4805 3009 4865; x_wconf 89' lang='grc' dir='ltr'><strong>ταῖς</strong></span> <span class='ocrx_word' id='word_1_560' title='bbox 3039 4802 3350 4872; x_wconf 71' lang='grc' dir='ltr'><strong>ἐπιθυμίαις</strong></span> <span class='ocrx_word' id='word_1_561' title='bbox 3371 4805 3492 4864; x_wconf 85' lang='grc' dir='ltr'><strong>ταῖς</strong></span> <span class='ocrx_word' id='word_1_562' title='bbox 3523 4802 3756 4857; x_wconf 78' lang='grc' dir='ltr'><strong>ἐκείνου.</strong></span> <span class='ocrx_word' id='word_1_563' title='bbox 3775 4807 3840 4858; x_wconf 76' lang='grc' dir='ltr'><strong>Ὅ</strong></span> 
     </span>
    </p>
   </div>
   <div class='ocr_carea' id='block_1_73' title="bbox 2271 4883 3842 4962">
    <p class='ocr_par' dir='ltr' id='par_1_73' title="bbox 2271 4883 3842 4962">
     <span class='ocr_line' id='line_1_73' title="bbox 2271 4883 3842 4962; baseline -0.004 -17"><span class='ocrx_word' id='word_1_564' title='bbox 2271 4891 2651 4962; x_wconf 86' lang='grc' dir='ltr'><strong>ἀριστοτέχνης</strong></span> <span class='ocrx_word' id='word_1_565' title='bbox 2683 4887 2811 4949; x_wconf 84' lang='grc' dir='ltr'><strong>Θεὸς</strong></span> <span class='ocrx_word' id='word_1_566' title='bbox 2845 4887 2942 4938; x_wconf 80' lang='grc' dir='ltr'><strong>οὐκ</strong></span> <span class='ocrx_word' id='word_1_567' title='bbox 2980 4886 3043 4936; x_wconf 80' lang='grc' dir='ltr'><strong>ὲκ</strong></span> <span class='ocrx_word' id='word_1_568' title='bbox 3081 4886 3204 4952; x_wconf 79' lang='grc' dir='ltr'><strong>μιᾶς</strong></span> <span class='ocrx_word' id='word_1_569' title='bbox 3249 4885 3343 4936; x_wconf 72' lang='grc' dir='ltr'><strong>καὶ</strong></span> <span class='ocrx_word' id='word_1_570' title='bbox 3390 4883 3482 4936; x_wconf 89' lang='grc' dir='ltr'><strong>δύο</strong></span> <span class='ocrx_word' id='word_1_571' title='bbox 3529 4885 3619 4937; x_wconf 77' lang='grc' dir='ltr'><strong>καὶ</strong></span> <span class='ocrx_word' id='word_1_572' title='bbox 3666 4887 3842 4954; x_wconf 73' lang='grc' dir='ltr'><strong>τριιῖιν</strong></span> 
     </span>
    </p>
   </div>
   <div class='ocr_carea' id='block_1_74' title="bbox 2270 4966 3842 5034">
    <p class='ocr_par' dir='ltr' id='par_1_74' title="bbox 2270 4966 3842 5034">
     <span class='ocr_line' id='line_1_74' title="bbox 2270 4966 3842 5034; baseline -0.005 -7"><span class='ocrx_word' id='word_1_573' title='bbox 2270 4972 2466 5027; x_wconf 77' lang='grc' dir='ltr'><strong>οὐσιῶν</strong></span> <span class='ocrx_word' id='word_1_574' title='bbox 2496 4972 2611 5024; x_wconf 86' lang='grc' dir='ltr'><strong>τόδε</strong></span> <span class='ocrx_word' id='word_1_575' title='bbox 2639 4969 2698 5022; x_wconf 86' lang='grc' dir='ltr'><strong>τὸ</strong></span> <span class='ocrx_word' id='word_1_576' title='bbox 2729 4971 2835 5021; x_wconf 78' lang='grc' dir='ltr'><strong>πᾶν</strong></span> <span class='ocrx_word' id='word_1_577' title='bbox 2864 4969 3244 5034; x_wconf 79' lang='grc' dir='ltr'><strong>συνεστήσατο,</strong></span> <span class='ocrx_word' id='word_1_578' title='bbox 3280 4966 3415 5019; x_wconf 81' lang='grc' dir='ltr'><strong>ἀλλὰ</strong></span> <span class='ocrx_word' id='word_1_579' title='bbox 3449 4967 3696 5028; x_wconf 85' lang='grc' dir='ltr'><strong>ποικίλας</strong></span> <span class='ocrx_word' id='word_1_580' title='bbox 3740 4970 3842 5020; x_wconf 78' lang='grc' dir='ltr'><strong>καὶ</strong></span> 
     </span>
    </p>
   </div>
   <div class='ocr_carea' id='block_1_75' title="bbox 2269 5049 3842 5126">
    <p class='ocr_par' dir='ltr' id='par_1_75' title="bbox 2269 5049 3842 5126">
     <span class='ocr_line' id='line_1_75' title="bbox 2269 5049 3842 5126; baseline -0.014 -17"><span class='ocrx_word' id='word_1_581' title='bbox 2269 5057 2552 5126; x_wconf 83' lang='grc' dir='ltr'><strong>διαφόρους</strong></span> <span class='ocrx_word' id='word_1_582' title='bbox 2583 5053 2770 5121; x_wconf 86' lang='grc' dir='ltr'><strong>φύσεις</strong></span> <span class='ocrx_word' id='word_1_583' title='bbox 2817 5051 3094 5120; x_wconf 80' lang='grc' dir='ltr'><strong>εἰσήγαγε,</strong></span> <span class='ocrx_word' id='word_1_584' title='bbox 3141 5051 3237 5118; x_wconf 83' lang='grc' dir='ltr'><strong>τῆς</strong></span> <span class='ocrx_word' id='word_1_585' title='bbox 3265 5049 3464 5110; x_wconf 82' lang='grc' dir='ltr'><strong>οἰκείας</strong></span> <span class='ocrx_word' id='word_1_586' title='bbox 3509 5049 3696 5115; x_wconf 61' lang='grc' dir='ltr'><strong>σοφίας</strong></span> <span class='ocrx_word' id='word_1_587' title='bbox 3739 5051 3842 5120; x_wconf 60' lang='grc' dir='ltr'><strong>τὴν</strong></span> 
     </span>
    </p>
   </div>
   <div class='ocr_carea' id='block_1_76' title="bbox 2275 5130 3842 5209">
    <p class='ocr_par' dir='ltr' id='par_1_76' title="bbox 2275 5130 3842 5209">
     <span class='ocr_line' id='line_1_76' title="bbox 2275 5130 3842 5209; baseline -0.007 -16"><span class='ocrx_word' id='word_1_588' title='bbox 2275 5138 2586 5209; x_wconf 82' lang='grc' dir='ltr'><strong>περιουσίαν</strong></span> <span class='ocrx_word' id='word_1_589' title='bbox 2615 5138 2670 5186; x_wconf 86' lang='grc' dir='ltr'><strong>ὲν</strong></span> <span class='ocrx_word' id='word_1_590' title='bbox 2705 5136 2770 5202; x_wconf 80' lang='grc' dir='ltr'><strong>τῇ</strong></span> <span class='ocrx_word' id='word_1_591' title='bbox 2805 5132 3034 5201; x_wconf 72' lang='grc' dir='ltr'><strong>διαφορᾷ</strong></span> <span class='ocrx_word' id='word_1_592' title='bbox 3064 5130 3170 5182; x_wconf 87' lang='grc' dir='ltr'><strong>τῶν</strong></span> <span class='ocrx_word' id='word_1_593' title='bbox 3198 5130 3495 5199; x_wconf 89' lang='grc' dir='ltr'><strong>γινομένων</strong></span> <span class='ocrx_word' id='word_1_594' title='bbox 3531 5131 3842 5183; x_wconf 64' lang='grc' dir='ltr'><strong>ἐπιδεικνύς</strong></span> 
     </span>
    </p>
   </div>
   <div class='ocr_carea' id='block_1_77' title="bbox 2279 5211 3841 5292">
    <p class='ocr_par' dir='ltr' id='par_1_77' title="bbox 2279 5211 3841 5292">
     <span class='ocr_line' id='line_1_77' title="bbox 2279 5211 3841 5292; baseline -0.009 -17"><span class='ocrx_word' id='word_1_595' title='bbox 2279 5239 2454 5292; x_wconf 88' lang='grc' dir='ltr'><strong>μενος.</strong></span> <span class='ocrx_word' id='word_1_596' title='bbox 2489 5220 2560 5272; x_wconf 68' lang='lat' dir='ltr'><strong>Ob</strong></span> <span class='ocrx_word' id='word_1_597' title='bbox 2583 5217 2690 5285; x_wconf 84' lang='grc' dir='ltr'><strong>γάρ</strong></span> <span class='ocrx_word' id='word_1_598' title='bbox 2710 5214 2932 5285; x_wconf 76' lang='grc' dir='ltr'><strong>οὐρανὸν</strong></span> <span class='ocrx_word' id='word_1_599' title='bbox 2958 5213 3178 5282; x_wconf 69' lang='grc' dir='ltr'><strong>εποίησε</strong></span> <span class='ocrx_word' id='word_1_600' title='bbox 3204 5213 3380 5281; x_wconf 90' lang='grc' dir='ltr'><strong>μόνον,</strong></span> <span class='ocrx_word' id='word_1_601' title='bbox 3419 5211 3553 5264; x_wconf 86' lang='grc' dir='ltr'><strong>ἀλλά</strong></span> <span class='ocrx_word' id='word_1_602' title='bbox 3583 5212 3679 5264; x_wconf 81' lang='grc' dir='ltr'><strong>καὶ</strong></span> <span class='ocrx_word' id='word_1_603' title='bbox 3707 5213 3841 5282; x_wconf 78' lang='grc' dir='ltr'><strong>γῆνο</strong></span> 
     </span>
    </p>
   </div>
   <div class='ocr_carea' id='block_1_78' title="bbox 2274 5294 3844 5371">
    <p class='ocr_par' dir='ltr' id='par_1_78' title="bbox 2274 5294 3844 5371">
     <span class='ocr_line' id='line_1_78' title="bbox 2274 5294 3844 5371; baseline -0.006 -14"><span class='ocrx_word' id='word_1_604' title='bbox 2274 5306 2334 5357; x_wconf 82' lang='grc' dir='ltr'><strong>οὐ</strong></span> <span class='ocrx_word' id='word_1_605' title='bbox 2360 5305 2464 5371; x_wconf 88' lang='grc' dir='ltr'><strong>γῆν</strong></span> <span class='ocrx_word' id='word_1_606' title='bbox 2494 5302 2670 5371; x_wconf 86' lang='grc' dir='ltr'><strong>μόνον,</strong></span> <span class='ocrx_word' id='word_1_607' title='bbox 2711 5298 2843 5350; x_wconf 86' lang='grc' dir='ltr'><strong>ἀλλά</strong></span> <span class='ocrx_word' id='word_1_608' title='bbox 2870 5297 2962 5349; x_wconf 73' lang='grc' dir='ltr'><strong>καὶ</strong></span> <span class='ocrx_word' id='word_1_609' title='bbox 2990 5295 3158 5365; x_wconf 71' lang='grc' dir='ltr'><strong>ῆλιονο</strong></span> <span class='ocrx_word' id='word_1_610' title='bbox 3191 5295 3286 5362; x_wconf 80' lang='grc' dir='ltr'><strong>οὐχ</strong></span> <span class='ocrx_word' id='word_1_611' title='bbox 3311 5294 3458 5362; x_wconf 78' lang='grc' dir='ltr'><strong>ἥλιον</strong></span> <span class='ocrx_word' id='word_1_612' title='bbox 3495 5295 3672 5363; x_wconf 86' lang='grc' dir='ltr'><strong>μόνον,</strong></span> <span class='ocrx_word' id='word_1_613' title='bbox 3703 5295 3844 5348; x_wconf 80' lang='grc' dir='ltr'><strong>ἀ)λά</strong></span> 
     </span>
    </p>
   </div>
   <div class='ocr_carea' id='block_1_79' title="bbox 2278 5376 3847 5454">
    <p class='ocr_par' dir='ltr' id='par_1_79' title="bbox 2278 5376 3847 5454">
     <span class='ocr_line' id='line_1_79' title="bbox 2278 5376 3847 5454; baseline -0.009 -14"><span class='ocrx_word' id='word_1_614' title='bbox 2278 5389 2370 5440; x_wconf 75' lang='grc' dir='ltr'><strong>καὶ</strong></span> <span class='ocrx_word' id='word_1_615' title='bbox 2395 5387 2636 5454; x_wconf 91' lang='grc' dir='ltr'><strong>σελήνην·</strong></span> <span class='ocrx_word' id='word_1_616' title='bbox 2666 5381 2726 5433; x_wconf 86' lang='grc' dir='ltr'><strong>ού</strong></span> <span class='ocrx_word' id='word_1_617' title='bbox 2751 5381 2974 5449; x_wconf 82' lang='grc' dir='ltr'><strong>σελήνην</strong></span> <span class='ocrx_word' id='word_1_618' title='bbox 3001 5379 3172 5449; x_wconf 85' lang='grc' dir='ltr'><strong>μόνον,</strong></span> <span class='ocrx_word' id='word_1_619' title='bbox 3197 5376 3328 5429; x_wconf 86' lang='grc' dir='ltr'><strong>ἀλλά</strong></span> <span class='ocrx_word' id='word_1_620' title='bbox 3346 5377 3436 5429; x_wconf 63' lang='grc' dir='ltr'><strong>καὶ⁵</strong></span> <span class='ocrx_word' id='word_1_621' title='bbox 3457 5378 3717 5448; x_wconf 86' lang='grc' dir='ltr'><strong>ἀστέρας·</strong></span> <span class='ocrx_word' id='word_1_622' title='bbox 3740 5379 3847 5430; x_wconf 77' lang='grc' dir='ltr'><strong>οὐκ</strong></span> 
     </span>
    </p>
   </div>
   <div class='ocr_carea' id='block_1_80' title="bbox 2277 5461 3848 5540">
    <p class='ocr_par' dir='ltr' id='par_1_80' title="bbox 2277 5461 3848 5540">
     <span class='ocr_line' id='line_1_80' title="bbox 2277 5461 3848 5540; baseline -0.006 -15"><span class='ocrx_word' id='word_1_623' title='bbox 2277 5472 2508 5540; x_wconf 82' lang='grc' dir='ltr'><strong>ἀστέρας</strong></span> <span class='ocrx_word' id='word_1_624' title='bbox 2537 5469 2714 5538; x_wconf 84' lang='grc' dir='ltr'><strong>μόνον,</strong></span> <span class='ocrx_word' id='word_1_625' title='bbox 2748 5464 2882 5517; x_wconf 89' lang='grc' dir='ltr'><strong>ἀλλά</strong></span> <span class='ocrx_word' id='word_1_626' title='bbox 2900 5465 2992 5517; x_wconf 70' lang='grc' dir='ltr'><strong>καί⁵</strong></span> <span class='ocrx_word' id='word_1_627' title='bbox 3023 5463 3177 5531; x_wconf 84' lang='grc' dir='ltr'><strong>ἀέρα·</strong></span> <span class='ocrx_word' id='word_1_628' title='bbox 3211 5461 3310 5514; x_wconf 83' lang='grc' dir='ltr'><strong>οὐκ</strong></span> <span class='ocrx_word' id='word_1_629' title='bbox 3333 5461 3471 5532; x_wconf 85' lang='grc' dir='ltr'><strong>ἀέρα</strong></span> <span class='ocrx_word' id='word_1_630' title='bbox 3505 5464 3682 5531; x_wconf 83' lang='grc' dir='ltr'><strong>μόνον,</strong></span> <span class='ocrx_word' id='word_1_631' title='bbox 3706 5461 3848 5515; x_wconf 87' lang='grc' dir='ltr'><strong>ἀλλά</strong></span> 
     </span>
    </p>
   </div>
   <div class='ocr_carea' id='block_1_81' title="bbox 2279 5543 3848 5620">
    <p class='ocr_par' dir='ltr' id='par_1_81' title="bbox 2279 5543 3848 5620">
     <span class='ocr_line' id='line_1_81' title="bbox 2279 5543 3848 5620; baseline -0.008 -11"><span class='ocrx_word' id='word_1_632' title='bbox 2279 5556 2370 5609; x_wconf 74' lang='grc' dir='ltr'><strong>καὶ</strong></span> <span class='ocrx_word' id='word_1_633' title='bbox 2411 5552 2650 5620; x_wconf 80' lang='grc' dir='ltr'><strong>νεφέλας·</strong></span> <span class='ocrx_word' id='word_1_634' title='bbox 2681 5549 2740 5602; x_wconf 79' lang='grc' dir='ltr'><strong>ού</strong></span> <span class='ocrx_word' id='word_1_635' title='bbox 2761 5549 2988 5617; x_wconf 84' lang='grc' dir='ltr'><strong>νεφέλας</strong></span> <span class='ocrx_word' id='word_1_636' title='bbox 3018 5546 3193 5615; x_wconf 85' lang='grc' dir='ltr'><strong>μόνον,</strong></span> <span class='ocrx_word' id='word_1_637' title='bbox 3222 5544 3358 5598; x_wconf 83' lang='grc' dir='ltr'><strong>ἀλλὰ</strong></span> <span class='ocrx_word' id='word_1_638' title='bbox 3387 5545 3482 5598; x_wconf 68' lang='grc' dir='ltr'><strong>καὶ</strong></span> <span class='ocrx_word' id='word_1_639' title='bbox 3509 5543 3717 5614; x_wconf 56' lang='grc' dir='ltr'><strong>αἰθέραη</strong></span> <span class='ocrx_word' id='word_1_640' title='bbox 3742 5547 3848 5597; x_wconf 82' lang='grc' dir='ltr'><strong>οὐκ</strong></span> 
     </span>
    </p>
   </div>
   <div class='ocr_carea' id='block_1_82' title="bbox 2278 5626 3846 5704">
    <p class='ocr_par' dir='ltr' id='par_1_82' title="bbox 2278 5626 3846 5704">
     <span class='ocr_line' id='line_1_82' title="bbox 2278 5626 3846 5704; baseline -0.013 -15"><span class='ocrx_word' id='word_1_641' title='bbox 2278 5637 2467 5704; x_wconf 90' lang='grc' dir='ltr'><strong>αἰθέρα</strong></span> <span class='ocrx_word' id='word_1_642' title='bbox 2501 5635 2676 5703; x_wconf 83' lang='grc' dir='ltr'><strong>μόνον,</strong></span> <span class='ocrx_word' id='word_1_643' title='bbox 2701 5631 2830 5684; x_wconf 79' lang='grc' dir='ltr'><strong>ἀλλὰ</strong></span> <span class='ocrx_word' id='word_1_644' title='bbox 2854 5632 2943 5682; x_wconf 72' lang='grc' dir='ltr'><strong>καὶ</strong></span> <span class='ocrx_word' id='word_1_645' title='bbox 2967 5630 3176 5697; x_wconf 78' lang='grc' dir='ltr'><strong>λίμνας,</strong></span> <span class='ocrx_word' id='word_1_646' title='bbox 3209 5628 3301 5679; x_wconf 77' lang='grc' dir='ltr'><strong>καὶ</strong></span> <span class='ocrx_word' id='word_1_647' title='bbox 3331 5629 3530 5696; x_wconf 76' lang='grc' dir='ltr'><strong>πηγὰς,</strong></span> <span class='ocrx_word' id='word_1_648' title='bbox 3550 5626 3642 5679; x_wconf 77' lang='grc' dir='ltr'><strong>καὶ</strong></span> <span class='ocrx_word' id='word_1_649' title='bbox 3674 5642 3846 5678; x_wconf 82' lang='grc' dir='ltr'><strong>ποτα-</strong></span> 
     </span>
    </p>
   </div>
   <div class='ocr_carea' id='block_1_83' title="bbox 2285 5709 3848 5792">
    <p class='ocr_par' dir='ltr' id='par_1_83' title="bbox 2285 5709 3848 5792">
     <span class='ocr_line' id='line_1_83' title="bbox 2285 5709 3848 5792; baseline -0.008 -21"><span class='ocrx_word' id='word_1_650' title='bbox 2285 5723 2432 5792; x_wconf 74' lang='grc' dir='ltr'><strong>μους,</strong></span> <span class='ocrx_word' id='word_1_651' title='bbox 2462 5720 2554 5771; x_wconf 74' lang='grc' dir='ltr'><strong>καὶ</strong></span> <span class='ocrx_word' id='word_1_652' title='bbox 2581 5718 2703 5786; x_wconf 76' lang='grc' dir='ltr'><strong>ὅρη,</strong></span> <span class='ocrx_word' id='word_1_653' title='bbox 2734 5717 2827 5768; x_wconf 71' lang='grc' dir='ltr'><strong>καὶ</strong></span> <span class='ocrx_word' id='word_1_654' title='bbox 2847 5715 3036 5776; x_wconf 84' lang='grc' dir='ltr'><strong>νάπας,</strong></span> <span class='ocrx_word' id='word_1_655' title='bbox 3063 5713 3154 5763; x_wconf 74' lang='grc' dir='ltr'><strong>καὶ</strong></span> <span class='ocrx_word' id='word_1_656' title='bbox 3178 5710 3416 5779; x_wconf 83' lang='grc' dir='ltr'><strong>βουνοὺς,</strong></span> <span class='ocrx_word' id='word_1_657' title='bbox 3439 5711 3533 5764; x_wconf 77' lang='grc' dir='ltr'><strong>καὶ</strong></span> <span class='ocrx_word' id='word_1_658' title='bbox 3552 5709 3848 5780; x_wconf 75' lang='grc' dir='ltr'><strong>λειμῶνας,</strong></span> 
     </span>
    </p>
   </div>
  </div>
