4144 6470
304 388 405 442 141

295 487 690 540 medicamenta
732 486 1027 549 adhibeam,
1070 486 1283 539 vulnera
1326 499 1431 537 non
1475 484 1753 547 tollentur;
1790 484 1869 537 sin

293 578 577 632 adhibeam
611 578 823 640 acerba,
856 593 946 631 vos
974 578 1209 631 dolorem
1238 592 1340 629 non
1370 575 1659 629 sustinetis.
1690 576 1869 643 Angu-

294 668 416 720 stia:
462 666 595 719 mihi
647 676 772 720 sunt
815 666 1060 734 undique,
1100 664 1190 720 sed
1228 679 1402 732 operte
1447 664 1671 732 pretium
1718 664 1873 717 fuerit

294 773 516 810 manum
550 756 804 824 deinceps
845 756 1125 816 cohibere;
1170 754 1435 808 sufﬁciunt
1468 755 1609 807 enim
1639 752 1778 806 dicta
1806 753 1870 807 ad

296 860 512 909 eorum,
541 845 628 914 qui
656 846 839 898 attenti
872 843 1097 908 fuerint,
1125 842 1566 896 emendationem.
1604 841 1875 894 Verumta-

296 953 427 991 men
460 946 517 991 ut
554 953 657 990 non
689 937 855 990 solum
884 935 1064 999 vobis,
1101 933 1189 987 sed
1220 942 1270 986 et
1296 933 1501 985 cmtcris
1528 932 1669 984 utilia
1700 940 1873 984 vestra

295 1042 474 1095 opera
497 1028 653 1089 ﬁant,
682 1041 777 1094 age
799 1040 981 1079 rursus
1008 1039 1068 1077 ea
1096 1024 1394 1076 summatim
1419 1022 1638 1075 collecta
1668 1029 1873 1088 repeta.

296 1132 445 1170 nius.
483 1116 832 1170 Disseruimus
870 1115 935 1167 de
977 1113 1283 1182 Seraphim,
1328 1112 1651 1165 Ostendimus
1680 1119 1873 1179 quanta

295 1208 378 1260 sit
402 1206 647 1276 dignitas,
665 1206 811 1274 juxta
838 1205 1035 1273 regium
1060 1204 1246 1255 solium
1272 1211 1431 1265 stare,
1455 1212 1505 1253 et
1532 1202 1580 1252 in
1603 1200 1873 1253 hominum

296 1305 569 1365 potestate
590 1297 743 1349 situm
766 1310 902 1358 esse,
924 1305 974 1347 ut
998 1293 1301 1363 dignitatem
1327 1293 1468 1345 illam
1489 1291 1868 1360 adipiscantur.

297 1388 547 1441 Diximus
574 1387 639 1440 de
658 1386 774 1450 alis,
805 1395 857 1438 et
884 1384 949 1439 de
978 1384 1321 1437 inaccessibili
1348 1382 1438 1435 Dei
1463 1383 1669 1442 virtute.
1699 1382 1871 1451 deque

298 1475 655 1543 indulgentia,
684 1490 784 1543 qua
813 1489 869 1528 se
903 1474 1050 1527 nobis
1079 1472 1475 1539 attemperavit;
1507 1470 1792 1538 adiecimus
1822 1481 1876 1525 et

295 1579 520 1618 causam
544 1564 788 1618 clamoris
810 1578 870 1616 ac
893 1572 1155 1631 perpetum
1178 1560 1558 1624 admirationis,
1579 1571 1628 1613 et
1650 1559 1736 1628 qui
1761 1560 1870 1624 ﬁat,

301 1666 370 1708 nt
396 1655 520 1708 dum
545 1653 821 1722 Seraphim
847 1652 1201 1705 indesinenter
1232 1651 1395 1703 Deum
1425 1649 1869 1716 contemplantur,

296 1759 429 1797 cum
470 1742 827 1795 indesinenter
870 1754 1076 1810 quoque
1114 1739 1433 1809 gloriﬁcent;
1465 1737 1875 1791 commonefeci-

301 1846 429 1886 mus
462 1848 553 1885 vos
591 1831 799 1886 cuinam
840 1830 1003 1884 choro
1036 1844 1429 1893 accenseamur,
1463 1838 1515 1882 et
1538 1842 1656 1881 cum
1686 1826 1873 1894 quibus

299 1936 644 1975 communem
672 1919 945 1973 Dominum
965 1919 1263 1983 laudemus;
1293 1918 1580 1987 adjecimus
1600 1925 1654 1971 et
1674 1916 1738 1971 de
1762 1930 1874 1985 po:-

934 375 998 432 IN
1032 376 1231 431 ILLUD
1270 375 1489 440 [SM/IS,
1529 373 1665 430 EGO
1697 373 1987 431 DOMINUS
2026 375 2203 432 ΒΕυὸ
2242 376 2390 432 FECI
2429 377 2682 445 LUMEN,
2722 379 2870 436 EI'C.

3456 388 3568 441 142

1978 486 2189 541 nitentia
2219 502 2521 550 sermones;
2549 504 2609 544 ac
2639 490 2873 555 demum,
2895 507 3050 559 quam
3072 507 3228 562 grave
3255 494 3323 548 sit
3344 496 3541 552 malum

1974 590 2092 628 eum
2136 592 2293 643 prava
2334 580 2653 632 conscientia
2695 581 2760 633 ad
2806 596 2953 635 sacra
2981 585 3230 653 mysteria
3258 586 3536 651 accedere,

1974 665 2473 732 demonstravimus,
2501 680 2555 724 et
2592 687 2697 739 quo
2743 685 2893 740 pacto
2937 673 3048 727 ﬁeri
3089 687 3336 743 nequeat,
3367 687 3422 730 ut
3453 674 3548 746 qui

1976 767 2152 810 manet
2177 758 2518 823 incorrectus,
2554 776 2764 829 pinnam
2792 765 2970 817 evitet.
3000 765 3123 820 ll:rc
3151 777 3202 820 ct
3229 782 3359 821 uxor
3379 784 3405 820 a
3429 772 3545 821 viro

1975 847 2161 913 discat,
2185 857 2237 902 et
2264 848 2400 902 ﬁlius
2422 865 2447 901 a
2471 859 2640 918 patre,
2664 862 2713 905 et
2741 868 2927 907 servus
2955 870 2982 905 τι
3008 855 3241 918 domino,
3268 868 3318 911 et
3345 858 3546 911 vicinus

1976 954 2003 991 a
2033 941 2221 1007 vicino,
2248 950 2300 994 et
2325 942 2523 996 amicus
2553 943 2621 996 ab
2646 945 2844 1009 amico;
2876 946 2979 999 imo
3010 948 3168 1001 etiam
3200 948 3425 1004 inimicis
3447 952 3546 1003 ista

1979 1045 2250 1085 nrrremus
2275 1046 2287 1083 :
2313 1047 2431 1083 nam
2455 1041 2507 1085 et
2529 1033 2735 1086 illorum
2763 1035 2947 1087 salutis
2980 1036 3129 1089 nobis
3154 1046 3235 1090 est
3266 1040 3398 1091 ratio
3425 1040 3547 1093 red-

1977 1120 2166 1175 denda.
2205 1121 2259 1174 Si
2290 1122 2428 1173 enim
2456 1121 2661 1175 illorum
2690 1124 3151 1192 erigerejumenta
3181 1144 3295 1195 qua:
3332 1129 3538 1184 cecide-

1978 1211 2115 1274 rint,
2144 1220 2196 1264 et
2226 1227 2344 1279 qua:
2369 1212 2727 1265 aberraverint
2752 1229 3069 1268 conservare
3094 1230 3156 1269 ac
3182 1216 3433 1270 reducere
3460 1217 3546 1286 ju-

1977 1298 2164 1353 bemur
2190 1301 2207 1371 (
2231 1299 2397 1354 Exod.
2430 1300 2516 1355 25.
2553 1301 2657 1370 5),
2690 1303 2856 1357 multo
2883 1305 3048 1373 magis
3074 1316 3338 1359 errantem
3360 1321 3543 1359 eorum

1978 1393 2205 1446 animam
2228 1407 2323 1447 nos
2346 1392 2618 1457 reducere,
2637 1404 2689 1446 ct
2708 1396 2992 1462 collapsam
3014 1406 3221 1463 oportet
3241 1397 3463 1464 erigere.
3490 1395 3553 1451 Si

1977 1484 2077 1539 hoc
2100 1494 2252 1554 pacto
2273 1494 2481 1538 nostras
2500 1496 2552 1538 et
2574 1485 2928 1553 proximorum
2951 1502 3033 1539 res
3049 1487 3547 1554 dispensaverimus,

1978 1584 2100 1628 ante
2142 1575 2368 1627 tribunal
2416 1572 2609 1627 Christi
2658 1589 2775 1627 cum
2822 1574 3005 1627 ﬁducia
3047 1586 3186 1629 stare
3237 1577 3546 1644 poterimus,

1976 1680 2097 1719 eum
2141 1680 2246 1733 quo
2294 1665 2434 1717 Patri
2478 1664 2663 1732 gloria,
2708 1663 2896 1729 honor,
2942 1665 3236 1733 imperium,
3287 1681 3387 1718 una
3427 1680 3549 1719 cum

1977 1763 2159 1806 sancto
2192 1768 2254 1806 ac
2291 1754 2496 1807 viviﬁco
2534 1754 2749 1821 Spiritu,
2785 1768 2921 1807 nunc
2944 1763 2995 1807 et
3021 1768 3247 1822 semper,
3280 1763 3332 1807 et
3359 1756 3407 1807 iu
3439 1770 3542 1806 sa:-

1978 1842 2091 1895 cula
2119 1843 2455 1897 seculorum.
2490 1844 2691 1896 Ament

1713 2090 3328 2117 mm

1378 2430 1485 2488 AD
1521 2429 1924 2491 HOMILIAM
1964 2427 2462 2501 SEQUENTEM.

386 2680 610 2733 Difﬁcile
654 2692 819 2747 porro
873 2684 954 2730 est
993 2684 1230 2729 statuere
1280 2672 1649 2727 Antiochiazne
1675 2688 1743 2727 an
1775 2672 2235 2744 ConstantinOpoli
2288 2675 2428 2729 hanc
2475 2674 2724 2730 habuerit
2774 2675 3046 2732 homiliam
3095 2678 3540 2752 Chrysostonius.

303 2813 614 2881 Auguratur
643 2810 1036 2873 Tillemontius,
1066 2808 1529 2877 Constantinopoli
1577 2809 1773 2861 dictam
1812 2807 2000 2873 fuisse,
2056 2808 2180 2877 quia
2232 2808 2650 2880 Chrysostomus
2691 2813 2782 2867 hic
2827 2824 2949 2885 post
2988 2815 3153 2871 alium
3183 2818 3545 2874 conciouatus-

302 2945 541 3011 dicitur;
576 2945 667 2999 sed
692 2954 806 2999 tam
833 2944 935 2997 levi
959 2944 1280 3014 conjecturae
1309 2959 1377 2997 ne
1405 2943 1517 3013 ipse
1550 2942 1767 3012 quidem
1793 2942 2169 2997 Tillemontius
2202 2944 2514 3012 adstipulari
2547 2944 2728 3001 audet.

384 3089 763 3157 Interpretatio
785 3086 973 3142 Latina
1001 3098 1081 3144 est
1114 3087 1402 3142 Frontonis
1436 3086 1634 3141 Duetei.

972 3499 1089 3578 IN
1139 3494 1981 3577 PROPHET’ICUM
2034 3492 2491 3575 DICTUM
2551 3493 2934 3583 ILLUD,

285 3677 417 3720 EGO
462 3677 735 3719 pommus
777 3675 934 3717 DEUS
964 3674 1106 3716 reet
1151 3670 1361 3714 LUMEN
1395 3671 1475 3711 ET
1514 3667 1857 3721 TENEBRAS,
1887 3668 2146 3710 FACIENS
2190 3667 2422 3721 PACEM,
2468 3668 2548 3709 ετ
2593 3668 2831 3712 cnnans
2877 3668 3042 3711 sum
3091 3649 3267 3731 (Isai.
3302 3651 3401 3711 ἠΰ.
3446 3656 3533 3734 τ).

1700 3793 2114 3847 ωιεςωεηωθ

369 3936 417 3989 ι.
459 3934 626 3989 Pauca
652 3943 772 3987 sunt
801 3933 1011 4002 quidem
1035 3931 1194 3996 dicta,
1219 3932 1311 3985 sed
1333 3929 1502 3984 dulcis
1541 3930 1659 3983 foris
1687 3930 1858 3983 mellis

283 4039 399 4089 εει,
443 4025 613 4078 mellis
652 4024 790 4092 quod
840 4023 1105 4077 fastidium
1145 4022 1363 4074 minime
1403 4020 1553 4088 parit.
1595 4019 1724 4072 Nam
1761 4019 1862 4073 hoc

281 4116 505 4184 quidem
532 4116 632 4170 mel
660 4115 852 4169 sensile
893 4115 1216 4183 voluptatem
1256 4114 1306 4166 iu
1352 4113 1525 4179 lingua
1556 4112 1698 4175 ﬁnit,
1728 4122 1780 4164 et
1807 4112 1859 4163 in

280 4205 683 4271 corruptionem
708 4204 819 4257 abit
850 4203 991 4256 :mel
1030 4216 1154 4255 vero
1191 4200 1444 4254 doctrina:
1485 4200 1859 4254 conscientiam

281 4293 457 4346 afﬁcit
492 4292 586 4362 (a),
618 4307 840 4361 eamque
882 4300 1129 4361 perpetua
1181 4290 1358 4343 lwtitia
1401 4288 1690 4358 perfundit,
1720 4299 1771 4344 et
1793 4290 1859 4343 ad

281 4386 744 4438 immortalitatem
785 4398 881 4437 nos
915 4382 1144 4437 deducit.
1187 4385 1357 4450 Atque
1396 4381 1518 4434 illud
1560 4381 1770 4449 quidem
1796 4398 1862 4436 ex

282 4473 475 4527 herbis
516 4474 880 4542 componitur,
911 4472 1011 4525 hoc
1050 4481 1225 4526 autem
1255 4488 1319 4525 ex
1348 4470 1539 4524 divinis
1575 4470 1861 4540 Scripturis

282 4563 492 4618 texitur
517 4580 529 4614 :
564 4563 663 4615 hoc
686 4577 779 4615 vos
809 4561 1066 4615 hodierno
1092 4562 1178 4614 die
1211 4560 1495 4628 complevit
1522 4561 1585 4623 is,
1615 4561 1702 4630 qui
1728 4576 1861 4630 pra:-

280 4653 437 4708 clare
458 4650 607 4716 dixit,
629 4660 682 4704 et
707 4650 1019 4705 obedientiae
1037 4649 1307 4718 przemium
1335 4651 1641 4717 reportavit,
1669 4665 1730 4704 ac
1758 4652 1859 4704 vim

280 4741 528 4795 caritatis
562 4748 615 4793 et
658 4739 776 4793 ﬁdei
818 4740 1141 4794 nobilitatem
1178 4740 1428 4793 ostendit.
1454 4741 1563 4809 Age
1591 4755 1717 4807 ergo
1764 4755 1861 4794 nos

280 4844 504 4901 quoque
546 4830 706 4883 multa
752 4845 871 4884 cum
906 4831 1179 4885 alacritate
1208 4830 1415 4884 solitam
1446 4846 1681 4885 mensam
1710 4830 1861 4887 vobis

284 4935 505 4978 rursum
552 4936 909 4990 apponamus:
960 4937 1063 4975 non
1103 4922 1243 4975 enim
1293 4921 1627 4976 mediocriter
1664 4924 1862 4992 gaude-

283 5026 435 5077 mus,
459 5013 595 5082 quod
621 5029 739 5066 cum
769 5012 900 5065 adeo
920 5012 1155 5066 celebres
1179 5014 1282 5065 sint
1308 5012 1414 5066 ludi
1442 5012 1739 5076 Circenses,
1771 5014 1858 5065 illa

281 5103 493 5158 ludicra
531 5103 873 5169 occupatione
920 5110 1219 5170 contempta
1260 5102 1362 5156 huc
1410 5110 1552 5155 tanta
1580 5101 1859 5154 multitudo

278 5191 621 5247 conﬂuxerit.
643 5191 897 5257 Quocirca
921 5205 1017 5243 nos
1038 5191 1193 5243 etiam
1221 5192 1380 5244 multa
1404 5206 1521 5244 cum
1548 5190 1859 5243 liberalitate

279 5290 547 5336 craterem
572 5280 853 5336 statuimus
872 5320 886 5343 ,
910 5289 1166 5334 craterem
1194 5280 1282 5347 qui
1303 5279 1610 5334 ebrietatem
1642 5279 1859 5333 minime

355 5458 424 5519 (ιι)
450 5456 507 5519 1η
540 5465 722 5519 Graeco,
751 5466 1018 5519 ςτιιὺοπᾳι-τῷ
1036 5450 1528 5519 σννιιδςςτιτΑᾱ-Ιίιθηιη
1548 5458 1640 5508 est,
1665 5450 1856 5499 abscon-

282 5510 419 5567 ditur
440 5518 487 5568 in
505 5510 815 5568 conscientia.
828 5510 1024 5562 Savilius
1038 5512 1303 5571 suspicatur
1322 5510 1583 5571 legendum
1604 5524 1732 5569 esse,
1748 5524 1855 5567 ιτιά-

285 5525 419 5567 ιωιιν
440 5525 487 5568 in
505 5525 815 5568 conscientia.
828 5525 1024 5562 savmus
1038 5525 1303 5618 suspicatur
1322 5525 1583 5571 tegendum
1604 5525 1855 5569 8588,1116.-

285 5593 400 5629 ιιω.
425 5580 513 5629 Sed
530 5580 646 5628 nihil
663 5584 941 5639 suSpectum
960 5576 1008 5621 in
1024 5574 1113 5639 bac
1150 5573 1337 5639 egique
1355 5572 1698 5639 animadverto.
1717 5578 1855 5621 Fron-

284 5649 337 5689 to
362 5648 551 5690 tmczaus
594 5631 764 5694 vertit;
786 5634 1118 5684 conscientiam
1139 5631 1303 5696 afﬁcit,
1336 5634 1491 5696 magis
1530 5645 1722 5681 sensum
1745 5646 1783 5695 si
1804 5647 1853 5681 e-

281 5714 427 5759 ctaus,
454 5718 594 5761 quam
624 5696 984 5762 etymologiam.

1966 3930 2149 3998 gignit,
2195 3929 2291 3982 sed
2340 3931 2737 3996 temperant'am
2782 3930 2939 3995 parit.
2967 3928 3093 3982 Tale
3134 3945 3359 3997 namque
3390 3931 3534 3987 Scri-

1966 4028 2234 4085 pturarum
2261 4027 2342 4071 est
2362 4018 2561 4081 vinum,
2596 4017 2715 4070 talia
2748 4032 2945 4071 mensa:
2972 4030 3090 4071 sunt
3115 4019 3265 4073 istius
3285 4022 3533 4075 obsonia:

1965 4110 2211 4175 pinguem
2241 4116 2293 4160 et
2318 4108 2529 4161 obesam
2559 4122 2773 4161 carnem
2812 4123 2915 4160 non
2948 4109 3191 4162 reddunt.
3234 4111 3293 4164 Et
3323 4111 3434 4167 ha-c
3455 4114 3535 4165 di-

1965 4200 2151 4264 cimus,
2179 4214 2280 4253 non
2306 4210 2362 4252 ut
2384 4200 2667 4269 ignominia
2694 4215 2905 4253 carnem
2937 4200 3251 4264 afﬁciamus,
3282 4202 3372 4254 sed
3395 4204 3535 4269 quod

1965 4291 2154 4343 anima:
2198 4290 2522 4344 nobilitatem
2567 4289 2733 4357 pluris
2778 4291 3147 4343 mstimemus:
3200 4306 3372 4359 neque
3410 4306 3536 4345 vero

1967 4394 2117 4433 usum
2161 4380 2448 4446 rrjieimus,
2487 4378 2579 4430 scd
2613 4391 2887 4431 excessum
2928 4379 3282 4446 reprimimns.
3311 4380 3363 4435 Si
3394 4380 3533 4434 enim

1966 4471 2417 4541 pbilosophemur,
2442 4471 2509 4522 ita
2540 4467 3015 4538 philosophandum
3041 4480 3141 4537 est,
3175 4479 3231 4525 ut
3256 4471 3529 4526 Ιιωτειὶιιοε

1966 4576 2080 4614 rum
2102 4558 2179 4629 (α)
2210 4559 2397 4627 linguis
2426 4572 2610 4612 ansam
2651 4573 2756 4612 non
2796 4557 2999 4613 demus.
3031 4558 3161 4612 Nam
3197 4561 3296 4615 hoc
3323 4562 3537 4631 quidem

1964 4664 2157 4718 corpus
2205 4650 2378 4703 minus
2416 4659 2499 4702 est
2543 4650 2739 4713 anima,
2783 4651 3105 4704 contrarium
3158 4667 3281 4706 vero
3324 4669 3428 4707 non
3458 4670 3540 4714 cst

1965 4740 2154 4792 animle
2186 4756 2199 4791 :
2232 4737 2322 4790 sed
2346 4737 2566 4804 simplex
2600 4747 2681 4791 est
2701 4738 2916 4806 quidem
2947 4739 3053 4806 illa,
3086 4756 3269 4794 verum
3300 4746 3537 4810 corporis

1965 4828 2339 4895 cupiditatibus
2386 4826 2688 4879 famulatur.
2720 4829 2857 4881 Deus
2886 4829 3026 4882 enim
3054 4830 3239 4883 artifex
3275 4843 3536 4898 prmstan-

1967 4919 2196 4972 tissimus
2216 4931 2317 4969 non
2340 4931 2404 4969 ex
2426 4931 2525 4968 una
2548 4927 2601 4969 et
2620 4915 2826 4968 duabus
2843 4928 2895 4971 et
2921 4917 3086 4969 tribus
3110 4920 3416 4972 substantiis
3438 4920 3538 4974 hoc

1964 5012 2263 5064 universum
2290 5007 2563 5061 constituit
2586 5048 2600 5072 ,
2632 5007 2725 5061 sed
2755 5007 2925 5060 varias
2946 5022 3006 5059 ac
3031 5007 3305 5062 distinctas
3336 5010 3538 5065 invexit

1966 5114 2195 5165 naturas,
2233 5111 2288 5155 ut
2316 5102 2687 5156 abundantiam
2711 5102 2979 5169 sapicntim
3005 5116 3113 5154 sua:
3147 5103 3197 5155 in
3228 5103 3534 5159 diversitate

1965 5208 2139 5246 rerum
2184 5193 2511 5245 ostenderet.
2537 5190 2651 5245 Non
2686 5191 2829 5244 enim
2861 5192 3046 5245 cadum
3074 5192 3310 5247 condidit
3338 5197 3531 5259 solum,

1963 5281 2055 5335 sed
2081 5292 2134 5334 et
2160 5291 2351 5335 terram
2378 5297 2393 5334 :
2417 5295 2521 5334 non
2549 5289 2741 5334 terram
2773 5280 2964 5343 Solum,
2996 5281 3089 5334 sed
3113 5294 3159 5335 et
3188 5284 3353 5337 solem
3381 5300 3396 5337 :
3427 5300 3535 5340 non

1962 5373 2124 5427 solem
2173 5372 2350 5435 modo,
2379 5372 2471 5425 sed
2508 5381 2561 5425 et
2594 5372 2767 5425 lunam
2801 5389 2815 5425 :
2863 5388 2965 5425 non
3008 5373 3182 5427 lunam
3218 5374 3408 5439 solum,
3438 5376 3535 5429 sed

1961 5474 2011 5517 et
2037 5464 2214 5517 stellas
2240 5479 2253 5515 :
2295 5476 2400 5515 non
2421 5461 2602 5515 stellas
2627 5461 2819 5525 solum,
2848 5460 2940 5515 sed
2966 5471 3019 5515 et
3040 5477 3215 5516 aerem
3244 5478 3259 5517 :
3302 5478 3407 5515 non
3438 5479 3531 5517 ae-

1960 5570 2069 5611 rem
2091 5556 2281 5620 solum,
2309 5554 2402 5609 sed
2422 5561 2476 5609 et
2495 5552 2688 5607 nubes:
2715 5568 2819 5608 non
2848 5553 3016 5609 nubes
3032 5554 3229 5622 solum,
3252 5554 3347 5610 sed
3372 5557 3534 5613 etiam

2018 5690 2089 5751 (α)
2124 5685 2396 5738 Manichaeos
2418 5683 2662 5748 intelligit.
