4144 6472
606 398 717 452 143

589 505 788 562 athera
818 521 835 559 τ
866 520 968 559 non
999 504 1196 559 ethera
1224 502 1418 568 solum,
1450 500 1541 556 sed
1567 501 1724 555 etiam
1763 498 1929 560 lacus,
1960 495 2147 560 fontes,

592 596 800 659 ﬂuvios,
822 603 1049 660 montes,
1079 593 1262 658 valles,
1286 592 1470 657 colies,
1498 598 1668 660 prata,
1692 589 1897 653 hortos,
1926 586 2152 652 semina,

592 687 821 756 plantas,
856 684 1134 738 herbarum
1163 682 1304 735 varia
1326 695 1541 750 genera,
1571 681 1869 747 formasque
1897 675 2154 736 diversas,

592 778 732 829 vires
762 774 1017 837 diversas,
1048 786 1109 825 ac
1129 770 1366 825 diversas
1391 777 1606 823 naturas
1627 780 1847 821 cernere
1874 764 2085 833 poterit,
2112 764 2155 816 si

592 865 712 934 quis
756 862 1008 917 tnuudum
1052 861 1281 930 undique
1308 859 1544 913 lustrarit
1574 874 1587 922 ;
1629 856 1745 911 etsi
1780 864 1943 908 totum
1972 853 2154 907 urbem

592 966 857 1015 terrarum
901 953 1219 1022 cogitatione
1257 951 1599 1019 percurrerit,
1641 962 1760 1003 cum
1808 947 2059 1016 propheta
2105 946 2155 997 in

590 1050 688 1101 has
708 1060 865 1101 voces
889 1053 1165 1113 erumpet:
1192 1042 1356 1111 Quam
1382 1042 1705 1113 magniﬁcam
1728 1048 1841 1094 sunt
1869 1053 2020 1105 opera
2050 1047 2155 1100 tua,

591 1137 846 1191 Domine!
875 1134 1058 1189 Omnia
1100 1136 1150 1188 in
1195 1134 1439 1203 sapientia
1485 1132 1643 1203 fecisti
1677 1131 1844 1201 (Psal.
1883 1131 2003 1184 105.
2042 1129 2156 1197 24).

592 1228 772 1297 Itaque
796 1228 840 1281 si
872 1228 1133 1281 theatrum
1174 1234 1416 1295 spectare
1443 1224 1591 1292 cupis
1616 1264 1631 1288 ,
1672 1222 1736 1276 ad
1766 1222 1867 1276 hoc
1891 1220 2159 1289 spirituale

592 1316 832 1371 satanico
860 1315 950 1369 illo
980 1314 1232 1369 derelicto
1259 1314 1422 1367 veni:
1466 1314 1509 1367 si
1554 1312 1717 1383 lyram
1765 1309 1914 1379 cupis
1956 1308 2158 1373 audire,

595 1406 686 1459 illo
717 1413 978 1459 concentu
1011 1404 1247 1470 dimisso,
1289 1413 1340 1457 et
1366 1403 1597 1457 excitato
1626 1401 1817 1455 mentis
1845 1408 1947 1453 tuae
1970 1399 2160 1455 robore

594 1494 658 1547 ad
689 1493 824 1547 hanc
854 1494 970 1548 veni
997 1533 1010 1556 ,
1038 1509 1154 1563 qua:
1182 1494 1414 1547 animum
1439 1502 1585 1546 tuum
1617 1491 1795 1561 erigit,
1825 1498 2160 1559 mentemque

593 1585 890 1639 eonlirmat.
920 1583 1051 1639 Vide
1077 1593 1132 1637 ut
1157 1584 1269 1639 soni
1297 1583 1509 1648 diversi,
1533 1581 1848 1651 chordasque
1878 1579 2159 1645 distinctas,

594 1689 803 1729 summo
854 1673 1028 1744 opifici
1078 1674 1186 1731 Deo
1239 1690 1397 1727 unum
1438 1682 1492 1728 et
1530 1672 1898 1727 suavissimum
1933 1669 2162 1738 undique

595 1776 909 1821 concentum
933 1766 1192 1821 emittant.
1223 1765 1330 1820 Ceu
1354 1768 1492 1820 enim
1524 1766 1735 1835 quidam
1764 1777 1927 1819 sonus
1946 1762 2161 1833 spiritus

595 1874 661 1911 ex
680 1856 1047 1911 diﬂ'erentibus
1076 1857 1219 1911 sonis
1248 1856 1505 1911 conﬂatus
1548 1872 1708 1910 unum
1745 1855 1903 1912 habet
1931 1868 2161 1909 concen-

598 1957 706 2000 tum
733 1948 1187 2016 glorificationem,
1212 1963 1311 2017 qua
1336 1947 1568 2002 celebrat
1593 1946 1969 2002 Conditorem:
1997 1955 2051 2000 et
2075 1962 2161 2000 so-

597 2048 727 2093 nant
759 2039 969 2108 quidem
1010 2041 1295 2109 separatim
1331 2038 1543 2095 chorda:
1569 2040 1789 2110 singula:
1812 2081 1827 2107 ,
1856 2049 2046 2095 sonant
2071 2054 2161 2093 au-

596 2137 704 2183 tem
751 2140 805 2183 et
848 2129 985 2184 inter
1014 2144 1072 2184 se
1101 2131 1416 2198 conjunctae.
1448 2130 1620 2200 Atque
1653 2137 1710 2183 ut
1738 2129 1998 2199 intelligas
2018 2169 2035 2193 ,
2058 2144 2162 2196 quo

596 2226 753 2287 pacto
799 2219 1083 2287 separatim
1131 2227 1343 2286 sonent,
1388 2220 1505 2273 οωιί
1549 2218 1803 2275 cbordam
1846 2218 2164 2288 cogitatione

596 2308 823 2376 pulsato,
858 2318 965 2362 tum
993 2308 1189 2379 ingenti
1219 2309 1360 2362 edito
1386 2323 1518 2363 sono
1547 2308 1731 2363 audies
1756 2323 1873 2363 eam
1904 2309 2013 2363 Deo
2044 2309 2161 2361 lau-

597 2399 717 2453 dem
757 2399 969 2455 olferre.
1016 2400 1166 2468 Quod
1210 2415 1329 2455 cum
1384 2400 1843 2455 animadvertisset
1885 2401 2163 2470 propheta,

599 2490 731 2543 dixit
759 2508 772 2543 :
801 2489 923 2545 Catii
950 2501 1183 2544 euarrant
1203 2491 1415 2561 gloriam
1443 2491 1559 2556 Dei,
1587 2507 1713 2559 opus
1732 2502 1899 2545 autem
1929 2508 2165 2549 manuum

598 2580 709 2646 ejus
754 2581 1019 2634 annuntiat
1068 2582 1439 2649 ﬁrmamentum
1484 2580 1650 2653 (Psal.
1695 2582 1779 2637 i8.
1824 2580 1903 2652 2).
1954 2581 2036 2637 Ab
2076 2581 2163 2636 illa

599 2668 799 2724 chorda
826 2670 892 2724 ad
918 2671 1020 2728 diei
1064 2673 1339 2742 noctisque
1365 2672 1617 2727 chordam
1647 2672 1908 2728 descende
1926 2713 1940 2739 ,
1977 2683 2083 2727 tum
2111 2684 2167 2728 et

603 2759 701 2813 hos
729 2758 841 2831 lyra
869 2762 1052 2829 quavis
1077 2771 1131 2816 et
1154 2762 1354 2817 cithara
1396 2764 1669 2817 suaviores
1695 2746 1859 2817 emitti
1888 2776 2052 2817 sonos
2090 2764 2165 2815 vi-

599 2849 793 2905 debis:
845 2851 1138 2919 prazsertim
1182 2866 1309 2906 vero
1348 2866 1471 2906 cum
1523 2851 1750 2907 adfuerit
1797 2852 1885 2923 qui
1942 2851 2167 2907 chordas

602 2941 729 2994 istas
769 2941 979 3009 pulsare
1025 2942 1249 2996 noverit.
1276 2942 1514 3009 Quonam
1550 2952 1728 2999 autem
1758 2954 1912 3014 pacto
1937 2945 2166 2999 sonant?

600 3030 740 3085 diust
765 3030 974 3099 aliquis.
1015 3031 1210 3087 Caelum
1240 3046 1345 3087 non
1372 3047 1432 3087 os
1461 3042 1666 3099 movet,
1700 3049 1870 3104 neque
1895 3034 2121 3105 linguam
2146 3075 2165 3102 ,

601 3135 772 3189 neque
801 3121 1051 3190 palatum,
1076 3138 1245 3193 neque
1271 3123 1478 3190 dentes,
1497 3140 1667 3195 neque
1692 3125 1869 3180 labra:
1902 3125 2165 3195 quomodo

602 3227 727 3280 ergo
756 3228 857 3266 vox
883 3213 1092 3268 oritur?
1119 3215 1383 3283 quomodo
1411 3224 1584 3269 autem
1614 3214 1727 3270 dies
1766 3217 1995 3286 loquitur
2021 3216 2167 3273 2N0-

603 3318 708 3371 que
749 3304 889 3357 enim
922 3303 1035 3358 haec
1074 3306 1269 3359 vocalia
1298 3315 1419 3360 sunt
1450 3307 1793 3361 instrumenta
1815 3347 1830 3373 ,
1862 3306 1955 3361 sed
1982 3321 2171 3361 cursus

602 3392 731 3446 solis
752 3401 805 3447 et
830 3392 968 3448 luna
992 3392 1103 3448 dies
1128 3404 1205 3449 est
1227 3403 1281 3449 et
1308 3410 1436 3462 nox,
1456 3396 1807 3465 temporisque
1837 3412 2167 3465 progressus.

604 3481 681 3537 Ne
709 3482 866 3552 igitur
888 3497 951 3537 ex
991 3484 1336 3539 crassioribus
1370 3484 1561 3555 aliquis
1602 3484 1680 3538 his
1709 3486 1901 3541 auditis
1930 3502 2167 3545 commo-

607 3582 794 3628 veatur
820 3588 883 3627 ac
909 3574 1245 3643 perturbetur
1267 3615 1280 3637 ,
1308 3574 1429 3629 audi
1465 3590 1570 3645 quo
1610 3587 1762 3646 pacto
1792 3576 1875 3631 his
1900 3618 1913 3642 ,
1941 3592 2056 3648 quas
2082 3577 2165 3631 di-

604 3671 687 3717 cta
737 3672 878 3729 sunt,
934 3663 1128 3719 addere
1178 3664 1375 3734 majora
1419 3667 1689 3721 contendit
1733 3667 2006 3736 prepheta.
2037 3668 2166 3723 Cum

606 3752 748 3806 enim
778 3752 937 3806 caelos
986 3752 1078 3806 Dei
1117 3752 1337 3821 gloriam
1378 3768 1625 3809 enarrare
1663 3756 1917 3818 dixisset,
1947 3765 2001 3810 et
2025 3756 2167 3811 diem

604 3840 709 3895 diei
739 3842 956 3895 verbum
984 3849 1244 3905 cruetare,
1272 3853 1587 3913 noctemque
1616 3845 1755 3899 nocti
1779 3846 2051 3900 scientiam
2083 3849 2167 3901 in-

605 3930 782 3985 dicare
802 3929 963 4000 (Ibid.
992 3946 1041 3986 υ.
1068 3932 1146 4002 5).
1171 3948 1273 3986 non
1302 3932 1386 3987 hic
1410 3933 1662 4001 substitit,
1681 3935 1774 3990 sed
1796 3934 2024 4004 adjecit:
2051 3936 2170 3991 Non

606 4027 721 4072 sunt
750 4019 979 4087 loquela,
1015 4036 1169 4090 neque
1206 4037 1478 4089 sermones,
1521 4040 1732 4091 quarunt
1767 4041 1866 4080 non
1901 4026 2173 4080 audiantur

606 4127 746 4166 voces
772 4127 943 4164 eorum
980 4110 1141 4178 (Ibid.
1170 4128 1220 4165 υ.
1246 4114 1322 4183 4).
1350 4114 1546 4168 Horum
1577 4125 1749 4171 autem
1779 4118 2058 4172 verborum
2086 4117 2172 4173 hic

606 4216 796 4260 sensus
824 4210 904 4256 est
938 4220 951 4257 :
984 4201 1097 4257 Non
1127 4204 1295 4258 solum
1325 4219 1505 4260 vocem
1539 4206 1731 4261 habent
1758 4207 1875 4263 dies
1897 4249 1910 4272 ,
1941 4219 1994 4263 et
2024 4225 2126 4263 nox
2153 4252 2168 4276 ,

608 4291 871 4347 etctelum
906 4294 945 4357 ¹,
989 4293 1080 4347 sed
1125 4303 1175 4348 et
1216 4309 1396 4349 vocem
1444 4297 1725 4365 ejusmodi,
1755 4313 1871 4367 qua:
1898 4300 2170 4370 insignior,

605 4380 820 4446 clarior,
867 4388 920 4435 et
962 4383 1134 4437 acrior
1174 4385 1242 4438 sit
1285 4384 1531 4438 humana.
1577 4386 1693 4451 Quo
1729 4386 1937 4441 tandem
1983 4390 2173 4456 pacto?

606 4470 741 4526 Audi
764 4471 875 4541 ipsa
902 4471 1015 4541 eius
1041 4474 1218 4529 verba.
1252 4474 1370 4528 Non
1408 4486 1522 4529 sunt
1543 4477 1771 4544 loquela’,
1804 4493 1960 4548 neque
1984 4495 2172 4533 sermo-

607 4577 944 4632 nes,quarum
993 4580 1094 4617 non
1137 4566 1408 4619 audiantur
1451 4582 1589 4620 voces
1627 4583 1814 4621 eorum.
1843 4569 1977 4636 Quid
2018 4572 2172 4641 igitur

608 4652 709 4708 hoc
734 4662 815 4709 est
838 4655 860 4707 7
883 4655 1191 4711 Encomium
1220 4657 1389 4723 vocis,
1421 4658 1533 4712 laus
1562 4660 1675 4712 soni
1710 4659 2005 4729 hujus.Vox
2032 4664 2170 4716 enim

608 4758 725 4799 mea
765 4755 886 4799 nota
917 4755 997 4799 est
1024 4746 1129 4812 illi,
1158 4748 1243 4817 qui
1272 4748 1453 4803 eadem
1484 4764 1688 4803 mecum
1719 4750 1891 4821 lingua
1922 4752 2171 4821 loquitur,

606 4833 654 4887 ei
684 4847 810 4891 vero
837 4836 924 4905 qui
950 4834 1179 4901 diversa,
1209 4851 1312 4890 non
1337 4838 1483 4892 item.
1508 4838 1741 4907 Exempli
1765 4842 2002 4905 causa,si
2030 4842 2173 4898 Gne-

605 4939 665 4979 ca
694 4924 868 4995 lingua
899 4926 1105 4996 loquar,
1141 4936 1195 4981 et
1219 4942 1402 4982 vocem
1434 4928 1571 4984 hanc
1600 4932 1803 4985 noverit
1828 4932 2018 5002 aliquis
2039 4974 2051 4997 ,
2084 4934 2173 4989 illc

608 5030 696 5072 me
720 5017 898 5072 audiet
931 5036 945 5072 :
984 5018 1176 5090 Scytha
1207 5034 1333 5074 vero
1357 5062 1373 5087 ,
1406 5020 1600 5086 Thrax,
1633 5023 1844 5077 Maurus
1864 5065 1877 5090 ,
1905 5034 1994 5079 aut
2017 5024 2174 5079 Indus

609 5120 715 5160 non
746 5108 867 5163 item
903 5125 915 5160 :
948 5109 1142 5177 quippe
1171 5111 1311 5178 quod
1345 5111 1535 5180 lingua:
1574 5111 1855 5168 discrimen
1901 5116 2170 5186 impediat,

608 5211 677 5251 ne
706 5196 778 5250 illi
805 5211 979 5253 sermo
1010 5212 1159 5252 meus
1188 5199 1498 5255 innotescat.

677 5286 733 5342 2.
764 5287 983 5357 Loquela
1008 5299 1348 5343 creaturarum
1380 5290 1539 5344 Deum
1564 5294 1879 5348 laudantium
1902 5296 2081 5363 qualis.
2110 5325 2178 5335 —

610 5380 814 5437 Rursus
839 5396 957 5451 ego,
986 5383 1028 5435 si
1056 5383 1299 5452 loquatur
1323 5383 1515 5455 Scytha
1544 5386 1623 5440 vel
1649 5386 1843 5450 Thrax,
1870 5388 2049 5441 audire
2074 5404 2176 5442 non

678 5534 709 5602 ᾗ
728 5533 801 5581 sic
833 5545 895 5602 ex
921 5534 1195 5602 conjectura
1219 5537 1428 5602 restituit
1461 5542 1632 5602 Fronto
1668 5544 1883 5595 nucrcus,
1913 5544 1964 5587 et
1984 5540 2178 5601 quidem

612 5592 811 5652 optime.
839 5593 975 5658 Apud
998 5592 1216 5658 Sardium
1240 5594 1437 5658 legitur,
1463 5595 1591 5658 (dies,
1619 5604 1663 5646 et
1687 5611 1799 5655 nox,
1825 5592 1981 5649 etnon
2004 5592 2139 5651 'homo
2161 5613 2179 5651 :

568 5692 569 5695 η
614 5664 792 5724 verum
809 5653 995 5724 conjltc‘it
1019 5653 1101 5702 ille
1128 5657 1173 5702 in
1199 5653 1431 5724 margine
1461 5657 1722 5724 legendum
1770 5653 1895 5720 esse,
1924 5668 1967 5711 ct
1992 5661 2177 5723 t‘u'lttm,

617 5720 669 5761 et
696 5720 832 5763 recte
856 5714 1050 5776 quidem
1074 5730 1086 5764 :
1116 5728 1222 5765 nam
1248 5714 1325 5766 sic
1338 5714 1759 5781 scusus‘postulat.

1260 384 1316 439 S.
1352 381 1629 439 JUANNIS
1664 378 2006 438 CBRYSOS'I
2020 374 2139 435 OMl
2174 372 2487 431 ARCHIEP.
2524 374 3054 434 CONSTANTINOP.

3704 402 3819 456 144

2266 500 2469 563 potero,
2493 508 2663 562 neque
2693 493 2823 546 alter
2852 494 3079 563 linguam
3107 493 3319 549 alterius
3350 511 3362 547 :
3392 493 3444 547 in
3467 493 3598 549 caelo
3624 502 3825 557 autem,

2262 585 2313 638 iu
2346 594 2498 639 noete
2523 599 2583 637 ac
2612 583 2697 638 die
2723 585 2895 637 locum
2920 584 2969 636 id
2994 598 3096 637 non
3122 583 3297 648 habet,
3324 582 3415 639 sed
3439 584 3694 652 ejusmodi
3722 599 3827 637 Vox

2262 674 2473 727 illorum
2502 684 2599 736 est,
2632 683 2687 726 ut
2717 674 2782 725 ab
2809 674 2951 726 omni
2985 674 3176 741 lingua,
3210 674 3276 727 ab
3302 674 3441 727 omni
3474 673 3675 742 loquela
3706 687 3830 740 pos-

2262 766 2327 819 sit
2353 765 2539 832 audiri,
2571 766 2723 833 eique
2748 766 2887 820 clara
2914 766 2982 821 sit
3006 775 3059 820 ct
3083 766 3377 835 perspicua.
3402 765 3681 832 Propterea
3704 778 3823 816 cum

2262 847 2420 909 ca-los
2451 856 2539 909 Dei
2568 856 2784 923 gloriam
2814 872 3062 910 enarrare
3086 856 3320 917 dixisset,
3350 865 3401 910 et
3426 857 3561 911 diem
3581 855 3683 909 diei
3706 872 3828 908 vcr-

2262 946 2387 999 bum
2416 958 2686 1010 eructare,
2720 947 2909 1015 adjecit
2938 965 2949 1002 :
2984 945 3099 999 Non
3127 955 3240 1000 sunt
3266 946 3505 1016 loquelae,
3531 961 3685 1014 neque
3712 961 3822 998 ser-

2262 1055 2451 1101 mones,
2477 1054 2685 1107 quorum
2714 1055 2810 1091 non
2841 1040 3108 1092 audiantur
3132 1053 3273 1091 voces
3299 1053 3487 1091 eorum.
3514 1036 3638 1103 Qua:
3663 1036 3823 1089 verba

2265 1132 2419 1184 talem
2450 1132 2760 1184 sententiam
2797 1130 2990 1185 habent
3019 1148 3031 1182 :
3063 1129 3241 1184 Talem
3287 1129 3481 1184 habent
3521 1128 3782 1197 loquelam
3807 1168 3822 1189 ,

2265 1220 2526 1289 talemque
2553 1234 2733 1274 vocem
2764 1219 2957 1273 habent
2984 1218 3115 1285 dies,
3148 1235 3268 1281 nox,
3296 1227 3345 1271 et
3374 1218 3577 1280 caelum,
3608 1230 3825 1269 omnes-

2264 1327 2365 1380 que
2393 1322 2647 1366 creatura:
2668 1354 2680 1375 ,
2713 1322 2769 1365 ut
2808 1312 2876 1365 ab
2916 1312 3156 1366 omnibus
3192 1310 3413 1379 loquelis
3436 1350 3451 1371 ,
3486 1310 3583 1361 hoc
3610 1316 3685 1361 est
3711 1347 3725 1370 ,
3759 1306 3827 1358 rb

2264 1401 2508 1456 omnibus
2538 1401 2744 1470 linguis,
2775 1401 2840 1454 ab
2868 1401 3107 1455 omnibus
3132 1400 3373 1470 gentibus
3400 1413 3497 1451 vox
3525 1411 3707 1451 eorum
3727 1411 3826 1447 au-

2264 1494 2454 1548 diatur.
2484 1494 2596 1547 Non
2626 1493 2765 1548 enim
2789 1504 2865 1548 est
2898 1492 3120 1562 loquela,
3147 1493 3334 1560 inquit,
3365 1491 3465 1545 hoc
3491 1498 3591 1554 est,
3615 1504 3719 1543 non
3743 1497 3825 1541 e-t

2264 1598 2414 1653 gens,
2446 1599 2549 1637 non
2578 1593 2658 1638 est
2681 1599 2803 1650 vox,
2833 1584 2917 1637 ubi
2950 1598 3048 1636 vox
3077 1582 3191 1637 cadi
3222 1597 3324 1635 non
3353 1580 3627 1635 audiatur:
3654 1578 3746 1633 sed
3774 1586 3828 1632 et

2265 1674 2481 1745 Scytha,
2507 1685 2559 1729 et
2581 1676 2776 1741 Thrax,
2805 1686 2857 1729 et
2880 1675 3107 1740 Maurus,
3134 1684 3187 1729 et
3214 1673 3389 1738 Indus,
3416 1681 3469 1727 et
3494 1672 3823 1731 Sauromata,

2265 1774 2318 1820 et
2345 1766 2549 1834 loquela
2577 1766 2767 1829 omnis,
2791 1775 2841 1818 et
2872 1765 3045 1834 lingua
3076 1765 3244 1818 omnis
3273 1774 3325 1818 et
3347 1778 3473 1832 gens
3500 1762 3667 1816 omnis
3688 1760 3827 1814 hare

2266 1870 2451 1910 vocem
2480 1857 2671 1924 poterit
2700 1856 2966 1910 exaudire.
2998 1855 3112 1922 Quo
3140 1854 3347 1908 tandem
3378 1852 3566 1922 pacto?
3585 1850 3694 1906 Hoc
3717 1851 3827 1918 jam

2265 1945 2407 2010 audi,
2440 1954 2497 1999 ut
2525 1945 2784 2014 intelligas
2814 1960 2913 2013 qua
2943 1946 3142 1999 ratione
3166 1943 3351 1998 crium
3381 1941 3597 1997 tacendo
3626 1940 3828 2009 loqua-

2268 2046 2368 2090 tur.
2398 2036 2526 2091 Cum
2553 2037 2689 2091 enim
2717 2036 2909 2091 videris
2934 2036 3047 2105 ejus
3076 2032 3537 2104 pulchritudinem,
3568 2032 3827 2101 magnitu-

2265 2124 2441 2179 dinem
2464 2166 2480 2193 ,
2512 2127 2668 2180 situm
2694 2168 2707 2188 .
2741 2125 3176 2195 perpetuitatem,
3214 2125 3579 2193 splendorem,
3618 2131 3673 2176 et
3714 2122 3829 2175 hac

2266 2220 2438 2274 omnia
2483 2220 2734 2291 colligens
2775 2219 2912 2288 apud
2954 2227 3002 2273 te
3041 2217 3378 2273 Conditorem
3417 2214 3826 2286 gloriﬁcaveris,

2267 2309 2567 2364 Creatorem
2600 2310 2846 2375 laudaris,
2878 2318 2987 2363 tum
3014 2322 3194 2362 vocem
3221 2306 3395 2360 emisit
3423 2306 3627 2369 cadum,
3655 2314 3707 2356 et
3734 2318 3829 2371 per

2266 2400 2495 2469 linguam
2540 2399 2649 2454 Deo
2687 2400 2909 2471 gloriam
2948 2397 3257 2465 laudemque
3296 2396 3496 2451 detulit.
3530 2396 3698 2463 Atque
3726 2393 3829 2446 hoc

2268 2487 2395 2542 illud
2432 2496 2514 2543 est
2546 2489 2683 2557 quod
2711 2489 2881 2554 dixit,
2912 2488 3033 2542 Catii
3064 2495 3295 2541 enarrant
3330 2486 3539 2557 gloriam
3567 2484 3681 2537 Dei.
3712 2484 3829 2549 Quo

2267 2580 2480 2635 tandem
2505 2579 2699 2637 modo?
2724 2580 2856 2635 Dum
2881 2579 2961 2634 sui
2988 2577 3281 2650 splendoris
3307 2575 3686 2647 pulchritudine
3709 2589 3829 2642 spe-

2266 2678 2519 2724 ctatorem
2549 2670 2600 2724 in
2630 2668 3029 2730 admirationem
3060 2668 3334 2725 traducunt
3355 2665 3669 2722 Conditoris.
3698 2662 3828 2717 Cum

2266 2758 2407 2812 enim
2430 2767 2712 2826 conspecto
2735 2766 2878 2811 tanto
2898 2772 3057 2826 opere
3077 2757 3270 2812 dixeris
3294 2774 3306 2810 :
3331 2755 3506 2813 Gloria
3529 2754 3640 2817 tibi,
3670 2753 3827 2814 Deus,

2267 2849 2422 2920 quale
2447 2863 2637 2921 corpus
2662 2846 2960 2915 condidisti,
2987 2858 3040 2903 et
3066 2849 3116 2903 in
3145 2847 3317 2903 medio
3339 2844 3687 2901 constituisti!
3716 2843 3831 2897 ca-li

2267 2940 2489 3010 gloriam
2527 2939 2679 2992 istam
2720 2938 3053 3002 detulerunt,
3083 2945 3135 2989 et
3174 2946 3256 2989 tua
3299 2936 3471 3003 lingua
3501 2941 3709 2987 utentes
3738 2947 3833 2999 per

2267 3039 2536 3100 aspectum
2566 3029 2968 3084 admirationem
2990 3027 3359 3084 exhibuerunt.
3386 3025 3461 3081 Ita
3486 3026 3700 3080 silentes
3717 3024 3833 3092 glo-

2265 3121 2398 3176 riam
2426 3132 2479 3175 et
2514 3121 2768 3175 honorem
2814 3120 2923 3173 Deo
2960 3118 3236 3185 deferunt,
3262 3125 3315 3173 et
3358 3117 3491 3175 hanc
3522 3130 3703 3170 vocem
3732 3129 3831 3167 au-

2266 3212 2417 3267 diunt
2444 3226 2648 3265 omnes.
2678 3210 2899 3278 Quando
2936 3211 3077 3264 enim
3114 3208 3230 3263 hrec
3270 3207 3464 3276 percipi
3505 3204 3681 3259 auditu
3724 3219 3831 3257 non

2268 3312 2506 3371 possunt,
2534 3300 2624 3356 sed
2647 3311 2861 3372 aspectu
2883 3309 2935 3354 et
2960 3299 3417 3368 contemplatione,
3444 3307 3685 3365 aSpectus
3710 3310 3839 3363 pore

2268 3410 2331 3450 ro
2358 3410 2491 3451 unus
2524 3403 2605 3447 est
2631 3393 2900 3456 omnibus,
2932 3392 3136 3446 tametsi
3169 3392 3340 3460 lingua
3370 3390 3436 3443 sit
3465 3387 3712 3442 dill'erens
3733 3426 3746 3447 ,
3779 3394 3834 3439 et

2269 3484 2522 3539 barbarus
2545 3523 2561 3548 ,
2590 3481 2799 3553 Scytha:
2819 3522 2831 3543 ,
2874 3480 3102 3535 Thraces
3124 3522 3141 3545 ,
3172 3478 3334 3533 Mauri
3358 3517 3376 3543 ,
3403 3486 3457 3532 et
3499 3476 3608 3530 Indi
3651 3488 3832 3528 vocem

2269 3574 2424 3628 istam
2446 3572 2681 3637 audiunt,
2706 3574 2806 3626 hoc
2830 3579 2930 3634 est,
2955 3568 3261 3623 miraculum
3283 3574 3579 3625 cernentes.
3608 3565 3835 3633 pulchri-

2270 3665 2506 3720 tudinem
2529 3665 2983 3733 obstupeacentes,
3014 3660 3366 3730 splendorem,
3398 3656 3828 3728 magnitudinem,

2268 3755 2370 3808 alia
2397 3755 2572 3810 omnia
2592 3796 2607 3820 ,
2636 3770 2755 3823 quas
2792 3753 2858 3808 sd
2896 3753 3079 3808 omium
3121 3750 3381 3819 pertinent
3405 3790 3419 3807 .
3448 3750 3537 3819 qui
3573 3756 3715 3802 recta
3742 3762 3829 3797 sa-

2270 3848 2440 3916 piunt,
2471 3845 2688 3911 gloriam
2718 3856 2770 3897 et
2800 3844 3005 3899 laudem
3034 3841 3258 3896 offerunt
3283 3840 3409 3895 Deo.
3440 3839 3665 3908 ldipsum
3693 3847 3741 3892 et
3766 3837 3833 3891 de

2272 3936 2357 3990 die
2386 3944 2543 4003 atque
2573 3942 2723 3987 nocte
2749 3934 2848 3991 dici
2882 3941 3069 4001 potest.
3099 3932 3166 3986 Ut
3194 3931 3333 3984 enim
3364 3930 3463 3984 hoc
3491 3928 3831 3999 pulchritudi-

2272 4042 2360 4091 ne,
2392 4026 2516 4090 situ,
2550 4022 2925 4092 magnitudine,
2957 4021 3255 4090 splendore,
3289 4019 3540 4087 temporis
3568 4018 3833 4087 perpetui-

2274 4125 2380 4169 tate
2400 4157 2415 4182 ,
2444 4129 2570 4175 usu,
2600 4114 2910 4169 efficacitati:
2929 4153 2943 4178 ,
2976 4112 3181 4166 caeteris
3208 4110 3449 4164 omnibus
3485 4117 3833 4176 spectatomn

2273 4206 2338 4259 ad
2365 4206 2767 4259 admirationem
2794 4202 3069 4257 traducens
3098 4200 3297 4266 efficit,
3328 4207 3382 4254 ut
3408 4199 3629 4269 gloriam
3651 4206 3704 4253 et
3731 4198 3833 4251 lm-

2275 4309 2457 4347 uorem
2500 4293 2771 4348 Conditori
2810 4292 3107 4349 deferamus
3140 4310 3152 4345 :
3185 4293 3252 4345 ita
3299 4306 3403 4344 nox
3438 4298 3493 4344 et
3530 4290 3661 4347 dies.
3703 4289 3834 4345 Cum

2275 4386 2415 4438 enim
2456 4394 2657 4438 rectum
2697 4384 2883 4437 horum
2928 4393 3224 4454 temporum
3260 4382 3496 4436 ordinem
3528 4381 3749 4442 videris,
3785 4390 3839 4435 ct

2278 4489 2381 4545 quo
2410 4483 2559 4543 pacto
2588 4489 2748 4542 penso
2774 4489 2871 4529 suo
2898 4473 3138 4528 absoluto
3166 4473 3277 4527 dies
3302 4481 3509 4529 noctem
3532 4488 3561 4525 c
3586 4472 3695 4526 suis
3716 4486 3837 4539 pro-

2276 4566 2472 4636 pellere
2500 4563 2746 4618 limitibus
2774 4578 2876 4618 non
2906 4562 3192 4626 contendit,
3223 4577 3319 4616 nec
3345 4562 3499 4616 ullam
3527 4578 3631 4630 prae
3656 4576 3713 4615 se
3737 4560 3840 4617 fert

2276 4670 2362 4709 res
2391 4655 2587 4708 alienas
2626 4652 2907 4721 usurpandi
2941 4652 3277 4721 cupiditatem
3307 4669 3321 4707 :
3352 4667 3523 4722 neque
3558 4662 3841 4721 propterea

2276 4744 2414 4813 quod
2464 4744 2572 4813 ipsa
2618 4744 2935 4812 splendidior
2971 4752 3081 4807 est,
3125 4750 3290 4797 totum
3333 4757 3593 4813 occupare
3631 4752 3843 4811 tempus

2277 4844 2516 4899 conatur,
2541 4835 2632 4888 sed
2657 4834 2855 4888 recedit
2878 4850 2889 4885 :
2912 4834 3204 4901 eodemque
3230 4834 3386 4887 modo
3407 4848 3587 4888 rursus
3613 4848 3713 4887 nox
3742 4846 3839 4886 suo

2278 4922 2517 4979 confecto
2540 4938 2693 4977 cursu
2716 4923 2817 4976 diei
2843 4924 2979 4975 cedit
3004 4940 3016 4974 :
3041 4931 3093 4975 et
3118 4923 3215 4975 hoc
3236 4938 3331 4992 per
3356 4931 3430 4976 tot
3453 4937 3619 4976 annos
3645 4921 3839 4975 laetum

2278 5024 2379 5079 est,
2409 5030 2507 5069 nec
2531 5015 2633 5068 ulla
2664 5015 2899 5067 confusio
2928 5013 3010 5066 vel
3043 5014 3360 5081 perturbatio
3394 5014 3500 5068 visa
3530 5022 3629 5077 est,
3661 5019 3716 5064 et
3744 5026 3841 5067 nec

2282 5106 2376 5159 ista
2407 5104 2547 5157 illam
2576 5104 2729 5172 cjccit
2753 5144 2766 5167 ,
2801 5117 2968 5171 neque
3010 5102 3094 5156 illa
3136 5102 3270 5156 hanc
3311 5101 3601 5165 fraudavit;
3636 5101 3845 5155 tametsi

2282 5194 2605 5264 splendidior
2635 5210 2766 5253 una,
2807 5202 2857 5245 et
2895 5192 3167 5246 obscurior
3192 5204 3269 5247 est
3303 5193 3465 5246 altera
3498 5209 3509 5243 :
3542 5205 3722 5245 rursus
3752 5205 3843 5244 re-

2282 5296 2423 5339 ctum
2453 5284 2687 5337 ordinem
2722 5283 2939 5335 miratus
2978 5297 3079 5335 non
3126 5282 3231 5336 Deo
3257 5282 3476 5350 gloriam
3508 5290 3559 5334 ct
3590 5280 3843 5334 honorem

2284 5376 2509 5431 oﬂ'eres?
2533 5375 2595 5426 Et
2619 5372 3053 5441 quemadmodum
3080 5388 3289 5427 sorores
3310 5372 3423 5425 duae
3447 5371 3698 5425 benevole
3722 5385 3844 5439 erga

2284 5480 2341 5518 sc
2367 5462 2589 5516 invicem
2618 5458 2844 5525 affectm,
2877 5470 3144 5529 paternam
3187 5461 3528 5515 hereditatem
3557 5460 3605 5513 in
3638 5460 3769 5514 libra
3795 5471 3850 5513 et

2283 5555 2490 5609 bilance
2522 5552 2847 5619 partiuntur,
2876 5560 2929 5605 et
2960 5567 3024 5605 ne
3062 5552 3274 5605 minima
3302 5551 3512 5621 quidem
3547 5565 3605 5605 re
3631 5551 3732 5604 ulla
3765 5550 3846 5604 al-

2288 5659 2397 5700 tera
2424 5642 2645 5697 alteram
2678 5640 2877 5695 fraudat
2903 5661 2913 5695 :
2941 5643 3017 5696 sic
3045 5642 3289 5696 nimirum
3315 5653 3368 5696 ct
3396 5657 3495 5697 nox
3522 5652 3573 5698 et
3601 5642 3713 5697 dies
3739 5653 3851 5696 tcto

2289 5746 2525 5804 tempore
2556 5732 2691 5785 inter
2714 5745 2769 5785 se
2796 5731 2982 5796 diviso,
3009 5732 3134 5787 dum
3162 5748 3226 5788 ne
3255 5733 3467 5788 minima
3497 5732 3706 5788 cuidem
3736 5733 3851 5803 ejus
