4056 6452
693 379 804 434 145

683 483 875 553 έτέραν
904 481 1213 536 πλεονεκτεῖ
1232 497 1247 512 ο
1281 479 1420 532 οὕτω
1460 478 1524 548 δὴ
1555 479 1648 530 καὶ
1690 477 1784 542 νὺξ
1813 477 1906 530 καὶ
1940 475 2117 546 ήμέρα
2141 479 2230 527 τὸν

683 564 871 633 χρόνον
932 561 1143 616 ᾶπαντα
1195 559 1512 629 διελόμεναι,
1570 555 1835 625 τοσαύτην
1892 555 2232 625 διατηροῦσιν

688 646 924 712 ίσότητα,
955 645 1072 696 ούδέ
1098 642 1157 694 τὸ
1189 641 1346 710 τυχὸν
1371 639 1604 710 ἀλλήλας
1643 636 2074 699 πλεονεκτοῦσαι,
2105 636 2235 705 ὅσην

687 731 801 781 ῖστε
833 728 919 780 διὰ
948 727 1043 794 τῆς
1075 727 1266 793 πείρας
1293 724 1458 792 αὐτῆς
1495 721 1772 792 μαθόντες.
1800 720 2166 772 Ἀκουέτωσαν
2187 719 2236 769 οῖ

688 808 1021 867 πλεονέκται,
1054 807 1146 858 καὶ
1174 807 1296 866 τοὺς
1323 803 1579 870 ἀδελφοὺς
1606 800 1958 869 ἐξωθούμενοι
1980 799 2072 852 τοῦ
2104 798 2236 866 κλή-

689 905 810 957 ρου·
855 886 1201 940 αἰδείσθωσαν
1229 885 1335 937 τῶν
1365 883 1566 952 καιρῶν
1606 883 1702 951 τὴν
1735 882 2005 946 εὐταξίαν,
2049 880 2238 941 νυκτὸς

687 969 781 1022 καὶ
807 968 1014 1039 ἡμέρας
1036 968 1133 1035 τὴν
1168 966 1569 1034 ἰσηγορίαν,καὶ
1609 961 2017 1016 καταλυέτωσαν
2039 961 2099 1012 τὸ
2122 963 2240 1012 ἐαυ-

686 1051 794 1102 τῶν
820 1049 1044 1117 νόσημα.
1077 1047 1230 1101 Οὕτω
1251 1047 1426 1099 τοίνυν
1471 1045 1662 1114 Ημέρα
1691 1044 1763 1111 τῇ
1801 1043 1986 1112 ἡμέρᾳ
2012 1044 2238 1112 ἐρεύγε-

687 1149 779 1184 ται
810 1129 992 1198 ῥῆμα,
1025 1130 1121 1181 καὶ
1154 1129 1265 1190 νὺξ
1307 1128 1475 1180 νυκτί
1510 1126 1862 1194 ἀναγγέλλει
1901 1123 2142 1191 γνῶσιν,
2177 1125 2236 1176 οὐ

688 1213 869 1282 φωνὴν
897 1214 1160 1279 ἀφιεῖσαι,
1193 1209 1324 1262 άλλά
1352 1208 1437 1260 διά
1461 1209 1561 1276 τῆς
1581 1207 1850 1270 εύταξίας,
1873 1208 1962 1258 καὶ
1991 1204 2081 1257 τοῦ
2114 1206 2239 1275 ρυΘο

691 1295 815 1362 μοῦ,
840 1294 930 1346 καὶ
965 1293 1062 1360 τῆς
1092 1292 1351 1360 ἰσότητος,
1388 1291 1479 1342 καὶ
1496 1290 1603 1341 τῶν
1633 1288 2117 1360 άπαρεμποδίστων
2147 1285 2239 1354 μέ-

686 1393 850 1447 τρων,
886 1375 1181 1440 σάλπιγγος
1228 1373 1598 1442 λαμπρότερον
1630 1371 1719 1422 τὸν
1735 1370 2067 1439 Δημιουργὸν
2112 1369 2238 1420 ἀνα-

689 1458 1067 1528 κηρύττουσαι,
1106 1457 1203 1508 οὐκ
1231 1457 1287 1507 ἐν
1318 1456 1414 1524 μιᾷ
1446 1456 1542 1521 τῆς
1564 1452 1880 1521 οἰκουμένης
1913 1449 2102 1518 γωνίᾳ,
2127 1448 2237 1500 ἀλλ’

688 1542 818 1609 ὅσην
840 1541 867 1591 ὁ
888 1539 1034 1609 ἥλιος
1060 1538 1228 1606 ἐφορᾷ
1262 1537 1383 1605 γῆν.
1414 1528 1580 1587 Αὗται
1609 1533 1715 1618 γάρ
1749 1534 1817 1618 αᾼίΔ
1833 1532 2005 1618 φωναί
2037 1545 2241 1618 πάντας

689 1621 782 1692 χοῦ
822 1622 916 1691 τῆς
959 1620 1277 1689 οἰκουμένης
1317 1618 1592 1687 φέρονται,
1650 1611 1853 1682 ἐπειδή
1891 1611 2160 1680 πανταχοῦ
2211 1612 2240 1662 ό

688 1703 935 1772 οὐρανὸς,
957 1702 1048 1754 καὶ
1073 1697 1338 1770 πανταχοῦ
1363 1697 1562 1769 ἡμέρα,
1588 1697 1681 1750 καὶ
1714 1693 1987 1763 πανταχοῦ
2012 1692 2127 1756 νὺξ,
2148 1693 2240 1746 καὶ

689 1784 785 1855 τὴν
814 1782 1158 1836 διδασκαλίαν
1200 1781 1378 1834 αὐτῶν
1413 1779 1709 1833 ἐκτείνουσι
1736 1777 1827 1828 καὶ
1864 1777 1919 1855 ἐν
1947 1777 2037 1843 γῇ,
2067 1775 2157 1826 καὶ
2184 1775 2240 1825 ἐν

690 1853 943 1935 θαλάττῃ.
987 1862 1083 1915 Διά
1125 1862 1281 1914 τοῦτο
1317 1863 1345 1914 ὁ
1379 1864 1668 1931 Προφήτης
1709 1859 1810 1910 οὐκ
1852 1853 2000 1908 εἶπεν
2038 1856 2237 1918 ἁπλῶς,

688 1949 770 2000 ὅτι
808 1948 856 1999 oi
894 1947 1110 2016 οὐρανοὶ
1157 1944 1476 2011 φθέγγονται
1517 1941 1670 2005 δόξαν
1707 1941 1860 2004 Θεοῦ,
1917 1939 2069 2003 ἀλλὰ,
2110 1942 2239 2005 Διη-

690 2028 950 2095 γοῦνται,
984 2027 1244 2084 τουτέστι,
1279 2025 1371 2077 καὶ
1401 2023 1616 2092 ἐτέρους
1642 2022 1971 2080 παιδεύουσι,
2005 2021 2097 2072 καὶ
2137 2036 2238 2088 μα-

691 2109 856 2178 θητάς
889 2108 1067 2178 έχουσι
1103 2107 1162 2160 τὸ
1199 2107 1306 2159 τῶν
1333 2105 1630 2176 ἀνθρώπων
1653 2103 1826 2171 γένος,
1858 2103 1950 2154 καὶ
1987 2101 2239 2154 διδασκαο

691 2189 829 2242 λεῖον
883 2191 1134 2258 μέγιστον
1185 2189 1262 2248 εἰς
1310 2187 1371 2238 τὸ
1437 2186 1599 2255 μέσον
1645 2186 1750 2236 είσὶ
1797 2182 2237 2254 προσαλλόμενοι,

691 2271 810 2323 ἀντὶ
843 2270 1077 2338 βιϐλίων,
1117 2271 1207 2322 καὶ
1242 2269 1599 2337 γραμμάτων,
1642 2268 1742 2335 τῆς
1791 2265 1993 2327 οἰκείας
2029 2263 2241 2332 φύσεως

690 2353 752 2405 τὸ
773 2352 962 2414 κάλλος
989 2352 1080 2404 καὶ
1125 2349 1376 2411 ἰδιώταις,
1421 2349 1513 2400 καὶ
1564 2349 1764 2414 σοφοῖς,
1802 2347 1894 2398 καὶ
1927 2347 2058 2396 πᾶσι
2099 2360 2240 2412 παρ-

693 2435 908 2502 έχοντες
961 2433 1188 2494 ἐπιέναι,
1223 2429 1467 2499 καθάπερ
1490 2431 1547 2481 ἐν
1577 2428 1763 2497 βιϐλίῳ
1795 2427 1892 2496 τὴν
1924 2426 2241 2494 ἐγκειμένην

692 2515 872 2575 αὐτοῖς
903 2513 1026 2581 περ)⁸
1054 2513 1149 2577 τῆς
1174 2511 1264 2563 τοῦ
1288 2509 1421 2562 Θεοῦ
1453 2509 1641 2577 σοφίας
1666 2508 1758 2560 καὶ
1785 2507 2062 2575 δυνάμεως
2093 2506 2238 2557 διδα-

693 2595 934 2648 σκαλίαν.
968 2593 1121 2646 Οῦτω
1150 2593 1242 2644 καὶ
1268 2592 1539 2661 ἄνθρωποι
1571 2590 1689 2658 ούχὶ
1712 2588 2083 2656 φθεγγόμενοι,
2106 2585 2239 2638 ἀλλὰ

692 2677 786 2731 καὶ
813 2676 1067 2743 σιγῶντες
1086 2674 1150 2726 δι’
1183 2673 1380 2740 ἐτέρων
1412 2670 1687 2737 δοξάζουσι
1719 2669 1808 2721 τὸν
1833 2668 1963 2720 Θεόν
1985 2683 1996 2695 '
2043 2666 2122 2718 διὸ
2147 2667 2239 2719 καὶ

691 2760 719 2810 ὁ
745 2757 971 2828 Χριστὸς
1011 2756 1180 2823 ἔλεγε·
1216 2752 1514 2822 Λαμψότω
1559 2751 1625 2804 τὸ
1670 2749 1795 2819 φῶς
1828 2747 1994 2816 ὑμῶν
2023 2748 2238 2815 ἐμπρο-

691 2843 840 2895 σθεν
881 2838 996 2893 τῶν
1041 2836 1377 2904 ἀνθρώπων,
1423 2835 1580 2898 ὅπως
1607 2831 1774 2885 ἴδωσι
1801 2831 1872 2884 τὰ
1911 2829 2064 2882 καλὰ
2100 2829 2242 2897 ἕρτα

693 2919 877 2990 ὑμῶν,
911 2919 1009 2973 καί
1058 2916 1362 2980 δοξάσωσι
1408 2916 1514 2968 τὸν
1561 2915 1789 2980 Πατέρα
1817 2910 1999 2979 ὑμῶν,
2029 2909 2134 2964 τὸν
2174 2910 2242 2962 ἐν

691 3002 816 3068 τοῖς
838 3000 1131 3069 οὐρανοῖς.
1155 3000 1359 3067 Ὠσπερ
1388 2992 1478 3050 οὖν
1508 3013 1590 3058 τις
1634 2994 1773 3064 ὀρῶν
1800 2993 1911 3063 βίον
1941 2992 2237 3061 λάμποντα,

693 3087 786 3138 καὶ
826 3083 1081 3150 σιγῶντος
1113 3080 1205 3134 τοῦ
1239 3079 1497 3149 βιοῦντος,
1533 3076 1686 3143 δόξαν
1725 3075 1979 3146 ἀναφέρει
2001 3073 2078 3144 τῷ
2103 3073 2237 3144 Θεῷο

693 3165 836 3219 οῦτω
858 3165 921 3234 δὴ
955 3165 1047 3216 καὶ
1088 3163 1148 3214 τὸ
1180 3161 1372 3222 κάλλος
1416 3160 1553 3231 ὁρῶν
1597 3157 1688 3211 τοῦ
1741 3154 1988 3226 ούρανοῦ,
2035 3155 2241 3220 δοξάζει

694 3246 784 3298 τὸν
819 3246 1134 3314 ποιήσαντα.
1181 3243 1277 3298 Διά
1316 3241 1471 3294 τοῦτο
1503 3242 1710 3308 ἔλεγεν·
1755 3243 1818 3292 Ol
1850 3238 2087 3305 οὐρανοί
2119 3237 2242 3304 δίης

695 3327 934 3394 τυῦνται
979 3326 1164 3388 δόξαν
1197 3325 1361 3389 Θεοῦ,
1391 3324 1475 3375 διά
1516 3322 1621 3374 τῶν
1663 3321 1884 3373 θεατῶν·
1931 3319 2134 3387 Ἡμέρα
2171 3317 2243 3384 τῇ

695 3408 884 3477 ἡμέρα
908 3409 1200 3475 ἐρεύγεται
1233 3404 1414 3472 ῥῆμα,
1446 3407 1539 3456 καί
1563 3403 1676 3464 νὺξ
1703 3402 1870 3454 νυκτί
1895 3400 2244 3468 ἀναγγέλλει

697 3489 935 3559 γνῶσιν.
968 3491 1014 3541 Γ
1019 3487 1220 3540 νῶσιν·
1256 3487 1441 3548 ποίαν;
1475 3486 1580 3554 Τὴν
1607 3484 1732 3554 περὶ
1763 3483 1855 3535 τοῦ
1901 3484 2240 3550 ποιήσαντος.

698 3575 904 3641 Ὠσπερ
932 3571 1036 3638 γάρ
1066 3571 1096 3637 ή
1137 3568 1314 3638 ἡμέρα
1341 3570 1416 3629 εἰς
1439 3567 1697 3634 ἐργασίαν
1723 3563 1903 3631 ἐξάγει
1927 3565 2014 3615 τὸν
2041 3565 2244 3630 ἀνθρω-

699 3671 816 3713 πον,
841 3652 1010 3714 οὕτως
1039 3653 1070 3720 ἡ
1101 3651 1194 3712 νὺξ
1227 3648 1591 3717 διαδεχομένη,
1624 3648 1680 3699 ἀτ
1705 3647 1730 3698 δ
1761 3646 1865 3698 τῶν
1891 3645 2092 3714 μυρίων
2113 3647 2242 3697 ἀνα-

699 3735 857 3788 παύει
887 3733 1116 3802 μόχθων,
1153 3731 1245 3782 καὶ
1283 3729 1389 3781 τῶν
1445 3727 1738 3797 φροντίδων
1767 3728 1975 3791 ἀφί.,σι,
2022 3726 2115 3776 καὶ
2147 3724 2244 3776 κάη

700 3833 930 3887 μνουσαν
949 3815 1044 3884 τὴν
1066 3814 1231 3882 κόρην
1259 3811 1593 3879 κοιμίζουσα,
1612 3809 1704 3860 καὶ
1729 3807 1793 3858 τὰ
1817 3807 2054 3875 βλέφαρα
2080 3822 2244 3887 καταα

699 3884 1005 3958 στέλλουσα,
1060 3892 1380 3962 ἀκμαζούσῃ
1435 3894 1498 3960 τῇ
1558 3890 1778 3957 δυνάμει
1842 3884 2244 3957 παρασκευάζει

696 3979 793 4049 τὴν
829 3979 1017 4030 ἀκτῖνα
1068 3975 1312 4044 δέχεσθαι
1349 3973 1526 4026 πάλιν.
1555 3972 1714 4023 Ὥστε
1767 3970 1858 4022 καὶ
1905 3969 2104 4034 ταύτης
2147 3967 2245 4049 ούκ

698 4048 874 4129 ὀλίγον
903 4061 963 4112 τὸ
1007 4060 1292 4128 χρήσιμον,
1324 4056 1457 4111 ἀλλά
1491 4056 1583 4107 καὶ
1630 4053 1830 4122 σφόδρα
1863 4051 2013 4103 πολύ.
2044 4051 2105 4102 Εἰ
2136 4048 2242 4116 γάρ

702 4147 774 4214 μὴ
804 4142 1084 4195 διανέπαυε
1114 4139 1201 4192 τὸν
1229 4135 1643 4214 ἀνθρωπονγάπὸ
1669 4135 1774 4185 τῶν
1800 4135 2004 4202 μυρίων
2033 4130 2242 4200 μόχθων

699 4213 1082 4292 ὑποδεχομένη,
1117 4220 1265 4272 ούδέν
1298 4219 1484 4286 δφελος
1513 4213 1577 4286 ἦν
1602 4215 1700 4284 τῆς
1739 4215 1948 4283 ἡμέρας
1977 4215 2055 4273 εἰς
2082 4213 2242 4280 ἐργα-

701 4308 818 4360 σίαν
834 4306 990 4359 αὑτὸν
1015 4302 1427 4370 είσαγαγούσης’
1461 4301 1558 4368 τῆς
1583 4298 1688 4366 γάρ
1713 4297 1920 4364 φύσεως
1941 4297 2244 4362 ἀπαγορευ-

698 4388 860 4457 ούσης
883 4386 958 4456 τῷ
986 4385 1215 4453 διηνεκεῖ
1262 4383 1424 4450 πόνῳ,
1458 4380 1716 4449 διεφθάρη
1750 4377 1834 4439 ἂν,
1875 4376 1968 4427 καὶ
2001 4374 2242 4457 ἀπώλετο

699 4470 758 4522 τὸ
789 4468 942 4533 ζῶον,
967 4467 1060 4520 καὶ
1090 4465 1236 4518 ούδέν
1267 4463 1411 4532 αύτῷ
1441 4463 1599 4514 πλέον
1635 4463 1699 4513 ἐκ
1740 4459 1836 4528 τῆς
1870 4459 2081 4517 ἀκτῖνος
2120 4456 2240 4522 ἐγέ-

697 4569 837 4604 νετο.
865 4552 928 4604 Ἡ
957 4550 1129 4602 τοίνυν
1161 4546 1382 4599 ποιοῦσα
1408 4544 1502 4614 τὴν
1537 4543 1744 4612 ἡμέραν
1766 4541 2030 4610 χρήσιμον
2049 4536 2123 4605 τῷ
2149 4537 2242 4589 άν-

701 4632 918 4700 θρώπῳ,
942 4631 1077 4699 αῦτη
1109 4628 1336 4698 μάλιστά
1364 4629 1506 4678 ἐστιν
1537 4627 1568 4693 ή
1599 4623 1685 4675 διὰ
1711 4623 1807 4690 τῆς
1839 4620 2040 4682 οἰκείας
2065 4618 2242 4700 διακος

700 4698 813 4774 νίας
843 4698 930 4763 τδν
952 4698 1285 4764 ἀπολαύοντα
1311 4708 1406 4776 τῆς
1429 4707 1643 4775 χορείας
1668 4703 1835 4771 αύτῆς
1866 4701 1997 4772 πρὸς
2028 4701 2122 4770 τὴν
2146 4698 2239 4751 τοῦ

697 4793 830 4847 Θεοῦ
860 4793 1054 4860 γνῶσιν
1090 4789 1514 4860 χειραγωγοῦσα.
1541 4789 1706 4839 Ὅταν
1743 4785 1844 4854 γάρ
1886 4785 2106 4853 ἐννοήσῃ
2138 4800 2239 4846 τις,

699 4876 859 4928 πόσον
885 4875 992 4943 -μέν
1029 4874 1087 4925 τὸ
1121 4873 1382 4942 χρήσιμον
1410 4872 1506 4937 τῆς
1538 4869 1765 4938 ⁴ἡμέρας,
1797 4866 1956 4918 πόσον
1989 4865 2122 4916 δὲτὸ
2145 4865 2242 4932 τῆς

701 4955 849 5028 [149]
881 4955 1086 5018 νυκτὸς,
1111 4955 1205 5006 καὶ
1240 4954 1354 5015 πῶς
1393 4953 1528 5019 αῦτη
1567 4951 1864 5018 διαδέχεται
1889 4947 2119 5014 ἐκείνην,
2149 4948 2242 4999 καὶ

699 5037 938 5100 ἐναλλὰξ,
978 5037 1159 5102 ὥσπερ
1194 5035 1249 5086 έν
1283 5052 1385 5086 τινι
1424 5031 1584 5102 χορῷ,
1624 5031 1682 5083 τὸ
1722 5029 1872 5097 γένος
1908 5028 2060 5097 ήμῶν
2089 5030 2243 5097 ἀμοι-

697 5121 854 5173 ϐαδὸν
877 5120 1240 5188 διαδεχόμεναι
1266 5115 1595 5184 διατηροῦσι,
1628 5114 1729 5166 κᾶν
1757 5113 2006 5164 ἁπάντων
2033 5110 2240 5181 ἀνθρὼ-

700 5221 814 5255 πων
847 5202 1169 5270 νωθέστερος
1208 5195 1265 5272 ᾖ,
1298 5200 1575 5267 δυνήσεται
1621 5196 1708 5248 τὸν
1749 5197 1943 5247 οἰκεῖον
1989 5193 2242 5262 λογισμὸν

697 5282 962 5337 ἀνακινῶν
987 5283 1178 5334 εἰδέναι
1207 5280 1297 5333 τοῦ
1333 5279 1705 5350 ἀριστοτέχνου
1729 5276 1860 5329 Θεοῦ
1896 5277 1993 5344 τὴν
2031 5275 2239 5341 σοφίαν,

696 5370 760 5437 ἢν
788 5367 875 5420 διά
898 5366 996 5433 τῆς
1015 5366 1220 5433 ἡμέρας
1242 5363 1446 5431 καὶτῆς
1468 5361 1653 5422 νυκτὸς
1675 5359 1997 5424 ἐπεδείξατο,
2031 5360 2242 5427 ἐκείνην

701 5452 795 5519 μέν
827 5452 905 5511 εἰς
955 5447 1231 5517 ἐργασίαν,
1269 5444 1468 5513 ταύτην
1496 5443 1552 5495 δέ
1593 5445 1670 5504 είς
1707 5443 1884 5495 ἀνεσιν
1922 5441 2026 5491 τῶν
2070 5441 2241 5492 πόνων

697 5531 1084 5601 ἀποκληρώσας
1119 5530 1267 5598 ἡμῖν.

765 5623 831 5681 γ’.
859 5613 1007 5668 Ἀλλά
1024 5611 1194 5664 ταῦτα
1213 5611 1308 5678 μέν
1333 5609 1394 5660 ἐκ
1412 5608 1516 5659 τῶν
1535 5607 1827 5678 προοιμίων
1847 5607 2053 5659 ἅπαντα
2072 5607 2240 5657 εἰπεῖν

697 5698 983 5765 ἐξέϐημεν
1017 5693 1196 5761 ἐπειδὴ
1225 5692 1280 5744 δέ
1306 5691 1411 5743 τῶν
1452 5693 1683 5759 σήμερον
1717 5692 1842 5758 ἡμῖν
1868 5689 2236 5754 ἀναγνωσθέν-

697 5799 800 5834 των
827 5779 942 5832 τινὰ
973 5777 1191 5839 πολλοὺς
1217 5777 1320 5829 τῶν
1345 5777 1403 5828 οὐ
1431 5774 1796 5845 προσεχόντων
1823 5773 1946 5836 ἴσως
1978 5773 2231 5842 ἐθορύϐη-

1390 366 1446 421 8.
1481 363 1758 420 ιοΑΝΝιε
1796 358 2270 418 σιιιιγεοετοιιι
2307 357 2620 416 ARCIIIEP.
2645 357 3184 416 CONSTANTINOP.

2338 489 2419 533 σε,
2450 473 2664 525 καὶτῶν
2681 473 2919 543 ἀπείρως
2947 471 3165 541 Γραφάς
3187 470 3437 540 ἐχόντων,
3459 469 3588 540 φέρε
3608 469 3692 541 δὴ,
3721 471 3898 541 πολλῇ

2336 553 2401 619 τῇ
2435 551 2578 622 ῥύμῃ
2615 551 2749 620 πρὸς
2795 550 2966 602 ταῦτα
3008 551 3366 619 χωρήσωμεν.
3409 548 3739 619 ’Δνεγνὼσθη
3795 549 3898 618 μέν

2335 634 2442 702 γὰρ
2470 634 2563 684 καὶ
2598 635 2631 702 ή
2679 631 3064 702 αἱμορροοῦσα,
3105 633 3139 700 ή
3177 635 3244 702 τῇ
3288 632 3399 701 ἀφῇ
3433 630 3530 694 τὰς
3569 630 3751 700 πηγὰς
3783 630 3896 682 τῶν

2336 713 2582 781 αίμάτων
2612 715 2872 780 στήσασα,
2902 712 2992 763 καὶ
3023 714 3086 780 τῇ
3121 712 3220 781 τῆς
3256 713 3484 774 πίστεως
3515 711 3741 779 δυνάμει
3766 726 3897 762 τοσο

2332 794 2484 846 οῦτον
2528 794 2802 863 σδλήσασα
2849 793 3150 863 θησαυρόν⁹
3207 795 3301 845 καὶ
3354 793 3460 863 γάρ
3506 790 3574 862 ἦν
3615 793 3791 861 κλοπὴ
3833 791 3897 843 τὸ

2337 877 2651 945 γινόμενονο
2690 875 2825 928 ἀλλά
2863 877 2954 928 καὶ⁵
2993 875 3164 944 κλοπὴ
3203 876 3576 944 εὐδοκιμοῦσα,
3617 877 3710 928 καὶ
3739 878 3774 944 ή
3801 892 3898 926 συ-

2337 957 2546 1027 λήσασα
2580 959 2716 1027 μετά
2744 958 2832 1010 τὸν
2858 958 3074 1025 ἔλεγχον
3103 958 3487 1026 ἐπαινουμένη.
3524 957 3691 1018 Αὐτὸς
3726 956 3839 1023 γάρ
3867 957 3897 1008 ό

2339 1038 2588 1108 συληθεὶς
2615 1039 2818 1108 Ἰησοῦς
2844 1039 3199 1108 άνακηρύττει
3221 1039 3280 1091 τὸ
3303 1039 3536 1105 γύναιον.
3557 1038 3895 1106 ’Λνεγνὼσθη

2339 1123 2431 1174 καὶ
2458 1123 2525 1174 τά
2555 1121 2824 1190 στίγματα
2849 1121 3084 1178 Παύλου.
3112 1120 3180 1172 τά
3199 1121 3502 1190 τραύμθατα.
3535 1122 3602 1173 τά
3622 1121 3898 1190 δεσμωτήο

2341 1220 2452 1273 ρια,
2484 1205 2537 1254 αί
2563 1203 2870 1269 ἀπαγωγαὶ,
2903 1202 2972 1254 τά
2994 1203 3245 1268 ναυάγια,
3266 1203 3333 1254 τά
3354 1203 3542 1272 δεσμὰ,
3566 1204 3619 1254 αἰ
3653 1202 3896 1263 ἁλύσεις,

2339 1285 2395 1336 αἰ
2429 1285 2706 1338 ἐπιϐουλαὶ
2733 1287 2788 1337 αί
2820 1285 3054 1336 ποικίλαι
3087 1285 3176 1336 καὶ
3213 1285 3493 1353 διηνεκεῖς,
3516 1285 3565 1335 οἱ
3597 1283 3819 1336 θάνατοι
3848 1283 3898 1334 οἰ

2339 1367 2711 1436 καθημερινοὶ,
2741 1368 2768 1417 ὁ
2795 1365 2968 1435 λιμὸς,
3013 1367 3075 1419 τὸ
3109 1367 3279 1433 δίψος,
3313 1369 3345 1435 ἡ
3375 1368 3662 1435 γυμνότης,
3707 1368 3741 1434 ή
3771 1368 3897 1417 ἐπι-

2342 1449 2595 1502 σύστασις
2619 1451 2650 1518 ἡ
2678 1449 3011 1518 καθημέραν.
3050 1449 3206 1502 Ἀλλά
3228 1451 3280 1501 τί
3307 1449 3492 1513 πάθω;
3528 1449 3762 1516 Ἀνάγκη
3794 1465 3899 1514 φυ-

2339 1535 2453 1597 γεῖν
2478 1531 2642 1600 πολλῇ
2668 1534 2734 1600 τῇ
2768 1531 3082 1601 σφοδρότητι
3130 1532 3488 1600 χρησάμενον,
3538 1531 3610 1600 μὴ
3655 1530 3818 1583 πάλιν
3869 1530 3900 1580 ό

2340 1611 2548 1672 Παῦλος
2594 1612 2901 1681 κατασχὼν,
2939 1613 3200 1684 ἀπαγάγῃ
3243 1612 3336 1663 τοῦ
3374 1612 3751 1681 προκειμένου.
3782 1609 3900 1662 Καὶ

2339 1693 2446 1763 γὰρ
2487 1697 2620 1759 ίστε,
2663 1694 2920 1756 πολλάκις
2959 1695 3182 1764 ἑτέρωθί
3221 1712 3286 1763 με
3334 1694 3614 1763 βαδίζοντα
3661 1694 3755 1745 καὶ
3804 1709 3898 1745 τε-

2339 1777 2647 1844 τραμμένον
2696 1779 3011 1845 ἀπαντήσας
3055 1778 3112 1828 ἐν
3157 1777 3304 1846 μέσῳ
3341 1775 3417 1844 τῷ
3465 1776 3604 1844 λόγῳ
3638 1776 3900 1843 κατέσχε,

2341 1858 2434 1908 καὶ
2467 1857 2637 1919 οὕτως
2673 1852 2834 1920 εἷλεν,
2868 1858 2942 1919 ῶς
2981 1860 3038 1910 ἐν
3077 1858 3224 1926 αύτῷ
3258 1861 3440 1910 πεῖσαι
3474 1857 3769 1909 καταλῦσαι
3805 1857 3901 1908 τὸν

2338 1939 2512 2006 λόγον.
2547 1941 2640 1990 "lv‘
2672 1935 2763 1991 οὖν
2799 1939 2872 2008 μὴ
2903 1939 2996 1993 καὶ
3023 1940 3258 2008 σήμερον
3283 1938 3438 1990 τοῦτο
3473 1938 3752 2007 πάθωμεν,
3793 1955 3901 1989 κα-

2341 2020 2514 2088 θάπερ
2537 2021 2750 2088 χαλινὸν
2776 2021 2950 2072 ἐκεῖσε
2987 2020 3268 2089 φερομένῳ
3295 2030 3321 2057 ι
3357 2019 3432 2088 τῷ
3455 2019 3592 2088 λόγῳ
3618 2019 3756 2087 μετά
3777 2019 3904 2070 πολ-

2339 2103 2435 2169 λῆς
2462 2103 2560 2171 τῆς
2595 2103 2947 2172 σφοδρότητος
2980 2101 3323 2170 ἐμϐαλόντες,
3349 2102 3516 2163 οὕτως
3544 2101 3703 2153 αὑτὸν
3734 2101 3901 2153 ἐλκύ-

2342 2201 2539 2252 σωμεν,
2573 2185 2666 2236 καί⁵
2710 2185 2801 2235 ἐπὶ
2850 2183 2947 2252 τὴν
2983 2183 3325 2252 προφητικὴν
3374 2184 3665 2251 ἀγάγωμεν
3714 2184 3900 2253 ῥῆσιν.

2341 2267 2435 2328 Τίς
2467 2263 2558 2319 οὖν
2585 2265 2728 2317 ὲστῦι
2757 2267 2789 2334 ή
2825 2266 3008 2335 ρῆσιςς
3049 2265 3188 2332 Ἐγὼ
3221 2267 3446 2330 Κύριος,
3476 2267 3654 2333 φησὶν,
3687 2269 3719 2318 ό
3767 2280 3903 2318 ποι-

2341 2347 2498 2411 ήσας
2534 2345 2657 2415 φῶς
2692 2348 2786 2399 καί
2823 2350 3057 2410 σκότος.
3090 2349 3122 2399 d
3153 2345 3339 2399 ποιῶν
3365 2347 3622 2413 εἰρήνην,
3656 2348 3751 2399 καὶ
3787 2349 3910 2399 κτί-

2343 2427 2451 2486 ζων
2475 2429 2645 2481 κακά.
2695 2429 2886 2498 Ὀρᾶτε
2927 2429 3001 2490 ὡς
3045 2429 3144 2480 οὐκ
3181 2429 3302 2497 είκῆ
3341 2428 3458 2479 οὐδὲ
3495 2429 3665 2497 μάτην
3715 2431 3811 2480 ἐπὶ
3845 2429 3906 2481 τὸ

2341 2509 2536 2579 χωρίον
2567 2509 2720 2561 τοῦτο
2759 2509 2849 2560 τὸν
2887 2509 3083 2578 δρόμον
3129 2509 3517 2578 ἐποιησάμεθα,
3556 2509 3687 2561 ἀλλά
3717 2511 3908 2562 πάντα

2340 2592 2406 2644 τά
2431 2592 2562 2644 ἄλλα
2592 2591 3038 2660 παρατρέχοντες,
3060 2591 3290 2643 ἐνταῦθα
3319 2590 3617 2659 ἀπαντῆσαι
3637 2592 3905 2645 ἐσπουδά-

2341 2675 2522 2740 ζομεν.
2559 2673 2665 2725 Καὶ
2695 2672 2801 2742 γὰρ
2834 2671 2999 2724 πολὺν
3017 2670 3093 2740 τῷ
3119 2673 3190 2740 μὴ
3219 2672 3529 2742 προσέχοντι
3560 2671 3646 2725 τὸν
3668 2671 3906 2740 θόρυϐον

2341 2757 2556 2824 ἐμποιεῖ
2585 2755 2644 2806 τὸ
2676 2755 2978 2823 εἰρημένον.
3006 2756 3330 2823 Διανάστητε
3355 2756 3546 2816 τοίνυν,
3567 2755 3657 2805 καὶ
3688 2755 3904 2806 συντεί-

2341 2853 2465 2888 νατε
2496 2836 2593 2904 τὴν
2623 2835 2808 2903 ἀκοήν,
2835 2837 2926 2886 καὶ
2963 2836 3139 2886 πᾶσαν
3175 2835 3427 2903 βιωτικὴν
3456 2835 3707 2903 φροντίδα
3740 2836 3906 2887 ἐκϐα·

2341 2918 2539 2980 λόντες,
2571 2917 2858 2986 προσέχετε
2882 2918 2991 2977 τοῖς
3015 2916 3341 2983 λεγομένοις.
3376 2918 3482 2969 Καὶ
3506 2917 3611 2987 γὰρ
3635 2917 3904 2986 βούλομαι

2341 2999 2524 3052 τοῦτον
2552 2997 2645 3050 νῦν
2679 2999 2803 3065 ύμῖν
2851 2997 2947 3066 τῆς
2985 2996 3213 3048 ἐνταῦθα
3256 2999 3547 3068 παρουσίας
3575 2999 3662 3050 τὸν
3708 2999 3905 3068 μισθὸν

2341 3079 2648 3139 ἀποδοῦναι,
2685 3081 2776 3131 καὶ
2804 3078 2910 3130 τῶν
2934 3078 3314 3145 πνευματικῶν
3343 3079 3619 3148 ἐμπλήσας
3661 3080 3902 3149 ἐδεσμά-

2341 3162 2466 3223 τῶν,
2496 3161 2666 3222 οὕτως
2709 3160 3004 3230 ἐκπέμψαι,
3034 3159 3174 3212 ῶστε
3197 3160 3289 3212 καὶ
3323 3163 3445 3224 τοὺς
3474 3162 3904 3230 ἀπολειφθέντας

2341 3244 2485 3314 ἔργῳ
2511 3243 2695 3312 μαθεῖν
2716 3243 2905 3312 ἡλίκην
2930 3242 3224 3310 ὑπέμειναν
3250 3241 3453 3311 ζημίαν
3472 3259 3484 3272 ⁸
3539 3244 3776 3297 εἴσονται
3821 3245 3902 3306 δὲ..

2341 3328 2387 3378 εἰ
2431 3327 2565 3395 μετά
2611 3326 2889 3395 ἀκριϐείας
2931 3325 3310 3394 ὑποδεξάμενοι
3357 3329 3424 3380 τά
3473 3327 3760 3397 λεγόμενα,
3811 3333 3906 3384 καὶ

2345 3407 2477 3476 πρὸς
2506 3407 2739 3468 ἐκείνους
2760 3405 3066 3460 διαϐιϐάσαι
3095 3407 3403 3476 δυνηθείητε
3431 3408 3478 3460 δ.
3509 3409 3652 3476 Ἐγὼ
3685 3408 3906 3478 Κύριος

2343 3491 2374 3539 ὀ
2402 3487 2564 3552 Θεὸς,
2612 3491 2644 3541 d
2685 3487 2941 3552 ποιήσας
2973 3487 3097 3554 φῶς
3125 3488 3219 3540 καί
3271 3489 3508 3554 σκότος.
3543 3494 3574 3544 ὀ
3611 3492 3802 3544 ποιῶν
3827 3496 3907 3546 εί-

2339 3570 2562 3635 ρήνην,
2584 3570 2677 3621 καί
2705 3567 2908 3626 κτίζων
2927 3569 3099 3621 κακά.
3126 3569 3365 3636 Συνεχῶς
3382 3571 3511 3622 αὐτὸ
3533 3575 3904 3642 περιστρέφω,

2344 3649 2482 3702 ῶστε
2515 3649 2792 3718 ἐντεθῆναι
2821 3649 2970 3717 ὑμῶν
3011 3652 3077 3720 τῇ
3105 3650 3330 3720 διανοίᾳ,
3360 3652 3451 3703 καί
3484 3653 3598 3704 τότε
3623 3655 3722 3721 τὴν
3750 3656 3908 3708 λύσιν

2344 3733 2658 3797 ἐπαγαγεῖν.
2683 3729 2813 3788 Ούδέ
2842 3729 2948 3800 γάρ
2977 3727 3128 3791 οὗτος
3162 3733 3318 3800 μόνος
3352 3731 3499 3802 [150]
3528 3731 3683 3786 τοῦτό
3713 3752 3904 3804 φησιν,

2342 3812 2474 3864 ἀλλά
2496 3813 2588 3865 καὶ
2609 3814 2788 3881 ἕτερος
2817 3814 3096 3882 προφήτης
3129 3814 3332 3882 συνῳδὰ
3369 3825 3389 3852 ε
3421 3815 3911 3885 ἀποφθεγγόμενος

2343 3894 2552 3958 ἔλεγεν*
2592 3896 2656 3945 El
2691 3893 2819 3943 ἔστι
2850 3895 3022 3945 κακία
3050 3894 3118 3945 ἐν
3163 3897 3357 3958 πόλει,
3407 3895 3484 3960 ἢν
3529 3898 3740 3962 Κύριος
3792 3901 3906 3951 οὐκ

2342 3975 2618 4038 ἐποίησε;
2653 3973 2716 4023 Τί
2745 3968 2834 4024 οὖν
2868 3977 2981 4024 ἐστι
3009 3973 3068 4024 τὸ
3094 3975 3410 4042 είρημένονς
3445 3978 3642 4028 ’Ἅπασι
3680 3978 3794 4046 γάρ
3828 3980 3910 4031 δεῖ

2346 4057 2473 4124 μίαν
2513 4054 2660 4106 λύσιν
2687 4055 3001 4120 ἐπαγαγεῖν.
3025 4053 3117 4116 Τίς
3143 4051 3234 4107 οὖν
3261 4058 3404 4108 ἐστιν
3436 4058 3469 4125 ἡ
3502 4056 3680 4119 λύσις;
3719 4059 3782 4110 Εἰ
3811 4060 3908 4127 μά-

2345 4139 2531 4207 θοιμεν
2561 4138 2666 4188 τῶν
2691 4137 2885 4200 λέξεων
2916 4137 3118 4189 τούτων
3141 4138 3241 4206 τὴν
3267 4139 3508 4208 δύναμιν.
3546 4139 3704 4191 Ἀλλά
3735 4158 3908 4210 προσ.-

2343 4222 2492 4289 έχετε
2526 4220 2658 4288 μετά
2684 4219 2960 4287 ἀκριϐείας
2981 4232 2996 4247 °
3025 4219 3082 4270 ού
3116 4219 3223 4289 γάρ
3255 4220 3376 4288 εἰκῆ
3406 4221 3521 4273 οὐδὲ
3545 4223 3721 4292 μάτην
3778 4240 3908 4275 συν-

2343 4302 2480 4369 εχῶς
2499 4301 2653 4352 τοῦτο
2681 4303 2806 4367 ὑμῖν
2832 4300 3293 4368 παραγγέλλομεν,
3325 4302 3438 4353 ἀλλ’
3469 4303 3650 4372 ἐπειδὴ
3679 4305 3821 4374 πρὸς
3848 4307 3909 4357 τί,

2347 4382 2503 4448 βάθος
2533 4382 2636 4432 τῶν
2662 4381 2942 4448 νοημάτων
2963 4380 3143 4433 λοιπὸν
3170 4382 3474 4452 χωροῦμεν.
3507 4384 3621 4434 Τῶν
3648 4387 3909 4454 πραγμάο

2344 4479 2450 4514 των
2478 4461 2542 4513 τά
2578 4462 2674 4530 μέν
2702 4464 2815 4513 ἐστι
2860 4461 3018 4523 καλά,
3057 4463 3124 4514 τά
3151 4463 3206 4514 δέ
3236 4464 3402 4525 κακά,
3433 4464 3501 4516 τὰ
3524 4466 3578 4517 δὲ
3607 4466 3751 4534 μέσα
3777 4483 3790 4496 ⁸
3833 4463 3909 4521 ὧν

2345 4544 2458 4596 ἔνια
2493 4543 2702 4604 πολλοῖς
2732 4544 2828 4611 μὲν
2851 4539 2985 4595 εἶναι
3015 4543 3160 4596 δοκεῖ
3187 4546 3350 4608 κακά,
3385 4546 3482 4598 οὐκ
3514 4546 3626 4599 ἐστι
3659 4548 3742 4615 δέ,
3768 4550 3908 4604 ἀλλά

2345 4627 2558 4693 λέγεται
2585 4626 2740 4694 μόνον
2763 4627 2852 4676 καὶ
2877 4626 3258 4679 ὑποπτεύεται.

2427 4709 2560 4760 Ἀλλ’
2587 4708 2670 4760 ἵνα
2702 4707 3028 4777 σαφέστερον
3057 4707 3085 4760 δ
3118 4707 3256 4775 λέγω
3289 4710 3517 4778 ποιήσω,
3543 4710 3669 4780 φέρε
3693 4715 3792 4765 καὶ
3818 4715 3910 4767 ἐπὶ

2345 4790 2796 4862 παραδειγμάτων
2843 4790 2931 4840 τὸν
2981 4789 3135 4857 λόγον
3183 4790 3563 4860 γυμνάσωμεν.
3615 4793 3677 4844 Ἠ
3743 4796 3910 4847 πενία

2341 4873 2485 4925 δοκεῖ
2522 4872 2618 4940 μὲν
2646 4871 2855 4934 πολλοῖς
2887 4868 3017 4924 slva...
3068 4871 3256 4936 κακὸν,
3296 4874 3393 4924 ούκ
3423 4873 3534 4926 ἐστι
3573 4873 3662 4926 δέ’
3713 4877 3834 4928 ἀλλ’
3861 4879 3913 4930 εῖ

2342 4973 2419 5017 τις
2446 4957 2600 5023 νήφει
2629 4956 2718 5006 καὶ
2742 4955 3019 5022 φιλοσοφεῖ
3043 4953 3091 5014 ά,
3117 4955 3208 5005 καὶ
3235 4955 3418 5006 κακῶν
3447 4955 3812 5025 άναιρετικόν.
3848 4960 3907 5010 Ὀ

2404 5109 2427 5133 ⁸
2475 5106 2619 5153 Sani.
2666 5105 2809 5153 habet
2858 5106 3062 5164 καθάπερ
3101 5105 3288 5165 χαλινὸν
3339 5105 3491 5152 ἐκεῖσε
3541 5104 3811 5165 φερόμενον.
3861 5110 3910 5156 In

2343 5168 2554 5226 margine
2595 5174 2756 5212 autem
2800 5168 2999 5218 notavit.
3049 5164 3310 5229 legon_dnm
3336 5165 3460 5229 forte;
3497 5164 3606 5212 esse
3645 5170 3912 5229 φερομένῳ,

2341 5223 2479 5286 quati)
2540 5230 2863 5284 conjecturam:
2925 5223 3121 5287 εει-υἰυέ
3183 5225 3358 5287 Fronto
3430 5223 3658 5287 Ducaeus.
3699 5223 3911 5287 ,φερομίζ

2340 5283 2405 5356 φφ
2428 5292 2472 5333 in
2500 5283 2648 5356 tentu-
2663 5289 2822 5356 posuit
2849 5300 2858 5332 :
2883 5300 2992 5356 non
3011 5283 3140 5356 enirn
3166 5284 3262 5356 alio
3305 5298 3424 5354 nsns_
3443 5285 3730 5356 exempllnri.
3757 5283 3912 5356 sjc'ex

2342 5345 2448 5418 ejus
2469 5349 2756 5393 auctoritate
2784 5350 3014 5412 restituit.
3043 5346 3114 5394 Ad
3159 5348 3304 5393 unius
3346 5347 3528 5450 ῳιίρμε
3555 5345 3738 5391 codicis
3765 5347 3914 5397 Bava-

2342 5421 2425 5450 rm
2449 5408 2586 5450 [idem
2613 5407 2712 5450 haec
2734 5407 2926 5450 honnlia
2956 5408 3002 5450 in
3027 5406 3248 5450 omnibus
3267 5407 3466 5450 editioni
3505 5418 3560 5450 us
3589 5403 3821 5450 habetur-

2341 5403 2425 5455 Γίίί
2449 5408 2586 5453 fidem
2613 5407 2712 5453 haec
2734 5406 2926 5453 homilia
2956 5408 3002 5453 in
3027 5406 3248 5454 omnibus
3267 5403 3560 5453 editionibus
3589 5403 3821 5454 habetur,

2405 5469 2428 5502 ιι
2451 5467 2597 5514 Savil.
2625 5468 2936 5530 δυνηθείημεν,
2963 5475 3012 5513 et
3055 5467 3102 5514 in
3145 5478 3300 5530 marg.
3330 5464 3609 5524 δυνηθείητε,
3629 5477 3779 5524 quam
3804 5481 3918 5518 oon-

2336 5530 2568 5589 jecturam
2593 5530 2811 5586 sequitur
2835 5528 3027 5574 Fronto.

2407 5595 2425 5617 ε
2456 5589 2602 5637 Savil.
2647 5585 2919 5647 συνῳδεῖται
2958 5594 3008 5634 et
3044 5588 3090 5634 in
3115 5600 3264 5646 marg.
3306 5586 3488 5634 indicat
3515 5585 3784 5648 legendum
3808 5606 3914 5636 0-w-

2341 5651 2456 5710 nySi,
2476 5662 2616 5706 quam
2640 5650 2894 5694 ieriionrm
2913 5653 3110 5710 secutus
3132 5655 3206 5710 est
3231 5649 3423 5710 Fronio.

2399 5710 2422 5782 χι
2587 5710 2950 5757 rescribendum
2978 5709 3090 5768 fuit;
3134 5709 3390 5770 legebatur
3422 5708 3556 5767 νήφοι
3591 5707 3667 5752 καὶ
3722 5711 3914 5770 φοοσο-

2402 5790 2432 5817 ι.
2487 5784 2602 5817 τυιτ.

2343 5788 2432 5832 qtae.
2469 5784 2602 5818 non.
