4144 6466
244 369 351 425 145

223 480 365 542 parte
386 484 445 525 se
469 470 707 526 invieem
734 468 996 535 fraudant,
1023 478 1220 524 tantam
1244 469 1595 538 aequalitatem
1622 467 1806 521 obser-

218 573 379 628 vant,
406 571 665 633 quantam
694 578 790 615 usu
821 572 873 616 et
910 561 1235 630 experientia
1267 559 1547 615 didicistis.
1582 560 1809 613 Audiaut

215 656 387 719 avari,
414 664 464 708 et
490 655 577 723 qui
610 653 906 707 hereditate
932 652 1158 721 spoliant
1185 651 1369 706 fratres
1396 669 1408 705 :
1439 662 1639 706 rectum
1667 650 1810 704 ordi-

216 762 347 798 nem
379 754 677 813 temporum
707 754 1067 810 revereantur,
1094 759 1154 797 ac
1181 744 1348 798 noctis
1374 753 1425 797 et
1456 742 1557 796 diei
1589 757 1810 797 concor-

212 836 368 890 diam
391 874 409 901 ,
436 845 487 890 et
525 851 680 890 suum
724 835 905 889 vitium
936 834 1218 901 corrigam.
1252 834 1339 889 Sic
1382 834 1537 902 igitur
1569 832 1685 885 Dies
1711 831 1810 884 diei

210 928 427 980 verbum
457 935 667 989 eructat,
697 936 743 979 et
773 926 1027 979 scientiam
1056 925 1189 977 nocti
1219 940 1320 978 nox
1347 924 1554 989 indicat,
1586 939 1688 977 non
1717 939 1809 975 vo-

208 1028 343 1065 cem
374 1012 661 1076 mittentes,
691 1011 785 1065 sed
814 1010 937 1064 dum
968 1020 1114 1064 recto
1138 1023 1235 1063 suo
1264 1008 1470 1071 ordine,
1504 1023 1565 1062 ac
1592 1008 1807 1075 disposi-

210 1110 393 1165 tione,
426 1111 478 1155 et
507 1100 880 1170 atquabilitate,
912 1116 973 1155 ac
998 1114 1244 1155 mensura
1273 1099 1338 1153 ab
1366 1100 1507 1153 omni
1538 1098 1808 1152 obstaculo

210 1192 415 1255 libera,
448 1193 565 1245 tuba
597 1192 789 1246 clarius
822 1191 1108 1259 praidicant
1131 1188 1457 1251 Creatorem,
1488 1204 1589 1241 non
1622 1188 1671 1241 in
1702 1202 1807 1241 uno

209 1292 489 1338 terrarum
518 1284 660 1337 orbis
686 1284 900 1352 angulo,
930 1283 1021 1336 sed
1051 1282 1102 1336 in
1127 1282 1391 1345 omnibus,
1420 1296 1550 1351 quas
1573 1282 1651 1335 sol
1678 1281 1808 1349 aspi-

210 1375 329 1437 cit,
380 1375 702 1443 regionibus.
745 1374 837 1427 liae
881 1373 1140 1442 siquidem
1184 1386 1340 1426 voces
1377 1387 1469 1438 per
1506 1372 1804 1425 universum

209 1466 485 1520 mundum
517 1466 774 1531 feruntur,
803 1464 1228 1535 quandoquidem
1257 1465 1449 1533 ubique
1479 1463 1663 1518 cmlum
1691 1472 1803 1526 est,

209 1557 423 1626 ubique
449 1556 594 1621 dies,
629 1558 823 1625 ubique
867 1571 971 1610 nox
996 1595 1010 1620 ,
1047 1570 1303 1623 suamque
1331 1554 1623 1607 doctrinam
1665 1562 1719 1608 et
1757 1554 1806 1606 in

210 1656 368 1702 terra
406 1647 671 1715 explicant
715 1656 765 1701 et
810 1646 860 1699 in
903 1646 1053 1699 mari.
1084 1645 1339 1712 Quocirca
1380 1659 1483 1698 non
1515 1644 1644 1697 dixit
1684 1658 1806 1711 pro-

212 1738 386 1807 pheta
426 1738 769 1806 simpliciter,
802 1737 927 1792 Caeli
964 1737 1252 1805 loquuntur
1282 1737 1500 1804 gloriam
1532 1735 1652 1799 Dei,
1680 1734 1805 1801 sed,

212 1828 506 1893 Euanmtt,
538 1828 635 1882 hoc
659 1840 759 1893 cst,
790 1827 921 1881 alios
946 1828 1103 1882 etiam
1137 1828 1424 1891 instruunt,
1453 1841 1514 1881 ac
1542 1841 1635 1895 pro
1660 1825 1810 1879 disci-

212 1920 367 1990 pulis
394 1919 590 1974 habent
617 1921 918 1973 universum
945 1935 1113 1990 genus
1143 1922 1448 1983 luunanum,
1478 1929 1531 1975 et
1558 1922 1608 1972 in
1638 1918 1809 1973 medio

214 2011 500 2079 preposila
530 2011 757 2064 maxima
784 2010 984 2076 schola,
1014 2010 1266 2066 librorum
1292 2026 1353 2065 ac
1381 2012 1647 2064 literarum
1670 2009 1805 2073 loco,

216 2118 433 2158 natura:
476 2118 584 2157 sum
628 2104 1074 2173 pulchritudinem
1116 2104 1322 2166 idiotis,
1367 2103 1724 2172 sapientibus,
1757 2110 1809 2154 et

214 2195 479 2251 omnibus
506 2194 971 2265 contemplandam
1000 2195 1259 2263 praebent,
1289 2205 1341 2249 et
1368 2204 1629 2265 tamquam
1664 2194 1712 2248 in
1742 2194 1808 2247 li-

214 2288 326 2343 bro
360 2287 673 2342 insidentem
709 2288 835 2356 ipsis
860 2288 927 2343 de
957 2287 1052 2343 Dei
1090 2288 1344 2357 sapientia
1384 2301 1447 2343 ac
1487 2288 1684 2343 virtute
1710 2287 1809 2342 do-

215 2382 477 2435 ctrinam.
511 2380 600 2434 Sic
636 2380 796 2434 etiam
834 2379 1078 2434 homines
1119 2393 1222 2433 non
1269 2380 1575 2449 loquentes,
1606 2379 1698 2434 sed
1726 2379 1811 2434 vel

217 2482 472 2527 tacentes
499 2486 593 2541 per
616 2472 749 2524 alios
781 2471 944 2525 Deum
984 2469 1281 2541 glorificant
1307 2486 1321 2531 ;
1354 2470 1575 2538 ideoque
1605 2469 1813 2525 dicebat

218 2563 475 2618 Christus
504 2579 517 2616 :
550 2560 739 2615 Luceat
786 2562 875 2615 lux
909 2572 1071 2614 vestra
1108 2577 1279 2614 coram
1310 2560 1620 2623 hominibus,
1654 2570 1706 2613 ut
1736 2561 1810 2612 vi-

219 2655 385 2709 deant
413 2669 565 2721 opera
588 2662 748 2706 vestra
775 2653 923 2717 bona,
955 2662 1002 2704 et
1030 2652 1307 2721 gloriﬁcent
1352 2649 1551 2705 Patrem
1578 2660 1809 2716 vestrum,

220 2748 313 2816 qui
344 2746 397 2798 in
424 2745 558 2799 uelis
583 2756 652 2797 est
682 2744 894 2812 (Matth.
924 2744 977 2798 5.
1007 2744 1119 2811 16).
1161 2743 1229 2799 Ut
1260 2743 1418 2814 igitur
1444 2758 1563 2798 cum
1595 2744 1712 2813 quis
1740 2745 1815 2797 vi-

228 2849 342 2891 tam
381 2837 641 2890 lucentem
672 2836 833 2900 videt,
866 2836 1024 2890 etiam
1056 2835 1148 2889 illo
1178 2844 1383 2890 tacente
1409 2837 1497 2905 qui
1529 2835 1674 2895 vivit,
1703 2835 1815 2905 glo-

226 2928 372 2981 riam
396 2937 448 2981 et
474 2926 682 2981 laudem
707 2926 862 2980 offert
887 2926 995 2980 Deo
1020 2942 1032 2977 :
1058 2925 1135 2979 sic
1163 2925 1411 2980 nimirum
1438 2934 1491 2980 et
1520 2926 1565 2980 is
1590 2926 1678 2995 qui
1700 2925 1814 2980 c'eli

228 3016 681 3088 pulchritudinem
714 3016 977 3077 intuetur,
1006 3013 1263 3084 glorificat
1289 3012 1649 3086 Conditorem.
1691 3015 1817 3069 Pro-

227 3116 419 3178 pterea
450 3106 659 3160 dicebat
687 3124 701 3162 :
726 3104 849 3159 Caeli
873 3114 1111 3159 enarraut
1149 3106 1360 3176 gloriam
1405 3104 1526 3172 Dei,
1570 3120 1663 3175 per
1690 3119 1815 3175 spe-

224 3207 499 3263 ctatores;
530 3196 652 3251 Dies
680 3198 780 3251 diei
813 3206 1001 3251 eructat
1034 3196 1248 3261 uerbum,
1278 3205 1323 3250 et
1349 3212 1450 3250 nos:
1475 3197 1607 3250 nocti
1630 3196 1816 3249 indicat

226 3290 494 3347 scientiam
528 3288 698 3359 (Psal.
734 3289 820 3344 l8.
849 3290 924 3358 2).
962 3289 1237 3343 Scientiam
1260 3305 1278 3353 ;
1305 3289 1628 3359 quamnam?
1666 3288 1815 3344 Illam

228 3384 488 3438 nimirum
516 3382 581 3435 de
608 3380 909 3435 Conditore.
943 3379 1011 3435 Ut
1043 3379 1183 3434 enim
1211 3378 1325 3434 dies
1359 3378 1424 3433 ad
1454 3380 1815 3448 operationem

232 3473 511 3528 hominem
542 3471 740 3537 educit,
772 3473 843 3526 ita
877 3469 1171 3526 succedens
1200 3485 1303 3524 nox
1334 3470 1400 3523 ab
1430 3470 1716 3524 innumeris
1743 3469 1817 3525 illi

229 3564 479 3633 requiem
518 3563 607 3617 dat
648 3563 947 3629 laboribus,
985 3568 1133 3622 curis
1153 3579 1279 3620 eum
1299 3564 1461 3630 levat,
1490 3562 1673 3616 oculos
1699 3560 1818 3615 fati-

231 3664 453 3709 scentes
480 3654 757 3721 consopit,
790 3654 1068 3722 palpebras
1099 3653 1432 3721 comprimit,
1466 3652 1729 3721 efficitque
1764 3662 1819 3706 ut

231 3744 545 3799 instauratis
571 3743 771 3797 viribus
796 3744 974 3798 radios
1001 3742 1133 3798 solis
1158 3757 1341 3797 rursus
1365 3742 1616 3811 excipiat.
1643 3744 1819 3813 itaque

232 3849 345 3888 non
374 3832 556 3902 exigua
588 3833 742 3903 hujus
767 3848 979 3903 quoque
1005 3842 1087 3889 est
1115 3832 1310 3887 utilitas
1333 3873 1348 3899 ,
1380 3833 1487 3887 imo
1516 3833 1674 3887 etiam
1704 3849 1816 3888 ma-

230 3940 365 3995 gna.
398 3924 505 3978 Nisi
532 3926 673 3978 enim
712 3924 1008 3980 succedens
1048 3924 1341 3979 innumeris
1366 3938 1395 3977 a
1422 3922 1690 3979 laboribus
1721 3926 1820 3978 bo-

233 4016 377 4072 mini
403 4017 638 4087 requiem
666 4016 893 4086 aliquam
920 4016 1090 4081 daret,
1120 4017 1248 4071 nihil
1279 4016 1392 4072 dies
1418 4016 1491 4071 illi
1522 4016 1818 4086 prodesset,

233 4122 365 4176 qua:
388 4106 454 4160 ad
479 4107 837 4175 operationem
871 4107 1019 4161 illum
1051 4107 1235 4162 eduxit
1262 4126 1274 4161 :
1300 4108 1495 4177 quippe
1523 4116 1708 4162 natura
1736 4108 1821 4162 de-

238 4198 476 4262 ficiente,
507 4197 745 4251 laborum
770 4198 1117 4252 continuitate
1142 4197 1440 4252 confectum
1467 4199 1658 4253 animal
1684 4198 1821 4253 istud

236 4288 467 4359 periret,
499 4302 596 4343 nec
621 4288 778 4342 ullam
804 4288 849 4343 ei
878 4288 1011 4344 lucis
1038 4302 1195 4344 usura
1220 4288 1650 4344 commoditatem
1670 4289 1824 4344 all‘er-

238 4389 351 4435 ret.
383 4378 458 4433 Ea
482 4380 639 4449 igitur
666 4387 748 4434 est
773 4382 1089 4449 praesertim,
1113 4394 1232 4448 quae
1257 4378 1394 4434 diem
1419 4378 1616 4434 homini
1642 4379 1822 4435 utilem

238 4469 453 4533 reddit,
483 4485 599 4540 qua:
629 4470 925 4525 ministerio
958 4486 1057 4527 suo
1084 4470 1151 4527 ad
1182 4472 1536 4542 cognitionem
1568 4472 1659 4529 Dei
1700 4488 1824 4544 pro-

239 4561 396 4615 vehit
431 4576 551 4616 eum
575 4602 590 4627 ,
618 4561 709 4631 qui
748 4561 941 4617 eborea
981 4562 1146 4632 ipsius
1186 4563 1491 4634 perfruitur.
1522 4564 1653 4620 Cum
1683 4566 1823 4621 enim

240 4650 389 4720 apud
413 4666 469 4703 sc
496 4651 835 4721 perpenderit
862 4654 1143 4722 quiSpiam,
1170 4665 1363 4723 quanta
1386 4654 1488 4710 diei
1516 4655 1583 4708 sit
1608 4656 1824 4720 utilitas,

242 4752 447 4811 quanta
475 4744 644 4797 noctis
666 4784 681 4808 ,
712 4752 767 4798 et
794 4760 900 4811 quo
932 4755 1086 4811 pacto
1114 4743 1225 4799 haec
1257 4746 1328 4800 illi
1360 4747 1626 4811 succedit,
1658 4757 1709 4801 et
1734 4762 1827 4800 va-

243 4838 403 4891 riatis
427 4836 645 4899 vicibus,
670 4837 814 4891 velut
839 4836 890 4890 in
921 4836 1087 4892 choro
1114 4840 1381 4907 quopiam,
1412 4839 1707 4893 alternatim
1731 4839 1828 4893 sibi

246 4926 594 4983 succedentes
623 4936 862 4981 nostrum
892 4942 1059 4997 genus
1085 4938 1422 4992 conservant,
1453 4931 1691 4998 quamvis
1719 4947 1829 4983 om-

249 5021 402 5074 nium
434 5017 702 5073 hominum
733 5019 1128 5088 stupidissimus
1165 5018 1342 5086 fuerit,
1373 5024 1603 5075 excitata
1634 5035 1725 5075 sua
1756 5036 1835 5075 ra-

252 5112 405 5164 tione
441 5110 626 5165 summi
668 5110 875 5179 opificis
913 5110 1006 5164 Dei
1052 5110 1362 5181 sapientiam
1408 5126 1565 5166 nosse
1604 5112 1829 5179 poterit,

249 5218 416 5273 quam
446 5218 536 5272 per
559 5202 698 5257 diem
728 5218 792 5257 ac
822 5211 1030 5256 noctem
1060 5202 1326 5267 ostendit,
1357 5204 1480 5256 dum
1512 5204 1651 5256 illam
1683 5202 1833 5257 nobis

250 5296 324 5351 ad
354 5296 744 5365 operationem,
775 5294 913 5348 hanc
950 5294 1015 5348 ad
1056 5293 1295 5350 laborum
1336 5295 1710 5350 relaxationem
1752 5302 1832 5346 at-

256 5388 458 5444 tribuit.

330 5478 383 5533 ὃ.
418 5478 609 5534 Verum
638 5477 703 5531 ad
732 5476 846 5531 haec
878 5475 1053 5529 omnia
1092 5476 1311 5532 dicenda
1338 5477 1445 5547 jam
1478 5475 1599 5530 inde
1628 5476 1695 5529 ab
1716 5491 1835 5529 ora-

255 5574 411 5629 tionis
455 5573 679 5630 exordio
726 5570 947 5642 digressi
999 5584 1225 5624 sumus:
1259 5571 1506 5641 quoniam
1556 5579 1729 5623 autem
1772 5586 1832 5625 ex

257 5667 339 5723 his
362 5684 477 5740 quae
507 5666 775 5723 hodierno
805 5663 892 5719 die
920 5664 1053 5717 lecta
1081 5671 1223 5727 sunt,
1258 5664 1507 5718 nonnulla
1550 5663 1744 5719 multos
1770 5679 1835 5718 ex

248 5759 311 5817 iis
340 5768 425 5833 qui
452 5760 638 5817 minus
665 5756 905 5812 animum
931 5753 1204 5808 attendunt
1225 5755 1354 5808 forte
1376 5754 1832 5824 perturbaverunt,

868 376 929 432 IN
971 375 1173 433 ILLUD
1211 374 1428 443 ιδΑιίΕ,
1472 375 1605 431 EGO
1650 371 1944 429 DOMINUS
1982 373 2157 431 DEUS
2198 373 2348 429 FECI
2387 373 2645 446 LUMEN,
2678 373 2829 430 ETC.

3373 374 3484 431 146

1915 480 2110 535 eosque
2130 468 2216 537 qui
2240 468 2291 522 in
2305 466 2587 538 Scripturis
2605 486 2787 540 parum
2808 470 2997 526 versati
3015 478 3167 523 sunt:
3187 481 3285 537 age
3303 482 3493 536 magna

1912 559 2069 613 animi
2101 562 2451 629 propensione
2475 578 2536 617 ac
2556 564 2729 617 studio
2752 562 2972 632 gradum
2996 561 3060 616 ad
3084 564 3183 615 ista
3213 559 3490 614 faciamus.

1913 648 2070 703 Lecta
2110 650 2250 703 enim
2283 662 2363 704 est
2401 653 2556 706 etiam
2587 654 2820 707 narratio
2836 654 2903 708 de
2931 653 3173 713 muliere.
3216 666 3332 720 quae
3371 665 3491 703 san-

1913 740 2083 808 guinis
2113 739 2310 794 ﬂuxum
2356 742 2673 812 patiebatur,
2702 759 2925 813 qumque
2970 741 3169 796 fontem
3210 740 3483 809 sanguinis

1913 842 2057 886 tactu
2104 834 2375 902 repressit,
2420 850 2484 889 ac
2526 835 2645 889 fidei
2694 837 2882 889 virtute
2926 844 3128 889 tantum
3181 834 3489 887 thesaurum

1912 924 2209 991 depretiata
2252 936 2331 979 est
2358 925 2567 997 (Matth.
2599 927 2651 981 9.
2679 926 2897 996 20-22)
2920 944 2932 980 :
2958 926 3157 980 furtum
3206 926 3346 978 enim
3396 923 3489 976 fuit

1912 1014 2039 1068 illud
2080 1015 2295 1081 factum,
2332 1017 2423 1071 sed
2464 1017 2619 1072 laude
2664 1018 2901 1085 dignum,
2943 1024 2998 1072 et
3023 1016 3109 1069 ubi
3152 1014 3488 1082 deprehensa

1912 1115 1991 1159 est
2011 1121 2128 1174 quze
2151 1117 2413 1174 rapuerat,
2431 1108 2799 1161 commendata
2820 1116 2902 1161 est
2928 1124 2939 1158 :
2968 1107 3161 1175 quippe
3185 1104 3341 1158 Jesus
3359 1104 3497 1170 ipse,

1911 1197 1998 1265 qui
2031 1195 2222 1250 furtum
2248 1208 2574 1267 passuserat,
2593 1199 2951 1253 mulierculam
2970 1197 3303 1252 collaudavit.
3331 1196 3488 1248 Lecta

1910 1296 2034 1340 sunt
2073 1287 2229 1341 etiam
2274 1289 2515 1358 stigmata
2554 1288 2721 1354 Pauli,
2763 1288 3016 1353 vulnera,
3064 1302 3339 1347 carceres,
3388 1285 3485 1337 ab-

1912 1379 2188 1436 ductiones
2218 1382 2515 1450 adjudicia,
2546 1382 2836 1451 naufragia,
2879 1381 3109 1443 vincula,
3152 1388 3375 1443 catcnze,
3410 1374 3489 1428 iu-

1913 1472 2058 1526 sidize
2093 1472 2313 1527 diversa:
2342 1488 2404 1527 ac
2426 1473 2688 1527 continuae
2713 1514 2726 1537 ,
2760 1473 3080 1542 quotidiana:
3136 1480 3359 1533 mortes,
3408 1472 3490 1521 la-

1914 1579 2058 1629 mes,
2106 1565 2241 1629 sitis,
2262 1565 2487 1629 auditas,
2529 1565 2777 1619 instantia
2834 1562 3156 1634 quotidiana.
3197 1560 3302 1616 Sed
3362 1559 3487 1627 quid

1914 1653 2136 1709 faciam?
2160 1655 2345 1725 Magno
2382 1671 2500 1710 cum
2526 1655 2725 1724 impetu
2752 1669 2837 1709 me
2865 1653 3163 1722 proripiens
3191 1650 3315 1704 hinc
3339 1653 3491 1701 aulu-

1912 1748 2050 1817 giam
2073 1762 2290 1802 necesse
2310 1757 2411 1813 εει,
2436 1762 2501 1801 ne
2516 1762 2699 1801 rursus
2721 1762 2818 1799 nos
2840 1745 3081 1799 detinens
3104 1742 3296 1797 Paulus
3313 1756 3341 1794 a
3362 1756 3489 1809 pro-

1912 1839 2085 1909 posito
2107 1846 2418 1906 argumento
2438 1837 2683 1891 abducat.
2705 1835 2834 1890 Nam
2854 1846 2909 1888 ut
2929 1834 3094 1898 scitis,
3117 1845 3488 1901 szepenumero

1912 1929 2039 1982 alibi
2070 1944 2154 1983 me
2174 1927 2504 1984 incedentem
2526 1938 2580 1983 et
2599 1942 2911 1982 conversum
2934 1938 3220 1979 occurrens
3240 1924 3291 1977 in
3314 1921 3490 1975 medio

1914 2032 2159 2073 sermone
2191 2017 2436 2083 detinuit,
2455 2028 2508 2072 et
2534 2017 2605 2071 ita
2635 2017 2794 2086 cepit,
2813 2016 2942 2069 utin
2966 2016 3080 2083 ipso
3108 2013 3259 2066 linire
3285 2023 3490 2064 sermo-

1914 2127 2033 2166 nem
2064 2110 2330 2166 suaderet.
2356 2110 2432 2165 Ne
2459 2108 2615 2180 igitur
2647 2108 2696 2163 id
2727 2108 2884 2163 hodie
2918 2121 3127 2176 quoque
3171 2103 3326 2158 nobis
3353 2101 3492 2155 acci-

1913 2204 2024 2271 dat,
2056 2212 2321 2273 tamquam
2354 2201 2613 2256 violenter
2657 2201 2851 2269 injecto
2895 2197 3045 2251 freno
3090 2195 3210 2249 illuc
3257 2190 3490 2247 tendenti

1915 2294 2162 2360 orationi,
2196 2293 2272 2347 sic
2320 2292 2462 2346 illam
2503 2291 2775 2345 trahamus
2803 2298 2856 2342 et
2881 2287 2947 2341 ad
2974 2287 3075 2340 hoc
3113 2283 3312 2339 dictum
3362 2297 3489 2350 pro-

1916 2386 2181 2455 pheticum
2212 2383 2544 2439 reducamus.
2577 2380 2851 2449 Quodnam
2888 2379 3046 2448 igitur
3072 2375 3197 2429 illud
3231 2375 3351 2428 est?
3380 2371 3493 2442 Ego

1919 2477 2183 2537 Dominus,
2211 2477 2395 2545 inquit,
2426 2474 2514 2544 qui
2536 2473 2635 2543 feci
2656 2472 2815 2526 lucem
2841 2483 2887 2523 et
2915 2470 3158 2533 tenebras,
3193 2470 3381 2538 faciens
3402 2483 3494 2534 pa-

1917 2585 2040 2633 cem,
2069 2576 2118 2622 et
2148 2583 2321 2621 creans
2349 2567 2484 2619 mala
2512 2563 2665 2635 (Isai.
2697 2564 2787 2617 £5.
2816 2564 2896 2633 7).
2934 2561 3131 2616 Videtis
3158 2574 3262 2613 non
3293 2569 3494 2613 temere

1917 2674 2085 2729 neque
2103 2658 2292 2712 frustra
2311 2671 2408 2712 nos
2423 2655 2489 2711 ad
2506 2656 2644 2710 hunc
2664 2656 2837 2709 locum
2857 2652 3148 2706 instituisse
3159 2665 3394 2712 cursum,
3411 2664 3498 2702 ve-

1918 2766 2036 2803 rum
2079 2749 2323 2804 omnibus
2362 2744 2732 2816 przetermissis
2761 2743 2866 2796 huc
2893 2740 3171 2810 pervenire
3190 2737 3494 2793 studuisse?

1919 2840 2101 2909 Neque
2124 2839 2266 2894 enim
2296 2838 2616 2893 mediocrem
2646 2835 2694 2890 ei
2720 2834 2810 2902 qui
2832 2834 3009 2887 minus
3043 2838 3278 2886 attentus
3313 2827 3491 2894 fuerit,

1920 2932 2365 3003 perturbationem
2407 2929 2635 2984 afferunt
2674 2927 2791 2981 ista.
2823 2922 3177 2991 Quamobrem
3214 2917 3493 2985 attendite,

1919 3036 2120 3093 quaeso,
2162 3020 2415 3083 animum,
2459 3026 2512 3073 et
2540 3030 2697 3071 aures
2741 3015 2949 3085 erigite,
2980 3027 3043 3067 ac
3080 3009 3320 3066 saeculari
3348 3009 3493 3063 omni

1921 3117 2115 3184 rejecta
2156 3111 2541 3178 sollicitudine,
2575 3126 2693 3179 qua:
2739 3109 2986 3162 dicuntur
3024 3106 3304 3160 advertite.
3348 3103 3496 3157 Hanc

1920 3208 2058 3263 enim
2080 3207 2189 3277 jam
2208 3200 2365 3256 vobis
2381 3200 2544 3271 cupio
2578 3200 2879 3256 mercedem
2907 3198 3073 3253 vestri
3111 3197 3214 3250 huc
3237 3195 3495 3249 adventus

1921 3298 2256 3365 persolvere,
2296 3308 2359 3349 ac
2402 3292 2760 3362 spiritualihus
2816 3296 3153 3344 exsaturatos
3199 3284 3392 3341 eduliis
3426 3285 3494 3339 ita

1922 3387 2136 3441 domum
2178 3399 2269 3439 vos
2298 3384 2586 3446 remittere,
2618 3392 2671 3435 ut
2698 3381 2785 3451 qui
2813 3378 3113 3444 abfuerunt,
3142 3386 3390 3446 quantam
3407 3374 3493 3443 ja-

1923 3487 2125 3531 cturam
2166 3473 2404 3537 fecerint,
2433 3473 2605 3542 reipsa
2633 3471 2837 3525 discant
2865 3486 2878 3522 :
2903 3469 3071 3523 scient
3099 3476 3275 3520 autem
3302 3466 3344 3519 si
3375 3480 3494 3517 cum

1924 3570 2213 3622 attentione
2254 3580 2372 3635 qua:
2410 3564 2646 3619 dicemus
2688 3561 3034 3629 exceperitis,
3080 3568 3237 3627 atque
3274 3556 3339 3610 ad
3378 3555 3499 3609 illos

1926 3657 2281 3711 transmittere
2320 3654 2615 3724 potueritis.
2666 3652 2775 3722 Ego
2817 3650 3063 3703 Dominus
3104 3648 3259 3712 Deus,
3289 3646 3375 3715 qui
3405 3646 3501 3715 feci

1924 3751 2085 3803 lucem
2112 3758 2157 3802 et
2182 3746 2426 3809 tenebras,
2457 3746 2645 3816 faciens
2672 3760 2866 3815 pacem,
2889 3753 2936 3796 et
2963 3758 3139 3795 creans
3160 3741 3313 3794 mala.
3348 3737 3499 3793 Assi-

1924 3840 2027 3894 due
2068 3839 2265 3893 dictum
2312 3836 2449 3891 istud
2486 3844 2687 3904 repeto,
2718 3843 2775 3888 ut
2800 3833 2851 3887 in
2880 3835 3068 3888 vestris
3091 3831 3281 3885 animis
3303 3830 3500 3898 deﬁga-

1928 3938 2031 3995 tur,
2060 3944 2121 3982 ac
2146 3926 2336 3983 deinde
2370 3926 2564 3981 solutio
2604 3924 2933 3978 adhibeatur.
2983 3922 3165 3991 Neque
3202 3935 3327 3973 vero
3354 3919 3501 3972 solus

1928 4023 2029 4078 hoc
2053 4024 2152 4077 iste
2198 4022 2344 4085 dicit,
2375 4020 2469 4075 sed
2504 4032 2556 4074 et
2580 4018 2712 4071 alius
2749 4015 3036 4071 concinens
3077 4014 3200 4068 huic
3243 4010 3501 4082 propheta

1926 4114 2164 4168 dicebat:
2190 4113 2251 4168 Si
2271 4122 2339 4167 est
2365 4112 2557 4165 malitia
2582 4111 2631 4163 in
2654 4110 2867 4174 civitate,
2882 4124 3032 4175 quam
3056 4123 3153 4160 non
3182 4106 3299 4175 fecit
3329 4103 3504 4156 Domi—

1928 4222 2018 4259 nus
2049 4205 2242 4275 (Amos
2270 4206 2321 4260 ὅ.
2354 4202 2597 4276 6)?Quid
2651 4216 2779 4273 ergo
2825 4201 2923 4255 sibi
2966 4199 3079 4254 vult
3119 4197 3258 4268 quod
3302 4196 3500 4251 dictum

1929 4296 2043 4350 est?
2074 4295 2241 4352 Unam
2285 4295 2425 4349 enim
2468 4293 2713 4347 omnibus
2756 4300 2967 4360 oportet
3004 4289 3319 4343 solutionem
3349 4286 3500 4339 adhi-

1929 4389 2074 4444 bere.
2121 4387 2373 4454 Qua-nam
2411 4387 2567 4457 igitur
2592 4374 2673 4441 est
2700 4382 2929 4438 solutio?
2972 4382 3027 4437 Si
3059 4381 3161 4434 vim
3210 4380 3502 4434 dictionum

1932 4482 2135 4535 illarum
2163 4479 2521 4535 didicerimus.
2539 4476 2733 4531 Verum
2760 4473 3014 4528 attendite
3042 4472 3320 4541 diligenter
3352 4490 3364 4523 :
3399 4487 3503 4525 non

1932 4573 2071 4627 enim
2106 4581 2304 4625 temere
2330 4584 2427 4623 nec
2455 4566 2644 4622 frustra
2670 4580 2764 4619 vos
2794 4563 2858 4618 ad
2886 4563 2986 4617 hoc
3027 4561 3238 4616 assidue
3262 4561 3504 4616 cohorta-

1933 4678 2073 4728 mur,
2100 4660 2190 4715 sed
2218 4659 2464 4728 quoniam
2498 4657 2606 4725 jam
2632 4655 2697 4709 ad
2734 4654 3002 4708 abstrusas
3049 4668 3345 4723 gravesque
3375 4669 3501 4707 sen-

1937 4754 2124 4807 tentias
2155 4750 2372 4821 gradum
2418 4748 2659 4803 facimus.
2690 4746 2888 4801 Rerum
2934 4746 3051 4799 alite
3092 4744 3304 4815 quidem
3353 4744 3506 4798 home

1935 4853 2073 4907 sunt,
2098 4842 2214 4896 alite
2244 4841 2420 4906 malte,
2451 4839 2569 4893 alite
2588 4837 2798 4905 mediae,
2827 4852 3047 4906 quarum
3079 4836 3340 4891 nonnulla:
3366 4835 3505 4888 mul-

1938 4935 2003 4988 tis
2039 4933 2190 4987 malre
2216 4932 2481 4995 videntur,
2504 4930 2628 4985 licet
2668 4945 2773 4984 non
2821 4932 2947 4995 sint,
2975 4928 3068 4983 sed
3111 4928 3353 4980 dit-untur
3394 4935 3509 4979 tan-

1938 5036 2045 5080 tum
2068 5033 2121 5080 et
2145 5024 2528 5079 existimantur.

2012 5115 2291 5184 Paupertas
2334 5132 2434 5168 non
2470 5112 2623 5177 mala,
2666 5112 2851 5165 divitia:
2886 5127 2986 5164 non
3031 5110 3190 5164 bonae.
3229 5110 3426 5166 —Sed
3458 5124 3515 5168 ut

1939 5207 2077 5277 quod
2098 5222 2124 5260 a
2142 5222 2225 5261 me
2253 5206 2442 5260 dicitur
2468 5202 2747 5257 dilucidius
2778 5204 2886 5269 fiat,
2913 5219 3007 5273 age
3036 5204 3299 5258 firmatum
3327 5222 3509 5261 exem-

1942 5300 2042 5367 plis
2067 5313 2365 5353 sermonem
2397 5296 2750 5351 instituamus.
2786 5295 3071 5364 Paupertas
3101 5297 3280 5350 multis
3301 5298 3511 5366 quidem

1943 5393 2134 5447 tnalum
2178 5390 2405 5455 videtur,
2451 5402 2633 5441 verum
2685 5402 2790 5441 non
2821 5394 2939 5441 est:
2969 5388 3094 5456 quin
3140 5388 3296 5441 etiam
3321 5391 3364 5440 si
3396 5390 3515 5455 quis

1944 5482 2193 5552 providus
2216 5481 2284 5533 sit
2309 5488 2361 5532 et
2384 5478 2481 5531 sibi
2509 5486 2761 5543 attentus,
2794 5477 2927 5531 mala
2958 5477 3171 5531 tollendi
3199 5478 3301 5529 vim
3332 5478 3514 5535 habet.

1948 5574 2147 5627 Divitite
2195 5584 2377 5624 rursus
2420 5569 2613 5622 bonum
2644 5568 2853 5637 quidem
2885 5568 3129 5621 videntur
3158 5582 3296 5631 esse,
3332 5576 3505 5622 tamen

1946 5664 2183 5717 absolute
2230 5662 2423 5717 bonum
2468 5660 2688 5715 minime
2732 5668 2873 5724 sunt,
2921 5658 3019 5712 nisi
3067 5660 3188 5727 quis
3225 5669 3280 5711 ut
3306 5670 3513 5728 oportet

1952 5755 2012 5809 iis
2041 5760 2233 5808 utatur.
2258 5751 2389 5807 Nam
2420 5752 2459 5806 si
2490 5750 2730 5805 absolute
2754 5750 2946 5805 bonum
2973 5758 3150 5804 essent
3180 5750 3397 5817 divitiae,
3416 5750 3512 5807 bo-
