4144 6474
646 408 757 464 147

624 528 723 568 nos
747 528 872 570 esse
912 521 1187 584 Oporteret
1213 516 1300 585 qui
1330 529 1421 570 eas
1451 511 1725 585 possident
1754 527 1766 563 :
1796 509 1877 565 sin
1902 516 2076 563 autem
2102 519 2211 561 non

623 619 816 660 omnes
869 605 1065 661 divites
1106 607 1300 661 virtute
1346 614 1469 662 sunt
1510 604 1714 675 praediti
1742 643 1757 667 ,
1798 602 1964 672 liquet
2000 599 2212 654 divitias

625 696 942 766 simpliciter
977 713 1040 753 ac
1068 713 1169 770 per
1202 712 1261 755 se
1288 697 1456 754 bonas
1497 714 1601 753 non
1626 711 1762 761 esse,
1804 709 1988 749 verum
2015 692 2066 747 in
2091 707 2209 747 me-

625 790 713 842 dio
758 789 983 860 positam
1032 790 1308 845 materiam
1356 790 1642 861 quamdam
1690 802 1810 843 esse
1854 786 2085 841 virtutis.
2124 785 2213 839 Sic

625 889 803 936 autem
834 897 947 936 rem
970 881 1230 949 expende.
1262 879 1395 937 Sunt
1414 880 1469 935 in
1496 893 1721 950 corpore
1745 878 2050 949 qualitates,
2079 890 2210 947 quas

626 970 716 1041 qui
744 970 948 1027 habent
988 973 1119 1027 tales
1144 973 1210 1027 ab
1235 972 1299 1026 iis
1326 972 1678 1043 appellantur.
1710 968 1953 1040 Exempli
2002 983 2160 1024 causa
2193 985 2205 1021 :

622 1062 829 1116 candor
874 1064 1169 1118 substantia
1212 1079 1315 1117 non
1342 1072 1443 1127 est,
1474 1062 1567 1117 sed
1606 1061 1851 1131 qualitas,
1883 1068 1936 1113 et
1963 1058 2209 1112 accidens

622 1151 765 1222 quod
808 1152 1025 1208 advenit
1048 1154 1386 1217 substantim;
1415 1166 1543 1223 ergo
1564 1151 1610 1207 si
1635 1152 1718 1206 cui
1749 1149 2065 1204 adnascatur
2085 1147 2205 1213 hoc,

627 1241 909 1298 candidum
954 1244 1214 1313 ejusmodi
1254 1244 1523 1299 hominem
1564 1244 1911 1313 appellamus.
1951 1240 2043 1296 Est
2068 1256 2207 1310 prte-

622 1346 772 1388 terea
803 1334 1060 1404 :egritudo
1088 1345 1141 1389 et
1172 1336 1282 1405 ipsa
1309 1336 1537 1407 qualitas
1578 1335 1819 1405 quaedam
1857 1342 1912 1389 et
1936 1333 2205 1400 accidens,

624 1442 686 1482 ac
711 1427 756 1480 si
783 1427 865 1483 cui
910 1426 1177 1494 adveniat,
1209 1429 1365 1483 talem
1395 1438 1649 1499 aegrotum
1693 1442 1966 1483 vocamus.
1995 1427 2052 1482 Si
2082 1442 2209 1497 ergo

622 1513 820 1571 divilia:
851 1518 1018 1573 virtus
1045 1529 1245 1586 essent,
1276 1535 1398 1574 eum
1432 1522 1518 1590 qui
1559 1520 1774 1574 divitias
1818 1517 2052 1589 possidet
2098 1520 2206 1574 vir-

626 1620 739 1667 tute
782 1614 1059 1682 przeditum
1111 1631 1233 1671 esse
1272 1626 1545 1687 oporteret
1572 1634 1634 1673 ac
1678 1617 1779 1672 dici
1814 1634 1828 1672 :
1861 1616 1999 1689 quod
2029 1618 2071 1671 si
2104 1632 2206 1672 non

625 1705 845 1758 omnino
887 1705 1083 1762 virtute
1128 1707 1381 1777 prauiitus
1423 1718 1503 1763 est
1534 1708 1706 1775 dives,
1744 1725 1851 1763 non
1892 1708 2210 1777 simpliciter

627 1803 716 1847 aut
748 1795 914 1851 virtus
940 1807 1030 1851 aut
1059 1796 1253 1851 bonum
1285 1808 1407 1852 sunt
1436 1798 1659 1867 divitim,
1689 1799 1781 1854 sed
1814 1799 1864 1853 id
1899 1798 2028 1854 [lunt
2056 1809 2210 1870 prout

621 1884 845 1941 allectus
892 1887 1046 1943 fuerit
1090 1888 1205 1957 ejus
1252 1890 1463 1945 animus
1506 1891 1595 1960 qui
1644 1890 1723 1946 eis
1761 1891 1958 1945 utitur.
2007 1891 2209 1945 Rursus

623 1988 905 2048 paupertas
946 1981 990 2035 si
1030 1982 1224 2035 malum
1268 1991 1428 2048 esset,
1469 1997 1655 2039 omnes
1702 1983 1789 2053 qui
1817 1983 1870 2038 in
1903 1992 2209 2053 paupertate

622 2070 841 2141 degunt,
884 2083 1156 2141 Oporteret
1202 2089 1320 2130 esse
1347 2075 1517 2131 malos
1546 2098 1559 2131 :
1588 2077 1670 2131 sin
1696 2086 1871 2130 autem
1904 2076 2055 2131 multi
2082 2091 2208 2145 pan-

623 2175 782 2230 peres
834 2163 1026 2219 caelum
1076 2175 1443 2236 occuparunt,
1494 2183 1599 2221 non
1653 2176 1733 2223 est
1778 2166 1956 2237 utique
2010 2168 2205 2222 malum

621 2263 927 2323 paupertas.

691 2346 743 2399 ι.
777 2344 912 2412 Quid
942 2351 1082 2415 quod
1118 2346 1267 2402 multi
1298 2356 1515 2418 propter
1553 2352 1916 2418 paupertatem
1954 2347 2206 2417 blasphe-

620 2438 811 2489 mant?
846 2435 990 2492 dicet
1032 2438 1242 2508 aliquis.
1283 2437 1397 2493 Non
1428 2447 1646 2508 propter
1676 2447 2040 2507 paupertatem
2062 2478 2079 2504 ,
2111 2438 2206 2493 sed

622 2539 843 2599 propter
875 2529 1135 2585 insaniam
1165 2545 1313 2584 suam
1342 2541 1396 2585 et
1420 2530 1907 2602 pusillanimitatem
1938 2530 1989 2585 id
2021 2538 2206 2601 agunt.

621 2618 797 2689 Atque
838 2619 941 2676 hoc
976 2636 1041 2677 ex
1087 2622 1223 2677 beati
1256 2620 1356 2677 Job
1380 2621 1625 2692 exemplo
1652 2630 1794 2690 patet
1821 2634 1835 2685 ;
1870 2620 1957 2691 qui
1989 2634 2111 2675 cum
2141 2620 2208 2675 ad

622 2718 915 2762 extremam
952 2720 1317 2779 paupertatem
1350 2709 1594 2765 redactus
1620 2721 1763 2765 esset
1785 2750 1801 2773 ,
1839 2718 1892 2764 ct
1922 2710 1986 2763 ad
2034 2710 2205 2780 ipsum

622 2799 950 2867 paupertatis
999 2800 1304 2853 barathrum
1354 2799 1634 2855 devolutus
1662 2840 1677 2866 ,
1724 2813 1829 2852 non
1876 2798 2047 2853 solum
2102 2814 2206 2854 non

622 2889 1030 2959 blaSphetuavit,
1059 2887 1151 2945 sed
1184 2888 1348 2944 Deutn
1379 2890 1691 2945 benedicere
1719 2902 1822 2943 non
1854 2888 2100 2956 cessavit,
2126 2888 2208 2943 his

624 2982 832 3037 verbis:
860 2980 1104 3037 Dominus
1119 2981 1275 3047 dedit,
1300 2976 1541 3037 Dominus
1568 2980 1771 3035 abstulit
1795 2996 1813 3044 ,'
1837 2980 1963 3034 sicut
1992 2979 2208 3033 Domino

607 3074 836 3145 .placuit,
855 3074 925 3127 ita
944 3079 1136 3146 factum
1160 3082 1233 3128 est
1259 3089 1277 3127 :
1300 3074 1365 3128 sit
1390 3088 1567 3127 nomen
1597 3072 1799 3126 Domini
1825 3070 2133 3126 benedictum
2156 3074 2207 3125 in

623 3162 813 3218 uacula
843 3162 964 3231 (Job
996 3166 1045 3221 l.
1065 3163 1183 3235 2i).
1210 3164 1278 3219 At
1301 3164 1441 3219 enim
1467 3164 1536 3220 ob
1555 3163 1763 3220 divitias
1780 3164 1937 3219 etiam
1960 3164 2108 3217 multi
2133 3179 2205 3218 ra-

625 3256 779 3326 piunt
799 3266 850 3312 et
880 3256 1050 3312 aliena
1084 3256 1358 3319 invadunt,
1387 3254 1532 3311 dicet
1555 3252 1764 3325 aliquis.
1795 3255 1989 3311 Verum
2018 3256 2069 3311 id
2100 3272 2207 3312 non

622 3346 694 3403 ob
719 3345 929 3401 divitias
961 3348 1016 3399 fit
1040 3387 1055 3412 ,
1086 3345 1177 3401 sed
1209 3347 1279 3399 ob
1308 3347 1545 3416 ipsorum
1575 3346 1884 3409 stultitiam;
1918 3354 2076 3416 atque
2104 3345 2204 3401 hu-

621 3438 709 3510 jus
738 3438 811 3495 rei
844 3439 995 3493 testis
1022 3438 1174 3493 nobis
1199 3439 1300 3493 erit
1341 3438 1424 3493 hic
1454 3438 1565 3509 ipse
1589 3438 1688 3503 vir,
1717 3440 1804 3507 qui
1836 3452 1954 3493 cum
1988 3447 2062 3492 tot
2094 3439 2209 3509 opi-

622 3532 725 3585 bus
746 3530 1062 3593 abundaret,
1085 3546 1186 3583 non
1216 3530 1373 3584 modo
1400 3546 1485 3585 res
1513 3529 1736 3585 aliorum
1760 3543 1863 3583 non
1894 3530 2084 3599 rapuit,
2113 3531 2207 3587 sed

621 3622 779 3675 etiam
804 3621 1013 3691 propria
1037 3620 1307 3691 erogabat,
1330 3626 1382 3675 et
1408 3619 1706 3690 peregrinis
1726 3630 1932 3689 portum
1964 3616 2204 3688 parabat,

622 3714 699 3767 sic
728 3712 945 3767 dicens:
970 3710 1161 3765 Domus
1191 3728 1299 3764 mea
1327 3712 1464 3765 omni
1491 3711 1754 3782 peregrina
1779 3710 1937 3781 patuit
1971 3711 2086 3785 (Job
2115 3709 2203 3765 3|.

621 3804 733 3875 39.).
751 3804 1015 3860 Abraham
1039 3818 1249 3873 quoque
1268 3819 1385 3858 eum
1411 3812 1481 3857 tot
1505 3818 1634 3872 Opes
1666 3805 1979 3872 possideret,
1997 3805 2049 3857 in
2075 3820 2205 3871 pne-

622 3905 892 3952 tercuutes
928 3896 1105 3951 omnia
1132 3893 1499 3964 expendebat;
1538 3905 1592 3949 et
1641 3910 1808 3964 neque
1851 3896 1991 3950 hunc
2034 3912 2206 3965 neque

620 3990 771 4045 illum
792 3988 1151 4045 fraudatorem
1180 3996 1271 4043 aut
1298 4002 1517 4043 avarum
1546 3986 1741 4042 divitiae
1764 3987 2125 4053 reddiderunt,
2148 3998 2205 4043 ut

621 4096 793 4150 neque
818 4081 1183 4149 blaspltemutn
1208 4088 1487 4150 paupertas
1512 4087 1603 4133 aut
1626 4078 1768 4133 illum
1799 4089 1888 4133 aut
1910 4079 2200 4135 Lazarum:

620 4172 714 4227 sed
755 4186 877 4226 cum
918 4187 1088 4242 neque
1132 4172 1428 4226 necessaria
1469 4172 1679 4240 utrique
1724 4179 2067 4240 suppeterent
2105 4170 2205 4225 ali-

622 4272 824 4329 menta,
855 4264 935 4319 sic
962 4262 1193 4317 illustres
1225 4261 1459 4328 fuerunt,
1486 4271 1543 4315 ut
1572 4262 1705 4314 alter
1732 4262 1822 4315 Dei
1850 4302 1862 4325 ,
1898 4262 1986 4330 qui
2012 4277 2200 4316 arcana

620 4356 765 4411 clare
800 4355 1288 4417 novit,testimonio
1324 4351 1823 4408 commendaretur:
1859 4351 1989 4405 alter
2028 4361 2201 4407 autem

623 4450 692 4503 ab
718 4448 920 4519 angelis
958 4445 1394 4502 antecedentibus
1424 4445 1547 4498 hinc
1586 4441 1903 4508 auferretur,
1935 4453 1988 4497 et
2017 4451 2203 4497 contu-

623 4540 853 4595 bernalis
894 4538 1045 4592 ﬁeret
1084 4536 1397 4607 patriarclne
1430 4577 1443 4601 ,
1483 4530 1775 4604 iisdemque
1817 4533 1969 4588 bonis
2011 4534 2201 4603 quibus

622 4629 711 4683 ille
740 4627 1020 4682 frueretur.
1050 4627 1230 4695 Itaque
1260 4626 1445 4679 medim
1476 4639 1560 4679 res
1589 4635 1711 4679 sunt
1740 4627 1852 4679 ista:
1879 4664 1893 4689 ,
1922 4635 2201 4695 paupertas

623 4730 671 4775 et
702 4720 927 4782 divitia},
955 4720 1156 4773 sanitas
1183 4728 1236 4773 et
1260 4719 1475 4771 morbus
1501 4760 1515 4783 ,
1544 4717 1649 4772 vita
1679 4728 1731 4771 et
1761 4732 1925 4780 mors,
1952 4717 2116 4786 gloria
2150 4727 2203 4771 et

622 4810 813 4875 honor,
842 4810 1071 4864 servitus
1098 4818 1150 4862 et
1177 4808 1392 4861 libertas
1414 4848 1426 4869 ,
1454 4816 1507 4862 et
1537 4821 1885 4877 qumcumque
1910 4816 2033 4861 sunt
2057 4808 2201 4877 ejus-

622 4901 807 4967 modi;
840 4916 943 4956 non
972 4901 1113 4954 enim
1142 4898 1315 4954 omnia
1348 4907 1470 4952 sunt
1500 4900 1853 4966 percurrenda
1875 4941 1890 4965 ,
1935 4914 2000 4953 ne
2043 4901 2204 4970 proli-

622 4997 741 5050 xior
772 4995 861 5048 iiat
888 4993 1090 5054 oratio,
1125 4991 1217 5044 sed
1248 4990 1398 5044 vobis
1424 5004 1493 5043 ex
1534 4990 1613 5042 his
1640 4990 1759 5043 data
1793 4992 2103 5055 occasione,
2136 4993 2201 5046 ad

620 5102 681 5139 ea
711 5102 829 5156 quae
857 5100 955 5140 nos
983 5092 1170 5152 urgent
1194 5081 1411 5137 dicenda
1438 5081 1761 5151 pergendum
1792 5092 1873 5135 est
1924 5080 2007 5134 Da
2037 5083 2199 5148 enim,

621 5179 813 5247 inquit,
846 5178 1060 5247 sapienti
1087 5176 1418 5241 occasionem,
1450 5185 1495 5228 et
1521 5174 1794 5243 sapientior
1818 5175 1909 5227 erit
1938 5174 2114 5244 (Prov.
2145 5175 2198 5230 9.

622 5266 712 5339 9).
745 5266 907 5335 Igitur
938 5282 1023 5321 res
1055 5267 1242 5320 medite
1277 5273 1398 5319 sunt
1436 5264 1547 5318 haec
1584 5263 1759 5318 omnia
1790 5281 1802 5317 :
1832 5263 1909 5317 sic
1948 5272 2003 5317 ut
2034 5263 2117 5317 his
2150 5266 2200 5319 in

621 5359 820 5413 bonum
853 5366 905 5412 et
935 5358 984 5410 in
1020 5358 1215 5410 malum
1247 5357 1487 5411 homines
1519 5357 1595 5411 uti
1632 5355 1856 5424 possint.
1880 5354 2029 5420 Quod
2060 5356 2200 5410 enim

622 5452 707 5505 ha:
736 5465 821 5505 res
847 5453 953 5503 sint
979 5448 1188 5513 medim,
1215 5459 1272 5501 ut
1297 5448 1512 5511 divitiae,
1542 5445 1774 5501 ostendit
1798 5445 2083 5507 Abraham,
2114 5447 2201 5514 qui

624 5550 681 5595 ut
704 5554 838 5610 Opus
869 5546 987 5591 erat
1008 5536 1139 5605 ipsis
1155 5543 1237 5588 est
1251 5550 1409 5588 usus:
1445 5538 1675 5593 ostendit
1703 5547 1754 5592 et
1785 5536 1871 5591 ille
1900 5538 1986 5597 qui
2018 5536 2203 5590 Lazari

622 5632 929 5686 vixitaetatc
956 5631 1123 5694 dives,
1150 5628 1236 5697 qui
1268 5630 1318 5681 in
1350 5630 1538 5695 capitis
1564 5630 1643 5681 sui
1675 5627 1960 5696 perniciem
1984 5626 2203 5681 faculta-

623 5733 703 5778 tes
730 5722 1006 5792 impendit.
1035 5720 1213 5791 Neque
1245 5719 1437 5772 bonnm
1469 5721 1625 5788 igitur
1648 5720 1887 5774 absolute
1916 5730 2036 5773 sunt
2065 5719 2200 5773 divi-

624 5817 917 5891 tiar,ncquc
950 5813 1168 5867 malum.
1208 5811 1261 5866 Si
1290 5812 1525 5865 absolute
1557 5812 1751 5866 bonum
1781 5819 1959 5867 essent
1982 5852 1995 5879 ,
2032 5826 2201 5881 neque

1405 398 1470 455 S.
1509 393 1789 455 JOANNIS
1826 393 2300 454 CHRYSOSTOMI
2336 394 2654 453 ARCHIEP.
2693 398 3227 457 CONSTANTINOP.

3806 423 3927 477 148

2315 521 2406 563 res
2431 506 2639 576 mediae,
2659 508 2806 565 dives
2834 512 2923 567 ille
2943 512 3031 583 qui
3061 522 3215 569 aetate
3240 513 3423 572 Lauri
3448 516 3598 583 visit,
3622 526 3729 575 tam
3757 524 3913 592 gravi

2316 596 2578 667 supplicio
2604 600 2823 669 punitus
2847 616 2953 657 non
2976 614 3118 659 esset
3146 621 3159 656 :
3189 604 3234 660 si
3261 606 3461 661 malum
3492 618 3675 665 essent
3694 652 3709 677 ,
3734 614 3910 667 Abra-

2316 686 2439 742 ham
2464 730 2479 755 ,
2504 689 2592 760 qui
2638 690 2785 745 dives
2823 691 2961 760 fuit,
2987 708 3091 749 non
3137 705 3244 750 tam
3274 697 3500 754 celebris
3541 699 3747 756 fuisset.
3775 702 3911 757 Tale

2314 779 2441 849 quid
2472 790 2553 835 est
2576 782 2733 835 etiam
2764 783 3001 839 morbus.
3032 784 3165 840 Nam
3188 786 3231 841 si
3257 788 3454 843 malum
3481 800 3623 845 esset
3657 792 3905 855 morbos,

2313 882 2587 940 oporteret
2612 882 2663 928 et
2691 877 2888 931 malum
2915 893 3033 933 esse
3061 888 3341 950 aegrotum.
3374 882 3555 954 Itaque
3586 884 3908 942 Timotheus

2313 977 2527 1034 quoque
2556 966 2724 1021 malus
2752 982 2873 1023 esse
2901 968 3175 1026 debuisset
3198 1013 3212 1037 ,
3243 973 3333 1043 qui
3368 975 3559 1030 morbo
3584 978 3907 1047 gravissimo

2314 1052 2883 1113 conflictabatur.Vino
2911 1061 3051 1114 enim
3080 1061 3278 1116 modico
3303 1074 3461 1129 utere,
3480 1066 3671 1136 inquit,
3698 1076 3906 1137 propta

2314 1146 2663 1214 stomachum,
2689 1158 2735 1203 et
2762 1150 3040 1220 frequentes
3066 1163 3177 1207 tum
3203 1154 3524 1222 inﬁrmitates
3554 1159 3641 1227 (l.
3679 1154 3809 1212 Tim.
3842 1160 3900 1213 5.

2312 1236 2441 1307 25).
2470 1237 2621 1306 Quod
2648 1240 2690 1294 si
2720 1256 2822 1295 non
2851 1242 3009 1297 modo
3035 1245 3207 1299 malus
3234 1246 3430 1302 ideirco
3452 1264 3556 1302 non
3587 1248 3699 1313 fuit,
3724 1250 3813 1305 sed
3845 1263 3905 1306 et

2315 1330 2577 1385 mercedis
2606 1332 2787 1386 multae
2812 1337 3171 1392 accessionem
3198 1341 3423 1409 accepit,
3456 1351 3510 1395 ut
3537 1345 3796 1413 patienter
3816 1348 3904 1398 in-

2314 1420 2617 1478 firmitatem
2660 1424 2802 1479 illaut
2845 1427 3003 1493 tulit,
3046 1429 3289 1484 morbum
3330 1433 3510 1502 utique
3552 1436 3745 1490 malum
3787 1453 3901 1491 non

2313 1526 2430 1566 esse
2459 1515 2797 1571 manifestum
2838 1528 2939 1574 est.
2982 1522 3131 1576 Alius
3170 1539 3381 1595 quoque
3425 1527 3681 1597 prepheta
3727 1532 3906 1585 oculis

2312 1616 2569 1676 perpetuo
2614 1610 2933 1668 laborabat:
2968 1630 3067 1669 nec
3108 1625 3280 1671 tamen
3325 1630 3539 1688 propter
3586 1621 3686 1677 hoc
3725 1624 3903 1678 malus

2311 1706 2429 1753 erat
2452 1738 2467 1761 ,
2496 1698 2589 1754 sed
2620 1710 2673 1755 et
2703 1703 3054 1773 prophetabat
3075 1747 3089 1770 ,
3120 1715 3173 1761 et
3204 1705 3377 1762 futura
3411 1710 3733 1779 praevidebat
3758 1756 3771 1778 ,
3800 1731 3905 1769 ne-

2312 1802 2415 1857 que
2446 1790 2665 1846 morbus
2701 1792 2775 1846 illi
2812 1792 3025 1864 aliquod
3064 1795 3129 1851 ad
3176 1797 3423 1854 virtutem
3458 1801 3901 1871 impedimentum

2310 1880 2583 1936 afferebat.
2626 1886 2695 1937 At
2724 1900 2894 1954 neque
2919 1891 3117 1943 sanitas
3144 1890 3387 1947 absolute
3418 1892 3615 1949 bonum
3648 1905 3727 1951 est
3750 1937 3763 1960 ,
3792 1899 3903 1952 nisi

2312 1971 2429 2039 quis
2463 1986 2524 2027 ea
2555 1982 2611 2027 ut
2634 1985 2877 2043 oportet,
2912 1993 3015 2032 non
3047 1978 3112 2033 ad
3144 1980 3446 2050 improbum
3479 1983 3683 2040 facinus
3712 1988 3793 2043 vel
3826 1990 3899 2042 ad

2313 2061 2496 2118 inutile
2521 2063 2685 2118 otium
2714 2075 2892 2121 utatur
2924 2083 2937 2120 :
2971 2083 3143 2139 neque
3168 2070 3311 2125 enim
3340 2074 3562 2129 crimine
3595 2076 3693 2130 hoc
3723 2078 3901 2146 ipsum

2314 2163 2483 2208 vacat.
2513 2155 2769 2221 Quocirca
2806 2158 3002 2215 Paulus
3044 2162 3206 2217 etiam
3241 2161 3452 2219 dicebat
3487 2183 3499 2219 :
3546 2166 3608 2221 Si
3644 2168 3752 2238 quis
3793 2184 3901 2222 non

2311 2244 2414 2296 t‘ttll
2443 2247 2642 2315 aperari
2663 2289 2677 2313 ,
2709 2264 2799 2302 nec
2828 2250 3097 2305 manducet
3128 2251 3218 2322 (2.
3245 2252 3424 2310 Thess.
3456 2256 3509 2308 5.
3538 2256 3605 2311 10
3628 2258 3668 2325 ).
3701 2257 3901 2313 Verum

2312 2332 2425 2388 inec
2454 2335 2625 2390 media
2651 2348 2773 2392 sunt
2798 2348 2852 2393 et
2873 2338 3243 2407 indiil‘erentia,
3267 2353 3319 2398 et
3348 2360 3446 2414 pro
3476 2350 3679 2401 ratione
3706 2360 3901 2402 eorum

2311 2428 2397 2497 qui
2420 2429 2499 2484 eis
2527 2438 2745 2485 utuntur
2779 2432 3065 2502 aliquando
3095 2433 3197 2489 hoc
3218 2476 3233 2500 ,
3262 2436 3546 2505 aliquando
3578 2438 3702 2493 illud
3738 2438 3898 2494 fiunt.

2311 2518 2447 2587 Quid
2483 2536 2610 2576 vero
2647 2524 2838 2579 attinet
2880 2526 3161 2581 sanitatem
3202 2542 3629 2586 commemorare
3658 2548 3720 2586 ac
3748 2546 3897 2587 mor-

2311 2609 2457 2677 bum,
2482 2611 2694 2667 divitias
2714 2622 2767 2669 et
2788 2623 3150 2683 paupertatem
3174 2614 3197 2669 ἲ
3225 2615 3336 2671 lloc
3362 2616 3509 2672 enim
3530 2618 3731 2687 ipsum,
3754 2626 3900 2692 quod

2312 2702 2470 2769 vulgo
2501 2702 2758 2757 bonorum
2787 2706 3023 2758 omnium
3060 2716 3219 2775 caput
3247 2714 3519 2773 censetur,
3547 2718 3601 2763 et
3630 2712 3902 2765 malorum

2311 2792 2575 2861 colophon
2599 2804 2801 2859 ,mors,
2831 2796 3042 2866 inquam
3069 2838 3085 2863 ,
3115 2807 3168 2852 et
3210 2798 3314 2852 vita
3336 2840 3353 2864 ,
3400 2816 3572 2870 neque
3614 2813 3739 2858 sunt
3780 2805 3902 2857 lum:

2310 2883 2572 2947 absolute,
2606 2886 2698 2940 sed
2724 2897 2777 2941 et
2804 2888 2918 2957 ipsa
2943 2890 3114 2944 media
3147 2900 3291 2959 sunt,
3322 2899 3376 2947 et
3403 2904 3559 2962 prout
3584 2912 3768 2949 eorum
3791 2896 3902 2951 fert

2311 2976 2519 3031 animus
2550 3018 2563 3041 ,
2594 2979 2683 3047 qui
2727 2980 2805 3034 eis
2850 2991 3105 3049 utuntur,
3151 2983 3407 3039 alterutra
3453 2984 3607 3041 fiunt.
3649 2987 3901 3060 Exempli

2310 3079 2469 3121 causa
2489 3071 2695 3125 bonum
2714 3068 3019 3136 estvivere,
3058 3073 3102 3126 si
3128 3072 3247 3143 quis
3270 3089 3335 3129 eo
3361 3084 3419 3129 ut
3443 3085 3655 3146 oportet
3681 3088 3862 3134 utatur
3886 3100 3902 3135 :

2311 3172 2433 3214 cum
2458 3174 2587 3215 vero
2619 3157 2685 3214 ad
2714 3169 2929 3230 peccata
2957 3163 3041 3216 vel
3072 3162 3399 3233 iniquitates,
3430 3182 3535 3222 non
3561 3168 3669 3236 jam
3699 3170 3900 3224 bonum

2312 3259 2414 3318 est,
2440 3250 2537 3306 scd
2567 3252 2736 3307 multo
2763 3252 2954 3308 melius
2982 3250 3175 3320 fuerit,
3205 3264 3263 3311 ut
3287 3258 3374 3327 qui
3398 3257 3658 3328 ejusmodi
3680 3271 3761 3315 est
3780 3277 3896 3315 mo-

2312 3342 2498 3395 riatur.
2528 3339 2735 3399 Rursus
2764 3342 2893 3399 illud
2916 3385 2931 3410 ,
2964 3343 3102 3414 quod
3130 3344 3438 3417 fugiendum
3466 3350 3616 3405 multi
3646 3366 3896 3418 censent,

2310 3436 2583 3491 innumera
2634 3438 2792 3493 nobis
2825 3439 2963 3493 bona
3002 3440 3285 3506 conciliat,
3320 3442 3445 3497 dum
3486 3446 3902 3499 convenientem

2308 3540 2522 3582 causam
2550 3523 2740 3584 habeat
2764 3529 3085 3599 adjunctam.
3112 3535 3443 3602 Argumento
3464 3544 3587 3588 sunt
3607 3542 3900 3605 martyres,

2309 3621 2396 3689 qui
2419 3632 2635 3693 propter
2659 3632 2883 3678 mortem
2907 3626 3142 3679 omnium
3170 3634 3295 3680 sunt
3323 3624 3635 3681 felicissimi.
3665 3626 3901 3695 Propter

2311 3712 2411 3768 hoc
2438 3714 2685 3768 nimirum
2711 3714 2902 3770 Paulus
2925 3729 3028 3769 non
3052 3716 3367 3786 simpliciter
3395 3718 3572 3771 vivere
3599 3718 3653 3771 in
3677 3716 3902 3773 Christo

2309 3802 2587 3870 cupiebat,
2635 3804 2727 3859 sed
2766 3804 3013 3874 quoniam
3044 3803 3146 3861 hoc
3190 3806 3261 3860 illi
3301 3806 3477 3875 operis
3516 3804 3717 3861 fructus
3755 3819 3897 3862 erat.

2315 3893 2556 3947 «Etenim
2586 3892 2708 3964 quid
2734 3897 2945 3965 eligam,
2972 3913 2990 3949 ι
3022 3898 3209 3966 inquit,
3239 3916 3257 3949 ι
3287 3896 3507 3967 ignoro:
3537 3912 3779 3955 coarctor
3800 3915 3899 3953 au-

2310 3993 2413 4038 tem
2446 3998 2477 4038 e
2504 3983 2710 4039 duobus
2744 4002 2756 4037 :
2789 3985 3114 4040 desiderium
3154 3989 3295 4041 enim
3342 3988 3543 4043 habens
3584 3988 3801 4044 dissolvi
3843 4004 3901 4045 et

2308 4088 2425 4130 esse
2465 4090 2585 4129 cum
2621 4071 2875 4142 Christo;
2923 4077 3075 4132 valde
3117 4080 3256 4133 enim
3301 4079 3468 4133 multo
3494 4080 3720 4145 melius;
3771 4096 3895 4150 per.

2308 4180 2525 4222 manere
2571 4177 2747 4222 autem
2790 4166 2842 4221 in
2886 4181 3045 4225 carne
3087 4172 3253 4240 magis
3292 4169 3649 4226 necessarium
3680 4184 3900 4241 proruet-

2307 4274 2402 4314 vos
2430 4278 2449 4313 ι
2478 4258 2698 4331 (Philip.
2725 4261 2775 4315 l.
2798 4257 2999 4331 22-24).
3029 4259 3107 4316 0h
3133 4260 3234 4316 hoc
3258 4263 3428 4332 ipsum
3451 4278 3661 4333 quoque
3683 4264 3896 4320 dicebat

2308 4352 2563 4421 propheta
2590 4394 2607 4419 ,
2651 4350 2881 4405 Pretiosa
2908 4353 2959 4405 in
2984 4364 3255 4422 conspectu
3292 4352 3498 4406 Domini
3528 4369 3661 4408 mors
3692 4365 3896 4408 sancto-

2307 4452 2419 4493 rum
2444 4442 2550 4511 ejus
2576 4440 2742 4510 (Psal.
2776 4442 2897 4495 HS.
2936 4440 3039 4511 15)
3072 4458 3084 4494 :
3116 4459 3220 4495 non
3254 4443 3565 4513 simpliciter
3593 4457 3765 4507 mors,
3796 4447 3897 4499 sed

2309 4547 2452 4586 mors
2482 4532 2760 4601 ejusmodi.
2794 4531 2860 4586 Et
2898 4548 3081 4586 rursus
3121 4533 3350 4597 alicubi,
3396 4533 3541 4588 Mors
3572 4545 3896 4603 peccatorum

2309 4624 2524 4693 pessima
2552 4623 2569 4695 (
2598 4622 2738 4675 Psal.
2770 4622 2858 4678 55.
2884 4621 3018 4693 22).
3056 4622 3212 4678 Vides
3261 4623 3360 4677 hoc
3404 4638 3613 4694 quoque
3659 4625 3897 4679 medium

2308 4730 2459 4780 esse,
2491 4731 2589 4769 nec
2620 4716 2859 4770 absolute
2903 4716 3101 4769 bonum
3132 4756 3146 4780 ,
3194 4730 3292 4770 nec
3333 4716 3456 4771 item
3498 4714 3743 4772 absolute
3775 4733 3895 4771 ma-

2307 4807 2436 4872 lum,
2462 4808 2553 4863 sed
2583 4823 2680 4878 pro
2708 4809 2908 4862 ratione
2936 4808 3097 4862 animi
3121 4819 3173 4863 et
3197 4808 3418 4863 affectus
3445 4824 3628 4864 eorum
3650 4824 3678 4863 a
3700 4811 3898 4879 quibus

2309 4899 2435 4954 illud
2468 4900 2766 4969 excipitur?
2806 4898 3008 4953 Idcirco
3040 4908 3095 4953 et
3136 4900 3559 4968 sapientissimus
3589 4899 3844 4955 Salomon
3878 4942 3892 4963 ,

2309 4990 2433 5043 dum
2464 4991 2741 5045 utilitatem
2774 5000 3198 5055 commemorat,
3231 5005 3350 5059 qua:
3380 4991 3431 5044 in
3461 4990 3637 5044 medio
3667 4990 3895 5045 istorum

2310 5092 2389 5135 est
2419 5081 2583 5148 posita
2611 5120 2625 5145 ,
2669 5084 2722 5133 et
2751 5080 2815 5133 de
2848 5080 2928 5133 his
2958 5080 3383 5149 philosophatur,
3417 5079 3754 5149 ostenditque
3786 5094 3896 5132 non

2312 5172 2410 5227 hoc
2439 5171 2681 5226 absolute
2712 5170 2907 5225 bonum
2936 5186 3055 5225 esse
3080 5214 3092 5236 ,
3126 5180 3180 5225 et
3209 5172 3334 5225 illud
3368 5171 3567 5225 malum
3592 5211 3606 5236 ,
3638 5171 3730 5225 sed
3764 5185 3898 5225 cun-

2308 5263 2538 5317 venienti
2580 5278 2699 5317 cum
2732 5271 2969 5331 tempore
3002 5261 3117 5315 fieri
3150 5262 3286 5315 bona
3314 5303 3327 5325 ,
3366 5263 3491 5316 licet
3520 5264 3741 5317 molesta
3774 5276 3898 5316 esse

2311 5356 2605 5419 videantur,
2635 5353 2707 5423 (a)
2728 5353 2801 5426 [et
2823 5354 2978 5418 mala,
3010 5354 3132 5408 licet
3156 5354 3387 5423 jucunda
3414 5369 3532 5409 esse
3555 5353 3835 5408 videantur
3858 5353 3897 5425 ;]

2310 5462 2428 5501 cum
2460 5460 2561 5499 non
2588 5445 2920 5498 convcnienti
2950 5446 3080 5499 liunt
3109 5456 3364 5515 tempore,
3396 5444 3607 5499 dicebat
3636 5444 3900 5513 :Tempus

2310 5538 2465 5608 flendi
2492 5548 2536 5590 et
2564 5547 2755 5605 tempus
2783 5537 2979 5591 ridendi
3002 5559 3019 5591 :
3040 5548 3231 5608 tempus
3260 5538 3471 5603 vivendi,
3498 5544 3544 5589 et
3572 5545 3765 5607 tempus
3788 5552 3899 5589 mo-

2375 5696 2445 5757 (a)
2478 5702 2587 5752 Qute
2606 5694 2793 5761 uncinis
2818 5694 3105 5743 clauduntur
3128 5693 3305 5741 desunt
3330 5692 3377 5739 in
3424 5696 3586 5739 meo
3602 5702 3616 5751 ;
3770 5688 3900 5738 dmi.

2311 5751 2541 5807 derantur
2564 5757 2620 5803 ad
2644 5758 2843 5820 seriem,
2871 5770 3029 5820 eaque
3053 5762 3222 5804 l'Tonto
3262 5761 3477 5812 Dircaeus,
3498 5764 3594 5800 non
3616 5751 3763 5801 dubia
3779 5762 3899 5798 cou-

2310 5822 2515 5879 jectura,
2540 5816 2800 5880 supplevit.
