4056 6460
174 410 262 464 147
759 389 827 445 IN
867 389 1071 446 ILLUD
1107 388 1338 457 ISAIE,
1379 390 1514 450 EGO
1543 383 1856 444 DOMINUS
1901 384 2082 442 ΒΕυὸ
2121 385 2272 442 FECI
2305 385 2565 452 LUMEN,
2597 386 2751 442 ETC.

169 511 354 574 πλοῦτος
379 507 537 562 πάλιν
562 509 713 562 δοκεῖ
734 508 833 580 μὲν
854 507 1066 569 πολλοῖς
1086 502 1224 560 εἶναι
1249 507 1432 568 καλὸν,
1459 504 1558 557 οὐκ
1580 501 1696 554 εστι

165 598 207 648 ὀὲ
233 593 399 656 ἁπλῶς
437 592 626 654 καλὸν,
657 594 706 645 εί
751 595 824 662 μή
852 608 936 655 τις
964 592 1043 654 είς
1075 590 1192 644 δέον
1231 588 1378 658 αὐτῷ
1419 587 1696 658 χρώμενος

165 679 248 746 εἴη.
270 678 324 730 Εἰ
346 675 448 746 γὰρ
479 674 672 738 ἁπλῶς
701 674 862 728 καλὸν
884 669 950 744 ἦν
979 675 1006 726 ό
1032 672 1278 735 πλοῦτος,
1309 671 1413 726 ἔδει
1448 671 1543 724 καὶ
1572 670 1699 734 τοὺς

165 765 348 832 ἔχοντας
372 761 531 813 αὐτὸν
560 756 700 814 εἶναι
721 759 935 821 καλούς·
981 760 1028 811 εί
1057 758 1114 811 δὲ
1145 757 1206 810 οὐ
1247 757 1444 818 πάντες
1471 757 1520 808 οἱ
1541 755 1701 808 πλου-

162 844 343 905 τοῦντες
386 845 652 913 ἐνάρετοι,
693 843 803 895 ἀλλ’
842 842 890 894 οί
923 841 1101 904 καλῶς
1139 838 1215 909 τῷ
1248 838 1459 907 πλούτῳ
1498 855 1700 908 κεχρη-

163 929 305 996 μένοι,
330 925 547 996 εὐδηλον
566 928 647 978 ὅτι
679 927 774 996 οὐχ
796 924 980 987 ἁπλῶς
1002 924 1134 978 αὐτὸ
1164 923 1283 975 καθ’
1310 921 1468 975 ἑαυτὸ
1487 923 1513 974 6
1543 920 1698 973 πλοῦ-

159 1031 231 1075 τος
273 1011 442 1073 καλὸν,
493 1010 610 1061 ἀλλ’
644 1009 741 1076 ὐλη
785 1008 866 1064 τίς
914 1010 1060 1060 ἐστιν
1103 1006 1303 1077 ἀρετῆς
1346 1006 1403 1057 ἐν
1435 1003 1510 1073 τῷ
1552 1005 1697 1073 μέσῳ

161 1095 372 1165 κειμένη.
403 1094 604 1148 Σκόπει
635 1091 709 1146 δέ.
752 1093 900 1144 Εἰσὶν
935 1094 991 1142 ἐν
1030 1089 1109 1160 τῷ
1149 1089 1358 1157 σώματι
1394 1087 1696 1156 ποιότητες,

159 1181 206 1241 Ξις
234 1181 275 1230 οἱ
300 1179 506 1248 ἔχοντες
551 1175 644 1228 ἀπ’
670 1175 847 1228 αὐτῶν
877 1172 1185 1227 καλοῦνται.
1215 1167 1338 1224 Οίόν
1361 1189 1412 1224 τι
1437 1171 1604 1238 λέγω·
1638 1169 1691 1222 τὲ

157 1264 317 1315 λευκὸν
345 1264 438 1316 οὐκ
479 1263 630 1314 ἐστιν
666 1261 842 1316 οὐσία.
868 1259 1000 1312 ἀλλά
1024 1258 1262 1326 ποιότης,
1300 1257 1390 1309 καὶ
1420 1254 1688 1325 συμϐεϐη-

158 1348 233 1410 κδς
262 1346 628 1415 ὲπιγινόμενον
664 1347 729 1415 τῇ
765 1343 944 1412 οὐσίᾳ·
987 1342 1053 1394 ἂν
1087 1336 1178 1394 οῦν
1199 1357 1302 1392 τινι
1331 1339 1696 1410 προσγένηται

158 1431 305 1490 τοῦτο,
325 1428 512 1482 λευκὸν
529 1430 622 1480 τὸν
641 1426 879 1480 τοιοῦτον
902 1423 1065 1479 καλοῦ
1075 1424 1388 1492 μεν.Ἔστιν
1417 1420 1696 1492 ἀρρωστία

160 1516 291 1568 πάλιν
320 1516 410 1568 καὶ
453 1513 593 1582 αὐτὴ
628 1512 848 1581 ποιότης
889 1527 973 1571 τις
1006 1504 1143 1562 οὖσα
1175 1508 1268 1560 καὶ
1317 1504 1695 1576 συμϐεϐηκόςο

157 1600 238 1650 κᾶν
261 1616 358 1651 τινι
397 1598 803 1668 προσγένηται,
848 1595 1127 1665 ἄρρωστον
1174 1593 1265 1645 τὸν
1313 1590 1552 1644 τοιοῦτον
1599 1607 1697 1642 κα-

156 1682 342 1751 )οῦμεν.
375 1683 434 1734 Et
473 1681 653 1733 τοίνυν
688 1679 781 1732 καὶ
814 1677 842 1728 6
876 1677 1101 1739 πλοῦτος
1133 1671 1201 1746 ἦν
1237 1673 1426 1745 ἀρετὴ.
1465 1673 1570 1726 ἔδει
1607 1671 1697 1725 τὸν

157 1767 317 1834 ἔχοντα
351 1765 439 1818 τὸν
470 1763 699 1817 πλοῦτον
733 1762 982 1832 ἐνάρετον
1013 1754 1153 1814 εἶναι
1195 1759 1284 1810 καὶ
1321 1756 1572 1824 λέγεσθαι
1593 1772 1607 1786 ο
1648 1755 1697 1807 εί

155 1851 197 1901 δὲ
225 1850 278 1901 οὐ
306 1849 518 1911 πάντως
550 1850 577 1901 6
615 1845 865 1910 πλούσιος
911 1844 1185 1916 ἐνάρετος,
1217 1841 1316 1896 οὐκ
1352 1839 1539 1911 ἀρετὴ,
1576 1837 1696 1892 οὐδὲ

158 1933 293 1985 καλὸν
316 1937 342 1987 ὁ
374 1931 606 1995 πλοῦτος
647 1930 852 1992 ἁπλῶς,
892 1927 1023 1982 ἀλλά
1048 1927 1197 1998 παρά
1219 1925 1316 1994 τήν
1340 1923 1563 1993 γνώμην
1601 1920 1696 1974 τοῦ

158 2015 403 2083 χρωμένου
432 2014 593 2069 τοῦτο
620 2015 849 2083 γίνεται.
877 2011 1043 2066 Πάλιν
1071 2011 1105 2082 ή
1142 2008 1301 2062 πενία
1333 2014 1379 2060 εί
1419 2006 1584 2060 κακὸν
1605 2000 1693 2076 ἦν,

157 2099 244 2152 ἔδει
273 2101 388 2162 τοὺς
413 2103 468 2154 ἐν
489 2099 652 2169 πενίᾳ.
687 2098 930 2160 ἅπαντας
961 2093 1098 2148 εἶναι
1125 2092 1354 2154 κακούς·
1397 2093 1443 2143 εί
1481 2091 1537 2142 δὲ
1565 2088 1695 2142 πολ-

155 2183 219 2233 λοὶ
237 2184 334 2235 τῶν
357 2185 411 2235 ὲν
435 2182 599 2251 πενία
633 2183 801 2234 δντων
835 2180 940 2233 τῶν
964 2177 1207 2250 οὐρανῶν
1231 2173 1569 2232 ἐπελάϐοντο,
1597 2172 1698 2226 οὐκ

156 2268 242 2336 ἀρα
273 2268 301 2336 ἠ
337 2265 492 2318 πενία
529 2268 718 2319 κακόν.

210 2367 261 2421 6'.
295 2368 354 2420 Τί
377 2363 490 2432 οῦν,
513 2367 596 2420 ὅτι
621 2365 805 2419 πολλοὶ
828 2361 1203 2432 βλασφημοῦσι
1224 2359 1311 2414 διὰ
1340 2359 1435 2429 τὴν
1467 2359 1694 2423 πενίαν;

157 2456 308 2523 φησίν.
340 2453 413 2510 Οὐ
437 2455 527 2508 διὰ
548 2455 647 2525 τὴν
671 2454 881 2518 πενίαν,
914 2451 1048 2504 ἀλλά
1071 2450 1156 2503 διὰ
1184 2449 1280 2521 τὴν
1303 2448 1508 2502 οἰκείαν
1538 2447 1698 2514 ἀφρο-

157 2543 292 2611 σύνην
313 2560 365 2594 τε
401 2543 495 2596 καὶ
521 2541 886 2612 μικροψυχίαν
910 2539 1068 2594 τοῦτο
1092 2539 1320 2593 ποιοῦσι.
1357 2537 1465 2589 Ka‘:
1493 2533 1696 2587 τούτων

156 2630 388 2696 ἀπόδειξις
411 2635 438 2685 6
463 2631 732 2701 μακάριος
758 2629 899 2691 Ἰὼ6,
917 2629 974 2692 ὃς
999 2632 1057 2682 ἐν
1089 2629 1292 2698 ἐσχάτῃ
1315 2625 1471 2693 πενία
1484 2623 1578 2686 ῶν,
1602 2620 1696 2674 καὶ

157 2719 266 2791 πρός
291 2722 414 2774 αὐτὸ
447 2723 547 2789 τῆς
589 2722 777 2782 πενίας
809 2719 1150 2788 κατενεχθείς
1198 2715 1261 2768 16
1295 2714 1587 2785 βάραθρον,
1632 2715 1693 2764 οὐ

159 2807 290 2876 μόνον
312 2811 406 2862 οὐκ
438 2810 885 2880 ἐϐλασφήμησεν,
909 2808 1017 2861 ἀλλ’
1056 2803 1292 2873 εὐλογῶν
1329 2803 1417 2856 τὸν
1447 2801 1576 2854 Θεὸν
1596 2800 1698 2853 διε-

156 2896 290 2962 τέλει,
322 2899 524 2967 λέγων·
585 2899 649 2951 '0
692 2899 905 2961 Κύριος
939 2894 1180 2956 ἔδωκεν,
1207 2897 1237 2947 ό
1272 2893 1483 2960 Κύριος
1529 2889 1695 2958 ἀφεί-

155 2988 290 3038 λετο·
323 2989 399 3053 ὡς
431 2984 510 3052 τῷ
533 2986 728 3053 Κυρίῳ
747 2985 980 3048 ἔδοξεν,
1007 2982 1160 3037 οὕτω
1193 2980 1289 3035 καὶ
1313 2978 1549 3048 ἐγένετο
1569 2995 1580 3007 ·
1603 2977 1693 3044 εἴη

158 3075 208 3124 τὸ
244 3075 414 3142 ὄνομα
459 3075 682 3142 Κυρίου
714 3072 1122 3142 εὐλογημένον
1160 3071 1245 3135 είς
1281 3067 1422 3133 τοὺς
1455 3065 1692 3131 αἰῶνας.

165 3161 299 3216 Ἀλλά
325 3165 416 3216 καὶ
444 3165 533 3218 διὰ
563 3166 656 3218 τὸν
679 3162 908 3217 πλοῦτον
939 3159 1145 3223 πολλοὶ,
1181 3158 1364 3227 φησὶν.
1392 3154 1695 3225 ἁρπάζουσι

157 3255 231 3300 καὶ
270 3251 699 3305 πλεονεκτοῦσιν.
749 3250 889 3301 Ἀλλ’
913 3248 972 3301 οὐ
1009 3247 1096 3299 διὰ
1149 3244 1240 3297 τὸν
1275 3242 1523 3306 πλοῦτον,
1562 3239 1695 3292 ἀλλὰ

156 3337 225 3390 διὰ
245 3346 334 3409 τὴν
360 3341 567 3393 οἰκείαν
599 3337 913 3410 ἀφροσύνην
930 3352 944 3367 ο
973 3335 1066 3388 καὶ
1082 3332 1271 3388 τούτου
1306 3331 1515 3403 μάρτυς
1536 3327 1696 3382 πάλιν

155 3427 342 3490 ὁαύτὺς
391 3427 676 3495 ἄνθρωπος
718 3417 893 3487 οὗτος,
928 3423 984 3487 ὃς
1020 3424 1076 3476 ἐν
1120 3419 1357 3489 τοσούτῳ
1388 3415 1602 3485 πλούτῳ
1635 3414 1695 3467 o6

159 3515 294 3578 μόνον
323 3517 416 3586 οὐχ
445 3517 663 3588 ἥρπασε
700 3513 768 3567 τὰ
794 3511 1016 3583 ἐτέρων,
1060 3508 1198 3564 ἀλλά
1233 3507 1326 3562 καὶ
1356 3507 1424 3560 16
1454 3507 1628 3559 οίκεῖα
1669 3515 1696 3544 ι

157 3600 365 3675 [ἐδίδου].
397 3607 490 3657 καὶ
531 3603 727 3673 λιμένα
766 3604 879 3663 τοῖς
906 3600 1076 3667 ξένοις
1106 3597 1523 3661 κατεσκεύαζεν,
1558 3591 1698 3647 οῦτω

155 3688 326 3756 λέγων’
370 3693 430 3747 Ἠ
470 3692 629 3745 οἰκία
672 3707 791 3757 μου
827 3687 1008 3742 παντί
1049 3685 1201 3750 ξένῳ
1259 3683 1408 3756 [151]
1461 3681 1700 3736 ἐλθόντι

155 3778 405 3842 ἡνέῳκτο.
447 3779 557 3831 Ka‘:
605 3781 631 3831 6
672 3776 926 3847 Ἀϐραὰμ
971 3773 1199 3828 πλοῦτον
1241 3770 1495 3825 τοσοῦτον
1537 3768 1695 3838 ἔχων,

154 3869 245 3928 τοῖς
277 3868 524 3938 παριοῦσι
551 3868 728 3921 πάντα
751 3866 991 3919 ἐδαπάνα
1013 3879 1025 3892 ·
1059 3863 1153 3917 καὶ
1182 3860 1302 3915 οὐτε
1338 3859 1546 3922 τοῦτον,
1574 3857 1697 3912 οὔτε

154 3955 332 4008 ἐκεῖνον
371 3956 697 4024 πλεονέκτην
733 3957 761 4007 6
795 3953 1021 4016 πλοῦτος
1050 3951 1321 4020 ἐποίησεν,
1355 3949 1544 4019 ὥσπερ
1580 3947 1698 4000 οὐδὲ

163 4041 452 4114 βλάσφημον
486 4042 611 4096 οὐτε
641 4044 868 4103 ἐκεῖνον,
897 4039 1020 4093 οὐτε
1048 4040 1138 4092 τὸν
1166 4036 1414 4106 Λάζαρον
1443 4039 1474 4107 ἡ
1506 4035 1695 4089 πενία’

155 4131 248 4181 ἀλλ’
286 4133 422 4184 οὕτω
456 4128 755 4199 διέλαμψαν
799 4129 1068 4196 ἑκάτεροι,
1105 4126 1240 4198 μηδέ
1274 4128 1371 4196 τῆς
1398 4124 1698 4190 ἀναγκαίας

158 4217 487 4287 εὐποροῦντες
513 4221 743 4289 τροφῆς,
769 4219 844 4278 ὡς
875 4215 966 4268 τὸν
999 4215 1095 4284 μὲν
1143 4212 1292 4282 παρά
1319 4211 1409 4264 τοῦ
1445 4209 1577 4264 Θεοῦ
1615 4209 1699 4261 δέ·

156 4304 323 4366 ξασθαι
349 4306 444 4374 τὴν
478 4305 800 4376 μαρτυρίαν,
829 4301 922 4355 τοῦ
949 4301 1014 4354 τὰ
1044 4301 1331 4371 ἀπόρρητα
1357 4297 1541 4366 σαφῶς
1571 4295 1701 4349 εἱδόο

154 4405 258 4452 τος·
291 4393 375 4443 τὸν
407 4393 463 4446 δὲ
491 4393 596 4445 ὐπὸ
623 4392 732 4444 τῶν
778 4389 1024 4458 ἀγγέλων
1059 4386 1480 4459 προηγουμένων
1527 4383 1699 4448 οὕτως

155 4477 379 4532 ἐντεῦθεν
412 4478 799 4546 ἀπενεχθῆναι,
831 4476 924 4530 καὶ
958 4475 1258 4545 ὁμόσκηνον
1283 4473 1360 4544 τῷ
1389 4473 1700 4543 πατριάρχῃ

157 4567 400 4631 γενέσθαι,
453 4570 546 4622 καὶ
589 4568 696 4621 τῶν
745 4565 965 4633 ἀγαθῶν
995 4563 1308 4629 ἀπολαύειν,
1347 4557 1421 4616 ὧν
1475 4565 1696 4625 ἐκεῖνος.

161 4654 278 4722 Ἄρα
327 4655 432 4708 τῶν
483 4656 663 4726 μέσων
701 4653 873 4707 ταῦτά
919 4655 1053 4713 ἐστι,
1113 4651 1269 4705 πενία
1313 4651 1404 4704 καὶ
1452 4649 1698 4715 πλοῦτος,

161 4740 315 4803 ὑγίεια
333 4743 422 4794 καὶ
444 4743 616 4802 νόσος,
654 4740 747 4793 καὶ
781 4739 893 4809 ζωὴ
919 4741 1012 4791 καὶ
1039 4738 1284 4800 Θάνατος,
1301 4736 1431 4800 δόξα
1443 4737 1699 4805 καὶτιμὴ,

156 4826 342 4879 δουλεία
371 4828 462 4881 καὶ
512 4826 811 4895 ἐλευθερία,
857 4825 950 4878 καὶ
988 4825 1086 4876 ὅσα
1110 4823 1334 4875 τοιαῦτα
1355 4841 1368 4854 ·
1400 4824 1459 4874 οὐ
1493 4820 1601 4892 γὰρ
1624 4823 1704 4874 δεῖ

159 4914 310 4966 πάντα
342 4915 569 4972 ἐπιέναι,
601 4911 742 4964 ῶστε
773 4911 846 4980 μὴ
877 4910 1138 4980 μηκύνειν
1164 4909 1252 4961 τὸν
1280 4910 1454 4976 λόγον,
1486 4909 1619 4960 ἀλλά
1644 4911 1701 4960 ἐν

158 5000 336 5063 τούτοις
387 5002 692 5070 παρέχοντα
727 4999 854 5068 ὑμῖν
887 4998 1161 5067 ἀφορμὰς,
1213 4997 1303 5049 ἐπὶ
1335 4998 1404 5049 16
1452 4995 1703 5048 κατεπεί-

159 5103 305 5148 γοντα
335 5088 586 5155 βαδίζειν.
631 5085 806 5138 Δίδου
846 5087 976 5154 γάρ,
1009 5085 1158 5154 φησὶ.
1205 5084 1375 5152 σοφῷ
1400 5084 1698 5151 ἀφορμὴν,

161 5173 241 5226 καὶ
269 5176 596 5244 σοφώτερος
620 5173 813 5228 ἔσται.
854 5173 994 5243 Ἀρα
1023 5171 1129 5223 τῶν
1166 5172 1344 5241 μέσων
1388 5171 1559 5223 ταῦτά
1588 5173 1702 5223 ἐστι

162 5261 334 5327 πάντα,
365 5264 438 5327 ὼς
483 5263 691 5324 τούτοις
722 5260 816 5314 καὶ
843 5262 921 5323 εἰς
965 5260 1147 5324 καλὸν,
1185 5261 1276 5313 καὶ
1317 5262 1392 5323 εἰς
1433 5260 1620 5324 κακον,
1655 5259 1702 5311 οἱ

161 5348 408 5418 χρώμενοι
437 5350 662 5404 δύναιντ’
707 5349 770 5402 ἄν
821 5349 869 5400 ι).
909 5349 1027 5400 Ὅτι
1064 5348 1172 5418 γάρ
1217 5347 1324 5400 τῶν
1375 5350 1552 5418 μέσων
1589 5348 1704 5400 ἐστὶ

159 5437 332 5502 ταῦτα,
375 5434 449 5494 ῶν
485 5443 511 5493 6
558 5440 808 5501 πλοῦτος,
843 5436 1040 5500 ἔδειξεν
1083 5440 1110 5489 6
1165 5437 1430 5507 Ἀϐραὰμ,
1467 5437 1544 5498 εἰς
1587 5435 1702 5486 δέον

211 5628 233 5653 ⁸
251 5623 457 5674 Verbum
484 5627 636 5674 ἐδίδου
673 5625 804 5674 Inter
825 5622 949 5671 duos
984 5621 1188 5668 uncinos
1224 5621 1489 5682 posuimus,
1514 5624 1568 5667 ut
1589 5630 1704 5667 con-

158 5683 318 5742 jectura
339 5690 542 5750 positum
561 5690 941 5737 declararemus.

210 5747 235 5784 δ
254 5747 452 5784 ςπίιιιι.
475 5756 607 5784 ηιιηί
633 5746 899 5784 lpapndnm
920 5743 999 5784 καὶ
1035 5745 1098 5784 εἰς
1117 5743 1268 5784 κακὸν
1283 5745 1481 5784 vain-ﬂat.
1507 5741 1558 5784 δῦ

210 5747 235 5784 δ
254 5743 452 5798 Savilius
475 5756 610 5810 putat
633 5746 900 5810 legendum
920 5743 999 5792 καὶ
1035 5745 1098 5798 είς
1117 5743 1268 5791 κακὸν
1283 5745 1481 5813 χρῆσθαι
1507 5743 1703 5790 δύναιντ’

159 5805 221 5862 ἂν.
242 5817 290 5857 ει
312 5823 426 5860 vere
464 5813 641 5861 melius
663 5808 894 5859 haberet:
938 5804 1026 5855 sed
1066 5817 1179 5853 mss.
1206 5807 1426 5855 desum"
1451 5803 1571 5853 nihil
1598 5816 1703 5852 mu-

161 5873 247 5918 tate
270 5873 506 5924 audemus.

1802 499 1950 570 αὐτῷ
1977 500 2336 571 χρησάμενος.
2377 503 2584 569 Ἔδειξε
2604 502 2660 555 δὲ
2693 503 2784 556 καί
2813 501 2905 556 ἐπὶ
2941 500 3034 554 τοῦ
3064 501 3316 574 Λαζάρου
3344 510 3373 560 6

1805 586 2074 652 πλούσιος,
2113 589 2205 642 ἐπὶ
2237 588 2479 659 ἀπωλείᾳ
2525 591 2625 658 τῆς
2661 591 2854 644 ἑαυτοῦ
2887 591 3130 660 κεφαλῆς
3152 594 3222 644 16
3245 592 3374 646 δντα

1800 676 2136 746 δαπανήσας.
2177 675 2314 730 Οῦτε
2350 674 2443 731 οὖν
2469 678 2632 731 καλὸν
2671 679 2859 742 ἁπλῶς
2888 681 2917 733 6
2956 679 3205 744 πλοῦτος,
3246 680 3371 734 οὐτε

1805 763 1996 817 κακόν.
2026 763 2090 816 El
2120 763 2283 816 καλὸν
2313 759 2382 835 ἦν
2420 765 2623 829 ἁπλῶς,
2658 767 2772 820 ἀλλ’
2812 767 2934 836 οὐχὶ
2970 767 3155 837 μέσον,
3185 768 3282 821 οὐκ
3306 768 3373 821 ἀν

1807 855 1835 905 6
1861 853 1952 905 ἐπὶ
1979 851 2072 905 τοῦ
2103 853 2350 924 Λαζάρου
2395 854 2648 919 πλούσιος
2687 855 2910 910 τοιαῦτα
2951 856 3238 920 ἐκολάζετο
3259 871 3274 886 ⁸
3322 859 3374 910 ιι

1803 941 1973 994 κακὸν
1998 937 2087 1010 ἦν,
2118 941 2218 994 οὐκ
2249 942 2314 994 ἂν
2363 941 2613 1012 Ἀδραάμ
2647 943 2814 1006 οῦτως
2860 943 3183 1014 εὐδοκίμησε
3218 942 3375 996 πλού-

1803 1043 1913 1091 σιος
1938 1026 2033 1081 ὤν.
2063 1027 2314 1082 Τοιοῦτόν
2343 1046 2394 1081 τι
2420 1031 2568 1098 καιή
2599 1029 2751 1093 νόσος
2776 1030 2939 1083 ἐστίν.
2975 1031 3038 1084 El
3068 1031 3176 1100 γὰρ
3205 1034 3374 1084 κακὸν

1798 1111 1866 1186 ἦν
1901 1119 1934 1188 ή
1961 1117 2141 1185 νόσος,
2167 1117 2272 1170 ἔδει
2297 1118 2391 1172 καὶ
2410 1118 2598 1172 τοῦτον
2627 1129 2648 1156 ο
2675 1118 2842 1172 κακὸν
2869 1115 3007 1172 εἶναι
3039 1119 3130 1172 16v
3158 1120 3370 1189 ἔχοντα.

1804 1205 1947 1275 Ἀρα
1977 1205 2070 1258 καὶ
2101 1203 2362 1276 Τιμόθεος
2389 1203 2613 1276 ἔμελλεν
2641 1202 2779 1260 εἶναι
2807 1207 2947 1260 κατά
2978 1207 3136 1260 τοῦτο
3181 1208 3369 1270 κακὸς,

1800 1291 2000 1363 ἐσχάτῃ
2034 1292 2172 1362 νόσῳ
2207 1291 2470 1345 παλαίων.
2518 1294 2671 1360 Οῖνῳ
2703 1293 2810 1362 γὰρ
2842 1295 3023 1363 ὀλίγη)
3044 1293 3184 1362 χρῶ,
3217 1295 3370 1364 φησὶ,

1799 1377 1894 1431 διὰ
1915 1379 2023 1432 τὸν
2051 1380 2356 1448 στόμαχον
2386 1395 2522 1445 σου,
2547 1382 2643 1434 καὶ
2672 1380 2779 1447 τὰς
2806 1380 3040 1446 πυκνάς
3065 1399 3179 1438 σου
3197 1383 3376 1436 ἀσθε-

1799 1466 1984 1531 νείας.
2018 1467 2080 1520 Εί
2118 1467 2172 1520 δὲ
2203 1466 2261 1518 οὐ
2295 1465 2453 1536 μόνον
2504 1467 2672 1530 κακὸς
2704 1468 2801 1521 οὐκ
2829 1463 2895 1538 ἦν
2924 1468 3203 1530 ἐντεῦθεν,
3239 1468 3375 1523 ἀλλά

1801 1553 1893 1606 καὶ
1917 1552 2112 1605 πολλοῦ
2139 1551 2330 1624 μισθοῦ
2346 1553 2663 1625 προσθήκην
2681 1553 2972 1624 ἐλάμϐανε,
2995 1558 3255 1622 γενναίως
3276 1557 3375 1628 τὴν

1799 1639 2107 1710 ἀρρωστίαν
2145 1638 2390 1708 ἐνέγκας,
2433 1639 2654 1709 εὔδηλον
2693 1641 2773 1693 δτι
2806 1641 2867 1694 06
2913 1641 3081 1695 κακὸν
3128 1643 3160 1712 ή
3200 1641 3372 1706 νόσος.

1799 1726 1910 1779 Καὶ
1931 1727 2016 1780 ἐτε
2026 1743 2115 1799 ρος
2137 1726 2193 1780 δὲ
2218 1728 2502 1797 προφήτης
2527 1727 2651 1790 τοὺς
2674 1727 2986 1798 ὀφθαλμοὺς
3010 1729 3179 1782 νοσῶν
3203 1728 3376 1782 διετέ-

1799 1813 1882 1867 λει
1904 1831 1916 1846 ·
1945 1814 2060 1867 ἀλλ’
2082 1816 2142 1868 οὐ
2172 1813 2312 1869 κατὰ
2341 1814 2498 1867 τοῦτο
2516 1813 2706 1878 κακὸς,
2729 1812 2867 1866 ἀλλά
2888 1812 2981 1866 καὶ
3008 1816 3371 1884 προεφήτευε,

1805 1903 1902 1957 καὶ
1930 1902 1997 1957 τὰ
2020 1902 2281 1975 μέλλοντα
2306 1902 2577 1974 προεώρα,
2609 1904 2704 1956 καὶ
2733 1901 2884 1955 οὐδὲν
2915 1903 2947 1970 ή
2974 1901 3127 1963 νόσος
3160 1903 3240 1964 είς
3272 1903 3373 1970 τὴν

1804 1990 2004 2061 ἀρετὴν
2042 1992 2254 2059 ἐγένετο
2287 1990 2534 2060 κώλυμα.
2581 1988 2718 2042 Ἀλλ’
2745 1989 2866 2041 οὐδὲ
2905 1991 2938 2058 ή
2969 1989 3149 2056 ὐγίεια
3189 1988 3375 2052 ἁπλῶς

1803 2080 1989 2142 καλὸν,
2025 2079 2090 2134 ἂν
2122 2081 2196 2151 μή
2230 2097 2310 2143 τις
2344 2081 2424 2143 εἰς
2444 2079 2563 2134 δέον
2592 2079 2932 2148 κεχρημένος
2963 2077 3101 2149 αὐτῇ
3125 2078 3232 2146 εἴη,
3255 2077 3372 2131 ἀλλ’

1800 2169 1880 2230 είς
1905 2168 2166 2239 ἐργασίαν
2193 2168 2456 2239 πονηρὰν,
2474 2167 2505 2237 ἢ
2526 2169 2605 2230 είς
2628 2167 2826 2237 ἀργίαν
2850 2165 3077 2234 ἀνόητον
3093 2183 3104 2193 ·
3125 2165 3245 2218 οὐδὲ
3268 2164 3376 2236 γὰρ

1797 2255 1956 2309 τοῦτο
1998 2254 2309 2309 ἀνεύθυνον.
2341 2256 2432 2308 Διδ
2455 2255 2550 2308 καὶ
2573 2256 2601 2307 6
2641 2252 2851 2316 Παῦλος
2885 2252 3069 2320 ἔλεγεν
3095 2266 3110 2282 ·
3175 2251 3248 2306 Et
3287 2269 3378 2317 τις

1798 2343 1870 2396 οὑ
1909 2342 2067 2398 θέλει
2107 2341 2468 2412 εργπάζεσθαι,
2509 2340 2662 2411 μηδὲ
2689 2340 2954 2397 ἐσθιέτω.
3010 2331 3172 2392 Ἀλλά
3201 2337 3376 2392 ταῦτα

1797 2428 1905 2481 τῶν
1942 2429 2122 2499 μέσων
2154 2430 2303 2493 ἐστὶ,
2357 2432 2507 2501 παρὰ
2556 2429 2682 2491 τοὺς
2743 2426 3060 2497 χρωμένους
3109 2425 3239 2478 ποτὶ
3278 2424 3377 2494 μὲν

1805 2515 1983 2580 τοῦτο,
2027 2517 2156 2569 ποτὲ
2185 2517 2243 2570 δὲ
2279 2520 2454 2570 ἐκεῖνο
2489 2517 2749 2584 γινόμενα
2771 2515 2818 2566 δ.
2853 2515 2962 2569 Καὶ
2992 2512 3047 2566 τί
3077 2512 3159 2566 δεῖ
3199 2511 3376 2579 λέγειν

1799 2600 2027 2668 ὑγίειαν,
2071 2602 2164 2654 καὶ
2199 2601 2370 2665 νόσον,
2409 2603 2502 2654 καὶ
2540 2600 2789 2662 πλοῦτον,
2841 2600 2936 2653 καὶ
2976 2598 3202 2663 πενίανς
3235 2597 3377 2652 Αὐτὸ

1795 2688 1906 2758 γὰρ
1933 2687 2111 2754 τοῦτο,
2144 2689 2172 2742 6
2193 2689 2469 2752 δοκεῖτοῖς
2495 2689 2707 2751 πολλοῖς
2737 2682 2875 2742 εἶναι
2900 2688 3010 2741 τῶν
3036 2686 3256 2756 ἀγαθῶν
3282 2703 3376 2740 κε-

1804 2776 2052 2843 φάλαιον,
2081 2776 2302 2829 καὶτῶν
2325 2775 2510 2830 κακῶν
2532 2778 2560 2829 6
2591 2774 2852 2844 κολοφὼν,
2886 2777 2914 2828 6
2937 2775 3182 2838 θάνατος,
3211 2773 3376 2842 λέγω,

1800 2865 1894 2916 καὶ
1925 2866 1957 2934 ἠ
1992 2863 2126 2935 ζωή,
2154 2864 2275 2917 οὐδὲ
2297 2863 2467 2917 ταῦτα
2501 2863 2687 2927 ἁπλῶς
2713 2864 2886 2923 ἔσται,
2919 2860 3056 2915 ἀλλά
3085 2860 3180 2915 καὶ
3206 2860 3379 2914 ταῦτα

1801 2951 1954 3031 [152]
1984 2951 2092 3005 τῶν
2137 2952 2336 3020 μέσων,
2376 2950 2524 3023 παρὰ
2551 2952 2649 3020 τὴν
2680 2949 2906 3021 γνώμην
2944 2947 3053 3002 τῶν
3081 2946 3380 3019 χρωμένων

1799 3041 2033 3110 ἑκάτερα
2057 3039 2228 3092 ταῦτα
2248 3041 2527 3109 γινόμενα.
2551 3035 2675 3091 Οἷόν
2701 3056 2753 3090 τι
2783 3037 2926 3106 λέγω
2941 3053 2956 3068 ·
2987 3036 3048 3088 16
3068 3035 3167 3106 ζῇν
3190 3032 3376 3096 καλὸν,

1799 3127 1925 3178 ὅταν
1959 3128 2040 3188 εἰς
2069 3125 2186 3178 δέον
2225 3125 2509 3195 χρώμενος
2549 3124 2698 3192 αὐτῷ
2736 3142 2819 3188 τις
2869 3125 2985 3191 εῖηο
3022 3124 3150 3176 ὅταν
3187 3121 3244 3174 δὲ
3297 3121 3379 3182 εις

1797 3212 2173 3282 ἁμαρτήματα
2212 3211 2305 3264 καὶ
2337 3212 2702 3281 παρανομίας,
2742 3210 2928 3262 οὐκέτι
2955 3209 3022 3262 ἀν
3064 3209 3147 3278 εῖη
3190 3207 3377 3273 καλὸν,

1799 3298 1933 3354 ἀλλά
1964 3298 2173 3366 βέλτιον
2189 3297 2280 3352 τὸν
2303 3299 2542 3351 τοιοῦτον
2562 3297 2899 3365 τελευτῆσαι.
2928 3296 3098 3351 Πάλιν
3117 3294 3148 3348 6
3166 3295 3380 3357 πολλοῖς

1801 3389 2034 3458 φευκτὸν
2055 3382 2192 3438 εἶναι
2220 3387 2385 3450 δοκεῖ,
2417 3385 2626 3455 μυρίων
2641 3383 2860 3451 ἀγαθῶν
2881 3381 3077 3450 γένοιτ’
3095 3381 3160 3436 ἂν
3186 3381 3376 3439 αἴτιον,

1801 3477 1927 3530 ὅταν
1973 3476 2152 3528 αἰτίαν
2184 3473 2283 3545 ἔχῃ
2322 3475 2418 3543 τὴν
2452 3474 2855 3542 προσήκουσαν.
2888 3471 2998 3524 Καὶ
3042 3469 3292 3540 δηλοῦσιν
3331 3467 3381 3520 οῑ

1805 3563 2096 3634 μάρτυρες,
2134 3562 2184 3615 οἳ
2209 3561 2425 3615 πάντων
2453 3561 2557 3611 εἰσὶ
2578 3560 2663 3612 διὰ
2691 3558 2790 3629 τὴν
2810 3557 3065 3628 τελευτὴν
3101 3553 3383 3627 μακαριώ-

1801 3667 1970 3720 τεροι.
2017 3649 2113 3702 At}:
2146 3649 2209 3718 δὴ
2245 3647 2402 3701 τοῦτο
2438 3650 2465 3700 6
2513 3646 2722 3708 Παῦλος
2761 3644 2858 3715 οὐχ
2890 3644 3074 3706 ἁπλῶς
3117 3641 3380 3710 ἐπεθύμει

1807 3735 1906 3808 ζῇν
1926 3738 1984 3789 ἐν
2009 3735 2252 3808 Χριστῷ,
2271 3735 2385 3789 ἀλλ’
2408 3736 2594 3802 ἐπειδη
2613 3732 2769 3784 τοῦτο
2798 3730 2948 3802 αὐτῷ
2971 3728 3178 3797 καρπὸς
3193 3728 3376 3797 ἔργου.

1802 3824 1910 3878 Καί
1946 3826 2003 3878 τί
2027 3823 2344 3892 αἱρήσομαι
2392 3822 2520 3891 γὰρ,
2569 3821 2752 3890 φησὶν,
2798 3821 2869 3872 οὺ
2909 3815 3161 3887 γνωρίζω
3184 3835 3196 3849 ·
3234 3829 3383 3868 συν-

1801 3912 2010 3981 έχομαι
2044 3911 2111 3965 δὲ
2151 3912 2220 3965 ἐκ
2250 3909 2369 3964 τῶν
2412 3909 2520 3963 δύο
2543 3949 2556 3972 ,
2590 3909 2706 3974 τὴν
2735 3905 3056 3972 ἐπιθυμίαν
3091 3904 3246 3971 ἔχων
3273 3900 3382 3954 τοῦ

1801 3998 2104 4054 ἀναλῦσαι
2127 3998 2222 4052 καί
2244 3997 2365 4050 σὺν
2398 3993 2625 4062 Χριστῷ
2651 3987 2803 4045 εἶναι
2820 4009 2833 4021 ·
2854 3987 3065 4054 πολλῷ
3094 3989 3206 4056 γὰρ
3222 3985 3381 4057 μᾶλ-

1800 4088 1915 4139 λον
1941 4085 2254 4153 κρεῖσσον-ο
2289 4083 2354 4136 τὸ
2376 4081 2444 4134 δὲ
2464 4079 2759 4148 ἐπιμεῖναι
2786 4075 2860 4145 τῇ
2888 4074 3066 4144 σαρκί
3099 4076 3384 4145 ἀναγκαι-

1803 4174 2013 4241 ότερον
2041 4172 2116 4226 δι’
2154 4170 2331 4241 ὑμᾶς.
2373 4170 2471 4223 Διά
2495 4169 2560 4237 δὴ
2591 4168 2749 4220 τοῦτο
2785 4165 2879 4218 καὶ
2903 4167 2932 4218 6
2956 4159 3266 4236 Προφήτης,
3305 4160 3387 4216 Τί-

1797 4278 1934 4330 μιος
1980 4260 2259 4316 ἐναντίον
2287 4259 2509 4326 Κυρίου
2545 4259 2576 4310 ό
2605 4254 2861 4319 θάνατος
2903 4251 3023 4305 τῶν
3055 4251 3240 4304 ὁσίων
3278 4251 3384 4302 αὐ-

1805 4349 1912 4401 τοῦ
1935 4364 1946 4376 ·
1977 4347 2074 4417 οὐχ
2114 4346 2300 4409 ἁπλῶς
2327 4347 2355 4398 6
2385 4344 2635 4405 θάνατος,
2667 4342 2780 4394 ἀλλ’
2813 4342 2840 4392 6
2887 4336 3089 4391 τοιόσδε
3132 4335 3382 4396 θάνατος.

1808 4435 1921 4488 Καὶ
1956 4434 2116 4488 πάλιν
2145 4430 2400 4502 ἀλλαχοῦ,
2428 4430 2692 4494 Θάνατος
2715 4421 3078 4495 ἁμαρτωλῶν
3097 4421 3382 4488 πονηρός.

1822 4523 1984 4594 Ὁρᾷς
2013 4523 2109 4575 καὶ
2137 4521 2294 4574 τοῦτο
2326 4518 2431 4572 τῶν
2462 4517 2661 4587 μέσων,
2697 4516 2794 4582 οὐχ
2830 4511 3014 4571 ἁπλῶς
3039 4508 3223 4573 καλὸν,
3265 4507 3386 4559 οὐδὲ

1808 4593 1993 4673 ἀπλῶς
2026 4608 2214 4671 κακὸν,
2252 4607 2364 4659 ἀλλ’
2395 4603 2504 4658 ἀπὸ
2537 4604 2633 4672 τῆς
2667 4600 2890 4670 γνώμης
2913 4599 3019 4650 τῶν
3047 4593 3384 4666 ὑποδεχομέ-

1807 4716 1912 4751 νων
1942 4699 2110 4758 αὐτό;
2154 4694 2251 4747 Διά
2285 4693 2346 4762 δὴ
2377 4691 2535 4744 τοῦτο
2563 4691 2656 4742 καὶ
2694 4691 2720 4742 ὁ
2768 4687 3078 4755 σοφώτατος
3110 4682 3385 4754 Σολομὼν,

1809 4785 1868 4836 τὺ
1900 4785 2061 4853 μέσον
2095 4782 2300 4835 τούτων
2333 4781 2393 4832 16
2425 4780 2697 4850 χρήσιμον
2737 4776 3074 4843 καταλέγων,
3106 4773 3201 4826 καὶ
3232 4773 3387 4842 φιλο·

1812 4871 1992 4939 σοφῶν
2018 4869 2158 4939 ὑπὲρ
2181 4869 2380 4929 αὐτῶν,
2412 4867 2505 4918 καὶ
2525 4867 2736 4927 δεικνὺς
2763 4865 2844 4916 ὅτι
2869 4862 2966 4931 οὐχ
3003 4860 3186 4922 ἁπλῶς
3228 4858 3386 4911 τοῦτο

1807 4957 1990 5018 καλὸν,
2026 4958 2244 5010 κάκεῖνο
2280 4954 2469 5016 κακὸν,
2499 4952 2636 5007 ἀλλά
2671 4952 2804 5022 μετά
2838 4947 3032 5018 καιροῦ
3062 4946 3157 4998 τοῦ
3219 4961 3386 5015 προσ-

1809 5048 2030 5117 ήκοντος
2057 5047 2265 5113 γίνεται
2300 5043 2458 5106 καλὰ,
2489 5043 2591 5097 κᾶν
2611 5038 2842 5111 φορτικά
2869 5033 3007 5089 εἶναι
3025 5035 3154 5103 δοκῇ
3185 5045 3232 5097 ε,
3252 5033 3380 5085 ὅταν

1810 5135 1900 5188 τὸν
1936 5133 2125 5205 καιρὸν
2176 5134 2249 5204 μὴ
2289 5137 2385 5202 ῐχῃ
2432 5132 2521 5184 16v
2577 5127 2954 5199 προσήκοντα,
3016 5121 3229 5188 Καιρὸς
3280 5119 3386 5172 τοῦ

1807 5222 2090 5284 κλαῦσαι,
2112 5223 2206 5275 καί
2227 5219 2432 5287 καιρὸς
2453 5217 2558 5270 τοῦ
2583 5213 2853 5283 γελάσαι,
2868 5210 3043 5276 ἔλεγε,
3063 5207 3267 5276 καιρὸς
3279 5206 3386 5260 τοῦ

1809 5307 2004 5376 ζῆσαι,
2035 5309 2133 5361 καί
2159 5305 2361 5372 καιρὸς
2384 5302 2484 5355 τοῦ
2516 5297 2859 5353 ἀποθανεῖν.
2896 5295 3030 5348 Οὐδὲ
3048 5294 3156 5367 γάρ
3180 5311 3386 5348 παντα-

1792 5397 1902 5466 .χοῦ
1938 5399 1997 5450 16
2026 5395 2245 5467 χαίρειν
2270 5393 2454 5456 καλὸν,
2485 5390 2597 5442 ἀλλ’
2628 5388 2773 5442 ἔστιν
2802 5389 2935 5441 ὅπου
2970 5385 3062 5439 καὶ
3087 5383 3346 5455 βλαόερόν
3372 5399 3384 5411 °

1873 5559 1900 5627 °_
1923 5554 2206 5615 Legendum
2231 5558 2363 5600 esset
2387 5551 2468 5598 καὶ
2495 5549 2687 5609 ταύτην,
2727 5546 2995 5596 secundum
3031 5541 3390 5606 guammalicam

1804 5629 2154 5736 δθῗῖῗνόμενα.
2184 5674 2234 5722 In
2260 5673 2426 5722 Graeco
2453 5672 2720 5733 exemplari
2739 5663 3264 5778 γινόμενονξεεθζιαιυτ.

1872 5741 1896 5769 ο
1946 5738 2062 5778 Post
2084 5738 2200 5778 δοιῆ
2226 5736 2499 5778 addendum
2546 5735 2741 5778 videtur
2779 5749 2839 5778 κα
2889 5744 3033 5778 κακα.
3078 5741 3164 5772 καν
3206 5739 3264 5778 χρ

1872 5741 1896 5769 ⁸
1946 5725 2200 5796 Ροὲιδοκῇ
2226 5736 2499 5785 addendum
2546 5725 2857 5796 νὶὃείιιιίκαί
2889 5725 3164 5796 κακὰ-,χᾶν
3206 5728 3392 5796 χρῇστα

1807 5802 1922 5849 εἶναι
1945 5784 2081 5867 δοκῇ..
2107 5784 2475 5859 νεέἱεὶωἱιειιυθ
2497 5803 2567 5845 ρει
2594 5797 2685 5845 hoc
2707 5793 2977 5843 membrum
3003 5787 3063 5835 δι’
3093 5784 3394 5846 6601016116-

1805 5879 1884 5909 τον
1909 5871 2168 5910 εχοιαιδεθ.
