4056 6466
643 416 758 472 149

647 519 774 573 οὔτε
803 515 1079 586 πανταχοῦ
1113 515 1173 568 τὸ
1203 514 1388 584 ἀλγεῖν
1412 516 1593 580 καλὸν,
1629 514 1743 569 ἀλλ’
1774 513 1920 566 ἐστιν
1949 511 2081 564 ὅπου
2120 508 2213 563 καὶ

649 601 947 669 θανάσιμον
991 599 1086 654 καὶ
1119 597 1382 667 ὀλέθριον.
1424 599 1533 651 Καὶ
1570 597 1725 651 τοῦτο
1761 595 1891 649 αὐτὸ
1921 593 2079 647 πάλιν
2107 592 2213 644 δει-

649 685 781 746 κνὺς
810 685 839 735 6
864 681 1077 744 Παῦλος
1113 681 1300 748 ἔλεγεν
1321 699 1334 712 ·
1375 681 1437 734 Ἠ
1464 681 1613 734 κατὰ
1661 679 1807 733 Θεὸν
1843 678 2007 742 λύπη
2045 673 2220 743 μετά-

646 782 819 821 νοιαν
849 767 937 828 εἰς
971 765 1271 830 σωτηρίαν
1299 763 1748 831 ἀμεταμέλητον
1781 756 2218 827 κατεργάζεται·

650 850 686 916 ὴ
711 846 780 898 δὲ
802 845 909 899 τοῦ
931 847 1162 913 κόσμου
1188 846 1350 912 λύπη
1374 845 1630 898 θάνατον
1657 839 2078 909 κατεργάζεται.

718 937 776 981 ε’.
831 929 996 998 Ὁρᾷς
1024 928 1121 980 καὶ
1145 927 1306 981 τοῦτο
1327 928 1435 980 τῶν
1467 927 1647 997 μέσων
1674 926 1765 988 δν;
1796 921 2003 976 Οὐκοῦν
2041 920 2132 974 καὶ
2162 921 2222 973 τὸ

647 1011 888 1064 ἐναντίον
915 1011 1080 1064 αὐτοῦ
1111 1009 1218 1062 τῶν
1253 1009 1451 1079 μέσων,
1483 1009 1539 1061 τὸ
1579 1007 1789 1078 χαίρειν
1820 1004 1984 1073 λέγω.
2022 1004 2221 1073 Διόπερ

646 1096 746 1165 οὐχ
770 1094 957 1156 άπλῶς
987 1094 1196 1164 χαίρειν
1218 1092 1519 1156 ἐκέλευσεν,
1540 1090 1674 1143 ἀλλὰ
1695 1090 1906 1159 χαίρειν
1934 1090 1992 1140 ἐν
2013 1086 2221 1155 Κυρίῳ.

661 1177 800 1229 Ἀλλ’
830 1179 857 1229 6
882 1176 980 1246 μὲν
1008 1175 1116 1227 τῶν
1150 1175 1329 1244 μέσων
1357 1173 1512 1241 λόγος
1536 1171 1735 1235 ἱκανῶς
1764 1173 1894 1241 ἡμῖν
1916 1168 2219 1239 διευκρίνη·

646 1277 759 1320 ται,
789 1260 902 1326 είγε
927 1258 1202 1327 ἀκροατάς
1226 1257 1337 1327 ἕχει
1371 1257 1760 1328 προσέχονταςο
1794 1253 2007 1306 ἰτέονδέ
2039 1251 2222 1304 λοιπὸν

649 1342 741 1396 ἐπὶ
767 1343 837 1394 τά
881 1342 954 1412 μὴ
985 1341 1144 1411 μέσα,
1179 1339 1312 1392 ἀλλὰ
1344 1339 1436 1391 ἐπὶ
1460 1339 1530 1391 τὰ
1557 1339 1717 1402 καλά,
1747 1336 1782 1390 ἀ.
1806 1336 1903 1390 οὑκ
1927 1334 1992 1388 ἂν
2014 1334 2222 1402 γένοιτο

647 1425 816 1486 κακὰ,
846 1425 938 1477 καὶ
959 1424 1048 1475 ἐπὶ
1069 1422 1136 1474 τὰ
1158 1423 1322 1483 κακά,
1355 1423 1389 1475 ά
1413 1423 1513 1474 οὐκ
1539 1421 1604 1475 ἂν
1623 1422 1830 1488 γένοιτο
1851 1418 2010 1471 καλά.
2040 1416 2221 1469 Ταῦτα

651 1510 749 1576 μὲν
784 1505 891 1576 γάρ
915 1507 981 1559 τά
1015 1504 1280 1575 εἰρημένα
1314 1506 1444 1557 ποτέ
1481 1506 1580 1575 μὲν
1601 1503 1777 1565 τοῦτο,
1817 1501 1944 1556 ποτέ
1965 1500 2020 1552 δὲ
2047 1502 2220 1552 ἐκεῖνο

650 1589 885 1656 γίνεται·
931 1584 1042 1642 οἷον
1085 1591 1112 1642 6
1157 1588 1384 1652 πλοῦτος
1433 1589 1564 1641 ποτέ
1611 1588 1706 1658 μὲν
1738 1586 1929 1641 κακον.
1963 1585 2090 1637 ὅταν
2140 1585 2220 1647 εἰς

648 1671 960 1737 πλεονεξίαν
988 1673 1314 1736 δαπανᾶται,
1344 1672 1473 1725 ποτέ
1499 1672 1554 1725 δὲ
1592 1671 1773 1735 καλὸν,
1804 1671 1931 1722 ὅταν
1957 1669 2036 1730 είς
2069 1667 2218 1736 ἐλεη-

651 1757 887 1827 μοσύνην
921 1756 1275 1824 ἀναλίσκηται
1295 1774 1306 1786 ο
1340 1757 1433 1808 καὶ
1460 1755 1526 1807 τὰ
1553 1755 1685 1808 ἀλλα
1713 1751 1936 1805 τοιαῦτα
1960 1749 2099 1803 κατά
2130 1749 2220 1802 τὸν

647 1841 848 1892 κανόνα
874 1839 1083 1893 τοῦτον.
1120 1840 1272 1891 Ἔστι
1301 1840 1356 1891 δέ
1387 1856 1532 1901 τινα,
1566 1838 1600 1891 ἀ
1631 1839 1729 1890 οὐκ
1762 1838 1826 1891 ἀν
1858 1853 1986 1888 ποτε
2010 1835 2220 1902 γένοιτο

648 1922 825 1973 κακά·
858 1921 926 1973 τὰ
954 1922 1029 1985 δέ,
1068 1921 1285 1974 ἐναντία
1321 1921 1550 1981 τούτοις,
1580 1921 1666 1972 ἀεὶ
1699 1917 1862 1981 κακὰ,
1893 1919 1985 1970 καὶ
2017 1917 2116 1970 οὐκ
2155 1917 2219 1970 ἄν

648 2021 777 2056 ποτε
810 2004 1022 2070 γένοιτο
1049 2004 1190 2056 καλά
1210 2019 1222 2032 ·
1271 1998 1380 2056 οἷον
1411 2003 1654 2064 ἀσέϐεια,
1688 2000 2022 2072 βλασφημία,
2060 2000 2220 2053 άσέλ-

646 2083 962 2157 γεια,[155]
990 2086 1231 2155 ὠμότης,
1262 2085 1648 2156 ἀπανθρωπία,
1673 2084 2100 2156 γαστριμαργία,
2126 2083 2218 2136 καὶ

645 2170 746 2222 ὃσα
768 2169 1010 2222 τοιαῦτα.

719 2254 792 2304 Οὐ
825 2253 968 2319 λέγω
997 2255 1077 2306 ὅτι
1109 2253 1392 2323 ἄνθρωπος
1427 2251 1596 2315 κακὸς
1621 2252 1720 2306 οὐκ
1753 2252 1818 2305 ἀν
1849 2267 1978 2303 ποτε
2011 2250 2218 2318 γένοιτο

645 2335 830 2397 καλὸς,
863 2335 984 2387 οῦτε
1027 2336 1190 2397 καλὸς
1217 2336 1316 2387 οὐκ
1355 2336 1418 2388 άν
1452 2351 1580 2386 ποτε
1609 2335 1822 2401 γένοιτο
1856 2334 2056 2396 κακός’
2101 2333 2214 2385 ἀλλ’

644 2419 726 2470 ὅτι
757 2418 898 2470 αὐτὰ
935 2419 1004 2470 τά
1033 2418 1330 2488 πράγματα
1359 2418 1458 2468 οὐκ
1488 2418 1554 2470 ἄν
1593 2433 1719 2468 ποτε
1762 2417 1989 2486 γένοιτο.
2036 2415 2218 2468 Ταῦτα

650 2501 748 2570 μὲν
776 2501 883 2570 γὰρ
929 2500 1011 2570 εἰη
1045 2510 1069 2538 ⁸
1100 2501 1190 2552 ἐπὶ
1217 2501 1316 2568 τῆς
1357 2500 1561 2562 οἰκείας
1591 2501 1826 2562 τάξεως,
1861 2501 1930 2552 τά
1957 2516 2013 2550 τε
2054 2500 2213 2560 καλὰ,

647 2583 742 2635 καὶ
771 2584 839 2637 τά
870 2585 1016 2636 κακά
1040 2599 1053 2612 ·
1089 2585 1117 2636 6
1148 2583 1203 2635 δὲ
1242 2581 1547 2651 ἄνθρωπος,
1579 2583 1704 2634 ὃταν
1742 2581 1837 2651 μὲν
1881 2583 2063 2634 ἐκεῖνα
2101 2581 2218 2650 ἐλη-

644 2684 756 2726 ται,
811 2667 994 2729 καλὸς,
1043 2667 1170 2720 ὅταν
1205 2667 1262 2718 δὲ
1299 2666 1533 2723 ἐναντία.
1589 2668 1773 2727 κακός.
1817 2664 2022 2717 Οὐκοῦν
2070 2667 2217 2732 τρεῖς

645 2743 806 2800 αὗται
841 2752 1026 2818 μοῖραι
1045 2766 1058 2778 ·
1092 2749 1159 2800 τά
1185 2749 1280 2817 μέν
1304 2748 1411 2818 γάρ
1432 2746 1573 2800 καλά
1599 2747 1698 2799 ούκ
1723 2747 1787 2800 ἂν
1818 2747 2024 2814 γένοιτο
2051 2749 2213 2810 κακά,

644 2832 758 2889 οἷον
791 2835 1136 2906 σωφροσύνη,
1167 2835 1525 2903 ἐλεημοσύνη,
1559 2833 1652 2886 καὶ
1674 2835 1771 2885 ὅσα
1795 2832 2014 2884 τοιαῦτα
2031 2849 2043 2860 ·
2068 2834 2134 2884 τά
2161 2833 2216 2884 δὲ

647 2921 792 2971 κακὰ
819 2920 917 2972 οὐκ
939 2919 1003 2972 ἀν
1025 2934 1154 2970 ποτε
1183 2917 1389 2984 γένοιτο
1417 2917 1577 2974 καλά.
1603 2913 1712 2968 οἷον
1742 2916 2018 2982 ἀσέλγεια,
2043 2916 2215 2967 ἀπανο

648 3002 885 3072 θρωπία,
942 3001 1192 3071 ὠμότηςο
1242 3000 1308 3052 τὰ
1341 3000 1396 3052 δὲ
1440 2999 1570 3052 ποτὲ
1629 2999 1724 3069 μὲν
1753 2998 1930 3063 τοῦτο,
1983 2998 2111 3051 ποτὲ
2162 2998 2217 3051 δὲ

647 3087 824 3137 ἐκεῖνο
853 3085 1114 3154 γινόμενα
1143 3085 1192 3148 ιι,
1223 3084 1372 3154 παρὰ
1400 3083 1495 3150 τὴν
1523 3081 1746 3152 γνώμην
1770 3082 1877 3133 τῶν
1899 3081 2213 3152 χρωμένων.

660 3171 718 3221 ’0
737 3169 964 3231 πλοῦτος
990 3167 1120 3220 ποτέ
1150 3169 1245 3237 μὲν
1278 3169 1384 3237 γὰρ
1411 3170 1490 3230 εἰς
1521 3167 1828 3231 πλεονεξίαν
1848 3165 2215 3234 ὑπηρετεῖται.

647 3251 778 3301 ποτὲ
805 3251 860 3303 δὲ
886 3253 965 3314 εἰς
993 3251 1361 3320 ἐλεημοσύνην
1383 3268 1393 3279 ·
1418 3249 1552 3302 άλλά
1583 3248 1731 3319 παρὰ
1756 3249 1854 3318 τὴν
1877 3248 2101 3317 γνώμην
2124 3246 2216 3299 τοῦ

647 3331 952 3401 χρωμένου.
984 3332 1149 3384 Πενία
1183 3333 1310 3383 ποτὲ
1351 3333 1447 3399 μὲν
1487 3335 1566 3394 εἰς
1604 3332 1972 3400 βλασφημίαν,
2002 3333 2128 3383 ποτέ
2163 3331 2219 3382 δὲ

648 3419 727 3477 εἰς
755 3415 1030 3484 εὐφημίαν
1057 3414 1151 3466 καὶ
1179 3415 1491 3481 φιλοσοφίαν
1533 3415 1904 3483 ὑπηρετεῖται.
1949 3415 2097 3465 Ἐπεὶ
2127 3411 2218 3466 οὖν

649 3497 835 3550 πολλοὶ
864 3499 971 3549 τῶν
995 3499 1349 3566 ἀλογωτέρων
1385 3500 1500 3560 (ἐπὶ
1521 3497 1628 3566 γὰρ
1653 3496 1748 3566 τὴν
1771 3496 1922 3548 λύσιν
1958 3497 2093 3548 ἰτέον
2115 3497 2220 3548 λοι-

651 3581 774 3645 πὸν)
805 3582 866 3633 οὐ
892 3582 958 3633 τὰ
986 3583 1130 3634 κακά
1163 3581 1341 3650 μόνον,
1368 3580 1403 3633 ἀ
1428 3582 1526 3632 ούκ
1567 3582 1629 3633 ἄν
1662 3597 1790 3631 ποτε
1817 3581 2024 3646 γένοιτο
2057 3580 2214 3642 καλὰ,

648 3664 784 3716 ἀλλά
825 3666 914 3717 καὶ
942 3665 1049 3717 τῶν
1075 3665 1253 3732 μέσων
1271 3663 1384 3716 ἔνια
1402 3663 1549 3716 κακὰ
1572 3661 1842 3725 καλοῦσιν,
1872 3657 1979 3715 οἷον
2009 3663 2216 3725 πενίαν,

647 3748 1044 3817 αἰχμαλωσίαν,
1076 3747 1339 3805 δουλείαν.
1377 3747 1521 3815 άπερ
1566 3746 1841 3815 ἐδείξαμεν
1869 3746 1929 3798 ού
1980 3746 2085 3798 τῶν
2124 3764 2220 3799 κα·

648 3829 782 3892 κῶν,
821 3830 957 3882 ἀλλά
998 3829 1104 3881 τῶν
1140 3830 1321 3898 μέσων
1358 3828 1514 3880 ὄντα·
1552 3828 1734 3880 πολλοὶ
1776 3828 1852 3890 δέ,
1879 3829 2017 3897 ὅπερ
2053 3829 2219 3898 ἔφθην

647 3913 840 3973 εἰπὼν,
873 3911 1044 3965 ταῦτα
1089 3911 1229 3964 κακά
1268 3911 1540 3972 καλοῦσιν⁹
1569 3915 1667 3962 οὑκ
1699 3910 1828 3964 ὄντα
1869 3912 2013 3963 κακά
2039 3928 2051 3941 ·
2095 3914 2221 3981 περὶ

645 3988 721 4046 ὧν
755 4006 777 4034 ο
821 3997 849 4047 6
879 3996 1160 4065 προφήτης
1204 3994 1354 4063 φησὶ,
1397 3993 1505 4045 τῶν
1544 3993 1686 4046 κατὰ
1719 3993 1816 4062 τὴν
1852 3993 1960 4046 τῶν
2011 3994 2219 4046 πολλῶν

649 4080 907 4131 ὑπόνοιαν
957 4078 1326 4146 καλουμένων,
1363 4078 1424 4129 οὐ
1465 4075 1575 4128 τῶν
1626 4076 1790 4140 ὄντως
1826 4076 2008 4130 κακῶν
2033 4095 2046 4108 ·
2093 4079 2220 4146 περὶ

649 4162 1047 4231 αίχμαλωσίας,
1085 4161 1213 4229 περὶ
1265 4161 1523 4222 δουλείας,
1579 4159 1706 4229 περί
1744 4158 1924 4227 λιμοῦ,
1978 4159 2071 4212 καὶ
2121 4162 2221 4221 ὅσα

649 4241 894 4292 τοιαῦτα.
934 4242 1056 4291 ’Ότι
1080 4239 1187 4308 γάρ
1222 4238 1392 4290 ταῦτα
1425 4240 1484 4290 οὐ
1527 4237 1690 4298 κακὰ,
1727 4238 1861 4290 ἀλλά
1895 4239 1987 4290 καὶ
2036 4239 2220 4292 κακῶν

651 4323 989 4395 ἀναιρετικά,
1013 4322 1105 4374 τὸν
1127 4322 1282 4390 λιμὸν
1307 4322 1567 4391 πρότερον
1603 4323 1678 4378 εἰς
1707 4321 1867 4390 μέσον
1900 4322 2216 4391 ἀγάγωμεν,

649 4406 740 4460 τὸν
770 4409 903 4458 πᾶσι
950 4405 1176 4473 φρικτὸν
1219 4405 1309 4456 καὶ
1349 4403 1578 4473 φοϐερὸν
1613 4397 1749 4455 εἶναι
1785 4404 2058 4456 δοκοῦντα.
2095 4405 2218 4467 Πῶς

647 4487 740 4543 οὖν
787 4491 846 4542 οὺ
879 4490 1066 4549 κακὸν,
1126 4487 1385 4557 μάνθανε,
1435 4488 1528 4540 καὶ
1586 4485 1834 4538 παιδεύου
1891 4485 2212 4554 φιλοσοφεῖν.

662 4574 853 4626 Ἡνίκα
896 4573 1003 4624 τῶν
1047 4572 1311 4643 Ἐϐραίων
1335 4575 1360 4623 6
1386 4571 1556 4640 δῆμος
1595 4572 1670 4632 είς
1710 4569 1932 4639 ἔσχατον
1966 4569 2215 4632 ἐξώκειλε

654 4656 1017 4725 παρανομίας.
1051 4658 1171 4709 τότε
1204 4656 1266 4726 δὴ
1288 4659 1314 4708 6
1347 4656 1518 4725 μέγας
1557 4654 1761 4716 Ἠλίας,
1801 4653 2023 4705 καὶτῶν
2052 4654 2215 4722 οὐρα-

649 4737 754 4788 νῶν
791 4737 959 4800 ἄξιος,
994 4739 1020 4788 6
1059 4739 1376 4806 βουλόμενος
1408 4738 1504 4806 τὴν
1544 4740 1607 4788 ἐκ
1639 4737 1735 4803 τῆς
1771 4735 2038 4805 ῥᾳθυμίας
2066 4737 2215 4786 νόσον

651 4819 880 4881 ἀνελεῖν,
929 4821 1020 4871 καὶ⁸
1058 4819 1344 4886 διορθῶσαι
1375 4819 1594 4880 ταύτην,
1632 4819 1874 4887 ἐπήγαγε
1903 4819 2099 4884 λέγων·
2131 4817 2216 4886 Ζῇ

651 4905 890 4968 Κύριος,
937 4895 982 4966 ᾧ
1033 4901 1338 4967 παρέστην
1385 4900 1638 4954 ἐνώπιον
1692 4902 1895 4965 αὑτοῦ,
1947 4906 1998 4954 εὶ
2046 4904 2216 4955 ἔσται

656 4984 844 5048 ὑετὸς,
879 4987 931 5036 εί
949 4983 1033 5051 μὴ
1056 4982 1153 5034 διὰ
1177 4985 1473 5050 στόματός
1490 4999 1608 5048 μου
1627 4999 1640 5012 ο
1675 4985 1764 5034 καὶ
1793 4985 1820 5033 6
1847 4984 2096 5053 μηλωτὴν
2121 4985 2216 5053 μό-

648 5087 745 5137 νην
784 5069 1146 5136 κεκτημένος,
1192 5067 1279 5117 τὸν
1327 5065 1551 5134 οὐρανὸν
1609 5064 1929 5116 ἀπέκλεισε
1979 5067 2214 5135 τοσαύτη

648 5154 928 5222 παρρησία
979 5150 1126 5218 αὐτῷ
1164 5150 1298 5219 πρὸς
1329 5150 1416 5199 τδν
1455 5148 1604 5199 Θεόν.
1649 5148 1808 5215 Ὁρᾷς
1849 5149 1930 5199 ὃτι
1957 5151 2015 5201 οὺ
2051 5149 2215 5201 κακον

643 5238 675 5305 ἡ
733 5235 925 5299 πενία;
967 5235 1081 5286 Ούκ
1127 5234 1190 5285 ἂν
1226 5236 1253 5286 6
1296 5234 1510 5285 πάντων
1560 5229 1858 5300 ἀνθρώπων
1895 5233 2214 5300 πενέστερος

643 5315 910 5384 τοσαύτης
951 5316 1225 5367 ἀπέλαυσε
1272 5315 1602 5384 παρρησίας,
1637 5313 1711 5374 ὼς
1758 5313 1930 5381 χαμαὶ
1965 5313 2209 5382 βαδίζων,

646 5401 726 5453 ἐνὶ
778 5399 924 5470 μόνῳ
957 5399 1100 5467 λόγῳ
1129 5398 1394 5467 τοσαύτην
1433 5397 1583 5467 ἰσχὺν
1615 5395 1997 5461 ἐπιδείξασθαι.
2033 5396 2214 5450 Εἰπὼν

708 5594 724 5615 ⁸
754 5594 803 5640 In
849 5606 936 5639 ms.
981 5591 1019 5638 εί
1047 5591 1249 5650 legitur;
1284 5589 1371 5636 sed
1413 5587 1560 5638 δεμ-ιι.
1589 5587 1636 5635 in
1681 5600 1831 5650 marg.
1875 5589 1945 5645 εἴη
1969 5587 2127 5650 posuit
2150 5602 2212 5638 ex

643 5655 939 5715 conjectura,
959 5665 1102 5712 quam
1123 5657 1320 5715 secutus
1339 5660 1416 5697 ρει
1444 5652 1666 5715 Ducam}.

705 5710 845 5761 b'Ms.
879 5710 1302 5773 Ιιηὺὲιγινὸμενον,
1331 5715 1383 5758 ut
1402 5725 1562 5772 supra.
1589 5712 1698 5760 Mox
1721 5710 1987 5772 legendum
2021 5711 2214 5760 videtur

647 5774 855 5829 (τοιοῦτος
877 5776 901 5821 6
927 5775 982 5820 π)
993 5772 1142 5828 οῦτος.

705 5841 728 5868 ⁸
753 5834 904 5884 εεϊὶι.
932 5841 1069 5896 putat
1096 5835 1355 5895 legendum
1374 5835 1475 5894 περὶ
1497 5833 1692 5882 τούτων.

1312 400 1369 458 S.
1409 397 1687 457 JOANMS
1723 394 2209 455 CHRYSOSTOHI
2248 392 2568 452 ARCHIEP.
2608 392 3150 452 (:ONSTANTINOP.

3789 411 3918 466 150

2319 511 2499 564 τοίνυν
2535 510 2712 576 τοῦτο,
2753 510 2996 581 ἐπήγαγε
3037 509 3216 581 λιμδν,
3261 508 3513 581 καθάπερ
3551 509 3910 580 παιδαγωγὸν

2324 601 2564 670 ἄριστον,
2604 599 2697 653 καὶ
2744 598 3038 671 διορθωτὴν
3063 597 3172 651 τῶν
3200 596 3502 669 γινομένων
3542 598 3731 652 κακῶν
3755 613 3770 627 δ
3799 598 3910 655 καὶ

2320 685 2572 757 καθάπερ
2614 686 2852 756 πυρετοῦ
2878 686 3081 756 λάϐρου
3105 687 3185 748 είς
3223 685 3385 755 σῶμα
3418 686 3770 756 ἐμπεσόντος.
3800 685 3909 738 καὶ

2321 773 2482 826 αὑταὶ
2508 773 2607 841 τῆς
2634 772 2739 841 γῆς
2755 775 2809 827 αί
2839 773 3033 842 φλέϐες
3058 770 3520 843 ἀνεξηράνθησαν,
3543 772 3638 826 καὶ
3662 774 3906 842 χείμαρο

2323 863 2407 931 ροι
2456 860 2732 924 ἐπέλιπον,
2771 862 2868 915 καὶ⁸
2897 861 3140 931 βοτάναι,
3177 862 3271 914 καὶ
3303 862 3401 931 τῆς
3439 862 3541 932 γῆς
3578 862 3634 914 αἰ
3668 859 3904 927 λαγόνες

2321 946 2504 1014 ἄγονοι
2531 947 2717 1001 λοιπὸν
2743 943 2902 1018 ἦσαν.
2932 949 3041 1002 Καὶ
3067 947 3126 1000 ού
3151 949 3321 1018 μικρά
3341 947 3463 1000 τότε
3482 950 3510 1001 6
3535 948 3707 1017 δῆμος
3732 949 3908 1017 ἐκαρ-

2323 1034 2566 1099 πώσατο,
2591 1039 2690 1107 τῆς
2715 1036 2895 1109 ῥύμης
2921 1037 3019 1106 τῆς
3041 1038 3132 1088 ἐπὶ
3154 1036 3254 1108 τὴν
3288 1035 3632 1106 παρανομίαν
3659 1035 3907 1088 ἀπαλλα-

2321 1124 2459 1191 γεὶς,
2481 1124 2576 1178 καὶ
2599 1124 2904 1188 συσταλεὶς,
2926 1124 3020 1177 καὶ
3042 1125 3332 1194 γενόμενος
3353 1123 3781 1193 ἐπιεικέστερος,
3809 1122 3910 1174 καὶ

2320 1212 2396 1281 τῷ
2425 1214 2672 1286 προφήτῃ
2697 1212 3003 1284 χειροήθης.
3038 1212 3192 1284 [154]
3224 1213 3288 1265 Ol
3309 1211 3418 1283 γὰρ
3450 1211 3583 1282 πρὸς
3608 1212 3676 1264 τά
3704 1211 3911 1263 εἴδωλα

2321 1299 2626 1370 τρέχοντες,
2648 1300 2741 1352 καὶ
2769 1299 2892 1363 τοὺς
2916 1299 3066 1362 υἱοὺς
3085 1299 3264 1353 αὐτῶν
3281 1299 3753 1366 κατασφάττοντες
3786 1300 3910 1360 τοῖς

2320 1387 2635 1456 δαιμονίοις,
2653 1379 2799 1439 οὗτοι
2831 1385 3098 1439 τοσούτων
3130 1386 3323 1456 ίερέων
3347 1387 3445 1456 τῆς
3471 1385 3618 1439 Βάαλ
3639 1387 3908 1455 ἀναιρου-

2325 1475 2531 1545 μένων,
2576 1475 2677 1528 οὑκ
2721 1475 3106 1546 ἐδυσχέραναν,
3160 1475 3260 1527 οὐκ
3311 1475 3722 1544 ἠγανάκτησαν,
3779 1473 3907 1526 ἀλλ’

2321 1563 2557 1633 ἤνεγκαν
2595 1565 2721 1633 σιγῇ
2751 1564 2843 1616 καί
2869 1561 3017 1633 φόϐῳ
3042 1561 3104 1616 τὸ
3141 1561 3444 1632 γινόμενον,
3471 1561 3578 1615 ἀπὸ
3611 1560 3704 1615 τοῦ
3736 1559 3908 1631 λιμοῦ

2324 1649 2565 1719 βελτίους
2590 1650 2894 1722 γενόμενοι.

2394 1779 2467 1837 ς’.
2506 1774 2666 1846 Ὁρᾷς
2688 1775 2763 1837 ὡς
2783 1774 2843 1826 οὐ
2871 1772 3029 1844 μόνον
3049 1770 3160 1845 [οὐ]
3183 1774 3351 1824 κακὸν
3375 1771 3403 1824 6
3431 1770 3606 1841 λιμὸς.
3631 1767 3774 1823 ἀλλὰ
3808 1770 3908 1824 καὶ

2321 1859 2506 1914 κακῶν
2546 1859 2904 1930 ἀναιρετικὺς,
2935 1859 2993 1910 ἐν
3018 1857 3170 1925 τάξει
3201 1857 3490 1928 φαρμάκου
3511 1857 3579 1910 τὰ
3609 1858 3907 1927 νοσήματα

2319 1946 2752 2016 διορθωσάμενος
2775 1963 2790 2011 ;
2816 1946 2878 1999 Εἰ
2911 1946 3006 2000 καὶ
3033 1945 3130 2017 τὴν
3172 1945 3546 2016 αἰχμαλωσίαν
3573 1945 3745 2016 αὐτὴν
3782 1945 3906 2015 βού-

2319 2032 2400 2086 λει
2428 2033 2454 2071 ά
2494 2033 2619 2086 ἰδεῖν
2656 2034 2715 2086 οὑ
2744 2033 2848 2086 τῶν
2885 2032 3071 2086 κακῶν
3115 2028 3300 2094 οὖσαν,
3332 2031 3582 2100 ἐννόησον
3614 2032 3758 2095 τίνες
3803 2031 3908 2102 μὲν

2318 2115 2456 2191 ἦσαν
2495 2121 2544 2174 οἰ
2596 2120 2833 2175 Ἰουδαῖοι
2864 2120 2969 2189 πρὸ
3006 2121 3102 2188 τῆς
3131 2119 3526 2190 αἰχμαλωσίας,
3566 2119 3710 2182 τίνες
3754 2120 3817 2172 δὲ
3847 2121 3908 2172 ἐν

2317 2209 2382 2276 τῇ
2419 2205 2786 2276 αἰχμαλωσίᾳ,
2842 2205 2930 2259 ἵνα
2979 2206 3154 2279 μάθῃς
3206 2207 3285 2259 ὅτι
3332 2205 3454 2259 οῦτε
3520 2207 3554 2276 ὴ
3608 2207 3908 2277 ἐλευθερία

2318 2293 2504 2357 άπλῶς
2536 2294 2720 2355 καλὸν,
2756 2291 2880 2346 οῦτε
2911 2295 2944 2363 ὴ
2987 2293 3333 2364 αίχμαλωσία
3367 2295 3556 2348 κακόν.
3591 2294 3763 2347 Ὅταν
3802 2293 3908 2364 μὲν

2315 2383 2424 2451 γάρ
2456 2377 2596 2449 ἦσαν
2642 2381 2699 2433 ἐν
2735 2379 3034 2450 ἐλευθερίᾳ,
3086 2381 3180 2434 καὶ
3214 2379 3310 2451 τὴν
3345 2381 3579 2451 πατρίδα
3617 2378 3765 2450 εἶχον
3802 2381 3908 2451 τὴν

2316 2468 2545 2530 ἑαυτῶν,
2577 2466 2800 2521 τοιαῦτα
2831 2467 3116 2537 ἔπραττον,
3145 2466 3219 2529 ώς
3247 2466 3369 2520 καθ’
3399 2467 3636 2538 ἑκάστην
3679 2469 3910 2539 ἡμέραν

2315 2556 2440 2618 τοὺς
2470 2555 2751 2625 προφήτας
2773 2552 2950 2607 αὐτῶν
2965 2552 3260 2624 καταϐοᾷν,
3289 2554 3395 2606 τῶν
3417 2554 3594 2625 νόμων
3618 2556 3909 2625 πατουμέ-

2316 2662 2443 2710 νων,
2481 2645 2576 2698 καί
2605 2643 2711 2697 τῶν
2741 2642 2972 2696 εἰδώλων
3004 2643 3514 2714 προσκυνουμένων,
3549 2644 3639 2696 καὶ
3678 2645 3795 2696 τῶν
3819 2647 3906 2697 ἐν·

2315 2731 2486 2784 τολῶν
2518 2729 2611 2783 τοῦ
2646 2730 2780 2784 Θεοῦ
2831 2729 3250 2800 παραϐαθεισῶν
3284 2742 3307 2769 θ
3330 2747 3341 2758 °
3372 2731 3558 2800 ἐπειδὴ
3590 2732 3645 2784 δὲ
3683 2732 3902 2797 ἀπηνέ-

2316 2820 2522 2889 χθησαν
2549 2822 2627 2882 εἰς
2654 2819 2755 2888 γῆν
2793 2819 3099 2889 ἀλλοτρίαν,
3136 2820 3228 2872 καὶ
3260 2821 3316 2870 ἐν
3365 2821 3430 2890 τῇ
3463 2819 3572 2872 τῶν
3600 2819 3902 2891 βαρϐάρων

2316 2906 2468 2976 χώρᾳ
2517 2905 2806 2975 διέτριϐον,
2845 2905 2986 2958 οὕτω
3031 2906 3455 2977 συνεστάλησαν,
3503 2907 3596 2959 καί
3649 2906 3907 2975 βελτίους

2317 2993 2585 3060 ἐγένοντο,
2635 2991 2731 3044 καί
2767 2991 2861 3044 τοῦ
2893 2992 3057 3062 νόμου
3104 2993 3362 3060 φύλακες,
3410 2994 3485 3058 ῶς
3522 2993 3668 3047 ἔστιν
3707 2997 3776 3048 ἐκ
3810 2996 3910 3048 τοῦ

2315 3078 2528 3148 ψαλμοῦ
2557 3077 2715 3131 τοῦτο
2733 3077 2941 3149 μαθεῖν,
2967 3078 3027 3131 6v
3057 3079 3353 3148 ἀναγκαῖον
3380 3083 3459 3144 εἰς
3490 3083 3649 3151 μέσον
3665 3083 3910 3150 ἀγαγεῖν

2319 3168 2576 3237 σήμερον.
2626 3166 2713 3218 ἶνα
2751 3165 2956 3235 μάθητε
2985 3165 3086 3234 τῆς
3127 3166 3504 3237 αἰχμαλωσίας
3534 3167 3622 3220 τὸν
3656 3171 3905 3239 καρπόν.

2317 3256 2412 3317 Τίς
2447 3254 2505 3306 δέ
2537 3255 2684 3308 ἐστιν
2714 3254 2742 3306 6
2787 3253 3036 3323 ψαλμάςς
3087 3255 3213 3307 Ἐπί
3242 3254 3360 3307 τῶν
3396 3255 3678 3324 ποταμῶν
3706 3258 3913 3312 806v-

2315 3341 2512 3406 λῶν-ος
2537 3340 2669 3395 ἐκεῖ
2690 3341 3085 3409 ἐκαθίσαμεν,
3129 3341 3228 3395 καί
3269 3344 3656 3411 ὲκλαύσαμεν
3701 3345 3778 3397 ὲν
3828 3341 3914 3409 τῷ

2312 3426 2662 3495 μνησθῆναι
2708 3425 2868 3493 ἡμᾶς
2911 3427 3023 3492 τῆς
3056 3428 3226 3481 Σιών.
3273 3431 3394 3482 Ἐπὶ
3441 3429 3568 3488 ταῖς
3601 3429 3796 3496 ἰτέαις
3841 3432 3915 3484 ἐν

2311 3514 2479 3581 μέσῳ
2516 3512 2707 3579 αὐτῆς
2752 3511 3165 3581 ὲκρεμάσαμεν
3187 3514 3259 3566 τὰ
3284 3515 3508 3581 ὄργανα
3542 3515 3737 3583 ἡμῶν.
3767 3517 3910 3571 Ὅτι

2316 3600 2443 3654 ἐκεῖ
2455 3599 3014 3668 έπηρώτησανήμᾶς
3039 3605 3092 3654 οι
3118 3604 3721 3669 αὶχμιιλωτεύσαντες
3741 3607 3912 3673 ἡμᾶς

2317 3690 2536 3755 λόγους
2557 3685 2746 3751 ᾠδῶν,
2763 3685 3044 3754 λέγοντες
3065 3703 3078 3715 ·
3104 3688 3326 3755 ’ᾼσατε
3343 3687 3485 3754 ἡμῖν
3502 3687 3569 3741 ἐκ
3584 3686 3708 3741 τῶν
3727 3691 3910 3754 ᾠδῶν

2321 3777 2490 3829 Σιὼν.
2514 3772 2645 3839 Πῶς
2671 3773 2911 3842 ᾆσωμεν
2943 3772 3057 3840 τὴν
3078 3771 3242 3841 ᾠδὴν
3264 3775 3486 3841 Κυρίου
3507 3775 3603 3828 ἐπὶ
3638 3777 3763 3844 γῆς
3797 3780 3910 3832 (1.1-

2319 3863 2598 3929 .loz'plac;
2624 3857 2774 3924 Εἶδες
2798 3861 2913 3924 πῶς
2943 3862 3139 3923 αὐτοὺς
3176 3862 3512 3916 συνέστειλεν
3546 3865 3578 3934 ἡ
3611 3865 3910 3934 αἰχμαλω-

2322 3949 2447 4012 σίας
2483 3949 2593 4018 Πρὸ
2642 3949 2738 4017 μὲν
2767 3949 2873 4020 γὰρ
2919 3949 3120 4018 ταύτης
3173 3951 3264 4001 καὶ
3305 3949 3414 4002 τῶν
3475 3953 3784 4021 προφητῶν
3821 3955 3912 4006 ἐν-

2326 4036 2603 4106 ηχούντων
2638 4035 2710 4105 μὴ
2739 4035 3095 4106 παραϐαίνειν
3128 4038 3218 4089 τὸν
3240 4038 3422 4108 νόμον,
3451 4039 3547 4090 οὐκ
3575 4039 3882 4108 ἠνέσχοντο
3900 4057 3911 4071 ο

2325 4124 2460 4195 μετά
2483 4124 2538 4176 δέ
2556 4124 2780 4192 ταύτην,
2806 4123 2900 4175 καὶ
2929 4121 3034 4175 τῶν
3073 4123 3361 4194 βαρϐάρων
3389 4124 3778 4192 ἐπικειμένων,
3815 4127 3914 4179 καὶ

2320 4212 2424 4265 τῶν
2461 4212 2822 4282 κυριευόντων
2852 4209 3374 4277 καταναγκαζόντων
3409 4211 3500 4262 καὶ
3531 4214 3910 4276 κατεπειγόν-

2320 4317 2424 4352 των
2470 4299 2842 4368 παραϐαίνειν.
2892 4299 2988 4367 οὐχ
3021 4299 3294 4365 ὑπήκουον
3316 4337 3328 4360 ,
3367 4297 3480 4348 ἀλλ’
3529 4297 3713 4364 ἔλεγον
3745 4315 3758 4327 '
3786 4301 3907 4354 Οὐκ

2321 4386 2523 4456 ᾅσομεν
2550 4388 2648 4454 τὴν
2677 4387 2817 4456 ᾠδὴν
2844 4385 3045 4454 Κυρίου
3079 4385 3170 4436 ἐπὶ
3204 4384 3310 4451 γῆς
3340 4383 3648 4454 ἀλλοτρίας,
3702 4385 3908 4456 ἐπειδὴ

2319 4475 2346 4525 6
2377 4474 2536 4542 νόμος
2571 4473 2726 4526 τοῦτο
2755 4474 2852 4524 οὐκ
2886 4472 3204 4541 ἐπέτρεπεν.
3243 4469 3381 4541 Ὅρα
3410 4471 3466 4523 δὲ
3495 4472 3589 4524 καὶ
3615 4474 3750 4534 τοὺς
3788 4477 3912 4527 παῖ-

2319 4559 2413 4622 δας
2442 4563 2564 4622 τοὺς
2587 4562 2734 4630 τρεῖς
2763 4560 2823 4611 ού
2854 4559 3011 4628 μόνον
3037 4558 3188 4610 ούδέν
3232 4557 3633 4628 βλαπτομένους
3665 4562 3782 4614 άπὸ
3809 4563 3912 4629 τῆς

2320 4647 2708 4716 αἰχμαλωσίας,
2741 4645 2874 4698 ἀλλὰ
2894 4646 2986 4697 καὶ
3015 4645 3425 4714 λαμπροτέρους
3458 4646 3550 4697 ἀπ’
3582 4646 3767 4716 αὐτῆς
3807 4666 3906 4715 γε-

2319 4737 2574 4806 νομένους
2594 4751 2606 4766 ⁸
2637 4736 2730 4788 καὶ
2757 4735 2845 4786 τὸν
2872 4735 3068 4804 Δανιὴλ
3089 4732 3308 4803 ὁμοίως.
3335 4735 3477 4787 Τίδέ
3505 4737 3531 4787 ὁ
3570 4736 3785 4806 Ἰωσήφ
3813 4755 3830 4800 ς
3859 4740 3909 4790 τί

2321 4825 2485 4876 κακὸν
2519 4823 2702 4883 ἔπαθε,
2743 4823 2834 4876 καὶ
2868 4821 3033 4886 ξένος,
3065 4822 3158 4874 καὶ
3198 4822 3402 4885 δοῦλος,
3433 4824 3523 4874 καὶ
3549 4821 3784 4893 δέσμιος
3816 4843 3913 4892 γε-

2320 4912 2569 4980 νόμενος;
2603 4911 2723 4979 οὐχὶ
2745 4910 2832 4961 διὰ
2860 4909 3014 4962 τοῦτο
3042 4909 3199 4975 μόνον
3226 4908 3497 4977 εὐδοκίμει
3519 4910 3612 4962 καὶ
3641 4910 3866 4980 ἔλαμπε
3891 4929 3907 4970 :

2320 4999 2383 5049 Τί
2411 4997 2528 5066 δέὴ
2567 4997 2837 5067 βάρϐαρος
2882 4997 3060 5063 ἐκείνη
3093 4995 3250 5064 γυνὴ,
3291 4997 3383 5047 καὶ
3428 4997 3482 5047 ἐν
3532 4996 3756 5065 πλούτῳ
3812 5000 3910 5051 καὶ

2320 5084 2663 5152 ὑπερηφανία
2708 5082 2798 5133 καὶ
2826 5083 2883 5132 ἐν
2913 5081 3193 5150 ἐλευθερίᾳ
3229 5082 3594 5152 διατρίϐουσα,
3642 5083 3911 5138 ἐντεῦθεν

2319 5171 2570 5222 ἀπώνατο
2595 5187 2606 5232 ;
2636 5170 2756 5239 οὐχὶ
2795 5171 3007 5223 πάντων
3029 5165 3096 5238 ἦν
3121 5171 3442 5239 ἀθλιωτέρα,
3468 5170 3651 5238 ἐπειδὴ
3681 5172 3907 5236 τούτοις

2318 5261 2397 5322 εἰς
2420 5259 2534 5310 δέον
2563 5257 2868 5326 χρήσασθαι
2896 5259 2994 5310 οὐκ
3025 5256 3316 5324 ἡθέλησεῊ
3350 5258 3558 5310 Οὐκοῦν
3584 5256 3766 5311 ταῦτα
3803 5262 3904 5329 μὲν

2320 5350 2448 5419 ἡμῖν
2486 5347 2860 5400 ἀποδέδεικται
2905 5346 3110 5413 σαφῶς,
3159 5347 3279 5398 τίνα
3327 5345 3423 5412 μέν
3462 5345 3627 5406 κακά,
3670 5348 3801 5401 τίνα
3846 5351 3905 5404 δὲ

2321 5435 2476 5495 καλὰ,
2510 5434 2630 5486 τίνα
2660 5434 2715 5485 δέ
2748 5432 3104 5501 μέσα⁶καίὃτι
3130 5434 3257 5502 περὶ
3285 5433 3390 5483 τῶν
3423 5431 3601 5497 μέσων
3623 5434 3651 5484 6
3677 5440 3904 5508 προφή-

2317 5540 2414 5592 της
2439 5522 2623 5592 φησὶν,
2657 5521 2716 5573 οὑ
2743 5521 2850 5573 τῶν
2879 5521 3046 5583 ὅντως
3069 5521 3268 5584 κακῶν,
3292 5519 3425 5572 ἀλλὰ
3454 5519 3559 5574 τῶν
3588 5519 3902 5578 δοκούντων

2381 5702 2405 5740 d
2435 5701 2489 5748 In
2519 5713 2607 5747 ms.
2641 5699 2796 5761 βούλει
2821 5699 3026 5761 κάθετοι.
3073 5697 3170 5746 Sed
3193 5695 3343 5744 Savil.
3366 5701 3414 5743 in
3457 5709 3608 5758 marg.
3637 5703 3814 5759 posuit
3837 5715 3900 5752 ex

2319 5767 2614 5821 conjectura,
2643 5760 2790 5820 ’quam
2818 5760 3024 5809 Ducaus
3053 5761 3099 5807 In
3131 5763 3268 5821 gexlu
3300 5762 3499 5821 secum
3525 5765 3614 5821 est:

2383 5819 2415 5867 θ’
2430 5819 2812 5884 Παραϐαθεισῶν.
2843 5822 2891 5869 In
2911 5834 2997 5870 ms.
3020 5819 3274 5882 legebatur
3291 5819 3698 5880 παραϐαινόντων.
