4144 6474
283 411 398 467 149

275 520 443 572 rinndi
472 516 675 587 (Eccic.
708 518 762 572 3.
793 511 871 585 ι).
900 515 1080 583 Neque
1110 516 1250 569 enim
1281 528 1489 582 semper
1516 510 1745 581 gaudere
1777 508 1867 559 lio-

274 627 412 666 nnm
439 620 557 675 est,
591 608 687 663 sed
715 607 1001 677 aliquando
1026 608 1186 661 etiam
1221 604 1435 658 noxium
1471 620 1486 661 :
1520 617 1690 668 neque
1720 599 1864 653 enim

278 714 497 756 Semper
524 700 711 755 dolere
734 700 931 753 bonum
958 739 971 759 .
1004 697 1100 751 sed
1129 696 1414 765 aliquando
1439 694 1597 748 etiam
1627 691 1781 744 letale
1807 702 1869 740 ac

269 793 663 860 perniciosum.
686 791 860 857 Atque
884 788 985 841 hoc
1005 789 1176 857 ipsum
1201 799 1385 840 rursus
1409 784 1647 838 indicans
1677 780 1868 833 Paulus

268 878 529 935 dicebat:
569 899 587 932 ι
621 879 750 946 Qum
777 878 1071 932 secundum
1104 878 1267 932 Deum
1298 874 1507 929 tristitia
1534 881 1615 927 est
1642 912 1657 935 ,
1700 869 1868 939 pmni-

270 974 506 1026 tentiam
537 972 588 1024 in
618 971 845 1024 salutem
877 969 1123 1023 stabilem
1153 974 1404 1037 operatur
1434 983 1447 1018 :
1479 963 1657 1017 szeculi
1687 971 1863 1014 autem

272 1064 499 1116 tristitia
532 1070 756 1115 mortem
780 1070 1031 1130 operatur
1056 1079 1074 1112 ι
1111 1058 1131 1128 (
1149 1058 1205 1113 2.
1232 1057 1347 1112 Cor.
1376 1058 1425 1109 7.
1456 1055 1523 1109 l0
1544 1055 1582 1122 ).

352 1156 413 1208 5.
466 1152 625 1206 Vides
667 1152 766 1207 hoc
807 1167 1018 1221 quoque
1066 1149 1298 1204 medium
1350 1157 1508 1216 atque
1556 1144 1866 1199 indifferens

268 1244 448 1295 esse?
477 1243 636 1311 lgitur
662 1251 716 1297 et
754 1242 1079 1297 contrarium
1127 1240 1242 1308 ejus
1284 1250 1368 1293 est
1407 1238 1635 1292 medium
1661 1276 1674 1297 .
1707 1238 1863 1289 nimi-

268 1348 399 1386 rum
434 1333 685 1401 gaudere.
735 1333 857 1385 Ideo
897 1347 1002 1385 non
1034 1330 1345 1400 simpliciter
1382 1329 1615 1397 gaudere
1663 1326 1862 1396 jussit,

269 1424 376 1475 sed
406 1424 457 1475 in
488 1423 708 1475 Domino
732 1422 965 1490 gaudere
989 1420 1221 1492 (Philip.
1256 1422 1309 1474 4.
1340 1420 1373 1473 4
1393 1419 1432 1490 ).
1464 1418 1569 1473 Sed
1600 1419 1728 1470 satis
1753 1416 1862 1483 jam

269 1529 589 1567 sermonem
626 1513 766 1567 hunc
807 1511 874 1566 de
924 1514 1086 1566 rebus
1122 1512 1310 1567 mediis
1355 1510 1786 1571 cnucleavimus,
1820 1506 1863 1559 si

270 1604 497 1673 quidem
518 1613 746 1658 attentos
771 1605 906 1658 nacti
932 1604 1186 1658 fuerimus
1208 1604 1478 1657 auditores
1502 1618 1515 1665 ;
1544 1608 1708 1653 restat
1727 1608 1781 1652 ut
1798 1596 1863 1650 ad

270 1713 342 1751 ea
370 1698 784 1766 progrediamur,
808 1713 927 1764 quin
952 1711 1059 1749 non
1082 1706 1208 1749 sunt
1232 1694 1423 1756 media,
1451 1695 1519 1749 ad
1562 1692 1721 1755 bona,
1748 1704 1864 1758 quae

272 1790 399 1842 fieri
428 1789 563 1842 mala
593 1805 695 1843 non
728 1797 989 1857 possunt,
1018 1795 1073 1841 et
1102 1786 1167 1840 ad
1206 1784 1342 1838 mala
1368 1823 1382 1847 ,
1414 1797 1531 1852 qua:
1575 1794 1865 1849 numquam

272 1880 397 1933 fieri
423 1891 640 1949 possunt
662 1882 815 1933 bona.
840 1878 974 1933 Nam
994 1893 1057 1932 ea
1079 1878 1291 1946 quidem
1309 1890 1427 1945 qua:
1450 1874 1681 1927 diximus
1706 1870 1864 1925 modo

271 1975 406 2033 hoc,
436 1974 594 2024 modo
630 1971 755 2024 illud
803 1970 933 2024 ﬁunt
956 2012 971 2037 ,
1004 1968 1447 2039 quemadmodum
1477 1966 1673 2021 divitiae
1705 1963 1865 2018 modo

269 2063 482 2114 malum
508 2072 651 2124 sunt,
673 2077 793 2115 cum
814 2062 878 2115 ad
901 2062 1072 2114 aliena
1098 2061 1233 2114 bona
1263 2058 1560 2129 usurpanda
1592 2060 1867 2111 insumun-

270 2163 369 2205 tur
403 2171 415 2218 ;
445 2153 602 2206 modo
631 2153 824 2206 bonum
851 2195 866 2218 ,
900 2168 1019 2207 cum
1051 2154 1101 2207 in
1129 2154 1520 2222 eleemosynam
1547 2148 1863 2217 expendun-

270 2256 389 2309 tur,
420 2253 473 2299 et
499 2246 596 2299 alia
626 2245 924 2314 liujusmodi
953 2244 1249 2300 secundum
1276 2245 1412 2297 hanc
1438 2243 1693 2311 regulam.
1727 2239 1863 2292 Sunt

268 2348 462 2391 autem
495 2339 742 2391 nonnulla
764 2381 777 2403 ,
807 2354 925 2404 qua:
964 2353 1250 2407 numquam
1285 2337 1397 2390 fieri
1427 2344 1649 2405 possunt
1679 2333 1814 2387 mala
1848 2350 1861 2384 :

266 2446 403 2499 qum
430 2445 555 2483 vero
582 2438 703 2483 sunt
734 2430 814 2483 his
840 2431 1139 2495 contraria,
1167 2444 1381 2498 semper
1409 2429 1547 2482 mala
1577 2436 1700 2480 sunt
1720 2468 1733 2489 ,
1767 2441 1866 2480 nec

271 2536 533 2589 umquam
559 2522 669 2575 ﬁeri
698 2522 834 2576 bona
860 2530 1112 2590 possunt:
1135 2519 1430 2589 eujusmodi
1455 2528 1579 2572 sunt
1601 2520 1861 2587 impietas,

270 2614 632 2681 blasphemia,
661 2614 895 2674 lascivia,
926 2613 1237 2674 crudelitas,
1273 2611 1654 2674 inhumanitas,
1688 2609 1861 2677 inglu-

271 2707 394 2757 vies
409 2745 423 2763 .
456 2714 507 2757 et
532 2705 630 2758 alia
658 2703 937 2773 ejusmodi.

355 2795 477 2846 Tria
496 2812 675 2864 genera
694 2813 859 2849 rerum
884 2813 902 2850 :
922 2795 1086 2858 bona’,
1113 2796 1279 2861 malw,
1309 2796 1500 2847 medice.
1518 2823 1591 2832 —
1604 2790 1719 2845 Non
1746 2788 1866 2843 dico

272 2886 487 2940 malum
508 2887 771 2941 hominem
795 2903 1087 2955 numquam
1115 2886 1224 2940 fieri
1255 2901 1413 2954 posse
1439 2886 1657 2946 bonum,
1691 2894 1865 2949 neque

270 2980 484 3033 bonum
528 2977 640 3032 ﬁeri
683 2978 877 3032 malum
928 2979 1070 3033 haud
1115 2992 1364 3045 umquam
1409 2990 1602 3044 posse:
1638 2972 1732 3027 sed
1779 2987 1865 3026 res

272 3073 428 3140 ipsas
459 3072 569 3126 fieri
598 3074 728 3125 tales
762 3087 867 3125 non
912 3086 1087 3139 posse.
1119 3068 1403 3123 Enimvero
1433 3067 1513 3121 ha:
1546 3067 1598 3121 in
1626 3080 1722 3120 suo
1750 3080 1864 3118 ma-

276 3174 477 3219 nentes
512 3164 718 3228 ordine,
765 3163 883 3215 alize
924 3163 1075 3216 bona:
1117 3170 1242 3214 sunt
1266 3201 1279 3220 ,
1310 3161 1428 3215 alia:
1472 3159 1625 3211 mala:
1658 3175 1670 3210 :
1704 3156 1864 3209 homo

272 3270 417 3309 vero
440 3295 454 3316 ,
498 3254 707 3323 quando
746 3255 833 3308 illa
864 3253 1079 3321 quidem
1106 3251 1330 3319 elegerit
1355 3290 1367 3310 .
1412 3249 1583 3303 bonus
1609 3289 1622 3313 ,
1654 3245 1865 3315 quando

274 3361 416 3401 vero
441 3347 725 3410 contraria,
753 3347 921 3398 malus
943 3344 1065 3399 erit.
1090 3343 1251 3413 Igitur
1278 3351 1387 3395 tres
1418 3350 1541 3395 sunt
1572 3339 1658 3393 isti
1686 3353 1866 3392 rerum

274 3436 501 3490 ordines
533 3454 546 3488 :
582 3436 715 3489 bona
743 3435 955 3503 quidem
990 3448 1276 3501 numquam
1305 3432 1418 3485 fieri
1452 3437 1676 3498 possunt
1705 3427 1864 3490 mala,

272 3526 582 3595 cujusmodi
608 3536 731 3580 sunt
760 3525 1127 3592 temperantia,
1162 3524 1524 3590 eleemosyna,
1555 3528 1608 3573 et
1635 3517 1864 3571 similia:

276 3618 425 3671 mala
456 3632 579 3669 vero
607 3630 892 3683 numquam
925 3613 1039 3665 fieri
1072 3620 1295 3681 possunt
1325 3611 1460 3664 bona
1484 3651 1497 3671 .
1528 3618 1583 3662 ut
1612 3608 1821 3660 lascivia
1849 3646 1863 3668 ,

277 3707 645 3763 inhumanitas
672 3715 724 3759 et
746 3705 1037 3759 crudelitas
1066 3720 1079 3756 :
1111 3702 1353 3773 quaedam
1380 3712 1555 3756 autem
1583 3700 1866 3768 aliquando

276 3801 393 3853 hoc
416 3838 430 3862 ,
463 3798 743 3864 aliquando
775 3796 900 3850 illud
936 3798 1068 3850 fiunt
1098 3812 1191 3864 pro
1223 3794 1431 3848 ratione
1462 3793 1625 3846 animi
1657 3800 1709 3844 et
1737 3790 1862 3843 alle-

275 3903 405 3947 ctus
430 3906 610 3946 eorutn
640 3932 654 3951 ,
698 3891 785 3959 qui
831 3890 909 3943 eis
938 3866 1199 3969 utuntur,’
1225 3888 1426 3941 DlVlliiD
1468 3898 1864 3952 nonnumquam

278 3986 352 4039 ad
385 3986 550 4037 aliena
583 3984 717 4036 bona
756 3981 1055 4035 invadenda
1101 3982 1426 4043 inserviunt,
1466 3990 1864 4044 nonnumquam

278 4078 353 4130 ad
380 4076 769 4145 eleemosynam
795 4072 1196 4142 impertiendam
1216 4089 1229 4123 :
1247 4086 1431 4125 verum
1457 4070 1506 4124 id
1528 4070 1583 4122 fit
1601 4085 1661 4122 ex
1689 4069 1867 4121 animo

278 4179 341 4223 et
361 4167 546 4221 aﬁ‘ecttt
574 4168 708 4234 ejus,
726 4168 814 4235 qui
844 4165 921 4219 eis
949 4166 1131 4218 utitur.
1156 4164 1444 4231 Paupertas
1469 4174 1863 4228 nonnumquam

280 4260 353 4313 ad
389 4259 763 4327 blasphemiam
785 4299 797 4319 ,
825 4270 1220 4323 nonnumquam
1253 4254 1315 4306 ad
1348 4252 1772 4307 benedictionem
1804 4264 1866 4302 ac

282 4351 675 4420 plliiOSOplllﬂlll
711 4350 948 4403 inservit.
980 4348 1109 4415 Quia
1142 4346 1300 4414 igitur
1327 4344 1720 4412 insipientiores
1762 4356 1863 4394 non

283 4444 440 4513 pauci
472 4443 607 4513 (jam
646 4442 787 4493 enim
816 4440 881 4491 ad
913 4438 1236 4491 solutionem
1264 4434 1578 4488 veniendum
1607 4441 1688 4485 est
1716 4432 1733 4499 )
1759 4447 1863 4484 non

282 4533 459 4587 solum
489 4532 619 4583 mala
643 4572 657 4593 ,
687 4545 804 4595 quae
833 4542 1123 4596 numquam
1166 4525 1303 4578 bona
1339 4525 1450 4576 [ἰειί
1480 4530 1703 4590 possunt
1730 4562 1743 4580 .
1774 4522 1866 4575 sed

282 4626 450 4678 etiam
478 4637 539 4675 ex
568 4622 632 4674 iis
660 4635 776 4689 qua)
804 4619 974 4672 media
1004 4628 1165 4682 sunt,
1197 4616 1447 4669 nonnulla
1479 4624 1667 4666 vocant
1695 4612 1829 4664 mala
1851 4654 1864 4677 ,

283 4724 349 4768 ut
379 4720 737 4780 paupertatem
758 4751 773 4772 ,
805 4709 1166 4776 captivitatem
1193 4749 1208 4771 ,
1241 4708 1587 4769 servitutem,
1618 4719 1734 4772 qua:
1763 4719 1866 4757 non

285 4809 431 4862 inter
458 4804 589 4857 mala
610 4846 623 4867 ,
652 4803 743 4855 sed
772 4803 908 4855 inter
938 4800 1125 4861 media,
1140 4814 1260 4854 esse
1293 4798 1612 4851 numeranda
1643 4797 1867 4849 demon-

282 4895 572 4953 stravimus
602 4914 614 4948 :
647 4893 794 4946 inulti
828 4906 955 4946 vero
976 4933 989 4954 ,
1025 4902 1080 4944 ut
1110 4900 1231 4943 ante
1259 4889 1364 4941 dixi
1395 4929 1410 4950 ,
1457 4887 1571 4941 bzrc
1601 4889 1870 4956 appellant

286 4989 427 5042 mala
455 5002 573 5055 quae
600 4985 734 5037 mala
764 4999 867 5037 non
900 4990 1024 5035 sunt
1054 5003 1066 5035 :
1096 4982 1160 5034 de
1189 4982 1302 5033 istis
1330 4980 1563 5048 loquitur
1587 4979 1865 5047 propheta,

284 5094 409 5148 qua:
446 5078 734 5133 secundum
765 5076 900 5144 vulgi
928 5074 1375 5128 existimationem
1419 5073 1555 5125 mala
1589 5080 1866 5135 vocantur,

286 5185 397 5223 non
431 5183 611 5222 revera
642 5178 765 5219 sunt
796 5168 931 5219 mala
965 5183 977 5219 :
1013 5166 1081 5218 de
1106 5164 1411 5232 captivitate
1437 5204 1451 5225 ,
1482 5162 1548 5215 de
1578 5163 1830 5215 servitute
1853 5203 1867 5227 ,

280 5262 360 5317 de
385 5259 522 5314 fame
549 5269 603 5313 et
625 5260 739 5313 aliis
770 5257 1052 5327 ejusmodi.
1088 5256 1237 5323 Quod
1268 5257 1407 5309 enim
1436 5254 1551 5308 lucc
1581 5271 1684 5307 non
1714 5254 1871 5308 modo

286 5352 433 5406 mala
472 5367 573 5405 non
602 5352 707 5404 sint
734 5392 748 5413 ,
794 5351 886 5402 sed
928 5350 1089 5401 etiam
1130 5349 1195 5400 ad
1238 5347 1373 5399 mala
1417 5344 1729 5413 depellenda
1768 5345 1874 5398 sint

287 5444 453 5507 usui,
500 5443 723 5511 primum
764 5442 814 5495 in
856 5441 1087 5493 medium
1130 5440 1330 5507 prolata
1377 5436 1512 5489 fatue
1539 5436 1827 5488 doceamus
1853 5475 1868 5499 ,

287 5551 411 5607 qum
460 5532 729 5589 tremenda
780 5534 1027 5586 omnibus
1081 5545 1143 5583 ac
1185 5527 1438 5582 terribilis
1482 5524 1689 5578 videtur
1729 5538 1869 5577 esse.

290 5629 445 5681 Disce
474 5627 646 5694 igitur,
675 5639 779 5694 quo
807 5634 961 5691 pacto
989 5622 1124 5674 tnala
1152 5637 1255 5674 non
1298 5621 1366 5673 sit
1393 5659 1407 5681 ,
1449 5625 1503 5671 et
1544 5615 1611 5669 ad
1644 5615 1875 5682 philoso—

288 5716 560 5789 phandum
610 5716 893 5769 instruere.
948 5710 1081 5767 Cum
1135 5710 1357 5780 populus
1410 5708 1755 5761 Hebraeorum
1810 5704 1874 5759 ad

283 5825 547 5868 summam
570 5808 960 5879 improbitatem
983 5804 1304 5871 devenissct,
1332 5813 1441 5857 tum
1464 5814 1683 5870 magnus
1708 5798 1871 5865 Elias,

915 402 980 457 ΙΝ
1020 401 1219 457 ILLUD
1259 399 1483 459 ISALE.
1526 400 1662 455 EGU
1704 395 1999 453 llOlllNUS
2042 397 2216 452 DEUS
2254 394 2405 451 FECI
2444 393 2699 461 LUMEN,
2742 394 2895 450 ETC.

3430 404 3544 460 150

1973 513 2027 557 et
2046 506 2174 558 czelo
2197 504 2408 574 dignus,
2434 521 2554 560 cum
2579 505 2739 560 vellet
2765 503 3023 558 socordia:
3046 503 3287 559 morbum
3310 506 3544 572 auferre,

1972 612 2197 666 eumque
2223 598 2487 665 corrigere
2506 640 2519 663 ,
2545 597 2738 665 adjecit
2764 596 2947 650 dicens
2973 614 2985 649 :
3022 594 3147 649 Vivit
3179 598 3440 665 Dominus,
3464 602 3550 655 cui

1972 692 2140 743 adstiti
2166 708 2335 744 caram
2361 708 2417 745 eo
2439 732 2453 756 ,
2490 696 2532 742 si
2572 692 2663 744 erit
2693 691 2861 758 pluuia
2884 730 2900 756 ,
2941 689 3035 743 nisi
3063 705 3153 758 per
3181 707 3234 744 os
3268 707 3429 744 meum
3451 691 3544 764 (5.

1972 782 2097 851 Reg.
2133 782 2214 834 l7.
2250 784 2266 834 l
2298 782 2315 851 )
2350 799 2363 835 :
2395 793 2447 833 et
2487 780 2573 847 qui
2606 780 2836 833 meloten
2879 780 3042 833 solam
3080 780 3408 849 possidebat,
3439 797 3545 836 cte-

1973 871 2080 925 lum
2116 873 2342 935 clausit,
2384 880 2526 924 tanta
2566 870 2706 939 apud
2752 872 2915 924 Deum
2956 870 3123 939 gratia
3170 870 3354 925 valuit.
3383 871 3548 927 Vides

1973 972 2331 1030 paupertatem
2360 963 2554 1015 malum
2584 976 2686 1013 non
2714 962 2874 1015 esse?
2905 960 3015 1014 Non
3043 963 3184 1014 enim
3212 970 3353 1014 tanta
3377 962 3544 1030 gratia

1970 1053 2223 1106 valuisset
2251 1053 2551 1107 mortalium
2584 1060 2894 1105 cunctorum
2928 1052 3313 1121 pauperrimus,
3344 1059 3401 1104 ttt
3423 1066 3544 1106 cum

1972 1146 2022 1199 in
2054 1145 2209 1199 terris
2238 1154 2559 1207 versaretur,
2595 1150 2795 1196 tantam
2829 1144 3075 1196 virtutem
3106 1159 3210 1194 uno
3238 1142 3353 1197 solo
3380 1142 3547 1196 verbo

1972 1252 2079 1305 pne
2106 1253 2163 1290 se
2187 1236 2366 1291 ferret.
2388 1236 2499 1291 Hoc
2517 1250 2644 1305 ergo
2663 1235 2807 1289 dicto
2826 1234 3019 1288 famem
3042 1234 3260 1287 immisit
3280 1245 3543 1302 tamquam

1970 1329 2228 1396 Optimum
2273 1326 2614 1397 ptedagogum
2641 1368 2655 1391 ,
2688 1336 2742 1379 et
2776 1325 3037 1377 malorum
3082 1339 3199 1391 quin
3242 1323 3547 1378 acciderant

1970 1419 2365 1472 emendatorem
2399 1436 2411 1469 :
2445 1427 2605 1486 atque
2632 1425 2690 1469 ut
2720 1418 2777 1469 lit
2812 1430 2932 1469 cum
2974 1413 3263 1468 vehemens
3301 1413 3543 1482 quaedam

1971 1509 2131 1562 febris
2158 1524 2348 1576 corpus
2380 1510 2589 1571 invasit,
2625 1522 2774 1561 venae
2805 1508 2933 1575 ipsa:
2965 1516 3118 1559 terra:
3142 1505 3543 1571 exarescebant,

1972 1607 2232 1652 torrentes
2261 1598 2600 1661 deﬁciebant,
2630 1608 2682 1651 et
2712 1597 2910 1659 herbae,
2938 1605 2993 1649 et
3018 1604 3173 1649 terrae
3203 1595 3404 1648 viscera
3432 1603 3543 1648 ste-

1971 1688 2085 1742 rilia
2119 1688 2325 1757 penitus
2354 1688 2604 1755 deinceps
2630 1696 2803 1741 erant.
2837 1685 3021 1752 Neque
3052 1699 3178 1736 vero
3209 1683 3548 1738 mediocriter

1970 1778 2020 1833 id
2054 1780 2245 1847 populo
2284 1779 2380 1833 fuit
2422 1778 2547 1831 utile
2573 1818 2587 1842 ,
2624 1792 2746 1830 cum
2776 1788 3052 1844 repressus
3093 1774 3318 1842 impetus
3347 1772 3503 1827 fuerit
3527 1810 3542 1834 ,

1969 1886 2074 1941 quo
2099 1872 2164 1925 ad
2191 1872 2519 1941 iniquitatem
2543 1868 2832 1934 ferebatur,
2855 1876 2909 1922 et
2928 1868 3211 1936 castigatus
3233 1865 3545 1923 modestior-,-

1967 1977 2072 2033 que
2103 1963 2170 2017 sit
2202 1963 2385 2024 factus,
2418 1968 2471 2015 et
2499 1960 2564 2014 ad
2591 1957 3063 2027 obtemperandutn
3094 1956 3360 2025 propheta:
3391 1970 3539 2009 man-

1968 2057 2187 2110 suetior.
2236 2054 2367 2108 Nam
2409 2053 2499 2122 qui
2543 2052 2608 2107 ad
2656 2050 2793 2104 idola
2832 2049 3154 2109 currebant,
3184 2056 3238 2101 et
3265 2044 3542 2099 daemoniis

1969 2146 2106 2200 ﬁlios
2135 2160 2260 2199 suos
2282 2144 2602 2205 mactabant,
2630 2140 2683 2194 hi
2707 2148 2783 2195 tot
2803 2139 2993 2193 occisis
3010 2135 3373 2191 sacerdotibus
3396 2134 3542 2197 Baal,

1970 2253 2074 2291 non
2106 2235 2357 2304 indignati
2389 2243 2531 2298 sunt,
2559 2248 2664 2286 non
2694 2230 3058 2294 indoluerunt,
3089 2226 3183 2280 sed
3206 2225 3360 2279 famis
3384 2239 3548 2293 opera

1968 2329 2159 2385 redditi
2191 2328 2439 2381 meliores
2461 2366 2476 2391 ,
2517 2333 2753 2378 tacentes
2786 2336 2848 2374 ac
2871 2327 3015 2374 metu
3045 2316 3275 2386 correpti
3310 2330 3422 2371 rem
3450 2330 3546 2385 pa-

1973 2422 2163 2474 tienter
2194 2418 2448 2471 tulerunt.

2041 2512 2092 2565 6.
2141 2510 2298 2563 Vides
2348 2524 2452 2561 non
2500 2505 2656 2559 modo
2684 2505 2878 2559 malum
2923 2519 3025 2557 non
3055 2516 3174 2557 esse
3208 2500 3421 2566 famem,
3443 2500 3538 2555 sed

1968 2602 2032 2657 ad
2064 2602 2199 2654 mala
2227 2601 2383 2652 etiam
2417 2596 2645 2651 tollenda
2670 2595 3005 2665 prodesse,et
3028 2593 3090 2646 ad
3113 2591 3372 2645 sanandas
3389 2591 3547 2661 a‘gri.

1972 2693 2179 2747 tttdines
2210 2689 2429 2744 remedii
2458 2688 2634 2741 locum
2652 2684 2928 2739 obtinere?
2952 2683 3101 2750 Quod
3123 2683 3166 2736 si
3188 2680 3544 2750 captivitatem

1969 2785 2136 2851 ipsam
2167 2780 2324 2835 etiam
2358 2778 2536 2831 videre
2557 2777 2687 2830 velis
2710 2775 2903 2827 malum
2934 2789 3037 2825 non
3068 2786 3205 2835 esse,
3232 2770 3401 2839 cogita
3417 2784 3549 2839 qua-

1970 2874 2046 2927 les
2067 2884 2188 2926 ante
2208 2872 2564 2939 captivitatem
2586 2876 2767 2921 essent
2786 2866 2973 2927 Judaei,
3002 2874 3056 2917 et
3083 2863 3263 2931 quales
3294 2862 3344 2915 in
3374 2861 3546 2932 capti-

1970 2964 2151 3022 vitate.
2180 2972 2234 3013 ut
2262 2959 2524 3027 intelligas
2556 2971 2727 3024 neque
2747 2955 3039 3007 libertatem
3061 2952 3304 3005 absolute
3325 2949 3544 3016 bonum,

1971 3068 2142 3121 neque
2172 3050 2526 3119 captivitatem
2553 3046 2746 3099 malum
2776 3058 2913 3097 esse.
2934 3040 3156 3109 Quando
3172 3040 3312 3095 enim
3335 3040 3548 3095 liberta-

1974 3156 2023 3199 te
2051 3144 2361 3198 fruebantur
2381 3182 2395 3203 ,
2418 3149 2471 3193 et
2501 3140 2551 3192 in
2583 3138 2748 3207 patria
2775 3152 2868 3190 sua
2894 3134 3179 3204 degebant,
3204 3133 3273 3186 ita
3306 3148 3366 3186 se
3389 3146 3544 3201 gere-

1971 3237 2115 3299 bant,
2147 3244 2202 3287 ut
2228 3230 2448 3300 singulis
2475 3229 2660 3283 diebus
2699 3228 2955 3281 adversus
2985 3226 3101 3279 illos
3128 3222 3547 3278 vociferarentur

1971 3326 2273 3395 propheta),
2324 3324 2447 3376 dum
2494 3322 2641 3389 leges
2683 3319 3141 3381 conculcarentur,
3195 3314 3547 3369 adorarentur

1971 3420 2130 3480 idola,
2163 3425 2216 3471 et
2246 3417 2332 3469 Dei
2372 3414 2620 3467 mandata
2645 3412 2969 3464 violarentur
2996 3426 3009 3463 :
3044 3418 3319 3477 postquam
3367 3416 3545 3461 autem

1971 3512 2023 3563 in
2044 3510 2267 3563 alienam
2297 3506 2460 3562 delati
2491 3515 2613 3558 sunt
2644 3514 2837 3557 terram
2864 3544 2878 3567 ,
2909 3511 2963 3555 et
3000 3501 3051 3555 in
3080 3501 3425 3556 barbarorum
3460 3514 3547 3554 re-

1970 3602 2128 3669 gione
2159 3598 2389 3661 versati,
2422 3597 2498 3651 sic
2526 3596 2764 3665 depressi
2793 3604 2952 3657 sunt,
2976 3607 3037 3646 ac
3073 3593 3320 3646 meliores
3355 3605 3545 3645 evase—

1971 3701 2112 3754 runt,
2144 3691 2419 3758 legemque
2445 3694 2758 3749 servarunt,
2789 3694 2847 3738 ut
2885 3700 2949 3739 ex
2994 3684 3107 3752 ipso
3135 3682 3343 3749 psalmo
3368 3682 3545 3753 colligi

1973 3791 2165 3851 potest,
2196 3796 2351 3849 quem
2396 3794 2573 3848 Opera:
2604 3778 2828 3846 pretium
2859 3784 2939 3828 est
2966 3774 3221 3827 hodierno
3240 3773 3325 3827 die
3354 3774 3404 3827 in
3427 3788 3543 3827 me-

1970 3877 2115 3929 dium
2138 3875 2347 3936 ail‘erre,
2377 3882 2435 3925 ut
2459 3887 2524 3925 ex
2552 3885 2615 3923 eo
2631 3867 2947 3937 captivitatis
2973 3864 3199 3919 fructum
3222 3866 3541 3931 agnoscatis.

1971 3968 2098 4036 Quis
2139 3967 2221 4019 ille
2252 3977 2407 4033 porro
2440 3961 2676 4025 psalmus
2702 3958 2817 4013 est?
2839 3956 3006 4024 Super
3033 3956 3243 4026 ﬂumina
3272 3953 3543 4023 Babylonia

1971 4060 2074 4111 illic
2097 4058 2334 4119 sedimus,
2364 4064 2407 4106 et
2446 4051 2693 4122 ﬂeuimus,
2726 4048 2845 4100 dum
2887 4047 3260 4099 recordaremur
3286 4044 3433 4097 Sion.
3476 4042 3545 4096 In

1971 4149 2202 4202 salicibus
2230 4148 2279 4197 in
2306 4143 2468 4196 medio
2490 4144 2597 4210 ejus
2616 4137 2961 4207 suspendimns
2979 4151 3165 4203 organa
3187 4142 3373 4185 nostra.
3401 4131 3545 4197 Quo-

1973 4242 2105 4293 niam
2151 4239 2252 4289 illic
2280 4237 2708 4302 interrogaverunt
2756 4245 2865 4288 nos,
2898 4226 2981 4295 qui
3030 4226 3250 4291 captivos
3296 4224 3544 4276 duxerunt

1973 4349 2081 4391 nos,
2112 4330 2255 4381 verba
2271 4326 2580 4382 cantionum,
2613 4322 2831 4373 dicentes
2860 4317 3101 4370 :Cantate
3129 4315 3265 4367 nobis
3292 4316 3353 4367 de
3378 4315 3540 4367 canti-

1971 4424 2040 4475 cis
2073 4421 2218 4474 Sion.
2246 4415 2507 4481 Quomodo
2532 4412 2839 4466 cantabimus
2862 4410 3108 4461 canticum
3125 4406 3390 4459 Duminiin
3411 4414 3544 4459 terra

1973 4511 2137 4565 aliena
2185 4506 2351 4579 (Psal.
2382 4506 2502 4559 156.
2535 4505 2557 4557 1
2586 4502 2707 4571 -4).
2757 4499 2917 4552 Vides
2944 4507 3000 4552 ut
3044 4498 3185 4564 ipsos
3223 4497 3546 4565 depresserit

1973 4602 2266 4671 captivitas.
2297 4597 2425 4649 Nam
2448 4603 2570 4647 ante
2604 4594 2742 4645 illam
2784 4588 2993 4657 quidem
3026 4586 3307 4654 prophetas
3334 4600 3437 4638 non
3472 4585 3545 4638 fe-

1974 4698 2191 4758 rebant,
2221 4709 2247 4744 a
2284 4690 2470 4759 quibus
2498 4684 2935 4743 admonebantur,
2970 4689 3025 4732 ut
3064 4693 3129 4731 ne
3162 4679 3328 4743 legem
3372 4685 3545 4728 trans-

1973 4786 2317 4857 grederentur
2364 4798 2375 4832 :
2423 4786 2543 4847 post
2603 4776 2742 4827 illaut
2801 4781 2973 4824 autem
3023 4770 3179 4821 etiam
3230 4765 3545 4819 instantibus

1974 4877 2232 4937 barbaris,
2267 4882 2318 4925 et
2343 4868 2572 4923 dotninis
2603 4863 2910 4933 cogentibus
2936 4870 3091 4927 atque
3123 4857 3460 4927 urgentibus,
3490 4866 3547 4910 ttt

1974 4986 2089 5022 eam
2141 4962 2658 5032 transgrederentur,
2708 4954 2922 5006 minime
2974 4948 3254 5018 parebant,
3284 4946 3374 5000 sed
3403 4945 3546 4999 dice-

1974 5064 2100 5117 bant
2128 5079 2140 5112 :
2174 5058 2286 5112 Non
2308 5052 2634 5108 cantabimus
2663 5046 2921 5101 canticum
2950 5040 3150 5095 Domini
3184 5039 3232 5090 in
3257 5046 3391 5091 terra
3418 5036 3547 5088 alie-

1976 5170 2062 5219 na,
2090 5150 2335 5221 quoniam
2367 5146 2415 5197 id
2447 5146 2527 5196 lex
2562 5157 2663 5193 non
2700 5134 3055 5206 permittebat.
3112 5129 3241 5182 Vide
3278 5137 3452 5180 autem
3495 5134 3548 5179 et

1978 5257 2083 5300 tres
2107 5218 2332 5313 pueros,
2362 5238 2448 5306 qui
2483 5250 2585 5288 non
2632 5231 2801 5284 solum
2847 5245 2873 5279 a
2924 5224 3222 5292 captivitate
3278 5218 3387 5271 lzesi
3442 5234 3545 5269 non

1976 5347 2132 5401 sunt,
2160 5333 2253 5388 sed
2281 5334 2435 5385 etiam
2454 5328 2566 5394 ejus
2588 5338 2745 5392 opera
2777 5320 3090 5373 illustriores
3118 5320 3429 5374 evaserunt;
3458 5323 3546 5361 eo-

1978 5398 2202 5496 demque
2223 5424 2376 5477 modo
2406 5419 2697 5473 Danielem.
2724 5411 2857 5479 Quid
2885 5423 3009 5463 vero
3029 5404 3221 5474 Ioseph
3238 5404 3261 5456 ?
3281 5400 3403 5471 quid
3426 5398 3549 5496 mali

1976 5536 2163 5591 passus
2191 5526 2290 5581 est,
2319 5528 2436 5566 cum
2472 5519 2524 5564 et
2551 5505 2889 5576 peregrinus,
2914 5511 2966 5555 et
2994 5511 3177 5553 servus
3202 5538 3215 5561 ,
3236 5505 3289 5549 et
3312 5490 3557 5559 captivus

1980 5590 2057 5666 est
2087 5608 2283 5664 factus?
2309 5618 2482 5660 nonne
2506 5599 2609 5654 hoc
2636 5612 2793 5651 unum
2828 5594 2901 5647 illi
2925 5590 3257 5661 splendorem
3279 5598 3546 5651 compara-

1979 5701 2092 5755 vit?
2123 5698 2256 5766 Quid
2290 5708 2415 5750 vero
2454 5689 2646 5745 mulier
2682 5686 2768 5739 illa
2796 5682 3016 5737 barbara
3037 5720 3053 5744 ,
3082 5694 3195 5747 qu:e
3244 5677 3293 5728 in
3343 5672 3548 5741 apibus,

1988 5792 2257 5865 superbia,
2289 5798 2342 5844 et
2370 5786 2613 5841 libertate
2643 5777 2885 5850 degebat,
2916 5773 3034 5828 inde
3064 5772 3256 5825 lucrata
3276 5766 3393 5822 est?
3426 5781 3557 5818 novi-
