4144 6476
684 411 791 468 151

673 524 739 564 ne
768 505 1004 562 omnium
1027 505 1122 561 fuit
1152 505 1470 569 miserrima,
1495 513 1775 575 postquam
1798 501 1932 565 istis,
1967 507 2024 554 ut
2043 508 2255 569 oporte-

675 600 788 666 bat,
815 597 889 653 uti
915 597 1123 654 noluit?
1151 597 1276 653 llaec
1301 596 1459 667 igitur
1482 593 1762 652 evidenter
1778 608 1808 648 a
1836 593 1990 648 nobis
2016 599 2139 645 sunt
2159 588 2253 645 de-

671 696 986 754 monstrata,
1003 703 1247 759 quaenam
1265 687 1372 742 sint
1391 686 1549 752 mala,
1571 699 1814 756 quamam
1831 684 1989 748 bona,
2011 694 2255 752 quaenam

672 779 867 848 media,
891 789 947 836 et
978 780 1045 837 de
1068 779 1260 834 mediis
1280 777 1423 848 loqui
1450 778 1920 848 prophetam,qu:e
1944 774 2116 844 reipsa
2144 786 2259 825 ma-

669 869 718 926 la
747 885 851 924 non
877 879 1021 936 sunt,
1053 868 1148 925 sed
1174 869 1330 940 vulgo
1360 868 1498 923 mala
1524 866 1795 932 videntur,
1833 862 1901 918 de
1928 861 2254 933 captivitate,

667 965 958 1025 servitute,
1007 958 1350 1014 abductione.
1398 959 1568 1027 Quam
1609 971 1740 1012 vero
1778 955 1848 1010 ob
1883 968 2100 1009 causam
2139 951 2255 1007 haec

672 1051 814 1107 dicta
841 1051 967 1115 sint,
1000 1065 1178 1120 Opem
1211 1049 1438 1120 pretium
1469 1047 1628 1104 fuerit
1655 1060 1797 1101 nunc
1823 1043 2039 1100 docere.

749 1139 1020 1213 Propheta
1067 1157 1158 1195 cur
1203 1141 1363 1196 missi.
1400 1170 1473 1181 —
1510 1139 1777 1206 Benignus
1804 1151 1926 1191 cum
1973 1135 2041 1189 sit
2090 1134 2251 1200 Deus,

669 1242 724 1287 et
749 1232 814 1287 ad
844 1232 1203 1288 miserandum
1235 1242 1532 1303 promptus,
1561 1231 1627 1284 ad
1672 1226 2033 1298 castigandum
2064 1242 2127 1281 ac
2154 1241 2253 1295 pu-

671 1326 920 1380 niendum
949 1335 1228 1380 cunctator
1271 1333 1326 1380 et
1364 1324 1582 1389 tardus,
1630 1338 1696 1376 ne
1725 1321 1938 1376 Iudaeos
1982 1319 2255 1389 suppliciis

669 1418 949 1476 mulctarct
974 1461 989 1484 ,
1021 1418 1306 1488 prophetas
1347 1418 1508 1480 misit,
1553 1427 1609 1471 ut
1648 1416 1824 1471 verbis
1861 1429 1953 1470 eos
2007 1422 2252 1479 terreret,

667 1527 840 1582 neque
879 1511 1042 1568 rebus
1090 1512 1218 1582 ipsis
1255 1509 1515 1581 puniret:
1560 1508 1703 1580 quod
1729 1517 1784 1563 et
1829 1523 1952 1578 erga
1996 1506 2255 1561 Ninivitas

669 1607 930 1675 priestitit.
963 1605 1095 1661 Nam
1125 1614 1178 1661 et
1203 1605 1309 1659 illic
1339 1604 1465 1658 olim
1495 1603 1679 1658 urbem
1717 1618 1776 1658 se
1803 1615 2117 1656 eversurum
2153 1598 2255 1653 mi-

668 1709 821 1753 natus
847 1705 965 1763 est,
995 1713 1102 1751 non
1135 1707 1192 1750 ut
1219 1703 1516 1760 everteret,
1547 1694 1643 1749 sed
1693 1702 1750 1747 ut
1805 1707 1909 1747 non
1963 1699 2251 1759 everteret,

667 1787 809 1855 quod
837 1789 1016 1856 utique
1044 1787 1285 1857 contigit.
1341 1786 1450 1840 Hoc
1499 1785 1747 1840 nimirum
1784 1793 1837 1838 et
1881 1792 2004 1838 tunc
2043 1782 2251 1852 agebat,

668 1878 954 1947 prophetas
982 1878 1245 1945 mittebat,
1263 1893 1323 1933 ac
1339 1879 1683 1933 barbarorum
1716 1877 2068 1941 incursiones,
2092 1874 2252 1940 bella,

666 1970 1000 2036 captivitates
1021 2011 1038 2038 ,
1068 1969 1440 2024 abductionem
1463 2007 1477 2032 ,
1512 1977 1566 2022 et
1591 1970 1643 2022 in
1667 1969 1838 2023 aliena
1865 1967 2084 2038 regione
2103 1978 2253 2020 com-

668 2067 1016 2115 morationem
1058 2059 1378 2115 minabatur.
1422 2059 1490 2113 Et
1513 2058 1960 2130 quemadmodum
1992 2067 2141 2128 pater
2169 2057 2254 2111 in-

668 2152 910 2223 dulgens,
939 2153 1023 2208 cui
1049 2153 1187 2207 filius
1212 2162 1295 2208 est
1319 2152 1632 2207 libidinosus
1662 2167 1725 2207 ac
1747 2151 2039 2222 negligens,
2067 2151 2133 2205 ad
2161 2165 2253 2205 sa-

669 2257 788 2296 nam
815 2253 1047 2298 mentem
1072 2244 1258 2298 volens
1283 2259 1406 2299 cum
1443 2244 1730 2309 reducere,
1776 2242 1978 2314 ﬂagella
2009 2243 2249 2312 requirit,

669 2330 820 2387 funes
851 2333 1078 2388 minatur
1106 2334 1289 2389 dicens
1322 2353 1334 2386 :
1370 2334 1639 2400 Vinciam,
1672 2334 1895 2404 flagellis
1921 2334 2143 2400 caedam,
2172 2334 2254 2386 in-

670 2424 946 2488 terfieiam,
981 2425 1143 2495 ﬁtque
1169 2427 1348 2482 verbis
1377 2427 1713 2492 terribilis,ut
1740 2427 1840 2480 hac
1875 2426 2077 2480 ratione
2100 2426 2253 2492 juvt.L

668 2515 752 2570 nis
779 2516 1166 2586 improbitatem
1195 2525 1500 2586 compescat
1531 2535 1544 2569 :
1573 2519 1642 2569 ita
1676 2517 1924 2569 nimirum
1953 2515 2093 2569 Deus
2125 2529 2254 2570 con-

675 2607 818 2662 tinue
847 2606 1176 2673 minabatur,
1203 2623 1323 2662 cum
1352 2622 1446 2663 eos
1475 2607 1669 2676 injecto
1715 2614 1858 2661 metu
1885 2605 2109 2661 reddere
2141 2620 2255 2659 me-

670 2699 831 2755 liores
858 2699 1034 2755 vellet.
1066 2699 1190 2754 llzec
1213 2714 1444 2756 cernens
1469 2700 1730 2763 diabolus,
1750 2699 2034 2768 volensque
2063 2713 2252 2752 emen-

665 2792 938 2847 dationem
964 2834 979 2858 ,
1005 2807 1123 2860 qum
1151 2792 1577 2861 consequebatur
1596 2789 1692 2845 bas
1717 2790 1888 2844 minas
1914 2831 1930 2856 ,
1959 2787 2249 2858 impedire,

670 2884 1154 2954 psettdoproplictas
1183 2884 1420 2950 immisit,
1467 2893 1521 2938 et
1545 2882 1816 2953 prophetis
1853 2881 2206 2950 captivitatem
2233 2921 2248 2945 ,

667 2976 1000 3042 servitutem,
1025 2975 1323 3045 famemque
1351 2975 1696 3040 minantibus,
1731 2974 1804 3027 illi
1840 2973 2124 3039 contraria,
2155 2987 2252 3041 pa-

666 3081 815 3133 cem,
844 3075 1000 3120 terrm
1030 3066 1353 3120 fertilitatem
1377 3107 1392 3131 ,
1427 3066 1824 3121 innumerorum
1864 3065 2123 3120 bonorum
2157 3081 2252 3120 co-

669 3157 807 3225 piam
862 3155 1235 3224 praedicebant.
1299 3155 1503 3210 Idcirco
1550 3159 1936 3224 exprobrantes
1979 3156 2082 3209 illis
2131 3170 2254 3224 pro-

672 3248 844 3317 phetae
867 3247 1153 3302 dicebant:
1176 3247 1314 3315 Pax,
1348 3259 1544 3317 punget
1569 3249 1653 3302 ubi
1678 3258 1749 3303 est
1767 3265 1872 3320 pax
1897 3246 2028 3317 (Jer.
2052 3248 2105 3304 6.
2140 3247 2254 3317 l4)?

668 3339 734 3394 Et
754 3341 929 3395 sciunt
949 3355 1153 3406 omnes,
1186 3341 1274 3409 qui
1303 3355 1573 3396 sacrarum
1599 3341 1872 3397 literarum
1896 3350 2018 3396 sunt
2047 3339 2254 3395 studio-

667 3429 734 3498 si,
760 3439 950 3486 cuncta
975 3432 1237 3497 evenisse,
1256 3447 1374 3502 quae
1401 3431 1672 3500 prophetze
1689 3432 2047 3502 praedixerant
2065 3431 2255 3486 adver-

668 3536 759 3576 sus
783 3521 1293 3593 pseudoprophetas,
1322 3523 1412 3594 qui
1443 3524 1620 3594 populi
1645 3524 1876 3579 Studium
1907 3525 2255 3579 debilitabant

667 3629 730 3668 ac
758 3612 1086 3685 frangebant.
1117 3614 1552 3686 Quoniamigitur
1573 3617 1824 3686 pepulum
1846 3618 1913 3671 ita
1937 3617 2250 3671 dissolutum

667 3708 1098 3775 corrumpebant,
1158 3721 1251 3777 per
1297 3707 1585 3777 prephetas
1628 3709 1701 3762 ait
1742 3709 1880 3763 Deus
1919 3725 1930 3760 :
1963 3706 2074 3779 Ego
2118 3707 2254 3763 Deus

673 3796 860 3865 faciens
882 3813 1076 3866 pacem,
1106 3809 1348 3853 etcreans
1375 3798 1510 3852 mala
1532 3798 1686 3870 (Isai.
1715 3801 1801 3856 45.
1821 3800 1896 3871 7).
1921 3799 1983 3854 Et
2011 3815 2253 3871 quaenam

676 3885 1004 3942 malaleec
1055 3903 1172 3957 quae
1206 3903 1622 3946 commemorata
1678 3902 1822 3960 sunt,
1872 3894 2251 3962 captivitatem,

672 3976 974 4031 servitutem
1001 3986 1052 4032 et
1078 3978 1179 4032 alia
1207 3979 1465 4048 ejusmodi
1491 3998 1505 4035 :
1534 3997 1636 4036 non
1667 3981 2071 4038 fornicationem
2102 3994 2156 4039 et
2181 3986 2256 4038 la-

670 4068 907 4132 sciviam,
931 4078 985 4123 ct
1011 4071 1307 4136 avaritiam,
1337 4087 1507 4143 neque
1533 4071 1676 4126 aliud
1705 4073 1989 4144 quidquam
2018 4074 2253 4142 ejusmo-

670 4157 743 4212 di.
785 4158 984 4216 idcirco
1014 4163 1171 4217 etiam
1199 4165 1413 4234 quando
1457 4165 1596 4220 alius
1619 4166 1875 4235 propheta
1907 4167 2070 4231 dixit,
2103 4167 2164 4223 Si
2186 4178 2257 4223 est

671 4249 864 4304 malitia
891 4253 943 4306 in
968 4254 1162 4308 civitate
1185 4295 1199 4317 ,
1231 4273 1381 4322 quam
1415 4272 1514 4308 non
1543 4258 1660 4326 fecit
1687 4255 1934 4310 Dominus
1965 4257 1982 4326 (
2014 4257 2166 4311 Amos
2198 4260 2252 4314 5.

672 4341 752 4413 6),
777 4341 912 4397 hanc
949 4343 1081 4397 dixit
1108 4345 1382 4408 malitiam,
1408 4345 1596 4400 famem
1618 4388 1633 4411 ,
1663 4347 1939 4413 morbum,
1973 4346 2197 4402 inflictas
2226 4364 2254 4403 a

675 4436 783 4490 Deo
805 4438 981 4507 plagas
1004 4455 1018 4490 :
1047 4439 1124 4492 sic
1152 4448 1204 4493 et
1233 4438 1475 4492 Christus
1501 4457 1621 4494 cum
1648 4441 1793 4506 dicit,
1823 4441 2017 4510 Suﬁicit
2033 4441 2133 4494 diei
2149 4458 2258 4494 ma-

673 4531 781 4584 litia
800 4548 891 4585 sua
917 4531 1126 4603 (Matth.
1158 4533 1210 4586 6.
1235 4532 1344 4600 34),
1375 4533 1598 4586 sudores
1625 4533 1785 4598 dicit,
1809 4533 2044 4588 laborem
2070 4576 2084 4600 ,
2117 4533 2256 4588 affli—

673 4623 925 4677 ctionem.

745 4715 796 4769 7.
847 4715 958 4771 Hoc
982 4716 1142 4786 igitur
1169 4716 1296 4771 dicit
1322 4716 1576 4785 propheta
1602 4734 1614 4770 :
1639 4715 1714 4771 Ne
1747 4716 1946 4771 debiles
1975 4731 2036 4771 ac
2066 4717 2251 4771 remis-

677 4823 764 4863 sos
803 4824 898 4863 vos
942 4809 1168 4864 reddant
1211 4809 1722 4880 pseudoprophette;
1773 4809 1909 4863 Deus
1934 4809 2075 4863 enim
2107 4809 2256 4862 vobis

679 4915 860 4966 pacem
899 4901 1074 4968 largiri
1108 4911 1316 4970 potest,
1355 4911 1408 4954 et
1437 4902 1725 4969 captivitati
1755 4916 1848 4954 vos
1881 4901 2090 4954 tradere
2118 4916 2130 4952 :
2162 4900 2262 4954 hoc

677 5000 778 5056 est,
813 4989 1029 5044 Facient
1057 5009 1262 5060 pacem,
1292 5004 1337 5046 et
1372 5010 1545 5046 creans
1574 4995 1726 5046 mala.
1758 4995 1929 5062 Atque
1959 5000 2012 5044 ut
2041 4991 2138 5046 hoc
2167 5006 2260 5045 vc-

678 5100 794 5138 rttm
823 5099 944 5138 esse
973 5085 1256 5153 intelligas,
1283 5085 1423 5151 ipsas
1449 5085 1704 5138 dictiones
1733 5083 2027 5137 accuratius
2056 5082 2259 5136 exami-

680 5190 886 5230 nemus.
937 5173 1070 5230 Cum
1103 5175 1243 5229 enim
1286 5185 1410 5230 ante
1450 5175 1712 5240 dixisset,
1757 5172 1870 5243 Ego
1909 5190 2016 5227 tum
2053 5174 2134 5242 qui
2168 5173 2263 5239 feci

681 5267 839 5321 lucem
855 5278 898 5320 et
916 5268 1161 5333 tenebras,
1181 5277 1304 5321 tunc
1319 5267 1540 5333 addidit,
1562 5266 1773 5321 Faciem
1797 5283 1998 5335 pacem,
2024 5276 2069 5319 et
2088 5282 2264 5319 creant

683 5359 835 5412 mala.
869 5359 980 5413 Duo
1006 5361 1269 5414 contraria
1293 5376 1450 5430 supra
1480 5361 1672 5430 posuit,
1696 5375 1756 5412 ac.
1785 5359 1979 5413 deinde
2004 5359 2110 5413 duo
2137 5374 2265 5412 con-

683 5455 874 5520 traria,
907 5464 962 5508 ut
992 5454 1254 5524 intelligas
1283 5469 1404 5508 eum
1430 5468 1534 5508 non
1566 5455 1630 5508 de
1663 5451 2008 5507 fornicatione
2028 5493 2042 5518 ,
2075 5451 2168 5505 sed
2199 5451 2265 5505 de

686 5546 1067 5601 calamitatibus
1094 5546 1256 5616 loqui.
1289 5545 1424 5614 Quid
1455 5547 1595 5600 enim
1623 5553 1705 5600 est
1728 5542 1867 5613 quod
1901 5543 2012 5612 paci
2039 5541 2263 5611 opponi-

689 5637 816 5694 tur?
848 5634 1061 5694 Clarum
1102 5638 1354 5708 estquod
1393 5638 1459 5693 sit
1498 5636 1772 5706 captivitas
1796 5675 1811 5703 ,
1859 5650 1964 5691 non
2006 5633 2258 5701 lascivia,

1382 398 1440 450 S.
1479 390 1759 450 JOANNIS
1795 383 2270 445 CHRYSOSTOMI
2308 381 2626 437 ARCBIEP.
2652 377 3194 437 CONSTANTINOP.

3837 397 3948 454 152

2363 509 2535 565 neque
2564 491 2843 549 fornicatio
2864 535 2879 559 ,
2913 507 3088 565 neque
3122 491 3367 547 avaritia.
3412 490 3478 547 Ut
3521 489 3682 562 igitur
3703 496 3943 563 superius

2360 585 2470 640 duo
2495 585 2762 641 contraria
2791 586 2988 655 posuit,
3020 586 3098 641 sic
3125 585 3375 640 nimirum
3399 593 3453 640 et
3483 584 3584 640 hoc
3617 583 3738 641 loco
3765 602 3780 640 :
3810 600 3942 642 con-

2361 678 2522 732 traria
2552 691 2680 732 vero
2713 678 2830 747 paci
2856 693 2943 734 res
2970 685 3052 734 est
3078 691 3186 734 non
3214 677 3518 744 fornicatio,
3548 693 3721 750 neque
3744 678 3943 736 adulto-

2360 769 2497 824 rium
2519 810 2532 832 ,
2561 784 2734 838 neque
2761 768 2977 824 lascivia
2998 810 3013 832 ,
3041 783 3217 841 neque
3245 768 3447 840 reliqua
3471 769 3597 825 vitia
3617 785 3637 836 ;
3661 767 3757 825 sed
3781 770 3942 841 capti-

2359 862 2496 916 vitas
2521 869 2577 917 et
2618 863 2869 918 servitus.
2916 860 3020 918 Sed
3048 863 3188 918 sicut
3220 877 3347 934 erga
3383 862 3647 918 elementa
3672 904 3688 928 ,
3717 862 3797 919 sic
3821 879 3939 935 erga

2360 970 2448 1010 res
2475 956 2616 1024 ipsas
2643 955 2888 1010 homines
2913 954 3237 1010 afficiuntur.
3272 955 3512 1026 Exempli
3539 969 3702 1011 causa
3724 973 3738 1010 :
3763 969 3939 1024 quem.

2359 1047 2645 1101 admodum
2673 1045 2798 1102 fecit
2833 1048 3006 1104 lucem
3030 1056 3086 1103 et
3118 1047 3388 1113 tenebras,
3419 1058 3473 1103 et
3501 1048 3681 1104 multis
3707 1062 3826 1104 esse
3855 1047 3941 1118 ju-

2359 1136 2533 1191 cunda
2560 1137 2646 1192 lux
2680 1138 2907 1205 videtur,
2934 1138 3170 1194 tenebne
3195 1153 3325 1194 vero
3352 1139 3622 1206 molestae,
3646 1153 3709 1194 ac
3735 1148 3940 1196 noctem

2359 1231 2571 1298 quidam
2597 1239 2866 1302 tamquam
2895 1231 3087 1286 malam
3113 1241 3368 1287 accusant
3393 1249 3407 1285 :
3435 1232 3516 1288 sic
3543 1233 3788 1289 nimirum
3814 1245 3867 1289 et
3890 1234 3942 1288 in

2358 1323 2522 1378 rebus
2549 1323 2698 1393 ipsis.
2725 1325 2795 1377 At
2823 1339 2996 1395 neque
3023 1339 3127 1378 nox
3152 1333 3235 1379 est
3254 1323 3572 1390 accusanda,
3600 1339 3769 1394 neque
3795 1334 3940 1380 tene-

2359 1416 2490 1482 brae,
2515 1431 2689 1485 neque
2714 1416 2930 1472 omnino
2956 1417 3186 1472 servitus
3210 1425 3265 1470 et
3291 1415 3594 1482 captivitas.
3618 1415 3752 1484 Quid
3777 1416 3938 1483 enim,

2359 1521 2563 1578 qumso,
2591 1506 2714 1560 mali
2746 1505 2942 1561 habent
2968 1506 3243 1561 tenebrae?
3269 1522 3445 1562 nonne
3469 1517 3594 1562 sunt
3622 1521 3650 1560 a
3677 1507 3942 1563 laboribus

2359 1599 2658 1655 relaxatio?
2690 1613 2868 1654 nonne
2915 1598 3162 1654 remissio
3206 1600 3496 1653 curarum?
3525 1614 3700 1655 nonne
3741 1599 3939 1655 doloris

2355 1691 2770 1747 exterminatio?
2798 1707 2973 1746 nonne
2999 1691 3189 1746 virium
3221 1693 3498 1747 accessio?
3524 1693 3675 1759 Quod
3712 1693 3758 1747 si
3792 1701 3938 1748 tene-

2358 1784 2471 1839 brae
2510 1799 2617 1838 non
2664 1785 2884 1839 fuissent
2923 1793 2979 1840 et
3017 1799 3123 1839 nox
3147 1825 3161 1846 .
3204 1783 3415 1854 quando
3443 1783 3562 1840 luce
3607 1783 3754 1853 potiti
3793 1799 3936 1839 esse-

2358 1876 2518 1931 mus?
2562 1892 2737 1932 nonne
2779 1886 3088 1947 corruptum
3137 1877 3324 1933 fuisset
3362 1885 3521 1946 atque
3564 1876 3936 1945 interemptum

2359 1968 2460 2024 hoc
2497 1969 2695 2024 animal
2735 1969 2942 2023 homo?
2983 1969 3047 2025 Ut
3073 1977 3250 2024 autem
3279 1967 3530 2024 videntur
3566 1966 3777 2038 quidem
3817 1967 3938 2022 insi-

2359 2060 2624 2130 pientibus
2661 2061 2893 2115 tenebrae
2921 2060 3115 2113 malum
3142 2073 3263 2114 esse
3287 2058 3536 2129 quiddam
3559 2099 3575 2126 ,
3605 2059 3812 2114 tametsi
3838 2072 3937 2112 non

2357 2160 2514 2218 sunt,
2547 2167 2728 2206 verum
2775 2151 2840 2205 ad
2873 2150 3040 2220 ipsam
3069 2150 3211 2205 diem
3242 2151 3395 2205 nobis
3435 2158 3558 2206 sunt
3594 2152 3751 2217 usui,
3794 2160 3847 2207 et
3874 2151 3936 2204 ad

2357 2257 2540 2312 opera,
2565 2257 2682 2312 quae
2711 2243 2764 2296 in
2791 2242 2900 2310 ipsa
2923 2242 3260 2311 suscipimus,
3285 2242 3460 2312 quiete
3480 2251 3746 2297 recreatos
3765 2241 3939 2298 reddit

2356 2337 2590 2406 aptiores
2616 2351 2631 2388 :
2655 2336 2725 2388 ita
2750 2350 2922 2403 neque
2950 2336 3145 2389 malum
3171 2333 3298 2404 quid
3325 2343 3406 2390 est
3431 2335 3724 2404 captivitas,
3747 2334 3815 2390 de
3840 2347 3938 2403 qua

2355 2426 2654 2481 disserebat
2682 2427 2937 2497 propheta
2968 2443 3086 2481 cum
3123 2427 3364 2492 diceret,
3399 2425 3615 2481 Faciem
3654 2442 3829 2496 pacem
3851 2466 3866 2490 ,
3894 2434 3940 2478 et

2356 2531 2531 2570 ereum
2560 2518 2696 2570 mala
2729 2532 2749 2570 :
2783 2517 2876 2573 sed
2915 2533 3002 2572 res
3031 2518 3209 2572 utilior
3233 2526 3318 2572 est
3344 2517 3408 2573 iis
3435 2519 3526 2587 qui
3555 2527 3614 2572 ut
3641 2527 3850 2588 oportet
3875 2531 3934 2572 ea

2356 2608 2556 2665 fuerint
2580 2610 2692 2664 usi:
2716 2610 3156 2680 temperantiores
3180 2619 3359 2664 autem
3385 2625 3449 2665 ac
3469 2609 3827 2666 modestiores
3845 2624 3938 2667 eos

2357 2698 2552 2762 efficit,
2580 2699 2706 2754 dum
2738 2700 3090 2770 arrogantiam
3121 2698 3380 2755 retundit.

2440 2791 2609 2847 Virtus
2639 2810 2740 2847 non
2766 2803 2927 2864 potest
2957 2795 3010 2847 in
3044 2795 3328 2848 servitutem
3356 2793 3536 2864 redigi.
3567 2824 3640 2834 —
3661 2792 3774 2848 Non
3801 2794 3937 2849 enim

2357 2885 2408 2940 in
2439 2888 2748 2941 servitutem
2779 2885 2944 2957 redigi
2987 2893 3160 2954 potest
3184 2887 3354 2942 virtus
3378 2928 3392 2953 ,
3425 2901 3598 2956 neque
3626 2886 3693 2942 ab
3718 2887 3826 2942 ullo
3849 2901 3938 2941 su-

2357 2977 2554 3047 perari,
2584 2992 2689 3032 non
2716 2993 2746 3030 a
2776 2979 3052 3043 servitute,
3079 2994 3184 3033 non
3212 2993 3242 3032 a
3271 2979 3596 3048 captivitate,
3627 2995 3731 3033 non
3761 2995 3791 3034 a
3815 2994 3939 3049 pan-

2357 3078 2563 3138 pertate
2584 3111 2599 3137 ,
2633 3085 2736 3123 non
2767 3069 2835 3123 ab
2865 3070 2978 3134 ipsa
3006 3078 3211 3136 morte,
3243 3086 3362 3140 quae
3385 3072 3624 3126 omnium
3651 3080 3734 3127 est
3762 3079 3942 3139 poten-

2357 3161 2581 3216 tissima.
2626 3161 2925 3217 Ostendunt
2962 3162 3014 3216 id
3052 3175 3242 3217 omnes
3267 3203 3282 3227 ,
3318 3162 3407 3231 qui
3448 3161 3568 3216 hac
3605 3162 3782 3217 omnia
3821 3171 3941 3216 sunt

2357 3252 2634 3322 perpessi,
2680 3262 2946 3308 eteorum
2982 3267 3142 3323 opera
3171 3253 3429 3308 clariores
3456 3263 3762 3308 evaserunt.
3808 3253 3939 3325 Quid

2356 3344 2498 3398 enim
2527 3342 2761 3414 Iosepho
2785 3345 3015 3400 servitus
3043 3345 3263 3400 nocuit?
3295 3343 3446 3416 (nihil
3471 3346 3615 3402 cnim
3641 3353 3782 3401 vetat
3809 3359 3940 3417 quo-

2358 3434 2534 3488 minus
2564 3434 2810 3490 eumdem
2835 3437 3007 3490 virum
3035 3436 3226 3491 iterum
3257 3435 3307 3490 in
3335 3437 3567 3491 medium
3595 3437 3941 3506 adducamus)

2357 3523 2480 3594 quid
2529 3533 2705 3578 autem
2751 3525 3002 3580 vincula?
3043 3524 3168 3595 quid
3210 3525 3450 3581 catenas?
3476 3526 3603 3597 quid
3639 3527 3940 3583 calumnia?

2357 3615 2482 3686 quid
2523 3616 2767 3671 insidiae?
2808 3618 2932 3688 quid
2977 3619 3029 3673 in
3074 3619 3247 3674 aliena
3295 3622 3514 3691 regione
3554 3620 3942 3677 commoratio?

2357 3707 2492 3774 Quid
2520 3707 2714 3762 Jobum
2753 3709 2888 3763 laesit
2916 3717 3279 3765 armentorum
3309 3725 3373 3765 ac
3399 3725 3616 3781 gregum
3658 3712 3905 3768 interitus
3924 3754 3941 3780 ,

2360 3797 2593 3852 violenta
2619 3807 2674 3854 et
2692 3798 2972 3853 immatura
3002 3815 3147 3855 mors
3173 3801 3484 3868 liberorum,
3510 3803 3659 3873 plaga
3681 3805 3940 3873 corporis,

2359 3891 2620 3943 vermium
2664 3890 2836 3945 fontes
2857 3931 2872 3955 ,
2905 3889 3058 3945 dolor
3087 3891 3433 3947 intolerabilis
3451 3933 3467 3959 ,
3501 3893 3556 3946 in
3584 3892 3708 3948 ﬂmo
3733 3896 3906 3954 sessio
3927 3936 3940 3960 ,

2361 3982 2542 4036 uxoris
2573 3982 2799 4048 insidite,
2826 3983 3119 4036 amicorum
3143 3983 3452 4055 opprobria,
3476 3983 3800 4042 famulorum
3823 4001 3943 4041 con-

2358 4072 2536 4126 vicia?
2579 4071 2716 4141 Quid
2755 4087 2884 4128 vero
2911 4072 3114 4127 Lazaro
3155 4075 3370 4141 nocuit,
3413 4075 3553 4145 quod
3592 4076 3646 4132 in
3686 4076 3945 4132 vestibulo

2357 4165 2560 4234 jaceret
2605 4174 2657 4219 et
2703 4179 2892 4219 canum
2939 4166 3130 4235 linguis
3177 4167 3511 4236 lingeretur?
3552 4169 3677 4237 quid
3722 4168 3945 4225 laedebat

2361 4257 2609 4312 continua
2641 4257 2846 4313 fames?
2892 4258 3018 4328 quid
3047 4259 3226 4315 divitis
3266 4270 3598 4330 contemptus
3623 4302 3636 4326 ,
3677 4261 3901 4317 vulnera
3926 4302 3943 4328 ,

2361 4350 2725 4406 intolerandus
2748 4351 3003 4406 morbus?
3028 4352 3152 4422 quid
3179 4353 3320 4423 quod
3347 4353 3590 4412 desertus
3610 4355 3678 4408 ab
3701 4358 3943 4412 omnibus

2361 4451 2503 4496 esset
2532 4442 2618 4510 qui
2663 4443 2854 4511 juvare
2884 4450 3134 4510 possent,
3167 4443 3311 4514 quod
3348 4445 3415 4499 ab
3445 4446 3508 4500 iis
3531 4487 3545 4510 ,
3577 4446 3666 4516 qui
3705 4446 3945 4501 auxiliari

2364 4540 2618 4602 possent,
2646 4534 3120 4588 contemneretur?
3156 4533 3291 4601 Quid
3339 4535 3502 4590 Paulo
3532 4546 3832 4591 nocuerunt
3863 4538 3946 4592 illa

2363 4623 2622 4676 malorum
2663 4623 2905 4678 examina
2931 4662 2947 4684 ,
2973 4637 3217 4678 carceres
3240 4665 3255 4686 ,
3289 4623 3635 4680 abductiones
3659 4668 3672 4690 ,
3705 4636 3907 4681 mortes
3928 4667 3943 4691 ,

2363 4714 2759 4768 submersiones
2799 4726 2862 4766 ac
2896 4713 3112 4783 reliquae.
3135 4712 3448 4768 afflictiones
3473 4756 3486 4778 ,
3516 4729 3648 4782 quas
3670 4731 3832 4771 nemo
3860 4732 3946 4787 po-

2367 4809 2490 4861 terit
2539 4807 2777 4859 oratione
2824 4804 3155 4861 numerando
3198 4807 3556 4875 percensere?
3602 4807 3723 4863 Ilaec
3769 4809 3946 4863 omnia

2365 4897 2780 4962 considerantes,
2806 4897 3057 4951 malitiam
3081 4896 3360 4968 fugiamus,
3385 4898 3634 4954 virtutem
3652 4909 3946 4961 sectemur;

2367 4998 2421 5045 et
2444 5003 2675 5053 oremus,
2703 5004 2768 5042 ne
2792 4988 2843 5041 in
2866 4987 3210 5042 tentationem
3237 4988 3494 5043 intremus
3518 5006 3534 5044 :
3557 4989 3695 5059 quod
3719 4989 3761 5044 si
3787 5007 3948 5060 quan.

2368 5080 2439 5134 do
2464 5078 2802 5132 inciderimus
2826 5117 2841 5142 ,
2870 5092 2937 5132 ne
2962 5093 3101 5146 mgre
3128 5077 3380 5143 feramus,
3414 5093 3549 5135 neve
3575 5079 3941 5149 indignemur:

2368 5168 2630 5240 siquidem
2659 5181 2810 5222 arma
2837 5169 3043 5223 virtutis
3085 5168 3200 5223 hmo
3230 5179 3352 5223 sunt
3375 5170 3479 5234 iis,
3523 5172 3611 5240 qui
3649 5179 3706 5225 ut
3741 5182 3947 5240 oportet

2369 5263 2452 5318 usi
2497 5261 2731 5326 fuerint,
2773 5269 2829 5316 et
2867 5259 3058 5315 horum
3101 5260 3341 5316 omnium
3385 5276 3547 5332 opera
3587 5262 3949 5318 celebritatem

2371 5358 2524 5413 nobis
2553 5359 2842 5427 poterimus
2869 5370 3181 5425 comparare
3206 5397 3218 5420 ,
3262 5356 3304 5410 si
3333 5356 3512 5425 vigiles
3542 5367 3594 5412 et
3620 5357 3809 5411 attenti
3837 5355 3949 5410 fue-

2373 5453 2538 5504 rimus
2561 5492 2574 5516 ,
2608 5465 2669 5504 ac
2699 5449 2849 5504 bonis
2878 5447 3072 5519 perfrui
3101 5450 3441 5518 sempiternis
3468 5467 3481 5504 :
3513 5466 3632 5522 quae
3661 5449 3818 5506 nobis
3848 5449 3947 5504 uti-

2375 5556 2494 5595 nam
2535 5542 2842 5611 contingant
2879 5539 3175 5600 universis,
3219 5541 3270 5595 in
3311 5540 3524 5598 Christo
3562 5542 3688 5598 Jesu
3728 5543 3948 5598 Domino

2373 5643 2577 5700 nostro,
2605 5633 2686 5686 cui
2714 5632 2879 5703 gloria
2911 5632 2961 5686 in
2993 5631 3184 5687 saecula
3212 5633 3547 5689 seculorum.
3581 5637 3772 5690 Amen.
