4056 6456
190 380 270 432 151
782 379 845 432 ΙΝ
880 376 1079 432 ILLUD
1111 375 1335 441 ISAIE,
1371 370 1506 430 EGO
1547 372 1850 431 DOMINUS
1887 372 2064 428 DEUS
2094 369 2246 427 FECI
2286 368 2544 436 LUMEN,
2579 365 2729 422 ETC.

179 490 406 553 εἶναιτοῖς
425 494 667 555 πολλοις,
692 494 1074 562 αἰχμαλωσίας,
1099 492 1360 554 δουλείας,
1382 491 1700 559 ἀπαγωγῆς.

179 573 211 623 Τ
216 575 302 634 ίνος
321 573 377 625 δὲ
407 573 600 626 ἐνεκεν
631 575 797 627 ταῦτα
829 577 1060 644 εἴρηται,
1094 576 1385 641 ἀναγκαῖον
1416 575 1587 624 εἰπεῖν

234 655 605 724 Φιλάνθρωπος
636 655 709 708 ὢν
738 659 765 709 6
792 656 940 717 Θεὸς,
976 657 1069 707 καὶ
1101 657 1228 723 περὶ
1254 656 1314 707 16
1346 654 1513 707 ἐλεεῖν
1558 652 1701 715 ὀξὺς,

180 738 290 802 πρὸς
320 738 378 788 δὲ
416 738 476 788 16
517 738 869 805 τιμωρεῖσθαι
914 737 1004 788 καὶ
1048 738 1292 799 κολάζειν
1326 736 1702 803 ἀναδυόμενος,

183 812 464 886 [I35jc'ba15
489 820 561 888 μὴ
583 819 708 879 τοὺς
743 819 1016 880 Ἰουδαίους
1044 818 1374 887 παραδοῦναι
1397 817 1701 885 τιμωρίαις,

183 901 438 967 προφήτας
469 899 703 966 έπεμψε,
736 899 909 964 φοϐῶν
936 898 1129 959 αὐτοὺς
1160 897 1246 950 διά
1278 898 1384 951 τῶν
1424 899 1703 967 ῥημάτων,

180 979 295 1029 ὥστε
329 981 404 1048 μὴ
435 978 659 1031 κολάσαι
689 978 773 1032 διά
799 980 905 1031 τῶν
933 977 1291 1048 πραγμάτων,
1326 979 1462 1049 ὅπερ
1488 979 1581 1031 καὶ
1613 978 1706 1029 ἐπὶ

179 1060 267 1108 τῶν
293 1058 583 1111 Νινευιτῶν
619 1062 808 1114 ἐποίει.
844 1063 950 1114 Καὶ
987 1061 1093 1130 γὰρ
1124 1063 1237 1113 ἐκεῖ
1268 1061 1387 1113 τότε
1413 1062 1510 1130 τὴν
1554 1060 1704 1111 πόλιν

182 1142 523 1209 καταστρέψαι
550 1142 860 1211 ἠπείλησεν,
874 1142 970 1211 οὐχ
987 1142 1071 1195 ἵνα
1092 1142 1460 1211 καταστρέψῃ,
1485 1141 1597 1193 ἀλλ’
1620 1142 1705 1194 ἵνα

184 1222 242 1288 μὴ
268 1224 643 1292 καταστρέψῃ·
672 1224 808 1292 ὅπερ
846 1220 939 1277 06v
966 1225 1056 1278 καὶ
1080 1224 1497 1290 ἐγένετο.Τοῢτο
1521 1224 1583 1291 δὴ
1614 1224 1707 1275 καὶΙ

179 1304 278 1354 τότε
305 1303 557 1373 ἔπραττε,
593 1306 687 1357 καὶ
719 1308 993 1376 προφήτας
1020 1306 1282 1374 ἔπεμπεν,
1306 1304 1540 1358 ἀπειλῶν
1575 1304 1704 1373 βαρ-

181 1382 333 1451 ϐάρων
382 1385 588 1451 ἔφοδον,
641 1386 943 1456 πολέμους,
1000 1388 1394 1456 αἰχμαλωσίας.
1444 1386 1703 1449 δουλείας,

183 1464 480 1535 ἀπαγωγὴν,
516 1466 612 1533 τὴν
633 1468 688 1519 ἐν
717 1468 969 1538 ἀλλοτρία
997 1467 1291 1538 διατριϐήν.
1330 1468 1438 1520 Καὶ
1458 1468 1705 1537 καθάπερ

182 1548 335 1615 πατὴρ
362 1548 711 1618 φιλόστοργος
742 1552 904 1604 παῖδα
934 1551 1227 1604 ἀκόλαστον
1246 1550 1383 1619 ἔχων
1415 1552 1507 1603 καὶ
1541 1551 1705 1620 ῥᾴθυ-

186 1645 283 1695 μον,
327 1633 652 1698 σωφρονίσαι
682 1633 867 1695 θέλων,
906 1634 1129 1702 ίμάντας
1167 1634 1428 1701 ἐπιζητεῖ.
1466 1633 1706 1701 σχοίνους

184 1709 385 1772 ἀπειλεῖ,
417 1712 586 1779 λέγων
608 1726 622 1739 ·
646 1716 797 1783 Δήσω
816 1752 829 1775 ,
874 1712 1131 1782 μαστίξω,
1178 1714 1474 1784 ἀναιρήσω,
1510 1715 1602 1765 καὶ
1630 1714 1708 1780 γί-

184 1808 308 1843 νεται
335 1796 388 1845 ἐν
407 1796 518 1854 τοῖς
544 1796 744 1864 ῥήμασι
775 1794 1020 1865 φοϐερὸς,
1042 1795 1181 1846 ὥστε
1200 1794 1368 1864 ταύτῃ
1391 1795 1487 1860 τὴν
1510 1795 1706 1847 κακίαν

184 1873 571 1926 ἀναστεῖλαιτοῦ
587 1877 702 1927 νέου
724 1892 734 1904 ·
762 1876 902 1927 οὕτω
924 1875 985 1945 δή
1014 1875 1106 1929 καὶ
1137 1878 1164 1929 6
1192 1876 1320 1937 Θεὸς
1347 1875 1554 1945 ἠπείλει
1580 1893 1707 1926 συν·

183 1953 318 2019 εχῶς,
346 1956 424 2023 τῷ
474 1951 621 2024 φόϐῳ
647 1957 865 2025 ποιῆσαι
894 1956 1128 2024 βελτίους
1155 1957 1491 2026 βουλόμενος.
1524 1958 1708 2009 Ταῦτα

183 2035 302 2101 ὀρῶν
333 2038 358 2087 6
382 2035 645 2097 διάϐολος,
686 2038 776 2088 καὶ
808 2037 1122 2107 βουλόμενος
1148 2038 1371 2090 ἐκλῦσαι
1397 2038 1493 2107 τὴν
1521 2040 1582 2089 ἐκ
1610 2037 1707 2105 τῆς

183 2118 405 2188 τοιαύτης
441 2118 665 2186 ἀπειλῆς
697 2119 977 2188 διόρθωσιν
1007 2119 1311 2189 γινομένην,
1344 2120 1550 2188 καθῆκε
1579 2119 1710 2186 ψευ-

183 2196 514 2267 δοπροφήτας,
550 2200 641 2251 καὶ
669 2200 773 2251 τῶν
808 2201 1097 2269 προφητῶν
1118 2200 1475 2252 ἀπειλούντων
1507 2201 1705 2267 αἰχμα-

185 2274 377 2343 λωσίαν,
411 2280 503 2331 καὶ
527 2278 786 2345 δουλείαν,
817 2280 910 2333 καὶ
938 2282 1145 2350 λιμοὺς,
1174 2283 1367 2333 ἐκεῖνοι
1394 2281 1459 2334 τὰ
1493 2279 1710 2333 ἐναντία

187 2358 358 2424 ἔλεγον,
392 2362 630 2430 εἰρήνην,
656 2362 957 2433 εὐετηρίαν,
981 2364 1073 2415 καί⁸
1106 2364 1313 2433 μυρίων
1339 2362 1553 2429 ἀγαθῶν
1578 2362 1710 2414 ἀπό-

186 2438 364 2494 λαυσιν.
397 2442 487 2494 Διὸ
512 2443 604 2494 καὶ
639 2444 977 2509 ὀνειδίζοντες
1006 2446 1182 2507 αὐτοῖς
1211 2446 1259 2497 οί
1288 2448 1560 2514 προφῆται
1589 2444 1706 2496 ἔλε-

185 2534 261 2582 γυν
282 2538 294 2551 ⁸
322 2524 562 2591 Εἰρήνη,
597 2525 801 2591 εἰρήνη
819 2541 831 2554 ’
859 2526 955 2579 καὶ
979 2527 1095 2579 ποῦ
1125 2526 1299 2579 ἐστιν
1321 2527 1528 2593 είρήνη
1551 2541 1569 2586 ;
1601 2526 1709 2578 Καὶ

185 2602 277 2652 ὅσοι
302 2603 401 2655 τῶν
432 2604 747 2672 φιλολόγων,
794 2607 945 2659 10610
984 2609 1179 2671 ἴσασιν,
1214 2608 1287 2670 ώς
1322 2609 1534 2661 ἅπαντα
1572 2624 1707 2675 κρα-

186 2686 276 2732 τεῖν
304 2688 343 2748 ⁸,
371 2687 405 2737 ἀ
434 2690 544 2748 τοῖς
588 2692 888 2756 προφήταις
932 2690 1067 2760 πρὸς
1094 2692 1219 2752 τοὺς
1264 2691 1710 2759 ψευδοπροφήτας

186 2763 419 2841 ἐγένοντο,
452 2767 739 2831 ἐκλύοντας
769 2770 856 2821 106
883 2771 1009 2823 λαοῦ
1033 2774 1128 2840 τὴν
1157 2772 1409 2841 σπουδήν.
1450 2772 1599 2822 Ἐπεὶ
1618 2767 1711 2822 οὖν

184 2839 330 2901 οὓτως
360 2842 639 2907 ἐκλύοντες
682 2846 984 2916 διέφθειραν
1012 2839 1100 2900 τὸν
1129 2848 1274 2911 λαὸν,
1310 2839 1473 2916 φησὶν
1514 2848 1542 2898 6
1582 2846 1710 2909 Θεὸς

184 2920 255 2973 διὰ
275 2923 370 2975 τῶν
391 2926 679 2993 προφητῶν
696 2943 707 2955 ·
742 2927 803 2980 Ἐ
808 2926 884 2993 γὼ
904 2930 936 2980 ό
954 2930 1093 2993 Θεὸς
1114 2928 1296 2981 ποιῶν
1313 2929 1578 2995 εἰρήνην,
1610 2927 1708 2981 καὶ

186 3004 365 3062 κτίζων
382 3006 554 3061 κακά.
593 3009 701 3060 Καὶ
735 3011 858 3060 ποῖα
889 3009 1060 3073 κακά;
1093 3008 1278 3062 Ταῦτα
1323 3012 1391 3063 τὰ
1424 3009 1704 3079 εἰρημένα,

185 3085 548 3154 αἰχμαλωσίαν,
570 3089 825 3152 δουλείαν,
850 3092 940 3143 καὶ
960 3093 1058 3145 ὅσα
1078 3092 1297 3144 τοιαῦτα
1320 3109 1331 3121 ⁸
1352 3094 1411 3145 ού
1432 3094 1704 3162 πορνείαν,

188 3167 263 3217 καὶ
296 3169 595 3237 ἀσέλγειαν,
632 3173 725 3223 καὶ
756 3172 1084 3237 πλεονεξίαν,
1113 3174 1231 3227 οὐδὲ
1252 3174 1377 3227 ἄλλο
1406 3174 1511 3226 τῶν
1535 3173 1707 3227 τοιού-

189 3263 275 3297 των
293 3251 455 3305 οὐδέν.
497 3252 594 3304 Διά
634 3252 788 3305 τοῦτο
818 3256 911 3306 καὶ
938 3257 965 3307 6
1001 3256 1183 3324 ἕτερος
1208 3257 1489 3325 προφήτης
1515 3254 1702 3319 εἰπὼν»

191 3330 245 3379 Εἰ
275 3330 393 3383 ἔστι
425 3334 601 3385 κακία
636 3334 704 3386 ἐν
731 3337 920 3399 πόλει,
950 3335 1027 3401 ἣν
1054 3338 1267 3402 Κύριος
1296 3339 1403 3390 οὐκ
1437 3337 1705 3403 ἐποίησε,

186 3409 359 3479 ταύτην
388 3413 532 3481 λέγει
566 3415 660 3485 τὴν
695 3417 908 3477 κακίαν,
962 3419 1085 3480 τοὺς
1110 3418 1317 3485 λιμοὺς,
1366 3420 1463 3480 τὰς
1498 3419 1704 3481 νόσους,

187 3488 266 3553 τὰς
294 3492 576 3562 θεηλάτους
623 3496 853 3565 πληγάς.
895 3496 1048 3550 Οὕτω
1097 3500 1189 3551 καὶ
1219 3500 1247 3550 6
1292 3499 1541 3570 Χριστὸς,
1579 3502 1705 3553 ὅταν

187 3571 315 3642 λέγῃ,
365 3576 626 3643 Ἀρκετὸν
664 3577 738 3645 τῇ
789 3579 973 3647 ἡμέρᾳ
1022 3582 1060 3648 ἡ
1102 3582 1277 3634 κακία
1333 3580 1537 3649 αὐτῆς,
1582 3584 1707 3645 τοὺς

189 3652 403 3723 ἱδρῶτας,
435 3662 524 3711 τὸν
555 3660 766 3729 μόχθον,
795 3662 892 3732 τήν
923 3662 1291 3731 ταλαιπωρίαν
1318 3662 1467 3731 φησί.

244 3736 298 3799 ζ’.
328 3739 489 3791 Τοῦτο
511 3737 601 3793 οὖν
623 3759 783 3809 φησιν
804 3744 832 3793 6
854 3746 1132 3813 προφήτης
1152 3762 1163 3775 ο
1182 3743 1273 3814 Μὴ
1292 3746 1433 3813 ὑμᾶς
1449 3744 1707 3797 ἐκλυέτω·

188 3833 267 3868 σαν
295 3821 339 3870 οἰ
358 3822 793 3892 ψευδοπροφῆται
814 3840 829 3854 ·
851 3826 878 3875 6
900 3826 1005 3894 γάρ
1024 3825 1152 3887 Θεὸς
1176 3827 1303 3894 ὑμῖν
1332 3827 1554 3895 εἰρήνην
1582 3826 1703 3877 606-

188 3917 254 3976 ναι
310 3903 554 3976 δύναται,
584 3908 701 3976 ’καὶ
750 3907 1089 3976 αἰχμαλωσίᾳ
1131 3908 1495 3976 παραδοῦναιο
1551 3924 1707 3959 τουτ-

185 3969 325 4029 έστιν,
373 3973 426 4023 '0
469 3973 653 4026 ποιῶν
696 3969 959 4041 εἰρήνην,
996 3969 1093 4028 xci!
1139 3969 1344 4037 κτίζων
1384 3979 1557 4031 κακά.
1597 3978 1706 4031 Καὶ

186 4048 255 4102 ἵνα
283 4053 446 4125 μάθῃς
473 4056 553 4108 ὅτι
580 4056 736 4107 τοῦτό
767 4060 910 4109 ἐστιν
946 4058 1160 4128 ἀληθὲς,
1195 4060 1361 4121 αὑτάς
1392 4060 1489 4122 τάς
1534 4060 1705 4125 λέξεις

188 4129 534 4205 βασανίσωμεν
561 4138 695 4205 μετὰ
736 4139 1033 4209 ἀκριϐείας.
1078 4139 1257 4193 Εἰπὼν
1287 4139 1395 4211 γὰρ
1418 4140 1705 4209 ἀνω,Ἐτώ

185 4214 278 4278 ειμι
314 4218 344 4267 ό
373 4218 627 4283 ποιήσας
672 4219 795 4286 φῶς
846 4220 941 4273 καί
980 4224 1217 4287 σκότος,
1258 4224 1378 4275 τότε
1433 4224 1703 4292 ἐπήγαγε,

188 4295 350 4347 Ποιῶν
368 4298 631 4365 εἰρήνην,
663 4300 761 4353 καί
789 4301 993 4360 κτίζων
1022 4303 1195 4356 κακά.
1230 4304 1332 4355 Δύο
1359 4304 1572 4356 ἐναντία
1592 4305 1705 4356 ἀνω

186 4375 382 4441 τέθεικε,
422 4380 515 4431 καὶ
544 4380 634 4433 δύο
657 4383 871 4434 ἐναντία
916 4385 1050 4452 μετά
1079 4384 1268 4450 ταῦτα,
1294 4386 1380 4436 ἵνα
1416 4385 1593 4455 μάθῃς
1622 4387 1704 4437 ὄτι

184 4460 232 4511 ού
252 4462 365 4532 περί
384 4464 635 4532 πορνείας
659 4465 826 4532 λέγει,
856 4466 989 4520 ἀλλά
1013 4468 1138 4537 περί
1169 4484 1231 4519 συ
1241 4466 1482 4539 μφορῶν.
1509 4469 1571 4519 Τί
1597 4468 1707 4537 γὰρ

185 4542 635 4598 ἀντιδιαστέλλεται
650 4551 714 4617 τῇ
740 4550 927 4620 εἰρήνῃ
950 4567 963 4613 ;
982 4549 1212 4619 Εὔδηλον
1238 4551 1317 4603 ὃτι
1338 4550 1701 4619 αίχμαλωσία,

184 4625 266 4677 οὐκ
296 4625 563 4695 ἀσέλγεια,
596 4628 715 4680 οὐδὲ
744 4632 987 4700 πορνεία,
1016 4632 1134 4684 ούδέ
1161 4632 1458 4696 πλεονεξία.
1495 4633 1704 4702 Ὠσπερ

183 4703 259 4758 οὖν
286 4710 530 4781 ἀνωτέρω
562 4712 773 4765 ἐναντία
805 4712 897 4765 δύο
926 4713 1187 4778 τέθεικεν,
1217 4713 1358 4767 οὕτω
1405 4713 1469 4783 δὴ
1493 4717 1585 4768 καὶ
1615 4718 1703 4768 ἐν-

233 4858 548 4925 ’,Ὢςάπαντα
583 4864 780 4925 κρατεῖν.
817 4863 930 4911 Haec
948 4864 1056 4924 jure
1094 4866 1260 4914 vitiata
1302 4866 1529 4915 videnlur
1552 4867 1699 4915 Savil.

184 4917 263 4965 Sed
283 4923 372 4968 tale
397 4924 563 4992 νίιὶυιη
586 4917 676 4973 ein.
703 4932 755 4971 ut
786 4917 1028 4992 incagsfun
1052 4925 1239 4974 laboret
1265 4929 1350 4986 qui
1374 4940 1437 4975 ex
1459 4928 1703 4988 conjectu-

184 4992 224 5025 ra
240 4992 378 5027 .ocmn
396 4987 652 5033 restituere
676 4988 951 5034 lenuverit.

469 5817 729 5874 ιἠιιυι..
776 5817 889 5874 (in.
942 5819 1085 5877 LVI.

3250 380 3360 434 152

1804 487 1975 542 1a60a
2000 506 2013 520 ο
2043 489 2280 542 ἐναντίον
2311 486 2367 537 δὲ
2391 489 2456 555 τῇ
2485 486 2672 554 εἰρήνῃ
2706 483 2768 535 οὺ
2815 480 3058 551 πορνεία,
3089 477 3207 530 οὐδὲ
3249 494 3365 547 μοι-

1806 571 1945 638 χεία,
1976 569 2094 622 οὐδὲ
2117 568 2389 637 ἀσέλγεια,
2419 565 2565 636 [156]
2593 566 2710 618 ούδέ
2734 565 2789 617 αἰ
2809 563 2993 615 λοιπαὶ
3013 560 3222 622 κακίαι,
3251 560 3364 611 ἀλλ’

1804 648 2145 720 αἰχμαλωσία
2187 650 2281 703 καὶ
2325 648 2556 700 δουλεία.
2606 646 2743 697 Ἀλλ’
2781 646 2917 713 ὅπερ
2950 645 3039 694 ἐπί
3078 641 3185 693 τῶν
3225 657 3367 692 στοι-

1805 731 1963 800 χείων
2026 732 2313 799 πάσχουσι,
2364 729 2523 782 τοῦτο
2568 728 2661 780 καὶ
2706 728 2797 779 ἐπί
2837 726 2945 776 τῶν
3006 722 3363 792 πραγμάτων.

1806 809 1929 865 υἷόν
1965 830 2017 864 τι
2051 812 2217 879 λέγω·
2247 810 2433 881 ὥσπερ
2472 812 2693 879 ἐποίησε
2736 808 2850 875 φῶς
2888 808 2981 859 καὶ
3016 805 3226 865 σκότος,
3273 805 3366 855 καὶ

1806 894 2017 956 πολλοῖς
2059 894 2119 946 τὸ
2148 895 2247 963 μὲν
2289 892 2403 961 φῶς
2448 894 2546 962 ήδὺ
2586 892 2731 944 δοκεῖ
2770 886 2928 950 εἶναι,
2973 888 3034 939 τὸ
3075 886 3132 939 δέ
3178 886 3366 947 σκότος

1806 977 2056 1046 ἐπαχθὲς,
2112 977 2203 1029 καὶ
2248 974 2590 1027 διαϐάλλουσι
2631 972 2729 1041 τὴν
2782 972 2947 1023 νύκτα
2994 969 3068 1032 ὡς
3123 966 3364 1036 πονηράν

1802 1075 1928 1112 τινα
1960 1053 2153 1110 οὖσαν·
2190 1056 2330 1109 οὕτω
2359 1056 2415 1109 δὲ
2440 1057 2533 1107 καὶ
2563 1053 2785 1108 ἐπὶτῶν
2818 1052 3182 1123 πραγμάτων.
3226 1049 3364 1101 Ἀλλ’

1804 1146 1927 1201 οὔτε
1967 1146 2066 1217 τὴν
2122 1145 2289 1200 νύκτα
2326 1144 2657 1215 διαϐλητέον,
2713 1143 2830 1197 ούδέ
2888 1142 2948 1195 16
2996 1142 3205 1201 σκότος,
3248 1140 3367 1192 ούδέ

1805 1229 1990 1293 ἁπλῶς
2014 1230 2113 1299 τὴν
2142 1228 2402 1290 δουλείαν,
2430 1227 2521 1280 καὶ
2569 1226 2666 1296 τὴν
2692 1224 3086 1295 αἰχμαλωσίαν.
3134 1221 3199 1273 Τί
3236 1221 3363 1289 γὰρ,

1806 1312 1925 1365 εἰπέ
1972 1329 2078 1381 μοι,
2112 1311 2311 1380 φαῦλον
2350 1311 2458 1380 ἔχει
2498 1309 2559 1361 16
2600 1308 2821 1373 σκότος;
2854 1308 2975 1376 οὐχὶ
3016 1305 3192 1358 πόνων
3221 1304 3367 1355 ἐστὶν

1806 1393 2137 1456 άνάπαυσιςς
2168 1395 2287 1464 οὐχὶ
2322 1392 2614 1462 φροντίδων
2633 1390 2843 1454 ἀνεσις;
2879 1391 2995 1457 οὐχὶ
3015 1388 3189 1456 λύπης
3219 1384 3369 1464 ἀναί-

1809 1491 1986 1544 ρεσις;
2016 1476 2133 1544 ούχί
2183 1463 2362 1545 ἰσχύος
2397 1474 2711 1543 προσθήκη;
2754 1472 2814 1524 Εἰ
2858 1472 2912 1523 δὲ
2970 1470 3042 1539 μὴ
3077 1469 3265 1530 σκότος
3300 1463 3367 1536 ἦν

1806 1557 1900 1609 καὶ
1929 1556 2043 1620 νὺξ,
2080 1559 2207 1610 πότε
2253 1557 2319 1610 ἂν
2354 1555 2734 1624 ἀπελαύσαμεν
2772 1552 2864 1605 106
2913 1551 3127 1619 φωτόςς
3181 1552 3279 1601 οὐκ
3304 1549 3369 1601 ἂν

1806 1637 2065 1706 διεφθάρη
2100 1639 2193 1691 καὶ
2242 1638 2489 1690 ἀπώλετο
2521 1635 2677 1688 τοῦτο
2704 1636 2764 1688 τὸ
2798 1634 2935 1697 ζῶον
2979 1634 3007 1684 6
3053 1632 3368 1701 ἀνθρωποςζ

1810 1719 2019 1786 Ὥσπερ
2049 1719 2106 1771 δὲ
2130 1720 2191 1771 τὸ
2224 1719 2411 1778 σκότος
2448 1717 2591 1769 δοκεῖ
2638 1717 2734 1786 μὲν
2774 1719 2885 1777 τοῖς
2931 1716 3174 1785 ἀνοήτοις
3230 1707 3369 1763 εἶναι

1808 1800 1996 1863 κακὸν,
2022 1801 2120 1852 οὐκ
2143 1800 2257 1853 ἔστι
2288 1800 2363 1861 δέ,
2388 1799 2520 1852 άλλά
2558 1798 2691 1867 πρὸς
2716 1799 2813 1868 τὴν
2848 1798 3055 1867 ἡμέραν
3087 1796 3217 1865 ήμίν
3244 1810 3368 1845 συν-

1806 1882 1969 1942 τελεῖ,
2003 1881 2093 1934 καὶ
2120 1883 2255 1952 πρὸς
2293 1882 2389 1943 τὰς
2419 1882 2673 1951 ἐργασίας
2703 1883 2760 1935 ἐν
2798 1880 2933 1951 αὐτῇ
2972 1879 3097 1939 τοὺς
3131 1878 3372 1928 ἀναπαυο

1809 1962 2072 2032 σαμένους
2099 1963 2561 2033 ἐπιτηδειοτέρους
2605 1962 3035 2022 κατασκευάζειο
3073 1956 3215 2009 οὕτω
3253 1955 3371 2007 οὐδὲ

1808 2045 2149 2112 αίχμαλωσία
2181 2044 2411 2112 φαῦλονο
2460 2045 2588 2112 περὶ
2624 2040 2692 2112 ἦς
2722 2046 2748 2095 6
2785 2043 3070 2112 προφήτης
3107 2038 3373 2104 διελέγετο

1806 2125 1998 2193 λέγων,
2045 2126 2099 2177 '0
2135 2125 2319 2178 ποιῶν
2343 2123 2612 2191 εἰρήνην,
2643 2122 2741 2175 καὶ
2790 2122 2997 2183 κτίζων
3024 2120 3179 2174 κακά
3205 2138 3216 2151 ·
3241 2118 3374 2171 ἀλλά

1810 2205 2221 2275 χρησιμώτερον
2246 2208 2356 2267 τοῖς
2384 2207 2461 2267 εἰς
2487 2204 2604 2257 δέον
2633 2204 2934 2273 χρωμένοις
2958 2219 2971 2233 ⁸
3007 2200 3375 2272 σωφρονεστέ-

1813 2304 1937 2356 ρους
1962 2286 2016 2339 δέ
2046 2288 2137 2341 καὶ
2181 2286 2614 2355 ἐπιεικεστέρους
2642 2288 2785 2339 ποιεῖ
2821 2285 3223 2355 περικόπτουσα
3243 2281 3374 2336 ἀπό-

1811 2386 1869 2421 νο
1875 2386 1977 2422 ιαν.

1893 2450 2213 2505 Ἀδούλωτον
2244 2451 2351 2523 γάρ
2381 2454 2413 2522 ή
2450 2453 2641 2523 ἀρετή,
2687 2451 2779 2503 καὶ
2813 2450 2962 2504 οὐδὲν
3004 2449 3175 2519 αὐτῆς
3218 2464 3373 2517 περι-

1809 2532 2056 2599 γενέσθαι
2078 2531 2276 2585 δύναιτ’
2317 2534 2401 2598 ἀν,
2430 2535 2491 2586 ού
2517 2533 2747 2597 δουλεία,
2772 2533 2873 2585 οὐκ
2906 2530 3275 2602 αἰχμαλωσία,
3310 2529 3372 2581 οὐ

1810 2613 1987 2675 πενία,
2022 2615 2080 2666 οὐ
2109 2614 2278 2679 νόσος,
2309 2616 2406 2667 οὐκ
2461 2615 2615 2679 αὐτὸ,
2659 2615 2686 2667 6
2726 2614 2940 2667 πάντων
2980 2611 3373 2683 τυραννικώτε-

1813 2712 1924 2765 ρον,
1956 2697 1984 2745 6
2003 2696 2248 2757 θάνατος.
2286 2696 2394 2749 Καὶ
2421 2696 2668 2765 δηλοῦσιν
2697 2697 2934 2757 ἅπαντες
2966 2695 3014 2747 οἰ
3034 2693 3207 2748 ταῦτα
3239 2694 3373 2746 ὑπο-

1815 2775 2090 2843 μείναντες
2115 2775 2350 2838 ἀπαντα,
2385 2778 2477 2829 καὶ
2502 2775 2568 2829 δι’
2592 2776 2769 2829 αὐτῶν
2807 2776 3069 2847 μειζόνως
3114 2774 3375 2844 λάμψαν-

1812 2874 1923 2919 τες.
1948 2855 2011 2909 Τί
2049 2855 2156 2928 γάρ
2186 2855 2276 2908 τὸν
2321 2856 2517 2927 Ἰωσὴφ
2564 2857 2796 2927 ἔϐλαψεν
2842 2859 2873 2928 ή
2916 2856 3160 2918 δουλείας
3203 2855 3376 2925 (οὐδὲν

1812 2941 1919 3007 γὰρ
1950 2938 2146 2991 κωλύει
2176 2939 2335 2991 πάλιν
2370 2940 2461 2992 τὸν
2512 2940 2675 2993 αὑτὸν
2706 2940 2872 3012 ἄνδρα
2908 2942 2985 3003 εἰς
3031 2940 3194 3009 μέσον
3235 2940 3371 3004 ἀγαο

1812 3024 1927 3087 γεῖν
1951 3021 1988 3089 ·)
2020 3021 2074 3071 τί
2106 3020 2214 3090 γάρ
2244 3021 2312 3073 τά
2355 3021 2563 3091 δεσμά;
2608 3024 2657 3075 τί
2696 3022 2752 3076 δέ
2797 3025 2852 3077 αἰ
2888 3024 3102 3085 ἁλύσεις
3128 3038 3141 3085 ;
3172 3020 3223 3073 τί
3257 3022 3313 3073 δὲ
3340 3023 3373 3089 ή

1816 3104 2178 3171 συκοφαντία;
2202 3104 2254 3155 τί
2277 3104 2331 3156 δὲ
2364 3106 2395 3173 ή
2420 3104 2677 3173 ἐπιϐουλή
2700 3122 2715 3168 ;
2750 3106 2802 3158 τί
2830 3106 2887 3158 δέ
2910 3108 2943 3175 ἡ
2968 3107 3058 3158 ἐπὶ
3090 3105 3189 3174 τῆς
3217 3103 3373 3157 ἀλλο-

1813 3185 1964 3253 τρίας
1982 3184 2229 3255 διατριϐή
2251 3202 2264 3246 ς
2293 3186 2335 3236 Τ
2343 3186 2357 3237 ί
2386 3186 2476 3237 τὸν
2513 3186 2684 3256 Ἰῶϐή
2714 3187 2820 3238 τῶν
2845 3186 3134 3255 βουκολίων
3161 3183 3377 3236 καὶτῶν

1814 3266 2073 3335 ποιμνίων
2102 3266 2399 3335 ἀναίρεσις.
2430 3268 2458 3319 6
2483 3264 2654 3334 βίαιος
2684 3268 2777 3319 καὶ
2802 3268 2978 3337 ἄωρος
3016 3265 3125 3319 τῶν
3168 3264 3374 3317 παίδων

1812 3346 2057 3410 θάνατος,
2095 3347 2128 3414 ή
2156 3345 2336 3417 πληγὴ
2362 3346 2455 3399 τοῦ
2487 3348 2753 3418 σώματος,
2780 3350 2835 3403 αἰ
2876 3348 3048 3418 πηγαὶ
3086 3346 3194 3399 τῶν
3230 3364 3376 3398 σκω-

1810 3427 2067 3499 λήκων,ή
2098 3426 2254 3497 ὀδύνη
2282 3430 2314 3497 ὴ
2341 3429 2731 3501 ἀκαρτέρητος,
2772 3431 2805 3500 ἡ
2850 3431 2942 3483 ἐπὶ
2991 3430 3090 3499 τῆς
3142 3427 3375 3498 κοπρίας

1810 3509 2064 3580 καθέδρα,
2094 3510 2128 3579 ἡ
2159 3510 2414 3581 ἐπιϐουλὴ
2459 3510 2557 3581 τῆς
2604 3512 2878 3580 γυναικὸς,
2929 3512 2997 3566 τὰ
3047 3511 3225 3580 ὀνείδη
3266 3510 3375 3562 τῶν

1810 3592 1999 3658 φίλων,
2032 3592 2085 3643 αἰ
2113 3591 2371 3662 λοιδορίαι
2404 3592 2513 3645 τῶν
2551 3593 2809 3658 οἰκετῶν;
2839 3594 2977 3646 Τίδέ
3013 3594 3101 3645 τὸν
3127 3594 3375 3660 Λάζαρον

1810 3673 1870 3725 τὸ
1899 3676 1955 3728 ἐν
1986 3674 2063 3743 τῷ
2091 3674 2295 3727 πυλῶνι
2328 3674 2562 3737 κεῖσθαι,
2588 3678 2681 3729 καὶ
2701 3679 2819 3739 ταῖς
2851 3675 3118 3743 γλώσσαις
3156 3673 3263 3727 τῶν
3286 3691 3378 3726 κυ-

1812 3754 1917 3807 νῶν
1976 3755 2395 3825 περιλείχεσθαι,
2456 3758 2550 3809 καὶ
2590 3756 2619 3809 6
2652 3751 2804 3827 λιμὸς
2848 3760 2875 3810 6
2904 3757 3173 3827 διηνεκὴς,
3211 3758 3301 3809 καὶ
3340 3757 3373 3816 ἡ

1814 3836 2081 3907 ὑπεροψία
2128 3838 2221 3890 τοῦ
2267 3838 2540 3903 πλουσίου,
2588 3842 2679 3893 καὶ
2724 3839 2795 3892 τὰ
2839 3840 3145 3911 τραύματα,
3203 3840 3295 3893 καὶ
3339 3842 3371 3909 ἡ

1814 3918 1963 3980 νόσος
1994 3921 2026 3989 ή
2057 3920 2348 3991 ἀφόρητος,
2384 3922 2475 3975 καὶ
2503 3923 2534 3991 ἡ
2566 3923 2769 3992 ἐρημία
2800 3922 2907 3976 τῶν
2938 3924 3370 3994 προϊσταμένων.

1813 4002 1905 4053 καὶ
1936 4003 1967 4070 ή
2001 4001 2266 4070 ὑπεροψία
2306 4004 2413 4057 τῶν
2449 4002 2816 4073 βοηθούντων;
2844 4005 2909 4057 Τί
2939 4005 2995 4059 δέ
3027 4006 3116 4059 τὸν
3162 4006 3371 4058 Παῦλον

1811 4084 1866 4136 αἱ
1891 4083 2105 4147 νιφάδες
2128 4083 2347 4137 ἐκείνων
2362 4085 2470 4135 τῶν
2493 4084 2898 4154 δεσμωτηρίων,
2918 4086 3024 4138 τῶν
3039 4087 3369 4154 ἀπαγωγῶν,

1812 4164 1919 4215 τῶν
1950 4164 2214 4228 θανάτων,
2249 4165 2358 4217 τῶν
2390 4166 2863 4233 καταποντισμῶν,
2882 4168 2990 4220 τῶν
3016 4168 3213 4222 λοιπῶν
3254 4187 3373 4221 πεις

1815 4245 2056 4315 ρασμῶν,
2100 4246 2167 4308 ἀς
2220 4247 2339 4299 οὐδὲ
2382 4245 2524 4318 λόγῳ
2586 4248 2944 4319 ἐξαριθμῆσαι
3010 4251 3120 4317 ἐνις
3187 4253 3373 4305 Ταῦτα

1811 4324 2024 4379 ἅπαντα
2068 4326 2533 4397 ἀναλογισάμενοι,
2580 4331 2775 4384 κακίαν
2816 4332 3122 4403 φεύγωμεν,
3172 4334 3371 4405 ἀρετὴν

1809 4405 2117 4477 διώκωμεν·
2148 4409 2241 4461 καὶ
2275 4410 2557 4479 εὐχώμεθα
2601 4412 2698 4481 μὲν
2733 4412 2807 4483 μὴ
2836 4415 3090 4468 εἰσελθεῖν
3124 4417 3202 4477 εἰς
3250 4433 3370 4468 πει·

1815 4490 2052 4559 ρασμόν·
2092 4491 2139 4543 εἰ
2175 4491 2231 4545 δέ
2263 4508 2390 4544 ποτε
2427 4492 2775 4564 ἐμπέσωμεν,
2811 4496 2885 4566 μὴ
2920 4497 3188 4567 ἀλύωμεν,
3236 4498 3371 4567 μηδι

1809 4570 2244 4641 δυσχεραίνωμεν
2260 4588 2273 4601 ·
2298 4574 2511 4643 καὶγὰρ
2538 4574 2677 4627 ὅπλα
2712 4576 2829 4628 ἐστὶ
2851 4578 3022 4630 ταῦτα
3044 4578 3244 4648 ἀρετῆς
3259 4582 3371 4642 τοῖς

1809 4652 1886 4713 εἰς
1910 4651 2025 4705 δέον
2057 4653 2379 4722 χρωμένοις,
2412 4656 2507 4707 καὶ
2530 4656 2865 4727 δυνησόμεθα
2894 4658 2980 4712 διὰ
3022 4661 3237 4713 πάντων
3278 4663 3371 4715 εὑ-

1808 4731 2047 4802 δοκιμεῖν
2184 4736 2463 4805 νήφωμεν,
2486 4737 2577 4789 καὶ
2603 4738 2709 4790 τῶν
2736 4740 2966 4794 αἰωνίων
2992 4742 3210 4810 ἀγαθῶν
3230 4744 3367 4798 ἀπο-

1808 4813 2031 4897 λαῦσαισ
2068 4809 2143 4869 ὧν
2171 4817 2378 4882 γένοιτο
2411 4818 2614 4881 πάντας
2651 4822 2796 4889 ἡμᾶς
2825 4809 3100 4895 ἐπιτυχεῖν
3132 4827 3190 4879 ἐν
3229 4828 3366 4897 Χρι-

1811 4896 1919 4966 στῷ
1968 4897 2140 4966 Ἰησοῦ
2196 4898 2275 4966 τῷ
2323 4898 2511 4969 Κυρίῳ
2566 4902 2739 4971 ήμῶν,
2770 4898 2815 4973 ᾧ
2865 4908 2897 4977 ή
2948 4908 3071 4973 δόξα
3122 4910 3201 4971 εἰς
3243 4911 3368 4974 τοὺς

1810 4980 2011 5042 αἰῶνας
2032 4979 2138 5033 τῶν
2164 4980 2395 5037 αἰώνων.
2446 4984 2636 5054 Ἀμήν.

2944 5812 3015 5871 10
