4144 6470
316 447 428 505 153
1107 445 1176 500 IN
1215 444 1438 516 ILLUD,
1476 447 1751 516 DOMINE,
1794 448 1930 505 NON
1968 449 2096 506 ssr
2135 450 2200 505 IN
2239 450 2517 519 ilOMINE,
2571 452 2718 511 ETC.
3413 481 3522 536 154

307 652 3483 700 Mm

1046 986 1389 1060 DOMINE,
1426 988 1584 1049 NON
1616 990 1759 1049 EST
1785 992 1865 1051 IN
1897 991 2213 1052 HOMINE
2246 991 2383 1051 VIA
2415 993 2619 1068 EJUS,
2652 1009 2785 1053 ETC.

302 1230 462 1285 ἰδεῖν.
500 1231 672 1286 Τοῦτο
710 1235 810 1304 μὲν
839 1234 947 1307 γὰρ
984 1235 1092 1289 ἀπὸ
1118 1238 1227 1290 τῶν
1278 1238 1521 1293 παλαιῶν
1551 1242 2007 1311 παραδειγμάτων
2055 1242 2219 1297 αὐτοῦ
2247 1244 2511 1309 (fortassis
2556 1244 2773 1315 αὐτοὺς)
2804 1243 3037 1314 ἐλέγχει,
3076 1242 3149 1307 ὡς
3197 1244 3325 1296 ὅταν
3357 1243 3512 1315 λέγη,

314 1341 453 1395 Ἰδοὺ
480 1342 579 1406 τὰς
605 1344 757 1407 ὁδούς
792 1363 883 1399 σου
911 1348 969 1399 ἐν
992 1347 1070 1418 τῷ
1102 1347 1456 1419 πολυανδρίῳ,
1486 1350 1579 1401 καὶ
1606 1350 1672 1402 τὰ
1702 1350 1845 1420 ἑξῆς.
1881 1371 1899 1403 ο

384 1471 509 1529 Haec
534 1475 601 1531 de
626 1475 934 1547 huiusmodi
962 1477 1400 1547 Commentariis,
1442 1481 1531 1548 qui
1559 1483 1804 1538 consulto
1838 1484 2181 1552 praetermissi
2205 1493 2349 1539 sunt.
2391 1484 2516 1540 Haec
2541 1494 2721 1539 autem
2744 1485 2962 1539 homilia
2994 1486 3045 1541 in
3076 1487 3253 1541 locum
3273 1485 3515 1545 Jeremia

300 1606 530 1676 optimae
548 1618 690 1666 nota
712 1619 814 1678 est,
837 1612 1054 1683 suisque
1076 1628 1133 1669 se
1160 1614 1369 1670 indiciis
1394 1616 1573 1685 prodit
1598 1632 1718 1673 esse
1763 1618 2151 1691 Chrysostomi.
2182 1623 2318 1676 Nam
2359 1624 2460 1677 sub
2511 1622 2722 1677 initium
2768 1623 2845 1677 ait
2880 1636 2939 1677 se
2970 1636 3143 1692 nuper
3176 1622 3243 1677 de
3274 1620 3419 1677 Petri
3464 1632 3514 1678 et

299 1744 464 1800 Pauli
486 1750 849 1806 controversia
883 1752 1075 1824 egisse,
1123 1762 1411 1824 posteaque
1437 1770 1495 1811 se
1524 1757 1664 1812 beati
1693 1759 1959 1813 Eustathii
2004 1762 2273 1829 praeconia
2304 1777 2553 1818 sermone
2587 1764 2923 1834 complexum
2950 1780 3090 1833 esse,
3142 1776 3303 1839 atque
3327 1767 3516 1824 deinde

303 1878 375 1933 S.
415 1878 641 1935 Romani
690 1883 937 1953 martyris
976 1885 1161 1941 laudes
1190 1889 1553 1956 percurrisse:
1588 1888 1741 1959 queis
1774 1889 2039 1945 indicatur
2066 1892 2206 1947 hanc
2233 1893 2548 1948 concionem
2571 1895 2865 1951 secundum
2919 1898 3035 1953 illas
3065 1914 3253 1954 omnes
3280 1901 3516 1957 habitam

299 2013 498 2071 fuisse.
546 2016 605 2072 ln
626 2021 770 2076 nulla
795 2039 956 2092 porro
977 2038 1162 2079 earum
1199 2024 1324 2079 anni
1350 2033 1475 2080 nota
1509 2026 1592 2081 vel
1620 2025 1839 2081 minima
1869 2037 2164 2098 comparet.
2195 2028 2359 2101 quue
2383 2033 2559 2089 solum
2589 2034 2859 2103 novimus,
2883 2050 2975 2092 eas
2999 2052 3187 2094 omnes
3222 2037 3514 2094 Antiochia

300 2150 520 2207 habitas
548 2153 737 2211 fuisse.
771 2157 964 2227 Agitur
993 2159 1081 2214 hic
1107 2160 1175 2214 de
1201 2160 1292 2215 illo
1318 2160 1579 2215 versiculo
1608 2160 1871 2226 Jeremize,
1900 2160 2139 2227 Domine,
2186 2180 2288 2217 non
2316 2166 2466 2219 estin
2511 2166 2713 2221 homine
2742 2168 2826 2221 via
2854 2169 2987 2237 ejus,
3020 2186 3180 2239 neque
3215 2172 3366 2225 homo
3402 2172 3512 2236 ibit,

300 2296 360 2341 es
389 2288 574 2359 diriget
602 2306 833 2361 gressum
854 2309 1026 2347 suum.
1067 2293 1140 2348 Ex
1169 2295 1364 2363 quibus
1409 2296 1587 2350 verbis
1627 2298 1840 2365 quidam
1888 2298 2225 2353 occasionem
2255 2301 2544 2370 captabant
2572 2303 2725 2358 liberi
2767 2305 2983 2361 tollendi
3028 2308 3253 2363 arbitrii.
3278 2309 3387 2365 Hos
3415 2325 3514 2379 pro

297 2430 449 2486 virili
477 2431 720 2485 confutat
758 2430 815 2485 S.
849 2432 1055 2487 doctor.

378 2564 754 2636 lnterpretatio
788 2565 975 2621 Latina
1012 2576 1095 2620 est
1132 2567 1417 2621 Frontonis
1447 2568 1644 2622 Ducaei.

2159 2833 2295 2841 —_—-_

3354 2837 3499 2852 -η

324 3032 393 3076 ll
436 3030 646 3075 LOCUM
687 3027 881 3070 ILLUM
922 3025 1265 3068 PROPHETB
1307 3025 1618 3082 JEREMIE,
1662 3024 1929 3081 DOMINE,
1976 3026 2097 3070 NON
2142 3026 2252 3069 EST
2293 3027 2357 3069 IN
2401 3029 2646 3072 HUMINE
2691 3031 2792 3073 νιΑ
2839 3030 2984 3074 EJUS
3011 3058 3027 3088 ,
3080 3031 3286 3085 NEQUE
3333 3034 3511 3078 HOMO

1048 3133 1198 3187 lBl'l‘,
1242 3130 1322 3173 nr
1362 3130 1619 3173 DIMGBT
1664 3129 1945 3173 GRESSUII
1972 3128 2140 3173 suum
2183 3110 2269 3189 (a)
2315 3107 2469 3190 (Jer.
2518 3114 2612 3171 10.
2657 3113 2781 3192 23).
3290 3110 3291 3113 “

1566 3295 1836 3308 ..υ-

1839 3272 1996 3326 ωδ

369 3446 422 3499 i.
448 3443 615 3513 Hujus
652 3440 913 3496 sensibilis
939 3439 1262 3509 publicazque
1292 3442 1390 3491 viae
1418 3445 1588 3506 partes
1615 3436 1852 3505 quaidam

293 3534 469 3604 planas
493 3530 705 3601 quidem
737 3538 859 3584 sunt
881 3543 943 3582 ac
966 3528 1141 3593 laeves,
1170 3526 1404 3596 quaedam
1426 3540 1553 3579 vero
1576 3535 1854 3594 praeruptae

291 3634 457 3693 atque
496 3636 733 3691 asperae;
781 3618 858 3674 sic
895 3629 948 3673 et
989 3617 1272 3685 Scriptura:
1315 3630 1479 3671 sacra:
1518 3625 1694 3685 partes
1737 3615 1854 3669 alia:

292 3722 427 3767 sunt
450 3728 512 3768 ex
539 3726 598 3767 se
623 3711 865 3765 omnibus
890 3709 1156 3764 intellectu
1190 3708 1401 3774 faciles,
1445 3708 1563 3761 alia:
1600 3707 1853 3774 majorem

293 3804 621 3873 diligentiam
661 3816 724 3855 ac
751 3801 982 3855 laborem
1023 3800 1314 3867 requirunt.
1360 3800 1436 3852 Ac
1473 3812 1569 3851 nos
1606 3797 1846 3865 quidem,

292 3909 419 3948 cum
455 3908 549 3962 per
576 3890 843 3960 planitiem
882 3889 1172 3958 levemque
1213 3888 1355 3941 viam
1395 3886 1718 3952 incedimus,
1760 3902 1853 3942 ne-

294 3997 449 4037 cesse
477 3997 579 4035 non
607 3989 704 4045 est,
739 3989 795 4033 ut
821 3978 1099 4033 admodum
1126 3979 1306 4032 attenti
1336 3979 1538 4035 simus;
1577 3992 1695 4031 cum
1726 3992 1851 4031 vero

294 4088 394 4144 per
412 4086 651 4141 asperam
673 4078 725 4125 et
748 4077 1041 4138 angustam,
1065 4082 1283 4136 quaeque
1303 4081 1360 4121 se
1384 4066 1447 4120 ad
1471 4066 1637 4135 ipsum
1658 4067 1850 4121 montis

292 4176 549 4215 cacumen
574 4158 840 4223 extendat,
868 4166 921 4212 et
946 4157 1244 4226 przecipitiis
1262 4156 1485 4226 undique
1505 4155 1847 4211 circumclusa

295 4251 400 4314 sit,
451 4262 559 4305 tum
586 4250 726 4319 vigili
752 4258 927 4303 mente
955 4248 1105 4303 nobis
1131 4262 1261 4316 opus
1282 4256 1397 4313 est,
1432 4262 1551 4301 cum
1581 4247 1680 4301 loci
1708 4246 1848 4301 diffi-

292 4342 464 4395 cultas
490 4351 698 4409 torpere
726 4355 828 4393 non
874 4339 1032 4393 sinat.
1078 4338 1421 4404 Quantumvis
1459 4337 1598 4391 enim
1643 4336 1848 4392 modice

292 4431 412 4499 quis
438 4430 759 4498 negligenter
779 4428 1015 4497 aspiciat,
1043 4427 1086 4480 si
1115 4426 1284 4481 solum
1308 4441 1398 4494 pes
1418 4426 1737 4494 prolabatur,
1764 4435 1846 4480 to-

294 4531 405 4573 tum
434 4534 627 4588 corpus
652 4518 702 4573 in
730 4533 966 4587 prazceps
994 4518 1136 4582 ruit,
1185 4526 1238 4572 et
1279 4518 1322 4571 si
1350 4518 1401 4571 in
1440 4518 1626 4571 vallem
1677 4519 1847 4587 capite

292 4614 545 4667 inclinato
574 4610 902 4679 deSpexerit,
941 4609 1264 4664 tenebricosa
1290 4617 1564 4677 correptus
1595 4610 1846 4679 vertigine

289 4701 621 4755 deturbatur.
648 4699 737 4754 Sic
762 4710 815 4753 et
838 4699 890 4753 in
921 4698 1188 4767 Scriptura
1213 4698 1384 4751 divina
1404 4699 1640 4767 quandam
1666 4699 1845 4755 faciles

289 4798 415 4843 sunt
440 4803 503 4842 ac
532 4789 702 4855 plana:
726 4788 997 4841 sententiae
1016 4826 1032 4850 ,
1062 4800 1191 4854 quas
1219 4787 1333 4840 sine
1356 4787 1534 4841 labore
1564 4788 1685 4842 licet
1726 4805 1844 4856 pcr-

288 4892 505 4933 currere
538 4894 552 4930 :
580 4875 818 4945 qumdam
843 4874 1135 4942 asperiores
1161 4882 1214 4927 et
1239 4884 1513 4943 prazrupta:
1530 4915 1544 4935 .
1588 4891 1714 4944 quas
1739 4892 1843 4932 non

290 4970 361 5023 ita
390 4968 539 5022 facile
564 4966 718 5021 fuerit
756 4979 1046 5034 permeare.
1076 4964 1355 5033 Propterea
1387 4966 1567 5035 vigiles
1592 4976 1644 5021 et
1671 4977 1843 5022 atten-

290 5069 374 5114 tos
394 5073 513 5113 esse
537 5066 755 5111 cunctos
780 5064 1019 5124 oportet,
1049 5055 1171 5109 dum
1199 5056 1455 5124 ejusmodi
1488 5057 1597 5113 loca
1626 5074 1842 5127 percur-

290 5151 453 5205 rimus
477 5190 492 5216 ,
535 5162 601 5202 ne
644 5146 698 5199 in
740 5160 1002 5199 summum
1028 5146 1210 5199 salutis
1242 5147 1525 5203 discrimen
1553 5149 1840 5205 veniamus.

293 5238 488 5294 Idcirco
520 5250 618 5292 nos
643 5234 905 5289 interdum
932 5235 982 5287 in
1025 5233 1347 5291 facilioribus
1385 5251 1477 5290 vos
1512 5253 1838 5306 exercemus,

290 5341 678 5398 nonnumquam
702 5325 768 5379 ad
797 5322 1087 5377 dimciliora
1106 5323 1434 5392 deducimus,
1459 5336 1515 5379 ut
1535 5339 1587 5381 et
1612 5327 1839 5385 laborem

285 5422 515 5478 levemus
540 5463 555 5485 ,
594 5429 649 5477 et
675 5418 1044 5489 negligentiam
1082 5423 1421 5477 excutiamus.
1464 5422 1530 5477 Ut
1572 5424 1709 5477 enim
1752 5426 1839 5493 qui

279 5529 483 5587 semper
510 5511 820 5568 facilitatem
848 5509 1205 5577 experiuntur,
1231 5511 1557 5567 remissiores
1580 5514 1708 5566 liunt
1732 5532 1744 5565 :
1769 5515 1835 5568 ita

324 5671 395 5786 ξι.)
429 5669 622 5738 Collata
646 5677 758 5719 cum
783 5659 898 5713 Cod.
923 5667 1038 5745 Reg.
1060 5661 1198 5721 2543,
1217 5673 1266 5712 et
1282 5676 1389 5711 cum
1412 5665 1697 5715 Colbertints
1719 5666 1838 5715 {030

396 5736 469 5786 15.
504 5732 559 5781 In
588 5725 733 5777 titulo
757 5733 866 5786 post
888 5722 978 5786 has
997 5736 1157 5782 Voces,
1180 5735 1391 5786 gressmn
1409 5738 1561 5786 suum,
1588 5726 1687 5777 tunc
1709 5727 1837 5776 addit

258 5742 308 5786 et
327 5722 469 5786 His.
504 5732 559 5781 In
588 5725 733 5793 titulo
752 5733 866 5793 post
888 5722 978 5792 has
994 5722 1157 5782 Voces,
1180 5735 1391 5786 gressmn
1409 5738 1561 5786 suum,
1588 5726 1687 5777 tunc
1709 5727 1837 5776 addit

251 5783 467 5857 ivisti,
498 5800 548 5843 et
572 5783 768 5848 dirige!
787 5783 911 5834 riam
932 5783 1049 5844 ejus.

1958 3434 2047 3501 qui
2076 3443 2331 3502 perpetuo
2357 3433 2420 3487 ad
2448 3433 2713 3499 asperiora
2742 3432 3145 3500 pertrahuntur,
3177 3431 3409 3485 animum
3437 3431 3515 3485 la-

1957 3523 2085 3577 bore
2124 3522 2393 3593 defatigati
2442 3521 2789 3591 despondent.
2838 3521 3090 3588 Quocirca
3133 3521 3352 3575 mixtum
3398 3536 3517 3577 esse

1958 3621 2166 3681 Oportet
2193 3613 2447 3667 doctrinae
2472 3627 2635 3681 genus
2654 3652 2668 3676 ,
2716 3620 2771 3667 et
2813 3626 2952 3666 nunc
2981 3611 3189 3680 quidem
3218 3611 3345 3677 hoc,
3374 3626 3518 3666 nunc

1957 3710 2136 3755 autem
2173 3700 2300 3755 illud
2326 3709 2553 3755 tractare
2576 3739 2591 3764 ,
2634 3709 2690 3754 ut
2729 3714 2898 3769 neque
2927 3714 3077 3755 meus
3121 3700 3256 3754 ultra
3297 3700 3510 3754 modum

1956 3792 2255 3857 relaxetur,
2304 3807 2475 3862 neque
2514 3806 2696 3846 rursus
2735 3792 2852 3860 plus
2876 3806 3033 3861 quam
3062 3806 3158 3861 par
3193 3800 3273 3846 est
3316 3791 3510 3845 intenta

1956 3881 2224 3951 frangatur
2243 3924 2258 3945 ,
2283 3891 2339 3937 et
2371 3882 2636 3936 laboribus
2664 3881 2943 3951 defatigata
2970 3880 3197 3935 deficiat.
3226 3881 3511 3946 Propterea

1956 3986 2123 4038 nuper
2146 3986 2267 4025 cum
2291 3971 2358 4026 de
2393 3970 2551 4026 Petro
2575 3980 2629 4025 et
2654 3971 2815 4025 Paulo
2848 3970 3277 4024 disseruissemus
3315 3970 3333 4039 (
3357 3968 3511 4023 Tomo

1954 4056 2074 4124 111,
2098 4059 2198 4113 col.
2215 4059 2311 4112 371
2337 4057 2493 4129 sqq.),
2520 4067 2572 4111 et
2592 4057 2659 4112 de
2684 4067 2860 4111 exorta
2888 4057 3026 4111 inter
3052 4056 3194 4127 ipsos
3220 4057 3511 4112 Antiochia:

1953 4147 2309 4201 controversia
2333 4187 2347 4209 ,
2391 4158 2720 4215 pugnamque
2750 4146 2892 4199 illam
2916 4185 2931 4210 ,
2964 4161 3081 4215 qua:
3101 4146 3241 4201 inter
3271 4160 3363 4201 eos
3391 4162 3510 4203 esse

1952 4235 2263 4299 videbatur,
2313 4251 2441 4305 pace
2483 4237 2667 4302 quavis
2696 4236 2956 4290 utiliorem
2999 4235 3149 4292 vobis
3190 4236 3510 4291 ostendisse-

1954 4341 2069 4380 mus
2092 4368 2108 4393 ,
2148 4342 2374 4397 cumque
2413 4328 2476 4381 ad
2514 4336 2826 4396 prmruptam
2863 4337 2915 4382 et
2942 4342 3182 4396 aSperam
3224 4342 3319 4382 vos
3364 4329 3506 4381 illam

1952 4416 2089 4470 viam
2130 4417 2526 4472 deduxissemus
2555 4433 2573 4470 :
2608 4419 2853 4487 quoniam
2895 4418 3202 4486 defatigatos
3248 4416 3501 4480 vidimus,

1951 4506 2189 4576 sequenti
2231 4507 2316 4561 die
2354 4506 2421 4560 ad
2446 4507 2587 4561 aliud
2613 4515 2975 4574 argumentum
3019 4520 3110 4557 vos
3150 4503 3502 4569 traduximus,

1950 4595 2077 4649 dum
2117 4596 2256 4651 beati
2301 4595 2556 4650 Eustathii
2595 4595 2852 4665 praeconia
2898 4592 3259 4660 narravimus,
3307 4605 3506 4664 etpost

1952 4684 2096 4736 illum
2148 4687 2391 4752 generosi
2447 4683 2690 4752 martyris
2733 4682 2953 4736 Romani
3009 4683 3188 4739 laudes
3236 4687 3503 4753 percurri-

1948 4788 2065 4826 mus
2092 4769 2161 4842 (α
2183 4773 2200 4840 )
2219 4811 2234 4835 ,
2269 4786 2386 4824 cum
2425 4771 2675 4826 illustrius
2704 4772 2854 4825 nobis
2881 4772 3070 4826 factum
3100 4781 3181 4829 est
3206 4773 3465 4829 theatrum
3484 4816 3501 4841 ,

1950 4861 2169 4929 amplior
2194 4862 2494 4930 applausus,
2524 4875 2587 4915 ac
2615 4861 2782 4931 major
2810 4863 3057 4932 strepitus
3078 4864 3497 4920 acclamantium.

1948 4951 2017 5005 Ut
2042 4952 2181 5005 enim
2212 4952 2254 5005 si
2284 4953 2401 5020 quis
2427 4952 2512 5005 ubi
2537 4951 2776 5007 defessus
2804 4952 2978 5019 fuerit,
3008 4953 3199 5008 deinde
3223 4955 3273 5007 in
3298 4960 3500 5021 pratum

1948 5040 2303 5108 ingrediatur,
2331 5040 2555 5109 gaudet,
2587 5056 2649 5095 ac
2683 5040 2993 5107 delectatur,
3025 5042 3147 5095 dum
3184 5040 3313 5095 nihil
3348 5055 3501 5111 aspe-

1946 5143 2084 5192 rum,
2112 5129 2239 5183 nihil
2270 5130 2543 5184 molestum
2572 5130 2830 5195 intuetur,
2862 5128 2951 5183 sed
2979 5128 3374 5195 recreationem,
3401 5145 3501 5185 vo-

1946 5219 2219 5287 luptatem,
2243 5234 2304 5273 ac
2324 5219 2536 5276 delicias
2564 5219 2753 5272 multas
2778 5235 2790 5271 :
2819 5217 2895 5271 sic
2923 5225 2973 5270 et
2996 5231 3088 5271 vos
3114 5226 3221 5271 tum
3248 5220 3506 5287 temporis

1946 5310 2117 5363 allecti
2147 5310 2308 5362 eratis
2332 5348 2345 5371 ,
2376 5310 2500 5362 dum
2529 5316 2641 5375 post
2682 5306 2887 5359 labores
2931 5305 3051 5360 illos
3078 5320 3140 5360 ac
3159 5305 3505 5364 difﬁcultates

1947 5398 2214 5451 conciouis
2260 5399 2435 5461 illius,
2482 5405 2745 5463 tamquam
2795 5395 2848 5449 in
2896 5404 3100 5464 pratum
3141 5396 3418 5466 quoddam
3440 5410 3498 5449 tn

1948 5497 2232 5557 martyrum
2262 5487 2441 5540 laudes
2479 5487 2729 5555 ingressi,
2774 5486 2933 5540 multa
2961 5501 3081 5541 cum
3110 5490 3498 5559 tranquillitate

1945 5579 2049 5631 illis
2068 5593 2161 5631 vos
2188 5578 2391 5632 deliciis
2416 5578 2735 5647 explevistis.
2766 5577 2878 5635 Non
2906 5581 3043 5634 enim
3073 5588 3182 5635 tum
3207 5590 3356 5635 erant
3379 5596 3500 5649 prc-

2289 5730 2461 5840 de
2484 5738 2527 5781 s.
2569 5733 2807 5785 Eustatbio
2846 5738 2897 5785 et
2922 5734 2985 5784 de
3008 5740 3050 5784 s.
3083 5742 3283 5786 nomne
3308 5741 3500 5779 sermo-

2001 5729 2073 5789 (a)
2106 5736 2195 5776 Pan

1940 5802 2030 5837 nes
2052 5796 2194 5838 't‘omo
