4144 6472
590 443 700 499 155

585 547 867 601 hensiones
897 556 958 595 ac
985 537 1149 592 mutui
1176 548 1342 589 nexus
1362 574 1375 596 ,
1410 545 1580 601 neque
1605 529 1760 583 luctze
1806 540 1869 579 ac
1913 521 2140 576 declina-

586 638 756 690 tiones
785 632 849 701 (a
867 629 1028 699 ),sed,
1056 627 1265 681 nemine
1286 623 1608 684 obluctante,
1638 618 1746 672 sola
1773 612 2033 683 expedita,
2064 625 2149 663 so-

583 727 693 780 luta
738 732 791 778 et
836 721 995 773 lihera
1044 716 1215 770 oratio
1253 710 1574 768 decertabat.
1639 706 1840 761 ldcirco
1882 713 2052 755 antem
2096 708 2149 753 et

584 812 839 869 illustrior
866 818 995 872 erat,
1021 815 1073 861 et
1099 804 1262 859 sacris
1288 798 1630 856 conventibus
1655 796 1843 863 aptior,
1871 792 2147 859 majorem-

586 918 690 974 que
717 900 923 956 laudem
952 894 1274 965 reportabat.
1304 892 1433 945 Cum
1456 888 1595 943 enim
1623 902 1704 950 ea,
1735 900 1852 953 qua:
1883 882 2146 943 dicuntur,

590 972 709 1049 eum
737 990 983 1047 facilitate
1009 1000 1158 1041 mens
1185 984 1483 1038 auditorum
1517 977 1830 1045 assequitur,
1864 972 2027 1025 multa
2052 984 2149 1023 vo-

590 1084 786 1152 luptate
814 1080 1046 1149 perfusa,
1076 1074 1139 1129 ad
1169 1070 1598 1127 acclamationem
1626 1073 1678 1119 et
1698 1062 1904 1118 laudem
1927 1059 2152 1114 oratoris

594 1173 876 1228 excitatur.
914 1164 1133 1235 Quando
1176 1163 1332 1233 igitur
1354 1157 1562 1215 abunde
1590 1170 1682 1210 vos
1716 1154 1800 1208 his
1842 1151 2030 1206 diebus
2068 1163 2151 1202 re-

589 1261 911 1321 creavimus,
943 1270 1110 1326 neque
1136 1253 1414 1308 molestum
1444 1257 1536 1302 aut
1561 1260 1719 1317 grave
1748 1242 2029 1313 quidquam
2061 1255 2151 1292 ve-

590 1363 719 1407 strae
761 1349 1050 1419 ohjecimus
1102 1345 1344 1409 caritati,
1386 1356 1483 1411 age
1533 1353 1715 1393 rursus
1760 1336 1915 1390 hodie
1955 1349 2050 1387 vos
2087 1332 2151 1385 ad

594 1442 824 1515 priorem
852 1438 1282 1494 exercitationem
1310 1432 1663 1494 traducamus,
1689 1436 1743 1483 et
1785 1426 1852 1481 ad
1880 1425 1965 1480 illa
2007 1424 2153 1479 Scri-

594 1514 765 1604 ptura:
793 1529 1021 1587 difﬁcilia
1051 1529 1185 1593 loca,
1215 1540 1331 1596 qua:
1360 1522 1519 1577 multa
1546 1520 1780 1591 indigent
1823 1514 2154 1572 animadver-

596 1625 775 1688 sione,
808 1621 1180 1676 transferamus
1202 1659 1217 1685 ,
1260 1631 1365 1671 non
1408 1622 1466 1669 ut
1498 1612 1675 1667 labore
1700 1625 1793 1665 vos
1826 1608 2117 1677 afﬁigamus
2140 1646 2153 1670 ,

598 1711 692 1768 sed
722 1720 775 1765 ut
802 1722 1170 1770 exerceamus,
1199 1720 1304 1777 quo
1332 1704 1539 1775 possitis
1571 1702 1683 1756 haec
1711 1700 1866 1755 etiam
1898 1699 2011 1752 loca
2037 1711 2156 1751 cum

598 1801 879 1857 securitate
918 1813 1243 1867 percurrere.
1293 1796 1359 1850 Ut
1399 1808 1523 1862 ergo
1563 1801 1670 1845 tum
1719 1787 1969 1857 temporis
2011 1786 2158 1840 initio

599 1890 811 1961 quidem
854 1904 1022 1959 pugna
1053 1887 1289 1957 quaedam
1328 1898 1444 1938 esse
1481 1896 1542 1936 ac
1584 1882 1851 1935 contentio
1882 1878 2156 1931 videbatur

600 1980 979 2052 apostolorum,
998 1986 1270 2047 postquam
1291 1982 1465 2029 autem
1488 1971 1732 2041 scopulos
1753 1970 1869 2024 illos
1899 1981 2157 2023 conscen-

600 2072 807 2134 dimus,
839 2083 1048 2124 sursum
1078 2066 1268 2121 deinde
1291 2064 1519 2133 Spiritus
1552 2061 1777 2116 fructum
1821 2058 2120 2128 aspeximus
2143 2096 2157 2120 ,

600 2161 871 2217 caritatem
897 2200 910 2223 ,
939 2157 1183 2228 gaudium
1204 2194 1221 2222 ,
1261 2169 1442 2225 pacem
1474 2151 1622 2222 (Gal.
1656 2152 1708 2207 5.
1740 2147 1869 2221 22),
1901 2158 1955 2204 et
1993 2162 2161 2217 neque

601 2251 795 2317 inanis,
827 2264 998 2320 neque
1024 2260 1447 2318 supervacaneus
1478 2244 1572 2298 fuit
1593 2243 1738 2297 labor
1759 2252 1958 2307 noster,
1991 2242 2080 2296 sed
2108 2241 2159 2294 in

608 2342 844 2397 l:rtitiam
867 2340 1021 2395 desiit
1044 2356 1057 2393 :
1080 2339 1157 2393 sic
1181 2347 1233 2391 et
1255 2336 1413 2391 hodie
1437 2344 1725 2389 vestrarum
1755 2347 1967 2402 precum
1991 2332 2159 2386 subsi-

602 2431 691 2487 dio
721 2432 887 2485 fretus
917 2427 1148 2483 futurum
1174 2425 1385 2482 confido
1406 2466 1421 2489 ,
1460 2433 1538 2489 ut,
1570 2422 1615 2476 si
1643 2422 1898 2491 patienter
1918 2429 1971 2475 et
1999 2420 2158 2473 multa

601 2538 720 2578 cum
747 2519 1020 2576 tolerantia
1049 2515 1370 2589 propositum
1399 2515 1549 2569 nobis
1572 2515 1667 2568 iter
1689 2511 2051 2576 conﬁciamus,
2083 2518 2160 2564 at-

603 2626 705 2682 que
730 2610 794 2665 ad
823 2611 991 2680 ipsum
1018 2622 1270 2663 cacumen
1293 2603 1580 2660 ascendere
1607 2602 1886 2673 possimus,
1916 2600 2022 2654 illic
2050 2614 2160 2652 om-

603 2702 689 2756 nia
716 2702 869 2770 plana
894 2739 908 2766 ,
937 2699 1088 2753 lzevia
1112 2737 1127 2763 ,
1174 2709 1443 2766 pronaque
1470 2694 1814 2765 reperiamus.
1848 2690 1983 2759 Quid
2009 2692 2164 2760 igitur

601 2793 709 2863 jam
738 2790 891 2845 nobis
919 2800 999 2844 est
1040 2787 1404 2858 propositum?
1438 2784 1585 2853 Quod
1614 2783 1773 2839 hodie
1814 2799 1879 2837 ex
1906 2783 2161 2850 propheta

604 2882 800 2937 lectum
826 2889 908 2935 est
938 2898 951 2934 :
978 2878 1207 2943 Domine,
1239 2892 1339 2930 non
1364 2885 1435 2929 est
1454 2875 1506 2929 in
1535 2873 1732 2927 homine
1748 2873 1827 2926 oio
1856 2874 1981 2943 ejus,
2010 2887 2164 2938 neque

604 2975 695 3028 ibit
724 2973 904 3040 homo,
951 2980 996 3025 et
1044 2970 1225 3039 diriget
1267 2984 1489 3039 gressum
1530 2982 1671 3022 suum
1716 2965 1859 3038 (Jer.
1912 2966 1994 3020 10.
2034 2963 2158 3035 25).

616 3065 852 3134 Quaestio
881 3062 1091 3133 quidem
1122 3060 1235 3115 haec
1259 3069 1339 3116 est
1366 3076 1379 3113 :
1410 3073 1502 3114 vos
1526 3072 1651 3114 vero
1669 3098 1684 3125 ,
1713 3067 1769 3112 ut
1791 3055 2022 3112 studium
2042 3064 2165 3109 tunc

606 3157 938 3223 adhibuistis,
963 3156 1033 3210 ita
1050 3169 1189 3210 nunc
1208 3154 1486 3223 diligenter
1512 3150 1763 3207 attendite
1792 3167 1803 3202 :
1838 3164 2007 3219 neque
2025 3149 2163 3204 enim

606 3248 696 3302 illa
726 3247 898 3301 minor
922 3254 1003 3299 est
1035 3245 1147 3299 haec
1175 3244 1432 3314 qua-stio,
1463 3241 1556 3297 sed
1586 3241 1837 3310 majorem
1868 3254 2046 3294 curam
2078 3255 2165 3292 re-

606 3336 786 3405 quirit.
819 3334 950 3402 Quid
982 3334 1051 3387 ita
1073 3334 1096 3385 i
1118 3334 1374 3401 Quoniam
1408 3332 1493 3387 illa
1515 3330 1724 3402 quidem
1753 3330 1895 3384 Petri
1922 3338 1977 3384 et
2000 3329 2165 3393 Pauli,

607 3444 724 3498 qua:
757 3426 1029 3482 videbatur
1066 3439 1184 3481 esse
1227 3424 1583 3478 controversia
1605 3463 1620 3486 ,
1672 3437 1771 3477 nec
1804 3432 1977 3476 tamen
2020 3430 2166 3482 erat,

609 3536 715 3577 non
743 3520 814 3576 ita
839 3520 1017 3575 multis
1048 3526 1169 3574 nota
1191 3525 1324 3584 erat,
1354 3516 1494 3572 unde
1523 3531 1620 3572 nec
1650 3516 1789 3569 illam
1823 3514 2166 3584 ignorantiam

613 3613 903 3671 verisimile
951 3611 1049 3666 fuit
1105 3609 1324 3665 multum
1380 3610 1704 3665 invecturam
1747 3606 2167 3660 detrimentum:

612 3707 726 3761 haec
744 3714 916 3761 autem
934 3704 1193 3759 sententia
1213 3698 1584 3757 circumfertur
1603 3698 1814 3767 ubique,
1838 3697 1891 3751 in
1911 3696 2169 3759 domibus,

613 3797 666 3851 in
688 3794 834 3862 foris,
866 3794 919 3849 in
948 3793 1112 3863 pagis,
1142 3793 1193 3846 in
1223 3792 1460 3855 urbibus,
1483 3789 1534 3843 in
1559 3798 1715 3853 terra,
1749 3789 1799 3841 in
1829 3786 1979 3851 mari,
2012 3786 2062 3838 in
2095 3786 2173 3838 in-

614 3887 744 3942 sulis
772 3902 786 3939 :
814 3893 869 3941 et
894 3896 1223 3954 quocumque
1252 3889 1305 3935 te
1329 3879 1615 3935 contuleris
1635 3878 1826 3931 multos
1854 3876 2056 3940 audies,
2088 3876 2172 3944 qui

617 3983 732 4037 haec
749 3981 931 4036 dicunt
951 3996 965 4032 :
986 3978 1249 4046 Scriptum
1280 3984 1382 4039 est,
1407 3972 1528 4027 Non
1548 3980 1619 4026 est
1643 3969 1694 4023 in
1720 3969 1917 4022 homine
1936 3968 2015 4020 uia
2034 3969 2140 4037 ejus
2158 3982 2176 4019 :

618 4088 790 4144 neque
818 4068 987 4127 solum
1036 4069 1169 4123 hanc
1209 4065 1524 4122 sententiam
1553 4061 1879 4120 didicerunt,
1927 4057 2017 4113 sed
2048 4058 2179 4111 alias

619 4166 777 4220 etiam
801 4161 1000 4217 similes
1027 4160 1149 4213 huic
1172 4164 1488 4221 annectunt,
1521 4152 1642 4208 Non
1669 4160 1739 4205 est
1763 4149 1996 4213 volentis,
2028 4162 2182 4217 neque

621 4253 865 4310 currentis
908 4246 1339 4320 (Rom.9.16);
1383 4254 1435 4299 et
1480 4251 1597 4312 post
1624 4239 1753 4297 illud
1800 4252 2017 4302 rursus,
2065 4234 2183 4289 Nisi

626 4345 872 4402 Dominus
900 4336 1219 4409 aediﬁcaverit
1243 4335 1483 4398 domum,
1528 4333 1579 4385 in
1615 4345 1795 4383 uanum
1834 4329 2183 4380 laboraverunt

623 4438 707 4506 qui
727 4434 976 4502 aediﬁcant
1009 4444 1116 4483 eam
1151 4424 1331 4497 (Psai.
1360 4421 1482 4478 ηδ.
1512 4421 1578 4490 1)
1612 4438 1624 4474 :
1654 4419 1705 4474 id
1754 4431 1912 4487 porro
1952 4415 2181 4480 faciunt,

626 4528 763 4598 quod
810 4542 874 4581 ex
914 4522 1183 4592 Scriptura
1222 4518 1399 4573 divina
1439 4514 1805 4585 depromptum
1857 4508 2186 4578 negligentiae

628 4633 737 4672 sua:
761 4616 995 4670 velamen
1016 4609 1321 4675 obtendant,
1348 4615 1402 4663 et
1426 4606 1647 4661 salutem
1679 4616 1932 4673 spemque
1954 4610 2187 4653 nostram

632 4707 713 4761 his
743 4704 914 4759 verbis
939 4708 1196 4756 conentur
1229 4697 1534 4767 infringere.
1579 4693 1719 4750 Nihil
1764 4693 1904 4748 enim
1934 4690 2073 4744 aliud
2099 4704 2190 4759 per

630 4796 749 4855 haec
774 4790 1200 4853 voluutefﬁcere,
1230 4790 1351 4853 nisi,
1379 4788 1431 4843 in
1462 4793 1721 4856 potestate
1750 4793 1929 4838 nostra
1957 4780 2087 4835 nihil
2116 4781 2190 4835 si-

632 4886 746 4941 lum
776 4898 910 4938 esse.
948 4883 1131 4933 Actum
1163 4885 1244 4931 est
1268 4878 1335 4931 de
1363 4877 1524 4930 rebus
1557 4874 1752 4931 nostris
1780 4890 1794 4926 :
1825 4872 2014 4927 frustra
2046 4870 2193 4939 regni

634 4976 884 5027 caelorum
915 4968 1193 5038 promissio
1217 5006 1231 5029 ,
1270 4964 1461 5020 frustra
1491 4966 1645 5018 mima
1668 4963 1958 5034 gehennae,
1999 4959 2195 5016 frustra

625 5063 797 5133 leges,
831 5074 1014 5131 prensa.
1049 5054 1322 5125 supplicia,
1352 5062 1403 5109 et
1431 5052 1670 5107 consilia.

704 5154 759 5207 2.
796 5151 945 5205 Omni
982 5148 1160 5202 aaendi
1202 5154 1440 5216 potestate
1470 5142 1666 5198 sublata
1706 5142 1901 5195 nullum
1938 5142 2195 5207 meritum,

638 5243 836 5297 nullum
862 5240 1178 5295 demeritum.
1206 5267 1275 5278 —
1299 5234 1433 5305 Quid
1462 5235 1601 5289 enim
1620 5233 1802 5287 attinet
1828 5232 1981 5286 alicui
2008 5244 2200 5285 consu-

637 5340 750 5393 lere
772 5376 788 5403 ,
818 5349 937 5390 cum
964 5333 1090 5386 nihil
1116 5332 1167 5386 in
1197 5330 1312 5401 ejus
1338 5329 1494 5383 situm
1526 5326 1593 5383 sit
1621 5324 1924 5397 potestate?
1962 5331 2052 5377 aut
2076 5321 2201 5392 quid

643 5439 778 5496 opus
804 5431 885 5477 est
913 5422 959 5477 ei
988 5422 1295 5491 promittere
1318 5460 1332 5483 ,
1361 5419 1447 5489 qui
1478 5418 1619 5473 omni
1651 5418 1713 5471 sit
1748 5428 1922 5467 rerum
1949 5410 2204 5481 gerenda-

644 5531 760 5571 rum
789 5513 1033 5569 facultate
1060 5508 1335 5581 privatus?
1377 5510 1552 5578 Neque
1579 5508 1622 5563 is
1651 5506 1737 5576 qui
1760 5512 1901 5559 recte
1940 5517 1998 5557 se
2025 5516 2204 5571 gesse-

640 5610 745 5670 rit.
776 5606 963 5676 dignus
1000 5614 1078 5659 est
1118 5603 1271 5657 laude
1295 5644 1309 5669 ,
1357 5617 1525 5669 neque
1570 5601 1657 5671 qui
1696 5595 2006 5666 deliquerit,
2036 5607 2207 5663 paena:

716 5739 1093 5811 (a)_Allud_it_hic
1115 5738 1476 5811 Chrvsqstomus
1513 5737 1571 5810 ad
1607 5739 1746 5789 ludos
1783 5736 2015 5799 publicos,
2039 5735 2212 5797 quibus

648 5798 898 5853 admodum
916 5799 1088 5852 addicti
1111 5798 1248 5848 erant
1270 5798 1571 5849 Antiocheni.

1253 425 1306 480 S.
1347 420 1619 479 JOANNIS
1655 406 2127 473 CllRYSOSTOMl
2166 405 2478 462 ARCHIEP.
2520 402 3042 462 CONSTANTINOP.

3720 412 3842 468 156

2260 518 2519 571 obnoxius
2546 531 2607 571 ac
2636 517 2910 585 supplicio,
2942 515 3043 569 nisi
3072 513 3272 569 arbitrii
3298 514 3459 568 nostri
3488 512 3680 569 fuerint
3701 527 3829 582 quae

2257 616 2377 658 sunt
2406 605 2627 673 agenda.
2651 605 2798 671 Quod
2830 605 2871 657 si
2914 604 3070 658 fuerit
3114 603 3214 658 hoc
3255 602 3558 657 hominibus
3599 618 3828 671 persus-

2258 712 2395 759 sum,
2426 711 2582 748 nemo
2601 696 2710 763 jam
2732 695 2953 763 amplius
2974 694 3217 747 virtutem
3251 694 3600 762 amplectetur
3620 732 3632 753 ,
3663 706 3830 745 nemo

2257 801 2286 839 a
2314 788 2440 840 vitio
2465 786 2765 839 declinabit.
2796 785 2921 838 Nam
2944 785 3007 848 si,
3034 784 3157 837 dum
3180 784 3399 851 singulis
3423 784 3608 837 diebus
3632 796 3825 850 perso-

2258 886 2384 931 nant
2421 892 2573 931 aures
2615 877 2885 930 hominum
2926 875 3142 929 vocibus
3186 875 3383 930 nostris
3425 875 3492 929 de
3538 874 3772 943 gehenna
3802 915 3827 935 .

2257 970 2381 1019 dum
2405 967 2560 1020 verba
2590 964 2807 1019 facimus
2833 964 2898 1019 de
2926 979 3093 1034 regno
3121 966 3391 1029 caelorum,
3418 963 3542 1017 dum
3573 964 3828 1017 intolera-

2258 1055 2389 1110 biles
2423 1070 2607 1126 poenas
2633 1064 2686 1109 ct
2714 1055 2923 1124 praemia
2945 1095 2960 1121 ,
2997 1069 3115 1123 qua:
3143 1055 3425 1108 humanum
3452 1054 3712 1108 excedunt
3741 1052 3828 1105 in-

2259 1146 2548 1211 tellectum,
2578 1146 2936 1214 proponimus,
2964 1145 3092 1198 dum
3110 1144 3453 1207 consulimus,
3480 1144 3603 1198 dum
3630 1144 3829 1198 eohon

2261 1243 2452 1299 tamur,
2476 1235 2599 1288 dum
2624 1249 2834 1289 onmem
2862 1236 3154 1288 orationem
3184 1233 3546 1296 admovemus,
3575 1247 3713 1302 aegre
3737 1242 3823 1285 ta-

2262 1340 2379 1379 men
2427 1324 2757 1379 adducuntur
2811 1323 3065 1394 quidam,
3123 1332 3178 1377 ut
3229 1322 3447 1377 sudores
3490 1337 3583 1391 pro
3628 1322 3823 1376 virtute

2260 1415 2546 1484 suscipiant
2569 1455 2584 1481 ,
2624 1429 2761 1484 aegre
2789 1430 2818 1467 a
2844 1422 3176 1483 peccatorum
3204 1411 3557 1481 voluptatibus
3589 1425 3825 1465 avocan-

2262 1516 2345 1559 tur
2375 1524 2387 1559 :
2415 1506 2459 1560 si
2486 1506 2619 1558 hanc
2646 1506 2801 1559 etiam
2828 1518 3032 1559 sacram
3055 1502 3329 1572 abruperis
3354 1517 3620 1565 ancoram,
3643 1516 3825 1555 nonne

2262 1599 2463 1667 integra
2496 1598 2642 1651 navis
2670 1598 3034 1667 submergetur
3054 1637 3069 1663 ,
3126 1603 3179 1651 et
3207 1608 3390 1650 omnes
3418 1594 3624 1664 penitus
3652 1592 3828 1650 flucti-

2263 1690 2359 1745 bus
2387 1689 2620 1758 absorpti
2653 1687 2937 1758 peribunt,
2978 1686 3243 1755 multaque
3269 1685 3502 1755 quotidie
3539 1683 3665 1737 ﬁent
3692 1698 3829 1737 nau~

2266 1780 2462 1851 fragia?
2488 1779 2622 1833 Nihil
2644 1781 2781 1833 enim
2805 1778 2975 1848 plane,
3004 1777 3132 1831 nihil
3163 1778 3234 1831 ita
3262 1774 3529 1830 contendit
3554 1772 3825 1837 diabolus,

2266 1884 2321 1928 nt
2342 1874 2531 1929 anima:
2558 1872 2795 1927 humana:
2817 1870 3151 1941 persuadere,
3179 1884 3349 1937 neque
3377 1868 3428 1922 in
3451 1867 3677 1937 peccatis
3701 1879 3823 1919 eam

2264 1967 2532 2036 suppliciis
2559 1966 2837 2021 obnoxiam
2862 2006 2878 2030 ,
2918 1977 3087 2025 neque
3117 1961 3358 2016 laudibus
3386 1969 3439 2013 et
3466 1958 3674 2013 coronis
3701 1970 3829 2012 esse

2264 2061 2471 2131 dignam
2494 2061 2544 2114 in
2571 2068 2713 2115 recte
2742 2059 2888 2113 factis
2909 2100 2923 2127 ,
2950 2068 3008 2111 ut
3036 2067 3088 2112 et
3118 2056 3475 2111 studiosorum
3508 2067 3692 2108 manus
3714 2052 3829 2106 dis-

2264 2153 2455 2218 solvat,
2485 2160 2533 2207 et
2564 2152 2722 2207 animi
2750 2151 3067 2207 alacritatem
3100 2148 3419 2216 restinguat,
3451 2153 3504 2200 et
3527 2158 3705 2198 eorum
3732 2145 3828 2211 qui

2264 2244 2496 2298 animum
2524 2242 2851 2312 despondent
2877 2241 3129 2295 incuriam
3157 2237 3350 2301 foveat,
3373 2251 3435 2291 ac
3456 2233 3828 2304 negligentiam

2266 2346 2469 2403 augeat.

2334 2425 2557 2478 Libertas
2583 2425 2831 2476 actionum
2859 2424 3208 2474 humanarum.
3239 2448 3308 2459 -ο
3333 2418 3587 2485 Quocirca
3612 2413 3830 2483 diligen-

2267 2524 2346 2568 ter
2373 2516 2457 2580 iis,
2484 2530 2600 2583 qua:
2631 2514 2873 2567 dicuntur
2897 2554 2910 2578 ,
2942 2509 3313 2565 attendendum
3345 2515 3447 2563 est.
3473 2505 3831 2572 Prmcipitimu

2267 2614 2348 2660 est
2375 2607 2620 2674 utrinque
2645 2619 2707 2657 ac
2733 2604 2879 2657 fovea
2916 2603 3061 2655 locus
3087 2600 3184 2654 istc
3210 2640 3223 2663 ,
3263 2599 3363 2652 nisi
3403 2604 3554 2652 caute
3602 2596 3829 2664 legatur.

2266 2695 2401 2762 Quid
2430 2694 2567 2749 enim
2606 2691 2883 2747 dicemus?
2928 2706 2991 2743 an
3020 2689 3324 2759 prophetam
3350 2701 3467 2741 esse
3507 2685 3780 2740 mentitum
3802 2682 3835 2735 2

2267 2787 2705 2857 Atpericulosum
2751 2784 2873 2840 eSt?
2922 2796 3024 2838 non
3066 2782 3206 2836 enim
3253 2778 3505 2833 mentitur
3533 2773 3831 2845 propheta,

2268 2890 2449 2950 utpote
2474 2882 2560 2950 qui
2588 2880 2681 2933 Dei
2713 2893 2868 2932 voces
2898 2877 3255 2946 proloquatur.
3286 2872 3398 2926 Non
3424 2884 3549 2939 ergo
3580 2866 3833 2920 mentitus

2266 2981 2349 3027 est
2372 2968 2668 3040 prepheta?
2697 2966 2916 3036 proinde
2942 2980 3046 3019 non
3077 2971 3203 3016 sunt
3247 2963 3297 3014 in
3336 2968 3514 3014 nostra
3546 2964 3833 3025 patestate,

2268 3077 2385 3131 quae
2411 3075 2566 3130 agere
2587 3057 2883 3114 debemus?
2923 3055 3031 3109 lmo
3057 3063 3106 3109 et
3132 3054 3182 3107 in
3208 3060 3384 3105 nostra
3428 3056 3684 3119 potestate
3728 3044 3833 3098 sita

2269 3163 2391 3209 sunt
2416 3167 2530 3222 qua:
2561 3164 2717 3220 agere
2737 3148 2989 3203 debemus
3009 3188 3024 3211 ,
3069 3153 3122 3198 et
3152 3143 3404 3213 prepheta
3443 3137 3694 3193 mentitus
3724 3151 3836 3190 non

2269 3253 2351 3299 cst
2380 3261 2391 3295 :
2421 3253 2474 3296 et
2496 3242 2679 3295 horum
2708 3247 2987 3307 utrumque
3014 3234 3368 3304 probabimus,
3397 3231 3438 3284 si
3468 3238 3698 3283 attentas
3736 3240 3836 3277 au-

2271 3349 2357 3389 res
2379 3330 2725 3401 praabueritis.
2757 3329 3034 3397 Propterea
3060 3337 3282 3393 namque
3304 3319 3645 3389 praecipitium
3666 3315 3838 3369 utrin-

2272 3439 2372 3493 que
2397 3423 2655 3489 objectum
2683 3418 2927 3483 ostendi,
2970 3424 3029 3470 ut
3070 3414 3255 3483 vigiles
3290 3420 3343 3465 et
3369 3408 3552 3463 attenti
3591 3404 3839 3475 proposi-

2275 3525 2381 3568 tum
2423 3513 2573 3567 nobis
2607 3512 2707 3565 iter
2734 3509 3095 3564 conliciamus.
3143 3504 3256 3557 Non
3304 3502 3443 3556 enim
3487 3499 3626 3551 hunc
3660 3496 3841 3549 locum

2277 3615 2473 3660 tantum
2502 3602 2829 3659 excutiemus
2852 3640 2866 3664 ,
2900 3597 3019 3652 Non
3046 3606 3116 3650 est
3139 3596 3191 3647 iu
3220 3592 3416 3647 homine
3441 3590 3519 3643 via
3550 3588 3697 3656 ejus;
3740 3585 3840 3639 sed

2276 3707 2327 3752 et
2350 3704 2625 3751 contextus
2653 3705 2862 3746 omnem
2892 3688 3082 3742 seriem
3104 3726 3119 3749 ,
3151 3693 3204 3738 et
3233 3696 3325 3752 pro
3349 3679 3538 3749 quibus
3563 3677 3700 3731 dicta
3729 3673 3845 3728 sint

2279 3790 2387 3853 illa,
2412 3802 2440 3839 a
2466 3800 2603 3855 quo,
2632 3784 2697 3838 ad
2728 3796 2906 3852 quem,
2934 3793 3092 3848 quam
3127 3776 3196 3830 ob
3222 3786 3430 3828 causam
3456 3813 3472 3836 ,
3515 3766 3753 3839 quando,
3782 3774 3847 3819 et

2278 3876 2560 3949 quomodo.
2604 3874 2715 3929 Non
2762 3871 2900 3927 enim
2928 3869 3100 3924 dicere
3130 3863 3322 3921 sufﬁcit
3360 3859 3553 3931 aliquid
3602 3860 3652 3912 in
3693 3855 3846 3911 Scri-

2282 3945 2431 4037 ptura
2455 3967 2704 4034 scriptum
2732 3959 2976 4031 reperiri,
3006 3971 3175 4025 neque
3199 3966 3399 4009 temere
3434 3950 3611 4005 avulsa
3637 3960 3698 4000 ac
3726 3945 3810 3999 dis
3828 3974 3845 3984 -

2281 4032 2459 4125 scrpta
2502 4032 2749 4108 divinitus
2794 4048 3060 4117 inspirata
3088 4044 3374 4111 Scriptura:
3424 4037 3658 4093 membra
3699 4032 3846 4087 nuda

2283 4156 2339 4202 et
2364 4161 2394 4199 a
2417 4145 2620 4213 reliquo
2652 4150 2793 4195 textu
2815 4140 3054 4205 serieque
3073 4132 3333 4190 sermonis
3355 4128 3590 4198 seiuncta
3610 4137 3847 4188 sumere,

2285 4253 2347 4293 ac
2377 4212 2545 4290 nimia
2582 4233 2790 4289 licentia
2838 4226 3260 4293 conﬁdentiaque
3304 4220 3431 4291 ipsis
3480 4217 3716 4275 illudere.
3755 4212 3854 4267 Sic

2288 4330 2426 4384 enim
2458 4340 2615 4397 prava
2639 4325 2879 4393 dogmata
2920 4320 3084 4375 multa
3126 4321 3178 4371 in
3211 4326 3442 4370 nostram
3475 4310 3610 4364 hanc
3636 4314 3853 4363 aetatem

2288 4421 2491 4475 invecta
2521 4422 2663 4475 sunt.
2688 4414 2812 4468 dum
2861 4406 3326 4479 negligentioribus
3361 4401 3616 4472 persuasit
3660 4397 3851 4451 diabo—

2290 4513 2393 4574 lus,
2422 4518 2480 4563 ut
2503 4507 2715 4574 oblique
2738 4505 2953 4558 distorta
2992 4496 3286 4553 testimonia
3328 4495 3612 4561 Scriptura:
3641 4487 3821 4555 profer
3876 4546 3879 4547 ν

2292 4609 2430 4665 rent,
2458 4598 2538 4652 vel
2563 4594 2752 4649 additis
2778 4590 3158 4658 subtractisque
3189 4584 3453 4640 nonnullis
3485 4580 3724 4636 tenebras
3756 4591 3854 4630 ve-

2293 4691 2430 4746 ritati
2457 4687 2802 4744 oﬁ‘underent.
2834 4683 2946 4737 Non
2984 4694 3113 4750 ergo
3139 4677 3331 4732 sufﬁcit
3351 4676 3529 4729 dicere
3549 4714 3563 4736 ,
3602 4671 3863 4739 scriptum

2295 4796 2413 4838 esse
2452 4782 2503 4835 in
2549 4779 2817 4847 Scriptura
2842 4815 2857 4840 ,
2910 4773 2999 4827 sed
3046 4780 3206 4824 totam
3237 4768 3426 4823 seriem
3459 4765 3555 4832 legi
3602 4767 3848 4830 oportet:

2296 4869 2718 4942 quandoquidem
2758 4867 2800 4921 si
2830 4862 3226 4920 continuitatem
3260 4869 3310 4911 ct
3341 4855 3726 4925 cognationem,
3753 4864 3861 4917 qua

2300 4941 2435 5018 inter
2462 4977 2521 5017 se
2546 4973 2780 5015 connexa
2814 4963 2974 5021 sunt,
3026 4953 3407 5015 interrumpere
3444 4944 3697 5000 vellemus
3721 4981 3736 4997 .
3788 4941 3867 4992 ita

2301 5054 2462 5108 multa
2503 5065 2661 5119 prava
2701 5048 2940 5115 dogmata
2972 5042 3253 5097 orirentur.
3303 5038 3585 5092 Enimvero
3622 5032 3671 5085 in
3715 5028 3869 5084 εει-ἱ-

2304 5153 2455 5213 ptura
2480 5142 2731 5209 scriptum
2760 5146 2841 5191 est
2875 5154 2887 5188 :
2918 5133 3035 5187 Non
3063 5142 3133 5185 ext
3164 5130 3301 5184 Deus
3329 5128 3494 5197 (Psat.
3527 5127 3611 5179 15.
3637 5121 3729 5191 1);
3772 5128 3825 5172 et
3852 5158 3869 5182 ,

2303 5212 2487 5289 Avertit
2512 5230 2685 5301 faciem
2713 5243 2853 5281 suam
2874 5266 2888 5291 ,
2920 5240 2979 5277 ne
3008 5222 3168 5276 vident
3192 5222 3245 5274 in
3274 5221 3455 5287 ﬁnem:
3484 5224 3537 5271 et
3555 5256 3569 5280 ,
3604 5212 3734 5265 Deus
3764 5226 3872 5263 non

2304 5299 2519 5393 requiret
2559 5318 2743 5393 (Ptol.
2786 5315 2871 5382 10,
2900 5314 3169 5369 secundum
3218 5309 3367 5363 Hebr.
3389 5323 3435 5359 υ.
3460 5306 3545 5359 11.
3588 5302 3705 5371 15).
3734 5299 3874 5354 Num

2308 5418 2466 5487 igitur
2490 5457 2505 5481 ,
2535 5391 2649 5477 dic,
2682 5425 2880 5479 quaeso,
2914 5422 3014 5461 non
3042 5415 3123 5460 cst
3152 5400 3326 5457 Deus?
3358 5411 3529 5465 neque
3566 5391 3783 5462 respicit
3811 5404 3879 5443 ea

2309 5482 2424 5581 quae
2450 5508 2500 5561 in
2535 5506 2686 5560 terris
2710 5500 2879 5555 ﬁunt?
2907 5500 3021 5568 quis
3051 5498 3149 5551 hoc
3170 5493 3306 5547 ausit
3332 5491 3513 5545 dicere
3540 5486 3622 5539 vel
3649 5483 3833 5538 audire
3856 5482 3881 5534 ’ξ

2314 5576 2577 5666 Scriptum
2623 5605 2795 5646 tamen
2837 5599 2915 5644 est
2954 5590 3005 5642 in
3057 5586 3367 5652 Scriptura:
3400 5576 3493 5632 sed
3536 5576 3680 5630 disce
3705 5613 3719 5636 ,
3770 5587 3885 5641 quo

2318 5663 2467 5763 pacto
2494 5689 2560 5741 sit
2586 5684 2854 5752 scriptum.
2909 5680 3043 5732 Dixit
3088 5675 3343 5744 insipiens.
3394 5669 3599 5737 inquit,
3646 5666 3696 5717 in
3731 5663 3888 5716 corde

2323 5756 2427 5846 suo,
2469 5777 2583 5831 Non
2620 5783 2689 5827 est
2720 5771 2873 5825 Deus.
2906 5769 3017 5823 Non
3044 5766 3326 5831 Scriptura:
3358 5756 3664 5829 suffragium
3705 5761 3787 5808 est
3828 5761 3892 5808 et
