4144 6512
230 480 331 535 157

242 576 480 636 sententia
500 618 514 638 ,
555 576 649 631 sed
694 572 855 628 animi
886 567 1181 638 insipientis
1210 585 1224 620 :
1259 579 1363 620 non
1394 564 1528 619 dixit
1551 578 1668 632 quin
1695 576 1788 617 sua

241 678 354 723 sunt
377 668 669 733 Scriptura,
697 662 789 716 sed
819 674 935 729 qua:
962 664 1084 713 sunt
1112 654 1331 709 alterius
1357 650 1700 707 denuntiavit.
1726 649 1793 702 Et

243 775 417 813 rursus
448 776 461 811 :
496 756 760 827 Usquequo
800 749 1009 804 irritavit
1040 747 1225 815 impius
1248 744 1451 797 Deum?
1494 741 1635 794 Dixit
1662 739 1793 793 enim

241 854 289 903 in
319 847 463 902 corde
485 863 572 899 suo
596 886 610 909 ,
655 844 773 896 Non
812 840 1041 909 requiret.
1088 835 1273 889 Avertit
1318 832 1494 901 faciem
1530 845 1704 895 suam,
1734 845 1793 881 ne

241 944 396 994 rideat
437 941 486 991 in
529 939 676 1005 ﬁnem
703 933 881 1004 (Psal.
916 930 999 985 10.
1033 928 1099 985 15
1125 938 1169 980 et
1195 928 1254 980 11
1282 927 1319 992 ).
1370 925 1436 977 Et
1477 922 1560 977 hic
1611 934 1793 975 rursus

243 1027 465 1082 hominis
491 1026 631 1091 impii
661 1039 721 1078 ac
746 1021 955 1077 scelesti
982 1018 1233 1089 judicium
1257 1023 1309 1069 et
1334 1012 1645 1068 sententiam
1667 1024 1791 1079 pro-

243 1120 406 1188 ponit.
438 1119 510 1171 Ita
537 1130 747 1182 quoque
772 1111 958 1166 medici
984 1110 1155 1163 facere
1184 1105 1382 1169 solent,
1414 1104 1716 1156 insanorum
1742 1108 1795 1153 ct

242 1207 523 1259 amentium
557 1212 766 1271 peccata
805 1200 947 1255 sanis
993 1212 1056 1252 ac
1097 1195 1393 1249 valentibus
1439 1200 1691 1255 narrant,
1740 1197 1795 1242 ut

242 1297 502 1349 cautiores
530 1294 659 1347 istos
684 1292 925 1346 reddant.
956 1290 1087 1343 Cum
1116 1288 1272 1357 igitur
1293 1285 1490 1339 sanitas
1514 1284 1703 1336 animae
1728 1281 1796 1334 sit

245 1389 429 1455 pietas,
456 1385 667 1438 morbus
693 1392 865 1436 autem
895 1390 947 1434 et
974 1379 1250 1433 infirmitas
1276 1390 1479 1430 summa
1504 1375 1664 1428 Deum
1692 1373 1793 1425 mi-

244 1477 385 1529 nime
413 1489 567 1527 nosse
589 1513 604 1536 ,
653 1473 933 1541 impiorum
961 1470 1119 1524 verba
1147 1472 1550 1528 commemorat,
1589 1477 1695 1516 non
1741 1471 1797 1515 ut

241 1580 303 1618 ea
332 1576 525 1618 temere
552 1562 847 1625 audiamus,
875 1561 966 1615 sed
993 1568 1048 1612 ut
1073 1557 1138 1610 ab
1164 1558 1227 1610 iis
1252 1555 1627 1611 abstineamus.
1661 1552 1795 1619 Quid

244 1656 498 1723 insipiens
521 1653 730 1715 dixerit,
760 1660 953 1713 narrat,
987 1657 1041 1702 ut
1068 1656 1121 1701 tu
1144 1646 1353 1715 sapiens
1381 1644 1493 1707 fias,
1520 1652 1573 1697 et
1600 1642 1796 1697 dictum

244 1746 359 1813 ejus
381 1746 593 1798 minime
625 1743 815 1813 probes
842 1758 855 1793 :
884 1738 1007 1808 quid
1033 1737 1222 1806 impius
1246 1735 1464 1795 dixerit,
1492 1740 1702 1797 narrat,
1745 1738 1801 1784 ut

244 1849 297 1889 tn
328 1836 647 1904 impietatem
695 1833 881 1902 fugias.
926 1830 1106 1898 Neque
1134 1842 1261 1883 vero
1298 1827 1468 1881 solum
1498 1840 1528 1878 a
1554 1831 1799 1877 contextu

244 1926 486 1993 serieque
512 1923 770 1977 sermonis
795 1919 1066 1974 evellenda
1090 1918 1201 1971 loca
1230 1930 1335 1969 non
1365 1922 1505 1978 sunt,
1530 1912 1621 1967 sed
1642 1912 1799 1966 etiam

244 2030 371 2068 sana
399 2024 450 2067 et
478 2013 675 2081 integra
703 2021 823 2063 sunt
852 2007 1184 2077 proferenda,
1214 2005 1452 2073 nihilque
1478 2001 1799 2057 addendum.

319 2104 510 2156 Abusus
548 2103 643 2155 tocl
673 2101 826 2153 Pauli
868 2115 928 2152 ea:
961 2098 1126 2166 Epist.
1149 2094 1215 2147 ad
1244 2094 1469 2148 Corinth.
1496 2095 1547 2145 1.
1566 2117 1637 2133 -
1656 2090 1803 2145 Multi

244 2204 388 2247 a-rte
417 2192 655 2260 quaedam
687 2191 844 2245 etiam
876 2189 976 2241 alia
1006 2184 1380 2240 circumferunt
1407 2199 1468 2236 ex
1500 2182 1797 2251 Scripturis,

246 2300 365 2349 qua!
384 2282 665 2349 depravate
691 2280 933 2347 allegant.
957 2276 1217 2343 Scriptum
1244 2283 1318 2328 est
1342 2273 1502 2338 enim,
1528 2271 1800 2340 inquiunt:

246 2373 301 2424 Si
339 2370 507 2423 uraris
531 2410 546 2434 ,
576 2384 793 2421 uxorem
820 2366 996 2420 ducito
1032 2381 1047 2419 :
1080 2376 1336 2431 nusquam
1370 2371 1541 2415 tamen
1590 2358 1690 2412 hoc
1734 2358 1804 2411 ita

248 2463 500 2529 suiptum
527 2469 637 2521 est;
669 2457 761 2511 sed
791 2471 892 2525 quo
923 2464 1072 2523 pacto
1102 2454 1168 2507 sit
1205 2453 1454 2520 scriptum
1488 2446 1759 2505 considera
1788 2465 1803 2501 :

250 2551 378 2603 Dico
405 2559 571 2601 autem
590 2564 688 2600 non
718 2547 882 2615 nuptis
906 2554 953 2598 et
979 2543 1157 2606 viduis,
1182 2544 1361 2595 bonum
1388 2538 1489 2593 illis
1512 2548 1601 2602 est,
1629 2539 1671 2592 si
1694 2550 1806 2590 nta-

250 2652 399 2694 neant
422 2682 436 2705 ,
464 2641 587 2693 sicut
612 2648 656 2691 et
680 2654 768 2705 ego
802 2653 818 2689 :
846 2636 976 2704 quod
1004 2636 1046 2687 si
1072 2650 1169 2686 non
1197 2649 1248 2685 se
1281 2634 1556 2695 continent,
1586 2630 1771 2683 nubant
1788 2646 1807 2695 ;

250 2733 429 2783 melius
453 2731 581 2781 enim
606 2736 673 2780 est
696 2727 875 2779 nubere
897 2742 1043 2794 quam
1073 2725 1151 2775 uri
1179 2724 1250 2791 (1.
1281 2720 1397 2775 Cor.
1423 2722 1473 2772 7.
1502 2719 1554 2773 8.
1588 2716 1663 2787 9).
1696 2719 1808 2770 An-

253 2839 360 2875 non
390 2822 543 2889 igitur
568 2819 705 2873 idem
730 2826 827 2878 est,
856 2817 1041 2883 inquit,
1065 2814 1119 2869 Si
1141 2814 1332 2876 uraris,
1349 2822 1571 2865 uxorem
1596 2808 1809 2863 ducito?

252 2914 536 2966 Enimvero
585 2910 707 2962 licet
744 2908 879 2961 idem
924 2914 1092 2968 esset,
1124 2918 1229 2956 non
1274 2900 1548 2970 oportebat
1594 2909 1807 2963 tamen,

250 3002 451 3056 omissa
477 3008 615 3053 recta
644 2999 923 3065 Scriptura:
962 2995 1273 3063 allegatione
1292 3033 1306 3057 ,
1330 3006 1446 3046 eam
1489 2998 1809 3059 pervertere,

252 3099 469 3160 suisque
509 3090 685 3143 verbis
731 3088 1011 3154 Scriptum
1054 3096 1205 3137 sensa
1233 3080 1467 3150 proferre
1498 3097 1510 3132 :
1538 3080 1646 3148 jam
1687 3093 1814 3132 vero

253 3185 479 3237 multum
519 3180 829 3234 offendimus
869 3177 1040 3229 inesse
1079 3172 1384 3227 discrimen.
1413 3169 1468 3225 Si
1492 3168 1633 3224 enim
1661 3168 1813 3222 abso-

254 3278 367 3327 lute
393 3272 589 3326 dixeris
608 3311 623 3335 ,
652 3269 706 3323 Si
735 3266 901 3321 uraris
924 3308 939 3330 ,
971 3278 1188 3319 uxorem
1233 3262 1411 3315 ducito
1435 3301 1449 3325 ,
1480 3258 1684 3315 cunctis
1726 3257 1815 3326 qui

253 3365 609 3433 virginitatem
640 3374 849 3414 servare
882 3358 1019 3411 ultro
1045 3362 1337 3409 statuerunt
1389 3354 1703 3418 potestatem
1740 3349 1816 3401 fa-

253 3458 359 3517 cis,
383 3470 500 3508 cum
540 3454 762 3520 primum
790 3449 947 3503 libido
978 3448 1078 3501 illis
1108 3444 1372 3514 negotium
1402 3443 1622 3496 lacesset
1643 3480 1658 3505 ,
1692 3440 1815 3492 inita

254 3559 381 3597 cum
406 3544 514 3596 Deo
545 3549 695 3609 pacta
738 3537 984 3597 violandi,
1012 3544 1167 3603 atque
1192 3533 1256 3586 ad
1288 3532 1492 3599 nuptias
1537 3527 1817 3597 transfuga:

257 3648 413 3687 more
446 3629 768 3693 transeundi,
796 3643 855 3681 ac
882 3626 1124 3695 promissi
1152 3623 1340 3692 prioris
1366 3619 1724 3676 obliviscendi.

333 3724 385 3775 5.
425 3720 573 3785 Quod
600 3722 641 3772 si
684 3718 937 3785 intelligas
964 3757 978 3782 ,
1002 3730 1134 3784 quos
1163 3715 1456 3782 alloquatur
1482 3710 1690 3771 Paulus,
1720 3708 1819 3762 hoc

258 3818 372 3863 est.
393 3824 499 3860 non
533 3823 719 3861 omnes
745 3810 959 3875 passim,
982 3824 1167 3862 verum
1187 3824 1298 3872 eos,
1324 3807 1412 3875 qui
1431 3806 1668 3859 nondum
1690 3820 1817 3873 pro-

258 3889 522 3941 missione
560 3906 617 3942 se
644 3890 1046 3952 obstrinxerim,
1078 3891 1273 3959 poteris
1318 3888 1529 3942 noxiam
1576 3888 1716 3941 hanc
1755 3902 1819 3941 ac

254 3978 617 4046 perniciosam
644 3980 825 4034 tollere
854 3980 1175 4034 facultatem.
1197 3979 1323 4032 Dico
1338 3977 1696 4045 enim,inquit,
1718 3992 1819 4029 non

253 4069 437 4135 nuptis
460 4078 504 4121 et
526 4071 709 4133 viduis,
734 4086 839 4124 non
858 4071 921 4125 iis
937 4086 1053 4139 qum
1078 4070 1384 4123 viduitatem
1405 4070 1698 4138 promisere
1724 4070 1814 4123 sed

251 4164 324 4215 iis
347 4179 465 4229 qua:
490 4178 660 4227 neque
682 4162 800 4222 hoc,
822 4175 993 4228 neque
1011 4159 1138 4213 illud
1164 4159 1544 4213 decreverunt:
1572 4160 1665 4213 sed
1683 4167 1816 4212 tam-

256 4269 421 4323 quam
453 4254 504 4306 in
535 4252 706 4305 medio
749 4250 971 4319 quodam
1000 4250 1278 4302 interstitio
1306 4249 1512 4301 consilii
1554 4247 1823 4315 utriusque

255 4350 560 4395 versantur.
604 4340 840 4407 Exempli
896 4352 1094 4392 causa:
1136 4336 1322 4389 mulier
1359 4337 1615 4404 quaepiam
1655 4336 1823 4388 virum

256 4447 416 4484 suum
446 4430 617 4483 amisit
638 4470 651 4493 ,
684 4429 975 4498 nequedum
1008 4427 1141 4495 apud
1189 4441 1245 4479 se
1275 4428 1489 4492 statuit,
1520 4440 1688 4494 neque
1733 4425 1824 4479 de-

255 4520 452 4581 crevit,
483 4536 547 4571 an
579 4534 607 4571 a
635 4534 691 4572 se
718 4528 953 4585 Oporteat
979 4519 1095 4587 eligi
1130 4518 1431 4570 viduitatem
1458 4558 1472 4582 ,
1504 4532 1570 4570 an
1596 4531 1719 4570 vero
1743 4516 1823 4569 al-

257 4624 435 4667 terum
470 4612 710 4664 maritum
747 4611 955 4664 induci:
991 4610 1124 4664 hanc
1160 4624 1255 4677 ego
1295 4610 1584 4666 admoneo.
1618 4609 1820 4677 inquit,

255 4704 462 4754 lmnum
485 4715 600 4754 esse
621 4708 677 4753 ut
705 4700 771 4751 ita
795 4707 1099 4767 permaneat
1124 4716 1136 4751 :
1164 4698 1301 4765 quod
1329 4698 1372 4750 si
1399 4712 1532 4751 onus
1556 4697 1693 4752 ferre
1720 4713 1823 4751 non

254 4793 454 4861 possit,
482 4792 644 4845 nubat
671 4812 684 4846 :
716 4805 805 4844 eas
821 4804 945 4843 vero
973 4804 1087 4858 qum
1107 4789 1213 4856 jam
1246 4803 1505 4857 aggressa:
1530 4797 1669 4851 sunt,
1692 4797 1746 4841 et
1773 4790 1822 4841 in

254 4898 449 4936 carum
478 4882 651 4935 album
682 4888 804 4933 sunt
832 4878 1009 4932 relatce
1034 4918 1047 4943 ,
1076 4893 1191 4947 quae
1231 4878 1533 4929 viduitatem
1561 4877 1784 4931 tolerant
1808 4920 1822 4942 ,

254 4984 311 5027 et
342 4986 462 5025 cum
492 4970 597 5023 Deo
624 4978 831 5037 pactum
850 4968 1096 5031 inierunt,
1124 4982 1226 5019 non
1253 4968 1357 5034 jam
1382 4967 1487 5018 vult
1512 4965 1575 5018 ad
1602 4968 1823 5020 alterum

255 5076 424 5131 posse
447 5059 833 5113 matrimonium
862 5058 1074 5111 reverti.
1104 5057 1385 5125 Propterea
1411 5055 1476 5109 de
1502 5056 1603 5109 illis
1642 5056 1706 5108 ad
1734 5056 1825 5110 Ti-

254 5150 535 5204 motheum
570 5147 807 5201 scribens
841 5147 917 5200 sic
946 5148 1017 5200 ait
1046 5164 1058 5197 :
1087 5145 1508 5199 Adolescentiores
1543 5156 1703 5197 aufem
1750 5148 1826 5199 vi-

257 5246 395 5295 duas
433 5241 613 5293 devita.
645 5238 767 5290 Cum
810 5238 938 5289 enim
981 5238 1247 5290 luxuriatae
1275 5237 1460 5306 fuerint
1507 5239 1558 5287 in
1607 5236 1822 5297 Christo,

252 5332 447 5383 nubere
488 5330 655 5381 volunt
684 5327 915 5378 habentes
959 5326 1352 5387 damationem,
1381 5328 1496 5393 quia
1524 5327 1736 5393 primam
1766 5328 1826 5392 ﬁ-

250 5423 380 5472 dum
404 5420 595 5471 irritam
623 5419 841 5487 fecerunt
864 5415 883 5485 (
908 5418 953 5469 1.
976 5416 1104 5469 Tim.
1129 5420 1180 5472 5.
1220 5420 1300 5471 11.
1334 5416 1607 5487 l‘l).Vides
1638 5426 1695 5470 ut
1737 5433 1824 5469 eas

252 5511 351 5562 hic
380 5510 597 5577 casriget
636 5523 696 5561 ac
736 5507 933 5576 puniat,
965 5516 1016 5559 et
1054 5507 1306 5560 obnoxias
1336 5523 1503 5575 prenso
1533 5522 1593 5561 ac
1628 5507 1823 5574 judicio

247 5615 383 5654 esse
409 5600 585 5663 dicat,
612 5599 749 5668 quod
795 5600 917 5651 inita
958 5613 1073 5649 cum
1119 5599 1226 5651 Deo
1260 5608 1403 5666 pacta
1434 5598 1743 5659 violarint‘,
1774 5608 1824 5651 ct

322 5730 340 5758 ⁸
377 5734 503 5796 Pons
526 5728 669 5787 Cod.,
711 5734 852 5788 pacta
889 5725 1248 5782 conculcar'tmt,
1288 5727 1458 5775 eadem
1486 5740 1678 5784 prorsus
1710 5742 1822 5777 scu-

246 5797 299 5838 ιε
310 5804 341 5836 u
352 5796 413 5839 tta

1057 456 1120 510 lN
1159 454 1376 520 ILLUD,
1406 452 1680 510 DOMINE.
1720 449 1853 505 NON
1892 451 2018 507 EST
2056 454 2119 509 IN
2150 455 2424 520 IIOMINE.
2451 458 2602 517 ETC.

3335 480 3446 535 158

1895 569 2169 635 promissis
2203 586 2306 626 non
2344 574 2628 627 steterint?
2654 573 2831 644 Itaque
2864 590 2929 630 ex
2961 576 3061 631 hoc
3087 574 3205 631 loco
3234 578 3455 635 manifeo

1894 669 2029 713 stum
2056 669 2154 725 est,
2185 662 2380 717 dictum
2412 664 2536 719 illud
2581 681 2683 719 non
2727 666 2791 720 ad
2831 682 2920 722 eas
2956 684 3072 737 quae
3096 668 3457 734 promiserant

1895 764 2012 803 esse
2039 751 2292 805 directum
2322 770 2334 804 :
2369 754 2566 809 idcirco
2604 771 2708 811 non
2749 772 2867 812 esse
2896 759 3022 813 illud
3054 767 3249 816 temere
3277 760 3456 831 profe-

1896 839 2114 893 rendum
2140 879 2155 905 ,
2186 841 2279 895 sed
2331 845 2620 898 noscendas
2663 861 2781 901 esse
2823 863 3109 917 personas,
3141 866 3270 920 quas
3307 851 3450 906 Scri-

1898 938 2062 995 ptura:
2092 931 2263 985 verbis
2292 932 2394 986 illis
2419 934 2770 1001 alloquuntur.

1967 1017 2158 1071 Abusus
2178 1020 2381 1074 alterius
2399 1023 2495 1074 loci
2512 1022 3080 1090 Scriptura—Rursus
3102 1030 3259 1082 alium
3283 1030 3455 1086 locum

1898 1108 2272 1163 circumferunt
2294 1152 2309 1177 ,
2337 1112 2484 1179 cujus
2513 1127 2616 1165 non
2656 1113 2726 1166 illi
2753 1114 2963 1183 quidem
2994 1126 3306 1174 structuram
3338 1136 3457 1189 per~

1899 1207 2127 1262 vertunt,
2146 1199 2236 1254 sed
2261 1200 2400 1254 aliud
2420 1202 2513 1266 illi,
2532 1202 2668 1270 quod
2692 1205 2741 1256 in
2763 1203 3027 1273 Scriptura
3050 1222 3152 1261 non
3177 1211 3453 1277 reperitur,

1898 1285 2166 1352 adjiciunt.
2200 1287 2341 1342 Talis
2366 1290 2505 1343 enim
2534 1300 2615 1345 est
2639 1290 2830 1345 diaboli
2861 1294 3076 1359 malitia,
3109 1304 3166 1350 ut
3194 1297 3274 1350 vel
3305 1299 3455 1353 addi-

1900 1376 2059 1440 tione,
2090 1377 2170 1431 vel
2211 1378 2564 1432 subtractione
2586 1421 2601 1443 ,
2623 1382 2707 1435 vel
2736 1382 3127 1451 depravatione,
3156 1396 3241 1439 ant
3265 1388 3459 1442 immu-

1903 1466 2097 1521 tatione
2117 1476 2389 1522 contextus
2416 1470 2710 1536 perniciosa
2734 1472 2977 1541 dogmata
3003 1473 3459 1543 introducat.Qnis

1903 1554 1987 1605 ille
2016 1569 2171 1623 porro
2201 1556 2351 1609 locus
2391 1558 2512 1610 est?
2541 1557 2709 1611 Meum
2744 1570 2844 1624 est,
2873 1561 3074 1630 inquit,
3118 1573 3461 1633 argentum,et

1901 1661 2063 1697 meum
2090 1663 2268 1699 aurum
2294 1647 2463 1717 (Agg.
2490 1647 2545 1700 2.
2576 1648 2683 1717 9);
2715 1658 2766 1705 et
2790 1652 2871 1705 cui
2902 1653 3119 1708 voluero
3147 1654 3283 1709 dabo
3314 1657 3458 1711 illud.

1902 1736 2065 1804 llujus
2082 1737 2178 1791 loci
2202 1753 2319 1805 pars
2334 1738 2543 1807 quidem
2562 1748 2643 1793 est
2664 1740 2732 1793 ita
2748 1740 2905 1806 dicta,
2922 1758 3043 1811 pars
3062 1760 3188 1799 vero
3203 1745 3336 1799 dicta
3357 1763 3460 1800 non

1903 1834 2003 1891 est,
2051 1826 2144 1881 sed
2183 1827 2425 1882 alicunde
2463 1828 2684 1898 adjecta.
2707 1829 2838 1883 Nam
2874 1831 2998 1885 illud
3024 1833 3264 1901 quidem,
3296 1836 3467 1889 Meum

1904 1924 1974 1968 est
2002 1926 2261 1984 argentum
2279 1957 2293 1981 ,
2324 1925 2367 1969 et
2396 1933 2557 1970 meum
2583 1927 2653 1972 est
2678 1934 2856 1971 aurum
2876 1960 2891 1983 ,
2922 1919 3052 1973 dixit
3083 1922 3333 1990 preplteta
3360 1940 3374 1977 :
3404 1925 3468 1977 il-

1906 2004 1996 2056 lud
2018 2012 2212 2069 autem,
2241 2004 2334 2058 Cui
2364 2006 2579 2060 voluero
2606 2005 2743 2060 dabo
2771 2006 2918 2073 illud,
2944 2023 3050 2062 non
3082 2010 3205 2063 item
3230 2010 3469 2078 sequitur

1906 2093 1957 2146 in
1996 2093 2285 2162 Scriptura,
2315 2094 2407 2149 sed
2434 2110 2497 2149 ex
2537 2095 2741 2149 inscitia
2772 2093 2909 2165 vulgi
2946 2106 3121 2150 natum
3159 2099 3465 2153 circumfer-

1908 2192 2011 2236 tur.
2063 2181 2337 2250 Quodnam
2386 2200 2542 2253 porro
2595 2185 2718 2240 inde
2764 2187 2998 2242 exoritur
3048 2188 3468 2244 detrimentum?

1907 2272 2050 2325 Multi
2077 2273 2347 2338 scelerati,
2376 2282 2425 2326 ct
2462 2275 2870 2342 prtestigiatorcs
2894 2316 2908 2340 ,
2932 2285 3088 2344 atque
3114 2278 3467 2346 intemperan-

1911 2371 2010 2425 tes,
2039 2364 2127 2431 qui
2153 2377 2221 2417 ne
2245 2364 2385 2431 digni
2408 2362 2619 2432 quidem
2644 2374 2784 2431 sunt,
2807 2366 2893 2434 qui
2917 2367 3042 2419 solis
3069 2367 3220 2434 hujus
3247 2384 3460 2437 conspeo

1908 2462 1993 2506 ctu
2025 2452 2278 2516 fruantur,
2312 2464 2401 2506 aut
2436 2455 2643 2520 vivant,
2674 2464 2762 2508 aut
2792 2455 2945 2524 hujus
2974 2457 3086 2509 cazli
3110 2458 3345 2525 spiritum
3377 2459 3457 2512 dna

1909 2552 2052 2607 cant,
2081 2542 2256 2595 multis
2275 2544 2463 2611 Opibus
2491 2543 2775 2610 abundant,
2798 2544 2921 2597 dum
2943 2546 3114 2597 omnia
3142 2546 3463 2611 subvertant,

1910 2630 2183 2685 viduarum
2213 2632 2398 2685 domos
2424 2632 2696 2699 diripiunt,
2720 2633 2984 2700 orphanos
3009 2634 3251 2701 spoliant,
3285 2635 3467 2688 adver-

1911 2732 2001 2773 sus
2030 2717 2307 2773 inferiores
2328 2720 2639 2774 efferuntur.
2671 2719 2865 2775 Volens
2892 2736 3019 2790 ergo
3039 2721 3277 2776 diabolus
3306 2723 3473 2777 homi-

1914 2807 2067 2863 nibus
2117 2807 2433 2877 persuadere
2485 2809 2692 2864 divitias
2762 2812 2993 2877 desuper
3056 2819 3213 2879 atque
3263 2827 3325 2866 ex
3383 2811 3474 2865 Dei

1914 2895 2186 2966 largitione
2229 2911 2463 2964 manare,
2494 2906 2552 2951 ut
2589 2914 2654 2953 ex
2696 2899 2797 2952 hoc
2829 2914 3069 2968 magnam
3096 2900 3475 2969 blasphemiam

1915 2990 2137 3043 Domino
2179 2988 2466 3061 impingat,
2496 2998 2699 3059 sumpta
2732 2990 2831 3044 hac
2878 2989 3162 3058 Scriptura:
3218 2994 3475 3046 sententia

1916 3094 2033 3147 qua:
2064 3080 2141 3132 sic
2169 3079 2363 3133 habet:
2393 3078 2564 3134 Meum
2592 3089 2663 3133 est
2687 3090 2965 3149 argentum,
2995 3090 3040 3135 et
3085 3099 3245 3134 meum
3274 3093 3341 3137 est
3388 3100 3481 3135 au-

1916 3185 2043 3233 rum,
2077 3169 2231 3222 aliam
2259 3184 2374 3238 quae
2402 3170 2453 3223 in
2475 3169 2747 3239 Scriptura
2775 3187 2879 3226 non
2908 3180 3005 3235 est,
3040 3172 3229 3237 adjecit
3254 3174 3431 3227 dicens
3461 3190 3476 3226 :

1919 3257 1986 3311 Et
2033 3258 2117 3311 cui
2146 3257 2363 3312 voluero
2408 3259 2545 3313 dabo
2590 3258 2735 3313 illud.
2771 3261 2837 3314 At
2864 3275 2966 3314 non
3008 3261 3077 3315 ita
3105 3261 3229 3315 dicit
3257 3264 3480 3330 Aggarns

1921 3348 2173 3416 prOpheta
2201 3366 2213 3400 :
2243 3348 2334 3403 sed
2364 3364 2481 3403 cum
2507 3364 2569 3403 ex
2594 3349 2933 3404 barbarorum
2962 3353 3174 3421 regione
3203 3352 3484 3407 rediissent

1918 3439 2105 3505 Judaei,
2135 3448 2188 3494 et
2216 3440 2553 3494 instauraturi
2584 3442 2837 3509 templum
2867 3450 3062 3507 essent,
3095 3452 3251 3512 atque
3278 3442 3340 3495 ad
3371 3443 3480 3510 pri-

1921 3530 2114 3583 stinum
2146 3530 2480 3600 splendorem
2511 3532 2741 3585 evecturi
2770 3572 2784 3595 ,
2812 3546 2929 3586 cum
2962 3536 3109 3600 egeni
3136 3542 3313 3587 essent
3342 3544 3393 3587 et
3418 3536 3486 3589 ab

1924 3617 2159 3673 hOstibus
2202 3618 2532 3673 circumfusis
2580 3619 2821 3684 obsessi,
2852 3622 3010 3673 multa
3044 3631 3312 3689 premente
3354 3638 3487 3690 pau-

1924 3718 2123 3776 pertate
2146 3748 2161 3773 ,
2190 3722 2286 3761 nec
2326 3708 2442 3761 ulla:
2475 3707 2748 3762 facultates
2774 3709 3012 3763 alicunde
3042 3719 3356 3779 apparerent
3383 3752 3396 3773 ,
3431 3714 3482 3766 in

1923 3799 2195 3852 meliorem
2239 3813 2385 3866 spem
2432 3798 2546 3853 illos
2575 3799 2757 3854 volens
2800 3800 3035 3869 erigere,
3071 3816 3133 3854 ac
3172 3802 3489 3870 persuadere

1923 3899 1979 3941 ut
2007 3888 2072 3941 de
2100 3888 2203 3942 line
2227 3888 2573 3955 confiderent,
2597 3904 2659 3944 ex
2688 3904 2909 3958 persona
2940 3891 3028 3943 Dei
3060 3892 3206 3955 dicit,
3224 3891 3389 3944 Meum
3414 3901 3485 3945 est

1924 3987 2203 4047 argentum,
2234 3989 2278 4031 et
2328 3995 2489 4031 meum
2536 3988 2607 4032 est
2646 3995 2860 4042 aurum;
2886 3989 2931 4032 et
2976 3981 3066 4032 erit
3109 3982 3268 4048 gloria
3313 3981 3490 4034 domus

1924 4068 2069 4120 istius
2094 4069 2355 4120 novissima
2392 4084 2539 4135 super
2563 4069 2775 4132 primani
2804 4067 2960 4136 (Ibid.
2989 4083 3035 4119 υ.
3067 4068 3173 4137 10).

1996 4159 2274 4224 Scriptura:
2301 4157 2443 4209 verba
2469 4158 2713 4226 quomodo
2741 4160 3017 4211 tractanda.
3035 4160 3218 4213 —Sed
3243 4160 3364 4228 quid
3392 4160 3492 4215 hoc

1928 4249 1989 4301 ad
2015 4248 2377 4317 propositum?
2398 4249 2534 4302 dicet
2557 4250 2764 4318 aliquis.
2790 4250 2938 4317 Quod
2967 4265 3068 4304 non
3090 4260 3329 4319 oporteat
3348 4250 3492 4305 Scri-

1927 4350 2091 4408 ptura:
2120 4340 2405 4393 sententias
2441 4350 2639 4395 temere
2667 4341 2899 4409 arripere
2922 4381 2935 4403 ,
2968 4349 3123 4408 atque
3160 4355 3187 4391 a
3216 4341 3352 4394 serie
3380 4354 3484 4393 sero

1928 4430 2097 4483 monis
2125 4439 2177 4483 et
2214 4430 2505 4499 argumenti
2546 4430 2795 4483 affinitate
2825 4429 3078 4483 divellere
3109 4447 3121 4481 :
3150 4443 3317 4497 neque
3355 4428 3493 4482 nuda

1927 4525 2085 4576 verba
2106 4522 2357 4576 sumenda
2378 4523 2499 4583 sint,
2532 4536 2819 4589 eorumque
2844 4519 3077 4574 subsidio
3103 4519 3351 4573 destituta
3379 4534 3494 4584 qua:

1928 4626 2215 4683 sequuntur
2235 4621 2322 4666 aut
2344 4612 2667 4681 praecedunt,
2691 4621 2747 4665 ut
2765 4627 2859 4682 per
2878 4626 2937 4665 ea
2962 4620 3157 4666 temere
3178 4610 3492 4663 calumniam

1929 4717 2191 4758 struamus
2216 4712 2268 4757 et
2296 4703 2619 4758 cavillemur.
2653 4704 2846 4757 Annon
2890 4703 3029 4757 enim
3056 4701 3339 4757 absurdum
3378 4710 3457 4754 est
3478 4741 3492 4762 ,

1932 4806 1985 4847 ut
2016 4796 2062 4847 in
2091 4793 2298 4862 judiciis
2318 4793 2552 4862 quidem,
2585 4793 2670 4848 ubi
2692 4794 2756 4847 de
2781 4792 2937 4848 rebus
2958 4793 3297 4848 saecularibus
3324 4792 3490 4844 disce-

1932 4895 2157 4952 ptamus,
2183 4884 2358 4937 omnia
2382 4883 2499 4952 jura
2530 4893 2706 4937 nostra
2735 4884 2787 4937 in
2814 4884 3040 4937 medium
3067 4882 3410 4953 proferamus,
3444 4891 3496 4935 et

1932 4976 2039 5026 loca
2061 5015 2074 5037 ,
2107 4982 2371 5041 tempora,
2407 4986 2611 5037 causas,
2650 4986 2903 5041 personas
2929 5013 2944 5037 ,
2976 4972 3180 5041 aliaque
3219 4972 3494 5024 innumera

1932 5061 2313 5130 producamus,
2345 5075 2464 5115 cum
2495 5076 2621 5115 vero
2664 5063 2815 5116 nobis
2851 5062 2917 5116 de
2944 5062 3045 5115 vita
3072 5072 3264 5113 interna
3306 5074 3496 5128 pr0po-

1929 5154 2082 5205 situm
2105 5152 2170 5205 sit.
2190 5161 2474 5217 certamen,
2510 5162 2705 5207 temere
2730 5161 2783 5206 et
2811 5152 3189 5205 inconsiderate
3211 5150 3497 5218 Scriptura:

1930 5241 2039 5294 loca
2068 5240 2435 5311 proferamus?
2462 5243 2537 5295 Ac
2570 5243 2735 5310 legem
2765 5241 2976 5309 quidem
3004 5241 3196 5309 regiam
3227 5255 3384 5294 nemo
3413 5248 3493 5293 te-

1930 5346 2073 5385 mere
2094 5341 2143 5384 et
2167 5330 2551 5384 inconsiderate
2577 5330 2834 5393 rccitabit,
2866 5330 2955 5384 sed
2980 5330 3077 5384 nisi
3103 5340 3305 5399 tempus
3329 5338 3494 5395 notet,

1929 5438 1987 5473 ac
2019 5422 2365 5490 legislatorcm
2396 5420 2666 5488 designet,
2710 5429 2761 5474 et
2787 5422 3041 5489 integram
3074 5420 3211 5473 illam
3244 5428 3399 5487 atque
3430 5419 3498 5472 il-

1931 5514 2141 5565 libatam
2206 5522 2498 5580 preponat,
2549 5514 2831 5581 castigatur
2885 5514 3293 5580 gravissimaque
3344 5525 3497 5578 pinna

1931 5602 2206 5653 mulctatur
2235 5621 2246 5653 :
2278 5614 2373 5652 nos
2405 5616 2528 5653 vero
2554 5601 2676 5653 dum
2708 5617 2808 5653 non
2842 5602 3007 5669 legem
3040 5601 3318 5651 humanam
3345 5638 3360 5663 ,
3401 5600 3493 5653 sed

1930 5707 2206 5766 supernam
2234 5706 2293 5743 ac
2315 5691 2379 5743 de
2403 5691 2531 5744 carlo
2554 5691 2819 5759 (lclapsatn
2842 5691 3140 5748 rccitainns,
3170 5699 3363 5741 tantam
3388 5704 3496 5755 pra:

1934 5785 2077 5835 nobis
2102 5780 2473 5849 negligentiam
2501 5782 2746 5845 feremus,
2774 5790 2824 5833 ut
2848 5778 2962 5846 ejus
2987 5788 3157 5847 partes
3180 5793 3236 5832 ac
3263 5779 3493 5833 membra
