4144 6536
646 454 759 509 159

629 557 1023 627 discerpamus?
1051 555 1178 623 Quis
1215 556 1316 609 hoc
1345 557 1492 610 venia
1534 554 1747 621 dignum
1784 552 2034 608 censeat?
2064 548 2195 604 For-

633 658 778 702 tasse
803 645 938 700 ultra
986 644 1201 699 modum
1241 644 1530 698 oralionem
1559 642 1822 713 produxi,
1869 650 1922 694 at
1951 655 2054 694 non
2085 640 2200 693 sine

626 753 806 802 causa,
838 750 1019 791 verum
1051 743 1107 790 ut
1132 750 1164 789 a
1196 749 1353 804 prava
1383 732 1770 789 consuetudine
1799 747 1894 787 vos
1920 731 2198 785 abducam.

625 827 701 882 Nc
727 828 882 897 igitur
904 826 1270 896 defatigemur,
1290 825 1461 880 donec
1488 825 1552 879 ad
1575 825 1735 881 finem
1766 824 2158 893 pervenerimus
2180 844 2195 879 :

626 926 903 988 propterea
934 932 1162 987 namque
1188 917 1295 972 nati
1325 932 1530 978 sumus.
1559 930 1663 970 non
1694 925 1752 970 ut
1778 915 1997 971 edamus
2027 929 2089 969 ac
2115 913 2197 968 bt-

626 1008 816 1062 bamus
838 1048 853 1072 ,
874 1015 927 1063 et
949 1007 1263 1073 induamur,
1292 1005 1383 1061 sed
1409 1016 1467 1061 ut
1490 1006 1677 1060 vitium
1701 1005 1963 1075 fugiamus
1982 1045 1998 1070 ,
2028 1018 2091 1058 ac
2117 1003 2199 1058 di-

622 1098 801 1151 vinam
819 1096 1044 1165 amplexi
1063 1094 1449 1165 philosophiam
1470 1094 1715 1149 virtutem
1734 1103 2017 1150 sectemur.
2037 1092 2197 1148 Natos

623 1186 764 1241 enim
785 1200 905 1242 esse
933 1199 1033 1239 nos
1058 1198 1160 1238 non
1187 1193 1243 1238 ut
1267 1183 1489 1239 edamus
1514 1199 1577 1241 ac
1602 1184 1863 1250 bibamus,
1892 1184 1985 1239 sed
2007 1183 2072 1239 ad
2096 1184 2195 1238 alia

622 1278 862 1348 quaedam
906 1278 1071 1333 multo
1114 1276 1317 1346 majora
1360 1276 1685 1346 melioraque
1727 1276 2062 1345 praestanda,
2093 1289 2197 1345 quo

622 1380 779 1439 pacto
805 1370 943 1425 Deus
964 1369 1173 1432 doceat,
1195 1367 1337 1432 audi,
1361 1377 1413 1422 et
1439 1382 1594 1438 quam
1623 1366 1809 1421 all‘erat
1837 1380 2049 1421 causam
2074 1380 2197 1434 pro-

624 1475 741 1532 pter
765 1477 920 1533 quam
945 1461 1212 1515 hominem
1237 1460 1545 1528 procrearit.
1579 1458 1711 1514 Cum
1740 1458 1884 1513 enim
1915 1458 2063 1512 illum
2087 1456 2195 1511 for-

623 1561 824 1615 niaret,
860 1551 944 1606 his
982 1550 1157 1605 verbis
1201 1564 1327 1604 usus
1369 1559 1488 1604 est:
1526 1547 1798 1603 Faciamus
1836 1547 2086 1601 hominem
2128 1546 2196 1599 ad

620 1643 884 1713 imaginem
924 1651 1147 1696 nostram
1213 1651 1258 1695 et
1293 1643 1358 1694 ad
1387 1639 1763 1694 similitudinem
1787 1638 1949 1711 (Gen.
1981 1640 2030 1692 1.
2062 1636 2131 1691 26
2149 1636 2191 1708 ).

691 1736 745 1787 4.
791 1732 897 1787 Deo
957 1733 1205 1802 quomodo
1245 1731 1432 1786 similes
1473 1730 1763 1800 efﬁciamur.
1789 1729 2045 1784 —-Porro
2082 1728 2193 1783 Deo

620 1822 822 1877 similes
848 1822 1118 1878 reddimur
1138 1836 1242 1876 non
1271 1820 1397 1875 dum
1442 1818 1772 1875 comedimus
1790 1860 1805 1883 ,
1833 1819 2083 1882 bibimus,
2104 1825 2193 1871 aut

624 1912 927 1973 induimur;
957 1913 1095 1967 Deus
1136 1912 1275 1966 enim
1309 1926 1481 1982 neque
1520 1912 1790 1977 comedit,
1819 1925 1994 1980 neque
2019 1909 2189 1975 bibit,

620 2017 791 2072 neque
820 2002 1052 2056 induitur
1082 2019 1095 2055 :
1128 2002 1220 2057 sed
1246 2002 1370 2056 dum
1395 2002 1654 2070 justitiam
1680 2016 2013 2062 exercemus,
2042 1999 2191 2054 beni-

618 2098 867 2163 gnitatem
890 2093 1220 2157 exhibemus,
1245 2094 1400 2147 mites
1420 2100 1472 2148 et
1492 2092 1715 2147 modesti
1736 2107 1799 2145 ae
1820 2088 2191 2146 misericordes

621 2186 671 2237 in
703 2184 941 2252 proximo
960 2198 1165 2250 sumus,
1193 2184 1442 2239 virtutem
1465 2199 1678 2239 omnem
1702 2194 1965 2241 sectamur
1989 2200 2001 2235 :
2035 2182 2188 2252 siqui-

616 2276 737 2331 dem
764 2291 1045 2331 commune
1071 2276 1223 2332 nobis
1246 2286 1327 2331 est
1357 2277 1483 2331 illud
1508 2293 1627 2332 cum
1656 2277 1952 2331 belluarum
1980 2283 2185 2341 natura,

614 2368 755 2435 quod
798 2367 1124 2422 comedimus
1161 2376 1216 2422 et
1242 2368 1469 2422 bibimus
1494 2406 1510 2429 ,
1557 2382 1729 2437 neque
1770 2367 2057 2436 quidquam
2086 2365 2187 2419 illis

616 2459 714 2510 hac
740 2458 792 2509 iu
824 2471 880 2509 re
907 2466 1239 2525 plu-stamus.
1277 2455 1428 2511 Unde
1464 2470 1592 2526 ergo
1614 2456 1672 2511 fit
1693 2496 1706 2518 ,
1738 2467 1794 2508 ιιι
1820 2456 1919 2509 illis
1948 2453 2185 2509 antecel-

615 2546 783 2600 lamns
806 2546 829 2600 ?
857 2546 1005 2613 Quod
1033 2546 1278 2600 nimirum
1308 2548 1374 2601 ad
1400 2548 1678 2617 imaginem
1701 2556 1755 2601 et
1791 2546 2184 2600 similitudinem

616 2636 704 2691 Dei
733 2638 926 2691 conditi
956 2638 1141 2691 simus.
1172 2637 1249 2692 Ne
1280 2638 1437 2706 igitur
1461 2637 1809 2707 defatigemur
1830 2637 1954 2689 dum
1982 2650 2184 2690 sermo-

615 2742 734 2782 nem
762 2727 828 2780 de
873 2727 1065 2781 virtute
1097 2728 1417 2781 instituimus
1445 2768 1459 2790 ,
1502 2728 1593 2782 sed
1625 2727 1838 2781 allatam
1870 2726 1922 2780 in
1950 2726 2181 2780 medium

612 2818 972 2886 prophetieam
999 2817 1133 2872 hanc
1157 2820 1472 2873 sententiam
1495 2816 1775 2887 diligenter
1802 2815 2179 2884 expendamus,

608 2910 725 2977 quis
750 2924 866 2963 eam
885 2908 1749 2977 protulerit.etquorumcausa,et
1772 2922 1878 2976 quo
1908 2916 2145 2975 tempore
2166 2947 2180 2970 ,

606 3010 662 3056 et
689 3015 842 3067 quem
875 3000 1181 3067 alloquens,
1209 3005 1265 3052 et
1297 3012 1401 3067 quo
1436 2998 1489 3052 in
1516 3006 1655 3052 statu
1684 3012 1770 3053 res
1813 3006 1921 3052 tum
1962 3007 2139 3053 essent
2165 3039 2180 3063 ,

606 3092 785 3147 omnia
814 3090 1027 3144 demum
1061 3088 1473 3159 pervestigenms
1498 3129 1514 3156 ,
1558 3103 1676 3157 qua:
1715 3087 1780 3141 ad
1809 3086 2181 3141 inveniendum

604 3185 718 3237 usui
750 3194 872 3237 esse
899 3189 1140 3249 possunt.
1168 3179 1218 3234 Is
1246 3179 1481 3249 quidem,
1512 3178 1599 3247 qui
1633 3178 1889 3247 protulit,
1919 3175 2181 3231 Jeremias

601 3283 682 3327 est
708 3274 989 3343 propheta,
1012 3270 1137 3323 dum
1157 3285 1262 3323 non
1288 3269 1499 3339 quidem
1525 3283 1619 3339 pro
1641 3283 1720 3334 se,
1739 3282 1922 3323 verum
1950 3281 2044 3336 pro
2064 3268 2182 3321 aliis

604 3381 789 3436 preces
807 3367 1040 3432 offerret,
1067 3379 1162 3432 pro
1181 3362 1376 3417 Judmis
1399 3363 1634 3433 ingratis,
1659 3361 1899 3430 stupidis,
1928 3360 2016 3431 qui
2038 3360 2181 3415 nullo

600 3458 759 3511 modo
771 3457 959 3526 corrigi
980 3461 1239 3524 poterant,
1259 3456 1342 3521 qui
1364 3453 1533 3522 puniri
1550 3453 1842 3517 debebant,
1866 3460 1922 3507 et
1942 3462 2181 3507 extremo

599 3548 855 3617 supplicio
872 3546 1133 3609 mulctari,
1156 3546 1222 3601 de
1242 3544 1433 3617 quibus
1453 3544 1577 3598 dicit
1601 3544 1674 3598 illi
1702 3544 1841 3598 Deus
1861 3561 1876 3598 :
1895 3541 2020 3597 Noli
2039 3558 2182 3596 orare

599 3654 691 3709 pro
731 3638 915 3708 papula
944 3638 1037 3690 hoc
1063 3679 1077 3704 ,
1108 3637 1226 3707 quia
1261 3654 1361 3689 non
1401 3635 1674 3691 eaaudiam
1712 3641 1760 3686 te
1785 3631 1928 3703 (Jer.
1970 3632 2021 3684 7.
2051 3629 2177 3702 16).

600 3732 677 3782 Ac
716 3728 956 3783 nOnnulli
995 3727 1209 3796 quidem
1267 3726 1366 3780 hoc
1410 3726 1477 3779 de
1517 3721 2037 3780 Nabuchodonosore
2074 3720 2177 3775 dici

600 3826 878 3871 autumant
911 3831 924 3865 :
961 3832 1079 3869 nam
1107 3817 1353 3885 queniam
1398 3816 1597 3869 bellum
1631 3816 1736 3869 illis
1765 3821 1882 3869 erat
1926 3810 2178 3866 barbarus

596 3908 858 3970 illaturus,
884 3908 1171 3975 urbemque
1194 3907 1485 3970 deleturus,
1509 3915 1666 3975 atque
1692 3906 1933 3962 abductis
1956 3903 2177 3973 captivis

596 3999 836 4052 abiturus
857 4040 871 4055 .
901 4014 1019 4052 cum
1050 3998 1368 4066 persuadere
1395 3999 1641 4052 omnibus
1671 3999 1866 4061 vellet,
1913 4014 2014 4050 non
2052 4011 2174 4050 eum

600 4092 809 4159 propria
840 4091 1031 4144 virtute
1058 4090 1135 4144 vel
1166 4093 1398 4161 potentia
1428 4091 1694 4145 civitatem
1722 4099 2171 4159 expugnaturum,

597 4184 689 4238 sed
718 4184 786 4236 ob
823 4184 1039 4236 istorum
1071 4193 1280 4251 peccata
1309 4226 1323 4247 ,
1366 4185 1475 4239 Deo
1504 4182 1702 4238 bellmn
1740 4181 1867 4236 illud
1914 4190 2131 4251 gerente
2156 4222 2171 4245 ,

598 4288 757 4346 atque
783 4277 1037 4329 adversus
1064 4265 1248 4327 urbem
1275 4290 1425 4329 suam
1464 4277 1611 4329 illum
1653 4274 1950 4328 deducente
1971 4314 1984 4334 ,
2017 4274 2134 4327 Scio
2154 4314 2169 4338 ,

598 4371 831 4431 Domine,
856 4369 1043 4437 inquit,
1068 4369 1187 4437 quia
1212 4381 1311 4419 non
1341 4376 1411 4419 est
1454 4368 1505 4420 in
1532 4367 1731 4420 homine
1756 4368 1834 4419 via
1854 4367 1983 4435 ejus,
2016 4382 2173 4434 neque

596 4464 742 4513 homo
772 4460 881 4525 ibit,
913 4470 957 4513 et
980 4460 1156 4529 diriget
1186 4476 1407 4530 gressum
1430 4476 1592 4513 suum.
1622 4461 1856 4525 Quorum
1887 4460 2167 4512 verborum

600 4556 682 4606 hic
710 4567 897 4607 sensus
924 4562 1005 4607 est
1037 4570 1050 4604 :
1084 4552 1208 4605 Haec
1238 4552 1321 4603 via
1345 4590 1358 4614 ,
1388 4551 1589 4619 inquit,
1619 4564 1718 4618 qua
1748 4564 1887 4602 nunc
1915 4548 2171 4602 barbarus

595 4646 811 4709 incedit,
833 4645 955 4698 dum
985 4645 1135 4698 nobis
1167 4644 1267 4698 hoc
1288 4644 1482 4699 bellum
1506 4644 1679 4707 infert,
1715 4659 1817 4697 non
1840 4642 1907 4696 ab
1928 4643 2042 4711 ipso
2064 4652 2167 4709 est,

596 4751 765 4804 neque
792 4736 1010 4791 feliciter
1040 4736 1233 4789 bellum
1263 4734 1401 4789 istud
1427 4733 1671 4800 confecit,
1700 4748 1760 4787 ac
1786 4734 2053 4789 victoriam
2082 4750 2169 4788 re-

594 4830 819 4897 portavit
848 4846 861 4882 :
897 4842 958 4880 ac
986 4828 1085 4881 nisi
1133 4836 1186 4880 tu
1212 4842 1310 4879 nos
1355 4826 1407 4879 in
1451 4825 1566 4895 ejus
1608 4839 1792 4879 manus
1824 4825 2127 4880 tradidisses
2152 4868 2167 4890 ,

593 4935 877 4988 numquam
906 4926 1277 4986 expugnasset,
1312 4926 1401 4969 aut
1430 4918 1661 4969 vicisset.
1707 4917 1906 4971 Idcirco
1944 4931 2163 4986 precor,

592 5013 779 5081 inquit,
811 5027 873 5065 ae
893 5013 1113 5079 supplex
1145 5026 1259 5072 oro,
1291 5010 1501 5079 quando
1532 5010 1599 5063 ita
1631 5010 1719 5062 tibi
1749 5010 1850 5063 hoc
1876 5011 2044 5063 visum
2067 5019 2166 5075 est,

592 5113 648 5154 ut
678 5103 935 5171 supplicio
968 5104 1155 5157 modus
1185 5101 1519 5157 adhibeatur.
1559 5101 1765 5170 Corripe
1793 5118 2021 5172 namque
2050 5119 2165 5167 nos,

592 5194 795 5261 inquit,
819 5204 1155 5247 verumtamen
1184 5194 1235 5247 in
1254 5194 1451 5263 judicio
1471 5236 1485 5259 ,
1520 5204 1563 5247 et
1594 5211 1692 5246 non
1722 5194 1771 5246 in
1800 5199 1970 5262 furore
2017 5192 2165 5262 (Jer.

592 5286 679 5339 10.
707 5286 774 5338 24
798 5287 836 5353 ).
868 5285 971 5339 Sed
1001 5287 1245 5353 quoniam
1279 5286 1401 5340 huic
1440 5286 1759 5353 expositioni
1799 5288 2170 5341 contradicunt

592 5376 854 5443 nonnulli,
878 5392 1050 5445 neque
1073 5377 1279 5431 barbari
1302 5392 1459 5432 causa
1482 5378 1679 5432 dictum
1704 5378 1805 5431 hoc
1826 5393 1944 5433 esse
1968 5380 2166 5444 volunt,

590 5468 682 5519 sed
710 5466 775 5520 de
797 5467 1063 5521 communi
1092 5466 1359 5521 hominum
1384 5479 1591 5535 natura,
1613 5471 1968 5524 necessarium
1992 5479 2070 5523 est
2114 5470 2172 5523 'ut

592 5572 710 5609 cum
740 5556 855 5609 istis
881 5556 1236 5611 decertemus.
1265 5558 1396 5623 Quid
1424 5574 1549 5627 ergo
1590 5575 1868 5628 possumus
1896 5561 1976 5613 his
2007 5575 2170 5627 Oppo—

596 5645 761 5700 nere?
789 5645 1045 5713 Quoniam
1074 5663 1171 5717 pro
1200 5647 1501 5702 hominibus
1532 5650 1715 5703 orabat
1740 5691 1752 5714 ,
1799 5650 1885 5719 qui
1915 5664 2168 5719 peccave-

591 5748 745 5803 runt,
782 5754 875 5808 pro
920 5741 1109 5809 quibus
1152 5757 1303 5794 orare
1348 5756 1489 5811 smpe
1533 5742 1827 5810 prohibitus
1867 5752 1981 5797 erat
2010 5760 2021 5797 :
2052 5758 2172 5811 pro-

592 5838 769 5895 ptereu
800 5842 943 5885 curat
975 5874 985 5893 ,
1021 5842 1076 5885 ut
1119 5833 1299 5887 civitas
1343 5834 1485 5903 prior
1510 5835 1683 5904 lugeat
1713 5851 1723 5886 :
1756 5850 1875 5888 nam
1923 5834 2169 5902 quoniam

1357 441 1412 497 S.
1455 438 1731 497 JOANNIS
1767 432 2235 494 ριιιιῖδοδτοιιι
2278 433 2587 493 ARCHIEP.
2628 437 3149 499 CONSTANTINOP.

3759 460 3885 517 160

2306 550 2516 605 assidue
2560 551 2786 618 dicebat,
2816 556 2928 609 Noli
2955 572 3106 611 orare
3130 573 3225 628 pro
3252 559 3351 612 illis
3369 600 3384 624 ,
3412 576 3527 616 eam
3554 560 3718 629 ipsam
3746 577 3878 630 qua:

2304 637 2624 710 benignitate
2644 644 2907 714 indigebat
2927 648 3151 715 priorem
3172 649 3450 713 submittit,
3475 660 3529 705 ut
3545 666 3724 705 ansam
3748 653 3885 708 inde

2301 732 2528 801 aliquam
2546 743 2600 789 et
2614 736 2903 802 speciosam
2922 740 3249 794 occasionem
3269 742 3485 809 arripiat
3506 757 3603 812 pro
3634 742 3735 797 illis
3760 743 3882 797 Deo

2303 840 2490 892 preces
2541 826 2814 892 efferendi,
2845 839 3004 898 atque
3031 830 3097 884 ad
3125 833 3289 900 ipsam
3336 831 3513 902 dirigit
3537 834 3835 889 orationem
3859 876 3878 898 ,

2301 916 2496 983 aitque,
2539 915 2626 970 Vte
2647 919 2933 971 contritioni
2959 928 3058 973 tum
3083 935 3103 973 :
3125 920 3315 974 doloris
3338 922 3485 989 plena
3515 931 3589 975 est
3610 924 3757 991 plaga
3779 932 3881 974 tua

2300 1007 2431 1074 (ter.
2458 1008 2547 1062 10.
2570 1008 2741 1064 l9-22
2761 1007 2802 1079 ).
2831 1010 2962 1063 Tum
2984 1011 3099 1064 infit
3118 1010 3204 1065 illa
3231 1029 3244 1063 :
3272 1010 3433 1065 Plane
3452 1014 3545 1067 hoc
3581 1024 3651 1066 est
3687 1012 3880 1067 vulnus

2300 1113 2482 1162 meum,
2507 1098 2882 1153 tabernaculum
2908 1116 3069 1153 meum
3096 1101 3259 1169 periit,
3284 1102 3438 1171 pelles
3464 1118 3587 1157 mea:
3607 1104 3878 1157 conscissa:

2297 1198 2433 1255 sunt,
2461 1188 2557 1256 ﬁlii
2580 1191 2676 1242 mei
2704 1199 2750 1243 et
2775 1206 2886 1245 oves
2914 1207 3036 1246 mea:
3058 1193 3283 1246 exierunt
3307 1210 3339 1246 π
3374 1210 3449 1248 me
3467 1235 3482 1260 ,
3514 1204 3561 1247 et
3597 1212 3694 1248 non
3718 1205 3874 1248 sunt.

2301 1275 2537 1333 Pastores
2566 1280 2661 1335 mei
2686 1281 2835 1335 stulte
2860 1292 3100 1351 egerunt,
3127 1292 3173 1335 et
3205 1283 3473 1337 Dominum
3500 1302 3599 1339 non
3624 1287 3875 1356 exquisie-

2298 1378 2438 1421 runt.
2478 1368 2589 1423 Vox
2616 1372 2893 1425 auditionis
2932 1373 3096 1435 venit,
3126 1383 3171 1425 et
3199 1375 3541 1429 coniurationis
3576 1391 3765 1445 magna:
3798 1376 3875 1429 ab

2296 1458 2528 1525 aquilone
2543 1499 2558 1522 ,
2582 1470 2634 1512 ut
2661 1471 2813 1529 ponat
2830 1460 3047 1515 civitates
3077 1461 3110 1514 J
3117 1463 3217 1515 uda
3228 1462 3280 1515 in
3300 1463 3681 1529 desolationem,
3704 1475 3748 1517 et
3766 1482 3873 1517 cu-

2297 1548 2395 1602 bile
2420 1566 2695 1618 passerum.
2719 1551 2917 1607 Deinde
2943 1560 3213 1621 postquam
3233 1553 3318 1607 illa
3344 1569 3492 1608 suam
3513 1555 3870 1609 calamitatem

2296 1638 2605 1706 deploravit,
2651 1637 2831 1709 adjicit
2864 1658 2875 1693 :
2910 1626 3149 1707 Domine,
3175 1653 3366 1695 nonest
3398 1644 3611 1697 hominis
3630 1646 3705 1696 via
3730 1646 3869 1707 eius.

2293 1729 2428 1796 Quid
2458 1730 2655 1797 igitur?
2679 1732 2802 1799 quia
2827 1733 3164 1801 lamentatur,
3193 1734 3335 1789 dicet
3360 1735 3567 1805 aliquis,
3599 1738 3875 1806 pernicio-

2294 1837 2409 1874 sum
2449 1823 2638 1893 dogma
2685 1826 2736 1878 in
2784 1824 3036 1885 mundum
3092 1826 3330 1894 invexit,
3377 1836 3554 1882 nostra
3602 1837 3873 1897 potestate

2294 1927 2391 1966 nos
2418 1914 2650 1980 privans,
2676 1924 2729 1968 et
2755 1913 3047 1980 affirmans,
3078 1932 3181 1971 non
3212 1931 3331 1971 esse
3352 1918 3553 1973 arbitrii
3584 1921 3743 1973 nostri
3772 1936 3873 1974 res

2291 2002 2549 2071 gerendas
2571 2002 2594 2055 ?
2617 2003 2958 2073 Nequaquam
2986 2046 3000 2069 ,
3037 2006 3129 2060 sed
3170 2015 3224 2061 et
3254 2006 3377 2060 dum
3424 2008 3735 2062 lamentatur
3757 2050 3771 2071 ,
3807 2010 3871 2063 id

2291 2094 2590 2149 confirmat.
2624 2094 2757 2149 Cum
2783 2097 2925 2150 enim
2966 2096 3220 2161 dixisset,
3271 2097 3390 2152 Non
3418 2109 3488 2151 est
3530 2101 3741 2153 hominis
3779 2101 3873 2153 via

2290 2188 2398 2255 ejus
2428 2228 2441 2252 ,
2472 2188 2688 2242 minime
2721 2190 2901 2252 tacuit,
2936 2187 3027 2242 sed
3059 2188 3272 2257 adjecit,
3303 2188 3479 2259 Neque
3501 2191 3647 2245 homo
3672 2192 3779 2253 ibit,
3809 2201 3868 2244 et

2288 2278 2468 2347 diriget
2496 2293 2716 2347 gressum
2745 2295 2912 2331 suum.
2957 2278 3105 2344 Quod
3135 2288 3311 2333 autem
3335 2280 3457 2334 dicit
3486 2280 3618 2334 hanc
3644 2290 3874 2335 senten-

2290 2368 2411 2421 tiam
2444 2367 2600 2421 habet
2633 2384 2645 2419 :
2673 2367 2785 2421 Non
2820 2376 2985 2421 totum
3015 2377 3096 2422 est
3123 2369 3173 2421 in
3217 2378 3395 2423 nostra
3438 2378 3693 2439 potestate
3714 2411 3729 2433 ,
3763 2370 3869 2424 sed

2287 2459 2425 2513 aliud
2456 2459 2668 2530 quidem
2716 2459 2767 2513 in
2806 2469 2983 2514 nostra
3011 2499 3024 2522 ,
3046 2459 3187 2513 aliud
3218 2474 3344 2515 vero
3382 2461 3432 2513 in
3477 2461 3566 2514 Dei
3593 2462 3749 2515 situm
3776 2471 3874 2515 est

2288 2540 2564 2619 petestate.
2599 2550 2729 2604 Nam
2763 2560 2819 2603 ut
2845 2550 3041 2618 optima
3069 2565 3290 2620 quteque
3313 2551 3586 2620 eligamus,
3614 2551 3866 2616 velimus,

2288 2647 2340 2692 et
2363 2652 2522 2707 agere
2555 2638 2936 2693 contendamus
2962 2680 2976 2704 ,
3007 2653 3327 2709 omnemque
3362 2640 3594 2694 laborem
3623 2639 3871 2697 cunde.

2286 2742 2422 2792 mus,
2455 2727 2620 2781 nostri
2649 2735 2731 2781 est
2758 2728 2964 2782 arbitrii
2995 2746 3010 2784 :
3043 2737 3100 2782 ut
3122 2739 3299 2783 autem
3326 2728 3391 2783 ad
3418 2730 3616 2783 exitum
3651 2744 3712 2783 ea
3741 2745 3873 2798 pcr-

2284 2818 2558 2879 ducamus,
2589 2832 2760 2887 neque
2788 2819 3103 2873 intercidere
3124 2819 3384 2883 sinamus,
3419 2830 3580 2889 utque
3606 2821 3669 2873 ad
3698 2819 3869 2873 finem

2285 2919 2427 2964 recte
2456 2908 2709 2963 factorum
2734 2910 3125 2978 perveniamus,
3149 2909 3199 2963 id
3224 2924 3352 2963 vero
3375 2910 3600 2965 ctelestis
3629 2918 3709 2963 est
3730 2924 3871 2979 gra-

2286 2998 2389 3052 tiae.
2420 2997 2652 3052 Partitus
2676 2998 2818 3053 enim
2866 3008 2949 3053 est
2993 2998 3265 3053 nobiscum
3308 2999 3555 3053 virtutem
3598 2999 3767 3059 Deus.
3804 3008 3870 3053 es

2284 3104 2454 3160 neque
2475 3105 2585 3145 rem
2609 3098 2769 3143 totam
2797 3090 2847 3143 in
2868 3098 3043 3144 nostra
3073 3092 3224 3145 sitam
3248 3106 3367 3145 esse
3390 3089 3554 3143 voluit
3572 3098 3865 3158 potestate,

2285 3198 2351 3237 ne
2380 3184 2431 3235 in
2480 3183 2784 3251 superbiam
2816 3181 3097 3236 efferamur
3121 3224 3135 3248 ,
3184 3198 3354 3252 neque
3401 3189 3566 3237 totum
3596 3181 3691 3234 sibi
3741 3181 3865 3249 ipse

2283 3272 2526 3340 sumpsit,
2560 3287 2628 3325 ne
2657 3286 2754 3326 nos
2781 3271 2987 3325 inertiae
3016 3271 3273 3326 dedamus
3302 3289 3315 3325 :
3343 3272 3435 3326 sed
3462 3272 3707 3339 exiguum
3728 3270 3866 3337 quid

2282 3364 2549 3419 laboribus
2592 3364 2785 3420 nostris
2827 3365 3167 3433 relinquens,
3192 3365 3449 3433 majorem
3495 3373 3696 3433 partem
3738 3362 3863 3431 ipse

2281 3457 2509 3510 conficit.
2558 3457 2623 3513 Ut
2649 3458 2789 3511 enim
2818 3458 3048 3512 sciamus
3071 3496 3085 3519 ,
3114 3470 3220 3525 quo
3259 3465 3411 3525 pacto
3440 3456 3485 3509 si
3532 3470 3618 3509 res
3645 3464 3750 3506 tota
3803 3454 3864 3507 in

2282 3556 2541 3615 potestate
2571 3555 2749 3601 nostra
2782 3547 2987 3611 fuisset,
3021 3547 3215 3600 multos
3238 3546 3287 3600 id
3320 3547 3370 3599 in
3394 3544 3694 3614 superbiam
3716 3544 3868 3611 egis-

2280 3645 2379 3701 set,
2411 3646 2463 3691 et
2488 3636 2782 3699 extulisset,
2809 3636 3083 3689 audiamus
3110 3634 3234 3706 quid
3266 3635 3563 3689 Pharismus
3585 3634 3760 3696 dicat,
3799 3634 3858 3685 in

2279 3737 2527 3795 quantam
2559 3726 2891 3780 insolentiam
2923 3726 3089 3779 elatus
3123 3734 3297 3791 esset,
3326 3740 3430 3793 quo
3472 3733 3625 3793 pacto
3656 3724 3869 3793 magni-

2280 3819 2377 3873 fice
2397 3819 2718 3888 loqueretur,
2744 3833 2905 3887 seque
2930 3819 3021 3873 toti
3050 3818 3164 3871 orbi
3192 3826 3452 3872 terrarum
3477 3817 3703 3871 faswosc
3727 3830 3867 3882 prm-

2278 3913 2438 3967 ferrct
2480 3911 2652 3978 (Luc.
2687 3911 2815 3981 l8).
2842 3911 3125 3979 Propterea
3170 3926 3272 3964 non
3320 3918 3376 3963 ut
3400 3917 3566 3964 totum
3624 3924 3651 3961 a
3699 3906 3865 3961 nobis

2279 3984 2562 4071 penderei,
2597 4002 2791 4067 effecit,
2822 4002 3057 4071 quinimo
3098 4002 3357 4070 permisit,
3387 4009 3441 4053 ut
3467 4000 3514 4053 in
3547 4014 3722 4051 nostra
3756 4014 3862 4065 po-

2278 4106 2466 4151 testate
2491 4094 2686 4164 aliquid
2711 4101 2847 4149 esset
2872 4135 2885 4159 ,
2918 4102 2973 4146 ut
3005 4108 3100 4147 nos
3120 4093 3237 4159 jure
3262 4106 3324 4144 ac
3351 4092 3538 4144 merito
3561 4092 3859 4145 coronandi

2275 4189 2569 4257 speciosam
2591 4186 2922 4241 occasionem
2955 4185 3231 4253 arriperet.
3262 4184 3433 4251 Atque
3460 4180 3559 4235 hoc
3586 4181 3670 4234 illa
3697 4195 3864 4249 pura-

2274 4280 2393 4333 bula
2424 4277 2786 4337 declaravit,in
2809 4291 2908 4345 qua
2932 4274 3326 4337 dicit,homines
3352 4273 3489 4327 eirea
3519 4271 3861 4326 undecimam

2276 4370 2457 4424 horam
2491 4369 2731 4422 inventos
2771 4381 2827 4419 sc
2856 4366 2905 4419 in
2937 4366 3141 4418 vineam
3182 4363 3245 4418 ad
3276 4362 3597 4432 operandum
3643 4362 3863 4417 misisse

2279 4458 2485 4526 (Matth.
2513 4458 2601 4511 20.
2634 4458 2685 4510 6.
2713 4454 2881 4525 sqq.).
2913 4454 3144 4507 Tametsi
3182 4454 3304 4522 quid
3337 4454 3540 4521 operari
3572 4452 3860 4505 undecima

2278 4549 2407 4602 lioz‘a
2460 4547 2783 4615 potuerunt?
2825 4548 2892 4598 At
2937 4545 3279 4597 nihilominus
3324 4544 3389 4597 ad
3432 4545 3686 4612 integram
3743 4541 3861 4596 illis

2272 4640 2498 4694 dandam
2528 4637 2823 4692 mercedem
2852 4637 3010 4690 breve
3042 4642 3363 4688 momentum
3392 4635 3497 4687 Deo
3522 4632 3747 4688 suffecit.

2350 4730 2443 4783 llic
2474 4731 2730 4799 propheta:
2756 4730 2892 4781 locus
2923 4726 3193 4779 libertatem
3230 4726 3422 4777 arbitrii
3448 4742 3546 4777 non
3574 4724 3740 4792 eripit.
3769 4754 3854 4765 -—-

2274 4824 2444 4891 Atque
2492 4830 2547 4874 ut
2592 4820 2852 4887 intelligas
2884 4818 2981 4870 hoc
3012 4817 3320 4885 prophetam
3358 4830 3479 4868 vere
3511 4815 3708 4877 dicere,
3754 4829 3861 4867 ne-

2271 4930 2373 4981 que
2406 4928 2500 4965 nos
2530 4910 2738 4965 arbitrii
2770 4910 3009 4963 libertate
3041 4909 3266 4977 privare,
3286 4905 3377 4960 sed
3406 4905 3471 4959 de
3493 4919 3670 4959 rerum
3700 4904 3857 4959 exitu

2274 5005 2656 5077 philosophari,
2684 5003 2802 5056 audi
2837 5001 2959 5071 quid
2998 5000 3228 5068 adjiciat.
3280 4997 3406 5052 Nam
3435 5012 3551 5051 cum
3585 4996 3808 5049 dixisset
3839 5035 3857 5057 ,

2275 5098 2395 5151 Non
2422 5106 2491 5150 est
2517 5097 2567 5149 in
2598 5094 2796 5147 homine
2821 5093 2898 5144 via
2922 5092 3047 5158 ejus,
3089 5090 3262 5143 statim
3290 5086 3525 5156 adjungit
3571 5104 3585 5139 :
3638 5083 3861 5152 Corripe

2272 5208 2381 5251 nos,
2414 5189 2644 5252 Domine,
2691 5192 3027 5236 uerumtamen
3055 5182 3104 5232 in
3122 5179 3336 5248 judicio,
3376 5186 3423 5229 et
3454 5192 3552 5229 non
3582 5176 3631 5227 in
3674 5173 3861 5240 furore

2276 5282 2483 5352 (Jerem.
2525 5280 2611 5334 l0.
2643 5277 2761 5347 24).
2800 5275 2855 5328 Si
2898 5273 3038 5328 enim
3072 5270 3273 5323 arbitrii
3313 5268 3478 5321 nostri
3505 5266 3630 5318 nihil
3660 5273 3806 5315 esset
3836 5305 3855 5329 ,

2274 5374 2462 5427 frustra
2492 5373 2711 5433 diceret,
2756 5366 2965 5435 Corripe
3004 5379 3114 5427 nos,
3143 5361 3376 5427 Domine,
3426 5368 3756 5413 verumtamen
3796 5357 3859 5407 in

2264 5468 2481 5537 judicio.

2344 5558 2396 5611 5.
2444 5554 2523 5607 Ea;
2562 5553 2748 5603 indicto
2788 5546 3034 5616 supplicio
3060 5543 3261 5599 libertas
3290 5541 3483 5594 arbitrii
3510 5539 3739 5607 infertur.
3776 5566 3859 5579 --

2274 5647 2409 5714 Quid
2436 5645 2573 5699 enim
2603 5642 2712 5695 ﬁeri
2745 5647 2916 5708 potest
2943 5636 3204 5704 injustius,
3236 5648 3391 5704 qtnm
3421 5642 3473 5682 ut
3504 5629 3575 5681 illi
3604 5627 3856 5696 plectan-

2275 5750 2377 5802 tur,
2420 5750 2639 5805 quortnn
2686 5748 2747 5785 ex
2793 5729 3008 5783 arbitrio
3057 5744 3159 5780 non
3190 5726 3417 5796 pendent
3448 5735 3530 5774 res
3569 5717 3855 5787 gerendre,

2278 5838 2363 5882 aut
2404 5837 2459 5881 ut
2502 5824 2738 5879 homines
2784 5822 2855 5874 illi
2903 5835 3082 5888 poenas
3130 5818 3441 5879 sustineant,
3496 5826 3716 5878 quorum
3762 5813 3854 5864 via
