4144 6476
227 403 331 456 161

228 520 439 577 tntaque
490 519 599 564 non
650 506 719 563 sit
763 504 817 563 in
865 522 1049 564 eorum
1079 513 1245 580 posita
1288 512 1586 581 potestate?
1627 513 1805 582 Itaque

227 612 356 651 cum
385 597 553 655 Deum
578 596 787 653 videtur
809 613 984 665 orare,
1016 614 1083 654 ne
1105 600 1336 659 πηνίοτί
1366 614 1519 668 paula
1545 601 1803 656 mulcten-

228 698 341 754 tur,
363 688 491 743 nihil
520 688 663 743 aliud
688 689 899 755 indicat,
932 705 1089 759 quam
1109 691 1292 759 dignos
1320 706 1413 745 eos
1438 706 1556 746 esse
1584 692 1669 760 qui
1691 692 1805 760 ple-

224 786 459 843 ctantur,
492 794 554 833 ac
582 794 795 848 penam
822 781 1113 834 sustineant
1143 798 1156 833 :
1190 780 1290 834 hoc
1311 792 1487 835 autem
1508 781 1636 835 nihil
1659 780 1802 836 aliud

222 884 395 936 quam
425 869 719 922 libertatem
743 868 946 923 arbitrii
972 870 1261 922 constituit.
1307 868 1361 923 Si
1406 870 1549 924 enim
1592 884 1679 925 res
1705 884 1799 939 ge-

221 958 413 1011 renda:
446 958 656 1011 illorum
682 958 816 1026 juris
843 966 896 1011 et
933 958 1135 1011 arbitrii
1176 973 1284 1011 non
1326 968 1523 1023 essent,
1566 973 1669 1011 non
1690 958 1801 1025 jam

225 1058 284 1100 ut
316 1047 513 1101 mitiori
544 1047 801 1116 supplicio
839 1046 1175 1100 afﬁcerentur
1218 1046 1321 1115 peti
1362 1055 1653 1116 oporteret,
1705 1047 1797 1101 sed

225 1152 331 1190 nec
357 1137 464 1189 ullo
490 1136 646 1189 modo
677 1136 847 1204 puniri
881 1154 893 1189 :
924 1137 1029 1189 imo
1049 1151 1176 1191 vero
1206 1152 1376 1205 neque
1398 1137 1643 1206 precibus
1668 1152 1800 1206 Opus

224 1236 415 1279 esset:
448 1240 547 1279 non
584 1226 721 1279 enim
752 1226 1095 1292 deprecatore
1123 1224 1320 1294 indiget
1354 1226 1511 1290 Deus,
1554 1234 1611 1279 ut
1650 1227 1801 1280 inno-

224 1328 410 1372 centes
442 1332 543 1370 non
586 1317 785 1385 puniat.
815 1316 879 1369 Et
908 1316 1032 1386 quid
1066 1317 1203 1384 dico,
1246 1317 1403 1380 Deus,
1447 1333 1565 1371 cum
1596 1333 1693 1373 nec
1719 1319 1799 1371 ul-

224 1406 307 1460 lus
344 1407 499 1459 homo
528 1405 801 1476 prudens?
828 1406 1049 1472 Quando
1079 1406 1235 1475 igitur
1276 1421 1373 1475 pro
1410 1407 1606 1462 Judaeis
1644 1423 1798 1463 orare

224 1496 537 1565 prophetam
563 1497 824 1560 videmus,
855 1497 984 1551 satis
1012 1496 1177 1564 liquet
1209 1510 1331 1550 eum
1368 1511 1463 1566 pro
1498 1496 1797 1553 hominibus

220 1602 383 1640 orare
433 1587 519 1654 qui
568 1588 835 1654 peccarint
876 1604 889 1638 :
934 1596 1042 1639 tum
1074 1600 1197 1640 vero
1226 1586 1458 1639 cernitur
1500 1596 1787 1655 peccatum,

221 1690 347 1729 cum
381 1690 541 1743 penes
570 1689 666 1727 nos
691 1684 772 1728 est
800 1684 849 1727 ut
880 1674 1047 1742 legem
1090 1690 1193 1726 non
1232 1674 1694 1743 transgrediamur,
1744 1684 1797 1731 et

221 1776 399 1819 tamen
430 1780 543 1819 eam
572 1764 1004 1833 transgredimur.
1029 1763 1167 1833 Ergo
1195 1764 1422 1833 undique
1451 1765 1601 1818 nobis
1622 1767 1792 1820 mani-

221 1860 412 1911 teStum
440 1865 539 1919 est,
577 1871 697 1909 cum
725 1856 776 1909 in
812 1864 1009 1918 nostra,
1045 1865 1150 1907 tum
1183 1855 1232 1907 itt
1268 1855 1355 1909 Dei
1394 1864 1650 1924 potestate
1692 1856 1791 1909 sita

219 1964 343 2003 esse
378 1957 522 2002 recte
553 1947 705 2000 facta.
737 1946 919 2001 Simile
949 1946 1075 2000 illud
1104 1955 1185 2000 est
1207 1948 1385 2010 etiam,
1420 1946 1537 2000 Non
1565 1949 1791 2015 volentis,

218 2057 380 2105 neque
416 2041 676 2102 currentis,
720 2040 807 2092 scd
853 2039 1129 2091 ntiserentis
1157 2048 1228 2091 est
1266 2038 1359 2091 Dei
1401 2039 1573 2109 (liam.
1603 2039 1791 2109 9.16).

220 2136 284 2186 Et
317 2147 473 2200 quam
502 2132 569 2183 ob
596 2146 809 2184 causam
837 2145 1013 2194 curro,
1040 2131 1224 2198 inquit,
1276 2131 1359 2183 vel
1387 2147 1539 2197 quam
1568 2131 1636 2183 oh
1665 2146 1792 2183 cau-

220 2239 338 2277 sam
382 2221 520 2284 volo,
576 2220 677 2273 nisi
723 2228 826 2273 tota
860 2233 943 2273 res
972 2219 1020 2270 in
1051 2234 1168 2271 tneo
1196 2220 1259 2271 sit
1288 2219 1505 2272 arbitrio
1532 2220 1674 2273 sita?
1728 2219 1795 2274 Ut

218 2314 471 2367 nimirum
507 2312 630 2364 dum
673 2311 773 2373 vis,
820 2320 872 2364 et
898 2311 1019 2363 dum
1049 2311 1242 2375 curris,
1275 2310 1508 2363 divinum
1540 2311 1792 2363 auxilium

217 2414 272 2457 et
318 2402 738 2457 benevolentiam
793 2401 881 2453 tibi
930 2402 1209 2464 concilies,
1259 2402 1333 2454 sic
1373 2410 1428 2454 ut
1472 2411 1520 2454 te
1561 2402 1789 2468 adjuvet,

218 2512 283 2550 ac
333 2510 543 2547 manum
575 2494 825 2562 porrigat,
868 2502 1024 2561 atque
1058 2493 1119 2545 ad
1154 2494 1307 2545 tinem
1340 2508 1500 2561 usque
1524 2494 1790 2560 perducat.

219 2588 273 2641 Si
304 2587 449 2639 enim
477 2586 575 2637 hoc
603 2584 896 2644 sustuleris,
929 2592 980 2635 ct
1011 2598 1227 2635 currere
1254 2582 1407 2634 simul
1437 2591 1487 2633 et
1527 2583 1660 2635 velle
1696 2584 1791 2634 de-

218 2676 399 2737 sieris,
431 2687 602 2741 neque
632 2687 839 2723 manum
870 2672 1099 2738 porriget
1131 2670 1285 2733 Dens,
1316 2669 1405 2723 sed
1432 2680 1482 2722 et
1524 2672 1631 2737 ipse
1669 2672 1791 2722 abs-

219 2766 395 2821 cedet.
449 2764 597 2817 Unde
635 2771 809 2816 autem
840 2761 888 2814 id
924 2762 1171 2815 constat?
1204 2762 1337 2814 Audi
1381 2761 1504 2829 quid
1544 2763 1681 2814 dicat
1709 2761 1795 2815 Je-

219 2856 533 2924 rosolymze:
564 2853 766 2917 Quoties
788 2850 919 2903 volui
946 2866 1243 2920 congregare
1266 2851 1396 2917 ﬁlios
1424 2861 1551 2911 tuos,
1574 2861 1617 2903 et
1642 2853 1796 2903 nolui-

219 2945 355 2998 stis?
381 2943 507 2995 Ecce
535 2943 830 3007 relinquitur
859 2941 1035 2993 domus
1064 2949 1224 2992 vestra
1245 2940 1439 2993 deserta
1468 2940 1674 3007 (Matth.
1702 2941 1792 2995 25.

221 3037 338 3103 '57).
371 3033 549 3097 Vides,
584 3034 829 3099 quoniam
862 3033 930 3083 illi
964 3032 1263 3095 noluerunt,
1296 3046 1400 3100 quo
1445 3041 1595 3101 pacto
1640 3034 1795 3085 etiam

225 3128 367 3179 Deus
392 3125 687 3179 abscessit?
732 3125 1015 3192 Propterea
1062 3125 1211 3177 nobis
1246 3140 1450 3192 queque
1479 3139 1611 3193 opus
1638 3136 1716 3180 est
1745 3136 1799 3180 ut

222 3216 467 3277 velimus,
514 3224 566 3267 et
593 3228 888 3275 curramus,
937 3227 1043 3281 quo
1072 3212 1236 3265 Deum
1265 3214 1415 3267 nobis
1441 3215 1596 3267 etiam
1623 3216 1799 3268 conci-

224 3308 437 3360 liemus.
490 3304 600 3357 lloc
647 3305 802 3371 igitur
842 3311 941 3363 est,
992 3303 1129 3370 quod
1162 3302 1236 3355 ait
1266 3302 1541 3371 prOpbeta,
1592 3303 1798 3357 felicem

224 3395 426 3447 exitum
474 3409 653 3446 rerum
704 3394 755 3445 in
807 3400 1067 3459 potestate
1117 3400 1295 3444 nostra
1341 3392 1497 3444 situm
1528 3407 1629 3445 non
1660 3407 1798 3458 esse,

225 3498 410 3536 verum
443 3482 506 3533 ab
534 3481 728 3535 auxilio
757 3480 984 3548 pendere
1011 3480 1186 3533 divino
1220 3499 1231 3531 :
1268 3490 1320 3533 ut
1345 3490 1517 3535 autem
1549 3482 1801 3550 eligamus

228 3576 281 3626 in
312 3564 466 3626 nobis
491 3582 543 3626 et
568 3573 618 3625 in
650 3573 865 3625 arbitrio
899 3580 1080 3625 nostro
1126 3572 1282 3625 situm
1331 3586 1467 3627 esse.
1520 3572 1801 3626 Enimvero

224 3667 269 3717 si
303 3680 479 3717 rerum
512 3678 732 3731 prosper
763 3674 850 3715 aut
879 3665 1091 3717 sinister
1121 3665 1290 3718 exitus
1314 3665 1378 3717 ab
1406 3666 1600 3717 auxilio
1626 3665 1803 3718 divino

226 3755 449 3824 pendet,
477 3754 618 3806 dicet
643 3753 857 3821 aliquis,
894 3753 1022 3805 nulli
1054 3754 1311 3807 obnoxius
1344 3754 1551 3807 crimini
1598 3755 1802 3808 censeri

225 3846 401 3898 debeo
447 3860 461 3896 :
516 3858 635 3896 cum
684 3844 824 3897 enim
882 3843 1075 3904 omnia,
1126 3859 1241 3911 quae
1293 3858 1529 3897 mearum
1581 3845 1804 3912 partium

226 3942 375 3996 sunt,
413 3933 787 4001 prtestitero,et
813 3932 1050 3998 voluero,
1074 3942 1127 3985 et
1157 3933 1385 4001 elegero,
1416 3942 1470 3986 et
1499 3949 1609 3987 rem
1639 3935 1804 4001 ipsam

227 4042 515 4097 aggressus
558 4025 729 4091 luero,
775 4030 821 4078 is
862 4039 991 4079 vero
1038 4040 1067 4078 a
1114 4026 1265 4092 cujus
1316 4034 1571 4094 potestate
1618 4026 1806 4094 pendet

228 4129 478 4180 eventus,
529 4130 615 4169 me
646 4130 747 4169 non
788 4115 1068 4183 adjuverit,
1104 4130 1272 4183 neque
1314 4130 1523 4168 manum
1558 4131 1806 4183 porrexe-

230 4212 322 4272 rit,
356 4207 497 4262 omni
529 4221 646 4259 sum
672 4205 893 4259 crimine
933 4205 1202 4257 liberatus.
1257 4204 1448 4257 Verum
1478 4220 1581 4257 non
1610 4206 1678 4258 ita
1704 4215 1804 4271 est,

231 4302 391 4368 plane
419 4310 521 4349 non
550 4303 632 4349 est
661 4295 729 4347 ita
758 4311 771 4345 :
801 4309 971 4361 neque
990 4295 1131 4346 enim
1166 4294 1277 4347 ﬁeri
1308 4302 1498 4362 potest,
1530 4303 1585 4350 ut
1622 4296 1665 4347 si
1713 4310 1809 4348 nos

231 4386 582 4450 voluerimus,
628 4384 970 4452 elegerimus,
1022 4398 1084 4437 ac
1129 4384 1487 4447 statuerimus,
1538 4385 1672 4438 Deus
1715 4400 1810 4439 nos

232 4480 595 4547 derelinquat.
638 4476 694 4531 Si
724 4476 863 4530 enim
893 4490 984 4529 eos
1008 4477 1095 4544 qui
1125 4476 1307 4528 nolunt
1338 4476 1579 4528 hortatur
1604 4484 1659 4529 et
1686 4491 1811 4529 con-

234 4572 367 4623 sulit
400 4572 497 4634 eis,
545 4577 603 4622 ut
650 4567 817 4621 velint
854 4575 907 4619 et
933 4575 1185 4628 statuant,
1212 4566 1379 4617 multo
1414 4566 1577 4633 magis
1606 4580 1698 4618 eos
1724 4567 1812 4634 qui

238 4663 379 4713 ultro
405 4660 617 4728 eligent,
644 4674 747 4712 non
774 4658 1123 4725 derelinquet.
1153 4656 1401 4724 Respicite
1438 4671 1684 4724 namque,
1728 4658 1810 4708 in-

236 4749 374 4817 quit,
404 4749 457 4799 in
481 4749 822 4816 generationes
850 4747 1100 4814 antiquas,
1147 4754 1191 4798 et
1229 4745 1405 4809 videte,
1454 4744 1563 4811 quis
1603 4744 1814 4813 sperauit

238 4839 291 4889 in
346 4836 631 4901 Dominum,
687 4845 735 4889 et
778 4836 1015 4903 confusus
1059 4835 1169 4887 est?
1207 4842 1291 4885 aut
1322 4833 1431 4901 quis
1458 4834 1728 4889 permansit
1763 4834 1815 4885 in

239 4927 493 4979 mandatis
520 4926 647 4991 eius,
681 4935 729 4978 et
760 4926 983 4995 despexit
1015 4941 1125 4977 eum
1163 4924 1350 4993 (Eccli.
1379 4924 1431 4977 2.
1468 4925 1552 4977 11.
1581 4924 1709 4991 12)?
1755 4925 1818 4978 Et

239 5032 426 5073 rursus
464 5018 536 5071 ait
576 5017 791 5081 Paulus,
845 5018 973 5085 Spes
1009 5032 1108 5069 non
1135 5015 1395 5084 confundit
1441 5014 1612 5086 (Rom.
1638 5016 1691 5069 5.
1723 5016 1814 5085 5),

240 5125 366 5179 spes
415 5108 661 5163 nimirum
714 5107 766 5159 in
809 5106 997 5160 Deum.
1044 5106 1375 5175 Impossibile
1427 5106 1568 5160 enim
1613 5114 1714 5171 est,
1764 5116 1819 5159 ut

240 5203 401 5254 tinem
449 5200 788 5273 propositum
808 5211 916 5250 non
964 5196 1283 5267 adipiscatur
1312 5196 1353 5251 is
1383 5195 1469 5265 qui
1500 5202 1606 5250 tota
1637 5204 1815 5251 mente

1057 396 1123 455 IN
1158 397 1381 467 ILLUD,
1423 399 1698 465 DOMINE.
1734 399 1870 457 NON
1905 401 2031 460 EST
2068 402 2136 458 IN
2172 403 2450 472 BOMINE,
2490 404 2638 461 ETC.

3362 412 3473 469 162

1908 513 1961 569 in
1994 513 2162 570 Deum
2186 524 2379 585 Sperat,
2402 524 2456 571 et
2479 531 2597 585 quze
2619 530 2832 569 suarum
2860 524 2980 569 sunt
3007 513 3232 583 partium
3260 520 3472 581 pnnstat

1906 604 2101 657 omnia.
2126 605 2192 658 Et
2220 619 2423 670 rursus,
2448 604 2639 659 Fidelis
2662 614 2827 658 autem
2851 604 3008 667 Deus,
3032 605 3116 671 qui
3141 620 3239 656 non
3261 604 3475 671 patietur

1904 707 1990 747 vos
2017 695 2195 748 tentari
2221 711 2374 764 supra
2398 695 2451 747 id
2473 697 2605 763 quod
2626 697 2847 763 potestis,
2876 696 2963 748 sed
2984 696 3127 762 faciet
3154 710 3267 746 cum
3312 702 3474 747 tenta-

1906 786 2037 838 tione
2065 796 2354 856 proventum
2373 828 2388 851 ,
2420 798 2475 839 ut
2502 788 2697 857 possitis
2724 789 2963 840 sustinere
2991 786 3067 855 (1.
3091 784 3207 839 Cor.
3232 785 3318 838 10.
3358 784 3470 851 15).

1906 873 2105 929 Idcirco
2148 876 2394 930 admonet
2421 877 2629 945 sapiens
2657 879 2734 929 vir
2760 876 2971 944 quidam
2999 875 3185 928 dicens
3220 892 3234 928 :
3265 873 3390 937 Fili,
3427 874 3473 927 si

1903 968 2111 1019 accedas
2134 967 2201 1019 ad
2228 968 2504 1021 servitutem
2535 968 2751 1030 Domini,
2799 983 3029 1035 prwpara
3070 967 3292 1018 animant
3334 974 3471 1017 tuam

1904 1056 1971 1107 ad
1998 1058 2330 1109 tentatiouent.
2363 1057 2535 1127 Dirige
2559 1074 2644 1109 cor
2672 1067 2831 1117 tuum,
2860 1066 2904 1107 et
2934 1057 3139 1119 sustine,
3169 1064 3216 1108 et
3241 1071 3302 1107 ne
3328 1054 3473 1122 festi-

1906 1160 1991 1197 nes
2012 1146 2064 1197 in
2093 1154 2307 1215 tempore
2341 1146 2670 1199 obductionis.
2703 1145 3013 1215 Conjttngere
3044 1145 3137 1207 illi,
3181 1155 3225 1197 et
3251 1161 3313 1197 ne
3339 1161 3474 1197 rece—

1905 1236 2190 1305 das(Eccli.
2209 1237 2261 1289 2.
2284 1238 2331 1290 1.
2356 1236 2431 1306 2).
2454 1238 2600 1291 Alius
2627 1253 2835 1306 quoque
2858 1251 3034 1289 sermo
3066 1251 3161 1290 nos
3187 1235 3469 1290 admonet:

1907 1322 2003 1387 Qui
2030 1335 2191 1377 autem
2218 1328 2592 1394 perseveraverit
2624 1343 2777 1395 usque
2809 1326 2858 1378 in
2886 1326 3057 1393 ﬁnem,
3092 1325 3170 1377 hic
3190 1325 3356 1377 salvus
3378 1324 3471 1377 erit

1904 1410 2112 1485 (Matth.
2152 1415 2235 1468 10.
2267 1414 2380 1482 22).

1981 1502 2070 1555 Vir
2092 1505 2231 1557 bonte
2254 1505 2519 1558 voluntatis
2560 1522 2658 1558 non
2686 1506 2930 1558 deseritur
2958 1521 2988 1557 a
3019 1504 3143 1558 Deo.
3189 1504 3324 1558 Deus
3370 1520 3468 1557 non

1901 1595 2000 1645 vim
2022 1592 2167 1659 affert
2194 1604 2280 1645 aut
2301 1596 2448 1663 cogit.
2476 1624 2546 1633 —
2571 1594 2736 1647 Porro
2766 1594 2877 1647 luce
2903 1595 3075 1646 omnia
3107 1594 3298 1661 regulm
3325 1602 3467 1656 sunt,

1901 1683 2063 1751 leges,
2095 1697 2156 1735 ac
2180 1683 2389 1737 decreta
2419 1685 2755 1736 immutabilia
2781 1700 2795 1747 ;
2846 1693 2899 1737 et
2941 1684 3039 1737 hoc
3079 1684 3130 1737 in
3177 1692 3354 1737 mente
3382 1698 3472 1736 ve-

1900 1781 2008 1827 stra
2051 1774 2121 1826 sit
2168 1773 2326 1826 fixum
2369 1782 2597 1841 oportet,
2651 1774 2761 1827 ﬁeri
2794 1788 2897 1827 non
2931 1788 3104 1842 posse,
3136 1781 3191 1827 ut
3238 1774 3324 1841 qui
3352 1782 3467 1826 stu-

1900 1861 2042 1915 dium
2069 1861 2331 1925 adhibeat,
2362 1872 2413 1914 et
2439 1862 2503 1914 de
2541 1876 2633 1915 sua
2657 1864 2823 1915 salute
2852 1863 2919 1915 sit
2944 1863 3224 1925 sollicitus,
3275 1870 3328 1915 et
3353 1876 3469 1914 om.

1900 1951 1985 2004 nia
2014 1967 2129 2019 qua:
2150 1966 2359 2005 suarum
2389 1953 2752 2020 suntparlium
2777 1961 3111 2021 exsequatur,
3143 1953 3186 2005 is
3214 1967 3463 2020 umquam

1898 2055 1928 2092 a
1963 2041 2067 2094 Deo
2093 2043 2381 2095 deseratur.
2411 2042 2523 2095 Non
2555 2042 2704 2094 audis
2736 2042 2858 2109 quid
2888 2042 3041 2095 Petro
3067 2041 3239 2095 dicat?
3262 2040 3462 2107 Simon,

1901 2130 2095 2191 Simon,
2131 2134 2318 2199 quoties
2360 2134 2586 2201 expetivit
2615 2143 2835 2193 satanas,
2860 2143 2912 2184 ut
2941 2134 3177 2184 cribrarct
3220 2149 3303 2185 vos
3338 2134 3465 2185 sicut

1899 2221 2111 2272 triticum
2142 2237 2157 2272 :
2185 2238 2271 2289 ego
2297 2232 2460 2273 autem
2490 2222 2625 2274 oravi
2656 2239 2742 2285 pro
2769 2232 2832 2278 te.
2882 2232 2933 2272 ut
2976 2239 3071 2273 non
3104 2221 3303 2284 deﬁciat
3338 2222 3464 2287 ﬁdes

1900 2320 1986 2363 tua
2014 2312 2159 2380 (Luc.
2185 2312 2273 2365 22.
2302 2313 2392 2367 51.
2423 2313 2533 2380 52).
2580 2313 2707 2366 Nam
2756 2330 2875 2367 (-um
2909 2315 3101 2367 viribus
3132 2316 3324 2367 nostris
3347 2330 3465 2369 esse

1900 2403 2066 2469 majus
2100 2403 2286 2456 viderit
2330 2419 2484 2467 onus,
2529 2419 2737 2455 manum
2769 2406 3001 2470 porrigit.
3033 2420 3094 2456 ae
3126 2406 3462 2457 tentationem

1899 2492 2067 2544 reddit
2106 2493 2357 2544 leviorem
2408 2510 2419 2544 :
2467 2508 2583 2544 cum
2632 2507 2755 2545 vero
2808 2508 2901 2544 nos
2938 2509 2999 2545 ex
3047 2494 3256 2560 propria
3302 2494 3465 2562 negli-

1896 2582 2069 2650 gentia
2110 2581 2301 2634 viderit
2330 2596 2391 2633 ac
2434 2581 2634 2635 desidia
2681 2582 2943 2649 propriant
2972 2584 3190 2634 salutem
3221 2583 3463 2649 prodere,

1898 2688 2068 2739 neque
2094 2671 2228 2725 velle
2260 2672 2472 2735 salvari,
2504 2681 2624 2723 tunc
2656 2672 2973 2737 dereliuquit
3014 2688 3075 2725 ac
3105 2672 3321 2725 deserit.
3368 2672 3469 2725 Ne-

1899 2778 2001 2829 que
2045 2764 2182 2815 euim
2222 2764 2325 2815 vim
2369 2762 2537 2825 all'ert,
2570 2774 2657 2815 aut
2702 2765 2858 2830 cogit,
2908 2765 3149 2831 quodque
3194 2765 3317 2816 dum
3367 2765 3467 2818 do-

1902 2853 2120 2905 ctrinam
2166 2852 2414 2917 traderet,
2458 2853 2664 2921 agebat.
2706 2853 2754 2905 id
2786 2853 2941 2904 etiam
2973 2852 3054 2905 hic
3087 2854 3159 2904 ﬁt.
3217 2853 3283 2906 Ut
3327 2854 3467 2906 enim

1904 2944 2009 2995 illic
2039 2958 2151 3008 eos,
2193 2944 2281 3011 qui
2308 2944 2490 2997 audire
2523 2944 2788 3004 nolebant,
2826 2944 2915 2995 sed
2963 2941 3321 3005 discedebant,
3364 2960 3471 2997 non

1904 3034 2160 3098 trahebat,
2194 3048 2361 3101 neque
2402 3038 2502 3084 vim
2534 3032 2785 3084 all'eruhat
2812 3048 2825 3084 :
2855 3032 2946 3085 sed
2982 3032 3063 3092 iis,
3112 3033 3197 3098 qui
3235 3033 3475 3086 attende-

1902 3123 2025 3176 bant
2048 3124 2269 3176 obscura
2297 3124 2551 3184 solvebat,
2582 3132 2633 3175 et
2661 3123 2938 3189 aznigmata
2981 3122 3253 3174 manifesta
3285 3122 3473 3174 redde-

1903 3214 1991 3267 bat
2020 3231 2033 3266 :
2064 3215 2130 3267 ita
2162 3214 2407 3266 nimirum
2449 3214 2578 3267 etin
2613 3213 2765 3267 rebus
2796 3214 2921 3281 ipsis
2958 3231 2969 3264 :
3010 3228 3103 3266 eos
3148 3216 3233 3280 qui
3279 3212 3471 3279 Stupidi

1898 3313 2041 3369 sunt,
2070 3313 2123 3358 et
2167 3304 2383 3357 minime
2410 3304 2609 3369 volunt,
2663 3320 2766 3357 nou
2798 3305 2956 3371 cogit,
3011 3320 3180 3372 neque
3222 3304 3323 3357 vim
3373 3303 3475 3355 illis

1903 3392 2211 3447 aﬂ'ertzeos
2240 3405 2437 3457 autem,
2486 3396 2573 3463 qui
2615 3395 2752 3447 ultro
2796 3396 2995 3461 eligunt
3044 3408 3252 3446 summo
3302 3393 3476 3445 studio

1905 3483 2001 3537 sibi
2041 3485 2306 3538 conciliat.
2352 3485 2635 3552 Propterea
2685 3484 2811 3536 dicit
2839 3487 2993 3535 etiam
3023 3484 3207 3537 Pclrtts
3240 3501 3250 3533 :
3288 3482 3348 3534 In
3390 3500 3474 3534 ve-

1904 3574 2050 3625 ritate
2076 3574 2311 3641 comperi,
2360 3575 2473 3640 quia
2514 3573 2567 3623 in
2601 3573 2733 3623 omni
2774 3583 2931 3639 gente,
2989 3573 3071 3637 qui
3114 3576 3250 3621 timet
3290 3570 3474 3631 Deum,

1906 3671 1951 3714 et
1980 3673 2213 3727 operatur
2235 3663 2504 3733 justitiam,
2535 3672 2765 3729 acceptus
2788 3672 2855 3714 est
2878 3663 2950 3714 illi
2974 3660 3106 3729 (Act.
3134 3662 3215 3715 10.
3253 3662 3336 3715 54.
3363 3662 3475 3729 55).

1911 3752 1977 3805 Ει
2009 3752 2239 3819 propheta
2260 3753 2353 3806 hoc
2376 3751 2539 3819 ipsum
2557 3752 2792 3803 admonet
2811 3749 2892 3803 his
2912 3750 3095 3803 verbis:
3118 3749 3169 3801 Si
3200 3751 3475 3811 volueritis,

1908 3854 1954 3897 et
1979 3843 2233 3895 audieritis
2260 3858 2355 3907 me,
2386 3841 2513 3893 bona
2543 3849 2686 3893 terrte
2711 3838 3018 3893 comedetis:
3042 3835 3090 3889 si
3115 3852 3281 3892 autem
3310 3840 3476 3891 nolue-

1908 3936 2039 3997 ritis,
2069 3948 2224 4000 neque
2252 3932 2574 3984 exaudieritis
2600 3947 2695 3995 tne,
2724 3931 2919 3999 gladius
2942 3930 3194 3983 decorauit
3220 3946 3304 3982 vos
3330 3928 3480 3997 (Isai.

1912 4027 1962 4079 1.
1994 4026 2078 4078 19.
2102 4024 2215 4090 20).
2244 4022 2370 4088 Quae
2400 4036 2517 4075 cum
2544 4022 2615 4073 ita
2643 4032 2765 4074 nota
2794 4030 2845 4074 et
2874 4021 3143 4087 explorata
3172 4021 3277 4073 sint
3308 4020 3481 4083 nobis,

1910 4126 2068 4183 atque
2100 4113 2151 4166 in
2185 4121 2360 4165 nostra
2395 4119 2655 4180 potestate
2701 4113 2855 4164 situm
2884 4126 3003 4163 esse
3054 4121 3110 4163 ut
3153 4110 3397 4173 velimus,
3431 4117 3486 4161 et

1911 4218 2221 4266 curramus,
2276 4216 2509 4269 nosque,
2577 4199 2699 4253 dum
2764 4201 3007 4252 volumus
3067 4200 3481 4266 currimusque,

1915 4295 2079 4347 Deum
2129 4291 2281 4344 nobis
2319 4290 2691 4344 conciliaturos
2750 4289 2815 4341 ad
2884 4289 2997 4356 ejus
3052 4289 3304 4340 auxilium
3347 4288 3486 4341 obti-

1920 4382 2191 4444 nendum;
2258 4394 2322 4432 eo
2375 4394 2529 4446 porro
2575 4378 2725 4429 nobis
2767 4378 3079 4441 conciliato,
3152 4392 3249 4429 nos
3310 4392 3485 4430 rerum

1915 4472 2111 4526 exitum
2186 4478 2596 4536 assequuturos;
2644 4468 2933 4522 excitemus
2971 4482 3088 4529 nos,
3136 4466 3484 4530 dilectissimi,

1916 4572 2071 4628 atque
2132 4558 2198 4611 ad
2258 4560 2483 4611 salutem
2531 4557 2722 4610 anima:
2794 4568 2988 4609 nostra:
3036 4571 3194 4609 omne
3255 4556 3488 4609 studium

1917 4654 2270 4715 conferamus,
2318 4659 2376 4703 ut
2417 4665 2537 4704 cum
2587 4648 2850 4701 modicum
2882 4647 2933 4700 in
2982 4650 3078 4701 hac
3106 4650 3210 4700 vita
3254 4647 3490 4701 laborem

1918 4744 2387 4806 exautlaverimus,
2445 4743 2499 4795 in
2545 4749 2745 4794 aeterno
2791 4749 2846 4793 et
2896 4740 3178 4793 immortali
3233 4754 3345 4793 aevo
3400 4740 3490 4794 illo

1919 4835 2071 4889 benis
2122 4832 2507 4887 immortalibus
2546 4830 2880 4900 pet-fruantur
2912 4846 2925 4881 :
2960 4844 3076 4898 qua!
3129 4829 3284 4883 nobis
3323 4830 3495 4881 omni-

1921 4928 2016 4982 bus
2042 4936 2099 4980 ut
2118 4926 2441 4992 contingant,
2490 4923 2619 4976 faxit
2650 4923 2814 4991 gratia
2862 4929 2913 4975 et
2942 4920 3238 4989 benignitas
3288 4920 3493 4973 Domini

1922 5018 2085 5072 nostri
2133 5016 2256 5071 Jesu
2286 5014 2504 5079 Christi,
2549 5030 2668 5069 cum
2693 5029 2799 5085 quo
2831 5014 2969 5067 Patri
2998 5011 3185 5081 gloria.
3228 5013 3502 5083 simulque

1930 5113 2113 5160 sancto
2156 5104 2396 5173 Spiritui,
2428 5120 2565 5160 nunc
2603 5113 2657 5159 et
2695 5118 2923 5172 semper,
2949 5101 3083 5156 etin
3123 5108 3493 5163 smculascecu-

1927 5196 2119 5250 lorum.
2154 5198 2339 5250 Amen.
