4056 6474
689 466 799 521 165

689 567 970 636 πνεύματα
987 556 1271 626 ἐπιθυμίας
1296 553 1530 621 πονηρᾶς
1554 548 1748 617 πολλὴν
1777 540 2145 636 ὲμποιοῦνιςαῃι
2163 534 2231 602 τῇ

689 631 892 723 διανοίᾳ
917 653 1014 720 τὴν
1047 648 1317 715 σύγχυσιν.
1370 641 1505 694 Ἀλλ’
1543 641 1571 691 6
1601 638 1696 709 μὲν
1732 637 1950 704 ἄπειρος
1973 632 2066 686 καὶ

689 721 928 812 λέτητος,
958 738 1255 810 ἀρχομένου
1278 734 1370 786 τοῦ
1400 729 1660 802 χειμῶνος
1687 727 1783 794 τῆς
1804 726 1990 794 ὀργῆς,
2036 721 2232 783 εὐθέως

691 832 841 906 1169]
855 830 1179 901 θορυϐεῖται,
1196 825 1533 894 ταράττεται,
1555 820 1835 906 κλονεῖται,
1853 832 1920 866 πε
1929 814 2080 906 ριο-ρᾷ
2097 829 2235 906 γινοῖ

698 901 860 993 μένην
895 915 1218 988 ὑποϐρύχιον
1249 914 1344 982 τὴν
1381 910 1556 979 ψυχὴν
1589 907 1690 960 ὑπὸ
1727 905 1834 957 τῶν
1881 901 2094 993 παθῶν,
2141 901 2234 952 καὶ

693 991 946 1080 ναυάγιον
977 1008 1363 1077 ὑπομένουσαν·
1391 1004 1418 1053 6
1449 1002 1504 1054 δέ
1532 1001 1787 1069 ἔμπειρος
1824 994 1913 1049 καὶ
1944 991 2234 1062 μεμελετη-

694 1102 806 1166 κὼς
833 1103 902 1154 τά
933 1099 1152 1153 τοιαῦτα
1177 1097 1356 1164 φέρειν
1389 1091 1665 1160 γενναίως,
1711 1087 1954 1155 καθάπερ
1983 1083 2238 1153 κυϐερνή-

693 1210 796 1262 την
834 1193 923 1246 ἐπὶ
956 1190 1062 1242 τῶν
1088 1188 1303 1245 οἰάκων,
1339 1183 1478 1235 οῦτω
1506 1181 1594 1233 τὸν
1621 1177 1872 1246 λογισμὸν
1913 1176 2092 1229 ἐπάνω
2127 1174 2234 1226 τῶν

695 1284 880 1338 παθῶν
898 1281 1142 1341 καθίσας,
1168 1278 1228 1328 οὑ
1255 1274 1512 1344 πρότερον
1540 1270 1824 1337 ἀφίσταται
1850 1267 2022 1320 πάντα
2047 1264 2232 1326 ποιιῖιν,

695 1379 800 1438 ἓως
831 1375 894 1427 ἀν
918 1369 1211 1438 κατευθύνῃ
1244 1368 1304 1420 τὸ
1338 1365 1539 1432 σκάφος
1570 1360 1704 1431 πρός
1731 1360 1818 1412 τὸν
1840 1357 2007 1410 εῦδιον
2029 1357 2129 1424 τῆς
2151 1373 2238 1424 φιο

696 1464 946 1530 λοσοιρίας
967 1459 1176 1529 λιμένα.
1209 1459 1384 1524 Ὅπερ
1428 1448 1517 1506 οῦν
1564 1452 1654 1504 ἐπὶ
1673 1450 1769 1520 τῆς
1797 1449 2056 1516 θαλάττης
2091 1445 2236 1513 γίνε-

697 1573 809 1617 ται,
831 1551 924 1606 καὶ
952 1553 1043 1603 ἐπὶ
1067 1551 1164 1619 τῆς
1188 1545 1421 1608 διανοίας
1460 1542 1761 1612 συμϐαίνει,
1789 1539 1943 1591 τοῦτο
1962 1537 2053 1589 καὶ
2080 1536 2138 1588 ἐν
2172 1538 2235 1605 τῇ

701 1645 954 1713 ἐξηγήσει
989 1645 1095 1694 τῶν
1132 1636 1358 1708 Γραφῶν
1400 1633 1712 1702 συμπίπτειε
1746 1630 1951 1698 ἀνάγκη
1993 1626 2239 1698 θορυϐεῖ-

703 1735 845 1799 σθαι,
879 1729 1260 1801 ταράττεσθαι,
1300 1726 1515 1779 ἐπειδὰν
1545 1723 1843 1791 ἐξέλθωμεν
1871 1722 1948 1782 εἰς
1982 1719 2042 1770 τὸ
2077 1717 2241 1769 πέλα-

701 1843 813 1892 γος,
836 1823 932 1876 οὐκ
955 1820 1136 1888 ἐπειδὴ
1162 1819 1220 1871 τὸ
1240 1817 1468 1882 πέλαγος
1491 1815 1731 1884 φοϐερὸν,
1749 1813 1859 1865 ἀλλ’
1884 1810 2064 1878 ἐπειδὴ
2083 1811 2240 1878 ἡμεῖς

699 1917 748 1968 οἰ
793 1913 1038 1973 πλέοντες
1082 1911 1312 1979 ἄπειροι.
1353 1904 1468 1959 Ὀτι
1500 1904 1606 1973 γάρ
1635 1905 1796 1963 ἐστιν,
1843 1901 2057 1954 εὔκολον
2085 1900 2240 1968 φύσει

701 2005 856 2071 λόγον
905 2003 1062 2063 ὄντα,
1101 1998 1351 2052 δύσκολον
1389 1994 1635 2063 γενέσθαι
1678 1993 1826 2061 παρὰ
1868 1993 1964 2061 τὴν
1992 1991 2242 2061 ἀπειρίαν

701 2093 808 2145 τῶν
836 2090 1152 2150 ἀκουόντων,
1173 2087 1376 2140 Παῦλον
1399 2087 1524 2153 ὑμῖν
1545 2084 1956 2153 παραστήσομαι
1974 2081 2239 2150 μάρτυρα.

705 2182 885 2236 Εἰπὼν
913 2181 1014 2250 γὰρ
1041 2180 1122 2231 ὅτι
1150 2176 1377 2246 Χριστὸς
1422 2175 1631 2241 ἐγένετο
1661 2173 1941 2242 ἀρχιερεὺς
1983 2170 2120 2222 κατὰ
2147 2170 2242 2237 τὴν

701 2277 854 2341 τάξιν
878 2269 1236 2341 Μελχισεδὲκ,
1275 2270 1366 2321 καὶ
1399 2267 1573 2335 ζητῶν
1613 2266 1694 2329 τίς
1739 2267 1880 2316 ἐστιν
1913 2265 1941 2315 ὁ
1981 2262 2242 2331 Μελχισεο

702 2367 816 2426 δέκ,
851 2365 1118 2430 ἐπήγαγε·
1154 2361 1288 2424 Περὶ
1333 2355 1404 2413 οὗ
1453 2358 1642 2420 πολὺς
1683 2355 1824 2422 ἡμῖν
1869 2357 1900 2407 ό
1937 2355 2114 2420 λόγος
2147 2352 2245 2405 καί

704 2453 1198 2520 δυσερμήνευτος.
1224 2448 1286 2498 Τί
1306 2449 1499 2513 λέγεις,
1519 2439 1562 2498 ὦ
1584 2446 1811 2514 μακάριε
1832 2443 2002 2494 Παῦλε
2022 2459 2036 2506 ;
2055 2443 2248 2510 Δυσερ-

709 2541 966 2613 μήνευτὸς
998 2557 1077 2590 σοι
1118 2537 1194 2606 τῷ
1238 2536 1601 2604 πνευματικὴν
1631 2534 1801 2602 ἔχοντι
1835 2533 2047 2600 σοφίαν,
2077 2530 2153 2599 τῷ
2178 2531 2245 2583 τά

705 2633 986 2702 ἀπόρρητα
1015 2632 1076 2698 ρή
1087 2644 1228 2696 ματα
1256 2626 1564 2682 ἀκούσαντι,
1591 2625 1665 2692 τῷ
1699 2623 1827 2692 πρὸς
1854 2622 2030 2692 τρίτον
2073 2621 2247 2690 ἀρπα-

704 2726 852 2791 γέντι
883 2721 1135 2790 οὐρανόνς
1197 2720 1257 2770 Et
1315 2718 1396 2770 σοὶ
1444 2716 1896 2784 δυσερμήνευτος,
1931 2713 2032 2765 τίνι
2085 2729 2248 2765 κατα-

703 2812 936 2881 ληπτόςς
977 2809 1146 2876 Ἐμοὶ,
1187 2807 1336 2875 φησὶ,
1369 2807 1812 2872 δυσερμήνευτος,
1869 2804 1929 2855 οὐ
1973 2803 2120 2870 παρὰ
2151 2801 2247 2871 τὴν

704 2903 908 2955 οἰκείαν
959 2899 1272 2956 δυσκολίαν,
1309 2897 1442 2948 ἀλλά
1487 2895 1633 2963 παρὰ
1681 2893 1777 2962 τὴν
1816 2893 2092 2945 ἀσθένειαν
2140 2892 2248 2943 τῶν

706 2993 1022 3046 ἀκουόντων.
1066 2988 1244 3040 Εἰπὼν
1269 2988 1392 3056 γὰρ,
1417 2985 1911 3051 Δυσερμήνευτος,
1945 2984 2242 3050 ἐπήγαγεν·

721 3080 957 3144 Ἐπειδὴ
975 3078 1179 3142 νωθροὶ
1198 3077 1470 3144 γετόνητε
1489 3075 1611 3138 ταῖς
1629 3073 1850 3137 ἀκοαῖς.
1869 3074 2026 3142 Ὀρᾷς
2049 3073 2128 3124 ὅτι
2153 3072 2248 3140 οὐχ

709 3173 741 3236 ἡ
785 3169 942 3236 φύσις
971 3167 1063 3220 τοῦ
1107 3166 1282 3232 λόγου,
1315 3166 1424 3218 ἀλλ’
1462 3168 1492 3234 ή
1542 3164 1760 3233 ἀπειρία
1803 3164 1908 3215 τῶν
1951 3164 2250 3216 ἀκουόντων

708 3258 959 3310 δύσκολον
1005 3258 1096 3308 τὸν
1141 3258 1200 3308 οὐ
1245 3255 1493 3309 δύσκολον
1536 3255 1816 3321 ἐποίησεν;
1873 3255 1944 3305 Οὐ
1996 3253 2151 3322 μόνον
2196 3252 2252 3305 δὲ

708 3347 980 3404 δύσκολον,
1033 3346 1166 3397 ἀλλά
1204 3349 1295 3396 καὶ
1338 3346 1500 3397 πολὺν
1540 3349 1680 3396 ποιεῖ
1706 3345 1793 3396 τὸν
1823 3345 2022 3413 βραχὺν
2052 3347 2083 3413 ἡ
2116 3346 2251 3413 αὐτὴ

710 3439 875 3491 αἰτία·
897 3437 1081 3506 διόπερ
1103 3436 1219 3504 οὐχὶ
1247 3436 1668 3504 δυσερμήνευτον
1693 3437 1887 3505 ἔφησεν
1911 3433 2048 3487 εἶναι
2073 3437 2248 3504 μόνον,

709 3526 842 3579 ἀλλά
865 3526 956 3578 καὶ
988 3525 1170 3585 πολὺν,
1213 3525 1303 3577 καὶ
1334 3525 1424 3576 τοῦ
1460 3527 1660 3592 μήκους
1680 3567 1691 3584 ,
1731 3527 1820 3577 καὶ
1849 3526 1946 3593 τῆς
1974 3525 2252 3587 δυσκολίας

711 3616 926 3678 ἀναθεὶς
959 3616 1056 3684 τὴν
1097 3616 1270 3668 αίτίαν
1309 3619 1371 3685 τῇ
1406 3616 1693 3686 νωθρότητι
1720 3617 1816 3684 τῆς
1849 3618 2035 3684 ἀκοῆς.
2070 3617 2252 3669 Καθά-

711 3722 817 3775 περ
848 3706 954 3774 γάρ
978 3705 1068 3758 ἐπὶ
1098 3704 1205 3756 τῶν
1234 3705 1648 3773 ἀρρωστούντων
1681 3707 1775 3757 οὑκ
1810 3708 2096 3772 ἀναγκαῖον
2132 3707 2254 3758 σύν-

711 3812 872 3862 τομον
903 3796 992 3846 καὶ
1018 3795 1430 3864 ἐσχεδιασμένην
1466 3797 1779 3864 παραθεῖναι
1809 3798 2099 3865 τράπεζαν,
2122 3797 2253 3850 ἀλλά

710 3884 792 3936 δεῖ
814 3884 1219 3955 παρασκευάσαι
1254 3885 1319 3938 τά
1354 3886 1494 3938 σιτία
1535 3885 1779 3952 διάφορα,
1815 3887 1897 3936 ἵνα
1942 3887 2007 3938 ἂν
2046 3887 2197 3938 τοῦτο
2227 3887 2255 3937 6

713 3975 933 4044 κάμνων
959 3975 1032 4044 μή
1060 3973 1286 4043 βουληθῇ
1326 3974 1658 4043 μεταλαϐεῖν,
1683 3975 1742 4026 τὸ
1770 3974 1949 4042 ἕτερον
1968 3975 2123 4046 λάϐῃ·
2156 3975 2256 4028 κᾶν

713 4066 886 4117 ἐκεῖνο
926 4066 1000 4133 μή
1055 4067 1358 4134 προσίηται,
1416 4064 1473 4115 τὸ
1518 4064 1641 4117 ἀλλο
1672 4065 1922 4132 δέξηται·
1972 4063 2071 4116 κάν
2103 4064 2257 4117 τοῦτο

712 4155 1116 4223 διακρούσηται,
1153 4154 1470 4223 ἐπιλάϐηται
1502 4155 1745 4226 θατέρου,
1792 4156 1885 4209 κεκί⁷
1927 4159 1992 4226 τῇ
2021 4157 2257 4227 ποικιλίᾳ

712 4243 820 4295 τῶν
871 4243 1169 4312 βρωμάτων
1203 4244 1299 4312 τὴν
1350 4244 1630 4297 δυσκολίαν
1673 4246 2005 4314 νικήσωμεν,
2053 4247 2144 4299 καὶ
2181 4247 2256 4317 τῷ

715 4332 1032 4401 πολυτρόπῳ
1061 4333 1160 4400 τῆς
1183 4332 1456 4401 τραπέζης
1480 4333 1538 4384 τὸ
1571 4334 1888 4404 δυσάρεστον
1915 4337 2010 4402 τῆς
2037 4336 2256 4406 γνώμης

714 4422 1150 4493 θεραπεύσωμεν·
1175 4421 1312 4474 οὕτω
1341 4421 1594 4483 πολλάκις
1633 4423 1720 4474 καὶ
1758 4424 1848 4474 ἐπὶ
1884 4425 1980 4492 τῆς
2019 4442 2258 4494 πνευμα-

712 4512 868 4581 τικῆς
912 4511 1198 4573 ἑστιάσεως
1238 4512 1340 4580 χρὴ
1372 4515 1560 4564 ποιεῖν.
1595 4512 1760 4565 Ὅταν
1803 4513 2042 4576 ἀσθενεῖς
2086 4508 2253 4583 ὦμεν,

715 4603 879 4654 πολὺν
914 4601 1424 4672 παρασκευάσασθαι
1456 4603 1558 4673 χρὴ
1582 4602 1670 4655 τὸν
1695 4603 1845 4669 λόγον
1874 4603 1965 4656 καὶ
1997 4605 2255 4668 ποικίλον,

715 4691 1024 4758 παραϐολὰς
1064 4692 1153 4743 καὶ
1177 4692 1585 4760 παραδείγματα
1633 4693 1846 4761 ἔχοντα,
1886 4693 2255 4756 κατασκευὰς,

714 4779 806 4830 καὶ
824 4780 1119 4847 περιόδους,
1140 4781 1232 4830 καὶ
1253 4781 1412 4848 ἕτερα
1429 4780 1593 4833 πολλά
1612 4782 1846 4844 τοιαῦτα,
1863 4783 1945 4834 ἵνα
1966 4783 2028 4834 ἐκ
2045 4783 2257 4835 πάντων

720 4869 871 4940 ῥᾳδία
891 4869 1111 4935 γένηται
1129 4869 1258 4936 ἡμῖν
1286 4869 1391 4919 τῶν
1420 4873 1793 4940 συμφερόντων
1822 4874 1852 4940 ή
1873 4875 2098 4941 αἵρεσις.
2116 4874 2258 4942 Πλὴν

715 4959 824 5011 ἀλλ’
856 4962 902 5010 εἰ
936 4960 1027 5011 καὶ
1071 4958 1232 5019 πολὺς
1284 4959 1311 5009 6
1356 4958 1510 5024 λόγος
1547 4963 1640 5013 καὶ
1682 4963 2128 5032 δυσερμήνευτος,
2162 4966 2260 5016 οὐκ

714 5049 1078 5118 ἀπεστέρησεν
1109 5048 1299 5108 αὐτοὺς
1341 5047 1436 5116 τῆς
1479 5048 1816 5112 διδασκαλίας
1858 5052 1948 5104 τοῦ
1997 5054 2258 5122 Μελχισε-

712 5139 803 5188 δέκ
822 5154 834 5166 ο
866 5137 943 5206 τῷ
970 5137 1065 5205 μὲν
1085 5139 1189 5206 γάρ
1219 5141 1404 5199 εἰπεῖν,
1426 5139 1620 5203 Πολὺς
1641 5138 1732 5194 καὶ
1761 5143 2255 5209 Δυσερμήνευτπ,

713 5224 1015 5293 ἀναστήσας
1046 5226 1220 5278 αὐτῶν
1250 5227 1345 5294 τήν
1371 5228 1615 5297 σπουδὴν,
1652 5229 1734 5279 ἵνα
1759 5229 2144 5298 προθυμότεροι
2167 5232 2257 5297 γέ·-

712 5327 905 5364 νωνται
959 5315 1083 5379 περί
1135 5315 1232 5383 τήν
1277 5318 1563 5386 ἀκρόασιν·
1611 5316 1686 5385 τῷ
1732 5318 1784 5369 δέ
1832 5323 2128 5388 παρασχεῖν
2158 5320 2256 5389 τὴν

710 5400 1006 5469 τράπεζαν,
1037 5405 1392 5472 χαρισάμενος
1425 5407 1600 5458 αὐτῶν
1629 5410 1692 5476 τῇ
1733 5409 2006 5478 ἐπιθυμίᾳ.

784 5489 848 5558 β’.
868 5487 1015 5559 [170]
1040 5489 1205 5541 Τοῦτο
1225 5491 1277 5542 δέ
1299 5494 1388 5543 καὶ
1410 5495 1567 5562 ἡμεῖς
1588 5500 1911 5565 ποιήσωμεν·
1931 5500 1977 5550 εἰ
1997 5500 2085 5550 καὶ
2103 5501 2200 5552 ἀπε
2212 5519 2257 5550 ι-

711 5597 802 5648 ρον
819 5581 879 5632 τὸ
897 5581 1124 5648 πέλαγος
1139 5580 1244 5633 τῶν
1263 5584 1571 5652 προφητῶν,
1594 5587 1684 5639 καὶ
1703 5588 1866 5642 πολλά
1881 5590 1992 5642 ἐκεῖ
2007 5591 2072 5643 τά
2095 5590 2251 5658 βάθη,

769 5747 796 5776 ⁸
817 5746 897 5797 Sic
923 5761 1046 5799 unus
1063 5750 1191 5806 cod.,
1215 5749 1296 5798 ﬂii
1321 5749 1558 5800 ποιοῦντα.

1444 433 1501 490 8.
1540 425 1816 488 JOANNIS
1851 415 2325 478 CHRYSOSTOMI
2361 414 2676 475 ABCHIEP.
2717 419 3254 479 CONSTANTINOP.

3773 440 3895 494 166

2335 533 2822 604 κατατολμήσωμεν
2846 535 2944 604 τῆς
2988 533 3249 604 θαλάττης
3293 532 3431 586 κατά
3460 533 3556 603 τήν
3600 529 3886 603 ἡμετέραν

2331 618 2556 692 δύναμιν
2579 639 2594 654 ·
2626 623 2818 692 μᾶλλον
2848 625 2904 677 δέ
2935 624 3009 694 μή
3044 624 3182 677 κατὰ
3206 624 3301 694 τὴν
3327 623 3594 693 ήμετέραν
3622 621 3881 690 δύναμιν,

2328 713 2463 766 ἀλλά
2489 715 2625 768 κατά
2650 715 2746 784 τὴν
2765 715 2966 768 ἀνωθεν
3006 715 3290 785 δεδομένην
3320 715 3446 782 ἡμῖν
3485 714 3660 784 χάριν,
3699 711 3762 763 οὐ
3789 709 3883 764 διά

2327 803 2424 874 τὴν
2469 805 2738 874 ἡμετέραν
2773 805 3104 876 παρρησίαν,
3153 805 3286 858 ἀλλά
3331 803 3417 856 διὰ
3459 804 3556 872 τήν
3605 801 3884 871 ὑμετέραν

2329 895 2590 961 ὠφέλειαν
2622 897 3110 965 κατατολμήσωμεν
3135 896 3231 966 τῆς
3257 895 3536 964 θαλάττης,
3569 895 3667 946 κάν
3699 892 3882 960 τούτῳ

2330 984 2537 1038 Παῦλον
2577 985 2913 1055 μιμούμενοι.
2957 987 3076 1038 Ὅτι
3101 986 3207 1055 γάρ
3249 986 3349 1037 οὐκ
3379 983 3742 1052 ἀπεστέρησεν
3782 983 3885 1034 αὖ·

2329 1076 2455 1139 τοὺς
2481 1074 2574 1130 τοῦ
2622 1075 2775 1142 λόγου
2805 1073 2898 1128 τοῦ
2938 1075 3076 1128 κατά
3114 1076 3202 1128 τὸν
3250 1075 3597 1142 Μελχισεδὲκ,
3647 1075 3884 1127 ἄκουσον

2330 1166 2438 1220 τῶν
2465 1167 2608 1236 ἐξῆς.
2635 1165 2813 1218 Εἰπὼν
2849 1166 3000 1233 γοῦν,
3027 1167 3165 1232 Περέ
3191 1161 3262 1219 οὗ
3297 1164 3487 1230 πολὺς
3511 1167 3542 1216 ό
3571 1164 3752 1232 λόγος
3779 1163 3884 1215 καί

2333 1255 2823 1325 δυσερμήνευτος,
2859 1257 3152 1325 ἐπήγαγεν·
3181 1252 3364 1320 οὗτος
3390 1254 3496 1323 τὰρ
3532 1257 3564 1307 ὀ
3591 1256 3887 1321 Μελχισε-

2334 1345 2468 1408 δὲκ,
2494 1347 2789 1412 ,βασιλεὺς
2815 1346 3198 1412 δικαιοσύνης
3215 1361 3229 1376 ·
3265 1346 3463 1399 ἔπειτα
3489 1345 3555 1398 δὲ
3583 1346 3679 1398 καί
3695 1345 3885 1407 βασι-

2335 1437 2477 1502 λεὺς
2504 1437 2708 1503 Σαλήμ
2732 1477 2747 1500 ,
2779 1437 2810 1487 ὅ
2839 1437 2967 1490 ἐστι
3007 1436 3300 1500 ,βασιλεὺς
3326 1435 3585 1504 εἰρήνης,
3619 1432 3884 1500 ἀπάτωρ,

2335 1526 2569 1594 ἀμήτωρ
2591 1564 2606 1587 ,
2653 1526 3115 1594 ἀγενεαλόγητος
3137 1565 3150 1589 ,
3180 1524 3329 1594 μήτε
3373 1525 3568 1593 ἀρχὴν
3606 1523 3845 1592 ἡμερῶν
3870 1561 3886 1584 .

2332 1617 2480 1685 μήτε
2511 1613 2656 1682 ζωῆς
2686 1615 2857 1679 τέλος
2884 1613 3055 1682 ἔχων·
3093 1613 3535 1682 ἀφωμοιωμένος
3570 1614 3636 1666 δὲ
3663 1613 3743 1677 τῷ
3774 1611 3890 1676 Υιῷ

2337 1705 2440 1758 τοῦ
2472 1705 2614 1758 Θεοῦ
2639 1707 2801 1772 μένει
2829 1705 3017 1771 ἱερεὺς
3053 1705 3138 1769 εἰς
3179 1703 3245 1756 τὸ
3287 1703 3571 1770 διηνεκές.
3601 1699 3746 1773 *Δρα
3785 1705 3890 1757 οὐκ

2338 1794 2592 1864 ἐτάραξεν
2621 1793 2770 1862 ὑμῶν
2792 1793 2889 1855 τάς
2914 1793 3080 1855 ἀκοάς
3108 1795 3232 1864 περὶ
3263 1792 3545 1862 ἀνθρώπου
3574 1793 3891 1861 διαλεγόμε-

2339 1900 2426 1945 νος
2456 1885 2484 1935 6
2516 1882 2718 1944 Παῦλος
2746 1881 2839 1934 καὶ
2861 1881 3049 1948 λέγων,
3088 1881 3356 1949 Ἀπάτωρ,
3387 1882 3659 1948 ἀμήτωρ;
3696 1883 3807 1934 Καὶ
3833 1882 3887 1934 τί

2337 1972 2497 2041 λέγω,
2535 1972 2659 2042 περί
2695 1970 3006 2040 ἀνθρώπους
3042 1971 3102 2023 Εἰ
3126 1971 3232 2041 γάρ
3261 1973 3386 2040 περὶ
3417 1972 3506 2024 τοῦ
3551 1971 3781 2040 Χριστοῦ
3806 1970 3894 2023 λέ-

2338 2079 2484 2131 γοιτο
2505 2062 2676 2125 τοῦτο,
2702 2062 2799 2114 οὐκ
2832 2062 2898 2115 ἂν
2929 2061 3120 2131 πολλήν
3160 2062 3250 2114 καὶ
3287 2061 3455 2123 οὕτως
3503 2064 3630 2130 ἡμῖν
3660 2063 3890 2131 παρέχοι

2341 2153 2598 2225 ζήτησιν;
2649 2155 2710 2206 El
2749 2154 2854 2225 γὰρ
2896 2153 3140 2224 ἀπάτωρ,
3182 2153 3295 2214 πῶς
3343 2153 3499 2216 Υἰόςς
3535 2154 3582 2204 εἰ
3631 2153 3890 2223 ἀπάτωρ,

2341 2245 2455 2308 πῶς
2483 2247 2820 2314 Μονογενής;
2860 2246 2918 2297 '0
2959 2244 3065 2314 γάρ
3113 2245 3225 2307 υἰὸς
3261 2244 3459 2313 ὀφείλει
3490 2244 3696 2314 πατέρα
3718 2246 3887 2314 ἐχειν,

2343 2333 2460 2384 ἐπεὶ
2485 2334 2583 2384 οὐκ
2604 2332 2669 2384 ἀν
2701 2332 2784 2400 εἰη
2818 2331 2950 2394 υἰός.
2990 2329 3145 2382 Ἀλλὰ
3172 2331 3264 2382 καὶ
3285 2331 3509 2398 ἀπάτωρ
3531 2331 3675 2383 ἐστὶν
3702 2333 3731 2384 6
3764 2331 3893 2394 Υἰδς

2340 2418 2432 2469 τοῦ
2459 2419 2609 2481 Θεοῦ,
2661 2418 2753 2470 καὶ
2799 2419 3048 2486 ἀμήτωρ.
3109 2417 3261 2482 Πῶς;
3309 2416 3557 2486 Ἀπάτωρ
3596 2417 3692 2486 τὴν
3740 2417 3893 2470 κάτω

2342 2503 2609 2571 γέννησιν,
2635 2504 2864 2572 ἀμήτωρ
2899 2503 2991 2573 τήν
3017 2505 3126 2557 ἀνω
3148 2520 3162 2534 ·
3207 2501 3328 2553 οὔτε
3360 2501 3465 2570 γὰρ
3498 2503 3587 2554 ἐπὶ
3626 2502 3728 2570 γῆς
3766 2503 3892 2571 ἐσχε

2344 2593 2574 2662 πατέρα,
2614 2591 2736 2644 οὔτε
2765 2593 2821 2644 ἐν
2851 2591 3064 2661 οὐρανῷ
3104 2591 3330 2662 μητέρα.
3373 2590 3892 2660 Ἀτενεαλότητος.

2357 2680 2721 2732 Ἀκουέτωσαν
2752 2680 2800 2730 οἰ
2842 2679 2939 2747 τὴν
2968 2679 3154 2732 οὐσίαν
3191 2677 3350 2731 αὐτοῦ
3385 2677 3897 2747 πολυπραγμονοῦνο

2343 2783 2454 2828 τες·
2481 2766 2652 2818 καίτοι
2683 2767 2824 2828 τινές
2849 2765 3175 2835 νομίζουσιν,
3209 2765 3289 2816 δτι
3317 2764 3378 2815 τὸ
3411 2765 3896 2831 Ἀγενεαλότ-ητος

2343 2851 2500 2904 τοῦτο
2521 2852 2764 2921 περὶτῆς
2793 2853 2903 2906 ἀνω
2944 2853 3243 2921 γεννήσεως
3281 2852 3512 2921 εῐρηται.
3555 2852 3616 2902 OE
3657 2851 3755 2918 μέν
3784 2849 3894 2917 γάρ

2345 2939 2600 3006 αἱρετικοὶ
2636 2939 2751 2991 οὑδέ
2779 2938 2931 2991 τοῦτο
2955 2939 3242 3007 βούλονται·
3276 2939 3367 2990 καὶ
3405 2939 3510 3007 γάρ
3552 2939 3643 2989 καὶ
3682 2936 3897 3006 ἐκείνην

2346 3025 2851 3096 πολυπραγμονοῦσι
2883 3028 2978 3080 καὶ
3023 3025 3487 3096 περιεργάζονται·
3535 3025 3582 3076 οἰ
3628 3025 3684 3076 δέ
3723 3026 3898 3076 ἐπιειο

2347 3119 2594 3187 κέστεροι
2620 3117 2822 3170 τούτων
2863 3117 3042 3187 ἐκείνῃ
3090 3116 3186 3185 μέν
3226 3114 3657 3185 παραχωροῦσιν,
3711 3115 3896 3166 οὐκέτι

2347 3205 2403 3259 δέ
2454 3207 2548 3259 καὶ
2603 3205 2726 3275 περὶ
2755 3203 2954 3272 ταύτης
2991 3205 3088 3273 τῆς
3129 3204 3277 3256 κάτω
3313 3204 3616 3272 νομίζουσιν
3649 3200 3897 3272 εἰρῆσθαι

2349 3293 2428 3357 τὸ,
2462 3295 2965 3360 Ἀτενεαλόγηεος.
2989 3290 3255 3360 Δείξωμεν
3275 3287 3364 3344 οῦν
3379 3292 3460 3343 ὅτι
3489 3291 3610 3358 περί
3634 3290 3899 3360 ἑκατέρας

2351 3379 2656 3446 γεννήσεως
2675 3378 2829 3430 τοῦτο
2843 3379 2870 3429 6
2890 3375 3096 3438 Παῦλος
3115 3371 3253 3447 εἶπε,
3275 3378 3366 3430 καὶ
3387 3376 3624 3446 περὶτῆς
3648 3375 3781 3436 ἄνω,
3807 3375 3898 3426 καὶ

2351 3464 2476 3531 περὶ
2503 3463 2599 3529 τῆς
2627 3463 2792 3514 κάτω·
2821 3462 2912 3513 καὶ
2937 3461 3041 3530 γάρ
3071 3462 3162 3512 καί
3193 3461 3369 3528 ἐκείνη
3401 3461 3614 3529 φρικτὴ,
3641 3461 3735 3512 καὶ
3761 3460 3896 3529 αὕτη

2355 3547 2750 3616 μυστικωτάτη.
2798 3545 2894 3597 Διά
2940 3544 3093 3597 τοῦτο
3142 3546 3234 3597 καὶ
3287 3545 3510 3606 Ἡσαΐας
3561 3546 3726 3612 φησὶ,
3784 3545 3899 3610 Τὴν

2352 3634 2560 3702 γενεὰν
2584 3632 2765 3685 αὑτοῦ
2788 3632 2876 3695 τίς
2903 3630 3241 3698 διηγήσεται
3264 3647 3280 3693 ἶ
3323 3630 3478 3682 Ἀλλά
3507 3631 3629 3699 περὶ
3655 3632 3868 3699 ἐκείνης
3879 3670 3897 3694 ο

2354 3721 2534 3787 φησιν,
2579 3713 2695 3770 εἷπε
2725 3718 2818 3786 τῆς
2847 3718 2974 3771 ἄνω.
3007 3717 3069 3770 Τί
3089 3713 3179 3769 οὖν
3208 3715 3434 3786 ἐροῦμεν
3463 3717 3676 3786 Παύλῳ,
3718 3719 3895 3786 ἀμφο-

2353 3806 2513 3874 τέρας
2543 3805 2746 3858 εἰπόντι
2766 3803 2863 3866 τάς
2891 3804 3183 3872 γεννήσεις,
3213 3805 3303 3856 καὶ
3325 3803 3440 3855 τότε
3471 3805 3797 3871 ἐπαγαγόντι
3819 3804 3898 3866 τὸ,

2365 3894 2880 3962 Ἀτενεαλότητοω
2918 3893 3179 3962 Πρότερον
3227 3893 3332 3961 γάρ
3375 3892 3573 3956 εἰπὼν,
3617 3893 3896 3958 Ἁπάτωρ,

2355 3979 2607 4047 ἀμήτωρ,
2639 3980 2755 4032 τότε
2785 3980 3025 4046 ἐπήγαγε
3058 3979 3137 4041 τὸ,
3174 3980 3679 4045 Ἀγενεαλόγητος,
3706 3979 3797 4030 ἵνα
3828 3977 3898 4045 μή

2359 4065 2516 4136 μόνον
2547 4065 2663 4118 κατ’
2708 4065 2918 4132 ἐκείνην
2958 4063 3054 4133 τὴν
3090 4065 3369 4133 γέννησιν,
3406 4065 3525 4116 καθ’
3564 4065 3631 4133 ἡν
3670 4065 3900 4132 ἀμήτωρ
3965 4063 3977 4078 ⁸

2356 4152 2520 4212 ἐστὶν,
2567 4150 2701 4203 ἀλλά
2742 4151 2832 4204 καὶ
2869 4150 3008 4203 κατὰ
3051 4149 3272 4219 ταύτην,
3302 4149 3422 4202 καθ’
3454 4149 3519 4217 ἡν
3551 4149 3777 4219 ἀπάτωρ
3813 4144 3898 4218 ἦν,

2357 4239 2455 4309 τήν
2481 4238 2626 4291 κάτω
2654 4236 2815 4304 λέγω,
2848 4237 3270 4306 ἀγενεαλόγητον
3294 4232 3430 4288 εἰναι
3461 4235 3772 4308 πιστεύσῃς.
3804 4235 3900 4287 Διά

2356 4325 2513 4377 τοῦτο
2534 4325 2841 4395 ἀμφοτέρας
2861 4324 2991 4388 θεὶς,
3009 4326 3126 4377 τότε
3147 4320 3268 4377 εἰπε
3285 4324 3361 4382 τὸ.
3392 4324 3897 4392 Ἀγενεωίόγητος,·

2361 4411 2453 4462 καὶ
2480 4411 2586 4481 γάρ
2615 4411 2706 4463 καὶ
2736 4410 2870 4480 αῦτη
2903 4412 2934 4479 ή
2982 4412 3128 4463 κάτω
3169 4411 3577 4481 ἀκατάληπτος,
3631 4411 3716 4462 ῖνα
3771 4411 3902 4479 πρὸς

2361 4495 2567 4563 ἐκείνην
2620 4495 2751 4563 μηδὲ
2808 4495 3122 4563 παρακύψαι
3178 4496 3547 4566 τολμήσωμεν.
3600 4495 3662 4545 Εἰ
3697 4495 3805 4560 γὰρ
3836 4493 3901 4544 τά

2359 4579 2663 4651 προπύλαια
2687 4581 2780 4632 τοῦ
2813 4580 2937 4632 ναοῦ
2962 4581 3100 4633 οὕτω
3133 4581 3333 4650 φοϐερά
3361 4581 3448 4633 καὶ
3474 4581 3762 4648 ἀπρόσιτα,
3791 4579 3901 4639 πῶς

2359 4666 2438 4727 εἰς
2462 4667 2529 4717 τά
2565 4665 2732 4718 ἀδυτά
2759 4683 2842 4728 τις
2873 4666 3124 4719 εἰσελθεῖν
3146 4668 3506 4736 ἐπιχειρήσεις
3540 4667 3660 4718 Ὀτι
3683 4667 3782 4735 μὲν
3801 4664 3902 4733 γάρ

2358 4752 2614 4822 ἐγεννήθη
2652 4754 2715 4804 ἐκ
2742 4753 2834 4806 τοῦ
2867 4754 3097 4822 Πατρδς,
3130 4748 3260 4806 οἰδα·
3287 4754 3344 4806 τὸ
3373 4753 3428 4806 δέ
3466 4754 3600 4818 πῶς,
3627 4749 3726 4806 οὒκ
3769 4748 3898 4805 οἰδα.

2362 4837 2480 4891 Ὀτι
2526 4838 2713 4907 ἐτέχθη
2759 4841 2821 4891 ἐκ
2867 4840 2960 4906 τῆς
3008 4839 3308 4908 παρθένου,
3360 4839 3688 4908 ἐπίσταμαι·
3726 4840 3817 4891 τὸν
3850 4837 3901 4889 δὲ

2359 4923 2552 4994 τρόπον
2599 4923 2716 4976 οὐδέ
2764 4924 2991 4976 ἐνταῦθα
3023 4924 3433 4991 καταλαμϐάνω.
3482 4924 3778 4993 Ἐκατέρας
3802 4923 3903 4991 γὰρ

2363 5009 2512 5080 [171]
2543 5007 2810 5079 φύσεωςή
2838 5009 3084 5077 γέννησις
3111 5009 3463 5077 ὁμολογεῖται,
3509 5012 3601 5064 καὶ
3646 5013 3900 5081 ἑκατέρας

2358 5096 2386 5145 6
2406 5097 2600 5164 τρόπος
2625 5094 2920 5162 σεσίγηται.
2948 5095 3056 5148 Καὶ
3078 5096 3261 5166 ῶσπερ
3282 5096 3511 5150 ἐνταῦθα
3534 5097 3622 5149 ἐπὶ
3649 5097 3745 5166 τῆς
3768 5114 3901 5166 παρ-

2359 5181 2541 5241 θένου,
2573 5181 2672 5232 οὐκ
2717 5180 2868 5242 εἰδὼς
2907 5180 3015 5247 ἐγὼ
3062 5183 3178 5245 πῶς
3210 5186 3272 5236 ἐκ
3318 5185 3578 5254 παρθένου
3613 5184 3898 5253 ἐγεννήθη,

2357 5265 2599 5334 ὁμολογῶ
2631 5268 2709 5319 ὄτι
2745 5268 3001 5337 ἐγεννήθη
3026 5307 3040 5331 ,
3074 5269 3166 5321 καὶ⁸
3212 5271 3310 5322 οὐκ
3348 5269 3551 5340 ἀναιρῶ
3587 5269 3645 5321 τὸ
3679 5274 3903 5340 πρᾶγμα

2357 5351 2443 5403 ὁιά
2471 5353 2566 5420 τὴν
2596 5351 2812 5417 ἄγνοιαν
2841 5351 2933 5404 τοῦ
2961 5353 3178 5422 τρόπου·
3210 5354 3348 5407 οὕτω
3372 5356 3461 5408 καὶ
3493 5355 3552 5406 σὺ
3576 5355 3799 5424 ποίησον
3820 5357 3904 5406 ἐπὶ

2354 5436 2447 5489 τοῦ
2469 5437 2696 5506 Πατρός·
2715 5438 2760 5488 εἰ
2781 5437 2871 5489 καί
2889 5439 2986 5490 οὐκ
3007 5435 3150 5502 οἶδας
3178 5441 3290 5503 πῶς
3310 5439 3590 5508 ἐγεννήθη,
3618 5441 3698 5501 τὸ,
3719 5442 3904 5508 Ἐγεν-

2356 5525 2529 5591 νήθη,
2563 5523 2886 5593 ὁμολόγησον
2917 5526 2967 5582 δ.
2999 5526 3114 5579 Κᾶν
3143 5527 3274 5598 λέγῃ
3303 5545 3381 5579 σοι
3411 5530 3438 5579 6
3462 5528 3727 5596 αἰρετικὸς
3747 5567 3762 5589 ,
3793 5528 3904 5589 Πῶς

2415 5693 2443 5734 δ
2467 5691 2612 5742 Savil.
2649 5697 2701 5740 et
2743 5692 2941 5742 Halesio
2981 5694 3240 5754 legendum
3269 5695 3458 5744 videtur
3500 5698 3540 5744 εἰ
3581 5697 3630 5745 δὲ
3670 5697 3757 5744 οὐκ
3787 5698 3908 5750 οἶδας

2359 5757 2455 5808 πῶς
2481 5754 2708 5812 ἐγέννησε,
2733 5754 2786 5799 τὸ
2807 5755 3016 5814 ἐγέννησε
3038 5757 3341 5814 ὁμολόγησον.
