4144 6522
270 460 366 518 165

262 566 325 621 tis
357 564 520 619 etiam
564 563 683 632 ipso
708 574 775 615 ex
802 568 1015 627 aspectu
1043 550 1297 623 vertigine
1326 549 1713 617 corripiuntur:
1744 543 1817 596 il‘li

268 666 382 706 vero
408 665 509 706 nec
536 651 591 704 in
630 648 820 704 mediis
858 645 1099 700 fluctibus
1126 639 1517 711 perturbantur.
1552 636 1660 689 [ioc
1687 642 1738 686 et
1767 639 1820 685 in

265 748 435 794 mente
462 747 645 794 nostra
670 737 848 793 evenit
875 753 889 788 :
920 731 1176 803 siquidem
1205 740 1256 784 et
1286 730 1449 796 ipsam
1474 739 1613 792 smpe
1633 724 1821 775 fluctus

268 827 714 897 perturbationum
767 822 1023 879 invadunt
1069 821 1234 874 multo
1285 815 1503 870 marinis
1545 811 1818 873 saniores,

269 917 423 973 veluti
452 917 681 987 procella
715 912 1000 969 iracundia:
1019 952 1034 977 ,
1063 926 1179 981 qua:
1204 911 1450 963 deorsum
1491 921 1583 960 cor
1622 905 1817 973 dejicit,

268 1016 325 1063 et
350 1023 518 1077 prava:
547 1005 849 1075 cupiditatis
890 1003 1066 1067 venti,
1113 1000 1202 1071 qui
1245 1000 1461 1053 multam
1501 1000 1729 1053 excitant
1770 998 1820 1048 in

270 1109 442 1155 mente
470 1098 948 1153 conturbationem.
970 1096 1142 1162 Atque
1167 1093 1210 1145 is
1238 1090 1444 1159 quidem
1470 1091 1557 1159 qui
1584 1090 1820 1155 inexper-

268 1201 353 1245 tus
398 1199 478 1245 est
521 1199 575 1245 et
612 1188 1015 1248 inexercitatus,
1058 1183 1339 1251 incipiente
1381 1181 1472 1233 irae
1493 1185 1822 1247 tempestate,

266 1282 517 1335 continuo
559 1280 795 1333 turbatur
815 1317 829 1339 ,
861 1281 1225 1330 commovetur
1247 1313 1261 1336 ,
1292 1270 1550 1339 agitatur,
1596 1268 1821 1319 animam

266 1372 386 1423 sinit
410 1371 475 1424 ab
499 1368 772 1423 affectibus
796 1363 1082 1432 submergi,
1108 1377 1171 1415 ac
1200 1359 1524 1427 naufragium
1554 1356 1656 1424 pati
1688 1372 1699 1407 :
1732 1353 1820 1422 qui

268 1476 389 1513 vero
410 1469 653 1527 expertus
678 1467 730 1511 et
751 1455 1072 1509 exercitatus
1093 1462 1172 1504 est
1196 1450 1257 1504 ad
1282 1451 1393 1503 haec
1417 1448 1590 1501 omnia
1623 1447 1820 1514 patien-

268 1561 348 1603 ter
389 1548 602 1602 ferenda
623 1588 638 1612 ,
684 1555 948 1613 tamquam
974 1541 1373 1611 gubernatorem
1402 1536 1467 1590 ad
1506 1535 1706 1588 clavum
1734 1547 1818 1586 se-

268 1642 500 1703 dentem,
534 1642 605 1693 ita
635 1640 889 1692 rationem
922 1652 1078 1705 supra
1110 1632 1526 1703 perturbationes
1556 1632 1680 1683 istas
1707 1631 1821 1683 col-

267 1732 440 1794 locat,
474 1745 642 1798 neque
684 1730 827 1798 prius
856 1727 1066 1781 absistit
1105 1724 1347 1778 omnibus
1393 1721 1599 1774 tcutatis
1622 1762 1635 1783 ,
1667 1735 1821 1787 quam

268 1823 527 1890 navigium
554 1821 619 1874 ad
644 1820 975 1888 tranquillum
1000 1814 1339 1885 philosophiae
1364 1823 1568 1882 portum
1593 1814 1821 1869 duxerit.

267 1910 414 1977 Quod
441 1910 596 1978 igitur
624 1909 679 1961 ﬁt
706 1909 756 1961 in
785 1908 939 1970 mari,
967 1913 1021 1959 et
1041 1903 1182 1974 quod
1210 1903 1261 1956 in
1288 1911 1462 1957 mente
1487 1903 1698 1963 accidit,
1723 1900 1822 1953 hoc

267 2012 323 2055 et
363 2004 413 2054 in
457 2001 783 2069 expositione
828 1997 1213 2066 Scripturarum
1254 1996 1433 2049 evenit
1462 2012 1475 2048 :
1504 1993 1820 2047 commoveri

265 2106 485 2145 necesse
511 2100 592 2145 est
632 2106 693 2145 ac
724 2090 957 2155 turbari,
999 2098 1273 2158 postquam
1300 2088 1350 2140 in
1390 2085 1600 2154 pelagus
1628 2085 1822 2153 egressi

266 2181 540 2246 fuerimus,
568 2195 671 2234 non
691 2179 829 2249 quod
860 2177 1186 2232 formidabile
1214 2178 1282 2229 sit
1309 2176 1539 2244 pelagus,
1566 2172 1660 2227 sed
1684 2171 1822 2240 quod

266 2270 527 2338 inexperti
555 2269 719 2322 simus
756 2282 855 2321 nos
881 2268 971 2336 qui
1003 2266 1324 2334 navigamus.
1354 2264 1482 2317 Nam
1512 2262 1823 2323 orationem,

269 2373 387 2426 qua:
416 2372 508 2411 sua
536 2367 721 2411 natura
749 2357 818 2411 sit
854 2354 1052 2420 facilis,
1097 2354 1165 2407 ob
1194 2352 1502 2421 imperitiam
1530 2350 1823 2403 auditorum

267 2446 534 2500 difﬁcilem
560 2446 673 2500 ﬁeri
696 2488 711 2513 ,
746 2445 967 2499 Paulum
994 2444 1142 2497 vobis
1166 2448 1352 2495 testem
1384 2440 1662 2510 proferam.
1695 2440 1824 2493 Cum

266 2540 407 2593 enim
433 2539 698 2593 Christum
727 2537 947 2593 dixisset
992 2534 1297 2590 Pontificcm
1341 2533 1503 2587 fuisse
1540 2530 1824 2586 secundum

266 2630 507 2684 ordinem
536 2628 901 2691 Melchisedec,
942 2626 1371 2695 qumsivissetque
1410 2624 1524 2692 quis
1553 2620 1826 2677 Melchise-

266 2720 369 2774 dec
394 2731 551 2785 esset,
574 2720 797 2788 adjecit:
824 2717 901 2771 De
928 2734 1025 2785 quo
1053 2717 1259 2787 grandis
1288 2716 1424 2769 nobis
1450 2731 1611 2769 sermo
1631 2756 1645 2779 ,
1674 2723 1718 2767 et
1745 2713 1826 2765 in-

269 2818 540 2875 terpretata
566 2809 778 2875 άίθῖιὶιὶε
804 2806 986 2874 (Hebr.
1013 2807 1066 2861 5.
1097 2807 1208 2875 ll).
1242 2805 1375 2871 Quid
1404 2805 1497 2867 ais,
1528 2804 1676 2856 beate
1696 2802 1828 2855 Pau-

268 2898 361 2952 le?
403 2897 589 2952 Tibine
631 2897 859 2950 difﬁcilis
906 2905 986 2951 est
1031 2898 1414 2964 interpretatu,
1458 2895 1543 2962 qui
1573 2891 1827 2962 spirituali

268 2986 436 3054 polles
463 2986 717 3053 sapientia
738 3025 753 3051 ,
784 2985 871 3054 qui
901 2999 1090 3038 arcana
1134 2985 1292 3038 verba
1336 2982 1615 3047 audivisti,
1648 2982 1735 3051 qui
1765 2980 1827 3034 ad

269 3080 478 3131 tertium
522 3086 699 3145 raptus
738 3091 797 3130 es
822 3074 1052 3129 crium?
1092 3074 1148 3128 Si
1182 3074 1271 3127 tibi
1299 3072 1526 3127 difﬁcilis
1558 3081 1638 3125 est
1668 3073 1829 3124 inter-

265 3176 512 3238 pretatu,
554 3184 582 3219 a
625 3182 729 3237 quo
774 3167 964 3235 poterit
1013 3164 1426 3234 comprehendi?
1455 3163 1577 3217 Mihi
1605 3161 1831 3215 difﬁcilis

265 3268 350 3313 est
378 3257 719 3325 interpretatu
741 3299 755 3321 ,
795 3257 997 3324 inquit,
1028 3271 1131 3308 non
1162 3256 1229 3309 ob
1271 3269 1416 3307 suam
1447 3252 1829 3313 difﬁcultatem,

273 3346 371 3401 Sed
396 3346 465 3400 ob
484 3346 778 3400 auditorum
802 3346 1179 3399 inﬁrmitatem.
1210 3344 1491 3412 Postquam
1517 3344 1655 3397 enim
1682 3342 1829 3405 dixit,

266 3437 613 3505 Interpretatu
655 3438 900 3506 di/ﬁcilis,
947 3436 1182 3498 adiunxit
1224 3452 1237 3486 :
1276 3433 1526 3497 Quoniam
1566 3430 1834 3483 imbecilles

270 3528 397 3597 facti
417 3528 531 3580 estis
550 3526 617 3578 ad
637 3526 959 3579 audiendum.
988 3524 1146 3578 Vides
1168 3538 1270 3577 non
1295 3534 1530 3576 naturam
1556 3522 1832 3582 sermonis,

268 3617 369 3671 sed
412 3616 707 3670 auditorum
737 3616 1050 3684 imperitiam
1081 3613 1345 3668 difﬁcilem
1376 3628 1494 3667 eum
1524 3611 1831 3672 reddidisse,

269 3706 364 3775 qui
394 3706 621 3759 difficilis
650 3706 866 3759 minime
896 3705 1037 3758 fuit?
1076 3705 1253 3773 Neque
1281 3718 1404 3756 vero
1436 3702 1696 3755 difficilem
1726 3712 1835 3753 tan-

273 3804 410 3859 tum,
436 3796 525 3847 sed
549 3804 602 3849 et
624 3794 875 3863 grandem
901 3794 1061 3848 efﬁcit
1085 3809 1225 3855 cum,
1250 3795 1335 3861 qui
1365 3793 1536 3845 brevis
1561 3791 1628 3843 sit
1654 3790 1836 3844 eadem

271 3897 435 3937 causa
466 3902 479 3936 :
506 3894 828 3953 quapropter
856 3898 960 3936 non
1008 3882 1165 3935 modo
1202 3880 1465 3933 difﬁcilem
1498 3880 1836 3946 interpretato

272 3988 399 4027 eum
428 3987 547 4027 esse
573 3974 721 4036 dixit,
750 3987 931 4025 verum
962 3972 1118 4023 etiam
1147 3969 1401 4035 grandem
1425 4009 1438 4030 ,
1467 3978 1518 4019 et
1559 3966 1839 4035 longitudi-

274 4062 364 4115 nis
383 4103 399 4125 ,
429 4071 483 4114 et
507 4060 829 4115 difficultatis
857 4074 1068 4113 causam
1109 4058 1414 4112 adscribens
1440 4057 1643 4109 aurium
1677 4056 1842 4107 imbe-

274 4151 506 4203 cillitati.
536 4149 664 4203 Nam
695 4150 829 4203 sicut
862 4148 985 4201 dum
1014 4162 1184 4216 azgros
1212 4160 1455 4200 curamus
1496 4161 1598 4197 non
1637 4152 1843 4211 oportet

274 4244 614 4297 subitaneam
642 4250 694 4296 et
720 4249 900 4310 paratu
931 4239 1136 4294 facilem
1166 4253 1400 4291 mensam
1432 4236 1534 4289 illis
1557 4248 1840 4303 apponere,

276 4333 377 4386 sed
406 4332 550 4384 varia
578 4339 699 4384 sunt
728 4331 831 4383 illis
856 4328 1031 4383 edulia
1058 4327 1308 4397 paranda,
1337 4335 1394 4379 ut
1422 4326 1464 4377 si
1493 4331 1718 4392 mgrotns
1748 4322 1846 4374 hoc

274 4430 497 4492 gustare
524 4419 784 4482 noluerit,
816 4418 1039 4473 alterum
1066 4424 1239 4470 sumat
1271 4428 1284 4465 :
1313 4412 1450 4481 quod
1492 4412 1535 4464 si
1574 4409 1698 4463 illud
1743 4422 1847 4461 non

277 4510 563 4571 admittat,
592 4506 733 4561 aliud
761 4514 999 4574 acceptet
1026 4522 1041 4557 :
1074 4513 1165 4559 aut
1192 4503 1235 4555 si
1268 4502 1366 4555 hoc
1395 4499 1631 4569 repudiet
1650 4538 1665 4563 ,
1696 4496 1847 4549 alteri

278 4612 501 4653 manum
534 4596 764 4665 injiciat,
796 4603 849 4649 et
884 4594 1119 4648 ciborum
1151 4592 1399 4645 varietate
1441 4587 1701 4642 fastidium
1730 4586 1846 4637 vin—

280 4702 491 4748 camus,
523 4701 586 4739 ac
612 4683 916 4738 diversitate
943 4695 1141 4736 mensae
1167 4679 1328 4733 animi
1356 4680 1467 4745 ejus
1492 4674 1847 4729 morositatem

281 4776 591 4847 mitigemus
616 4792 631 4828 :
655 4775 727 4827 ita
748 4786 1113 4841 saepenumero
1142 4771 1192 4823 in
1220 4768 1575 4837 spiritualibus
1595 4764 1849 4818 conviviis

280 4878 369 4923 est
397 4865 677 4934 agendum.
705 4864 835 4918 Cum
864 4861 1057 4915 infirmi
1088 4861 1271 4921 simus,
1317 4857 1477 4909 multa
1516 4862 1570 4909 et
1596 4854 1739 4907 varia
1768 4852 1847 4904 in-

282 4956 554 5012 stituenda
568 4964 650 5008 est
667 4954 858 5018 oratio,
878 4966 993 5021 qum
1013 4950 1433 5018 comparationes
1452 4944 1660 5007 habeat,
1683 4955 1853 4995 exem-

283 5047 376 5116 pla
400 5087 415 5111 ,
456 5043 930 5097 demonstrationes
951 5079 967 5105 ,
996 5039 1276 5092 verborum
1317 5034 1567 5088 circuitus
1592 5071 1607 5095 ,
1649 5030 1854 5097 aliaque

284 5137 457 5190 multa
494 5133 785 5202 ejusmodi,
819 5140 875 5184 ut
903 5145 966 5185 ex
1007 5126 1254 5183 omnibus
1283 5123 1451 5176 facilis
1487 5121 1553 5173 sit
1580 5118 1729 5171 nobis
1758 5132 1855 5171 eo-

282 5240 413 5281 rum
435 5266 450 5290 ,
480 5238 597 5292 qua:
626 5222 732 5276 sint
774 5219 1043 5288 profutura
1066 5257 1082 5282 ,
1128 5215 1381 5268 delectus.
1428 5209 1709 5266 Enimvero
1739 5205 1859 5258 licet

282 5312 507 5384 grandis
534 5321 675 5366 esset
700 5319 857 5379 atque
897 5308 1239 5374 intcrpretatu
1269 5298 1496 5354 difﬁcilis
1541 5296 1628 5349 ille
1660 5306 1857 5359 sermo,

284 5381 615 5472 nequaquam
644 5400 763 5453 illos
788 5395 1027 5451 doctrina
1054 5392 1122 5447 de
1142 5387 1488 5445 Melchisedec
1518 5384 1740 5453 privavit
1760 5381 1856 5451 (a),

284 5508 413 5547 cum
446 5500 497 5545 ct
534 5487 760 5545 dicendo
786 5482 1041 5556 grandem
1082 5481 1226 5535 illum
1257 5492 1375 5534 esse
1401 5485 1556 5544 atque
1597 5472 1859 5538 interpre-

285 5592 404 5638 tatu
427 5582 698 5638 difﬁcilem
725 5579 938 5633 illorum
963 5572 1193 5629 studium
1217 5567 1474 5631 excitarit,
1502 5576 1556 5618 ut
1580 5561 1863 5617 alacriores

347 5738 421 5802 (ο)
450 5744 532 5793 stic
555 5750 605 5792 et
629 5737 758 5788 infra
784 5731 1096 5786 Colbertinus
1125 5730 1175 5778 in
1197 5725 1356 5777 multis
1378 5722 1556 5795 deficit.

1231 440 1320 495 DE
1361 429 1883 494 PROPHETIARUM
1923 427 2413 487 OBSCURITATE.
2450 429 2489 485 l.

3370 447 3482 502 166

1932 540 2115 595 ﬁerent
2136 542 2198 594 ad
2221 541 2533 595 audiendum
2559 558 2572 595 :
2596 548 2647 596 et
2674 540 2794 594 dum
2825 537 2927 594 illis
2948 554 3179 594 mensam
3206 540 3473 602 instruxit.

1927 645 2107 684 eorum
2135 632 2401 698 cupiditati
2436 631 2586 685 fuerit
2613 631 2952 699 nbsequutus.

1994 743 2049 795 2.
2081 743 2343 809 Scriptura
2370 758 2513 795 sacra
2538 743 2780 810 quomodo
2810 744 3088 794 tractanda.
3115 743 3374 795 Anomaeos
3394 759 3476 796 re-

1927 834 2145 901 darguit.
2174 833 2422 886 Adversus
2451 833 2705 885 haereticos
2732 835 2793 886 de
2836 844 3020 886 a'tema
3049 832 3229 887 Christi
3267 852 3475 905 genera-

1927 924 2077 976 tione.
2104 922 2362 976 Generatio
2382 924 2529 975 etiam
2550 934 2741 977 terrena
2763 923 2944 976 Clariin
2967 928 3065 978 non
3086 927 3472 995 intelligitur.—

1927 1016 2036 1069 Hoc
2064 1031 2159 1069 nos
2187 1032 2393 1086 quoque
2419 1016 2667 1070 faciamus
2693 1032 2705 1067 :
2739 1019 2940 1070 tametsi
2971 1019 3337 1086 prophetarum
3381 1020 3478 1072 im-

1927 1120 2165 1157 mensum
2202 1115 2282 1158 est
2307 1106 2538 1174 pelagus,
2561 1106 2840 1173 multa'que
2862 1106 3033 1158 insunt
3057 1107 3162 1160 illic
3181 1109 3476 1176 voragines,

1926 1193 2173 1247 audacter
2218 1210 2310 1263 pro
2350 1204 2527 1248 nostra
2555 1195 2687 1248 virili
2716 1204 2861 1261 parte
2901 1210 3042 1248 mare
3086 1195 3474 1264 ingrediamnr;

1926 1285 2032 1337 imo
2054 1300 2199 1346 vero,
2225 1301 2326 1338 non
2357 1300 2451 1354 pro
2478 1296 2651 1339 nostra
2675 1286 2808 1339 virili
2843 1297 3007 1352 parte,
3037 1287 3127 1339 sed
3154 1297 3303 1351 prout
3328 1289 3479 1341 nobis

1926 1388 2151 1441 superna
2190 1377 2351 1443 gratia
2391 1390 2696 1429 concessum
2740 1376 2927 1439 fuerit,
2976 1392 3075 1431 non
3128 1377 3313 1433 fiducia
3361 1381 3474 1433 freti

1926 1471 2103 1513 nostra
2125 1502 2138 1523 ,
2170 1464 2260 1516 sed
2307 1463 2648 1531 procuranda:
2675 1464 2911 1517 utilitatis
2935 1476 3121 1518 vestra:
3149 1481 3301 1520 causa
3334 1484 3477 1522 mare

1927 1548 2175 1605 audacter
2200 1553 2571 1619 ingrediatnur,
2603 1562 2655 1606 et
2686 1553 2736 1605 in
2766 1552 2863 1604 hoc
2888 1568 3091 1620 quoque
3119 1554 3332 1607 Paulum
3361 1557 3478 1609 imi-

1929 1649 2116 1693 temur.
2147 1640 2293 1706 Quod
2326 1642 2463 1694 enim
2495 1643 2731 1695 oratione
2758 1642 2823 1694 de
2855 1640 3199 1695 Melchisedec
3237 1642 3351 1696 illos
3376 1648 3475 1696 mi-

1926 1731 2066 1784 nime
2093 1732 2330 1801 privarit,
2359 1747 2419 1784 ex
2451 1733 2533 1794 iis,
2565 1747 2679 1798 qua:
2708 1741 3010 1799 sequuntur,
3040 1732 3313 1800 intelliges.
3340 1733 3477 1788 Sane

1927 1835 2044 1873 cum
2074 1820 2323 1881 dixisset,
2374 1820 2444 1871 De
2480 1835 2575 1884 quo
2614 1820 2817 1889 grandis
2860 1836 3051 1879 sermo,
3084 1831 3128 1873 et
3156 1822 3477 1889 interpretatis

1927 1909 2139 1976 difﬁcilis
2160 1948 2171 1969 ,
2215 1908 2404 1975 adjecit
2432 1926 2443 1960 :
2471 1907 2567 1960 Hic
2595 1909 2723 1960 enim
2752 1906 3077 1961 Melchisedec
3095 1950 3110 1970 ,
3140 1925 3227 1962 rex
3244 1910 3474 1977 jnstitiw,

1926 1998 2104 2051 deinde
2131 2008 2293 2050 autem
2335 2007 2379 2049 et
2421 2013 2509 2051 rea:
2534 1996 2702 2051 Salen:
2725 2038 2740 2063 ,
2780 1998 2913 2067 quod
2949 2008 3017 2050 est
3055 2014 3141 2050 rex
3174 2000 3311 2067 pacis
3333 2039 3348 2061 ,
3374 2000 3479 2052 sine

1927 2098 2098 2158 patre,
2146 2088 2251 2141 sine
2276 2098 2459 2150 matre,
2489 2089 2594 2139 sine
2622 2088 2905 2155 genealogia
2924 2125 2939 2149 ,
2978 2103 3130 2153 neque
3154 2087 3344 2138 initium
3367 2088 3477 2140 die-

1927 2195 2060 2242 rum,
2091 2195 2243 2246 neque
2269 2180 2379 2230 υἱιιε
2405 2180 2554 2243 ﬁnem
2583 2178 2765 2229 habens
2788 2192 2806 2228 :
2830 2177 3126 2229 assimilatas
3160 2187 3322 2229 autem
3345 2176 3481 2230 Filio

1928 2260 2023 2313 Dei
2049 2272 2212 2313 manet
2240 2262 2470 2314 sacerdos
2498 2262 2547 2313 in
2577 2272 2863 2328 perpetuum
2890 2264 2905 2329 (
2930 2259 3081 2313 Hebr.
3113 2262 3162 2313 7.
3195 2261 3346 2327 1-5).
3375 2264 3481 2316 An-

1932 2368 2033 2406 non
2054 2360 2254 2406 vestras
2274 2366 2429 2406 aures
2451 2351 2771 2419 perturbavit
2792 2351 2856 2403 de
2879 2351 3087 2405 homine
3104 2352 3259 2404 verba
3284 2352 3479 2405 faciens

1931 2443 2143 2506 Paulus,
2172 2458 2232 2497 ac
2259 2442 2459 2506 dicens,
2492 2442 2616 2495 Sine
2640 2451 2796 2509 patre,
2826 2442 2930 2495 sine
2953 2441 3150 2494 matre?
3179 2442 3309 2507 Quid
3336 2442 3476 2505 dico,

1930 2532 1998 2587 de
2027 2533 2283 2587 homine?
2322 2532 2449 2585 Nam
2476 2530 2520 2584 si
2564 2531 2664 2584 hoc
2690 2530 2755 2584 de
2781 2530 2985 2584 Christo
3012 2531 3166 2584 etiam
3196 2531 3478 2589 diceretur.

1933 2638 2105 2678 nonne
2133 2624 2209 2677 sic
2236 2623 2394 2677 etiam
2433 2622 2648 2675 multam
2679 2621 2944 2691 quaerendi
2986 2623 3311 2675 occasionem
3343 2637 3480 2690 pra:-

1932 2715 2120 2770 beret?
2161 2714 2215 2770 Si
2244 2716 2384 2769 enlm
2414 2722 2496 2768 est
2537 2715 2649 2767 sine
2693 2724 2859 2782 patre,
2905 2714 3165 2779 quomodo
3195 2714 3390 2767 Filius?
3435 2715 3480 2768 si

1934 2806 2047 2859 sine
2074 2805 2248 2869 Patre,
2277 2803 2537 2872 quomodo
2560 2804 2903 2872 Unigenitus?
2934 2804 3091 2857 Filius
3118 2805 3253 2857 enim
3282 2814 3482 2874 patrem

1934 2895 2129 2949 habere
2154 2894 2331 2957 debet,
2360 2895 2548 2962 alioqui
2580 2894 2715 2947 filius
2747 2908 2848 2946 non
2878 2894 2994 2947 erit.
3026 2896 3264 2948 Attamen
3290 2906 3345 2950 et
3370 2898 3484 2950 sine

1934 2995 2081 3054 patre
2110 2984 2276 3040 Filius
2303 2985 2391 3040 Dei
2421 2994 2521 3049 est,
2552 2994 2605 3039 et
2632 2986 2746 3039 sine
2775 2995 2967 3040 matre.
2995 2984 3109 3052 Quo
3138 2985 3343 3040 tandem
3373 3003 3485 3040 mo-

1935 3075 2046 3129 do?
2090 3074 2217 3129 Sine
2259 3084 2406 3143 patre
2447 3073 2731 3128 secundum
2777 3082 3035 3128 terrenam
3073 3076 3481 3143 generationem,

1935 3165 2049 3217 sine
2078 3173 2244 3218 matre
2268 3163 2552 3217 secundum
2579 3163 2841 3217 caelestem
2874 3181 2887 3215 :
2915 3178 3032 3216 nam
3060 3178 3227 3231 neque
3254 3166 3303 3217 in
3335 3166 3489 3219 terris

1938 3256 2115 3310 habuit
2155 3267 2355 3325 patrem
2377 3295 2392 3319 ,
2426 3269 2593 3323 neque
2622 3262 2843 3309 matrem
2882 3255 2933 3307 in
2964 3254 3125 3307 callis.
3158 3253 3278 3307 Sine
3306 3271 3487 3323 genea-

1937 3346 2090 3415 logia.
2124 3344 2344 3397 Audiam
2366 3383 2381 3405 ,
2413 3347 2499 3411 qui
2545 3343 2659 3409 ejus
2700 3343 2978 3395 essentiam
3007 3344 3211 3396 curiose
3249 3354 3489 3397 srrutan-

1940 3445 2063 3487 tur:
2095 3433 2301 3486 tametsi
2347 3432 2668 3484 arbitrantur
2712 3430 2959 3499 quidam,
3004 3430 3141 3499 quod
3183 3431 3265 3484 hic
3304 3432 3494 3485 dicitur

1941 3524 2065 3579 Sine
2086 3522 2399 3594 genealogia,
2425 3522 2490 3576 ad
2518 3522 2778 3575 0321881611]
2797 3522 3181 3590 generationem
3209 3522 3490 3589 pertinere.

1940 3615 2068 3669 Nam
2110 3614 2342 3667 bmretici
2384 3628 2449 3666 ne
2497 3612 2597 3665 hoc
2639 3612 2847 3681 quidem
2878 3612 3099 3664 volunt:
3132 3614 3319 3663 etenim
3348 3612 3493 3663 illam

1942 3721 2148 3775 quoque
2170 3705 2377 3757 curiose
2398 3711 2697 3757 scrutantur
2720 3712 2771 3754 ct
2791 3702 3056 3769 inquirunt
3078 3718 3090 3751 :
3115 3702 3198 3768 qui
3224 3716 3344 3752 vero
3371 3709 3495 3754 sunt

1942 3796 2078 3849 inter
2120 3794 2237 3846 illos
2281 3792 2648 3854 modestiores,
2691 3790 2762 3843 illi
2801 3790 3120 3859 generationi
3170 3790 3267 3842 hoc
3303 3805 3492 3843 conce-

1943 3886 2075 3938 dunt
2103 3901 2116 3937 :
2146 3882 2212 3937 de
2244 3890 2454 3936 terrena
2486 3896 2587 3935 non
2616 3881 2741 3935 item
2781 3880 2974 3934 dictum
3016 3881 3313 3934 existimant
3348 3882 3494 3947 illud,

1946 3975 2070 4029 Sine
2097 3973 2405 4044 genealoyia.
2456 3970 2807 4026 Ostendamus
2852 3970 3008 4039 igitur
3050 3970 3148 4024 hoc
3189 3970 3253 4024 de
3284 3982 3499 4039 utraque

1948 4064 2165 4118 Paulum
2205 4062 2548 4133 generatione
2585 4061 2812 4126 dixisse,
2844 4060 2910 4115 de
2948 4061 3140 4115 ca-lesti
3171 4062 3323 4114 simul
3353 4073 3405 4115 et
3430 4062 3499 4117 de

1948 4166 2153 4210 terrena
2187 4172 2200 4209 :
2234 4169 2352 4208 nam
2384 4162 2435 4207 et
2462 4153 2544 4205 illa
2574 4150 2845 4205 tremenda
2875 4159 2984 4215 est,
3028 4160 3081 4204 et
3122 4150 3236 4204 hiEC
3279 4152 3496 4222 mystica

1948 4249 2193 4301 maxime.
2220 4246 2501 4313 Propterea
2523 4242 2728 4296 dicebat
2748 4241 2904 4295 etiam
2928 4241 3104 4305 lsaias,
3128 4238 3500 4295 Generationem

1950 4339 2058 4406 ejus
2079 4338 2187 4405 quis
2212 4332 2459 4388 enarrabit
2488 4330 2635 4403 (Isai.
2659 4331 2744 4385 53.
2768 4330 2832 4399 8)
2853 4331 2876 4381 7
2899 4330 3053 4398 Atqui
3077 4330 3142 4385 de
3168 4331 3256 4383 illa
3280 4332 3497 4391 ca'lrsli.

1953 4429 2153 4497 inquit,
2202 4424 2303 4479 hoc
2342 4423 2491 4478 dixit.
2539 4421 2674 4488 Quid
2723 4434 2848 4488 ergo
2895 4419 3054 4472 Paulo
3101 4419 3368 4481 dicemus,
3411 4421 3498 4489 qui

1954 4526 2227 4583 utramque
2269 4512 2657 4582 generationem
2704 4510 3167 4571 commemoravit,
3209 4524 3270 4562 ac
3314 4508 3506 4563 deinde

1954 4608 2101 4669 illud,
2128 4605 2249 4659 Sine
2274 4603 2581 4673 genealogia,
2609 4598 2917 4668 subjunxit?
2946 4597 3075 4652 Cum
3106 4599 3244 4652 enim
3276 4609 3394 4652 ante
3420 4598 3505 4652 di-

1954 4697 2148 4760 xisset,
2179 4695 2301 4748 Sine
2341 4702 2513 4762 patre,
2559 4691 2665 4743 sine
2703 4697 2893 4753 matre,
2935 4697 3051 4755 post
3085 4686 3321 4755 adjuuxit
3344 4730 3357 4751 ,
3389 4687 3511 4742 Sine

1956 4786 2278 4856 genealogia,
2310 4792 2368 4836 ut
2396 4796 2500 4835 non
2531 4777 2688 4833 modo
2714 4776 3000 4830 secundum
3036 4776 3173 4828 illam
3212 4779 3510 4844 generatio-

1957 4891 2100 4941 nem,
2142 4873 2427 4929 secundum
2455 4882 2612 4938 quam
2641 4876 2720 4920 est
2748 4868 2859 4918 sine
2888 4872 3058 4918 matre
3080 4906 3093 4928 ,
3122 4866 3211 4917 sed
3240 4867 3393 4918 etiam
3423 4881 3512 4919 se-

1958 4964 2187 5020 cundum
2211 4964 2364 5022 hanc,
2388 4957 2678 5013 secundum
2702 4968 2856 5022 quam
2885 4963 2998 5007 erat
3025 4952 3137 5006 sine
3162 4961 3328 5021 patre,
3353 4962 3513 5008 terre-

1960 5070 2079 5109 nam
2105 5054 2243 5119 dico,
2274 5052 2388 5104 sine
2415 5047 2717 5118 genealogia
2748 5046 2913 5113 ipsum
2941 5058 3056 5098 esse
3082 5044 3283 5097 eredas.
3318 5043 3515 5097 Idcirco

1961 5153 2177 5213 utraque
2202 5143 2371 5212 posita
2417 5139 2579 5202 dixit,
2613 5138 2734 5191 Sine
2761 5134 3046 5204 genealogia
3069 5174 3085 5199 ,
3114 5148 3234 5187 nam
3264 5133 3379 5189 hanc
3406 5140 3516 5187 ter-

1964 5251 2091 5292 rena
2122 5231 2495 5302 comprehendi
2526 5244 2627 5283 non
2661 5236 2869 5297 potest,
2904 5235 2959 5278 ut
2987 5226 3038 5277 in
3083 5224 3227 5277 illam
3255 5239 3321 5278 ne
3347 5225 3516 5291 reiji-

1965 5344 2086 5383 cere
2111 5326 2324 5395 quidem
2349 5323 2656 5377 audeamus.
2688 5318 2815 5371 Nam
2846 5317 2889 5370 si
2919 5314 3092 5381 templi
3117 5314 3366 5368 vestibula
3397 5326 3520 5367 sunt

1966 5418 2098 5471 adeo
2128 5412 2381 5469 terribilia
2410 5421 2465 5466 et
2503 5412 2768 5464 inaccessa
2791 5448 2803 5469 ,
2834 5420 2937 5474 quo
2963 5411 3112 5473 pacto
3145 5404 3195 5456 in
3226 5404 3335 5471 ipsa
3364 5403 3519 5473 adyta

1967 5513 2242 5577 penetrare
2293 5504 2410 5573 quis
2468 5497 2729 5555 audebit?
2776 5496 3020 5553 Genitum
3068 5495 3205 5549 enim
3252 5508 3313 5547 ex
3366 5492 3523 5547 Patre

1968 5598 2131 5652 fuisse
2176 5597 2283 5651 scio
2325 5612 2341 5649 :
2381 5607 2485 5665 quo
2530 5597 2717 5661 pacto,
2767 5587 2969 5643 nescio.
3017 5585 3096 5639 Ex
3131 5583 3329 5653 virgine
3376 5582 3522 5637 illum

1973 5692 2136 5752 fuisse
2174 5699 2349 5747 natum
2380 5687 2533 5749 novi;
2580 5679 2794 5735 modum
2835 5685 3007 5732 autem
3075 5687 3144 5729 ne
3186 5671 3272 5728 hic
3310 5670 3523 5739 quidem
