4144 6528
698 425 807 481 167

677 536 945 590 asseqnor.
979 521 1106 576 Nam
1139 521 1408 591 utriusque
1435 530 1636 575 natura:
1679 520 2074 590 generationem
2104 532 2231 572 eon-

678 611 918 674 ﬁtemur,
947 621 1000 665 et
1026 611 1295 680 utriusque
1323 611 1534 664 modum
1568 621 1820 665 tacemus.
1865 610 1928 662 Et
1953 609 2089 661 sicut
2116 622 2234 661 cum

675 701 741 756 de
772 703 970 772 virgine
999 703 1188 772 agitur,
1219 702 1314 756 etsi
1342 702 1519 756 nescio
1547 716 1652 770 quo
1679 711 1829 771 pacto
1854 701 1921 753 sit
1947 714 2009 752 ex
2036 699 2236 766 virgine

674 802 983 860 generatus,
1029 800 1203 846 tamen
1245 806 1363 845 eum
1406 800 1710 860 generatum
1756 790 1915 842 fuisse
1959 786 2232 852 conﬁteor,

676 897 772 936 nec
814 897 920 936 rem
965 881 1094 935 tollo
1122 890 1336 949 propter
1374 879 1721 949 ignorantiam
1754 877 1892 931 modi
1923 893 1936 929 :
1969 878 2035 930 ita
2068 875 2149 927 fac
2182 885 2233 928 tu

673 986 902 1040 quoque,
931 985 1050 1023 cum
1076 971 1142 1024 de
1171 971 1325 1024 Patre
1349 973 1517 1040 agitur
1548 988 1560 1023 :
1593 971 1714 1024 licet
1741 968 1943 1021 nescias
1971 966 2233 1035 quomodo

675 1061 839 1115 Filius
884 1061 950 1113 sit
986 1061 1228 1130 genitus,
1275 1077 1394 1114 eum
1437 1060 1597 1113 fuisse
1634 1058 1866 1128 genitum
1912 1055 2163 1110 conﬁtere
2192 1056 2228 1108 ⁸.

673 1151 820 1215 Quod
848 1151 890 1203 si
918 1151 1110 1204 dixerit
1138 1151 1228 1204 tibi
1262 1150 1538 1203 haereticus
1559 1190 1572 1214 ,
1603 1147 1877 1214 Quomodo
1914 1146 2121 1215 genitus
2153 1153 2234 1198 est

671 1255 734 1293 cx
763 1242 914 1293 Patre
955 1240 1158 1294 Filius?
1203 1248 1432 1292 mentem
1478 1237 1594 1304 ejus
1637 1238 1690 1291 in
1739 1246 1930 1290 terram
1975 1234 2228 1302 deprime,

669 1340 827 1399 atque
855 1330 924 1382 illi
949 1331 1109 1383 dicito
1138 1349 1150 1384 :
1183 1327 1451 1382 Descende
1480 1327 1545 1382 de
1571 1327 1736 1391 caelis,
1767 1341 1830 1380 ac
1859 1327 1983 1380 mihi
2012 1325 2232 1378 demon-

666 1431 775 1472 stra
797 1461 810 1485 ,
837 1417 1102 1488 quomodo
1131 1433 1196 1472 ex
1221 1417 1423 1487 virgine
1463 1417 1531 1471 sit
1569 1426 1747 1482 natus,
1780 1424 1994 1482 tumque
2030 1413 2117 1467 illa
2145 1427 2230 1467 me

667 1523 811 1578 roga.
837 1507 1026 1563 Retine
1055 1507 1222 1570 illum,
1253 1515 1310 1561 et
1334 1508 1608 1562 obsessum
1639 1521 1787 1574 urge,
1817 1518 1990 1572 neque
2025 1502 2230 1557 resilire

666 1598 826 1652 sinito
854 1606 943 1651 ant
983 1597 1034 1652 in
1067 1596 1422 1668 labyrinthum
1454 1594 1910 1648 ratiocinationum
1954 1607 2012 1646 se
2056 1591 2228 1660 prori-

669 1700 796 1754 pere
823 1703 834 1739 :
861 1701 1042 1740 verum
1069 1686 1258 1749 retine,
1275 1697 1327 1742 et
1346 1687 1634 1755 strangula,
1657 1697 1761 1737 non
1785 1696 1963 1746 manu,
1991 1681 2082 1735 sed
2109 1694 2230 1735 ora-

667 1777 840 1842 tione;
873 1792 940 1830 ne
967 1775 1331 1828 distinctiones
1374 1774 1446 1828 illi
1476 1784 1528 1827 et
1565 1772 1753 1841 effugia
1791 1771 2083 1834 concedas,
2111 1784 2228 1838 qua:

664 1865 829 1934 cupit.
859 1865 991 1919 Hinc
1018 1865 1075 1918 ﬁt
1099 1873 1154 1917 ut
1179 1879 1270 1918 eos
1293 1864 1600 1933 perturbent
1629 1873 1682 1917 et
1700 1868 2085 1926 commoveant,
2114 1859 2229 1927 qui-

665 1956 884 2010 buscum
914 1955 1202 2024 disputant,
1233 1953 1370 2022 quod
1402 1968 1497 2007 nos
1523 1953 1627 2007 illis
1654 1954 2025 2022 obscqnamur,
2057 1963 2228 2018 neque

663 2062 757 2101 eos
778 2047 843 2100 ad
872 2061 1139 2101 sacrarum
1162 2045 1554 2114 Scripturarum
1582 2043 1723 2112 leges
1747 2041 2037 2110 adigamus.
2063 2038 2229 2094 Undi-

660 2152 764 2206 que
809 2136 965 2206 igitur
1011 2135 1086 2188 illi
1129 2149 1341 2189 murum
1383 2149 1447 2187 ex
1489 2132 1802 2186 testimoniis
1834 2129 2223 2199 Scripturarum

660 2239 902 2294 oppone,
932 2239 993 2278 ac
1030 2238 1095 2278 ne
1127 2223 1328 2278 hiscere
1356 2221 1570 2292 quidem
1603 2221 1813 2290 poterit.
1847 2220 1938 2273 Dic.
1968 2219 2078 2284 illi,
2109 2217 2224 2284 Quo

661 2327 816 2384 pacto
856 2332 921 2370 ex
968 2316 1168 2385 virgine
1211 2324 1364 2369 natus
1402 2315 1524 2367 est?
1572 2329 1677 2367 non
1722 2313 2008 2377 absistam,
2053 2323 2223 2379 neque

660 2405 926 2459 recedam.
971 2406 1126 2473 Atqui
1174 2405 1387 2458 modum
1429 2403 1575 2458 effari
1616 2418 1717 2456 non
1762 2402 1975 2472 poterit,
2018 2399 2223 2454 tametsi

661 2495 805 2549 omni
843 2510 942 2564 ope
967 2505 1263 2563 conataque
1289 2494 1591 2548 contendat.
1619 2493 1750 2546 Cum
1778 2492 1916 2545 cnim
1949 2491 2086 2544 Deus
2127 2503 2224 2542 oc-

659 2583 897 2648 cluserit,
923 2583 1042 2651 quis
1058 2583 1164 2651 jam
1191 2582 1488 2636 reserabit?
1515 2581 1639 2635 Sola
1665 2580 1766 2634 title
1789 2578 1982 2648 percipi
2004 2585 2225 2647 possunt

659 2673 806 2726 talia.
835 2671 985 2739 Quod
1010 2672 1054 2725 si
1085 2685 1188 2725 non
1218 2671 1543 2738 acquiescas,
1567 2669 1658 2722 sed
1687 2669 1916 2724 rationes
1941 2666 2221 2736 disquiras,

659 2763 844 2816 iisdem
887 2770 938 2815 te
964 2761 1167 2823 verbis,
1208 2760 1398 2828 quibus
1431 2758 1770 2813 Nicodamum
1798 2756 2058 2822 Christus,
2090 2754 2220 2808 aﬂ‘a-

659 2853 757 2906 bor
780 2870 792 2903 :
827 2852 886 2907 Si
913 2863 1107 2905 terrena
1134 2851 1240 2904 dixi
1270 2851 1436 2916 vobis,
1464 2860 1510 2904 et
1540 2866 1638 2903 non
1663 2850 1880 2913 creditis,
1908 2849 2154 2918 quomodo
2177 2847 2224 2901 si

659 2941 834 2994 dixero
861 2941 994 2994 vobis
1024 2940 1265 3003 cwlestia,
1291 2941 1500 2994 credetis
1529 2940 1702 3008 (Joan.
1734 2941 1784 2994 5.
1817 2939 1954 3008 12)ἳ
1983 2939 2056 2992 De
2080 2939 2218 2992 nati-

658 3031 820 3082 vitate
846 3029 953 3081 dixi
982 3043 1047 3081 ex
1071 3029 1293 3096 virgine,
1320 3044 1489 3097 neque
1519 3029 1678 3094 nosti,
1701 3043 1866 3097 neque
1893 3029 2097 3082 hiscere
2123 3043 2220 3080 au-

657 3120 788 3183 des,
831 3127 884 3172 et
923 3119 1109 3172 ctelum
1138 3119 1346 3172 curiose
1390 3118 1685 3171 scrutaris?
1725 3119 1898 3186 Atque
1943 3117 2139 3169 utinam
2168 3117 2219 3169 in

657 3209 844 3261 caelum
868 3247 883 3272 ,
911 3217 964 3261 et
989 3223 1094 3261 non
1125 3210 1175 3261 in
1216 3208 1489 3262 Dominum
1516 3207 1631 3262 cmli
1672 3210 1878 3262 curiose
1908 3207 2218 3276 inquirercs.

659 3298 722 3353 Si
748 3307 940 3351 terrena
968 3297 1074 3351 dixi
1116 3297 1282 3362 vobis,
1319 3307 1364 3350 et
1401 3315 1502 3350 non
1531 3297 1753 3350 creditis.
1800 3296 1914 3350 Non
1945 3295 2114 3362 dixit,
2160 3296 2223 3350 Et

659 3402 762 3440 non
793 3384 1183 3454 persuademini
1205 3427 1219 3451 ,
1257 3386 1350 3440 sed
1369 3425 1384 3450 ,
1420 3385 1538 3440 Non
1563 3387 1761 3439 creditis
1781 3426 1795 3449 ,
1823 3401 1927 3454 quo
1954 3386 2118 3440 verbo
2146 3385 2220 3440 si-

657 3474 868 3542 gniﬁcat
898 3483 1105 3528 terrena
1133 3475 1292 3528 etiam
1329 3475 1431 3530 fide
1467 3475 1718 3546 indigere.
1761 3475 1910 3540 Quod
1941 3476 1983 3528 si
2013 3485 2220 3529 terrena

659 3562 1025 3631 ﬁde‘indigent
1046 3603 1062 3628 ,
1094 3564 1260 3617 multo
1286 3565 1451 3634 magis
1474 3564 1724 3619 etelestia.
1752 3564 2076 3631 Quamquam
2109 3571 2220 3616 tum

657 3653 945 3709 Nicodemo
970 3653 1037 3707 de
1065 3663 1216 3722 partu
1245 3654 1409 3708 multo
1452 3655 1643 3711 minori
1674 3653 1981 3722 loquebatur
2014 3670 2026 3703 :
2054 3652 2220 3721 siqui-

659 3745 780 3800 dem
807 3746 874 3800 de
901 3745 1163 3814 baptismo
1188 3760 1364 3801 sermo
1391 3755 1525 3811 erat,
1552 3755 1605 3800 et
1629 3745 1697 3800 de
1722 3744 1979 3814 spirituali
2005 3758 2224 3812 regene-

660 3838 866 3891 ratione
896 3853 908 3888 :
937 3837 1030 3892 sed
1058 3836 1170 3891 haec
1194 3853 1402 3908 quoque
1434 3838 1533 3893 lide
1559 3836 2055 3906 comprehendenda
2081 3834 2223 3888 dice-

658 3927 767 3981 bat.
807 3926 1070 3982 Cancrum
1101 3937 1306 3982 terrena
1338 3930 1426 3983 illa
1453 3930 1675 3993 vocavit,
1706 3943 1809 3982 non
1840 3926 1978 3996 quod
2013 3935 2219 3980 terrena

661 4017 786 4079 sint,
817 4015 910 4071 sed
948 4017 1085 4087 quod
1115 4018 1452 4086 perﬁciantur
1489 4020 1540 4072 in
1570 4027 1725 4080 terra,
1755 4027 1806 4071 et
1831 4017 1969 4086 quod
1999 4017 2041 4070 si
2073 4032 2219 4070 com-

662 4116 914 4175 parentur
937 4123 1055 4161 cum
1081 4122 1306 4176 superna
1330 4109 1415 4162 illa
1442 4118 1494 4162 et
1520 4107 1766 4162 ineffabili
1790 4108 2075 4166 nativitate,
2105 4121 2221 4175 qum

661 4209 888 4252 mentem
915 4212 1124 4252 omnem
1155 4209 1454 4268 exsuperat,
1486 4198 1600 4252 haec
1631 4209 1836 4252 terrena
1862 4199 1984 4251 sint.
2012 4196 2062 4251 Si
2095 4212 2222 4265 ergo

665 4289 776 4342 ﬁeri
816 4303 917 4341 non
962 4297 1173 4357 potest,
1223 4298 1280 4343 ut
1321 4289 1482 4343 sciam
1527 4304 1630 4358 quo
1677 4296 1828 4356 pacto
1869 4303 2113 4342 rcuascar
2154 4303 2222 4342 ex

658 4378 831 4446 aquis,
862 4376 954 4430 sed
982 4377 1083 4430 ﬁde
1107 4377 1218 4432 sola
1256 4392 1342 4431 res
1383 4379 1469 4431 illa
1496 4377 1747 4447 capienda
1774 4387 1871 4440 est,
1906 4393 2074 4446 neque
2104 4392 2220 4430 mo-

659 4467 759 4521 dus
792 4466 1000 4520 curiose
1038 4467 1348 4520 scrutandus
1378 4485 1390 4519 :
1418 4477 1626 4536 quanta:
1669 4468 1825 4520 fuerit
1863 4467 1962 4521 hoc
2003 4468 2220 4521 insaniae

663 4558 727 4609 ad
757 4557 1169 4626 investigandam
1198 4557 1460 4611 cmlestem
1503 4558 1752 4626 unigeniti
1784 4557 1898 4610 Filii
1927 4559 2222 4626 generatio-

662 4663 780 4700 nem
807 4648 1150 4715 cogitationes
1177 4646 1431 4700 humanas
1468 4647 1780 4712 admittere,
1824 4662 1886 4700 ac
1913 4647 2088 4712 modi,
2117 4664 2220 4716 quo

657 4736 792 4790 facta
822 4738 917 4799 sit,
947 4738 1201 4790 rationem
1233 4737 1484 4806 exigere?
1898 4722 1901 4726 V

727 4826 780 4878 5.
833 4825 979 4878 Vetus
1008 4824 1375 4879 Testamentum
1394 4826 1677 4880 obscurum.
1705 4824 1806 4878 Cur
1833 4825 2053 4880 obscura:
2077 4836 2221 4880 erant

659 4913 1174 4982 proﬁtenda—Satis
1204 4916 1358 4983 igitur
1383 4915 1800 4969 demonstratum
1827 4925 1908 4968 est
1931 4931 2036 4984 quo
2066 4925 2220 4984 pacto

655 5005 769 5056 sine
793 5011 940 5070 patre
961 5017 1022 5055 ac
1048 5003 1162 5056 sine
1189 5014 1354 5058 matre
1393 5005 1462 5058 sit
1504 5006 1804 5073 unigenitus
1832 5005 1922 5059 Del
1952 5003 2137 5066 Filius,
2167 5014 2220 5060 et

654 5107 759 5158 quo
802 5104 951 5159 paeto
998 5092 1112 5144 siue
1155 5092 1459 5161 genealogia
1505 5093 1793 5147 secundum
1833 5104 2105 5161 utramque
2129 5107 2220 5160 ge-

657 5183 980 5235 nerationem
1013 5198 1027 5233 :
1059 5182 1324 5250 reliquum
1363 5190 1527 5236 estut
1575 5182 1639 5235 ad
1682 5183 1732 5236 id
1769 5181 1907 5251 quod
1950 5182 2220 5236 instatre-

651 5269 891 5338 deamus,
940 5281 1216 5341 postquam
1266 5287 1565 5326 sermonem
1610 5272 1676 5325 de
1728 5272 2080 5326 Melchisedcc
2163 5273 2218 5326 in

715 5423 732 5452 ι
772 5421 947 5480 Melius,
974 5426 1020 5471 ni
1047 5423 1198 5482 fallor,
1225 5425 1495 5485 legeretur,
1519 5423 1896 5485 assentientibus
1920 5424 2062 5485 etiam
2092 5427 2216 5472 Savi-

655 5480 720 5530 Iio
743 5489 794 5546 et
816 5485 1020 5546 Halesio,
1056 5480 1380 5534 ticctfnes'cias
1413 5485 1643 5546 quomodo
1678 5483 1833 5545 [ilium
1853 5483 2084 5546 genuerit,
2107 5498 2216 5534 eum

650 5543 865 5605 genuisse
882 5545 1120 5605 con/itere.
1146 5554 1254 5593 Nam
1293 5547 1369 5593 hic
1409 5543 1470 5592 de
1496 5552 1631 5605 Patre
1667 5543 1917 5604 agitur,'ut
1938 5544 2079 5605 paulo
2101 5553 2215 5594 ante

655 5602 713 5649 fle
736 5602 935 5665 Yirgine
959 5602 1127 5652 matre.
1156 5609 1310 5654 Lectio
1333 5613 1492 5652 tamen
1532 5603 1682 5652 altera
1701 5602 1820 5651 terri
1848 5602 1986 5665 posse
2005 5605 2213 5665 videtur,

652 5669 701 5710 et
725 5661 932 5723 alioquin
951 5669 1160 5712 omnium
1185 5665 1533 5726 exemplarium
1572 5661 1859 5726 auctoritate
1880 5667 2127 5722 asseritur,
2155 5661 2212 5714 il;

648 5734 836 5783 .amquc
863 5727 1030 5784 probat
1053 5733 1255 5774 Joannes
1275 5724 1451 5772 ttoistus
1477 5727 1520 5772 in
1546 5728 1669 5772 notis
1697 5724 1936 5772 satilianis
1957 5740 2001 5785 tr.
2028 5727 2133 5772 837.

1360 404 1416 462 S.
1455 403 1729 461 JOANNIS
1764 402 2231 460 CllRYSOSTOMl
2271 401 2580 459 ARCIIIEP.
2621 405 3145 467 CONSTANTINOP.

2348 442 2542 459 ιυηιυι
2568 445 2580 457 .
2623 442 3145 467 υυυυιηηιιυυῑο

2348 517 2572 573 alterum
2599 519 2740 574 diem
2771 521 3070 590 rejccimus,
3097 538 3159 578 ac
3188 525 3491 596 prophetica
3527 529 3802 600 :cnigmata
3825 547 3924 584 au-

2346 605 2504 659 dituri
2548 618 2782 662 nostram
2814 613 3155 666 attentionem
3186 616 3493 670 excitemus.
3535 616 3745 679 Similes
3769 622 3918 674 enim

2345 705 2470 776 sunt
2514 698 2878 767 aenigmatibus
2934 716 3208 757 sermones
3262 704 3579 774 prophetici,
3629 708 3920 778 multisque

2342 783 2738 842 difﬁcultatibus
2759 788 3036 856 obseptum
3065 802 3147 845 est
3174 791 3335 846 Vetus
3357 793 3751 849 Testamentum
3770 836 3785 857 ,
3817 813 3916 853 ne-

2342 890 2443 945 que
2479 875 2654 932 faciles
2707 879 2979 935 intellectu
3009 892 3129 934 sunt
3159 883 3278 937 libri
3304 901 3320 937 :
3348 883 3546 938 Novum
3575 897 3746 941 autem
3771 889 3915 945 dilu-

2341 966 2510 1019 cidius
2555 978 2636 1021 est
2680 978 2731 1022 ct
2771 968 2994 1024 facilius.
3052 971 3283 1039 Ecquam
3313 974 3524 1029 tandem
3567 975 3636 1029 ob
3665 991 3911 1042 causam,

2338 1055 2480 1110 dicet
2502 1057 2708 1126 aliquis,
2747 1060 2858 1115 lta-c
2886 1060 2954 1114 ita
2985 1072 3108 1116 sunt
3149 1066 3454 1133 constituta,
3495 1067 3618 1121 licet
3656 1067 3722 1122 de
3745 1069 3917 1124 rebus

2339 1147 2552 1214 majoris
2581 1152 2831 1202 momenti
2861 1160 3043 1219 agatur
3072 1153 3122 1205 in
3150 1152 3317 1216 Novo,
3349 1155 3415 1208 de
3439 1171 3600 1225 regno
3628 1159 3910 1225 ctelomnt,

2337 1237 2404 1290 de
2426 1240 2810 1294 resurrectione
2836 1257 3138 1310 corporum,
3157 1255 3210 1298 et
3233 1246 3581 1302 ineﬁ'abilibus
3604 1250 3702 1303 illis
3724 1252 3907 1314 bouis,

2337 1341 2452 1393 qum
2482 1335 2532 1379 et
2551 1326 2830 1382 humanam
2874 1342 3102 1386 mentem
3125 1334 3389 1388 excedunt
3417 1335 3438 1388 ἲ
3465 1335 3600 1402 Quid
3644 1337 3798 1406 igitur
3849 1340 3906 1393 in

2335 1429 2512 1479 causa,
2541 1428 2593 1470 ut
2617 1418 2854 1471 obscura:
2883 1421 2986 1472 siut
3013 1424 3342 1490 prephetizc?
3369 1424 3528 1478 Multa
3553 1425 3748 1479 Iudaeis
3775 1427 3908 1481 ista:

2337 1505 2470 1556 tnala
2499 1506 2805 1574 prmdicunt,
2832 1522 2894 1562 ac
2921 1508 3035 1563 fore
3061 1521 3119 1563 ut
3141 1514 3420 1580 ejiciantur
3443 1515 3534 1578 illi,
3561 1532 3656 1569 nos
3672 1517 3906 1583 recipia-

2335 1605 2472 1656 mur,
2513 1603 2569 1647 ut
2588 1593 2841 1661 templum
2858 1602 3146 1658 evertatur,
3166 1609 3263 1648 nec
3277 1596 3504 1664 amplius
3519 1599 3795 1660 excitetur.
3844 1611 3905 1656 ut

2333 1680 2614 1735 COncidant
2655 1681 2983 1752 Jerosolyma
3001 1722 3019 1751 ,
3044 1693 3100 1738 et
3119 1685 3364 1740 omnibus
3399 1687 3506 1740 sint
3532 1689 3710 1755 pervia
3741 1707 3755 1740 :
3783 1699 3902 1744 tum

2335 1784 2460 1824 vero
2484 1769 2653 1824 ειυάωὶ
2683 1772 2965 1827 errabundi
2990 1813 3004 1838 ,
3053 1789 3149 1844 per
3176 1776 3472 1830 universum
3516 1778 3695 1832 orbem
3727 1787 3904 1832 terra-

2335 1876 2450 1914 rum
2479 1861 2869 1930 dispergantur,
2920 1880 2983 1921 ac
3029 1868 3245 1922 civitate
3292 1868 3552 1933 destituti,
3597 1885 3664 1924 ne
3689 1879 3904 1924 veteres

2333 1953 2543 2020 quidem
2570 1954 2704 2008 ritus
2729 1956 3011 2023 retineant,
3055 1959 3150 2013 sed
3183 1973 3367 2014 omnes
3413 1960 3515 2013 illis
3545 1975 3628 2015 res
3658 1960 3902 2030 ipsorum

2333 2042 2540 2110 priores
2582 2044 2907 2109 auferantur,
2963 2049 3276 2117 pr0phetite,
3317 2052 3593 2116 sacriﬁcia,
3649 2053 3905 2105 sacerdo-

2331 2131 2480 2197 tium,
2510 2141 2563 2187 et
2590 2149 2831 2204 regnum.
2862 2134 3040 2204 Neque
3070 2152 3194 2192 vero
3212 2146 3411 2192 tantum
3443 2140 3560 2206 ista,
3591 2140 3682 2194 sed
3711 2150 3764 2194 et
3790 2144 3900 2194 alia

2329 2219 2493 2273 multa
2520 2221 2780 2290 ejusmodi
2809 2223 3161 2290 prtcdicebant
3179 2226 3471 2294 prOphetaz,
3500 2227 3622 2284 dum
3647 2227 3900 2283 innume-

2328 2323 2414 2362 ras
2443 2311 2554 2365 suis
2597 2312 2743 2365 libris
2790 2313 3070 2382 tragmdias
3118 2315 3496 2372 immiscerent.
3547 2317 3622 2371 Ne
3650 2318 3807 2387 igitur
3827 2321 3903 2374 ab

2328 2399 2476 2452 initio
2505 2399 2673 2455 Judazi
2699 2401 2979 2456 manifeste
3008 2403 3124 2458 haec
3147 2405 3442 2471 audientes,
3488 2420 3582 2460 eos
3630 2407 3904 2461 interfice—

2327 2495 2446 2540 rent
2469 2491 2557 2557 qui
2601 2489 2716 2544 haec
2759 2491 3028 2556 dicebant,
3080 2493 3530 2562 interpretationis
3581 2493 3899 2550 difﬁcultate

2331 2577 2700 2643 praedictiones
2730 2581 3082 2643 occultarunt,
3108 2597 3171 2637 ac
3195 2585 3357 2637 multa
3386 2585 3707 2640 obscuritate
3729 2586 3898 2641 rebus

2327 2662 2515 2730 offusa,
2547 2679 2641 2733 per
2661 2680 2844 2720 eorum
2872 2684 2986 2737 qua:
3019 2669 3333 2724 dicebantur
3354 2672 3731 2728 obscuritatem
3760 2691 3885 2742 pro-

2329 2753 2606 2822 phetarum
2656 2757 3005 2814 incolumitati
3058 2762 3454 2817 consuluerunt.
3488 2764 3638 2820 Unde
3668 2782 3790 2820 vero
3840 2768 3898 2821 id

2326 2846 2576 2897 constat?
2603 2845 2857 2902 Rationes
2885 2849 3024 2902 enim
3051 2865 3080 2903 a
3107 2851 3260 2904 nobis
3286 2852 3566 2907 reddenda:
3587 2865 3728 2918 sunt,
3756 2865 3899 2911 tam-

2325 2933 2424 2986 etsi
2455 2934 2590 2987 inter
2615 2937 2815 2991 amicos
2841 2938 3002 2992 verba
3032 2939 3253 2995 facimus
3285 2960 3297 2995 :
3322 2943 3579 3011 siquidem
3609 2946 3753 2998 multi
3776 2947 3894 3000 for-

2328 3023 2480 3076 tassis
2516 3024 2706 3079 adsunt
2777 3042 2880 3081 non
2921 3029 3096 3083 amici.
3152 3031 3364 3085 Discant
3403 3033 3564 3101 igitur
3592 3034 3702 3088 haec
3727 3036 3897 3090 etiam

2327 3109 2421 3174 illi,
2451 3120 2505 3163 ut
2531 3122 2585 3165 et
2613 3113 2768 3166 amici
2811 3115 2908 3183 ipsi
2957 3117 3105 3171 ﬁant.
3133 3118 3270 3182 Dixi,
3291 3121 3334 3172 si
3368 3119 3534 3174 Judtci
3562 3124 3900 3179 audivissent

2325 3198 2483 3263 mala,
2535 3216 2653 3269 qua:
2707 3203 3156 3271 comprehensum
3198 3207 3318 3261 illos
3348 3218 3528 3271 erant,
3560 3225 3621 3264 ac
3663 3210 3792 3276 fore,
3837 3225 3902 3269 ut

2327 3296 2541 3356 propter
2559 3287 2827 3345 Christum
2853 3294 3232 3350 exscindantur
3254 3296 3586 3369 Jcrosolyma
3616 3301 3667 3354 in
3699 3316 3898 3370 perpe-

2328 3384 2494 3443 tuum,
2548 3394 2645 3433 nec
2687 3397 2933 3450 umquam
2984 3386 3213 3453 amplius
3257 3387 3634 3457 instaurentur,
3688 3392 3801 3446 haec
3847 3395 3898 3449 si

2325 3467 2603 3536 perspicue
2631 3484 2658 3520 a
2681 3471 2956 3539 prophetis
2983 3474 3327 3540 audivissent,
3345 3477 3623 3534 confestim
3653 3494 3764 3546 eos,
3794 3484 3898 3552 qui

2327 3556 2439 3610 haec
2459 3557 2827 3627 loquebantur,
2860 3562 3198 3619 occidissent.
3230 3564 3380 3621 Unde
3409 3567 3568 3637 igitur
3596 3569 3648 3624 id
3677 3570 3845 3639 liquet
3873 3571 3900 3623 ?

2327 3646 2557 3701 Primum
2586 3649 2796 3718 quidem
2841 3667 2904 3706 ex
2954 3654 3188 3721 ipsorum
3224 3659 3458 3711 moribus
3486 3677 3499 3712 :
3529 3659 3712 3714 furiosi
3745 3662 3899 3716 enim

2327 3746 2478 3791 erant
2501 3753 2562 3792 ac
2582 3740 2821 3794 belluini.
2855 3742 3086 3811 Populus
3120 3754 3203 3799 est
3228 3760 3436 3816 semper
3460 3750 3646 3805 sitiens
3675 3751 3901 3819 sangui-

2327 3839 2447 3878 nem
2472 3830 2868 3896 prOpbetarum,
2897 3846 3084 3887 manus
3119 3848 3305 3890 eorum
3336 3838 3388 3890 in
3418 3839 3653 3894 caadibus
3679 3854 3738 3894 se
3757 3857 3901 3896 san-

2325 3923 2528 3970 ctorum
2558 3931 2923 3975 exercuerant.
2953 3922 3077 3978 llaec
3096 3925 3349 3981 adversus
3369 3928 3489 3982 illos
3510 3945 3726 4000 magnus
3743 3931 3903 3988 Elias

2327 4006 2641 4062 vociferatur
2677 4009 2862 4066 dicens
2901 4029 2916 4065 :
2956 4011 3188 4078 Domine,
3233 4016 3503 4085 prophetas
3532 4029 3642 4072 tuos
3693 4022 3902 4076 occide-

2325 4106 2461 4162 runt,
2488 4098 2669 4150 altaria
2690 4109 2774 4151 tua
2799 4101 3056 4155 dirucrunt
3087 4105 3104 4172 (
3131 4105 3184 4158 5.
3210 4105 3332 4173 Reg.
3372 4105 3456 4162 19.
3482 4109 3550 4161 10
3577 4111 3621 4178 ).
3649 4108 3902 4168 Christus

2329 4185 2537 4250 iterum,
2568 4186 2868 4257 Jerusalem,
2889 4190 3199 4260 Jerusalem,
3371 4197 3550 4252 occidit
3596 4203 3899 4271 prapltctas,

2326 4286 2372 4329 et
2399 4277 2590 4346 tapidat
2609 4295 2710 4343 eos,
2733 4282 2818 4351 qui
2838 4282 2905 4333 ad
2925 4283 3085 4353 ipsam
3121 4285 3259 4338 missi
3285 4298 3398 4340 sunt
3425 4288 3636 4357 (blattis.
3657 4291 3746 4346 ‘23.
3772 4293 3901 4364 57).

2326 4367 2395 4420 Et
2418 4366 2576 4422 lsaias
2597 4371 2813 4425 eosdem
2852 4387 3110 4428 accusans
3134 4375 3216 4430 his
3244 4393 3530 4435 consonam
3561 4398 3742 4438 vocem
3766 4390 3902 4442 mit-

2328 4467 2443 4511 tens
2478 4459 2794 4514 aitzﬂanus
2816 4472 2986 4517 vestra:
3022 4466 3184 4534 plena:
3202 4477 3317 4520 sunt
3344 4470 3586 4538 sanguine
3624 4472 3793 4539 (lsai.
3837 4479 3899 4531 1.

2326 4549 2438 4618 15).
2468 4548 2535 4603 Ει
2558 4565 2739 4605 rursus
2761 4552 3001 4607 Christus
3034 4571 3048 4606 :
3079 4553 3261 4609 Patres
3289 4559 3436 4610 vestri
3460 4560 3745 4614 occiderunt
3762 4579 3901 4631 pro-

2326 4638 2518 4707 phetas,
2543 4655 2627 4692 vos
2656 4649 2818 4693 autem
2855 4641 3076 4708 ipsorum
3114 4645 3377 4711 a'di/icatis
3406 4659 3727 4702 monumenta
3755 4667 3774 4705 :
3803 4653 3903 4706 im-

2327 4729 2455 4794 plete
2473 4743 2756 4788 mensuram
2783 4740 2980 4796 patrum
3000 4742 3269 4785 vestrorum
3289 4732 3500 4802 (Matth.
3530 4735 3620 4790 25.
3651 4738 3742 4792 51.
3771 4739 3900 4810 52).

2325 4816 2485 4872 Vides
2533 4827 2590 4870 ut
2635 4829 2688 4872 et
2729 4819 2982 4874 Dominus
3009 4831 3063 4874 et
3090 4823 3226 4875 servi
3275 4822 3567 4878 homicidas
3607 4826 3726 4881 illos
3767 4842 3905 4886 esse

2326 4909 2620 4962 testentur?
2646 4908 2780 4973 Quid
2804 4918 2886 4964 est
2903 4920 3100 4977 autem,
3131 4911 3344 4981 Implete
3372 4930 3654 4968 mensuram
3687 4926 3906 4984 patrum

2323 4999 2632 5050 vestrorum?
2658 4997 2737 5051 Me
2765 5013 2996 5066 quoque,
3024 5001 3214 5070 inquit,
3245 5004 3469 5060 occidite
3498 5022 3513 5057 :
3539 5004 3749 5074 adjicite
3772 5021 3906 5063 ser-

2323 5102 2507 5141 vorum
2535 5087 2768 5142 caedibus
2795 5103 2974 5143 necem
3007 5089 3237 5145 Domini.
3263 5091 3408 5148 Licet
3427 5095 3567 5149 enim
3587 5095 3734 5151 mille
3752 5101 3906 5155 occi-

2322 5174 2500 5228 derint
2545 5175 2808 5241 bomines,
2859 5186 2914 5230 at
2953 5190 3242 5232 conservos
3285 5195 3470 5236 omnes
3516 5200 3530 5235 :
3583 5198 3705 5238 cum
3755 5201 3902 5245 vero

2322 5275 2505 5319 contra
2535 5255 2810 5320 Dominum
2854 5280 3043 5322 manus
3092 5267 3476 5335 extenderunt,
3504 5280 3625 5327 tunc
3667 5275 3901 5343 impleta

2321 5370 2566 5411 mensura
2591 5367 2672 5412 est
2699 5375 2712 5412 :
2744 5365 2797 5411 et
2835 5358 3044 5412 merito.
3097 5358 3357 5424 Quamdiu
3413 5362 3553 5415 enim
3602 5363 3902 5423 Dominum

2321 5464 2426 5503 non
2449 5448 2777 5515 occiderunt,
2806 5463 2956 5519 spem
2992 5448 3177 5503 salutis
3203 5448 3515 5514 habuerunt,
3560 5461 3613 5506 et
3642 5461 3698 5506 ut
3723 5455 3901 5510 adve-

2321 5540 2472 5594 niens
2496 5554 2659 5610 agnus
2688 5540 2781 5593 Dei
2807 5548 3024 5608 peccata
3053 5539 3233 5593 mundi
3261 5539 3482 5605 tolleret,
3514 5552 3902 5609 exspectath

2321 5628 2498 5696 (Joan.
2531 5631 2582 5684 1.
2603 5627 2696 5700 29)
2729 5646 2743 5684 :
2771 5638 3049 5697 postquam
3079 5641 3253 5683 autem
3298 5631 3559 5683 medicum
3601 5631 3898 5688 interfece-

2322 5728 2461 5784 runt,
2488 5728 2539 5774 et
2564 5720 2612 5772 in
2628 5718 3046 5788 propitiatorium
3075 5719 3240 5787 ipsum
3255 5718 3620 5772 contumeliosi
3647 5719 3891 5791 fuerunt,
