4056 6498
187 477 272 534 167

166 565 397 638 ἐγεννήθη
425 566 490 620 ἐκ
526 566 623 619 τοῦ
656 564 866 636 Πατρδς
895 565 924 618 6
961 563 1120 626 Υίόςς
1151 562 1496 616 κατάσπασον
1527 551 1690 610 αὐτοῦ

164 661 212 713 τὸ
233 659 475 728 φρόνημα
512 659 595 719 είς
617 657 718 727 τὴν
741 655 866 725 γῆν,
890 654 980 708 καὶ
1006 653 1124 706 είπέ
1150 653 1284 723 πρὸς
1311 649 1490 704 αὐτόν⁹
1508 647 1689 704 Κατά-

166 751 268 821 σηθι
297 752 360 804 ἐκ
393 749 505 803 τῶν
529 748 794 819 οὐρανῶν,
830 747 922 800 καὶ
967 746 1134 812 δεῖξον
1175 745 1292 808 πῶς
1334 740 1591 811 ἐγεννήθη
1627 742 1692 794 ἐκ

165 848 243 916 τῆς
263 844 551 915 παρθένου,
585 843 680 896 καὶ
710 841 829 894 τότε
857 840 1036 892 ἐκεῖνα
1069 837 1264 909 ἐρώτα.
1314 835 1567 904 Κάτασχε
1595 833 1693 886 αὐ-

165 935 254 996 τὸν,
280 934 373 988 καὶ
405 931 710 1003 περίστηθι,
742 929 834 984 καὶ
876 929 948 998 μὴ
992 929 1134 998 ἀφῇς
1160 925 1524 994 ἀποπηδῆσαι,
1561 923 1692 993 μηδὲ

165 1024 491 1094 ἀναχωρῆσαι
518 1021 599 1084 είς
627 1019 716 1073 τδν
741 1017 1055 1090 λαϐύρινθον
1081 1017 1189 1070 τῶν
1217 1014 1507 1084 λογισμῶν·
1557 1013 1692 1067 ἀλλά

166 1110 400 1178 κάτασχε,
418 1109 512 1162 καὶ
531 1105 837 1172 ἀπόπνιξον,
859 1107 932 1177 μὴ
950 1108 1014 1176 τῇ
1038 1105 1200 1176 χειρὶ,
1220 1104 1354 1158 ἀλλά
1371 1103 1447 1173 τῷ
1470 1105 1534 1175 ρή
1543 1118 1689 1173 ματιο

167 1200 228 1270 μή
252 1200 354 1268 δῷς
397 1197 546 1268 αὐτῷ
575 1195 850 1260 διαστολὰς
881 1195 974 1248 καὶ
1008 1193 1293 1263 διαφυγάς,
1336 1194 1403 1256 ἃς
1429 1192 1689 1263 βούλεται.

177 1292 395 1344 Ἐκεῖθεν
451 1288 673 1361 θόρυϐον
734 1286 1013 1358 ἐμποιοῦσι
1087 1289 1196 1350 τοῖς
1263 1285 1690 1355 διαλεγομένοις,

166 1383 327 1451 ἐπειδὴ
356 1384 518 1452 ήμεῖς
559 1380 737 1442 αὐτοῖς
766 1378 1175 1448 ἀκολουθοῦμεν,
1225 1376 1318 1430 καὶ
1349 1377 1447 1429 οὐκ
1489 1376 1694 1443 ἄγομεν

167 1472 252 1525 ὐπδ
272 1473 395 1534 τούς
429 1471 624 1538 νόμους
663 1467 770 1521 τῶν
803 1467 958 1521 θείων
987 1467 1235 1538 Γραφῶν.
1270 1465 1495 1535 Περίθες
1518 1466 1694 1517 τοίνυν

167 1560 289 1629 αὐτῷ
315 1559 515 1628 τειχίον
545 1557 821 1622 πάντοθεν,
852 1557 948 1620 τάς
976 1558 1081 1612 ἀπὸ
1109 1557 1215 1611 τῶν
1238 1556 1466 1628 Γραφῶν
1496 1572 1696 1626 μαρτυ-

169 1652 287 1718 ρίας,
312 1651 406 1704 καὶ
449 1649 567 1703 οὐδέ
618 1653 775 1719 χᾶναι
807 1649 1109 1719 δυνήσεται.
1153 1649 1286 1701 Εἰπὲ
1329 1648 1464 1719 πρὸς
1511 1647 1690 1710 αὐτὸν,

163 1735 266 1799 Πῶς
291 1737 547 1806 ἐγεννήθη
574 1738 638 1789 ἐκ
664 1738 763 1808 τῆς
785 1736 1082 1807 παρθένου;
1121 1735 1220 1788 οὐκ
1246 1735 1548 1803 ἀφίσταμαι
1574 1734 1693 1787 οὐδέ

166 1825 424 1895 ἀναχωρῶ.
469 1823 606 1876 Ἀλλ’
637 1825 734 1876 οὐκ
771 1823 836 1876 ἂν
873 1822 983 1892 έχοι
1013 1820 1104 1873 τὸν
1127 1819 1326 1891 τρόπον
1362 1821 1550 1885 είπεῖν,
1590 1820 1693 1873 κᾶν

169 1916 315 1983 μυρία
356 1915 650 1984 φιλονεικῇ.
678 1915 845 1967 Ὅταν
871 1913 977 1983 γάρ
1022 1913 1050 1965 6
1089 1911 1217 1975 Θεὸς
1245 1911 1536 1982 ἀποκλείσῃ
1559 1950 1573 1974 ,
1609 1911 1694 1975 τίς

166 2003 340 2068 ἀνοίξει
366 2003 584 2067 λοιπόν;
615 2001 798 2054 Πίστει
842 2000 1153 2071 παραδεκτά
1187 2001 1256 2054 τά
1282 2000 1501 2055 τοιαῦτα
1535 2001 1690 2073 μόνῃ.

167 2092 218 2143 El
239 2093 289 2145 δέ
314 2094 412 2146 οὐκ
440 2092 625 2164 ἀνέχῃ.
649 2092 781 2146 άλλά
801 2092 1087 2163 λογισμοὺς
1109 2091 1400 2162 ἐπιζητεῖς,
1425 2091 1534 2159 ἐρῶ
1556 2091 1693 2161 πρὸς

168 2177 233 2240 at,
263 2179 289 2230 6
310 2178 443 2249 πρὸς
469 2178 560 2230 τὸν
592 2177 892 2248 Νικόδημον
924 2179 952 2231 6
979 2178 1227 2247 Χριστόςο
1263 2179 1332 2230 El
1370 2177 1442 2229 τὰ
1465 2176 1695 2244 ἐπίγεια

166 2264 315 2321 εἶπον
333 2268 494 2337 ὑμῖν,
524 2267 620 2322 καί
645 2271 717 2322 οὐ
751 2269 1076 2333 πιστεύετε,
1117 2266 1263 2333 πῶς,
1293 2268 1400 2321 ἐὰν
1431 2267 1500 2320 τὰ
1519 2267 1694 2321 ἐπου-

165 2355 317 2420 ράνια
359 2358 528 2420 ετπω,
572 2357 954 2422 πιστεύσετε;
992 2358 1124 2428 Περὶ
1170 2357 1270 2425 τῆς
1318 2359 1381 2408 ἐκ
1426 2357 1692 2425 παρθένου

165 2448 442 2516 γεννήσεως
473 2443 622 2500 εἵπον
640 2484 656 2510 ,
706 2448 799 2500 καὶ
830 2447 926 2499 οὐκ
946 2447 1110 2510 οῖδας,
1146 2447 1264 2500 οὐδέ
1285 2447 1443 2515 χᾶναι
1471 2446 1689 2520 τολμᾷς,

165 2537 242 2588 καὶ
267 2536 353 2589 τὸν
373 2537 598 2605 οὐρανὸν
617 2536 979 2607 περιεργάζῃς
1010 2535 1134 2589 Εῐθε
1168 2536 1264 2607 μὲν
1301 2531 1392 2589 οῦν
1417 2535 1505 2588 τὸν
1534 2536 1694 2604 οὐρα-

164 2625 258 2687 νὸν,
281 2627 371 2678 καὶ
402 2627 475 2695 μὴ
501 2626 592 2678 τὸν
611 2627 881 2695 Δεσπότην
895 2626 998 2679 τῶν
1019 2625 1258 2696 οὐρανῶν
1279 2625 1692 2696 ἐπολυπραγμό-

164 2733 276 2779 νεις.
307 2721 370 2770 El
409 2718 478 2771 τὰ
505 2718 732 2787 ἐπίγεια
751 2714 920 2771 εἶπον
942 2717 1101 2787 ὑμῖν,
1139 2718 1235 2771 καί
1264 2719 1334 2772 οὐ
1362 2718 1689 2772 πιστεύετε.

163 2805 261 2857 Οὐκ
287 2804 454 2870 εἶπεν,
491 2808 553 2858 οὐ
586 2808 851 2872 πείθεσθε,
882 2808 1015 2872 ἀλλ’,
1038 2809 1118 2861 οὐ
1140 2808 1467 2869 πιστεύετε,
1484 2807 1694 2868 δεικνὺς

163 2895 296 2962 ήμίν,
340 2897 418 2948 ὅτι
459 2897 554 2949 καὶ
581 2896 650 2948 τά
679 2897 892 2964 ἐπίγεια
933 2899 1165 2958 πίστεως
1211 2897 1397 2949 δεῖται.
1441 2882 1593 2948 ΕΓδέ
1626 2895 1694 2949 τὰ

162 2983 357 3051 ἐπίγεια
390 2984 622 3044 πίστεως
660 2983 849 3045 δεῖται,
881 2984 1056 3054 πολλῷ
1103 2983 1298 3054 μᾶλλον
1345 2985 1410 3037 τά
1447 2981 1690 3053 οὐράνια.

163 3073 334 3127 Καίτοι
359 3075 478 3128 τότε
502 3074 580 3144 τῷ
614 3074 902 3145 Νικοδήμῳ
927 3075 1055 3146 περὶ
1077 3074 1234 3127 τόκου
1261 3073 1524 3141 διελέγετο
1559 3072 1692 3125 πολύ

160 3163 439 3226 ἐλάττονος*
482 3164 612 3235 περὶ
654 3163 746 3217 τοῦ
781 3162 1148 3236 βαπτίσματος
1191 3163 1298 3236 γάρ
1340 3166 1369 3218 6
1414 3163 1568 3231 λόγος
1602 3159 1691 3234 ἦν,

161 3254 244 3304 καὶ
267 3253 362 3323 τῆς
391 3255 798 3324 ἀναγεννήσεως
820 3254 918 3323 τῆς
947 3255 1335 3325 πνευματικῆς·
1353 3255 1467 3308 ἀλλ’
1487 3255 1694 3322 ἔλεγεν,

159 3342 230 3395 ὅτι
261 3344 351 3396 καὶ
390 3344 562 3397 ταῦτα
602 3343 778 3397 πίστει
820 3345 934 3398 ἐστὶ
974 3345 1312 3416 καταληπτά.
1356 3346 1601 3415 Ἐπίγεια
1635 3346 1694 3400 δέ

159 3431 283 3484 αὐτὰ
307 3433 584 3494 ἐκάλεσεν,
605 3432 702 3485 οὐκ
729 3433 912 3502 ἐπειδὴ
933 3433 1146 3501 ἐπίγειά
1174 3434 1339 3497 ἐστιν,
1373 3433 1485 3487 ἀλλ’
1508 3434 1693 3506 ἐπειδὴ

158 3521 207 3573 ἐν
239 3524 302 3593 τῇ
339 3525 408 3593 γῇ
456 3524 707 3586 τελεῖται,
749 3523 843 3576 καὶ
884 3527 950 3595 τῇ
988 3524 1267 3594 συγκρίσει
1289 3524 1388 3594 τῆς
1419 3524 1529 3578 ἀνω
1570 3541 1693 3592 γεν-

157 3613 347 3681 νήσεως
393 3615 489 3684 τῆς
536 3615 845 3686 ἀπορρήτου
898 3614 991 3667 καὶ
1043 3615 1217 3668 πάντα
1263 3614 1691 3686 ὐπερϐαινούσης

157 3703 284 3767 νοῦν,
315 3706 524 3773 ἐπίγεια
553 3705 720 3758 ταῦτά
750 3707 912 3758 ἐστιν.
959 3705 1022 3758 Εί
1067 3705 1276 3767 τοίνυν,
1324 3705 1440 3768 πῶς
1468 3707 1692 3772 ἀναγεν-

153 3794 315 3863 νῶμαι
347 3798 408 3848 ἐκ
431 3796 540 3848 τῶν
568 3795 790 3856 ὑδάτων,
817 3796 878 3848 οὐ
914 3795 1131 3848 δυνατὸν
1160 3795 1388 3859 είδέναι,
1430 3795 1566 3848 ἀλλά
1602 3796 1690 3848 πί-

157 3900 256 3936 στει
291 3886 423 3958 μόνῃ
450 3887 844 3957 παραδέχεσθαι
895 3887 977 3938 δεῖ
1021 3886 1082 3938 τὸ
1119 3886 1415 3955 γινόμενον,
1463 3885 1554 3937 καὶ⁹
1601 3885 1692 3938 τὸν

153 3974 336 4041 τρόπον
364 3975 436 4043 μὴ
469 3974 940 4044 περιεργάζεσθαιο
969 3974 1139 4044 πόσης
1161 3974 1226 4027 ἂν
1250 3976 1332 4042 εῐη
1361 3975 1574 4043 μανίας,
1597 3976 1690 4028 ἐπὶ

152 4063 238 4130 τῆς
270 4066 379 4117 ἀνω
417 4067 718 4134 γεννήσεως
756 4063 846 4118 τοῦ
902 4065 1217 4136 μονογενοῦς
1245 4065 1375 4118 Υίοῦ
1400 4064 1689 4134 λογισμοὺς

150 4152 504 4222 ἀνθρωπίνους
536 4158 722 4220 κινεῖν,
773 4154 866 4210 καὶ
895 4157 1092 4228 τρόπου
1124 4157 1424 4227 γεννήσεως
1461 4156 1687 4218 εὐθύνας

151 4243 388 4297 ἀπαιτεῖν
407 4262 422 4310 ;

206 4341 270 4400 γ.
305 4335 428 4399 Πῶς
453 4335 550 4404 μὲν
581 4331 672 4388 οῦν
693 4336 918 4407 ἀπάτωρ
942 4337 1036 4390 καὶ
1062 4337 1292 4405 ἀμήτωρ
1320 4337 1349 4387 6
1381 4336 1684 4406 Μονογενὴς

148 4423 258 4486 1%;
287 4426 381 4478 τοῦ
413 4426 568 4490 Θεοῦ,
601 4427 799 4490 ἱκανῶς
842 4425 1228 4487 ἀποδέδεικται,
1271 4428 1365 4478 καὶ
1399 4425 1513 4485 πῶς
1560 4427 1688 4492 ἀγε-

145 4513 448 4584 νεαλόγητος
486 4517 749 4587 ἑκατέραν
789 4517 886 4586 τήν
917 4517 1166 4586 γέννησιν
1187 4532 1200 4545 ·
1233 4515 1414 4568 λοιπὸν
1449 4515 1507 4568 δὲ
1552 4514 1686 4586 πρὸς

144 4602 196 4655 τὸ
226 4603 372 4676 [172]
400 4608 614 4675 ἐπεῖγον
647 4607 1014 4677 ἀπαγάγωμεν
1034 4619 1084 4672 α,
1116 4608 1208 4661 τὸν
1243 4606 1397 4675 λόγον
1428 4607 1517 4659 τὸν
1561 4607 1686 4676 περὶ

142 4691 223 4746 τοῦ
251 4695 574 4766 Μελχισεδὲκ
606 4698 686 4759 είς
734 4697 922 4766 ἑτέραν
966 4697 1177 4767 ἡμέραν
1229 4695 1682 4764 ἀναϐαλλόμενοι,

141 4784 225 4836 καὶ
277 4785 716 4856 διαναστήσωμεν
763 4788 862 4856 τήν
909 4787 1097 4857 ἀκοὴν,
1154 4786 1503 4857 προφητικῶν
1555 4787 1681 4856 μέλ-

141 4873 308 4940 λοντες
350 4879 564 4931 ἀκούειν
589 4878 939 4946 αἰνιγμάτων.
979 4879 1268 4947 Αίνίγμασι
1300 4878 1405 4947 γάρ
1431 4879 1570 4930 ἔοικε
1616 4877 1680 4930 τά

141 4967 455 5036 πρῳητικά,
485 4968 577 5020 καὶ
623 4966 787 5036 πολλὴ
838 4967 1087 5019 δυσκολία
1127 4969 1184 5018 ἐν
1221 4971 1285 5036 τῇ
1319 4967 1519 5037 παλαιᾷ
1555 4971 1681 5020 Δια-

141 5050 286 5126 θήκη,
329 5056 424 5107 καὶ
462 5056 829 5125 δυσεπίληπτα
869 5056 934 5108 τὰ
970 5056 1171 5124 βιϐλία’
1216 5059 1247 5125 ή
1290 5057 1344 5108 δὲ
1382 5057 1554 5127 Καινή
1589 5073 1682 5109 σα-

139 5147 361 5213 φεστέρα
411 5146 503 5196 καὶ
554 5145 908 5214 εὐκολωτέρα.
956 5146 1062 5198 Καὶ
1095 5146 1237 5207 τίνος
1282 5145 1482 5204 ἕνεκεν,
1525 5147 1678 5213 φησὶ,

135 5233 293 5287 ταῦτα
319 5235 462 5287 οὕτω
487 5235 897 5299 διατετύπωται,
939 5236 1111 5288 καίτοι
1140 5237 1171 5305 ή
1207 5237 1380 5304 Καινή
1411 5234 1535 5305 περὶ
1567 5251 1680 5304 μει-

135 5322 288 5384 ζόνων
331 5324 634 5392 διαλέγεται
665 5327 1017 5396 πραγμάτων,
1048 5326 1174 5394 περὶ
1205 5325 1475 5394 βασιλείας
1517 5326 1678 5394 οὐρα-

133 5411 247 5477 νῶν,
280 5415 374 5466 καὶ
411 5414 675 5482 σωμάτων
703 5415 1063 5478 ἀναστάσεως,
1092 5414 1184 5467 καὶ
1217 5414 1324 5467 τῶν
1357 5415 1678 5485 ἀπορρήτων

131 5503 397 5570 ἀγαθῶννά.
425 5508 517 5559 καὶ
559 5504 889 5577 ἀνθρώπινον
923 5507 1234 5576 ὑπερϐαίνει
1277 5507 1427 5572 νοῦν;
1460 5508 1554 5569 Τίς
1586 5503 1678 5559 οὖν

132 5593 160 5658 ἡ
195 5597 337 5649 αίτία
377 5594 469 5647 τοῦ
506 5596 604 5658 τάς
651 5596 978 5666 προφητείας
1023 5599 1250 5664 ἀσαφεῖς
1288 5593 1463 5660 εἷναις
1503 5597 1677 5650 Πολλὰ

131 5685 470 5753 προλέγουσιν
505 5684 773 5747 Ἰουδαίοις
792 5681 946 5738 αὗται
985 5688 1151 5740 κακά·
1175 5689 1266 5740 καὶ
1295 5689 1374 5739 ὅτι
1410 5686 1672 5756 ἐκϐληθή-

133 5845 142 5856 .
183 5789 203 5815 '
229 5790 720 5856 Savilinsjegeqdqm
760 5792 985 5850 opinatur
1025 5792 1403 5854 ἐπαναγάγωμεν,
1432 5795 1516 5842 sed
1559 5800 1674 5853 pulo

125 5849 294 5911 ἐπι-πέει
303 5867 428 5911 υνμεπι
450 5849 577 5897 bene
598 5849 775 5898 habere
784 5884 794 5893 ι

421 5934 692 5993 ΡΑτιιοι..
732 5935 846 5995 Gn.
894 5938 1044 5998 LVI.

1118 447 1202 502 DE
1238 437 1780 504 PROPHETIABUH
1818 437 2316 498 OBSCURITATE.
2359 444 2375 496 Ι

3248 455 3356 510 168

1799 568 1978 607 σονται
2016 554 2114 625 μὲν
2161 556 2375 622 ἐκεῖνοι,
2423 557 2583 627 ήμεῖς
2625 557 2682 611 δέ
2729 557 3218 628 εἰσδεχθησόμεθα·
3258 559 3352 614 καὶ

1793 641 1874 695 ὅτι
1919 644 2347 715 καταλυθήσεται
2397 645 2496 716 μὲν
2543 645 2572 698 6
2607 646 2762 710 ναὸς,
2811 650 2904 701 καὶ
2947 649 3126 701 οὐκέτι
3169 648 3352 701 λοιπὸν

1792 734 2171 805 ἀναστήσεται,
2203 737 2447 789 πεσεῖται
2473 737 2529 790 δὲ
2557 737 2628 790 τά
2663 738 3027 808 Ἱεροσόλυμα,
3061 741 3154 792 καὶ
3185 741 3350 794 πᾶσιν

1793 821 1943 877 ἕσται
1983 824 2149 894 βατά·
2191 824 2430 879 Ἰουδαῖοί
2477 843 2536 879 τε
2568 827 2831 898 πλανῆται
2878 830 3178 898 γενόμενοι,
3214 846 3351 882 παν-

1792 914 1956 983 ταχοῦ
1988 915 2088 985 τῆς
2119 917 2440 987 οἰκουμένης
2485 919 2962 989 διασπαρήσονται,
3001 923 3092 974 καὶ.
3122 921 3219 990 τῆς
3253 922 3346 972 πό-

1792 1001 1924 1066 λεως
1953 1005 2303 1070 ἐκπεσόντες,
2349 1008 2469 1060 οὐδὲ
2517 1007 2614 1079 τὴν
2652 1009 2921 1062 πολιτείαν
2957 1010 3135 1075 ἕξουσι
3172 1009 3350 1063 λοιπὸν

1792 1091 1889 1161 τὴν
1927 1094 2179 1163 ἀρχαίαν,
2222 1094 2356 1148 ἀλλά
2387 1098 2560 1150 πάντα
2608 1097 2786 1151 αὐτῶν
2833 1099 3252 1170 ἀφαιρεθήσεται
3284 1099 3352 1151 τά

1794 1184 2054 1254 πρότερα,
2095 1186 2189 1239 καὶ
2220 1191 2562 1257 προφητεῖαι,
2589 1190 2681 1243 καὶ
2713 1189 2909 1254 θυσίαι,
2940 1191 3034 1243 καὶ
3064 1191 3347 1262 ἱερωσύνη.

1794 1273 1888 1326 καὶ
1927 1273 2186 1342 βασιλεία.
2230 1278 2304 1331 Οὐ
2340 1278 2497 1348 μόνον
2541 1280 2596 1332 δέ
2643 1281 2843 1345 ταῦτα,
2895 1281 3030 1335 ἀλλά
3078 1285 3170 1335 καὶ
3218 1282 3347 1338 ἄλλα

1795 1363 1964 1417 πολλά
2003 1366 2227 1422 τοιαῦτα
2271 1369 2560 1440 προέλεγον
2588 1373 2637 1423 οῖ
2672 1373 2965 1442 προφῆται,
2999 1375 3194 1445 μυρίας
3225 1393 3347 1445 τρα·

1795 1455 1993 1524 γῳδίας
2030 1460 2139 1521 τοῖς
2189 1460 2406 1524 οίκείοις
2447 1463 2944 1532 ἐγκαταμιγνύντες
2976 1465 3214 1534 βιϐλίοις.
3256 1467 3347 1520 Ἷν“

1795 1541 1888 1598 οῦν
1913 1547 1962 1598 οί
1995 1547 2231 1602 Ἰουδαῖοι
2268 1551 2341 1621 μή
2373 1553 2556 1619 σαφῶς
2596 1553 2924 1619 ἀκούσαντες
2951 1555 3096 1625 παρὰ
3127 1556 3224 1626 τὴν
3255 1559 3349 1628 ἀρ-

1795 1637 1918 1706 χὴν,
1946 1637 2376 1708 διαχειρίσωνται
2403 1643 2527 1705 τούς
2553 1643 2811 1711 λέγοντας
2839 1645 3031 1709 ταῦτα,
3061 1650 3126 1718 τῇ
3160 1649 3351 1702 δυσκο-

1793 1726 1884 1798 λίᾳ
1909 1729 2007 1797 τῆς
2046 1729 2340 1798 ἑρμηνείας
2383 1732 2702 1802 ἀπέκρυψαν
2741 1736 2840 1795 τάς
2867 1739 3221 1808 προρρήσεις,
3259 1744 3352 1795 καὶ

1795 1818 1992 1888 πολλὴν
2040 1818 2306 1888 ἀσάφειαν
2357 1822 2619 1891 κατέχεαν
2659 1825 2686 1864 δ
2728 1825 2834 1879 τῶν
2885 1829 3237 1898 πραγμάτων,
3285 1835 3350 1902 τῇ

1795 1907 2027 1978 ἀσαφείᾳ
2050 1908 2158 1963 τῶν
2190 1909 2493 1978 λεγομένων
2525 1915 2635 1974 τοῖς
2665 1912 2876 1981 λέγουσι
2914 1919 3353 1986 παρασκευάζον⁴

1794 2012 1883 2058 τες
1915 1997 2230 2065 ἀσφάλειαν.
2273 1999 2382 2050 Καὶ
2413 1999 2573 2052 πόθεν
2600 2001 2757 2068 δῆλον
2788 2003 2974 2064 τοῦτο;
3003 2007 3092 2057 Δεῖ
3119 2007 3224 2076 γάρ
3259 2008 3351 2060 καὶ

1794 2083 2017 2147 εὐθύνας
2041 2087 2185 2154 ήμᾶς
2212 2086 2574 2150 ἀπαιτεῖσθαι,
2603 2089 2652 2140 εί
2685 2090 2776 2142 καὶ¹
2805 2093 2862 2142 ἐν
2896 2092 3066 2159 φίλοις
3093 2094 3349 2167 λέγομεν⁸

1795 2175 1888 2227 καὶ
1933 2174 2039 2245 γὰρ
2083 2175 2265 2228 πολλοὶ
2317 2176 2445 2240 ίσως
2503 2180 2595 2231 καὶ
2640 2180 2748 2233 τῶν
2787 2181 2847 2235 οὐ
2899 2183 3065 2251 φίλων
3112 2187 3350 2259 πάρεισι.

1795 2263 2224 2317 Μανθανέτωσαν
2247 2265 2426 2318 τοίνυν
2450 2265 2620 2319 ταῦτα
2664 2269 2920 2333 κάκεῖνοι,
2953 2271 3039 2324 ἵνα
3080 2273 3174 2326 καὶ
3202 2276 3352 2329 αὐτοὶ

1795 2354 1936 2423 φίλοι
1964 2356 2240 2423 γένωνται.
2266 2353 2448 2422 Εἶπον,
2475 2358 2556 2410 ὅτι
2593 2359 2640 2410 εί
2670 2359 2903 2429 ἤκουσαν
2927 2363 2972 2414 οί
3016 2364 3255 2419 Ἰουδαῖοι
3284 2368 3353 2421 τά

1798 2444 2056 2512 μέλλοντα
2105 2445 2299 2508 αὐτοὺς
2346 2447 2749 2517 καταλήψεσθαι
2798 2453 2972 2516 κακὰ,
3023 2455 3117 2506 καὶ
3161 2456 3242 2508 ὅτι
3283 2458 3352 2510 τά

1805 2533 2146 2604 Ἰεροσόλυμα
2191 2534 2452 2588 ἁλώσεται
2499 2537 2584 2590 διά
2614 2538 2704 2590 τὸν
2750 2539 2981 2609 Χριστὸν
3021 2544 3118 2612 τὴν
3155 2544 3350 2598 ἅλωσιν

1793 2622 1992 2693 ταύτην
2017 2621 2115 2690 τήν
2145 2622 2426 2687 ἀθάνατον,
2441 2626 2546 2700 ’καὶ
2577 2625 2674 2678 οὐκ
2707 2625 2932 2694 ἔχουσαν
2963 2630 3278 2700 μεταϐολήν,
3305 2636 3352 2685 εί

1794 2711 2030 2779 ἥκουσαν
2074 2711 2321 2780 φανερῶς
2362 2705 2512 2780 παρὰ
2548 2713 2656 2764 τῶν
2693 2715 2980 2784 προφητῶν
3020 2716 3225 2782 ταῦτα,
3263 2722 3353 2773 εὐυο

1797 2798 1930 2860 θέως
1954 2799 2019 2851 ἂν
2049 2798 2176 2861 τούς
2215 2801 2386 2854 ταῦτα
2410 2793 2666 2869 λέγοντας
2691 2803 3032 2859 ἀπέκτειναν.
3066 2808 3232 2862 Πόθεν
3261 2806 3350 2863 οὖν

1794 2889 1950 2941 τοῦτο
1975 2888 2160 2959 δῆλον;
2194 2891 2412 2960 Πρῶτον
2461 2893 2559 2961 μέν
2595 2893 2705 2946 ἀπὸ
2741 2893 2849 2947 τῶν
2892 2896 3108 2965 τρόπων
3138 2900 3349 2952 αὐτῶνθ

1798 2980 2010 3049 μανικοὶ
2033 2980 2141 3050 γὰρ
2169 2981 2263 3034 καὶ
2302 2980 2582 3053 θηριώδεις
2621 2978 2779 3053 ἦσαν.
2805 2984 2984 3055 Δῆμός
3013 2988 3156 3040 ἐστιν
3187 2989 3354 3058 αίμάο

1795 3084 1901 3120 των
1929 3068 2015 3120 ἀεὶ
2053 3068 2223 3138 διψῶν
2251 3070 2622 3141 προφητικῶν,
2655 3073 2710 3123 αί
2751 3075 2925 3141 χεῖρες
2953 3074 3129 3127 αὐτῶν
3160 3077 3353 3146 ἐμελέ-

1793 3175 1964 3228 τησαν
2002 3161 2060 3212 ἐν
2094 3163 2213 3224 ταῖς
2251 3165 2484 3231 σφαγαῖς
2519 3162 2625 3216 τῶν
2669 3163 2852 3231 ἀγίων.
2893 3164 3074 3218 Ταῦτα
3108 3168 3136 3219 6
3180 3171 3351 3238 μέγας

1807 3249 1991 3314 Ἦλίας
2021 3252 2198 3305 αὐτῶν
2243 3253 2483 3324 καταϐοᾷ
2513 3254 2714 3322 λέγων’
2738 3258 2930 3323 Κύριε,
2958 3258 3098 3323 τοὺς
3125 3262 3350 3329 προφή·

1795 3355 1900 3406 τας
1938 3355 2054 3395 σου
2100 3341 2476 3406 ἀπέκτειναν,
2514 3342 2588 3396 τὰ
2629 3345 3017 3414 θυσιαστήριά
3064 3363 3181 3404 σου
3215 3366 3351 3403 κατ’·

1793 3429 2090 3500 έσκαψαν,
2132 3431 2187 3485 Ὀ
2230 3433 2459 3505 Χριστὸς
2491 3435 2672 3500 πάλιν,
2705 3437 3106 3507 Ἰερουσαλὴμ,
3144 3439 3350 3507 Ἰερου⁴

1795 3521 2019 3590 σαλὴμ,
2049 3523 2087 3590 ἠ
2118 3523 2523 3579 ἀποκτείνασα
2547 3527 2684 3593 τοὺς
2713 3529 3036 3598 προφήτας,
3070 3530 3165 3583 καί
3192 3536 3349 3586 λιθο-

1795 3610 2058 3664 σολοῦσα
2082 3611 2221 3676 τοὺς
2255 3613 2744 3682 ἀπεσταλμένους
2769 3617 2916 3684 πρὸς
2946 3618 3153 3683 αὐτήν.
3186 3621 3293 3672 Καὶ
3324 3621 3349 3670 6

1803 3700 2029 3764 Ἡσαΐας
2063 3702 2269 3771 συνῳδά
2297 3703 2503 3767 τούτοις
2533 3704 2710 3757 αὐτῶν
2739 3708 3074 3777 κατηγορῶν,
3103 3709 3258 3762 ἐϐόα*
3281 3714 3349 3764 Al

1794 3791 1986 3860 χεῖρες
2020 3791 2188 3859 ὑμῶν
2222 3793 2467 3860 αἵματος
2499 3793 2763 3860 πλήρεις.
2807 3798 2915 3849 Καὶ
2947 3798 3106 3851 πάλιν
3135 3800 3167 3852 6
3214 3801 3255 3852 Χ
3267 3818 3348 3870 ρι-

1795 3883 1916 3944 στός
1937 3895 1952 3914 ⁸
1991 3885 2052 3935 Ol
2091 3883 2338 3949 πατέρες
2374 3884 2539 3954 ὑμῶν
2571 3887 2922 3940 ἀπέκτειναν
2956 3889 3092 3954 τοὺς
3123 3891 3346 3958 apag-“3‘

1792 3986 1920 4036 τας,
1958 3970 2124 4039 ὑμεῖς
2169 3970 2237 4023 δὲ
2281 3973 2638 4042 οἰκοδομεῖτε
2679 3977 2750 4029 τὰ
2793 3977 3070 4046 μνήματα
3115 3979 3312 4032 αὐτῶν
3335 3996 3346 4010 ⁸

1793 4061 2144 4128 πληρώσατε
2167 4062 2234 4116 τὸ
2262 4063 2480 4132 μέτρον
2517 4065 2632 4119 τῶν
2667 4069 2932 4134 πατέρων
2961 4067 3144 4136 ὑμῶν.
3187 4069 3345 4138 Ὁρᾷς

1793 4151 1906 4215 πῶς
1943 4153 2033 4204 καὶ
2059 4155 2087 4205 6
2113 4153 2384 4221 Δεσπότης
2415 4155 2506 4206 καὶ
2535 4157 2584 4206 οἱ
2613 4155 2784 4208 δοῦλοι
2827 4157 3129 4225 μιαιφονίαν
3169 4160 3346 4211 αὐτῶν

1795 4241 2155 4310 μαρτυροῦσι;
2203 4243 2268 4294 Τί
2320 4242 2376 4294 δέ
2417 4245 2565 4296 ἐστι·
2612 4244 2969 4310 Πληρώσατε
3017 4248 3084 4300 τὸ
3128 4247 3346 4316 μέτρον

1791 4327 1909 4380 τῶν
1958 4329 2225 4397 πατέρων
2277 4332 2468 4400 ὺμῶν;
2525 4331 2671 4404 [I73]
2717 4336 3118 4401 Ἀποκτείνατε,
3177 4341 3342 4408 φησὶ,

1791 4421 1961 4490 κάμέ·
2005 4422 2261 4491 πρόσθετε
2303 4427 2414 4488 τοῖς
2441 4426 2701 4489 δουλικοῖς
2730 4427 2918 4496 αἵμασι
2959 4429 3057 4499 τήν
3097 4431 3342 4483 δεσποτι-

1791 4512 1890 4581 κὴν
1935 4516 2166 4582 σφαγήν.
2204 4516 2264 4566 El
2307 4515 2411 4585 γὰρ
2444 4517 2668 4586 μυρίους
2715 4517 2951 4584 ἔσφαξαν
2991 4519 3334 4589 ἀνθρώπους,

1789 4601 1921 4653 ἀλλὰ
1951 4604 2257 4667 συνδούλους
2293 4606 2531 4670 πάνταςο
2560 4608 2646 4660 ὅτε
2678 4607 2734 4658 δὲ
2773 4607 2910 4660 κατὰ
2945 4607 3039 4659 τοῦ
3078 4611 3344 4662 Δεσπότου

1787 4694 1884 4752 τὰς
1914 4695 2096 4762 χεῖρας
2122 4695 2407 4759 ἐξέτειναν,
2435 4698 2554 4750 τότε
2590 4697 2877 4767 ἐπληρώθη
2911 4698 2967 4750 τὸ
2995 4700 3188 4770 μέτρον
3208 4717 3221 4730 ·
3250 4703 3341 4754 καὶ

1788 4784 2026 4846 εἰκότως.
2054 4786 2194 4847 Ἕως
2239 4786 2335 4854 μέν
2373 4787 2478 4856 γάρ
2519 4788 2617 4838 οὐκ
2650 4786 2972 4840 ἀπέκτειναν
3019 4789 3107 4841 τὸν
3142 4793 3342 4844 Δεσπόο

1786 4891 1903 4942 την,
1953 4871 2095 4944 εἶχον
2126 4877 2314 4930 ἐλπίδα
2359 4878 2662 4947 σωτηρίας,
2712 4881 2803 4931 καὶ
2837 4880 3172 4949 προσεδόκων
3203 4883 3280 4934 ὅτι
3311 4885 3339 4934 6

1787 4965 1951 5032 ἀμνὸς
1989 4964 2083 5017 τοῦ
2131 4965 2261 5017 Θεοῦ
2297 4966 2464 5017 ἐλθὼν
2505 4969 2623 5036 ἀρεῖ
2669 4968 2766 5037 τὴν
2813 4969 3081 5038 ἁμαρτίαν
3124 4969 3216 5021 τοῦ
3248 4971 3337 5022 κό-

1788 5071 1956 5120 σμου·
2010 5056 2195 5125 ἐπειδὴ
2233 5056 2289 5107 δὲ
2325 5057 2414 5107 τὸν
2466 5058 2647 5128 ἰατρὸν
2693 5057 3093 5128 διεχειρίσαντο,
3130 5061 3222 5113 καὶ
3259 5062 3338 5121 εἰς

1786 5145 1913 5197 αὐτὸ
1940 5146 1998 5197 τὸ
2027 5147 2332 5216 ἱλαστήριον
2363 5145 2610 5217 ὕϐρισαν,
2642 5149 2734 5200 καὶ
2760 5149 2848 5201 τὸν
2877 5149 3093 5202 ἐλθόντα
3123 5149 3336 5218 ἀφεῖναι

1783 5237 1850 5288 τά
1881 5237 2243 5305 ἁμαρτήματα
2276 5239 2718 5309 ἀπεστράφησαν,
2752 5240 2928 5309 πάσης
2966 5241 3146 5291 λοιπὸν
3189 5239 3338 5293 ἐλπί-

1781 5327 1868 5388 δος
1901 5326 2172 5389 ἐξέπεσον.
2200 5326 2297 5379 Διά
2339 5328 2494 5379 τοῦτο
2527 5328 2707 5396 λέγει’
2737 5329 3093 5397 Πληρώσατε
3125 5329 3190 5382 τὸ
3229 5335 3337 5398 μέ-

1783 5432 1922 5481 τρον
1966 5414 2082 5466 τῶν
2126 5416 2393 5482 πατέρων
2441 5415 2625 5484 ὑμῶν.
2669 5415 2809 5477 Ναὶ,
2873 5416 3066 5485 φησίν·
3101 5415 3212 5468 ἀλλ’
3251 5416 3332 5467 ὃτι

1785 5507 1880 5574 μὲν
1915 5507 2182 5575 μιαιφόνοι
2225 5508 2318 5558 καὶ
2359 5508 2598 5572 ἐναγεῖς,
2634 5507 2998 5560 ἀποδέδεικται
3033 5508 3096 5560 ἐκ
3126 5505 3335 5557 πολλῶν

1785 5596 2124 5665 μαρτυριῶν·
2158 5595 2316 5648 πόθεν
2357 5596 2412 5648 δέ
2449 5597 2622 5664 δῆλον,
2661 5598 2738 5649 ὄτι
2771 5597 2875 5648 τῶν
2909 5596 3194 5666 προπτῶν
3233 5596 3334 5648 οὐκ

1782 5689 1844 5738 ἂν
1881 5688 2182 5753 ἐφείσαντο,
2214 5689 2260 5739 εί
2295 5689 2532 5757 ἥκουσαν
2577 5689 2655 5739 ὅτι
2693 5686 2761 5739 τὰ
2793 5688 3130 5757 Ἰεροσόλυμα
3165 5703 3334 5740 κατα-

1839 5849 1867 5888 ὶ)
1894 5850 2002 5898 Mss.
2037 5852 2271 5913 κατέχεον.

2936 5939 3000 5994 11
