4056 6492
673 426 786 482 169

673 528 1065 602 στραφήσεται,
1089 529 1170 584 ὅτι
1194 531 1225 582 6
1255 531 1416 601 νόμος
1441 533 1800 602 παυθήσεται,
1840 533 1923 586 ὅτι
1958 534 1991 604 ή
2025 531 2236 586 Παλαιά

669 620 1065 690 ἀλλαγήσετσι;
1113 619 1361 674 Μάλιστα
1396 619 1496 690 μὲν
1537 620 1633 673 καὶ
1676 621 1740 673 έκ
1789 621 1900 674 τῶν
1933 622 2236 692 εἰρημένων

670 709 824 780 δῆλον
842 726 855 740 ο
882 709 1021 779 πλὴν
1047 707 1164 760 ἀλλ’
1191 708 1251 773 ἐξ
1283 708 1461 764 αὐτῶν
1488 709 1597 762 τῶν
1629 709 1858 781 Γραφῶν
1897 709 2057 763 πάλιν
2081 711 2239 781 ποιή-

671 821 834 872 σομαι
862 802 957 872 τὴν
985 801 1254 865 ἀπόδειξιν
1280 801 1635 870 σαφεστέραν.
1667 803 1730 856 Εί
1753 804 1861 874 γάρ
1893 819 2023 856 ποτε
2067 803 2235 872 ήκουο

671 911 772 946 σαν
799 893 1080 963 προφήτου
1125 892 1405 960 λέγοντος,
1442 893 1524 946 δτι
1563 892 1636 947 τὰ
1678 892 2025 966 Ἱεροσόλυμα
2060 911 2234 948 κατα-

671 986 1038 1055 στραφήσεται
1067 985 1448 1056 καταστροφὴν
1482 985 1831 1058 πρόσκαιρον,
1880 985 1998 1038 δέον
2039 986 2236 1049 αὐτοὺς

671 1075 1098 1146 μεταϐάλλεσθαι
1129 1077 1222 1130 καὶ⁹
1267 1075 1666 1147 ἀποκρούεσθαι
1696 1076 1791 1130 τοῦ
1825 1076 1958 1130 Θεοῦ
2001 1077 2098 1149 τὴν
2142 1078 2233 1148 6p-

667 1168 792 1238 γὴν,
832 1169 910 1231 είς
951 1168 1041 1221 τὸν
1075 1169 1357 1238 προφήτην
1401 1169 1633 1236 ἠφίεσαν
1662 1169 1752 1222 τὸν
1794 1168 1980 1239 θυμόν.
2015 1170 2126 1224 Καὶ
2150 1170 2233 1223 δτι

665 1258 822 1311 τοῦτό
864 1260 1009 1311 ἐστιν
1047 1258 1263 1327 ἀληθὲς,
1297 1258 1475 1312 αὐτῶν
1505 1259 1772 1313 ἀκούσατε
1809 1258 1917 1312 τῶν
1964 1259 2231 1330 ἱστοριῶν.

679 1349 1055 1419 Ἐπολιόρκουν
1089 1347 1188 1418 τὴν
1229 1346 1379 1403 πόλιν
1426 1351 1605 1403 αὐτῶν
1630 1348 1680 1403 οι
1723 1349 1929 1420 Πέρσαι
1959 1351 2108 1416 ποτὲ,
2139 1351 2233 1404 καὶ

668 1439 996 1509 βαρϐαρικὸν
1040 1439 1392 1509 στρατόπεδον
1446 1440 1551 1505 ἔξω
1599 1440 1988 1511 περιεκάθητο·
2031 1442 2124 1496 καὶ
2164 1439 2233 1495 τὰ

664 1530 773 1582 τῶν
805 1530 1058 1584 κινδύνων
1090 1532 1189 1586 ούκ
1221 1525 1290 1601 ἦν
1329 1530 1516 1602 ἄδηλα,
1559 1531 1673 1584 ἀλλ’
1698 1533 1756 1586 ιν
1803 1533 1942 1604 μέση
1983 1533 2169 1603 παγίδι
2196 1534 2230 1604 ή

666 1621 816 1685 πόλις
843 1617 912 1692 ἦν
937 1622 1055 1675 τότε
1087 1621 1456 1692 Ἰερουσαλὴμ,
1477 1622 1830 1693 ὡπλισμένων
1858 1624 2110 1678 ἁπάντων
2137 1623 2233 1677 καὶ

664 1714 1041 1784 περιεστώτων
1069 1713 1292 1778 ἔξωθενο
1319 1715 1433 1768 ἀλλ’
1454 1717 1604 1786 ὅμως
1630 1715 1772 1770 οὕτω
1797 1716 2048 1787 φανερῶν
2064 1717 2231 1773 ϐντων

663 1803 773 1857 τῶν
813 1804 1020 1871 δεινῶν,
1060 1804 1245 1876 ἐπειδὴ
1281 1805 1547 1878 Ἱερεμίας
1579 1804 1748 1861 ιλθὼν
1781 1804 1900 1862 εἶπε
1948 1807 2087 1878 πρὸς
2129 1809 2230 1861 αύ-

663 1895 821 1958 τοὺς,
870 1895 949 1948 ὅτι
992 1895 1026 1965 ή
1059 1895 1212 1958 πόλις
1243 1894 1678 1966 παραδοθήσεται
1710 1897 1790 1960 είς
1843 1898 2030 1967 χεῖρας
2082 1897 2231 1950 Χαλ-

664 1985 828 2038 δαίων
845 2003 857 2015 ·
883 1985 1055 2039 καίτοι
1079 1981 1234 2040 τοῦτο
1255 1986 1375 2040 οὐδὲ
1398 1987 1701 2058 προφητεία
1723 1983 1791 2057 ἦν
1805 2003 1818 2017 ·
1841 1990 1890 2040 οι
1916 1987 2021 2057 γὰρ
2041 1985 2232 2055 ὀφθαλ-

665 2076 760 2146 μοὶ
783 2077 955 2130 αὐτῶν
984 2077 1167 2148 ἑώρων
1190 2077 1258 2131 τὰ
1282 2077 1668 2148 συμϐησόμενα
1683 2093 1698 2110 ο
1733 2077 1845 2132 ἀλλ’
1867 2080 2015 2150 ὅμως
2043 2078 2230 2148 ἐπειδὴ

662 2169 733 2221 τά
777 2172 982 2239 φανερὰ
1013 2171 1108 2224 καὶ
1139 2168 1245 2241 πρὸ
1283 2170 1392 2223 τῶν
1429 2170 1721 2241 ὀφθαλμῶν
1751 2167 1923 2236 εἶπεν,
1964 2172 2014 2223 οἱ
2046 2170 2231 2240 μιαροὶ

664 2260 761 2313 καὶ
785 2260 1094 2330 ἀναίσθητοι
1132 2263 1225 2314 καὶ
1258 2261 1384 2332 περὶ
1428 2262 1553 2324 τοὺς
1598 2262 1888 2333 εὐεργέτας
1919 2261 2231 2332 ἀγνώμονες

664 2349 836 2413 οῦτως
880 2351 1178 2421 ἐμάνησαν,
1220 2351 1296 2415 ὡς
1337 2353 1600 2422 προδότην
1647 2353 1808 2405 αὐτὸν
1858 2353 1948 2406 καὶ
1979 2353 2230 2422 λυμεῶνα

663 2440 765 2508 τῆς
813 2440 1020 2502 πόλεως
1065 2441 1310 2509 νομίσαι,
1356 2441 1450 2494 καὶ
1488 2442 1682 2504 εἰπεῖν,
1725 2442 1806 2495 ὅτι
1856 2442 2084 2496 Ἐκλύει
2126 2440 2231 2507 τὰς

664 2532 865 2600 χεῖρας
901 2532 1007 2585 τοῦ
1043 2532 1196 2585 λαοῦ
1237 2533 1474 2588 τούτου.
1524 2533 1633 2585 Καὶ
1677 2533 1781 2603 μὴν
1829 2530 2103 2604 ἑστερέου.
2139 2535 2231 2587 καὶ

669 2624 774 2694 μὴν
804 2625 1042 2694 διήγειρε
1082 2625 1182 2694 τὴν
1216 2624 1523 2695 προθυμίαν
1561 2623 1762 2688 αὐτῶν,
1809 2623 1901 2677 καὶ
1935 2625 2068 2695 πρὸς
2098 2623 2232 2677 Θεὸν

661 2708 786 2782 ἦγε,
825 2713 888 2765 τὸ
923 2713 1161 2782 ἀρραγές
1202 2713 1296 2766 καὶ
1331 2715 1752 2784 ἀκαταμάχητον
1794 2715 1973 2778 αὐτοῖς
2018 2732 2231 2786 περιτι-

665 2803 779 2865 θεὶς
814 2807 1016 2874 τεῖχος·
1047 2805 1159 2858 ἀλλ’
1202 2805 1354 2858 οὐδὲν
1389 2806 1592 2859 τούτων
1627 2808 1974 2878 έννοήσαντες
1999 2811 2227 2876 ἐκεῖνοι,

664 2895 910 2948 ἔκέλευον
936 2897 1095 2949 αὑτὸν
1122 2898 1476 2965 ἀναιρεῖσθαι.
1506 2900 1768 2964 Τοιαύτας
1800 2901 1906 2971 γὰρ
1934 2905 2045 2966 τοῖς
2072 2903 2230 2974 εὐτρα-

663 2987 848 3052 γέταις
886 2988 972 3039 ἀεὶ
1012 2988 1109 3050 τὰς
1148 2989 1379 3058 ἀμοιϐὰς
1433 2991 1773 3053 ἀπεδίδοσαν,
1815 2993 1908 3044 καὶ
1944 2992 2037 3046 τοῦ
2075 2993 2230 3062 βασι-

665 3072 801 3138 λέως
839 3076 1180 3144 συγγνόντος,
1216 3078 1335 3130 οὐδὲ
1365 3079 1536 3142 οὕτως
1577 3080 1863 3145 ἐνέδωκαν,
1901 3083 2014 3136 ἀλλ’
2049 3086 2230 3157 έπειδὴ

666 3166 871 3218 ἀνελεῖν
915 3166 1016 3219 ούκ
1064 3167 1309 3236 ἴσχυσαν.
1352 3170 1430 3233 είς
1477 3169 1568 3224 τὸν
1615 3169 1710 3222 τοῦ
1740 3170 2000 3242 βορϐόρου
2032 3173 2232 3227 λάκκον

666 3255 934 3310 ἐνέϐαλον.

734 3344 796 3400 δ’.
833 3346 895 3400 EE
919 3347 975 3400 δὲ
1009 3346 1342 3420 προσκαίρου
1367 3351 1739 3421 αἰχμαλωσίας
1763 3352 1932 3422 ἀκοὴν
1955 3354 2053 3407 οὐκ
2074 3356 2234 3425 ήνεγ-

666 3458 788 3503 καν,
804 3441 918 3504 πῶς
929 3442 1025 3510 τὴν
1037 3443 1336 3513 πρόρρησιν
1350 3446 1446 3513 τῆς
1461 3443 1739 3515 διηνεκοῦς
1757 3445 1995 3509 δουλείας
2011 3446 2233 3516 ἔμελλον

666 3533 996 3600 είσακούειν;
1031 3535 1093 3586 Et
1126 3535 1389 3605 Ἱερεμίας
1419 3531 1590 3599 εἶπεν,
1622 3536 2108 3593 δτιἋπελεύσεσθε
2154 3541 2232 3603 είς

667 3624 982 3687 Βαϐυλῶνα,
1016 3625 1112 3677 καὶ
1156 3627 1254 3695 ούχ
1295 3627 1607 3697 ὑπήνεγκαν
1631 3637 1650 3658 ⁸
1697 3627 1946 3696 ἀκοῦσαι,
1981 3630 2094 3682 ἀλλ’
2122 3631 2233 3684 ἑτι-

669 3718 993 3787 μωρήσαντο
1039 3716 1126 3768 τὸν
1171 3717 1419 3772 εἰπόντα·
1448 3720 1495 3771 εί
1529 3719 1766 3789 ἥκουσαν
1791 3719 1899 3773 τῶν
1940 3721 2234 3790 προφητῶν

666 3811 948 3873 εἰπόντων,
972 3811 1052 3863 ὄτι
1070 3811 1182 3863 υύκ
1207 3813 1287 3874 είς
1319 3810 1630 3877 Βαϐυλῶνα,
1667 3812 1802 3865 ἀλλά
1832 3813 2106 3883 πανταχοῦ
2136 3814 2235 3881 τῆς

670 3899 819 3971 [174]
849 3899 1169 3971 οἰκουμένης
1196 3901 1650 3971 διασπαρήσεσθε,
1681 3901 1774 3954 καὶ
1822 3901 2003 3956 οὐκέτι
2051 3903 2235 3956 λοιπὸν

667 3992 839 4060 ὲπανή
849 3991 982 4056 ξετε,
1005 3990 1104 4044 οὐκ
1130 3990 1196 4043 ἂν
1219 3991 1311 4043 καὶ
1333 3990 1394 4043 τὸ
1415 3988 1552 4060 αἷμα
1579 3992 1688 4043 τῶν
1711 3991 1972 4061 λεγόντων
1993 3992 2232 4059 έξέπιονς

665 4085 732 4138 El
763 4084 818 4137 δὲ
847 4085 993 4136 δοκεῖ
1017 4083 1173 4135 τοῦτο
1204 4081 1281 4134 ἔτι
1317 4081 1618 4152 στοχασμὸς
1652 4077 1812 4145 εἶναι,
1843 4083 2081 4153 φανερὰν
2108 4084 2235 4152 ὑμῖν

665 4173 935 4237 ἀπόδειξιν
966 4171 1208 4242 παρέχω,
1237 4171 1318 4224 ὃτι
1349 4171 1448 4223 οὐκ
1474 4167 1541 4241 ἦν
1568 4171 1808 4239 ἀσφαλὲς
1843 4173 2023 4236 αὐτοῖς
2058 4172 2236 4242 λέγειν

665 4265 736 4321 τὰ
773 4264 1050 4334 μέλλοντα.
1087 4263 1184 4333 τὴν
1212 4261 1483 4331 ἡμετέραν
1512 4261 1675 4333 τιμὴν
1705 4261 1866 4330 λέγω,
1900 4263 1997 4330 τὴν
2027 4264 2238 4318 ἔκπτωο

670 4375 755 4410 σιν
783 4359 880 4427 τὴν
908 4355 1145 4408 ἐκείνων.
1187 4354 1452 4422 Στέφανον
1482 4355 1609 4423 γὰρ,
1641 4353 1758 4407 είπέ
1797 4373 1904 4424 μοι,
1934 4355 2032 4425 τὴν
2061 4357 2238 4425 ἀτταρ⁴

666 4451 768 4521 χὴν
791 4449 898 4501 τῶν
934 4453 1242 4518 μαρτύρων,
1274 4444 1360 4497 διὰ
1388 4444 1440 4496 τί
1469 4444 1750 4509 έλίθασαν;
1782 4446 1841 4498 ού
1880 4447 2048 4501 ταῦτα
2073 4449 2236 4516 έγκα.

667 4540 883 4599 λοῦντες
913 4534 1057 4606 αὐτῷ
1103 4534 1194 4587 καὶ
1221 4533 1489 4601 λέγοντες,
1521 4534 1602 4585 ὅτι
1635 4534 1688 4586 '0
1731 4535 1886 4603 ἀνὴρ
1924 4534 2100 4601 οὗτος
2130 4542 2237 4592 λα..

667 4630 767 4684 .ιεῖ
796 4627 1133 4695 βλάσφημα
1169 4624 1401 4692 ῥήματα
1414 4640 1431 4687 ;
1468 4620 1633 4687 Εἷπε,
1669 4626 1851 4695 φησὶν,
1887 4625 1975 4680 ὄτι
2009 4629 2236 4695 Ἰησοῦς

669 4721 994 4773 καταλύσει
1028 4716 1132 4768 τὸν
1163 4715 1310 4768 ναὸν
1347 4715 1580 4777 τοῦτον,
1613 4715 1707 4767 καὶ
1733 4716 1985 4781 ἀλλάξει
2013 4720 2082 4773 τὰ
2107 4720 2234 4786 ἔθη,

669 4811 708 4864 ά
746 4809 1045 4877 παρέδωκε
1083 4805 1362 4872 Μωϋσῆς,
1412 4807 1505 4858 καὶ
1543 4806 1628 4859 διὰ
1663 4807 1818 4861 τοῦτο
1850 4810 2008 4862 αὑτὸν
2053 4813 2235 4866 ὲλίθα-

672 4921 786 4956 σαν.
834 4904 894 4953 Εἰ
935 4903 988 4953 δὲ
1039 4901 1153 4952 τότε
1202 4901 1301 4951 ούκ
1335 4899 1607 4968 ἠνείχοντο
1640 4899 1811 4952 ταῦτα
1861 4902 2096 4969 ἀκούειν,
2143 4906 2235 4958 καὶ

667 4994 839 5044 ταῦτα
889 4992 994 5042 τῶν
1046 4988 1381 5059 πραγμάτων
1434 4989 1631 5050 αὐτοὺς
1685 4991 1978 5045 πειθόντων
2027 4995 2230 5064 λοιπὸν,

668 5082 784 5143 πῶς
811 5082 874 5133 ἂν
906 5082 1011 5132 τῶν
1055 5079 1340 5150 προφητῶν
1367 5078 1652 5147 ⁴ήνιὲσχοντο
1691 5080 1864 5134 ταῦτα
1911 5101 2234 5154 προαναφω-

669 5173 932 5233 νονίντων;
965 5171 1256 5232 Ἤκουσας,
1297 5169 1566 5237 ἀγαπητὲ,
1599 5170 1679 5221 ὃτι
1710 5170 1798 5223 διὰ
1837 5171 1925 5223 τὸν
1970 5175 2094 5227 ναὸν
2140 5177 2233 5229 καὶ

666 5262 766 5331 τὴν
808 5261 1091 5329 μετάθεσιν
1121 5261 1215 5329 τῆς
1254 5260 1523 5322 πολιτείας
1554 5261 1713 5312 αὐτὸν
1755 5261 2044 5316 ὲλίθασανο
2073 5265 2231 5319 ἀκου⁸

669 5370 760 5404 σον
787 5352 899 5413 πῶς
926 5354 1016 5404 καὶ
1042 5351 1118 5420 τῷ
1143 5351 1358 5420 Χριστῷ
1388 5351 1542 5404 τοῦτο
1569 5353 1930 5424 προφέρουσιν
1961 5356 2229 5427 ἔγκλημα.

668 5439 813 5494 Ehe
856 5442 980 5510 γὰρ,
1017 5444 1196 5511 φησὶν,
1248 5438 1451 5506 οὗτος⁸
1487 5444 1723 5496 Λύσατε
1759 5445 1864 5497 τὸν
1896 5448 2045 5499 ναὸν
2095 5450 2230 5502 τοῦ-

665 5551 788 5596 τον,
825 5534 918 5584 καὶ
965 5535 1032 5585 ἐν
1079 5535 1271 5600 τρισὶν
1310 5535 1554 5602 ἡμέραις
1591 5535 1770 5603 ἐγερῶ
1829 5539 2030 5591 αὐτόν.
2082 5541 2232 5604 Εἶδες

666 5626 782 5686 πῶς
829 5624 1100 5692 πανταχοῦ
1153 5626 1183 5675 ᾖ
1225 5625 1514 5688 κατάλυσις
1548 5626 1640 5679 τοῦ
1675 5625 1822 5693 ναοῦ,
1861 5629 1951 5682 καὶ
1988 5631 2020 5699 ή
2063 5632 2218 5700 μετά-

763 5848 894 5900 ωδ.
918 5850 1003 5913 οὐχ
1023 5852 1286 5912 ὑπέμειναν.

1339 414 1395 469 S.
1430 413 1712 476 JOANNIS
1746 414 2227 474 ουιιιεοδτοιίι
2265 417 2585 476 ABCHIEP.
2624 421 3164 479 CONSTANTINOP.

3803 421 3919 477 170

2340 534 2489 598 θεσις
2518 535 2620 605 τῆς
2651 537 2921 600 πολιτείας
2948 537 3045 608 τὴν
3075 534 3242 606 ὀργὴν
3273 533 3451 594 αὐτοῖς
3502 528 3772 592 ὲνεποίει;
3802 528 3908 580 Διά

2337 625 2495 679 τοῦτο
2519 627 2702 696 ελεγον
2742 629 2841 698 μὲν
2867 631 2916 682 οἱ
2946 629 3218 700 προφῆται
3258 623 3449 685 ταῦτα,
3482 623 3582 675 οὐκ
3612 621 3799 687 ελεγον
3847 616 3906 669 δέ

2333 717 2601 786 φανερῶς.
2641 719 2739 772 Διά
2780 719 2937 773 τοῦτο
2968 721 3062 772 καὶ
3105 717 3314 770 Παῦλον
3352 713 3628 768 ἐϐούλοντο
3665 710 3903 771 ἀνελεῖν,

2331 809 2413 861 ὅτι
2452 808 2666 862 ἔπειθεν
2695 810 2892 873 αὐτοὺς
2935 806 3312 880 μετατίθεσθαι
3356 805 3465 859 ἀπὸ
3492 804 3588 872 τῆς
3626 801 3907 862 πολιτείας

2333 899 2506 952 Πόθεν
2529 899 2688 953 τοῦτο
2711 900 2903 970 δῆλονς
2947 898 3208 966 Θεωρεῖς,
3232 897 3414 967 φησὶν,
3443 893 3684 962 ἀδελφέ,
3716 893 3905 946 πόσαι

2325 989 2610 1057 μυριάδες
2628 991 2787 1044 εισιν
2830 988 3131 1046 Ἰουδαίων
3152 987 3273 1042 τῶν
3283 984 3783 1045 πεπιστευκότων,
3803 981 3905 1035 καί

2329 1073 2495 1133 οὗτοι
2521 1079 2742 1146 πάντες
2782 1080 3148 1148 κατήχηνται
3178 1077 3310 1146 περὶ
3345 1077 3483 1138 σοῦ,
3507 1077 3597 1128 δτι
3630 1075 3906 1130 άποσταο

2330 1168 2476 1222 σίαν
2500 1169 2608 1224 τοῦ
2640 1172 2828 1240 νόμου
2860 1171 3186 1236 διδάσκεις.
3209 1171 3271 1223 Οἱ
3303 1167 3481 1221 πιστοὶ
3503 1168 3606 1220 οὐκ
3626 1166 3904 1235 ἠνείχοντο

2330 1255 2672 1311 διδάσκεσθαι
2714 1258 3048 1312 ἀποστασίαν
3086 1257 3181 1311 τοῦ
3223 1256 3424 1326 νόμουο
3465 1253 3560 1307 καὶ
3591 1255 3641 1307 οῑ
3684 1252 3906 1306 οὐδέπω

2331 1347 2716 1411 πιστεύσαντες
2746 1348 2862 1411 πῶς
2907 1348 2974 1403 ἀν
3018 1348 3310 1419 ἠνέσχοντο
3340 1344 3591 1409 ἀκοῦσαι,
3635 1345 3720 1397 δτι
3753 1360 3902 1396 παυ-

2331 1435 2551 1506 θήσεται
2580 1438 2609 1490 6
2637 1438 2800 1506 νόμος
2843 1439 3007 1503 md;
3038 1440 3160 1492 Ὅτι
3201 1438 3301 1509 μὲν
3329 1431 3421 1490 οὖν
3451 1436 3576 1498 τοὺς
3609 1434 3901 1506 προφήτας

2329 1524 2653 1580 ἀπέκτειναν
2706 1525 2774 1579 ἀν
2808 1529 2857 1579 οί
2904 1527 3144 1581 Ἰουδαῖοι
3164 1565 3180 1591 ,
3226 1526 3280 1579 εῐ
3319 1543 3374 1578 τι
3425 1524 3662 1578 τοιοῦτον
3711 1523 3902 1593 σαφῶς

2329 1619 2608 1686 προεῖπον,
2635 1615 2918 1686 ἐδείξαμεν
2941 1615 3049 1670 ἀπὸ
3077 1616 3185 1671 τῶν
3217 1615 3553 1688 μαρτυριῶν,
3579 1615 3686 1668 ἀπό
3710 1631 3774 1666 τε
3803 1612 3901 1666 τοῦ

2332 1705 2598 1774 μακαρίου
2633 1705 2915 1776 Ἰερεμίου,
2943 1707 3036 1760 καὶ
3064 1703 3159 1759 τοῦ
3203 1706 3662 1778 πρωτομάρτυρος
3693 1707 3904 1775 Σίεεφά·

2330 1812 2442 1860 νου,
2469 1797 2562 1849 ἀπ’
2584 1796 2749 1851 αὐτοῦ
2775 1795 2869 1850 τοῦ
2901 1795 3157 1868 Χριστοῦ,
3187 1797 3281 1852 καὶ
3306 1796 3400 1850 τοῦ
3433 1796 3731 1850 ἀποστόλου
3757 1797 3904 1851 Παύο

2328 1884 2441 1939 λου.
2487 1888 2626 1941 Πᾶσι
2665 1888 2774 1959 γὰρ
2819 1887 2886 1941 τὰ
2915 1889 3054 1942 αύτά
3083 1887 3458 1956 ἐγκαλοῦντες,
3488 1887 3660 1951 οὕτως
3699 1889 3902 1952 αὐτοὺς

2328 1977 2552 2030 ἀνεῖλον.
2583 1979 2704 2032 Ὀτι
2739 1980 2796 2032 δι
2829 1979 2924 2032 καὶ
2960 1979 3098 2033 αὐτά
3139 1978 3207 2032 τὰ
3240 1978 3420 2048 βιϐλία
3457 1979 3806 2033 κατέκαυσαν
3836 1980 3902 2033 ἂν

2327 2064 2396 2116 τὰ
2422 2066 2764 2135 πῳφητικά,
2810 2069 2861 2120 εί
2907 2068 3142 2121 συνεῖδον
3187 2068 3256 2120 τά
3291 2068 3575 2140 λεγομένα,
3615 2069 3709 2122 καὶ
3741 2068 3900 2123 τοῦτο

2329 2157 2673 2225 παραστῆσαι
2702 2156 3033 2227 πειράσομαι
3053 2156 3161 2209 ἀπό
3190 2174 3332 2220 τινος
3359 2159 3623 2229 ἱστορίας,
3647 2177 3900 2230 κεκρυμ-

2331 2247 2498 2316 μένης
2523 2251 2620 2317 μὲν
2647 2248 2795 2318 ὑμῖν,
2825 2247 2989 2318 δήλης
3017 2248 3075 2300 δὲ
3104 2249 3364 2320 ἐσομένης
3400 2249 3593 2302 αὐτίκα
3614 2249 3679 2320 δὴ
3715 2249 3897 2319 μάλαο

2327 2337 2467 2389 οὕτω
2507 2336 2616 2405 γὰρ
2650 2338 2820 2408 αὐτὴν
2861 2338 3188 2406 ἀπαγγεῖλαι
3232 2339 3581 2409 πειράσομαι.
3609 2339 3706 2402 Τίς
3733 2335 3832 2392 οὖν
3861 2339 3897 2408 ή

2332 2427 2538 2495 ἱστορία
2560 2467 2574 2490 ,
2610 2427 2898 2482 ἀκούσατε.

2398 2518 2507 2570 Καὶ
2560 2518 2796 2587 ἐγένετο
2829 2519 2898 2571 ἐν
2930 2519 3009 2583 τῷ
3046 2519 3297 2587 τετάρτῳ
3332 2521 3446 2574 ἔτει
3479 2520 3730 2590 ἰωακείμ
3760 2521 3898 2575 υιοῦ

2341 2605 2562 2660 Ἰωσίου
2596 2606 2902 2671 ,βασιλέως
2938 2606 3144 2669 Ἰούδα,
3185 2609 3314 2660 εἷπε
3360 2609 3571 2674 Κύριος
3606 2608 3758 2676 πρὸς
3793 2610 3898 2664 Ἰε-

2320 2689 2566 2764 ρεμίανο
2598 2693 2849 2761 Γράψον
2880 2693 3109 2761 πάντας
3141 2696 3282 2760 τοὺς
3318 2699 3555 2763 λόγους,
3583 2695 3693 2760 οὓς
3718 2697 3901 2765 ἐχρη-

2323 2780 2548 2850 μάτισα
2577 2779 2724 2847 πρὸς
2750 2780 2825 2833 σὲ
2847 2780 2966 2834 άπὸ
2999 2779 3105 2846 τῆς
3132 2781 3353 2848 ἡμέρας
3387 2783 3628 2844 Ἰωσίου,
3650 2783 3762 2848 ἕως
3791 2781 3902 2849 τῆς

2329 2868 2542 2936 ἡμέρας
2587 2868 2803 2935 ταύτης
2825 2882 2839 2897 ο
2882 2868 3149 2931 τουτέστι,
3184 2870 3359 2922 πάντα
3391 2870 3457 2922 τά
3487 2869 3648 2934 κακὰ,
3679 2870 3713 2923 ἀ
3750 2870 3902 2938 λογί-

2329 2955 2492 3023 ζομαι
2535 2951 2756 3024 ποιῆσαι
2790 2953 2994 3016 αὐτοῖς.
3029 2955 3170 3024 Ὅρα
3202 2954 3254 3006 τί
3285 2952 3660 3024 φιλάνθρωπος
3701 2957 3730 3008 6
3765 2954 3902 3018 Θεὸς

2329 3041 2424 3094 καὶ
2465 3039 2836 3110 κηδεμονικός.
2878 3040 3094 3111 Ἐπειδὴ
3126 3040 3234 3109 γὰρ
3273 3042 3411 3094 κατὰ
3460 3042 3625 3111 μέρος
3667 3039 3902 3096 ἀκοῦσαι

2328 3127 2429 3178 ούκ
2469 3126 2764 3196 ἠνείχοντο,
2808 3126 3102 3194 Συνάγαγε,
3145 3128 3328 3195 φησὶν,
3371 3127 3508 3180 αὐτὰ
3558 3129 3758 3192 πάντα,
3808 3130 3907 3182 καὶ

2330 3210 2563 3282 αὔξησον
2595 3209 2687 3264 τὸν
2737 3211 2919 3279 φόϐον,
2951 3212 3037 3264 ῖνα
3063 3214 3163 3265 κᾶν
3191 3210 3333 3266 οὕτω
3356 3212 3384 3253 δ
3417 3213 3654 3282 βελτίους
3699 3213 3903 3282 γένωνο

2329 3315 2438 3352 ται.
2484 3297 2862 3368 Μνημονεύετε
2909 3301 3006 3370 τῆς
3056 3300 3428 3370 ὑποσχέσεως’
3460 3299 3519 3354 τὸ
3568 3298 3902 3372 ζητούμενον

2329 3387 2461 3456 ήμῖν
2487 3384 2677 3451 δεῖξαι,
2699 3386 2780 3438 ὅτι
2810 3385 2902 3439 καὶ
2926 3386 2993 3440 τὰ
3022 3383 3199 3456 βιϐλία
3229 3387 3294 3441 ἂν
3325 3386 3463 3440 αὐτὰ
3491 3383 3822 3455 κατέκοψαν,
3853 3390 3904 3442 εί

2330 3478 2557 3548 ἐνόησαν
2604 3477 2672 3530 τὰ
2712 3479 2950 3548 σήμερον
2997 3478 3229 3533 ἐκϐάντα
3271 3480 3464 3532 πάντα.
3506 3480 3675 3544 Ἴσως
3715 3479 3906 3533 ἀκούε-

2331 3581 2540 3618 σονται
2566 3566 2720 3619 κακὰ
2747 3566 2847 3636 (δεῖ
2878 3566 2986 3638 γὰρ
3015 3567 3229 3636 ἔχεσθαι
3267 3569 3365 3636 τῆς
3399 3564 3680 3637 ἱστορίας),
3717 3566 3758 3621 ά
3793 3572 3905 3622 ,ζο-

2332 3651 2553 3720 τίζομαι
2599 3650 2845 3718 ποιῆσαι
2897 3652 3129 3718 αὐτοῖς,
3178 3653 3277 3706 καὶ
3329 3653 3905 3722 άποστραφήσονται

2331 3737 2448 3792 άπὸ
2487 3735 2597 3804 τῆς
2622 3735 2765 3790 ὀδοῦ
2788 3737 2986 3791 αὐτῶν
3025 3736 3128 3804 τῆς
3171 3737 3453 3804 πονηρᾶς.
3483 3741 3672 3802 Ἴσως,
3707 3741 3737 3791 6
3768 3738 3908 3801 Θεὸς

2332 3823 2512 3890 Mra;
2541 3823 2743 3890 ἀγνοεῖ,
2777 3821 2925 3895 [175]
2958 3825 3076 3878 είπέ
3108 3841 3216 3892 μοι,
3247 3823 3314 3877 τά
3341 3824 3599 3894 ὲσόμενα;
3626 3825 3726 3877 οὐκ
3759 3820 3905 3879 οἶδεν

2332 3911 2381 3962 εί
2415 3909 2753 3974 ἀκούσονται,
2787 3912 2814 3963 6
2850 3908 3006 3972 εἰδὼς
3041 3911 3217 3964 πάντα
3247 3911 3374 3981 πρὶν
3409 3911 3688 3977 γενέσεως,
3715 3915 3745 3965 6
3780 3913 3908 3966 ἑτά-

2334 3996 2440 4058 ζων
2468 3995 2688 4066 καρδίας
2719 3996 2811 4049 καὶ
2836 3998 3084 4067 νεφροὺς,
3111 4000 3139 4049 6
3165 3997 3406 4066 κριτικὸς
3433 3997 3783 4066 ἐνθυμήσεων
3812 4000 3907 4053 καὶ

2334 4081 2580 4146 ὲννοιῶν;
2621 4075 2665 4148 ᾧ
2704 4081 2879 4134 πάντα
2911 4081 3091 4152 γυμνὰ
3137 4083 3231 4135 καὶ
3277 4083 3741 4154 τετραχηλισμένα
3788 4089 3906 4147 τοῖς

2334 4167 2628 4236 ὀφθαλμοῖς
2693 4165 2895 4232 αύτοῦ;
2950 4169 3105 4230 Τίνος
3149 4169 3206 4220 δὲ
3249 4169 3432 4222 ένεκεν
3494 4169 3700 4237 ἔλεγεν,
3728 4170 3906 4238 ’ἴσως

2334 4257 2732 4318 άκούσονται;
2768 4256 2877 4308 Καὶ
2918 4255 3025 4326 γὰρ
3068 4256 3161 4308 καὶ
3203 4255 3376 4310 ταῦτα
3420 4258 3714 4324 ἀναγκαῖον
3755 4259 3906 4329 ὑμᾶς

2338 4342 2644 4411 μανθάνειν,
2679 4341 2765 4395 διὰ
2791 4342 2916 4403 τοὺς
2959 4342 3313 4409 ἐγκαλοῦντας
3342 4343 3560 4410 ἄγνοιαν
3601 4343 3680 4413 τῷ
3727 4346 3906 4399 Μονο-

2333 4430 2496 4495 γενεῖ.
2537 4427 2666 4480 Ἰδοὺ
2693 4427 2800 4496 γάρ
2844 4426 2936 4478 καὶ
2962 4427 2990 4478 6
3021 4427 3208 4498 Πατὴρ
3245 4427 3564 4495 ἀγνοοῦντος
3605 4427 3906 4497 φθέγγεται

2336 4516 2552 4585 ῥήματα
2571 4530 2582 4543 ·
2619 4513 2678 4565 τὸ
2713 4514 2841 4583 γὰρ,
2870 4515 3068 4578 Ἴσως,
3099 4514 3414 4582 ἀγνοοῦντός
3445 4516 3591 4569 ἐστιν
3610 4533 3624 4546 ο
3659 4516 3775 4569 ἀλλ’
3801 4519 3908 4572 οὐκ

2333 4600 2535 4667 ἀγνοεῖ.
2574 4598 2801 4652 Ὀπόταν
2833 4593 2926 4652 οὖν
2963 4599 3057 4651 καὶ
3081 4598 3231 4668 παρά
3256 4600 3350 4652 τοῦ
3377 4599 3506 4652 Υίοῦ
3538 4612 3560 4639 ο
3580 4601 3824 4673 ἀκούσῃς
3852 4621 3907 4656 τι

2333 4686 2572 4739 τοιοῦτον
2600 4683 2869 4748 λέγοντος,
2900 4683 2997 4753 τὴν
3029 4684 3196 4753 αὐτὴν
3228 4685 3514 4750 κατάδεξαι
3546 4687 3743 4757 ψῆφον.
3773 4688 3908 4752 Υἱὸς

2334 4771 2442 4842 γὰρ
2465 4770 2558 4833 ὣν,
2588 4770 2861 4839 πανταχοῦ
2890 4769 2978 4822 τὸν
3005 4771 3223 4841 Πατέρα
3253 4775 3517 4841 μιμεῖται.

2417 4856 2554 4908 Ἀλλ’
2584 4857 2633 4908 οι
2666 4855 2764 4925 μὲν
2791 4855 2900 4908 τῶν
2927 4855 3152 4923 ἀγώνων
3189 4859 3371 4926 καιροὶ⁵
3401 4857 3608 4911 τούτων
3629 4860 3904 4929 ἀναμενέ-

2333 4960 2532 5008 τωσαν,
2565 4943 2651 4996 ἵνα
2685 4943 2759 5014 μὴ
2791 4944 2889 5012 τῆς
2924 4944 3286 5015 προκειμένης
3322 4945 3627 5008 ὑποθέσεως
3653 4948 3906 5000 ὲκπέσωο

2336 5047 2464 5100 μεν’
2516 5029 2757 5099 εἴπωμεν
2791 5030 2869 5094 δὲ,
2911 5031 3054 5092 τίνος
3082 5030 3263 5084 ἕνεκεν
3298 5031 3479 5098 λέγει,
3527 5034 3695 5098 Ἴσως
3721 5035 3909 5088 ἀκού-

2332 5132 2561 5169 σονται.
2598 5117 2660 5168 El
2700 5111 2872 5179 εἶπεν,
2909 5117 2991 5168 ὅτι
3028 5117 3366 5181 ἀκούσονται,
3397 5119 3563 5188 χωρὶς
3589 5119 3683 5172 τοῦ
3709 5122 3906 5187 Ἴσως,

2331 5202 2518 5270 ψευδὲς
2541 5197 2639 5271 ἦν’
2678 5204 2736 5255 ού
2780 5202 2886 5274 γὰρ
2929 5203 3148 5273 ἔμελλον
3195 5203 3541 5259 ἀκούσεσθαι.
3583 5207 3645 5258 El
3675 5203 3798 5260 εἷπε
3844 5207 3910 5261 τὸ

2331 5288 2548 5357 ἀληθὲς,
2597 5289 2679 5341 ὅτι
2729 5289 2828 5342 οὐκ
2857 5290 3204 5353 ἀκούσονται,
3255 5291 3522 5361 περιττῶς
3568 5291 3782 5362 ἔπεμπε
3809 5295 3907 5348 τὸν

2333 5377 2616 5446 προφήτην
2649 5378 2758 5438 τοῖς
2791 5377 2888 5430 οὐκ
2927 5379 3326 5448 ἀκουσομένοις.
3363 5381 3471 5434 Καὶ
3513 5382 3573 5433 ού
3616 5382 3704 5437 διὰ
3742 5383 3909 5436 τοῦτο

2336 5463 2512 5530 μόνον,
2539 5463 2673 5515 ἀλλὰ
2696 5464 2789 5516 καὶ
2820 5465 2905 5516 ῖνα
2929 5466 3001 5536 μὴ
3036 5466 3068 5536 ή
3101 5466 3404 5536 πρόγνωσις
3424 5467 3587 5520 αὑτοῦ
3617 5471 3904 5542 νομισθείη

2332 5550 2703 5620 ἁναγκαστική
2727 5568 2811 5613 τις
2839 5547 2976 5604 εἶναι
2999 5552 3098 5621 τῆς
3121 5554 3419 5624 παρακοῆς,
3446 5553 3533 5607 διὰ
3551 5554 3710 5608 τοῦτο
3727 5557 3906 5628 ἐπαμ-

2398 5741 2422 5811 [δ
2445 5739 2665 5811 ξξςῐιες.
2693 5745 2868 5811 melius
2885 5749 3162 5811 qugm_plii.
3209 5749 3290 5811 qui
3332 5751 3510 5800 habent
3529 5753 3604 5811 ινα
3626 5757 3705 5802 καὶ
3727 5758 3903 5811 οὕτως.

2396 5803 2416 5828 ο
2446 5801 2540 5848 Αιίὶ
2562 5815 2730 5874 οηιῃες
2754 5801 2998 5874 παρὰ-τοῦ.
3029 5801 3194 5859 Morél.
3219 5801 3322 5874 περὶ
3359 5811 3443 5862 τοῦ
3470 5810 3598 5864 ι’ίοῦ.
3631 5818 3695 5865 Al
3718 5801 3906 5866 1³τόἦῶ

2337 5859 2537 5911 Ducaeus
2558 5864 2683 5924 παρὰ
2700 5863 2782 5911 τοῦ
2807 5859 2923 5928 ιὸεὶί
2942 5903 2958 5918 .
