4144 6476
241 407 348 466 169

252 521 478 579 unaque
525 509 627 581 qui
665 516 901 573 venerat,
928 517 985 563 ut
1024 517 1239 578 peccata
1267 507 1573 569 dimitteret,
1601 504 1832 560 aversati

261 610 397 669 sunt,
421 602 578 658 omni
609 616 705 671 spe
732 599 983 670 deinceps
1001 599 1327 655 exciderunt.
1353 598 1639 668 Propterea
1665 597 1827 651 dicit:

261 694 287 749 1
296 694 475 766 inplete
498 710 793 749 mensuram
818 703 1019 763 patrum
1049 702 1341 747 vestrorum.
1388 692 1566 757 Certe,
1620 689 1787 759 inquit
1814 705 1828 742 :

266 795 322 840 et
340 785 516 840 multis
544 784 759 855 quidem
782 792 1049 838 ostensum
1069 792 1152 838 est
1177 783 1514 847 testimoniis,
1540 780 1834 836 homicidas

267 875 387 930 illos
406 890 468 930 ac
492 874 728 930 nefarios
756 873 923 929 fuisse
950 890 964 927 :
997 872 1135 927 unde
1164 888 1290 926 vero
1319 880 1529 926 constat
1556 872 1675 925 illos
1702 885 1829 940 pro-

267 966 441 1036 phetis
467 967 689 1022 minime
714 966 1026 1037 parcituros,
1053 966 1098 1020 si
1139 964 1466 1035 Jerosolyma
1495 977 1740 1017 eversum
1767 959 1831 1015 iri

265 1057 629 1121 audivissent,
663 1066 717 1112 et
744 1064 1068 1112 cessaturam
1096 1055 1290 1124 legem,
1339 1070 1402 1109 ac
1445 1052 1561 1108 fore
1585 1061 1643 1106 ut
1668 1051 1833 1107 Vetus

265 1143 661 1201 Testamentum
686 1147 988 1201 immutetur
1001 1146 1026 1198 7
1051 1145 1107 1200 ld
1134 1144 1346 1215 quidem
1370 1158 1433 1199 ex
1458 1144 1542 1208 iis,
1560 1158 1676 1212 qua:
1690 1140 1831 1195 dicta

264 1246 408 1305 sunt,
438 1236 673 1293 maxime
707 1245 925 1308 apparet
955 1255 968 1291 :
1000 1243 1361 1291 verumtamen
1418 1248 1484 1288 ex
1522 1232 1649 1301 ipsis
1689 1230 1833 1286 Scri-

264 1328 438 1397 pturis
487 1328 904 1382 manifestiorem
960 1324 1236 1395 subjiciam
1300 1323 1828 1378 demonstrationem.

262 1415 397 1473 Nam
422 1419 698 1487 siquando
722 1416 1032 1487 pr0phetam
1076 1416 1338 1471 dicentem
1377 1413 1676 1478 erudierunt,
1716 1411 1831 1467 fore

264 1515 325 1560 ut
337 1506 629 1561 Jerusalem
662 1506 984 1576 temporario
1022 1504 1229 1560 excidio
1260 1503 1679 1568 exscinderetur,
1709 1515 1829 1556 cum

264 1596 384 1651 illos
401 1606 610 1651 mutare
625 1605 852 1651 mentem
869 1595 1187 1664 oportuisset
1214 1601 1267 1649 et
1287 1595 1415 1647 iram
1436 1593 1525 1648 Dei
1542 1591 1829 1663 depellere,

264 1686 319 1740 in
345 1686 657 1756 prophetam
686 1685 918 1741 furorem
946 1684 1263 1740 effuderunt.
1300 1686 1472 1754 Atque
1513 1684 1615 1739 hoc
1648 1699 1829 1739 verum

262 1789 403 1840 esse,
446 1790 517 1829 ex
562 1775 795 1830 historiis
834 1774 963 1845 ipsis
1014 1774 1336 1845 intelligetis.
1365 1774 1691 1830 Obsidebant
1734 1773 1829 1827 ali-

261 1866 473 1935 quando
498 1866 765 1922 civitatem
792 1868 1024 1937 ipsorum
1056 1866 1254 1932 Persae,
1279 1876 1438 1937 atque
1485 1866 1652 1936 ipsam
1699 1865 1829 1919 foris

262 1957 573 2013 barbaricus
600 1958 862 2013 exercitus
900 1958 1329 2013 circumvallahat
1361 1975 1376 2012 :
1408 1973 1507 2013 nec
1545 1958 1826 2013 obscurum

261 2058 377 2104 erat
402 2050 695 2120 periculum
724 2049 862 2120 quod
890 2048 1217 2114 imminebat,
1262 2048 1355 2104 sed
1401 2048 1455 2103 in
1501 2048 1689 2103 mediis
1715 2055 1825 2101 tum

261 2140 464 2210 laqueis
482 2140 606 2195 urbs
627 2140 944 2207 Jerusalem,
968 2140 1183 2196 armatis
1202 2141 1445 2196 omnibus
1465 2149 1520 2196 et
1537 2141 1678 2195 illam
1698 2139 1829 2195 loris

260 2230 781 2296 circumsidentibus,
833 2231 1144 2286 versabatur
1194 2247 1210 2286 :
1264 2240 1493 2287 attamen
1552 2247 1671 2287 cum
1718 2240 1825 2286 tam

260 2332 404 2379 certa
433 2322 573 2377 mala
623 2337 716 2378 eos
762 2332 1085 2393 premerent,
1140 2324 1389 2393 quoniam
1436 2337 1746 2393 progressus
1773 2324 1825 2378 in

258 2413 492 2468 medium
540 2412 677 2466 dixit
705 2412 809 2467 illis
835 2411 1113 2475 Jeremias,
1141 2411 1256 2469 fore
1293 2421 1352 2466 ut
1379 2412 1433 2467 in
1458 2427 1645 2468 manus
1665 2412 1825 2468 Chal-

258 2504 494 2559 daeorum
516 2504 702 2559 civitas
734 2503 1061 2569 traderetur;
1089 2503 1295 2559 tametsi
1333 2518 1504 2574 neque
1552 2504 1823 2573 prophetia

258 2592 359 2648 fuit
385 2594 508 2662 hoc,
538 2609 657 2649 cum
678 2594 912 2663 ipsorum
938 2594 1074 2649 oculi
1106 2608 1225 2662 qua:
1244 2603 1498 2649 eventura
1532 2603 1709 2648 essent
1737 2595 1823 2647 iu-

258 2693 567 2749 tuerentur;
611 2685 731 2755 quia
761 2692 936 2738 tamcn
978 2697 1043 2738 ea
1082 2698 1202 2752 qute
1251 2684 1525 2738 manifesta
1568 2692 1736 2747 erant,
1768 2691 1823 2737 et

256 2788 443 2829 eorum
470 2773 641 2829 oculis
687 2772 1101 2828 observabantur
1141 2771 1371 2836 dicebat,
1420 2772 1632 2827 scelesti
1658 2772 1733 2825 illi
1760 2787 1823 2827 ac

257 2866 479 2935 stupidi,
510 2874 566 2921 et
584 2880 709 2935 erga
737 2863 1106 2920 benefactores
1132 2863 1323 2933 ingrati
1346 2864 1426 2918 sic
1454 2864 1782 2919 insanierunt
1802 2905 1820 2931 ,

258 2964 319 3011 ut
346 2956 669 3026 proditorem
697 2954 842 3008 illum
882 2962 936 3009 et
976 2967 1277 3010 eversorem
1306 2955 1719 3021 arbitrarentur,
1760 2970 1823 3012 ac

256 3046 498 3101 dicerent
528 3062 542 3099 :
577 3045 677 3098 Hie
705 3044 931 3099 diuoluit
975 3061 1151 3099 manus
1185 3046 1360 3114 populi
1378 3046 1527 3116 hujus
1556 3045 1704 3117 (Jer.
1731 3044 1821 3103 38.

255 3138 339 3207 ι).
367 3139 615 3192 Attamen
642 3136 989 3192 conﬁrmabat
1008 3177 1025 3203 ,
1066 3146 1297 3192 attamen
1320 3138 1552 3207 ipsorum
1582 3139 1824 3192 alacrita-

257 3238 367 3283 tem
396 3227 679 3294 excitabat,
708 3236 762 3282 et
788 3227 854 3281 ad
881 3227 1043 3281 Deum
1068 3226 1312 3292 ducebat,
1330 3241 1527 3296 eosque
1553 3227 1747 3281 invicto
1766 3235 1823 3282 et

255 3318 651 3388 inexpugnabili
678 3331 831 3373 muro
854 3316 1284 3372 circumvallabat
1310 3334 1325 3371 :
1363 3316 1454 3371 sed
1482 3317 1555 3370 illi
1578 3318 1708 3371 nihil
1724 3317 1821 3371 ho-

255 3424 376 3463 rum
401 3408 775 3480 intelligentes,
798 3407 1021 3463 interﬁci
1038 3421 1158 3461 eum
1170 3405 1441 3476 jubebant.
1470 3405 1615 3460 Talia
1632 3407 1822 3478 quippe

256 3499 397 3554 bene
436 3498 505 3554 de
541 3514 602 3554 se
646 3497 849 3553 meritis
877 3498 1094 3568 praemia
1125 3511 1335 3565 semper
1361 3496 1738 3565 rependebant,
1769 3504 1822 3550 et

255 3605 381 3646 cum
420 3604 516 3645 rex
562 3590 867 3660 ignovisset.
908 3602 977 3644 ne
1023 3588 1101 3643 sic
1142 3581 1352 3658 quidem
1393 3596 1684 3653 cesserunt,
1729 3586 1821 3641 sed

255 3681 508 3752 quoniam
536 3695 727 3737 necare
753 3695 860 3735 non
886 3686 1147 3752 poterant,
1176 3678 1229 3734 in
1262 3678 1359 3733 luti
1387 3677 1559 3733 lacum
1580 3678 1819 3748 projece-

254 3780 404 3827 runt.

329 3863 384 3917 4.
410 3860 559 3929 Quod
587 3860 631 3916 si
655 3862 983 3932 temporarias
1000 3861 1320 3933 captivitatis
1354 3862 1677 3918 mentionem
1706 3862 1820 3918 ﬁeri

255 3970 368 4009 non
394 3953 648 4021 tulerunt,
674 3967 780 4025 quo
808 3953 1016 4008 tandem
1061 3963 1216 4023 pacto
1244 3961 1512 4024 perpetua:
1545 3954 1819 4009 servitutis

256 4043 657 4116 praedictionem
685 4043 914 4099 audituri
938 4043 1193 4100 fuissent?
1216 4043 1271 4099 Si
1292 4058 1409 4100 cum
1435 4044 1654 4101 dixisset
1670 4044 1822 4102 Jere—

256 4136 418 4198 mias,
449 4126 504 4188 In
526 4134 845 4206 Babylonem
864 4133 1095 4201 abibitis,
1123 4149 1292 4204 neque
1317 4136 1815 4204 potueruntaudire,

254 4226 355 4282 sed
378 4242 499 4282 eum
527 4226 615 4296 qui
643 4225 845 4280 dixerat
879 4224 1160 4295 punierunt
1186 4241 1203 4278 :
1242 4224 1285 4281 si
1316 4225 1598 4295 prophetas
1619 4224 1819 4279 audiis-

254 4328 382 4375 sent
410 4318 646 4372 dicentes
667 4358 683 4382 ,
724 4314 841 4371 fore
866 4324 924 4371 ut
960 4331 1066 4371 non
1110 4314 1164 4369 in
1197 4314 1541 4387 Babylonem,
1568 4315 1663 4370 sed
1684 4330 1815 4385 quo-

255 4420 581 4480 quoversum
611 4421 705 4476 per
745 4406 928 4461 orbem
974 4416 1232 4461 terrarum
1281 4404 1687 4476 dispergamini,
1721 4420 1819 4460 nec

254 4499 489 4569 amplius
525 4494 858 4552 revertamini
882 4536 897 4558 ,
942 4510 1116 4551 nonne
1144 4495 1265 4550 talia
1294 4494 1579 4550 dicentium
1607 4494 1820 4567 sangui-

254 4606 387 4646 nem
411 4586 898 4654 ebibissentlQuod
927 4588 971 4643 si
996 4586 1149 4642 vobis
1162 4586 1302 4643 istud
1321 4586 1494 4642 adhuc
1515 4586 1817 4656 conjectura

263 4682 473 4735 videtur
498 4695 637 4741 esse,
657 4678 1108 4734 demonstratione
1131 4678 1275 4731 clara
1314 4677 1569 4746 probabo,
1600 4692 1703 4732 non
1734 4687 1820 4731 tn-

259 4781 377 4825 tum
397 4769 561 4823 l'uisse
588 4766 758 4822 futura
790 4766 892 4822 illis
913 4767 1246 4831 denuntiare,
1275 4773 1535 4831 nostrum,
1568 4767 1778 4837 inquam
1802 4807 1818 4833 ,

259 4864 524 4915 honorem
554 4867 607 4911 et
624 4857 1044 4926 reprobationem
1072 4857 1297 4912 illorum.
1316 4855 1421 4910 Cur
1435 4858 1598 4921 enim,
1620 4869 1820 4925 qumso,

257 4950 593 5021 Stephanum
634 4948 891 5016 primitias
924 4943 1591 5024 martyrumlapidarunt?
1646 4956 1823 4998 nonne

255 5040 408 5112 quod
440 5038 539 5092 hoc
565 5038 639 5093 illi
671 5038 882 5095 crimini
902 5040 1178 5091 verterent
1205 5028 1568 5100 dit-erentque.
1615 5031 1699 5085 Vir
1728 5034 1822 5112 ists

264 5111 498 5189 loquitur
521 5120 666 5174 verba
695 5116 1048 5186 blasphemia?
1085 5116 1245 5178 Dixit,
1278 5114 1442 5176 aiunt,
1468 5114 1702 5180 quoniam
1739 5111 1830 5168 Je-

263 5231 356 5267 sus
386 5213 606 5265 destruet
634 5209 871 5272 templum
900 5207 1062 5270 istud,
1090 5215 1137 5260 et
1166 5204 1373 5258 mutabit
1395 5205 1541 5269 ritus,
1575 5219 1699 5269 quos
1724 5213 1829 5255 tra-

263 5304 397 5355 didit
431 5302 630 5371 Moyses
658 5300 793 5367 (Act.
823 5297 874 5351 6.
910 5296 995 5348 Η.
1025 5293 1137 5361 ll),
1165 5304 1320 5361 atque
1348 5292 1544 5346 idcirco
1573 5292 1719 5345 illum
1753 5294 1826 5344 Ia-

263 5394 474 5463 pidihus
502 5395 813 5446 obruerunt.
835 5387 890 5441 Si
915 5393 1023 5438 tum
1049 5385 1160 5437 iure
1184 5385 1366 5438 audire
1394 5399 1495 5436 non
1520 5390 1820 5449 potuerunt,

263 5484 424 5553 idque
457 5499 575 5539 cum
616 5495 705 5537 res
750 5480 879 5546 ipsae
919 5474 1071 5528 iidem
1115 5472 1243 5541 ipsis
1286 5474 1535 5539 deinceps
1569 5473 1817 5533 tacerent,

258 5578 520 5646 quomodo
544 5573 838 5645 prophetas
861 5567 971 5620 haec
993 5564 1402 5633 praenuntiantes
1425 5561 1698 5616 tulissent?
1724 5562 1825 5612 Au-

255 5666 444 5733 divisti,
494 5662 870 5723 dilectissime,
915 5662 1124 5725 propter
1171 5653 1420 5719 templum
1452 5692 1466 5716 ,
1510 5662 1560 5704 et
1607 5660 1822 5719 promer

250 5764 515 5835 religionis
545 5758 907 5820 mutationem
933 5750 999 5806 ab
1029 5749 1132 5806 illis
1160 5762 1277 5805 eum
1312 5746 1471 5802 fuisse
1501 5745 1817 5814 lapidatum:

1219 394 1307 451 DE
1344 391 1875 451 PROPHETIARUM
1912 391 2406 453 OBSCURITATE.
2443 397 2484 453 Ι.

3394 410 3506 468 170

1937 504 2219 576 audi,quo
2264 517 2420 578 pacto
2444 509 2657 566 Christo
2701 510 2860 567 etiam
2911 510 3053 568 istud
3101 512 3268 584 ipsum
3299 513 3502 569 crimen

1936 594 2205 666 obiiciant.
2226 596 2371 652 Dixit
2415 599 2576 666 enim,
2606 601 2868 671 inquiunt,
2895 602 2987 656 iste
3007 618 3026 657 :
3052 601 3243 657 Solvite
3262 603 3501 673 templum

1934 686 2048 753 hoc,
2077 696 2123 741 et
2150 688 2203 740 in
2232 687 2387 741 tribus
2411 687 2584 743 diebus
2606 691 2830 744 excitabo
2862 691 2989 745 illud
3012 692 3031 761 (
3062 691 3243 746 Matth.
3272 691 3362 748 26.
3389 693 3452 749 61
3480 709 3497 759 ;

1933 776 2086 832 Joan.
2108 776 2163 831 2.
2191 777 2259 834 t9
2282 778 2324 849 ).
2356 778 2513 835 Vides
2540 781 2735 850 ubique
2766 782 2945 852 templi
2967 783 3404 850 destructionem,
3434 799 3498 841 ac

1935 867 2206 937 religionis
2232 870 2578 925 mutationem
2602 870 2765 926 bilem
2790 871 2894 926 illis
2922 874 3191 930 movisse?
3216 873 3339 930 Ideo
3357 875 3500 931 dice-

1936 954 2066 1011 bant
2095 958 2195 1012 hoc
2220 959 2434 1029 quidem
2463 961 2756 1030 prophetae,
2784 963 2878 1017 sed
2916 964 3189 1020 evidenter
3217 980 3322 1020 non
3349 964 3497 1021 dice-

1934 1045 2079 1101 bant.
2108 1047 2234 1103 Ideo
2259 1049 2478 1104 Paulum
2515 1051 2678 1106 etiam
2718 1051 3015 1109 interficere
3035 1054 3331 1123 voluerunt,
3354 1054 3495 1126 quod

1935 1136 2037 1193 illis
2069 1140 2411 1206 persuaderet
2450 1150 2507 1196 ut
2550 1142 2857 1213 religionem
2905 1155 3188 1201 mutarent.
3218 1147 3367 1203 Unde
3392 1147 3497 1204 hoc

1936 1224 2147 1297 liquet?
2181 1227 2333 1285 Vides
2351 1271 2365 1294 ,
2389 1233 2569 1301 frater,
2615 1230 2804 1303 inquit,
2836 1244 2953 1303 quot
2981 1236 3139 1289 millia
3165 1246 3283 1290 sunt
3318 1238 3369 1291 in
3396 1236 3495 1291 Ju-

1933 1316 2073 1383 dtzis,
2096 1321 2183 1389 qui
2210 1321 2546 1390 crediderunt,
2593 1334 2641 1377 et
2682 1342 2850 1379 omnes
2888 1328 2972 1381 isti
2999 1328 3263 1383 audierunt
3307 1330 3368 1383 de
3404 1339 3451 1384 te
3472 1371 3490 1397 ,

1932 1409 2067 1475 quod
2088 1408 2435 1466 discessionem
2460 1413 2637 1469 doceas
2663 1430 2696 1467 a
2721 1414 2825 1485 lege
2845 1417 2976 1485 (Act.
3006 1416 3096 1471 2i.
3118 1416 3187 1473 20
3211 1417 3253 1489 ).
3285 1418 3496 1475 Fideles

1931 1495 2113 1554 doceri
2149 1516 2209 1556 se
2247 1501 2626 1558 discessionem
2675 1520 2705 1559 a
2749 1507 2866 1577 lege
2914 1524 3016 1563 non
3044 1511 3410 1578 patiebantur;
3439 1521 3495 1567 et

1932 1588 2023 1656 qui
2052 1589 2282 1645 nondum
2312 1593 2645 1648 crediderant
2671 1636 2687 1660 ,
2708 1597 2975 1667 quomodo
2999 1598 3181 1655 audire
3202 1602 3496 1670 potuissent

1932 1675 2066 1741 fore,
2095 1687 2153 1733 ut
2176 1680 2263 1735 lex
2303 1682 2587 1751 aliquando
2615 1686 2888 1740 cessaret?
2930 1688 3006 1741 Ac
3044 1687 3255 1743 Judreos
3279 1689 3491 1761 quidem

1932 1763 2303 1824 interfecturos
2330 1770 2492 1827 fuisse
2522 1774 2826 1843 prophetas,
2852 1776 2896 1831 si
2925 1777 3048 1847 quid
3080 1778 3183 1834 tale
3210 1780 3490 1837 manifeste

1932 1858 2319 1926 pmdixissent,
2346 1863 2659 1920 testimoniis
2692 1866 2863 1923 allatis
2889 1870 3235 1936 ostendimus,
3267 1887 3331 1928 ex
3375 1873 3492 1944 ipso

1930 1946 2087 2033 beato
2130 1948 2378 2017 Ieremia,
2422 1968 2486 2008 ac
2527 1963 2911 2027 protomartyre
2951 1958 3240 2029 Stephano,
3265 1976 3332 2016 ex
3377 1962 3490 2033 ipso

1928 2032 2161 2105 Christo,
2184 2047 2240 2094 et
2258 2043 2498 2110 apostolo
2524 2043 2707 2100 Paulo.
2729 2046 2985 2103 Omnibus
3009 2049 3152 2104 enim
3177 2050 3361 2106 eadem
3388 2032 3491 2107 cri-

1931 2127 2059 2183 mini
2088 2130 2295 2199 dantes,
2331 2148 2425 2188 eos
2452 2134 2518 2189 de
2546 2135 2722 2191 medio
2767 2138 3110 2194 sustulerunt.
3139 2139 3285 2210 lpsos
3310 2150 3487 2197 autem

1931 2219 2266 2289 propheticus
2286 2226 2446 2280 etiam
2477 2225 2638 2283 libros
2663 2229 3038 2285 combusturos
3074 2246 3167 2286 eos
3207 2231 3369 2289 fuisse
3391 2274 3406 2300 ,
3440 2236 3485 2289 si

1927 2323 2046 2379 quae
2070 2310 2207 2366 dicta
2226 2312 2437 2369 fuerant
2462 2318 2869 2386 cognovissent,
2902 2319 3004 2375 hoc
3030 2336 3243 2392 quoque
3285 2337 3379 2393 per
3407 2323 3489 2378 hi-

1928 2404 2146 2457 storiam
2177 2406 2461 2475 quamdam
2494 2408 2718 2477 probare
2761 2420 2992 2482 satagam
3019 2413 3168 2468 vobis
3195 2414 3485 2480 occultam,

1926 2494 2021 2548 sed
2048 2510 2164 2564 quae
2207 2500 2485 2554 manifesta
2513 2502 2763 2556 continuo
2800 2503 2927 2557 ﬁet:
2960 2504 3032 2557 ita
3078 2505 3311 2560 conabor
3345 2508 3488 2563 illam

1926 2596 2215 2652 exponere.
2250 2587 2501 2652 Qumnam
2530 2590 2686 2659 igitur
2714 2592 2799 2645 illa
2824 2590 3043 2648 historia
3077 2594 3164 2661 sit,
3189 2596 3385 2652 audite.

1996 2673 2225 2729 Historia
2252 2676 2316 2731 de
2337 2676 2576 2733 Ieremia.
2594 2710 2665 2720 —
2681 2681 2748 2735 Et
2770 2686 2960 2753 factum
2989 2696 3060 2739 est
3083 2687 3134 2739 in
3155 2703 3287 2740 anno
3310 2697 3487 2758 quarto

1924 2760 2123 2818 Joacim
2145 2766 2241 2835 ﬁlii
2263 2766 2423 2822 Josiaa
2449 2771 2583 2840 regis
2623 2771 2782 2838 ludo,
2815 2772 2942 2827 dixit
2982 2774 3229 2830 Dominus
3252 2778 3321 2831 ad
3342 2777 3488 2833 Jers-

1925 2854 2110 2909 miam:
2134 2857 2309 2911 Scribe
2327 2861 2493 2913 omnia
2518 2861 2683 2927 verba,
2712 2879 2823 2933 qua:
2851 2864 3081 2933 loquutus
3114 2883 3223 2920 sum
3246 2868 3314 2921 ad
3339 2878 3414 2933 te,
3456 2887 3489 2923 a

1926 2944 2097 3000 diebus
2122 2944 2282 3002 Josia:
2304 2965 2461 3018 usque
2495 2952 2563 3003 ad
2597 2952 2728 3005 diem
2756 2954 2886 3006 hanc
2930 2954 2949 3025 (
2983 2955 3091 3009 Jer.
3123 2956 3207 3011 56.
3257 2958 3308 3011 1.
3351 2957 3387 3012 2
3414 2958 3433 3029 )
3465 2974 3481 3009 :

1926 3034 2027 3090 hoc
2051 3044 2152 3101 est,
2183 3039 2361 3091 omnia
2413 3040 2550 3093 mala
2596 3056 2713 3110 quae
2762 3044 2934 3113 cogito
2979 3044 3152 3101 facere
3193 3046 3290 3101 eis.
3320 3047 3473 3115 Vide,

1923 3125 2048 3195 quid
2077 3125 2334 3196 benignus
2360 3142 2423 3181 ac
2447 3130 2694 3197 providus
2722 3131 2861 3185 dicat
2887 3134 3041 3187 Deus.
3069 3134 3201 3189 Nam
3237 3138 3486 3206 quoniam

1924 3216 2126 3286 singula
2148 3217 2398 3272 nolebant
2428 3218 2630 3285 audire,
2665 3220 2887 3292 Collige,
2924 3223 3114 3295 inquit,
3148 3226 3234 3280 illa
3263 3228 3437 3283 omnia
3461 3268 3480 3295 ,

1922 3320 1985 3360 ac
2011 3315 2213 3361 metum
2237 3321 2393 3377 auge,
2426 3318 2489 3363 ut
2518 3310 2601 3364 vel
2628 3308 2727 3365 hac
2767 3313 2972 3367 ratione
3014 3315 3342 3384 resipiscam.
3380 3317 3487 3373 Re-

1922 3396 2211 3452 eordamini
2232 3398 2475 3467 promissi
2501 3402 2665 3454 nostri
2692 3420 2704 3454 :
2735 3401 2787 3455 in
2809 3406 3101 3471 quaestione
3123 3408 3346 3474 positum
3372 3418 3476 3473 est,

1926 3496 1982 3541 ut
2005 3488 2345 3544 ostendamus
2373 3505 2467 3546 eos
2494 3491 2657 3545 libros
2682 3494 2822 3560 ipsos
2850 3493 3173 3549 laceraturos
3200 3496 3359 3553 fuisse
3391 3538 3406 3561 .
3440 3500 3485 3553 si

1924 3589 2113 3633 cuncta
2149 3594 2266 3649 qua:
2290 3580 2449 3636 hodie
2473 3582 2825 3652 contigerunt,
2856 3584 2957 3637 illis
2988 3585 3040 3640 in
3065 3595 3292 3640 mentem
3313 3589 3488 3642 venis-

1924 3679 2060 3724 sent.
2089 3669 2246 3725 Forte
2270 3674 2471 3727 audient
2496 3674 3040 3743 mala(adhzurendum
3059 3676 3196 3729 enim
3220 3685 3301 3731 est
3320 3675 3487 3731 histo-

1923 3761 2017 3816 ria:
2043 3761 2081 3831 ),
2111 3777 2221 3831 qua:
2258 3763 2418 3833 cogito
2448 3768 2613 3835 facere
2645 3766 2714 3818 eis
2740 3806 2755 3831 ,
2795 3774 2841 3818 et
2891 3775 3171 3819 avertantur
3210 3783 3243 3820 a
3287 3768 3367 3822 uia
3391 3784 3487 3822 sua

1926 3853 2119 3927 praoo(
2147 3854 2282 3908 Ibid.
2312 3871 2359 3908 υ.
2391 3855 2424 3909 5
2449 3857 2490 3925 ).
2533 3853 2713 3922 Forte,
2747 3854 2873 3909 dicit
2912 3855 3091 3909 Deus?
3140 3871 3265 3910 num
3304 3857 3481 3927 igitur,

1927 3961 2126 4017 quaeso,
2159 3946 2332 4000 futura
2364 3947 2570 4016 ignorat
2592 3948 2615 3999 ?
2637 3960 2739 3999 non
2766 3945 2909 3998 novit
2935 3960 3002 3997 an
3032 3945 3258 3999 audituri
3286 3948 3410 4012 sint,
3436 3948 3481 4002 is

1924 4038 2012 4109 qui
2045 4038 2190 4092 novit
2218 4038 2395 4091 omnia
2420 4046 2698 4105 antequam
2731 4035 2880 4101 ﬁant,
2909 4037 2996 4105 qui
3026 4036 3186 4090 corda
3211 4048 3480 4093 scrutatur

1923 4137 1975 4183 et
1998 4142 2171 4193 renes,
2195 4127 2282 4197 qui
2310 4126 2573 4181 discretor
2596 4134 2678 4179 est
2705 4126 3081 4195 cogitationum
3103 4136 3157 4181 et
3182 4128 3435 4183 mentium
3460 4170 3477 4192 .

1922 4220 2074 4290 cujus
2095 4218 2262 4275 oculis
2300 4218 2439 4274 nuda
2470 4227 2522 4272 et
2546 4228 2726 4285 aperta
2774 4226 2897 4271 sunt
2923 4217 3099 4272 omnia
3121 4218 3145 4270 ?
3170 4218 3278 4273 Cur
3301 4230 3480 4274 autem

1920 4310 2099 4375 dixit,
2132 4308 2287 4363 Forte
2330 4306 2733 4361 audientiNam
2758 4316 2813 4361 et
2862 4307 2977 4362 haec
3029 4322 3203 4376 operte
3252 4310 3481 4377 pretium

1924 4402 2081 4457 fuerit
2107 4416 2202 4455 vos
2221 4401 2486 4464 didicisse,
2518 4408 2731 4470 propter
2755 4414 2847 4454 eos
2866 4400 2955 4469 qui
2985 4400 3252 4469 uuigenito
3275 4400 3365 4455 Dei
3393 4401 3482 4455 Fi-

1924 4493 1996 4547 lio
2022 4492 2367 4562 ignorantiam
2396 4491 2666 4560 objiciunt.
2698 4489 2838 4545 Ecce
2886 4489 3028 4543 enim
3066 4490 3223 4544 Pater
3267 4505 3479 4561 quoque

1923 4583 2213 4654 ignorantis
2258 4582 2431 4637 verbis
2480 4581 2686 4635 utitur:
2734 4579 3016 4650 siquidem,
3062 4578 3237 4647 Forte,
3267 4595 3366 4635 vox
3397 4592 3482 4636 est

1924 4676 2212 4746 ignorantis
2238 4696 2251 4728 :
2278 4681 2637 4728 verumtamen
2659 4687 2987 4743 nequaquam
3011 4673 3231 4744 ignorat.
3256 4674 3477 4741 Quando

1928 4767 2087 4838 igitur
2116 4776 2167 4820 et
2198 4766 2386 4819 Filium
2432 4766 2533 4819 tale
2574 4764 2698 4834 quid
2739 4763 3000 4819 dicentem
3030 4764 3311 4829 audiveris,
3335 4780 3481 4821 eant-

1924 4860 2043 4913 dem
2083 4858 2395 4913 sententiam
2426 4857 2655 4927 suscipe.
2690 4856 2819 4911 Nam
2864 4872 2983 4911 cum
3031 4856 3191 4911 Filius
3234 4858 3335 4924 sit,
3367 4857 3474 4913 ubi-

1926 4962 2027 5017 que
2048 4947 2258 5001 Patrem
2290 4947 2543 5000 imitatur.

1998 5034 2322 5089 Prtescientia
2345 5051 2444 5089 non
2468 5040 2538 5088 est
2560 5051 2710 5088 causa
2734 5035 2942 5106 peccati.
2958 5064 3027 5075 —
3047 5031 3149 5088 Sed
3173 5032 3484 5095 dilleramtts

1930 5112 2183 5178 tantisper
2228 5111 2322 5161 has
2371 5110 2817 5164 concertationum
2850 5114 3175 5182 occasiones,
3203 5133 3273 5174 ne
3294 5132 3325 5174 ι
3358 5132 3477 5185 pm.

1931 5204 2098 5269 posito
2127 5213 2436 5271 argumento
2484 5204 2853 5257 discedamus:
2877 5221 3171 5274 quaeramus
3199 5223 3295 5263 cur
3318 5210 3481 5277 dicat,

1926 5291 2082 5346 Forte
2126 5297 2349 5348 audient.
2401 5295 2456 5349 Si
2506 5294 2743 5359 dixisset,
2780 5296 3022 5357 Audierit.
3058 5300 3255 5369 absque
3300 5298 3481 5365 Forte.

1925 5381 2112 5436 falsum
2144 5385 2490 5437 fuicsetznon
2538 5382 2676 5435 enim
2724 5396 2874 5437 erant
2918 5387 3165 5441 audituri.
3209 5390 3262 5445 Si
3294 5407 3477 5444 verum

1922 5474 2161 5537 dixisset,
2183 5472 2299 5527 Non
2329 5475 2562 5537 audient,
2597 5476 2784 5529 frustra
2832 5492 2933 5530 non
2965 5479 3221 5533 audituris
3253 5480 3482 5547 prophe-

1922 5573 2029 5617 tam
2062 5566 2310 5618 misisset.
2344 5565 2521 5634 Neque
2564 5568 2759 5621 idcirco
2805 5578 3003 5623 tantum
3024 5612 3037 5632 ,
3070 5571 3159 5623 sed
3192 5586 3257 5624 ne
3284 5570 3387 5624 vim
3418 5586 3483 5626 ac

1924 5657 2288 5710 necessitatem
2313 5657 2539 5725 aliquam
2571 5659 2633 5710 ad
2656 5674 2757 5711 non
2784 5659 3073 5717 parendum
3102 5660 3292 5715 allerre
3315 5660 3481 5728 ipsius

1926 5748 2257 5816 prmscientia
2305 5757 2611 5816 putaretur,
2661 5758 2938 5815 propterea
2991 5764 3111 5805 cum
3156 5751 3483 5812 dubitatione
