4144 6512
640 427 745 483 171
1360 413 1415 471 S.
1456 414 1728 473 JOANNIS
1762 415 2227 475 CHRYSOSTOMI
2267 412 2576 473 ARCIIIEP.
2614 416 3139 478 CONSTANTINOP.

640 527 863 598 quadam
895 528 1003 582 hinc
1040 526 1199 583 verba
1231 528 1462 597 protulit,
1495 543 1561 583 ne
1590 528 1725 585 forte
1751 527 1989 584 dicerent
2012 529 2193 599 aliqui,

640 617 888 672 Pmdixit
930 617 1089 681 Deus,
1129 626 1183 671 et
1209 618 1423 672 omnino
1452 620 1666 674 evenire
1694 619 1970 687 oportebat
2003 638 2017 674 :
2055 619 2195 689 quod

637 711 704 765 de
730 710 861 764 Juda
892 709 1065 764 solent
1093 709 1288 765 dicere.
1322 711 1590 775 Prmdixit,
1620 712 1882 780 inquiunt,
1918 727 2037 765 eum
2070 727 2196 780 pro-

637 800 861 853 ditorem
910 798 1160 863 futurum,
1190 807 1245 854 et
1288 800 1483 855 idcirco
1526 801 1761 870 proditor
1808 801 1976 856 factus
2021 811 2121 856 est.
2151 800 2197 856 Ο

634 888 988 943 dementiam!
1019 905 1052 944 o
1075 889 1483 958 impudentiam!
1515 890 1695 960 Neque
1734 890 1875 945 enim
1908 890 2192 959 przeseien-

634 979 705 1034 tia
734 979 946 1034 malitia:
969 993 1125 1033 causa
1149 978 1264 1045 fuit,
1295 980 1366 1035 mi
1391 979 1552 1035 homo
1579 997 1593 1034 :
1621 980 1774 1035 absit.
1802 980 1917 1034 Non
1947 982 2084 1035 enim
2108 996 2191 1035 re-

3744 435 3869 490 172

2302 526 2495 593 a/ferri.
2519 528 2587 582 Et
2609 530 2805 584 sedebat
2842 549 2932 587 rea:
2974 534 3029 587 in
3074 534 3222 588 domo
3268 533 3472 589 hiemali
3498 535 3630 606 (Jer.
3659 537 3873 597 36.21.

2302 616 2397 686 22)
2422 635 2436 671 :
2459 620 2655 673 mensis
2672 622 2866 691 quippe
2887 638 3055 677 nonus
3074 633 3207 691 erat,
3229 622 3330 679 hoc
3348 634 3432 680 est
3443 625 3739 683 November
3755 629 3870 697 (α),

2301 717 2355 761 ει
2379 722 2572 761 nonum
2601 711 2829 778 appellat
2855 727 2884 765 a
2913 712 3098 768 Martio
3123 715 3449 769 numerando
3480 734 3493 770 :
3524 733 3644 773 nam
3674 728 3729 773 et
3758 718 3875 774 hoc

2299 793 2575 864 diligenter
2599 798 2982 855 observandum
3008 811 3107 857 est.
3131 801 3186 858 Si
3215 804 3356 859 enim
3379 820 3410 859 a
3438 806 3733 875 Septembri
3759 824 3874 864 uu-

2298 896 2570 952 merasset,
2602 888 2770 943 hiems
2810 899 2919 946 tum
2964 894 3217 961 temporis
3255 909 3376 951 esse
3417 910 3521 951 non
3566 896 3867 956 debuisset.

2297 973 2405 1031 Cur
2431 977 2585 1047 igitur
2608 978 2707 1034 hoc
2727 980 2882 1035 etiam
2898 981 3234 1053 adjungitur?
3258 1000 3320 1040 ex
3338 986 3403 1041 iis
3423 1001 3541 1055 qum
3565 999 3874 1057 sequuntur

634 1074 734 1127 bus
766 1072 953 1128 futuris
978 1072 1132 1128 affert
1152 1073 1540 1138 necessitatem,
1566 1072 1661 1128 sed
1691 1072 1939 1141 pnevidet
1969 1080 2190 1126 tantum.

633 1164 749 1219 Non
777 1166 893 1234 quia
925 1164 1163 1234 praedixit
1202 1163 1457 1229 Christus,
1487 1162 1652 1218 factus
1690 1171 1772 1216 est
1801 1161 2033 1231 proditor
2066 1161 2189 1226 ille;

632 1255 727 1310 sed
753 1257 871 1324 quia
894 1254 1127 1325 proditor
1155 1254 1357 1308 futurus
1376 1262 1507 1319 erat,
1529 1253 1767 1309 Christus
1791 1252 1984 1306 ideirco
2006 1252 2194 1321 praedi-

631 1347 728 1400 xit.
752 1345 827 1400 Ne
848 1346 1002 1416 igitur
1020 1344 1106 1400 hic
1123 1344 1279 1399 etiam
1306 1345 1482 1398 dicant
1507 1359 1624 1397 eum
1645 1359 1749 1398 non
1777 1342 2047 1398 audituros
2072 1342 2192 1397 illos

632 1437 850 1501 dixisse,
879 1452 941 1491 ac
970 1436 1287 1505 paenitentia:
1332 1436 1467 1489 viam
1512 1434 1615 1489 illis
1657 1434 2005 1503 praeclusisse,
2049 1449 2189 1502 pra:-

631 1530 792 1594 veuit,
822 1539 977 1597 atque
1018 1542 1228 1583 omnem
1258 1529 1585 1584 occasionem
1620 1527 1721 1583 illis
1750 1526 2036 1596 praeripuit,
2063 1525 2187 1579 dum

629 1617 899 1688 prephette
920 1617 1070 1672 dixit.
1101 1616 1253 1671 Forte
1279 1617 1502 1671 audient.

701 1709 753 1763 5.
781 1707 1150 1763 Recordamini
1178 1707 1419 1777 promissi
1451 1725 1464 1761 :
1496 1722 1615 1761 nam
1642 1708 1839 1763 idcirco
1863 1707 2071 1763 assidue
2095 1724 2189 1761 vo-

628 1796 711 1850 bis
754 1798 806 1851 in
847 1797 1153 1851 memoriam
1184 1796 1310 1851 illud
1354 1811 1565 1859 revoco,
1600 1812 1665 1852 ne
1706 1813 1824 1852 cum
1872 1799 2185 1853 solutionem

628 1888 885 1956 attulero,
934 1890 1239 1959 quaestionis
1292 1889 1440 1943 initio
1494 1888 1860 1959 disputationis
1904 1893 2187 1959 proposita:

626 1980 745 2035 sitis
772 1980 1126 2034 immemores.
1174 1978 1449 2045 Quodnam
1480 1979 1636 2049 igitur
1665 1980 1790 2034 illud
1820 1980 1953 2034 fuit?
1981 1979 2034 2035 Si
2078 1981 2185 2034 sci-

623 2071 830 2124 vissent
855 2069 1022 2124 Judzci
1064 2080 1316 2125 eventura
1357 2069 1460 2124 illis
1489 2069 1652 2124 fuisse
1694 2071 1852 2135 mala,
1894 2086 2010 2141 qua:
2035 2085 2184 2125 com-

625 2158 1021 2230 prehenderunt
1047 2160 1163 2215 illos
1192 2160 1349 2232 (haec,
1374 2161 1607 2230 inquam,
1630 2162 1765 2215 mala
1791 2177 1906 2229 qua:
1925 2176 2066 2216 nunc
2091 2176 2185 2216 eos

624 2253 907 2321 detinent),
934 2253 1075 2321 ipsos
1104 2253 1267 2307 libros
1295 2252 1694 2311 dilacerasseut.
1727 2268 1895 2322 neque
1926 2252 2090 2306 sacris
2116 2253 2181 2305 li-

625 2345 753 2398 teris
790 2345 1169 2414 pepercissent.
1206 2342 1310 2398 Sed
1340 2343 1404 2397 ad
1445 2342 1715 2398 historiam
1758 2343 2054 2398 redeamus.
2087 2341 2183 2396 His

624 2434 811 2487 auditis
846 2442 985 2486 vocat
1022 2431 1267 2486 Jeremias
1295 2432 1593 2502 discipulum
1622 2449 1765 2485 suum
1793 2430 1993 2485 Baruclt
2022 2431 2183 2501 ﬁlium

626 2522 819 2590 Nerite,
850 2533 897 2576 et
923 2524 994 2577 ait
1020 2522 1098 2575 illi
1119 2538 1137 2577 :
1161 2522 1335 2577 Scribe
1357 2524 1407 2575 in
1431 2523 1555 2575 libro
1576 2524 1707 2575 mala
1732 2523 1919 2587 omnia,
1946 2538 2057 2590 qua:
2082 2520 2185 2576 illis

624 2622 859 2667 eventura
878 2623 993 2667 sunt
1019 2611 1152 2681 (Jer.
1178 2612 1267 2666 36.
1291 2613 1367 2680 4).
1393 2611 1527 2678 Quid
1553 2613 1651 2666 hoc
1673 2611 1746 2666 rei
1772 2611 1886 2665 est?
1913 2611 2052 2664 tibia
2079 2611 2185 2665 Deo

624 2704 925 2758 mandatum
948 2712 1048 2769 est,
1078 2712 1130 2757 et
1149 2702 1460 2770 discipulum
1487 2702 1689 2755 mittis?
1715 2716 1839 2755 num
1859 2700 2055 2770 refugis
2077 2716 2183 2768 przc

622 2794 852 2848 timore?
877 2809 1002 2847 num
1032 2792 1269 2848 vereris?
1298 2809 1421 2846 num
1466 2791 1817 2846 reformidas?
1857 2792 1903 2846 si
1933 2800 1989 2846 tu
2018 2790 2185 2845 refor-

622 2886 811 2949 midas,
840 2900 944 2954 quo
970 2893 1120 2953 pacto
1145 2883 1433 2952 discipulus
1468 2883 1717 2937 audebit?
1741 2885 1808 2935 At
1837 2882 1966 2936 nihil
1996 2883 2181 2934 horum

622 2984 744 3040 est;
772 2974 981 3028 additur
1021 2973 1161 3026 enim
1189 2987 1384 3027 causa:
1426 2986 1546 3025 nam
1582 2985 1702 3025 cum
1741 2970 1979 3034 dixisset,
2010 2970 2182 3023 Scribe

621 3084 682 3120 ac
701 3067 824 3137 lege,
856 3064 1127 3133 subjunxit
1155 3080 1168 3117 :
1197 3062 1306 3133 Ego
1333 3062 1463 3115 enim
1489 3062 1710 3115 detineor
1729 3062 1781 3114 in
1802 3076 1996 3113 carcere
2020 3058 2177 3129 (Ibid.

622 3175 670 3211 υ.
703 3159 782 3227 5).
812 3158 855 3212 Ο
884 3156 1398 3225 magnanimitatem!
1433 3154 1488 3208 ln
1520 3153 1739 3207 vinculis
1764 3161 1896 3215 erat,
1922 3162 1976 3207 et
2005 3166 2034 3205 a
2063 3166 2182 3221 pro-

622 3247 796 3317 phetia
819 3261 921 3300 non
947 3246 1261 3300 abstinebat.
1282 3244 1626 3299 Attendamus
1648 3243 1773 3311 justi
1797 3242 2179 3307 fortitudinem,

622 3340 843 3408 ejusque
885 3337 1046 3392 animi
1102 3334 1505 3405 philosophiam.
1552 3333 1665 3387 Non
1715 3332 1846 3387 dixit
1894 3332 2030 3401 apud
2079 3346 2179 3386 se:

620 3430 751 3483 Tam
792 3430 951 3483 multa
984 3427 1111 3482 mihi
1154 3435 1371 3498 pr0pter
1414 3424 1551 3479 hanc
1595 3424 1843 3493 loquendi
1886 3424 2180 3477 libertatem

625 3520 760 3572 mala
811 3519 1199 3588 contigerunt:
1256 3516 1529 3570 innumera
1580 3513 1784 3585 profudi
1841 3514 2033 3577 verba,
2082 3526 2181 3566 nec

620 3610 903 3679 quidquam
933 3606 1150 3677 profeci,
1182 3623 1351 3677 neque
1380 3607 1513 3662 lucri
1542 3608 1666 3660 mihi
1708 3606 1804 3660 fuit
1830 3606 1992 3671 aliud,
2022 3620 2177 3673 quam

624 3708 681 3751 ut
708 3699 757 3751 iu
788 3698 991 3751 vincula
1018 3698 1310 3765 conjicerer
1335 3714 1350 3749 :
1377 3696 1597 3751 necdum
1636 3712 1718 3750 me
1748 3697 1884 3750 Deus
1909 3710 1936 3747 a
1961 3694 2180 3749 vinculis

622 3787 878 3851 liberavit,
906 3795 961 3841 et
986 3802 1069 3839 me
1112 3799 1293 3839 rursus
1317 3786 1384 3839 ad
1427 3786 1542 3840 illas
1588 3786 1787 3840 belluas
1816 3786 2012 3839 mittit?
2040 3785 2179 3839 Nihil

624 3878 812 3933 horum
841 3887 929 3931 aut
956 3876 1105 3943 dixit,
1133 3885 1224 3929 aut
1251 3877 1531 3945 cogitavit;
1563 3876 1656 3929 sed
1688 3876 1739 3929 id
1783 3892 1943 3930 unum
1968 3885 2179 3945 specta-

624 3970 732 4033 hat,
779 3976 836 4021 ut
881 3965 1085 4020 Domini
1129 3975 1447 4036 praeceptum
1475 3967 1750 4035 perliceret
1790 3982 1803 4017 :
1852 3975 1906 4020 et
1932 3967 2178 4036 quoniam

624 4073 718 4127 per
745 4057 976 4126 seipsum
1004 4070 1107 4110 non
1136 4064 1362 4125 poterat.
1394 4071 1487 4125 per
1505 4056 1817 4125 discipulum
1846 4057 1970 4111 illud
1997 4059 2182 4124 imple-

623 4147 719 4202 vit.
748 4146 876 4215 Lege
901 4160 1125 4215 namque
1152 4146 1273 4210 illis,
1305 4146 1493 4214 inquit,
1521 4156 1566 4201 et
1590 4148 1670 4199 dic
1698 4149 1866 4201 omnia
1893 4150 2043 4202 mala.
2074 4149 2181 4219 Ego

624 4238 756 4291 enim
784 4237 1003 4290 detineor
1026 4237 1075 4288 in
1111 4252 1305 4289 carcere
1332 4235 1490 4304 (Ibid.
1519 4252 1565 4289 υ.
1595 4236 1670 4307 6).
1700 4237 1764 4291 Et
1789 4238 1993 4292 dicebat
2030 4239 2179 4295 lere-

625 4330 780 4395 niias,
825 4336 878 4382 et
921 4327 1122 4381 Baruch
1168 4327 1429 4381 scribebat
1458 4329 1509 4382 in
1554 4329 1706 4382 libro.
1734 4329 1927 4399 Jejunii
1978 4341 2183 4400 tempus

626 4418 743 4483 fuit,
769 4432 887 4472 cum
920 4417 1031 4472 hmc
1056 4417 1241 4471 fierent
1270 4436 1281 4470 :
1314 4418 1502 4473 festum
1534 4419 1779 4485 instabat,
1806 4420 1941 4489 quod
1972 4421 2037 4473 ad
2067 4436 2183 4475 me-

626 4508 875 4577 tropolitn
916 4522 1098 4562 omnes
1124 4508 1339 4562 vocabat
1369 4526 1383 4562 :
1410 4525 1714 4564 commtmes
1737 4511 1926 4580 quippe
1950 4526 2179 4564 conven.

628 4608 710 4651 tus
737 4599 820 4668 agi
858 4600 1109 4669 oportuit,
1138 4598 1559 4669 quandoquidem
1586 4600 1653 4655 de
1693 4601 2002 4654 necessariis
2028 4601 2185 4655 rebus

626 4687 1020 4742 deliberandum
1049 4688 1099 4741 in
1128 4688 1355 4742 comitiis
1384 4687 1502 4742 fuit.
1549 4688 1813 4759 Ingressus
1837 4699 1907 4743 est
1944 4691 2011 4742 ad
2040 4692 2183 4759 prin-

628 4780 762 4848 cipes
793 4775 1015 4843 Baruclt,
1043 4787 1087 4830 et
1112 4779 1226 4847 legit
1247 4780 1301 4831 in
1324 4780 1526 4831 auribus
1552 4781 1831 4848 principum
1852 4781 2019 4831 omnia
2040 4779 2186 4833 verba

631 4875 736 4923 lucc
761 4867 919 4938 (Ibid.
950 4884 998 4921 υ.
1041 4869 1103 4921 Η
1124 4867 1235 4937 ,15)
1270 4884 1282 4920 :
1313 4876 1367 4921 et
1395 4883 1605 4922 causam
1649 4872 1806 4923 etiam
1838 4868 1971 4922 dixit
2003 4887 2014 4923 :
2049 4869 2183 4923 For-

630 4974 760 5017 tasse
802 4975 1046 5030 namque,
1091 4960 1274 5028 inquit,
1314 4961 1456 5012 cadet
1497 4962 1837 5014 misericordia
1876 4970 2034 5014 vestra
2074 4971 2189 5015 ante

629 5056 807 5124 [aciem
831 5052 1035 5107 Domini
1059 5050 1213 5122 (Ibid.
1242 5068 1288 5103 υ.
1318 5050 1372 5121 7)
1398 5066 1415 5103 :
1448 5066 1512 5105 ne
1531 5052 1891 5105 existimarent
1914 5068 2033 5106 eum
2058 5060 2189 5105 tam—

630 5157 787 5213 quam
817 5150 1173 5196 accusatorem
1212 5139 1325 5195 haec
1368 5140 1565 5207 dicere,
1611 5140 1703 5195 sed
1742 5149 1799 5193 ut
1831 5155 1951 5194 cum
1990 5142 2055 5196 ad
2096 5156 2191 5196 eos

630 5230 893 5288 sanandos
917 5231 1124 5285 venisse
1165 5231 1335 5300 ipsum
1376 5231 1789 5294 intellexissent,
1834 5231 2096 5300 :equiores
2128 5247 2190 5288 ac

631 5322 962 5392 benigniores
990 5320 1360 5377 redderentur.
1389 5322 1522 5389 Quid
1551 5337 1678 5389 ergo
1706 5322 1815 5375 illi?
1840 5321 1971 5375 Cum
1996 5325 2191 5391 gratias

634 5398 790 5483 agere
835 5410 1172 5481 oportuisset,
1221 5426 1339 5465 cum
1386 5429 1504 5467 eum
1548 5411 1781 5478 laudare,
1824 5426 1943 5467 cum
1984 5414 2191 5478 efferre,

634 5504 764 5559 nihil
787 5504 976 5559 horum
1001 5510 1176 5572 agunt,
1208 5503 1302 5555 sed
1330 5504 1581 5557 abeuntes
1609 5505 2049 5559 annuntiaverunt
2082 5503 2190 5573 regi

634 5612 751 5666 qua:
778 5596 971 5663 scripta
1000 5601 1150 5648 erant
1178 5594 1226 5645 in
1256 5592 1410 5657 libro,
1439 5604 1490 5647 et
1521 5593 1875 5663 deposuerunt
1920 5594 2107 5646 librum
2140 5594 2191 5648 iu

635 5685 793 5739 domo
818 5684 1043 5737 Elisatua
1077 5682 1234 5753 (lbitl.
1266 5700 1311 5735 v.
1341 5686 1456 5753 20).
1489 5682 1555 5735 Et
1588 5700 1699 5735 cum
1730 5684 1958 5749 misisset,
1993 5683 2191 5751 inquit,

634 5789 723 5827 rea:
752 5773 941 5840 Juden,
976 5788 1135 5829 unum
1162 5789 1224 5828 ex
1264 5772 1645 5842 apparitoribus
1682 5774 1811 5841 suis,
1845 5776 2024 5829 librum
2044 5777 2196 5846 jussit

2296 1074 2479 1133 aperte
2502 1081 2807 1136 cognosces.
2830 1069 2896 1123 Et
2916 1074 3055 1141 focus
3074 1073 3204 1143 ignis
3227 1084 3341 1128 mue
3366 1075 3509 1128 illum
3533 1091 3553 1129 :
3574 1078 3866 1140 carbones.

2296 1157 2483 1226 inquit,
2522 1159 2768 1227 quoniam
2815 1160 2977 1230 frigus
3019 1173 3153 1218 erat.
3181 1163 3384 1219 Videtis
3412 1173 3469 1220 ut
3504 1166 3632 1221 nihil
3656 1182 3686 1221 a
3711 1166 3869 1223 Scri-

2296 1255 2446 1313 ptura
2472 1261 2619 1302 sacra
2642 1250 2948 1305 omittatur?
2977 1251 3038 1306 Et
3056 1252 3312 1309 carbones
3334 1254 3469 1323 ignis
3494 1264 3619 1311 ante
3642 1257 3818 1327 ipsum
3842 1273 3863 1310 :

2292 1344 2344 1387 et
2366 1336 2816 1391 circumsistebant
2839 1354 2960 1394 eum
2989 1351 3212 1410 satrapae
3237 1358 3251 1395 :
3283 1343 3474 1399 allatus
3498 1352 3583 1399 est
3606 1344 3741 1400 liber
3762 1346 3860 1401 in-

2293 1426 2523 1480 numeris
2549 1425 2849 1482 redundans
2870 1427 3024 1483 honis
3048 1430 3328 1499 (malorum
3355 1434 3550 1504 quippe
3578 1436 3861 1504 prophetia

2291 1513 2547 1567 malorum
2596 1526 2711 1569 erat
2751 1516 3118 1590 propulsatio),
3163 1528 3218 1576 et
3260 1520 3551 1591 legebatur.
3594 1524 3864 1581 Mentoreo

2290 1604 2436 1668 mihi,
2466 1620 2663 1674 qumso,
2691 1615 2857 1662 estote
2885 1610 3152 1678 promissi.
3179 1607 3245 1664 Et
3269 1626 3383 1665 cum
3409 1614 3603 1684 legisset
3627 1616 3713 1669 ille
3742 1625 3856 1671 tres

2290 1694 2533 1765 pagellas,
2556 1705 2753 1764 sumpto
2780 1698 2997 1767 scapello
3024 1699 3191 1766 scidit,
3228 1711 3275 1755 et
3300 1701 3353 1755 in
3380 1704 3547 1771 focum
3574 1703 3701 1773 ignis
3729 1721 3861 1774 pro-

2282 1785 2428 1853 jecit,
2451 1784 2604 1839 donec
2629 1794 2783 1839 totum
2808 1787 3034 1841 volumen
3062 1789 3241 1858 defecit
3269 1789 3429 1862 (Ibid.
3453 1807 3502 1845 υ.
3526 1790 3638 1861 25).
3662 1793 3857 1859 Vides,

2288 1883 2347 1927 ut
2372 1889 2437 1928 ne
2483 1874 2629 1929 libris
2666 1875 2877 1943 quidem
2909 1879 3164 1946 pareant?
3190 1889 3248 1933 ut
3274 1896 3343 1935 ne
3384 1895 3413 1935 a
3444 1882 3613 1936 literis
3633 1882 3857 1952 quidem

2287 1965 2452 2019 sacris
2490 1964 2824 2020 abstineant?
2850 1967 3106 2032 Quoniam
3153 1970 3510 2039 captivitatem
3553 1971 3857 2029 Jerusalem

2285 2055 2607 2121 continebat,
2627 2070 2745 2110 eum
2763 2057 3019 2112 conscidit
3043 2073 3061 2112 :
3081 2069 3136 2114 et
3161 2075 3279 2114 eum
3306 2060 3613 2131 prephetam
3640 2078 3743 2117 non
3766 2063 3860 2117 in-

2286 2147 2539 2210 venisset,
2576 2147 2630 2200 in
2660 2147 2836 2202 literas
2868 2148 2997 2203 iram
3041 2149 3244 2204 effudit.
3274 2151 3371 2219 Qui
3400 2166 3526 2222 ergo
3557 2167 3642 2206 res
3670 2153 3856 2207 inani-

2286 2246 2453 2289 malas
2483 2238 2555 2290 ita
2582 2238 2929 2307 persequitur,
2960 2238 3006 2293 si
3029 2239 3202 2293 anima
3234 2240 3508 2309 praeditum
3538 2241 3854 2306 invenisset.

2284 2324 2407 2394 quid
2438 2340 2541 2378 non
2572 2325 2813 2380 fecisset?
2838 2326 2965 2381 Nam
2990 2328 3433 2395 quemadmodum
3452 2345 3610 2385 saeva:
3636 2331 3853 2396 bellare,

2283 2429 2403 2468 cum
2430 2430 2522 2469 eos
2565 2416 2899 2484 arripuerint,
2940 2418 3024 2487 qui
3054 2431 3172 2472 cum
3199 2419 3327 2487 ipsis
3352 2420 3642 2485 decertant,
3688 2432 3741 2475 et
3770 2422 3855 2477 iiii

2283 2505 2476 2562 deinde
2503 2507 2698 2562 relictis
2723 2507 2773 2561 in
2800 2522 2891 2562 ore
2914 2509 3201 2563 belluarum
3231 2510 3473 2579 pellibus,
3503 2512 3693 2581 quibus
3713 2514 3857 2565 ami-

2282 2599 2511 2666 ciuntur,
2541 2598 2855 2668 aufugerint,
2892 2599 3006 2654 illas
3029 2600 3220 2656 deinde
3247 2600 3550 2671 discerpunt
3575 2602 3853 2673 dentibus,

2284 2697 2342 2741 ut
2367 2689 2437 2741 ita
2468 2689 2693 2742 furorem
2735 2703 2885 2743 suum
2930 2689 3211 2759 expleant:
3261 2692 3331 2744 ita
3362 2691 3607 2744 nimirum
3652 2700 3704 2744 et
3749 2706 3854 2747 rex

2284 2777 2425 2832 feeit.
2446 2778 2558 2833 Non
2586 2778 2803 2833 offendit
2825 2794 2967 2845 eum,
2993 2781 3081 2847 qui
3103 2778 3292 2835 librum
3316 2780 3547 2845 tenebat,
3572 2790 3627 2836 et
3651 2781 3854 2835 librum

2282 2869 2581 2924 conscidit:
2610 2884 2781 2939 neque
2825 2861 3080 2924 conscidit
3121 2870 3315 2937 solum,
3345 2869 3438 2925 sed
3488 2880 3542 2925 et
3573 2871 3624 2924 iu
3668 2869 3854 2925 locum

2284 2958 2417 3028 ignis
2447 2959 2644 3029 injecit,
2671 2968 2727 3013 ut
2754 2974 2821 3014 ne
2848 2960 3083 3028 reliquis:
3102 2961 3314 3030 quidem
3341 2975 3405 3015 ex
3433 2960 3601 3015 literis
3627 2961 3727 3014 illis
3753 2975 3853 3014 re-

2282 3058 2504 3104 starent.
2528 3049 2631 3104 Sed
2669 3049 2898 3104 nondum
2924 3064 3135 3104 omnem
3165 3050 3279 3120 ejus
3314 3050 3597 3104 amentiam
3629 3063 3856 3118 perspe-

2283 3149 2422 3194 ctam
2449 3138 2686 3194 habetis:
2706 3139 2866 3209 probe
2889 3153 3014 3195 vero
3038 3140 3235 3203 scietis,
3254 3140 3297 3194 si
3322 3139 3607 3195 narrationi
3623 3139 3857 3208 diligen-

2283 3239 2365 3285 ter
2387 3228 2731 3284 attenderitis.
2762 3228 2877 3284 Non
2905 3229 3045 3284 enim
3072 3228 3204 3284 dixit
3232 3245 3349 3284 eum
3393 3238 3504 3283 toto
3543 3229 3680 3283 lecto
3708 3228 3855 3282 libro

2283 3319 2471 3375 deinde
2496 3320 2665 3390 ipsum
2692 3321 2957 3376 exussisse
2982 3337 2995 3373 :
3026 3319 3281 3390 quinimo,
3309 3319 3435 3376 Cum
3456 3329 3554 3374 tres
3573 3330 3857 3389 quatuorve

2285 3409 2506 3477 pageltas
2550 3410 2766 3479 legisset,
2814 3411 2979 3479 ipsum
3024 3410 3286 3463 conscidit.
3316 3409 3394 3465 Ne
3431 3412 3600 3480 ipsum
3630 3408 3855 3478 quidem

2282 3496 2521 3551 lectionis
2545 3497 2706 3552 ﬁnem
2728 3500 3069 3567 exspectavit,
3094 3500 3188 3555 sed
3213 3498 3281 3553 ab
3305 3500 3421 3568 ipso
3444 3500 3699 3569 prooemio
3721 3513 3857 3553 con.

2281 3588 2454 3659 festim
2479 3597 2813 3657 exasperatus
2832 3598 2932 3644 est.
2956 3589 3240 3659 Propterea
3268 3599 3434 3644 tutum
3457 3604 3561 3644 nou
3582 3597 3698 3644 erat
3722 3604 3855 3658 pro-

2283 3679 2454 3749 phetis
2483 3678 2652 3733 futura
2693 3678 2866 3733 omnia
2897 3679 3033 3733 mala
3057 3678 3255 3735 Judzeis
3275 3688 3457 3749 aperte
3484 3679 3680 3735 dicere.
3707 3678 3851 3734 Nam

2282 3772 2325 3823 si
2356 3770 2706 3839 captivitatem
2733 3768 2797 3823 ad
2823 3778 3029 3839 tempus
3055 3770 3277 3824 futuram
3304 3769 3486 3823 audire
3511 3768 3723 3823 minime
3747 3782 3854 3839 po-

2282 3858 2401 3922 tuit,
2424 3858 2689 3926 quomodo
2713 3870 3012 3927 perpetuam
3037 3857 3243 3914 discere
3265 3857 3641 3913 sustinuisset?
3662 3857 3853 3927 Neque

2281 3957 2558 4003 contentus
2583 3950 2681 4001 hoc
2706 3947 2801 4001 fuit
2822 3963 2911 4002 rex
2937 3966 2949 4001 :
2982 3948 3076 4003 sed
3104 3949 3264 4014 misit,
3293 3948 3480 4019 inquit,
3508 3949 3575 4004 ad
3603 3964 3856 4019 quaeren-

2281 4039 2405 4094 dum
2432 4039 2623 4109 ubique
2650 4038 2979 4108 prephetam,
3007 4039 3098 4094 sed
3123 4055 3229 4095 non
3255 4041 3451 4094 invenit
3476 4054 3596 4095 eum
3628 4058 3642 4094 :
3669 4042 3854 4095 occul-

2284 4129 2410 4183 tavit
2452 4129 2590 4182 enim
2637 4128 2780 4181 illum
2814 4128 2950 4183 Deus
2993 4127 3150 4196 (Ibid.
3196 4143 3243 4181 tt.
3286 4128 3402 4199 26).
3432 4129 3583 4183 Illum
3628 4127 3852 4199 quidem

2283 4229 2394 4273 tum
2437 4216 2574 4282 loco,
2603 4228 2825 4272 caeteros
2857 4228 3031 4272 autem
3063 4218 3345 4287 prophetas
3382 4232 3565 4274 eorum
3598 4218 3855 4273 obscuri.

2284 4316 2389 4361 tate
2414 4322 2530 4376 qua:
2555 4306 2863 4361 dicebantur
2887 4306 3186 4361 occultavit.

2352 4396 2407 4449 6.
2437 4394 2613 4463 Neque
2632 4409 2758 4450 vero
2788 4402 2986 4449 tantum
3015 4410 3079 4449 ex
3106 4396 3187 4450 bis
3215 4396 3367 4451 nobis
3394 4396 3615 4466 liquebit
3637 4435 3655 4460 ,
3700 4398 3855 4465 apud

2282 4484 2490 4538 Judzcos
2518 4483 2683 4538 audax
2708 4484 2831 4537 illud
2863 4482 3062 4537 facinus
3085 4485 3347 4540 exstitisse
3366 4526 3380 4548 ,
3411 4487 3677 4555 animique
3699 4488 3856 4554 peri-

2284 4572 2413 4627 culis
2441 4583 2640 4626 temere
2669 4586 2786 4627 sese
2810 4572 3126 4640 objicientis,
3152 4582 3464 4629 eventurum
3484 4576 3723 4645 gentibus
3748 4575 3859 4629 ho-

2347 4700 2418 4762 (α)
2450 4707 2531 4766 ιέε
2553 4698 2834 4766 ῑροθενῄοε
2880 4704 2951 4751 ια
2987 4702 3253 4766 November.
3293 4704 3470 4766 desunt
3499 4707 3549 4755 in
3581 4712 3689 4757 Ias.
3718 4705 3857 4759 Ibid.

2286 4758 2420 4821 negl,
2446 4758 3339 4835 XaumicusMarttusetprimus.'lbid.
3383 4764 3538 4825 Colb.,
3570 4766 3620 4817 si
3641 4766 3765 4818 enim
3812 4758 3851 4819 es

2285 4822 2332 4869 Ν
2338 4821 2540 4870 ovembrt
2564 4828 2869 4871 numerasset.
2904 4829 2959 4871 Ut
2993 4828 3157 4871 autem
3191 4823 3486 4875 intelligatur
3523 4825 3700 4875 clarius
3733 4832 3851 4875 omn

2285 4831 2540 4870 novembri
2564 4831 2869 4871 numerasset.
2904 4831 2959 4871 Ut
2993 4831 3157 4871 autem
3191 4831 3486 4886 intelligatur
3523 4831 3700 4877 clarius
3733 4831 3862 4888 quid

2285 4882 2363 4951 hic
2383 4882 2474 4930 sibi
2497 4878 2616 4930 velit
2638 4880 3033 4945 Cbrysostomm:
3060 4890 3168 4932 Haec
3188 4890 3329 4951 gesta
3363 4894 3493 4951 sunt,
3508 4946 3518 4951 _
3534 4888 3697 4951 inquit
3708 4896 3862 4951 tere-

2289 4944 2617 5015 mias,_mense
2641 4944 2789 5015 nono,
2824 4950 3035 5015 tuncque
3072 4956 3168 5015 rex
3194 4944 3864 5015 sedehatindomojtiemali

2288 5011 2340 5052 et
2362 5010 2474 5051 ante
2499 5003 2668 5059 focum,
2692 5001 3089 5065 frigorisrscilicet
3129 5003 3408 5065 depellendi
3445 5020 3603 5055 causa.
3628 5009 3742 5059 Cum
3764 5022 3864 5059 au-

2288 5073 2393 5135 tem
2412 5076 2566 5112 nonus
2586 5063 2814 5135 mensis_a
2846 5064 2955 5135 pio,
2977 5063 3264 5135 qulgprinitts
3283 5073 3389 5115 erat
3408 5070 3672 5117 secundum
3696 5076 3864 5119 uace-

2288 5125 2506 5189 donicutn
2524 5124 2801 5189 numerandi
2817 5125 2965 5172 ritum
2986 5124 3253 5189 Antiochiae
3274 5136 3542 5189 receptum,
3567 5142 3867 5179 numerare.

2290 5194 2385 5241 tur,
2411 5196 2438 5231 a
2460 5186 2559 5241 Dio,
2582 5184 2716 5254 cujus
2868 5186 3153 5254 Septembri,
3192 5198 3303 5254 pars
3337 5184 3545 5254 Octobri:
3568 5190 3860 5254 regiondet,

2290 5256 2442 5294 nonus
2463 5243 2644 5292 mensis
2659 5243 2823 5306 incidit
2840 5247 2887 5293 in
2912 5243 3077 5306 tiaium
3109 5243 3159 5295 et
3180 5243 3398 5306 Iunium;
3417 5249 3548 5306 atqui
3581 5248 3627 5297 bi
3651 5243 3865 5303 menses

2292 5320 2387 5355 non
2400 5307 2445 5352 in
2456 5312 2647 5368 tempus
2661 5303 2915 5368 hibernum
2938 5305 3177 5366 incidunt;
3196 5319 3348 5368 quare
3369 5303 3500 5356 aliud
3513 5310 3748 5357 mensium
3762 5311 3865 5362 ins-

2292 5368 2411 5431 tium
2433 5362 2651 5431 proponit
2672 5362 3062 5431 Chr‘ysostomus;
3085 5362 3261 5431 nempe
3289 5366 3588 5431 Xanthicum,
3614 5371 3696 5431 qui
3718 5383 3865 5421 mea.

2292 5427 2358 5474 sis
2377 5424 2638 5485 respondet
2654 5424 2823 5485 partim
2842 5424 3113 5487 Februario,
3128 5424 3297 5487 partim
3312 5430 3483 5487 Martio,
3501 5432 3565 5478 ita
3582 5424 3870 5483 ut'maxima

2293 5498 2404 5547 pars
2422 5487 2527 5546 ejus
2549 5487 2597 5532 in
2621 5488 2829 5547 Martium
2868 5488 3061 5547 incidat,
3101 5487 3270 5547 sicque
3301 5501 3456 5537 nonus
3476 5492 3658 5539 mensis
3678 5504 3705 5538 a
3726 5489 3870 5541 Xan-

2294 5546 2421 5593 thieo
2444 5548 2492 5611 in
2513 5546 3063 5611 ANovemhremﬂincidet,
3107 5552 3163 5597 ut
3190 5546 3272 5597 hic
3306 5548 3498 5598 dicitur.
3530 5550 3873 5611 lneogitanter

2295 5614 2456 5653 autem
2480 5606 2554 5653 hic
2577 5618 2656 5654 bim
2672 5608 2874 5655 Januarii
2898 5616 3111 5657 verterat
3134 5615 3303 5658 l-‘ronto
3325 5618 3540 5659 Ductus.
3560 5606 3674 5659 Hine
3693 5618 3872 5664 autem

2295 5666 2593 5733 confirmatur
2626 5667 2673 5713 id
2708 5667 2838 5733 quod
2878 5666 3873 5733 vulgo_statuitur,gAutiocheuos_uenatio

2295 5726 2605 5776 Macedonicis
2626 5726 2871 5776 mensibus
2892 5726 3004 5779 usos
3026 5728 3191 5780 fuisse.
3229 5726 3351 5780 Vide
3375 5734 3614 5782 Usserium
3636 5731 3699 5781 de
3722 5726 3875 5787 Auito

2297 5787 2591 5838 Macedonico
2616 5798 2665 5837 et
2687 5788 2849 5839 solari.
