4144 6474
229 365 346 423 173

248 495 443 537 aurem
470 492 536 538 et
568 484 811 557 gloriam,
836 492 890 539 et
911 500 1031 554 quin
1053 482 1173 538 illos
1191 495 1475 554 exceptura
1502 492 1647 539 esset
1679 485 1827 556 igno-

254 572 478 628 miniam
496 588 744 640 narrare,
761 572 1023 631 sedetiam
1032 589 1098 629 ex
1110 573 1604 645 ipsisPauliverbis.
1615 573 1710 630 llic
1726 574 1830 631 ita-

255 677 365 732 que
380 678 506 718 cum
526 664 845 733 prophetam
867 663 1154 731 quemdam
1173 664 1381 719 videret
1402 665 1675 733 paululum
1697 668 1826 735 quid

260 752 629 821 pradictionis
657 753 816 823 hujus
877 762 1227 818 reserantem,
1270 762 1327 809 et
1366 756 1621 824 apertius,
1662 773 1823 826 quam

264 846 376 911 alii,
407 856 520 901 tum
549 847 692 902 bona
729 856 932 911 nostra,
969 855 1083 901 tum
1112 847 1326 901 illorum
1360 848 1498 902 mala
1526 845 1819 917 dicentem,

268 938 562 1008 obstupuit,
596 947 651 994 et
675 938 950 993 audaciam
980 938 1122 995 illius
1146 939 1372 996 miratus
1396 948 1499 1007 est,
1526 940 1614 995 his
1646 940 1821 996 verbis

267 1038 460 1086 utens:
484 1030 659 1084 Isaias
693 1039 867 1083 autem
895 1030 1073 1092 audet,
1113 1038 1163 1084 et
1198 1030 1343 1094 dicit,
1371 1029 1618 1086 Inventus
1643 1047 1758 1085 sum
1784 1048 1820 1087 ιι

263 1122 367 1161 non
392 1108 719 1177 quarmtibtts
743 1123 823 1161 me
841 1121 862 1160 :
884 1105 1055 1177 palam
1072 1107 1289 1176 apparui
1307 1107 1391 1173 iis,
1420 1109 1507 1177 qui
1534 1124 1611 1161 me
1628 1124 1727 1161 non
1745 1109 1828 1162 in-

263 1196 599 1265 terrogabant.
630 1194 753 1249 Dixi
770 1235 785 1259 ,
816 1194 949 1248 Ecce
972 1211 1061 1265 ego
1078 1236 1095 1262 ,
1117 1196 1279 1266 genti,
1305 1196 1392 1262 qui
1412 1212 1512 1250 non
1537 1208 1829 1251 vocaverunt

261 1300 441 1339 nmen
465 1300 629 1339 meum
652 1283 834 1354 (Rom.
857 1284 945 1338 10.
968 1284 1074 1350 20;
1104 1284 1233 1339 lsai.
1260 1285 1349 1340 65.
1378 1287 1403 1340 ί
1426 1284 1468 1356 ).
1499 1285 1826 1357 Quamquam

260 1375 310 1428 si
341 1376 543 1430 nullum
569 1391 633 1430 ex
659 1375 1001 1445 praedictione
1027 1377 1318 1445 periculum
1349 1377 1707 1448 impendebat,
1734 1394 1829 1434 cur

257 1464 393 1519 dixit
419 1464 629 1528 Paulus,
651 1464 817 1518 Isaias
838 1475 1003 1519 autem
1023 1466 1191 1530 audet,
1217 1476 1263 1518 et
1290 1467 1432 1533 dicit,
1459 1465 1698 1522 Inventus
1717 1485 1828 1523 sunt

255 1573 289 1607 α
315 1572 414 1609 non
440 1556 767 1625 querentibus
790 1557 908 1609 me?
940 1556 1167 1613 Maxima
1192 1572 1374 1612 revera
1401 1558 1704 1615 Judieorum
1731 1574 1825 1615 ac-

253 1645 481 1701 cusatio.
516 1646 617 1712 Qui
645 1661 754 1701 non
779 1646 1086 1715 querebant
1108 1649 1421 1706 invenerunt
1442 1689 1458 1713 ,
1487 1658 1542 1705 et
1563 1651 1653 1719 qui
1675 1666 1823 1721 qua:-

253 1738 464 1803 rehant,
495 1752 592 1807 spe
617 1737 852 1793 frustrati
874 1746 997 1792 sunt
1026 1754 1041 1792 :
1072 1738 1162 1808 qui
1185 1753 1292 1796 tum
1320 1739 1625 1807 audierunt,
1651 1740 1826 1796 credi-

253 1826 486 1895 derunt,
533 1834 587 1882 et
627 1827 717 1898 qui
764 1826 1077 1892 audierunt,
1130 1827 1184 1882 in
1222 1842 1440 1884 crucem
1474 1829 1819 1885 sustulerunt.

253 1919 539 1988 Propterea
556 1919 811 1976 audacem
835 1912 1118 1990 appellavit
1143 1918 1350 1974 Isaiam.
1376 1919 1615 1974 Maxima:
1628 1921 1822 1991 quippe

252 2025 438 2065 revera
464 2009 561 2065 fuit
586 2010 819 2066 audaciae
840 2051 857 2077 ,
898 2011 951 2065 in
980 2010 1155 2065 medio
1176 2025 1361 2065 eorum
1385 2026 1519 2079 quos
1540 2013 1824 2067 accusabat

251 2106 502 2163 stantem,
529 2098 728 2154 nemini
752 2100 1019 2169 parcendo
1038 2100 1427 2156 accusationem
1454 2101 1715 2159 intentare
1732 2143 1747 2167 ,
1768 2111 1823 2157 et

251 2190 372 2247 illos
395 2190 604 2261 quidem
627 2206 724 2261 per
751 2191 1082 2263 prophetiam
1125 2202 1309 2262 aperte
1342 2192 1549 2249 honore
1576 2194 1783 2265 privare
1800 2235 1817 2262 ,

250 2278 385 2336 alios
413 2294 539 2335 vero
567 2279 633 2334 ad
652 2280 881 2336 debitam
906 2280 1006 2335 illis
1019 2280 1237 2350 gloriam
1267 2281 1624 2338 introducere.
1656 2286 1820 2339 Accu-

251 2376 461 2425 satores
497 2368 613 2440 ejus
640 2379 791 2424 erant
829 2382 1015 2425 omnes
1056 2371 1146 2440 qui
1191 2370 1244 2425 in
1269 2369 1470 2440 judicio
1512 2371 1817 2428 audiebant.

250 2460 382 2529 Quis
400 2469 576 2515 autem
598 2460 724 2516 dum
740 2460 993 2531 judicium
1014 2471 1266 2517 exercent
1282 2462 1501 2528 inimici,
1523 2463 1821 2533 periculum

250 2551 445 2621 poterit
462 2551 704 2607 evitare?
732 2551 1037 2620 Propterea,
1063 2552 1251 2622 inquit,
1284 2554 1446 2608 Audet
1464 2563 1510 2608 et
1535 2554 1677 2609 dicit.

326 2640 412 2697 Ne
441 2651 559 2696 ante
585 2652 777 2711 tempus
802 2642 1131 2713 intelligerent
1158 2648 1334 2713 futura
1357 2644 1529 2699 Judtei
1549 2685 1567 2712 ,
1600 2646 1821 2702 obscurat

248 2732 451 2803 [want
471 2731 763 2802 praphetiar.
788 2760 861 2772 ——
882 2730 1078 2786 Verum
1120 2733 1220 2788 hoc
1256 2735 1429 2804 ipsum
1463 2735 1585 2789 volo
1622 2736 1818 2793 clarius

246 2824 634 2880 demonstrare.
664 2822 865 2878 Idcirco
888 2822 957 2879 de
976 2822 1174 2878 Judmis
1196 2838 1260 2879 ac
1281 2825 1433 2879 nobis
1452 2825 1678 2881 obscure
1698 2842 1820 2896 pro-

247 2915 545 2972 nuntiatum
572 2924 653 2969 est
674 2914 726 2969 in
752 2914 1057 2985 Scripturis.
1099 2929 1168 2969 ne
1189 2926 1313 2971 ante
1334 2925 1540 2987 tempus
1564 2918 1820 2989 intellige-

246 3016 370 3065 rent
397 3022 517 3079 quae
544 3006 857 3063 dicebantur
884 3006 1071 3062 Judaei.
1102 3008 1276 3077 Atque
1299 3007 1458 3078 hujus
1483 3009 1559 3065 rei
1583 3009 1818 3078 produco

248 3108 441 3155 testem
468 3113 658 3168 magna
685 3112 818 3153 voce
842 3099 1160 3155 clamantem
1182 3099 1427 3166 Paulum,
1450 3116 1516 3156 ex
1540 3101 1648 3156 alto
1670 3102 1815 3157 voci-

249 3189 531 3253 ferantem,
560 3188 742 3244 tubam
756 3187 1042 3253 caelestem,
1064 3203 1157 3243 vas
1179 3189 1471 3255 electionis,
1500 3190 1696 3246 Christi
1721 3206 1817 3260 pa-

247 3276 621 3347 rauympbum.
645 3275 903 3347 Despondi
925 3278 1055 3331 enim
1082 3293 1188 3344 eos,
1226 3279 1415 3348 inquit,
1444 3281 1534 3334 nni
1560 3282 1690 3347 uiro,
1713 3283 1817 3336 vir-

245 3366 418 3437 ginem
453 3374 642 3420 castam
668 3366 895 3420 cohibere
925 3365 1121 3421 Christo
1155 3367 1247 3434 (2.
1278 3367 1396 3422 Cor.
1424 3370 1511 3424 11.
1536 3369 1628 3439 2).
1668 3370 1818 3427 Hunc

242 3457 403 3513 vobis
441 3466 629 3512 testem
675 3458 909 3526 produco
957 3457 1219 3513 dicentem
1267 3468 1453 3529 aperte
1474 3502 1490 3526 ,
1538 3471 1817 3533 propterea

246 3547 501 3603 nonnulla
529 3548 580 3601 in
612 3547 789 3603 Veteri
814 3548 1157 3604 Testamento
1189 3548 1356 3606 fuisse
1380 3552 1643 3608 occultata
1663 3593 1680 3618 ,
1707 3570 1816 3610 non

244 3638 446 3693 clunis.
473 3637 528 3693 Si
548 3638 691 3691 enim
718 3639 892 3692 omnia
922 3639 1142 3693 fuissent
1161 3639 1385 3695 obscura
1406 3683 1422 3707 ,
1453 3642 1649 3698 frustra
1676 3644 1816 3700 illius

247 3729 433 3785 muli
463 3729 765 3783 hominibus
790 3728 1011 3785 fuissent
1034 3729 1173 3783 dicta
1201 3746 1216 3783 :
1245 3730 1501 3800 siquidem
1525 3733 1815 3804 prophetiae

244 3818 386 3874 bella
416 3818 729 3884 continent,
778 3833 895 3887 qua:
923 3817 989 3872 ad
1017 3827 1224 3888 tempus
1254 3826 1363 3873 tum
1388 3830 1535 3890 gesta
1564 3832 1721 3892 sunt,
1761 3835 1816 3881 et

245 3910 413 3965 fames
437 3918 493 3965 et
517 3919 691 3979 pestes
719 3926 733 3963 :
762 3910 1032 3964 continent
1056 3918 1111 3964 et
1134 3926 1253 3980 qua:
1278 3911 1436 3968 hodie
1458 3914 1811 3985 contigerunt,

240 3999 577 4054 vocationem
603 3998 872 4062 Ecclesiae,
904 3998 1323 4069 repudiationem
1348 4016 1649 4073 synagogas,
1683 4005 1814 4077 legis

242 4089 660 4159 abrogationem.
701 4088 828 4143 Haec
866 4097 1039 4144 autem
1076 4090 1221 4159 ipsos
1247 4105 1404 4146 nosse
1432 4094 1672 4161 nolebat,
1717 4097 1813 4151 sed

243 4180 338 4235 illa
362 4195 481 4249 qua
507 4180 745 4249 ipsorum
771 4180 1098 4249 temporibus
1125 4179 1454 4236 accidebant.
1482 4185 1655 4254 Atque
1673 4185 1813 4242 istud

242 4270 422 4341 ipsum
446 4269 682 4326 conabor
709 4269 1014 4336 ostendere,
1046 4268 1163 4325 hac
1189 4269 1301 4325 sola
1327 4272 1442 4327 fieri
1465 4272 1688 4330 obscura
1715 4291 1813 4331 vo-

242 4359 442 4426 luisse,
474 4358 542 4414 de
570 4359 725 4416 nobis
752 4366 807 4413 et
829 4357 897 4414 de
936 4373 1231 4431 synagoga,
1258 4375 1376 4431 qua
1402 4378 1544 4419 nunc
1569 4366 1811 4436 conlige-

240 4460 391 4518 runt,
416 4465 624 4507 necnon
643 4450 776 4520 legis
795 4449 1191 4522 abrogationem
1218 4468 1234 4507 :
1256 4452 1359 4508 hoc
1379 4468 1509 4509 vero
1526 4470 1634 4511 non
1653 4471 1813 4527 opor-

240 4543 436 4599 tuitex
479 4542 571 4597 illo
610 4550 847 4611 tempore
883 4543 1147 4612 cognitum
1173 4543 1279 4600 illis
1312 4544 1492 4603 fuisse.
1538 4546 1671 4604 Nam
1710 4550 1813 4606 sia

236 4634 506 4705 principio
529 4632 841 4687 didicissent
866 4633 1036 4702 legem
1055 4634 1121 4689 ad
1149 4644 1359 4705 tempus
1380 4638 1689 4694 duraturam
1705 4680 1722 4708 ,
1749 4640 1813 4696 il-

236 4724 348 4779 lam
378 4722 597 4778 omnino
619 4722 1061 4793 contempsissent
1088 4740 1103 4776 :
1130 4734 1348 4795 propter
1384 4727 1486 4783 hoc
1512 4729 1686 4799 ipsum
1714 4745 1811 4787 oc.

233 4813 439 4868 cultam
468 4812 610 4867 illam
634 4826 755 4868 esse
782 4813 964 4868 voluit.
994 4812 1111 4867 Non
1143 4817 1285 4869 enim
1328 4831 1542 4873 omnem
1586 4820 1812 4891 prophe-

233 4902 370 4956 tiam
414 4901 675 4956 occultam
715 4901 901 4968 fuisse,
949 4917 1131 4957 verum
1179 4901 1319 4960 hanc
1359 4913 1561 4962 tantum
1605 4918 1811 4978 partem

234 4990 408 5046 fuisse
433 4988 658 5044 velatam
680 5029 697 5055 ,
744 4991 866 5045 audt
893 5006 999 5060 quo
1025 4999 1179 5061 pacto
1209 4993 1361 5051 nobis
1390 5006 1669 5068 utrumque
1698 5016 1811 5055 ma-

237 5079 435 5135 nifeste
455 5079 650 5135 Paulus
670 5078 949 5148 ostendat,
988 5090 1041 5136 et
1069 5083 1381 5140 occultatam
1408 5085 1569 5145 fuisse
1597 5089 1767 5160 legem
1792 5131 1807 5155 ,

232 5180 295 5227 et
334 5171 435 5226 hac
459 5172 512 5227 in
541 5178 692 5242 parte
720 5179 943 5225 tantum.
970 5170 1100 5226 Cum
1125 5174 1268 5228 enim
1297 5176 1554 5233 scriberet
1588 5180 1655 5234 ad
1700 5181 1808 5235 Co-

234 5262 483 5327 rinthios,
514 5261 596 5317 his
618 5261 796 5317 verbis
820 5270 902 5316 est
930 5276 1056 5317 usus
1084 5281 1098 5319 :
1133 5282 1152 5316 ι
1183 5264 1445 5321 [labentes
1470 5267 1625 5336 igitur
1652 5270 1808 5327 talem

235 5369 411 5427 spem,
441 5357 601 5412 multa
628 5355 823 5410 ﬁducia
850 5354 1045 5410 utimur
1076 5373 1089 5410 :
1115 5367 1171 5411 et
1198 5372 1301 5412 non
1326 5358 1464 5412 sicut
1485 5359 1692 5431 Moyses
1715 5377 1807 5431 ρο-

235 5444 398 5501 nebat
420 5446 658 5503 velamen
684 5459 848 5514 super
866 5443 1052 5500 faciem
1073 5461 1244 5512 suam,
1267 5456 1450 5503 utnon
1475 5448 1808 5506 intenderent

235 5540 332 5595 filii
359 5539 511 5597 lsrael
540 5541 594 5595 in
626 5539 793 5594 tinem
823 5540 937 5606 ejus
964 5538 1107 5607 quod
1148 5548 1433 5596 evacuatur
1454 5581 1473 5610 ,
1511 5541 1605 5597 sed
1634 5543 1807 5599 obtusi

232 5641 355 5687 sunt
376 5646 569 5689 sensus
588 5642 807 5687 eorum.
836 5626 1014 5696 Usque
1040 5629 1092 5681 in
1122 5627 1435 5686 hodiernum
1481 5631 1625 5687 enim
1666 5633 1814 5695 diem

235 5719 451 5795 tdipsum
477 5723 730 5782 velamen
766 5717 822 5773 in
850 5716 1079 5775 lectione
1116 5717 1315 5777 Veteris
1334 5717 1657 5780 Testamenti
1684 5740 1803 5783 uia-

1206 368 1296 426 DE
1334 364 1862 425 PROPHETIARUM
1901 362 2388 433 OBSCURITA'I'E.
2430 378 2473 433 l.

3390 415 3499 471 174

1938 492 2028 540 net
2064 501 2169 542 non
2207 490 2521 563 revelatum,
2552 499 2801 568 quoniam
2822 499 2878 557 in
2904 501 3118 561 Christo
3154 521 3440 567 evacuatur
3476 530 3496 564 ι

1932 576 2029 672 (ετ
2069 578 2185 634 Cor.
2223 582 2276 636 ὅ.
2324 583 2414 639 12.
2440 586 2569 658 lt).
2611 587 2904 648 Obscurum
2938 604 3021 651 est
3062 594 3318 665 fortasse,
3357 603 3501 672 quod

1933 669 2190 739 legimus;
2237 674 2413 744 itaque
2454 677 2738 736 dilucidius
2784 683 2915 740 illud
2952 687 3238 745 reddamus
3280 669 3501 749 necesse

1932 770 2035 827 est,
2065 771 2120 817 et
2144 764 2312 831 ipsam
2341 766 2613 825 historiam
2640 774 2794 830 vobis
2833 776 2889 831 in
2933 782 3242 836 memoriam
3274 798 3498 840 revoce-

1929 865 2068 907 mus.
2094 852 2226 908 Nam
2254 870 2375 911 cum
2399 862 2631 929 acceptis
2646 862 2701 917 in
2721 875 2902 923 monte
2923 868 3115 926 tabulis
3138 871 3498 930 descensurus

1930 953 2071 999 esset
2089 944 2316 1016 Moyses,
2345 949 2623 1009 ineffabilia
2647 955 2665 987 ί
2685 957 2931 1025 quaedam
2952 968 3007 1016 et
3035 963 3293 1021 mirabilis
3320 982 3385 1021 ex
3409 968 3497 1023 illa

1929 1044 2109 1127 sancta
2135 1037 2270 1094 facie
2292 1041 2460 1111 gloria
2489 1043 2610 1099 talis
2628 1048 2924 1116 emicabat,
2966 1060 3028 1106 ut
3062 1054 3242 1110 nullus
3267 1072 3298 1111 e
3335 1058 3497 1127 vulgo

1929 1124 1997 1179 ad
2026 1126 2171 1182 illum
2195 1131 2450 1188 accedere
2491 1144 2545 1190 et
2581 1152 2702 1193 cum
2739 1139 2831 1194 illo
2861 1142 3090 1214 colloqui
3135 1145 3373 1202 auderet.
3420 1124 3499 1205 lite

1931 1214 2087 1285 igitur
2111 1220 2309 1288 populo
2333 1236 2544 1291 semper
2565 1224 2866 1285 inaccessas
2886 1241 3047 1298 esset,
3075 1232 3323 1303 imposito
3344 1237 3499 1295 faciei

1928 1320 2039 1361 suae
2067 1311 2328 1367 velamine
2350 1354 2366 1379 ,
2400 1316 2740 1383 permittebat
2765 1329 2821 1373 ut
2844 1335 2967 1376 cum
2993 1338 3059 1377 eo
3083 1326 3265 1381 venire
3299 1327 3354 1381 in
3380 1330 3497 1383 col-

1929 1397 2161 1467 loquium
2204 1400 2372 1457 Judaei
2400 1416 2618 1473 possent
2661 1407 2869 1477 (Exod.
2897 1412 2986 1467 δι,
3009 1414 3101 1469 33.
3125 1416 3246 1485 54).
3273 1420 3342 1472 At
3374 1433 3498 1474 cum

1928 1488 2124 1556 populo
2151 1489 2279 1544 dum
2304 1502 2602 1550 versaretur
2625 1536 2641 1560 ,
2670 1498 2908 1555 velamen
2937 1502 3187 1572 gerebat;
3232 1505 3302 1561 ad
3328 1507 3496 1563 Deum

1926 1588 2103 1635 autem
2128 1595 2193 1637 se
2211 1598 2544 1653 convertens,
2572 1602 2757 1644 rursus
2781 1590 2909 1647 illud
2930 1594 3249 1664 deponebat.
3281 1597 3335 1653 id
3368 1615 3496 1655 vero

1925 1668 2116 1737 fiebat,
2145 1681 2201 1727 ut
2239 1668 2405 1725 simul
2431 1676 2599 1747 major
2624 1678 2758 1735 ﬁdes
2798 1681 3083 1753 legislatori
3123 1688 3497 1745 conciliaretur

1923 1759 2063 1829 apud
2103 1776 2198 1818 eos
2239 1764 2330 1833 qui
2375 1780 2471 1834 per
2517 1768 2691 1837 ipsum
2740 1770 2953 1827 allatam
3004 1779 3274 1845 accepturi
3321 1779 3494 1850 legem

1924 1859 2097 1919 erant,
2129 1862 2183 1909 et
2209 1855 2365 1911 simul
2387 1857 2439 1911 in
2465 1857 2582 1926 ipso
2606 1861 2752 1930 prius
2780 1862 3191 1922 adumbraretur
3215 1869 3379 1939 figura
3403 1887 3496 1926 ve-

1924 1942 2115 2009 ritatis,
2145 1953 2199 1999 et
2220 1949 2595 2005 incarnationis
2614 1950 2813 2008 Christi
2846 1969 3004 2010 causa
3036 1959 3203 2013 multo
3221 1970 3345 2015 ante
3367 1976 3495 2029 pra:-

1923 2035 2328 2104 significaretur.
2372 2038 2503 2093 Nam
2531 2043 2784 2111 quoniam
2813 2044 3003 2100 dicturi
3035 2058 3187 2102 erant
3210 2051 3447 2105 nonnulli
3472 2093 3489 2117 ,

1922 2124 2100 2193 Quare
2129 2141 2233 2181 nou
2264 2128 2317 2182 in
2344 2130 2484 2183 nuda
2512 2130 2789 2189 divinitate
2824 2133 3063 2193 Christus
3101 2139 3347 2206 advenit,
3396 2142 3495 2198 sed

1921 2231 2135 2272 carnem
2167 2217 2378 2275 induit?
2405 2221 2573 2276 multo
2597 2230 2721 2279 ante
2741 2238 2838 2294 per
2857 2224 3042 2281 faciem
3072 2232 3209 2284 servi
3234 2232 3495 2300 objectio-

1922 2307 2078 2364 nibus
2106 2310 2221 2365 istis
2246 2312 2499 2366 occurrit.
2544 2312 2601 2368 Si
2629 2315 2770 2369 enim
2802 2317 2940 2372 servi
2964 2318 3190 2388 gloriam
3212 2361 3229 2387 ,
3271 2336 3389 2391 quae
3418 2323 3493 2377 illi

1922 2407 2107 2467 postea
2128 2398 2363 2467 obvenit,
2388 2415 2611 2459 cernere
2632 2419 2737 2459 non
2766 2415 2986 2475 potuere
2999 2407 3188 2475 Judaei,
3211 2426 3315 2481 quo
3339 2424 3495 2486 pacto

1921 2489 2114 2545 nudam
2141 2500 2325 2561 postea
2351 2492 2680 2550 divinitatem
2707 2497 2888 2553 videre
2915 2500 3250 2567 potuissent?

1991 2579 2045 2633 7.
2074 2578 2255 2650 Neque
2279 2596 2409 2636 vero
2435 2590 2635 2638 tantum
2662 2585 2764 2639 hoc
2792 2588 2945 2643 nobis
2970 2589 3209 2646 velamen
3242 2591 3368 2648 illud
3393 2592 3494 2649 de»

1920 2670 2112 2740 signat,
2140 2670 2235 2725 sed
2255 2670 2440 2727 eadem
2470 2689 2610 2729 nunc
2636 2674 2835 2733 Judteis
2858 2678 2993 2733 lecta
3022 2680 3137 2751 lege
3164 2683 3491 2753 contingere,

1919 2775 2039 2831 quae
2065 2771 2173 2816 tum
2218 2762 2332 2817 visa
2377 2762 2571 2835 Iloysis
2616 2765 2749 2821 facie
2790 2769 3186 2840 contingebant.
3237 2773 3306 2828 Ut
3348 2776 3493 2832 enim
3556 2842 3559 2845 _

1919 2850 2070 2907 faciei
2100 2852 2414 2923 legislatoris
2438 2856 2659 2925 gloriam
2707 2873 2813 2914 non
2848 2863 3175 2930 cernebant,
3215 2866 3353 2935 quod
3382 2883 3492 2922 mc-

1919 2941 2063 2997 dium
2089 2943 2215 2999 illud
2243 2946 2419 3001 velum
2461 2947 2795 3017 interjectum
2828 2960 2972 3006 esset
2999 2968 3017 3009 :
3046 2954 3123 3009 sic
3150 2970 3323 3025 neque
3351 2973 3493 3012 nunc

1920 3034 2051 3105 legis
2075 3047 2297 3105 possunt
2322 3039 2544 3108 gloriam
2574 3041 2788 3096 intueri.
2834 3042 2945 3098 Hoc
2970 3060 3097 3100 vero
3116 3047 3275 3102 etiam
3298 3048 3491 3103 adver-

1918 3140 2012 3181 sus
2036 3127 2312 3184 haereticos
2341 3130 2457 3183 usui
2486 3131 2641 3186 nobis
2661 3141 2759 3186 est.
2800 3133 2931 3188 Nam
2958 3136 3077 3205 quia
3106 3147 3292 3207 putant
3314 3140 3492 3193 crimi-

1919 3215 2187 3271 nationem
2223 3216 2354 3286 legis
2392 3232 2502 3287 prte
2545 3234 2606 3275 se
2642 3220 2780 3276 ferre
2824 3237 2943 3292 qua:
2980 3223 3119 3279 dicta
3153 3234 3308 3291 sunt,
3350 3227 3491 3282 hunc

1918 3305 2095 3360 locum
2135 3307 2373 3376 epistolae
2411 3321 2724 3379 receperunt
2762 3328 2779 3369 :
2820 3320 2875 3367 et
2915 3329 3035 3369 cum
3076 3315 3243 3386 legem
3293 3317 3493 3373 habere

1916 3396 2159 3451 velamen
2177 3397 2525 3465 audivissent,
2554 3409 2608 3456 et
2633 3403 2897 3469 evacuari,
2925 3404 3065 3474 quod
3094 3406 3236 3459 illam
3263 3407 3490 3462 arbitra-

1917 3496 2100 3543 rentur
2124 3490 2392 3556 accusari,
2437 3491 2615 3547 literas
2652 3493 3034 3561 deseruerunt,
3063 3506 3121 3550 ut
3143 3496 3252 3551 suis
3276 3499 3489 3553 ratioci-

1918 3579 2219 3635 nationibus
2263 3592 2598 3650 caperentur.
2646 3583 2790 3639 lstud
2836 3586 2978 3640 enim
3025 3588 3196 3657 ipsum
3240 3604 3487 3660 magnam

1916 3686 2038 3726 esse
2086 3671 2255 3741 legem
2303 3673 2553 3729 ostendit.
2600 3674 2732 3730 Nam
2780 3677 2916 3731 sicut
2953 3685 3062 3732 tum
3104 3680 3312 3734 crimini
3354 3682 3489 3736 verti

1915 3760 2083 3832 Moysi
2126 3778 2229 3816 non
2262 3772 2505 3831 poterat,
2533 3765 2675 3834 quod
2703 3780 2865 3835 super
2900 3766 3086 3822 faciem
3114 3769 3355 3824 velamen
3392 3770 3489 3824 hav

1915 3853 2085 3917 beret,
2113 3854 2207 3909 sed
2236 3852 2363 3909 illud
2386 3863 2502 3910 erat
2544 3856 2791 3911 indicium
2817 3857 3139 3914 infirmitatis
3162 3859 3482 3925 Iudaeorum,

1916 3944 2109 4015 Iloysis
2135 3959 2262 4000 vero
2292 3945 2407 4001 laus
2444 3946 2670 4001 maxima
2695 3987 2709 4011 ,
2755 3948 2894 4017 quod
2936 3956 3085 4005 tanta
3114 3949 3280 4017 gloria
3324 3949 3489 4004 facies

1917 4035 2059 4090 illius
2094 4034 2381 4105 refulgeret
2418 4044 2477 4089 ut
2502 4036 2642 4105 apud
2680 4049 2966 4093 conservos
2994 4038 3257 4094 velamine
3279 4038 3487 4109 indige—

1915 4134 2035 4180 ret:
2061 4127 2132 4179 ita
2161 4141 2372 4196 quoque
2410 4128 2511 4197 legi
2547 4127 2760 4183 accidit.
2807 4128 2919 4184 Nisi
2963 4130 3105 4185 enim
3147 4130 3233 4185 lex
3265 4131 3489 4201 gloriam

1917 4215 2188 4271 habuisset
2203 4217 2547 4285 inaccessam,
2560 4218 2822 4274 velamine
2835 4233 2939 4274 non
2960 4220 3289 4289 indiguisset.
3310 4221 3458 4287 Quan
3470 4249 3487 4261 -

1915 4305 1988 4361 do
2031 4305 2189 4376 igitur
2225 4322 2442 4363 manere
2468 4308 2710 4365 velamen
2738 4310 2868 4365 dicit
2907 4311 2960 4365 in
3008 4312 3239 4367 lectione
3277 4312 3489 4369 Veteris

1915 4395 2259 4463 Testamenti,
2281 4397 2655 4454 obscuritatem
2676 4399 2790 4468 ejus
2810 4399 2938 4455 dicit
2965 4417 2980 4455 :
3001 4402 3214 4470 quando
3233 4417 3359 4457 vero
3379 4418 3487 4459 non

1916 4488 2208 4543 revelatum
2257 4489 2384 4543 dicit
2421 4488 2562 4558 quod
2592 4490 2649 4544 iu
2685 4491 2896 4546 Christo
2921 4503 3231 4560 evacuatur,
3279 4502 3486 4564 partem

1916 4591 2034 4633 eam
2064 4578 2197 4648 legis
2225 4579 2377 4632 nobis
2424 4578 2652 4646 indicat,
2695 4580 2903 4637 ratione
2946 4583 3097 4651 cujus
3140 4585 3365 4641 obscura
3396 4587 3484 4642 lea

1915 4678 2017 4723 est.
2066 4668 2182 4723 Non
2219 4668 2359 4723 enim
2389 4669 2614 4725 obscura
2642 4686 2765 4741 pars
2794 4685 2856 4726 ea
2881 4672 3013 4742 legis
3041 4672 3141 4728 fuit
3176 4691 3294 4745 quae
3332 4677 3487 4731 nobis

1916 4760 1983 4814 ad
2012 4760 2172 4815 vitam
2202 4768 2255 4815 et
2272 4762 2734 4817 conversationem
2762 4763 3134 4821 instituendam
3155 4768 3484 4833 conferebat,

1916 4853 2113 4923 alioqui
2151 4852 2417 4922 superflue
2443 4852 2565 4908 data
2602 4853 2791 4911 fuisset
2822 4871 2835 4909 :
2865 4856 2961 4911 sed
2998 4872 3075 4913 ea:
3103 4859 3275 4913 solum
3304 4868 3485 4929 partes

1915 4945 2211 5000 obscuratae
2254 4953 2415 5012 sunt,
2461 4960 2530 5000 ex
2566 4946 2761 5019 quibus
2794 4962 2952 5003 nosse
2994 4958 3296 5018 poteramus
3336 4950 3486 5008 illam

1916 5036 2155 5091 evacuari
2180 5050 2271 5105 per
2292 5034 2579 5089 Christum.
2598 5036 2729 5093 Nam
2755 5044 2810 5089 et
2836 5036 2937 5090 hoc
2956 5052 3087 5107 opus
3106 5048 3187 5092 est
3211 5040 3487 5109 sapientiai

1915 5124 2141 5192 divinas,
2173 5125 2341 5195 legem
2372 5125 2438 5180 ah
2484 5126 2599 5194 ipso
2640 5124 2931 5193 introduci,
2972 5128 3061 5196 qui
3086 5129 3153 5185 de
3182 5145 3243 5184 ea
3282 5130 3486 5187 diceret

1914 5216 2046 5283 fore,
2069 5224 2128 5270 ut
2149 5216 2410 5280 Christus,
2437 5229 2554 5268 cum
2579 5216 2804 5282 venerit,
2831 5216 2997 5287 legem
3027 5226 3268 5283 evacuet,
3289 5230 3341 5275 et
3368 5221 3485 5278 fore

1914 5308 2050 5363 utin
2089 5308 2204 5377 ipso
2241 5322 2359 5362 esse
2401 5306 2626 5361 desinat.
2668 5308 2793 5363 llam
2832 5308 2991 5379 igitur
3025 5309 3137 5380 ipsa
3180 5328 3301 5382 pars
3328 5313 3482 5383 legis,

1913 5415 2038 5470 qua
2074 5399 2242 5474 legem
2291 5400 2345 5455 in
2372 5397 2585 5453 Christo
2612 5398 2740 5455 dicit
2765 5402 3043 5468 evacuari,
3094 5404 3203 5458 sola
3245 5405 3338 5457 fuit
3382 5405 3484 5458 oh-

1913 5505 2068 5547 scura
2098 5506 2113 5545 :
2140 5499 2297 5559 atque
2321 5488 2422 5542 hoc
2444 5487 2619 5557 ipsum
2646 5489 2885 5546 indicans
2914 5508 3133 5563 magnus
3160 5493 3353 5548 Paulus
3381 5494 3483 5549 ad-

1908 5576 2084 5653 junxit
2104 5580 2303 5646 dicens,
2325 5578 2445 5633 Non
2459 5579 2747 5648 revelatam,
2769 5583 2905 5654 quod
2917 5584 2969 5637 in
2982 5584 3177 5639 Christo
3191 5595 3483 5645 evacuatur.

1978 5738 2002 5773 ι
2032 5733 2167 5788 Coll).
2189 5731 2357 5795 habet.
2379 5731 2642 5798 illam
2666 5747 2774 5798 pro,
2790 5735 3064 5800 ineffabilia.
