4144 6482
689 400 800 456 175

698 503 904 561 Etenim
949 518 1017 558 ne
1064 500 1200 555 forte
1245 513 1363 554 cum
1413 495 1652 550 audisses
1695 493 1747 547 in
1796 489 2023 545 lectione
2052 482 2254 540 Veteris

696 592 1018 651 Testamentl
1042 604 1256 647 manere
1283 589 1519 642 velamen
1539 624 1556 648 ,
1602 591 1763 637 totam
1788 580 1953 649 ipsam
1978 576 2257 631 obscuram

698 693 752 739 et
778 683 1040 738 obtectam
1064 694 1183 734 esse
1204 677 1536 732 existimares
1554 712 1572 738 ,
1615 671 1751 726 hanc
1790 666 2143 736 suspicionem
2166 659 2261 716 ad—
2292 720 2295 723 λ

701 774 897 827 ditione
936 769 1185 826 correxit.
1218 767 1347 823 Cum
1374 764 1511 821 enim
1532 762 1783 826 dixisset,
1822 752 2071 813 velamen
2096 753 2149 808 in
2180 752 2257 807 le-

702 863 882 917 ctione
924 859 1128 915 Veteris
1176 854 1502 912 Testamenti
1546 865 1798 916 manere,
1848 847 2078 917 adjecit,
2136 841 2259 897 Non

701 954 992 1016 revelatum,
1021 949 1155 1021 quod
1185 948 1237 1001 in
1257 945 1453 1000 Christo
1471 949 1758 998 evacuatur.
1804 938 1915 993 lloc
1940 937 2142 1007 ipsum,
2173 933 2259 987 in-

702 1042 845 1113 quit,
896 1038 1185 1095 revelatum
1216 1050 1323 1090 non
1372 1041 1487 1097 est,
1530 1030 1671 1101 quod
1700 1029 1753 1083 in
1778 1027 1991 1083 Christo
2019 1032 2101 1080 est
2136 1038 2258 1078 eva-

700 1128 961 1188 cuandum
994 1143 1009 1181 :
1041 1139 1199 1197 perm
1244 1124 1311 1179 iis
1358 1121 1646 1178 revelatum
1698 1133 1803 1172 non
1854 1125 1971 1183 est,
2018 1116 2109 1184 qui
2153 1126 2259 1167 non

701 1220 957 1276 accedunt
980 1217 1047 1273 ad
1085 1216 1242 1271 iidem
1272 1231 1285 1267 :
1315 1214 1492 1283 itaque
1532 1212 1579 1265 is
1606 1211 1695 1280 qui
1723 1209 1789 1263 ad
1826 1208 1985 1263 [idem
2015 1205 2258 1270 accessit,

700 1321 756 1365 et
783 1312 949 1365 sancti
979 1307 1207 1376 Spiritus
1230 1304 1452 1373 gratiam
1478 1308 1835 1369 consequutus
1873 1305 1991 1361 est,
2022 1311 2126 1348 non
2150 1294 2259 1362 jam

702 1416 823 1458 cum
863 1398 1120 1455 velamine
1155 1396 1321 1464 legem
1358 1394 1626 1458 intuetur,
1674 1390 1766 1445 sed
1794 1388 1987 1443 nudam
2014 1387 2128 1455 ejus
2152 1384 2263 1454 glo-

702 1494 839 1549 riam
864 1498 1087 1562 spectat.
1140 1488 1317 1545 Gloria
1344 1487 1473 1557 legis
1496 1494 1613 1551 est,
1654 1492 1713 1539 ut
1738 1482 1933 1538 docere
1971 1479 2136 1550 possit
2161 1478 2263 1532 sei-

704 1600 851 1656 psam
896 1585 950 1638 in
991 1580 1199 1636 Christo
1243 1579 1524 1641 evacuari,
1569 1585 1629 1631 ut
1678 1575 1779 1629 hoc
1813 1587 2023 1643 quoque
2064 1570 2156 1625 tibi
2195 1570 2264 1623 sit

703 1677 989 1745 cognitum.
1039 1670 1194 1726 Vides
1225 1684 1343 1739 qua
1386 1668 1455 1722 sit
1496 1666 1626 1736 legis
1667 1663 1867 1736 gloria?
1899 1662 2033 1717 Vera
2070 1660 2264 1731 quippe

704 1766 869 1835 gloria
910 1764 1027 1832 ejus
1058 1770 1173 1825 est,
1222 1757 1433 1830 quando
1473 1757 1733 1811 instruere
1760 1763 1812 1809 te
1854 1749 2083 1823 potuerit
2119 1760 2173 1806 et
2197 1748 2263 1804 ad

706 1856 973 1911 Christum
992 1852 1253 1908 deducere
1278 1868 1292 1905 :
1322 1858 1432 1904 tum
1456 1863 1581 1903 vero
1602 1847 1832 1911 instruit,
1863 1859 1987 1901 cum
2014 1842 2260 1897 evacuari

706 1962 766 2002 se
785 1945 1033 2001 ostendit.
1064 1943 1241 2014 Itaque
1271 1941 1393 1995 hinc
1413 1940 1572 1995 etiam
1601 1938 1865 1993 hmreticis
1893 1935 2048 1991 letale
2073 1933 2266 1987 vulnus

708 2038 976 2107 infligitur.
1002 2035 1135 2090 Nam
1160 2034 1206 2089 si
1234 2032 1497 2088 contraria
1533 2031 1619 2085 lex
1642 2040 1697 2084 et
1728 2026 2029 2082 adversaria
2054 2024 2266 2079 Christo

708 2137 885 2190 esset,
916 2141 1016 2181 nec
1041 2127 1110 2181 ab
1151 2125 1244 2179 illo
1277 2123 1466 2178 tradita
1486 2161 1501 2185 ,
1542 2136 1649 2175 non
1684 2120 2006 2188 oportuisset
2047 2115 2265 2170 Paulum

707 2219 822 2288 ejus
841 2216 1058 2288 gloriam
1087 2216 1137 2271 id
1163 2214 1449 2284 appellare,
1476 2211 1614 2282 quod
1634 2209 1945 2265 accedentes
1966 2205 2034 2261 ad
2063 2220 2121 2260 se
2144 2219 2267 2274 pos-

708 2317 793 2364 set
816 2306 1075 2362 instruere
1092 2347 1107 2371 ,
1137 2321 1232 2377 per
1264 2304 1533 2360 Christum
1561 2302 1730 2372 ipsam
1757 2299 2023 2357 evacuari.
2050 2298 2109 2354 Si
2132 2297 2267 2351 mala

709 2408 850 2454 esset
873 2399 954 2454 lex
978 2413 1180 2463 rursus,
1205 2411 1311 2451 non
1333 2393 1654 2463 oportuisset
1668 2392 1907 2447 velamen
1924 2390 2040 2459 ejus
2053 2388 2267 2453 auferri,

709 2487 804 2541 sed
850 2488 991 2541 illam
1035 2488 1194 2541 etiam
1236 2493 1355 2555 post
1397 2483 1621 2553 gratiam
1655 2482 1993 2535 obscuratam
2030 2492 2267 2532 manere.

709 2577 860 2646 Quod
889 2579 935 2635 si
971 2578 1072 2633 hoc
1105 2591 1296 2633 munus
1321 2585 1404 2632 est
1429 2575 1612 2646 gratiae
1631 2613 1647 2638 ,
1678 2582 1736 2626 ut
1768 2571 2083 2626 accedentes
2112 2568 2175 2622 ad
2213 2584 2272 2623 se

710 2670 1127 2741 perspicaciores
1151 2668 1220 2722 ad
1259 2664 1814 2735 comprehendendam
1856 2662 2025 2732 legem
2052 2659 2268 2726 efticiat,

710 2762 792 2817 sic
825 2769 883 2815 ut
919 2760 1039 2815 inde
1066 2759 1268 2814 initium
1307 2765 1363 2812 et
1397 2755 1605 2810 occasio
1628 2754 1850 2808 ducatur
1874 2750 2048 2805 omnis
2071 2749 2190 2804 fidei
2218 2749 2270 2802 in

710 2851 979 2907 Christum
1002 2846 1313 2903 exhibendae
1343 2863 1356 2898 :
1383 2845 1647 2914 quodnam
1672 2842 1914 2913 proferre
1940 2841 2113 2909 majus
2148 2853 2272 2906 pos-

711 2948 798 2996 set
820 2938 959 2994 ullus
990 2944 1356 3009 argumentum
1384 2933 1717 3004 cognationis
1750 2932 1883 3002 legis
1921 2946 2043 2986 cum
2084 2929 2271 3000 gratia,

710 3046 871 3101 quam
886 3045 1007 3085 cum
1027 3029 1211 3084 oculos
1235 3026 1476 3082 Christus
1502 3024 1672 3094 aperit
1689 3039 1891 3083 eorum,
1913 3023 2001 3093 qui
2018 3022 2082 3076 ad
2107 3023 2274 3091 ipsum

712 3122 1006 3186 accedunt,
1044 3128 1103 3173 ut
1132 3117 1512 3173 institutionem
1540 3116 1815 3186 percipere
1853 3115 1985 3185 legis
2028 3114 2273 3183 possint:

713 3211 806 3266 illa
830 3225 959 3265 vero
980 3224 1101 3265 cum
1134 3206 1473 3277 apparuerit,
1507 3215 1562 3260 et
1598 3206 1736 3260 facta
1776 3205 1934 3259 fuerit
1976 3203 2273 3269 manifesta,

713 3301 908 3372 poterit
942 3300 1107 3361 multa
1134 3314 1251 3353 cum
1277 3297 1527 3353 facilitate
1552 3296 1907 3351 transmittere
1927 3296 2066 3360 illos,
2101 3296 2188 3364 qui
2215 3309 2277 3348 ea

715 3406 834 3461 qua:
871 3389 1064 3447 Christi
1106 3395 1233 3443 sunt
1271 3386 1603 3456 intelligunt?
1645 3386 1769 3440 llaec
1810 3387 1950 3440 enim
1995 3384 2282 3439 ostendunt

714 3494 890 3551 neque
907 3467 1173 3533 Christum
1200 3491 1320 3531 cum
1349 3477 1466 3545 lege
1502 3489 1736 3546 pugnare
1753 3514 1770 3540 ,
1815 3489 1987 3543 neque
2012 3488 2130 3528 cum
2153 3473 2278 3528 Jesu

716 3570 887 3639 legem
911 3568 1103 3623 bellum
1129 3580 1346 3637 gerere,
1378 3566 1471 3620 sed
1501 3565 1767 3619 contrario
1794 3565 1949 3633 plane
1978 3563 2135 3617 modo
2164 3578 2276 3617 rem

714 3674 778 3716 se
800 3658 995 3714 habere
1016 3696 1033 3723 ,
1060 3673 1180 3712 cum
1208 3656 1297 3710 illa
1322 3656 1535 3726 quidem
1573 3654 1639 3709 ad
1665 3669 1905 3725 magnam
1942 3654 2079 3708 hanc
2106 3654 2281 3722 philo-

718 3746 960 3816 sophiam
983 3746 1120 3801 viam
1158 3755 1358 3800 sternat
1374 3786 1388 3807 ,
1432 3744 1519 3799 hic
1545 3752 1722 3797 autem
1748 3744 1868 3797 inde
1891 3754 2189 3813 assumptus
2214 3743 2281 3800 ad

717 3852 987 3897 summum
1031 3835 1237 3906 pietatis
1280 3836 1485 3889 culmen
1537 3832 1782 3887 adducat.
1834 3832 1938 3886 Pro
1979 3832 2062 3886 his
2107 3842 2281 3887 autem

716 3925 965 3981 omnibus
992 3925 1218 3995 benigno
1245 3924 1354 3978 Deo
1378 3923 1574 3992 gratias
1612 3936 1829 3991 agamus
1850 3961 1867 3987 ,
1922 3923 2008 3990 qui
2039 3937 2133 3990 pro
2158 3938 2286 3977 con-

717 4017 956 4073 venienti
1004 4025 1243 4084 tempore
1278 4014 1483 4083 singula
1509 4013 1779 4081 disponit,
1810 4011 2077 4081 variisque
2115 4014 2285 4067 modis

717 4109 945 4165 salutem
970 4116 1205 4163 nostram
1230 4114 1508 4175 procurat,
1534 4114 1590 4160 et
1612 4106 1821 4175 dignam
1852 4104 2015 4173 ipsius
2035 4104 2287 4173 dignitate

720 4216 785 4257 ac
808 4210 952 4257 tanta
979 4198 1305 4269 providentia
1341 4197 1464 4250 vita:
1507 4196 1763 4249 rationem
1791 4211 1885 4264 pro
1910 4196 2111 4250 viribus
2132 4195 2284 4251 exhi-

720 4293 942 4348 beamus
964 4331 983 4357 ι
1023 4297 1086 4345 ut
1121 4288 1297 4345 futura
1336 4289 1495 4342 etiam
1534 4285 1673 4341 bona
1713 4301 2097 4355 consequamur
2125 4304 2140 4335 :
2168 4304 2286 4356 qua:

722 4382 877 4438 nobis
903 4381 1149 4439 omnibus
1190 4379 1386 4433 utinam
1428 4376 1764 4445 contingant,
1784 4372 1951 4444 gratia
1975 4385 2029 4431 et
2053 4376 2288 4446 benigni-

723 4480 833 4527 tate
855 4469 1060 4525 Domiui
1085 4468 1249 4524 nostri
1273 4466 1397 4522 Jesu
1424 4466 1637 4530 Christi,
1672 4480 1765 4534 per
1791 4481 1947 4533 quem
1970 4476 2023 4520 et
2046 4481 2167 4521 cum
2184 4482 2289 4535 quo

721 4562 887 4625 Patri,
916 4559 1070 4615 simul
1099 4574 1216 4615 cum
1238 4557 1433 4627 Spiritu
1462 4564 1665 4619 sancto,
1692 4554 1879 4623 gloria,
1906 4555 2093 4623 honor,
2124 4556 2290 4626 impe~

724 4653 885 4717 rium,
910 4649 966 4708 in
986 4649 1183 4706 smcula
1206 4647 1543 4706 saeculorum.
1575 4647 1765 4700 Amen.

722 4845 905 4901 Adhuc
925 4845 981 4898 its
1004 4844 1347 4898 obscuritatem
1386 4842 1570 4897 Veteris
1599 4842 1919 4907 Testameuti,
1944 4853 1990 4896 et
2004 4844 2056 4896 in
2074 4842 2167 4899 Dei
2185 4845 2289 4899 cla-

796 4936 1057 5000 mantium,
1079 4943 1127 4988 et
1154 4933 1289 4999 quod
1310 4932 1403 4986 alit
1429 4933 1558 4988 alios
1587 4949 1687 4986 non
1730 4932 1939 4989 debeant
1966 4950 2217 4990 accusare.

801 5096 852 5147 l.
893 5092 1101 5150 Gaudet
1127 5092 1336 5163 quidem
1380 5090 1655 5155 bubulcus,
1700 5090 1828 5145 dum
1872 5090 2007 5146 bene
2031 5092 2208 5147 valere
2232 5106 2296 5149 ae

727 5190 981 5252 vegetum
1007 5196 1126 5237 esse
1162 5181 1304 5235 videt
1343 5190 1637 5235 armentum
1678 5195 1833 5234 suum
1863 5198 1877 5234 :
1904 5181 2097 5249 gaudet
2134 5183 2293 5240 etiam

729 5273 982 5344 agricola,
1011 5273 1138 5331 dum
1157 5279 1461 5325 vernantem
1489 5282 1721 5338 segetem
1747 5272 1948 5325 cernit:
1976 5271 2068 5325 sed
2096 5286 2195 5325 nec
2227 5273 2300 5327 ob.

732 5374 965 5434 segetem
994 5362 1239 5431 agricola,
1288 5375 1388 5415 nec
1428 5360 1497 5413 ob
1539 5374 1661 5413 suas
1688 5360 1851 5413 boves
1878 5360 2134 5415 bubulcus
2162 5360 2297 5417 adeo

733 5452 983 5521 gaudent.
1014 5461 1070 5504 ut
1108 5464 1204 5519 ego
1232 5464 1370 5503 nunc
1411 5449 1613 5517 gaudeo
1656 5456 1709 5503 et
1748 5450 1974 5512 exsulto,
2018 5449 2141 5503 dum
2187 5452 2299 5517 pul-

736 5542 921 5597 chram
948 5540 1083 5600 hanc
1111 5552 1289 5592 aream
1332 5537 1689 5607 spiritualibus
1734 5536 1989 5605 repletam
2021 5538 2300 5606 manipulis

737 5645 919 5687 cerno.
949 5630 1081 5685 Cum
1104 5630 1244 5685 enim
1274 5629 1325 5683 in
1357 5637 1434 5682 tot
1460 5643 1521 5681 ac
1551 5628 1679 5682 tales
1703 5643 1857 5682 aures
1878 5642 2119 5697 sparsum
2138 5628 2297 5684 fuerit

740 5729 964 5783 verbum
982 5720 1507 5797 pietatis,confestim
1536 5734 1752 5777 necesse
1780 5730 1882 5791 cst,
1913 5732 1971 5777 ut
1990 5722 2223 5794 copiosae
2239 5737 2299 5779 ac

1392 381 1450 437 S.
1487 373 1764 436 JOANNIS
1798 362 2263 431 CHRYSOSTOMI
2298 362 2609 421 ARCHIEP.
2644 363 3171 424 CONSTANTINOP.

3798 373 3905 428 176

2359 489 2578 535 matura:
2605 478 2913 536 obedientiat
2940 479 3098 548 spica:
3122 484 3422 533 nascantur.
3448 475 3577 532 Nam
3602 476 3647 534 si
3671 475 3787 545 quis
3798 477 3904 532 sul-

2356 572 2433 626 cis
2453 570 2675 626 fertilem
2697 584 2758 624 ac
2778 568 3019 639 pinguem
3048 581 3229 638 agrum
3258 565 3557 635 prociderit,
3577 566 3813 635 quamvis
3827 581 3908 619 se-

2358 660 2498 714 mina
2527 660 2669 728 larga
2694 674 2849 713 manu
2875 673 2977 711 non
3004 655 3209 726 jecerit,
3237 655 3455 710 multum
3476 664 3784 723 proventum
3803 654 3909 708 col-

2358 749 2499 818 liget,
2531 748 2656 802 dum
2694 747 2791 803 loci
2830 756 3014 800 natura
3055 745 3313 799 seminum
3356 745 3597 814 exiguum
3635 757 3905 797 numerum

2360 837 2568 908 propria
2588 838 2779 892 virtute
2807 835 3169 905 multiplicahit
3190 852 3202 887 :
3224 834 3301 889 sic
3320 848 3439 888 cum
3465 833 3516 887 in
3542 833 3744 889 animas
3759 832 3908 887 obse-

2359 938 2580 1001 quentes
2604 943 2666 983 ac
2694 927 2901 997 pietatis
2926 926 3109 996 plenas
3136 923 3324 995 aliquis
3347 923 3620 992 sparserit,
3644 922 3766 977 licet
3800 922 3902 976 exi-

2359 1034 2459 1088 gua
2484 1018 2738 1073 doctrina:
2757 1016 2957 1072 semina
2980 1014 3184 1083 jecerit,
3217 1025 3443 1068 messem
3471 1011 3684 1067 uberem
3708 1018 3904 1075 cernet,

2361 1109 2487 1165 dum
2516 1124 2610 1178 per
2632 1108 2928 1163 auditorum
2957 1105 3261 1175 sapientiam
3297 1104 3680 1159 concionatoris
3707 1112 3907 1172 egestas

2362 1200 2723 1254 occultabitur.
2752 1198 2863 1253 Hoc
2886 1206 2940 1252 et
2965 1196 3015 1251 in
3044 1197 3326 1265 piscatione
3353 1196 3625 1265 contingit.
3666 1195 3907 1263 Quamvis

2361 1292 2501 1346 enim
2530 1290 2819 1361 piscatores
2857 1289 2962 1343 sint
2991 1288 3239 1356 imperiti,
3271 1286 3317 1341 si
3346 1295 3519 1340 tamen
3547 1287 3599 1340 in
3640 1286 3807 1340 sinum
3834 1286 3905 1355 pi-

2362 1382 2540 1437 scibus
2579 1380 2933 1435 abundantem
2973 1378 3104 1433 retia
3143 1376 3402 1441 miserint,
3441 1375 3596 1430 facile
3624 1374 3794 1446 praeda
3821 1389 3908 1444 po.

2364 1473 2587 1537 tiuntur,
2617 1470 2739 1525 dum
2762 1469 2967 1524 illorum
2988 1466 3259 1521 abscondit
3274 1466 3583 1534 imperitiam
3600 1479 3909 1520 concurren-

2365 1563 2493 1617 tium
2519 1562 2737 1631 piscium
2767 1558 3067 1615 multitudo.
3097 1556 3248 1624 Quod
3272 1558 3315 1611 si
3349 1557 3401 1611 in
3430 1556 3514 1611 illa
3543 1566 3753 1626 captura
3780 1557 3910 1610 mul-

2365 1651 2534 1706 titudo
2558 1651 2763 1705 illorum
2783 1648 2871 1719 qui
2892 1646 3131 1717 capiendi
3154 1655 3292 1705 sunt.
3314 1660 3680 1716 smpenumero
3697 1645 3808 1715 ejus
3822 1647 3907 1715 qui

2365 1750 2479 1797 rete
2520 1740 2699 1806 mittit,
2730 1739 3005 1808 imperitia:
3032 1737 3295 1792 defectum
3331 1736 3511 1803 sarcit,
3558 1736 3722 1791 multo
3749 1736 3910 1804 magis

2365 1831 2502 1886 istud
2520 1831 2687 1900 ipsum
2710 1832 2760 1883 in
2782 1828 2879 1884 hac
2897 1828 3149 1898 spirituali
3176 1826 3462 1896 piscatione
3487 1825 3767 1896 continget.
3784 1825 3910 1880 Nam

2366 1922 2441 1977 illi
2466 1923 2679 1992 quidem
2701 1922 2876 1991 pisces
2902 1920 2987 1976 ubi
3016 1933 3197 1975 nassas
3223 1927 3278 1974 et
3302 1918 3486 1973 hamos
3530 1918 3736 1972 immitti
3776 1917 3913 1972 vide-

2367 2014 2489 2075 rint,
2522 2012 2796 2068 confestim
2839 2019 2893 2067 et
2936 2010 3227 2081 aufugiunt,
3258 2018 3312 2065 et
3337 2009 3587 2064 exsiliunt
3620 2026 3634 2063 :
3675 2024 3768 2063 vos
3791 2022 3913 2062 vero

2367 2105 2687 2160 contrarium
2726 2103 2913 2175 agitis:
2935 2117 3055 2158 cum
3091 2110 3390 2172 surgentem
3416 2111 3467 2157 et
3494 2100 3745 2155 doctrinas
3772 2114 3914 2169 sago-

2369 2211 2489 2250 aam
2515 2195 2754 2250 videritis
2791 2192 3193 2262 expandentem,
3222 2207 3326 2246 non
3351 2192 3520 2246 solum
3547 2205 3649 2245 non
3678 2190 3913 2260 aufugitis

2370 2296 2419 2340 et
2449 2285 2689 2349 exsilitis,
2727 2284 2820 2339 sed
2861 2293 2915 2338 ct
2953 2283 3174 2339 interius
3203 2281 3418 2351 pergitis
3445 2280 3675 2349 undique
3704 2294 3918 2334 concur-

2371 2382 2568 2439 rentes,
2597 2383 2651 2427 et
2677 2371 2971 2442 proximum
3001 2370 3358 2439 unusquisque
3384 2369 3699 2439 protrudens
3721 2382 3781 2421 ac
3807 2383 3917 2436 pre-

2372 2478 2541 2530 mens,
2572 2464 2715 2531 prior
2757 2462 2869 2530 ipse
2905 2460 3105 2515 insilire
3141 2468 3196 2514 et
3240 2459 3293 2513 in
3322 2459 3452 2513 retia
3492 2458 3662 2513 delabi
3691 2457 3916 2514 festinat.

2372 2555 2487 2618 Quo
2515 2552 2707 2606 factum
2735 2561 2837 2617 est,
2864 2559 2922 2604 ut
2945 2565 3223 2620 numquam
3251 2564 3462 2605 vacuam
3487 2563 3730 2619 sagenani
3752 2556 3920 2603 extra-

2372 2645 2623 2709 xerimus,
2654 2658 2757 2697 non
2783 2642 2891 2711 jam
2932 2641 3002 2696 ob
3048 2648 3280 2695 nostram
3321 2641 3576 2710 peritiam,
3604 2639 3700 2694 sed
3735 2640 3805 2693 ob
3839 2652 3921 2691 ve-

2371 2744 2534 2787 stram
2580 2731 2939 2803 cupiditatem.
2986 2730 3124 2786 Satis
3174 2731 3349 2801 itaque
3390 2744 3487 2785 nos
3514 2745 3684 2799 nuper
3706 2727 3921 2797 dapibus

2374 2823 2620 2891 explevit,
2644 2838 2762 2891 quae
2791 2821 3011 2890 probato
3038 2835 3276 2890 puroque
3297 2830 3472 2874 manat
3489 2833 3617 2873 auro
3650 2819 3846 2887 lingua,
3872 2824 3922 2870 et

2376 2912 2546 2966 mellis
2583 2910 2755 2966 fontes
2800 2925 2893 2965 ore
2937 2909 3221 2978 profundit,
3271 2909 3466 2979 lingua,
3512 2909 3745 2977 inquam,
3790 2904 3923 2961 beati

2378 3002 2546 3066 Pauli,
2573 3002 2654 3056 vel
2676 3000 2871 3070 potius,
2895 3015 3011 3070 quae
3036 2998 3140 3054 favi
3168 2998 3398 3067 cujusvis
3424 2996 3667 3052 suavitati
3689 2996 3927 3065 spiritua-

2378 3092 2442 3145 lis
2467 3091 2722 3146 doctrina:
2746 3089 3021 3143 dulcedine
3039 3087 3326 3143 antecellit.

2448 3181 2787 3253 Chrysostomi
2821 3180 3079 3234 modestia.
3113 3177 3290 3232 Prima
3316 3193 3470 3231 causa
3493 3176 3806 3231 obscuritatis
3838 3172 3929 3228 Ve-

2380 3275 2495 3328 teris
2527 3271 2847 3327 Testamenti.
2866 3299 2936 3310 —
2957 3270 3088 3336 Quia
3116 3283 3242 3323 vero
3278 3282 3375 3337 pro
3417 3282 3478 3322 ea
3521 3281 3641 3336 quat
3663 3279 3759 3319 vos
3785 3264 3929 3317 decet

2381 3362 2733 3434 philosophia,
2771 3374 2838 3415 ne
2865 3360 2969 3415 mei
2996 3356 3209 3427 quidem
3238 3356 3480 3426 pauperis
3505 3365 3560 3409 et
3601 3354 3827 3409 mendici
3851 3364 3931 3406 res

2382 3452 2739 3516 contemnitis,
2761 3451 2854 3505 sed
2870 3464 2930 3504 ea
2946 3449 3157 3517 quidem
3181 3462 3299 3516 qua:
3317 3454 3439 3500 sunt
3458 3445 3648 3500 eximia
3665 3452 3719 3498 et
3736 3454 3929 3497 summa

2384 3543 2671 3610 miramini,
2702 3550 2897 3597 nostra;
2920 3553 3049 3595 vero
3079 3537 3385 3592 humilitatis
3418 3536 3577 3590 verba
3604 3549 3709 3589 non
3749 3534 3934 3601 impro-

2386 3635 2542 3699 batis,
2569 3633 2813 3688 alacriter
2838 3630 2905 3684 ad
2934 3628 3212 3684 dicendum
3238 3626 3461 3691 surrexi,
3506 3633 3564 3679 ut
3590 3624 3821 3679 debitum
3852 3636 3936 3672 vo-

2383 3726 2465 3781 bis
2494 3724 2765 3780 redderem
2791 3720 2931 3791 quod
2956 3734 3121 3787 nuper
3148 3733 3264 3774 sum
3308 3716 3589 3785 pollicitus,
3632 3729 3730 3769 nec
3770 3723 3934 3767 tamen

2387 3816 2635 3886 persolvi,
2663 3815 2787 3868 dum
2816 3811 3110 3883 prolixitate
3135 3809 3389 3864 doctrina:
3411 3806 3655 3876 prohibiti
3679 3819 3860 3860 sumus
3878 3801 3936 3856 ad

2386 3908 2545 3960 linem
2585 3919 2749 3973 usque
2777 3902 3094 3972 pertingere.
3122 3898 3395 3965 Quodnam
3437 3897 3594 3965 igitur
3620 3893 3855 3949 debitum
3880 3891 3938 3945 il-

2390 3996 2479 4048 lud
2501 3995 2628 4047 fuit?
2655 3992 2885 4047 Necesse
2910 3999 2992 4044 est
3013 3989 3177 4051 enim,
3211 3996 3267 4041 ut
3291 3987 3494 4040 initium
3520 3984 3690 4039 mutui
3719 3982 3864 4037 vobis
3890 3980 3936 4034 in

2389 4087 2698 4143 memoriam
2728 4092 3022 4144 revocetur,
3053 4087 3110 4134 ut
3134 4086 3445 4148 argumento
3470 4076 3586 4144 ipso
3610 4076 3821 4144 cognito
3856 4087 3942 4125 vo-

2389 4180 2470 4234 bis
2494 4176 2760 4233 enarratio
2782 4173 3064 4229 dilucidior
3089 4171 3200 4225 tiat.
3226 4168 3572 4235 Qumsivimus
3598 4175 3707 4220 tum
3748 4175 3941 4233 tempo-

2388 4271 2482 4331 ris.
2513 4284 2615 4339 qua
2651 4268 2718 4323 de
2758 4280 2919 4322 causa
2945 4264 3109 4319 Vetus
3137 4261 3530 4317 Testamentum
3558 4258 3627 4312 sit
3652 4254 3939 4316 obscurius,

2389 4375 2546 4428 quam
2580 4358 2811 4419 Novum;
2839 4356 3063 4410 fortasse
3089 4365 3316 4420 namque
3341 4348 3684 4413 meministis;
3717 4358 3775 4402 et
3795 4358 3941 4400 uuam

2394 4453 2646 4504 hactenus
2668 4460 2883 4502 causam
2912 4444 3162 4508 diximus,
3205 4440 3504 4494 auditorum
3548 4438 3941 4495 immanitatem.

2393 4550 2684 4609 testemque
2713 4536 3050 4605 produximus
3071 4532 3288 4586 Paulum
3315 4530 3593 4591 dicentem,
3618 4528 3772 4585 Istud
3792 4528 3944 4594 ipsum

2392 4632 2613 4686 velamen
2634 4630 2686 4683 in
2713 4627 2921 4682 lectione
2956 4624 3143 4679 Veteris
3170 4620 3472 4675 Testamenti
3497 4628 3662 4672 manet
3687 4634 3790 4670 non
3816 4630 3946 4670 reve-

2394 4726 2568 4785 latum,
2616 4720 2850 4791 quoniam
2876 4718 2932 4771 in
2960 4716 3156 4771 Christo
3184 4722 3455 4768 evacuatur
3499 4710 3573 4782 (2.
3614 4707 3733 4762 Cor.
3756 4709 3809 4763 3.
3843 4707 3945 4771 Η).

2394 4813 2745 4881 Ostendimus,
2759 4804 3207 4881 quemadmodum
3228 4805 3463 4859 velamen
3486 4800 3668 4855 habuit
3694 4798 3950 4870 legislator

2395 4906 2621 4975 Moyses,
2653 4904 2724 4956 ita
2749 4915 2958 4970 quoque
2980 4898 3146 4966 legem
3174 4896 3413 4949 velamen
3430 4892 3694 4956 habuisse,
3724 4885 3949 4945 obscuri-

2397 5006 2592 5052 tatem:
2620 4994 2713 5049 sed
2742 5007 2913 5062 neque
2950 4987 3237 5059 legislatori
3266 4985 3392 5039 vitio
3432 4981 3763 5045 vertendum,
3793 4990 3951 5045 neque

2399 5088 2499 5156 legi
2527 5084 2734 5140 crimini
2760 5082 2989 5136 dandum
3016 5077 3113 5133 fuit
3142 5076 3402 5139 velamen,
3431 5074 3523 5129 sed
3551 5073 3852 5127 auditorum
3884 5068 3953 5120 in.

2402 5176 2634 5233 ﬁrmitati
2663 5171 3019 5227 tribuendum.
3050 5170 3163 5223 Non
3192 5168 3331 5222 enim
3358 5175 3569 5235 propter
3607 5164 3840 5230 seipsum
3873 5171 3953 5211 ve-

2402 5268 2575 5321 lamen
2607 5264 2787 5318 habuit
2828 5261 3055 5331 Moyses.
3100 5257 3193 5311 sed
3223 5257 3343 5327 quia
3384 5255 3605 5325 gloriam
3644 5254 3825 5305 vultus
3850 5248 3953 5319 ejus

2402 5358 2541 5413 fcrre
2580 5371 2681 5411 non
2726 5359 2987 5424 poterant.
3026 5348 3244 5417 Quando
3270 5347 3410 5404 enim
3436 5362 3495 5401 se
3520 5344 3863 5399 convertebat
3896 5337 3953 5391 ad

2404 5451 2707 5514 Dominum,
2727 5448 2968 5501 velamen
2994 5440 3283 5496 auferebat.
3312 5440 3400 5495 Sic
3424 5439 3584 5492 etiam
3615 5436 3700 5490 lex
3722 5433 3952 5505 quoniam

2404 5540 2635 5595 nondum
2684 5535 2915 5606 perfecta
2957 5533 3268 5589 documenta
3298 5531 3580 5598 multaque
3619 5523 3951 5597 philosophia:

2405 5631 2557 5698 plena
2588 5629 2655 5683 de
2690 5626 2901 5681 Christo
2926 5624 3175 5691 Novoque
3207 5621 3549 5675 Testamento
3578 5617 3852 5686 percipere
3875 5628 3948 5681 po

2408 5731 2540 5778 terat
2562 5718 2842 5792 (siquidem
2868 5716 2955 5773 illa
2976 5715 3173 5783 omnia,
3196 5722 3464 5782 tamquam
3492 5710 3544 5765 in
3565 5708 3819 5767 thesauro
3842 5716 3949 5777 quo
