4066 6468
222 398 332 456 175

220 510 411 575 μένει,
452 506 581 576 ὃλην
612 505 782 576 αὐτὴν
808 505 989 576 ἀσαφῆ
1034 506 1128 560 καὶ
1154 505 1614 574 συνεσκιασμένην
1643 503 1779 558 εἶναι

221 590 477 660 νομίσῃς,
497 592 565 659 τῇ
595 591 852 658 ἐπαγωγῇ
876 590 1076 659 ταύτην
1097 587 1368 659 διώρθωσε
1388 588 1483 658 τὴν
1508 589 1776 641 ὑπόνοιαν.

222 672 411 726 Εῖπὼν
437 672 569 741 γὰρ,
603 670 893 739 Κάλυμμα
920 670 1018 723 ἐπὶ
1048 668 1124 737 τῇ
1167 669 1496 738 ἀναγνώσει
1522 670 1632 736 τῆς
1666 673 1781 723 [Ια-

220 752 405 819 λαιᾶς
437 751 729 819 Διαθήκης
750 751 935 820 μένει,
962 752 1228 820 ἐπήγαγε,
1256 750 1351 818 Μὴ
1377 750 1780 804 ἀνακαλυπτώ

221 853 432 900 μενον,
470 835 558 887 ὅτι
598 834 668 887 έν
719 831 947 901 Χριστῷ
981 832 1365 899 καταργεῖται.
1422 833 1587 885 Τοῦτο
1621 831 1779 895 αὑτὸ,

220 920 418 988 φησὶν,
445 918 545 970 οῦκ
565 914 926 984 ἀνεκαλύφθη,
948 915 1028 967 ὅτι
1052 914 1229 984 μέλλει
1254 917 1310 966 ἐν
1338 913 1554 984 Χριστῷ
1586 931 1783 984 καταρ-

218 999 443 1068 γεῖσθαι
462 1014 477 1029 ο
505 998 605 1053 οὑκ
632 994 973 1065 ἀνεκαλύφθη
1004 996 1061 1049 δέ
1088 999 1199 1059 τοῖς
1233 998 1307 1066 μὴ
1335 996 1686 1064 προσελθοῦσι
1715 997 1779 1065 τῇ

218 1083 409 1135 πίστει
429 1096 444 1111 ·
477 1080 553 1143 ὡς
581 1082 610 1134 ὅ
636 1097 698 1148 γε
726 1077 1054 1150 προσελθὼν,
1072 1078 1165 1131 καὶ
1196 1078 1291 1146 τῆς
1318 1078 1410 1130 τοῦ
1442 1078 1593 1145 ἀγίου
1616 1077 1782 1131 Πνεύ⁴

223 1179 403 1233 ματος
440 1162 658 1232 χάριτος
694 1159 1024 1225 ἀπολαύσας,
1067 1157 1247 1212 οὐκέτι
1281 1159 1417 1226 μετά
1464 1158 1783 1228 παραπετά-

220 1261 434 1315 σματος
461 1243 645 1313 βλέπει
671 1242 760 1295 τὸν
783 1242 965 1311 νόμον,
990 1241 1125 1301 ἀλλά
1151 1258 1219 1309 γυ
1229 1240 1361 1311 μνὴν
1385 1240 1547 1293 αὑτοῦ
1577 1239 1782 1310 καθορᾷ

217 1329 325 1398 τὴν
350 1326 531 1392 δόξαν.
552 1324 688 1388 Δόξα
716 1325 771 1378 δέ
793 1325 980 1393 νόμου,
1003 1323 1063 1376 τὸ
1087 1323 1373 1393 δυνηθῆναι
1401 1335 1426 1363 ι
1457 1322 1680 1387 διδάξαι,
1702 1323 1782 1375 ὅτι

218 1411 284 1463 ἐν
314 1405 540 1479 Χριστῷ
568 1408 937 1475 καταργεῖται,
968 1406 1055 1458 ἵνα
1094 1405 1187 1458 καὶ
1215 1404 1373 1457 τοῦτο
1411 1404 1603 1476 μάθῃς.
1632 1400 1783 1467 Εἶδες

218 1491 319 1545 τοῦ
353 1492 522 1560 νόμου
559 1488 655 1559 τὴν
676 1488 862 1553 δόξανς
895 1488 1032 1553 Δόξα
1055 1486 1111 1540 δέ
1135 1487 1281 1539 ἐστιν
1318 1484 1520 1556 ἀληθὴς
1553 1486 1779 1547 ἐκείνου,

218 1576 349 1630 ὅταν
399 1590 463 1627 σε
509 1572 644 1643 πρὸς
694 1571 782 1624 τδν
812 1569 1046 1640 Χριστὸν
1087 1567 1499 1637 παιδαγωγῆσαι
1544 1567 1779 1637 δυνηθῇ⁸

219 1656 568 1723 παιδαγωγεῖ
589 1654 666 1715 δέ,
690 1651 902 1705 ἐπειδὰν
921 1650 1067 1720 δείξῃ
1088 1650 1117 1689 δ
1143 1649 1303 1702 αὑτὸν
1328 1648 1779 1719 καταργούμενον.

222 1738 391 1793 Ὠστε
439 1736 534 1789 καὶ
582 1732 822 1787 ἐντεῦθεν
848 1730 996 1804 [180]
1031 1730 1217 1801 καιρία
1260 1734 1371 1793 τοῖς
1414 1732 1705 1801 αίρετικοῖς
1749 1732 1782 1800 ή

220 1820 410 1890 πληγὴ
441 1818 679 1886 γέγονεν.
702 1816 764 1868 Et
783 1814 890 1885 7&9
910 1813 1146 1876 ἐναντίος
1167 1809 1235 1883 ἦν
1266 1815 1294 1865 6
1322 1813 1482 1884 νόμος
1512 1814 1602 1865 καῖ⁵
1629 1811 1785 1864 πολέ-

225 1918 347 1975 μιος
379 1899 477 1953 τοῦ
507 1896 740 1969 Χριστοῦ
758 1908 804 1963 ο,
837 1897 930 1949 καὶ
958 1894 1031 1967 μή
1062 1897 1191 1966 παρ’
1222 1897 1424 1949 ἐκείνου
1457 1894 1650 1957 δοθεὶς,
1684 1894 1783 1947 οὐκ

221 1983 328 2038 εδει
354 1980 569 2034 Παῦλον
592 1979 748 2043 δόξαν
775 1976 937 2031 αὑτοῦ
972 1977 1219 2042 καλέσαι,
1250 1976 1325 2046 τῷ
1352 1976 1637 2047 δυνηθῆναι
1664 1993 1784 2028 παι-

220 2063 412 2118 δεῦσαι
437 2064 565 2125 τοὺς
592 2060 906 2133 προσιόντας
930 2058 1097 2129 αὐτῷ,
1124 2059 1205 2111 ὅτι
1228 2058 1315 2111 διά
1335 2058 1567 2129 Χριστοῦ
1589 2074 1782 2128 καταρ-

221 2151 426 2200 νεῖται.
448 2144 514 2198 El
542 2142 776 2213 πονηρὸς
800 2137 868 2212 ἦν
889 2142 917 2194 6
941 2140 1104 2210 νόμος
1137 2140 1317 2203 πάλιν,
1341 2142 1440 2194 οὐκ
1462 2140 1567 2193 ἔδει
1596 2140 1657 2193 τὸ
1686 2141 1783 2193 κά-

218 2229 417 2301 λυμμα
453 2226 617 2279 αὑτοῦ
655 2222 1037 2294 ἀφαιρεθῆναι,
1084 2221 1221 2275 ἀλλά
1275 2222 1453 2292 μένειν
1487 2222 1645 2275 αὑτὸν
1690 2222 1781 2275 καὶ

224 2311 366 2381 μετά
396 2308 499 2382 τὴν
526 2307 681 2377 χάριν
703 2304 1173 2375 συνεσκιασμένον.
1203 2304 1266 2356 El
1289 2303 1348 2358 δέ
1373 2303 1529 2357 τοῦτο
1554 2305 1653 2373 τῆς
1681 2306 1778 2373 χά-

224 2408 371 2465 ριτος
407 2390 601 2461 έργον,
650 2387 711 2440 τὸ
740 2385 1214 2457 διορατικαπέρους
1242 2387 1414 2437 ποιεῖν
1454 2386 1579 2449 τοὺς
1610 2401 1779 2454 προσ-

223 2475 407 2536 ιόντας
435 2471 573 2542 πρὸς
607 2470 704 2538 τὴν
730 2466 824 2520 τοῦ
866 2468 1030 2537 νόμου
1056 2466 1376 2537 κατάληψιν.
1410 2466 1548 2520 ὥστε
1576 2466 1781 2519 ἐκεῖθεν

218 2556 317 2618 τάς
350 2553 528 2624 ἀρχάς
572 2552 666 2605 καὶ
702 2549 797 2611 τάς
832 2547 1082 2618 ἀφορμὰς
1125 2548 1301 2610 πάσας
1344 2547 1632 2617 λαμϐάνειν
1682 2548 1780 2616 τῆς

219 2638 359 2707 πρὸς
386 2636 480 2688 τὸν
505 2631 735 2703 Χριστὸν
768 2631 1030 2692 πίστεωςν
1066 2630 1119 2682 τί
1157 2631 1336 2696 μεῖζον
1372 2629 1557 2682 τούτου
1584 2632 1781 2701 τεκμή-

223 2737 338 2791 ριον
376 2716 479 2787 τῆς
511 2715 602 2769 τοῦ
636 2713 800 2783 νόμου
837 2710 1151 2780 συγγενείας
1182 2712 1279 2780 τῆς
1312 2710 1447 2782 πρὸς
1486 2712 1581 2781 τὴν
1624 2713 1779 2781 χάριν

218 2802 360 2855 εῖποι
392 2814 477 2860 τις
512 2797 599 2861 ἀν,
630 2794 742 2849 ἀλλ’
772 2794 805 2863 ἢ
834 2792 1005 2846 ὅτανά
1041 2792 1139 2862 μὲν
1173 2793 1401 2863 Χριστὸς
1439 2793 1627 2865 ἀνοίγῃ
1657 2796 1781 2856 τοὺς

217 2879 535 2949 ὀφθαλμοὺς
580 2877 685 2930 τῶν
726 2874 873 2946 αῦτῷ
914 2873 1242 2945 προσιόντων
1268 2913 1281 2937 ,
1314 2873 1451 2926 ὥστε
1494 2874 1780 2944 δυνηθῆναι

221 2961 465 3017 κατιδεῖν
507 2957 601 3011 τοῦ
644 2957 807 3027 νόμου
843 2956 939 3027 τὴν
985 2956 1225 3024 ἀγωγὴν,
1261 2955 1438 3026 ἐκείνη
1472 2955 1527 3008 δέ
1556 2959 1781 3024 φανεῖσα

221 3044 318 3099 καὶ
354 3040 620 3111 γενομένη
669 3038 834 3109 δήλη,
873 3036 1235 3107 παραπέμψαι
1282 3037 1416 3107 μετά
1451 3037 1647 3105 πολλῆς
1682 3038 1779 3107 τῆς

218 3123 476 3185 εὐκολίας
536 3121 821 3189 δυνήσεται
873 3120 999 3181 τοὺς
1064 3118 1339 3181 συνιέντας
1392 3118 1460 3171 τά
1511 3117 1776 3189 Χριστοῦς

218 3204 411 3261 ταῦτα
431 3200 541 3272 γάρ
562 3201 684 3254 οῦτε
715 3200 807 3253 τὸν
827 3198 1056 3269 Χριστόν
1070 3200 1147 3268 τῷ
1174 3200 1319 3268 νόμῳ
1353 3201 1650 3269 μαχόμενον
1677 3200 1781 3251 δεί-

220 3302 436 3349 κνυσιν,
462 3284 584 3337 οῦτε
616 3282 704 3335 τὸν
732 3282 892 3351 νόμον
922 3280 1258 3350 πολεμοῦντα
1292 3280 1370 3350 τῷ
1410 3281 1603 3350 Ἰησοῦ,
1645 3282 1780 3335 άλλά

217 3367 530 3422 τούναντίον
553 3365 718 3429 ἀπαν,
747 3363 839 3415 τὸν
870 3363 965 3431 μέν
988 3360 1435 3432 προοδοποιοῦντα
1463 3366 1529 3432 τῇ
1571 3364 1779 3436 μεγάλῃ

217 3453 397 3523 ⁴ναύτῃ
416 3447 722 3521 φιλοσοφία,
751 3446 841 3499 τὸν
866 3444 922 3497 δέ
955 3443 1163 3497 ἐκεῖθεν
1200 3445 1393 3506 αὑτοὺς
1420 3444 1777 3514 παραλαμϐάο

217 3551 383 3591 νοντα
406 3532 502 3585 καὶ
521 3531 655 3601 πρὸς
679 3528 852 3597 ἀκραν
876 3527 1073 3593 ἄγοντα
1094 3527 1355 3597 κορυφήν.
1382 3526 1550 3597 ’Υπὲρ
1576 3526 1631 3579 δὲ
1662 3527 1780 3580 τού-

218 3634 333 3670 των
363 3614 618 3667 ἀπάντων
648 3610 1124 3680 εῦχαριστήσωμεν
1153 3609 1230 3677 τῷ
1254 3608 1615 3677 φιλανθρώπῳ
1638 3607 1774 3677 Θεῷ,

216 3697 299 3768 τῷ
317 3696 461 3749 κατά
480 3694 568 3747 τὸν
590 3694 930 3762 προσήκοντα
957 3690 1143 3758 καιρὸν
1165 3690 1370 3742 ἕκαστα
1391 3689 1773 3757 οἰκονομοῦντι,

219 3783 317 3836 καὶ
346 3777 701 3847 πολυτρόπως
730 3774 827 3843 τὴν
860 3773 1131 3843 ἡμετέραν
1157 3772 1657 3841 πραγματευομένη)
1683 3788 1781 3823 σω·

217 3861 436 3932 τηρίαν.
476 3858 569 3912 καὶ
594 3857 691 3926 τῆς
714 3854 876 3908 αὑτοῦ
914 3851 1318 3922 φιλανθρωπίας
1344 3853 1435 3905 καὶ
1463 3852 1562 3920 τῆς
1595 3851 1779 3905 τοσαύ-

216 3960 320 4013 της
346 3940 602 4011 προνοίας
623 3938 778 4001 ἀξίαν
801 3935 942 3989 κατά
970 3934 1195 4004 δύναμιν
1218 3933 1611 4004 ἐπιδειξώμεθα
1637 3934 1779 3986 πολι-

215 4024 395 4085 τείαν,
426 4022 512 4073 ῖνα
536 4019 627 4071 καὶ
657 4018 763 4071 τῶν
805 4017 1101 4087 μελλόντων
1149 4014 1488 4085 ἐπιτύχωμεν
1525 4014 1775 4083 ἀγαθῶν*

214 4099 292 4160 ὧν
318 4103 529 4172 γένοιτο
553 4100 759 4163 πάντας
781 4100 926 4169 ήμᾶς
948 4100 1239 4165 ἐπιτυχεῖν,
1268 4098 1446 4166 χάριτι
1472 4098 1564 4149 καὶ
1594 4098 1778 4165 φιλαν-

217 4185 443 4261 θρωπία
474 4182 567 4236 τοῦ
590 4181 795 4251 Κυρίου
831 4178 985 4249 ήμῶν
1024 4172 1205 4261 Ἰησοῦ
1228 4178 1485 4261 Χριστοῦ,
1511 4178 1575 4230 δι’
1601 4173 1660 4261 οῦ
1685 4179 1777 4261 καῖ

216 4259 342 4338 μεθ’
373 4262 433 4319 οῦ
474 4264 551 4335 τῷ
599 4263 791 4334 Πατρῖ,
832 4262 947 4332 ἀμα
989 4259 1066 4329 τῷ
1119 4260 1256 4330 ἀγίῳ
1294 4259 1588 4329 Πνεύματι,
1628 4260 1774 4327 δόξα,

215 4348 382 4419 τιμὴ,
412 4348 629 4418 κράτος,
660 4347 738 4407 είς
762 4344 886 4405 τοὺς
910 4340 1111 4403 αίῶνας
1140 4341 1248 4395 τῶν
1287 4340 1513 4395 αἰώνων.
1546 4341 1737 4412 Ἀμήν.

217 4498 358 4553 Ἔτι
378 4494 463 4559 είς
477 4492 591 4560 τὴν
603 4490 895 4560 ἀσάφειαν
917 4488 1030 4557 τῆς
1056 4487 1319 4552 Παλαιᾶς
1346 4487 1654 4560 Διαθήκης,
1678 4490 1775 4543 καί

285 4566 379 4628 εὶς
404 4558 519 4629 τήν
538 4558 658 4615 τοῦ
700 4558 847 4629 Θεοῦ
873 4560 1339 4629 φιλανθρωίαν,
1382 4558 1479 4611 και
1507 4561 1639 4627 περὶ
1672 4560 1777 4614 τοῦ

278 4632 372 4705 μὴ
408 4628 752 4699 κατηγορεῖν
775 4628 1081 4697 ἀλλήλων.

283 4755 361 4804 α’.
398 4747 590 4818 Χαίρει
612 4745 711 4817 μιν
735 4744 1007 4815 βουκόλος,
1026 4742 1242 4796 ἐπειδὰν
1271 4742 1607 4797 εὑπαθοῦσαν
1630 4745 1777 4815 αὐτῷ

208 4832 313 4887 καὶ
341 4832 644 4901 σφριγῶδαν
682 4826 767 4899 ιδῃ
787 4825 897 4879 τῶν
927 4825 1065 4896 βοῶν
1088 4824 1188 4896 τήν
1229 4825 1427 4894 ἀγέλην
1462 4840 1476 4855 °
1510 4827 1690 4895 χαίρει
1720 4827 1778 4880 δέ

208 4915 311 4969 καὶ
344 4911 595 4982 γηπόνος,
642 4908 857 4978 θεωρῶν
899 4906 1154 4977 κομῶντα
1195 4907 1264 4959 τὰ
1306 4907 1431 4977 λήῖα
1454 4922 1467 4936 ·
1500 4908 1611 4960 ἀλλ’
1655 4909 1777 4961 οὔτε

207 4995 451 5065 γηπόνος
480 4992 571 5044 ἐπὶ
595 4994 705 5053 τοῖς
734 4990 927 5061 ληῖοις,
956 4988 1081 5044 οὔτε
1114 4989 1363 5059 βουκόλος
1402 4990 1493 5042 ἐπὶ
1516 4992 1632 5052 ταῖς
1656 4992 1769 5060 βου-

209 5079 300 5131 σιν
318 5075 458 5129 οῦτω
475 5074 771 5144 χαίρουσιν,
788 5072 863 5135 ὡς
890 5070 998 5140 ἐγὼ
1018 5073 1191 5143 χαίρω
1211 5071 1304 5123 νῦν
1333 5074 1425 5124 καὶ
1454 5073 1776 5142 ἀγάλλομαι,

207 5159 325 5230 τὴν
368 5156 533 5226 καλὴν
588 5153 787 5224 ταύτην
833 5152 945 5208 άλω
994 5154 1103 5207 τῶν
1158 5154 1539 5220 πνευματικῶν
1568 5156 1777 5206 ’τούτων

201 5241 540 5312 δραγμάτων
566 5235 995 5306 πεπληρωμένην
1014 5235 1173 5305 ὀρῶν.
1194 5236 1359 5289 Ὅταν
1382 5236 1488 5304 7&9
1514 5239 1589 5298 είς
1611 5237 1778 5295 ἀκοάς

203 5321 478 5384 τοσαύτας
522 5321 616 5373 καὶ
653 5317 904 5380 τοιαύτας
942 5318 1230 5389 σπείρηται
1274 5318 1371 5388 τῆς
1417 5318 1695 5381 εὐσεϐείας
1750 5318 1777 5369 6

245 5518 258 5529 ,
273 5456 306 5485 ⁸
326 5455 480 5529 εξχιυι,
505 5456 575 5517 τῷ
593 5454 854 5514 δυνηθῆναι,
894 5453 1042 5513 male,
1064 5460 1120 5501 ιιι
1138 5451 1245 5515 ipse
1274 5465 1468 5515 quoque
1486 5454 1777 5513 suspicatur,

200 5518 625 5636 ωξοέἐνᾚῗιὲάιο
643 5575 865 5636 summa
887 5586 1038 5636 marg.
1062 5575 1187 5636 conj.
1205 5575 1351 5635 δι’ξῃ.

244 5700 253 5710 ¹
265 5641 301 5712 ξ
324 5633 779 5712 ΕΟΙΡ.’τῷΙΧριστιξ,
800 5639 925 5712 {ait}:
949 5633 1323 5712 ιιιέιίιωᾙῖίυιύ
1350 5643 1457 5697 post
1475 5635 1624 5685 Savil.
1646 5638 1777 5687 male

200 5698 345 5751 δὸεαν
364 5696 604 5746 αὐτόν.’ίιι
620 5696 772 5759 πως.
798 5697 925 5755 conj.
950 5696 1112 5743 αὐτοῦ.

274 5756 307 5799 ἀ
336 5758 419 5829 ως
444 5758 706 5829 ιςδεηριιιῃ
726 5756 1043 5829 ρυᾼικι-εανίι.
1086 5755 1203 5804 ἀλλο
1224 5759 1260 5813 ἢ
1288 5758 1414 5807 ὅταν.
1445 5758 1543 5807 Sed
1568 5759 1702 5809 locus
1722 5764 1774 5808 ut

197 5829 302 5882 est,
323 5821 369 5871 ni
395 5820 556 5879 fallor,
583 5819 698 5867 ferri
721 5825 907 5881 potest.

1168 384 1259 439 DE
1293 380 1824 439 PROPllETIARUM
1858 379 2363 438 OBSCURITATE.
2403 380 2470 438 ll.

3316 400 3426 456 176

1882 502 2057 570 λόγος,
2085 502 2297 574 ἀνάγκη
2322 504 2529 573 ταχέως
2553 505 2719 560 πολὺ-ι
2751 504 2842 559 καὶ
2890 501 3095 573 ὦριμον
3134 504 3426 579 βλαστῆσαι

1880 586 1977 654 τῆς
2018 586 2257 655 ὑπακοῆς
2307 586 2397 637 τὸν
2443 587 2699 657 ἀσταχυν.
2735 587 2843 640 Καὶ
2896 584 3003 654 7&9
3044 587 3169 638 ὅταν
3214 605 3296 652 τις
3348 590 3427 653 είς

1881 666 2162 735 βαθύγειον
2191 669 2283 719 καῖ
2315 667 2549 735 λιπαρὰν
2596 670 2828 737 ἀρουραν
2879 666 3087 720 αῦλακα
3130 668 3289 741 τέμῃ,
3325 670 3426 725 κᾶν

1883 748 1955 817 μὴ
1986 748 2193 816 δαψιλεῖ
2218 750 2282 817 τῇ
2316 750 2457 817 χειρὶ
2490 749 2764 819 καταϐάλῃ
2791 748 2858 800 τὰ.
2889 749 3194 817 σπέρματα,
3232 751 3426 820 πολλήν

1879 828 2085 893 δέξεται
2110 830 2205 899 τήν
2226 831 2415 900 φοράν,
2443 831 2541 899 τῆς
2570 832 2780 899 φύσεως
2810 829 2901 883 τοῦ
2924 831 3118 900 χωρίου
3147 832 3241 901 τὴν
3255 833 3428 900 ὀλιγό-

1880 928 2016 982 τητα
2048 912 2154 964 τῶν
2179 912 2505 980 σπερμάτων
2532 910 2617 964 διά
2636 914 2733 980 τῆς
2753 912 2954 973 οἰκείας
2979 913 3253 981 δυνάμεως
3273 914 3429 968 πλεο·

1879 992 2139 1063 ναζούσης
2158 1008 2172 1022 ⁸
2203 993 2342 1047 οῦτω
2370 995 2462 1046 καὶ
2490 996 2615 1046 ὅταν
2638 1011 2718 1056 τις
2750 998 2827 1057 είς
2844 995 3017 1064 ψυχάς
3043 998 3233 1066 σπείρῃ
3265 1015 3428 1052 κατα-

1882 1075 2085 1137 πειθεῖς
2115 1074 2209 1127 καὶ
2237 1074 2517 1138 εὐλαϐείας
2538 1074 2828 1143 γεμούσας,
2852 1076 2951 1128 κᾶν
2973 1076 3126 1144 ὀλίγα
3152 1078 3425 1151 καταϐάλῃ

1880 1156 1947 1207 τὰ
1977 1155 2124 1227 [181]
2151 1157 2245 1226 τῆς
2272 1157 2611 1219 διδασκαλίας
2634 1156 2942 1226 σπέρματα,
2965 1158 3209 1211 πλούσιον
3241 1159 3426 1228 δψεται

1880 1238 1969 1291 τὸν
1992 1240 2216 1308 ἄμητον,
2256 1239 2353 1308 τῆς
2400 1238 2507 1291 τῶν
2540 1240 2843 1293 ἀκουόντων
2881 1240 3068 1307 σοφίας
3094 1241 3190 1310 τὴν
3216 1240 3306 1294 τοῦ
3343 1243 3429 1294 λέ-

1882 1338 2066 1389 γοντος
2116 1320 2302 1373 πενίαν
2340 1320 2807 1390 ἀποκρυπτούσης.
2855 1322 3022 1374 Τοῦτο
3070 1324 3162 1375 καὶ
3202 1324 3291 1375 ἐπὶ
3328 1324 3428 1393 τῆς

1884 1403 2065 1466 ἀλείας
2090 1404 2295 1471 γίνεται
2321 1404 2427 1455 τῶν
2455 1403 2664 1472 ίχθύων.
2692 1404 2807 1457 Κάν
2847 1403 2953 1473 7&9
2982 1404 3192 1474 ἄπειροι
3228 1407 3428 1473 τυγχά-

1884 1503 2042 1539 νωσιν
2067 1486 2216 1549 ὄντες
2242 1487 2292 1539 οἱ
2312 1486 2499 1549 ἁλιεῖς,
2536 1487 2614 1548 είς
2639 1484 2901 1537 κόλπονδέ
2930 1484 3127 1553 βάλωσι
3156 1487 3225 1538 τά
3246 1486 3431 1539 δίκτυα

1884 1567 2106 1630 πολλοὺς
2130 1567 2315 1637 ἔχοντα
2349 1569 2473 1630 τοὺς
2508 1566 2711 1636 ίχθύας,
2752 1566 2945 1636 ῥαδίως
2972 1567 3069 1633 τῆς
3101 1566 3269 1635 θήρας
3313 1569 3430 1619 ἐπι⁶

1881 1650 2238 1717 τυγχάνουσι,
2283 1648 2376 1701 τοῦ
2415 1650 2651 1720 πλήθους
2677 1647 2782 1699 τῶν
2817 1648 3204 1715 συντρεχόντων
3239 1647 3431 1716 ίχθυων

1884 1730 2260 1793 συσκιάζοντος
2284 1742 2308 1769 ο
2344 1731 2565 1783 ἐκείνων
2594 1730 2691 1800 τὴν
2717 1730 2983 1799 ἀπειρίαν.
3016 1730 3076 1782 El
3109 1729 3165 1781 δέ
3204 1730 3294 1781 ἐπὶ
3334 1730 3431 1799 τῆς

1882 1813 2051 1882 άγρας
2083 1813 2293 1881 ἐκείνης
2318 1812 2423 1864 τῶν
2452 1811 2756 1865 ἀλιεύεσθαι
2802 1810 3096 1880 μελλόντων
3139 1810 3201 1863 τὸ
3233 1810 3431 1879 πλῆθος

1881 1894 1973 1947 τοῦ
2011 1892 2393 1964 σαγηνεύοντος
2426 1894 2679 1955 πολλάκις
2718 1892 3116 1961 παραμυθεῖται
3149 1893 3245 1963 τήν
3285 1894 3430 1963 ἀμά-

1882 1974 2048 2039 θειαν,
2086 1977 2261 2045 πολλῷ
2303 1976 2497 2045 μᾶλλον
2551 1976 2642 2027 ἐπὶ
2689 1974 2787 2044 τῆς
2836 1974 3037 2036 ἁλιείας
3086 1974 3285 2045 ταύτης
3330 1975 3429 2044 τῆς

1883 2060 2249 2129 πνευματικῆς
2271 2058 2427 2111 τοῦτο
2454 2058 2809 2129 συμϐήσεται.
2840 2057 2948 2110 Καὶ
2976 2057 3081 2126 γὰρ
3108 2060 3299 2110 ἐκεῖνοι
3332 2059 3429 2129 μὲν

1880 2140 1929 2191 οί
1981 2139 2188 2209 ίχθύες,
2234 2141 2359 2192 ὅταν
2415 2140 2593 2192 ῖδωσιν
2648 2136 2982 2208 ἐμϐληθέντα
3030 2138 3098 2190 τὰ
3147 2138 3430 2210 θήρατρα,

1881 2221 2082 2285 εὐθέως
2113 2220 2429 2290 ἀποπηδῶσι
2452 2221 2544 2273 καὶ
2566 2220 2870 2285 ἐξάλλονται
2890 2236 2905 2252 ·
2936 2220 3091 2289 ὑμεῖς
3112 2219 3165 2272 δέ
3196 2221 3257 2272 τὸ
3284 2222 3432 2272 ἐναν-

1880 2304 1993 2357 τίον
2020 2306 2217 2356 ποιεῖτε
2238 2321 2250 2333 ·
2282 2304 2408 2356 ὅταν
2434 2302 2580 2372 ῖδητε
2613 2304 2914 2357 ἀναστάντα
2940 2302 3032 2355 καῖ⁵
3070 2302 3169 2373 τὴν
3193 2305 3432 2373 σαγήνην

1881 2384 2207 2437 ἀπλώσαντα
2248 2385 2345 2453 τῆς
2382 2383 2744 2447 διδασκαλίας,
2777 2385 2839 2436 οὑ
2881 2384 3036 2453 μόνον
3076 2385 3175 2437 οὐκ
3221 2385 3433 2454 ἀποπη-

1880 2466 2004 2518 δᾶτε
2040 2467 2134 2517 καὶ
2186 2464 2499 2528 ἐξάλλεσθε,
2547 2464 2683 2518 ἀλλά
2730 2465 2823 2517 καὶ
2881 2465 3137 2536 ἐνδοτέρω
3193 2466 3433 2534 βαδίζετε

1882 2546 2216 2617 πανταχόθεν
2249 2547 2657 2618 συντρέχοντες,
2707 2549 2797 2600 καὶ
2843 2547 2931 2601 τὸν
2962 2549 3185 2618 πλησίον
3210 2550 3432 2615 ἐκαστος

1881 2630 2035 2682 ὠθῶν
2062 2630 2156 2683 καὶ
2197 2628 2389 2683 θλίϐων
2412 2667 2428 2692 ,
2474 2629 2737 2700 πρότερος
2764 2630 2923 2694 αὐτὸς
2956 2632 3224 2699 ἐπείγεται
3257 2635 3435 2703 ἐμπη-

1882 2712 2040 2782 δῆσαι
2076 2714 2168 2765 καὶ
2200 2714 2458 2783 ἐμπεσεῖν
2497 2715 2577 2776 είς
2620 2714 2688 2766 τά
2728 2713 2932 2768 δίκτυα.
2979 2715 3075 2768 Διὰ
3100 2714 3253 2768 τοῦτο
3290 2716 3432 2769 οὐδέ-

1883 2811 2011 2846 ποτε
2049 2794 2207 2864 κενήν
2242 2795 2627 2865 ἀνεσπάσαμεν
2658 2794 2755 2865 τὴν
2795 2796 3057 2865 σαγήνην,
3100 2797 3161 2849 οὑ
3204 2797 3290 2851 διὰ
3334 2798 3433 2869 τήν

1879 2878 2150 2947 ήμετέραν
2187 2877 2473 2947 ἐμπειρίαν
2496 2916 2510 2941 ,
2557 2876 2691 2930 ἀλλά
2722 2876 2807 2930 διά
2828 2877 2923 2947 τὴν
2948 2878 3213 2949 ὑμετέραν
3246 2880 3434 2933 ἐπιθυ-

1883 2961 2029 3030 μίαν.
2065 2960 2283 3023 Ἰκανῶς
2314 2962 2411 3030 μέν
2448 2955 2541 3012 οῦν
2582 2962 2730 3029 ἡμᾶς
2767 2960 2860 3013 καὶ
2897 2960 3082 3032 πρώην
3110 2963 3433 3034 είστίασενή

1878 3042 2075 3111 χρυσὸν
2112 3042 2330 3111 δόκιμον
2370 3041 2463 3094 καὶ
2501 3041 2737 3113 καθαρὸν
2790 3042 2986 3111 ῥέουσα
3041 3043 3251 3110 γλῶττα
3278 3082 3292 3107 ,
3342 3046 3436 3097 καὶ

1881 3124 2059 3191 πηγὰς
2074 3125 2268 3193 ἐχουσα
2289 3123 2501 3193 μέλιτος
2521 3125 2577 3176 ἐν
2599 3124 2676 3193 τῷ
2699 3124 2944 3191 στόματι,
2968 3126 3000 3193 ή
3026 3124 3118 3177 τοῦ
3144 3126 3432 3195 μακαρίου,

1879 3205 2040 3273 λέγω,
2065 3205 2274 3259 Παύλου
2296 3222 2310 3237 ⁸
2345 3206 2539 3275 μᾶλλον
2562 3206 2618 3258 δὲ
2644 3208 2737 3260 καὶ
2765 3207 2956 3277 κηρίου
2980 3208 3174 3270 παντὸς
3198 3209 3438 3279 ἀποκρύ-

1880 3304 2083 3339 πτουσα
2108 3288 2203 3357 τήν
2239 3287 2428 3357 ήδονήν
2454 3290 2521 3357 τῇ
2550 3288 2648 3357 τῆς
2694 3289 3060 3359 πνευματικῆς
3100 3288 3437 3356 διδασκαλίας

1879 3368 2187 3438 γλυκύτητι.

1959 3450 2172 3520 Ἐπειδὴ
2206 3450 2261 3504 δὲ
2308 3451 2448 3505 κατά
2489 3451 2587 3522 τὴν
2619 3452 2934 3521 πρέπουσαν
2961 3453 3088 3521 ὑμῖν
3123 3453 3435 3523 φιλοσοφίαν

1878 3532 1994 3585 ούδέ
2037 3531 2105 3583 τά
2148 3531 2238 3583 τοῦ
2282 3533 2507 3601 πένητος
2547 3531 2681 3601 ἐμοῦ
2728 3534 2820 3585 καὶ
2852 3534 3216 3600 πτωχεύοντος
3245 3536 3439 3604 ἀτιμά-

1880 3610 1998 3674 ζετε
2023 3651 2038 3675 ,
2085 3612 2217 3663 ἀλλά
2252 3611 2555 3681 θαυμάζετε
2593 3613 2689 3683 μὲν
2718 3613 2785 3665 τά
2825 3612 3020 3683 πολλὴν
3052 3614 3239 3682 ἔχοντα
3271 3616 3438 3687 ὑπερ-

1878 3694 2025 3762 οχὴν,
2060 3692 2344 3762 προσίεσθε
2387 3693 2442 3746 δέ
2490 3693 2583 3747 καὶ
2628 3694 2695 3746 τά
2727 3694 2823 3763 τῆς
2858 3695 3125 3765 ήμετέρας
3169 3697 3437 3762 εὐτελείας

1881 3775 2117 3842 ῥήματα,
2142 3773 2369 3841 ἀνέστην
2401 3776 2538 3843 μετά
2564 3774 2866 3845 προθυμίας
2894 3777 3185 3829 ἀποδώσων
3230 3778 3354 3847 ὑμῖν
3378 3780 3438 3832 τὸ

1879 3854 2115 3925 ὄφλημα,
2148 3855 2176 3907 ὃ
2206 3855 2393 3926 πρώην
2425 3856 2737 3926 ὑπεσχόμην
2788 3857 2906 3926 μὲν,
2938 3859 2996 3911 οὑ
3040 3860 3332 3913 κατέϐαλον
3359 3862 3435 3920 δὲ.

1877 3936 1970 3987 τοῦ
2004 3939 2207 4007 μήκους
2240 3937 2339 4004 τῆς
2370 3937 2710 3999 διδασκαλίας
2755 3939 3144 4007 ἐκκρούσαντος
3174 3943 3316 4010 ἡμᾶς
3345 3942 3435 3994 τοῦ

1877 4018 2081 4081 τέλους.
2128 4019 2191 4070 Τί
2240 4014 2330 4071 οὖν
2372 4014 2439 4087 ῆν
2478 4018 2539 4070 τὸ
2575 4018 2791 4088 ὄφλημα
2819 4020 3026 4084 ἐκεῖνος
3066 4021 3298 4091 Ἀνάγκη
3329 4022 3435 4094 γάρ

1878 4098 2183 4168 ἀναμνῆσαι
2224 4099 2365 4165 ὑμᾶς
2404 4098 2500 4169 τὴν
2532 4100 2703 4171 ἀρχὴν
2749 4100 2840 4153 τοῦ
2884 4101 3267 4171 δανείσματος,
3295 4102 3434 4158 ὥστε

1882 4182 2219 4251 σαφεστέραν
2257 4182 2384 4249 ὑμῖν
2424 4182 2529 4233 ἀπὸ
2556 4182 2654 4251 τῆς
2703 4182 3005 4246 ὑποθέσεως
3053 4186 3299 4251 γενέσθαι
3337 4187 3434 4258 τήν

1879 4260 2152 4330 ἐξήγησιν.
2184 4262 2552 4333 Ἐζητήσαμεν
2576 4265 2716 4327 τότε,
2735 4265 2874 4325 τίνος
2896 4265 3075 4317 ἕνεκεν
3095 4268 3436 4339 ἀσαφεστέρα

1878 4341 1976 4411 τῆς
2000 4344 2202 4413 Καινῆς
2231 4346 2263 4415 ή
2299 4344 2508 4397 Παλαιὰ
2536 4344 2797 4415 Διαθήκη·
2820 4348 2958 4414 τάχα
2980 4348 3087 4417 γὰρ
3116 4349 3391 4418 μέμνησθε
3417 4369 3433 4383 ο

1880 4426 1972 4476 καὶ
2006 4426 2133 4494 μίαν
2165 4426 2301 4489 τέως
2328 4427 2626 4496 εἰρήκαμεν
2656 4427 2850 4490 αἰτίαν,
2890 4428 2986 4497 τήν
3025 4428 3307 4499 θηριωδίαν
3330 4431 3436 4487 τῶν

1880 4507 2199 4572 ἀκουόντων,
2248 4508 2340 4560 καὶ
2381 4509 2628 4576 μάρτυρα
2677 4509 3065 4578 παρηγάγομεν
3103 4510 3192 4563 τὸν
3228 4510 3435 4567 Παῦλον

1879 4587 2122 4655 λέγοντα.
2135 4589 2213 4641 ὅτι
2237 4590 2304 4641 Τὸ
2322 4589 2466 4642 αὐτὸ
2483 4588 2762 4658 κάλυμμα
2782 4591 2878 4643 ἐπὶ
2905 4590 2973 4658 τῇ
2988 4592 3316 4660 ἀναγνώσει
3330 4594 3436 4663 τῆς

1878 4670 2143 4734 Παλαιᾶς
2159 4670 2446 4736 Διαθήκης
2458 4670 2625 4738 μένει
2639 4674 2723 4740 μὴ
2746 4673 3330 4743 ἀνακαλυπτόμενον,
3348 4678 3437 4731 ὅτι

1878 4754 1948 4805 ἐν
1984 4751 2213 4819 Χριστῷ
2275 4751 2663 4820 καταργεῖται.
2709 4753 3014 4824 Ἐδείξαμεν
3059 4756 3138 4808 δτι
3190 4758 3436 4829 καθάπερ

1879 4835 2113 4902 Μωῦσῆς
2133 4829 2242 4901 εῐχε
2268 4832 2528 4903 κάλυμμα
2549 4836 2575 4886 6
2597 4835 2909 4904 νομοθέτης,
2932 4836 3072 4890 οῦτω
3110 4840 3201 4891 καὶ
3227 4840 3255 4891 6
3275 4840 3434 4909 νόμος

1880 4912 1990 4984 εἶχε
2018 4916 2298 4985 κάλυμμα,
2333 4916 2429 4985 τὴν
2462 4917 2727 4985 ἀσάφειαν
2749 4934 2763 4949 ·
2794 4918 2906 4971 ἀλλ’
2934 4918 3055 4971 οὔτε
3084 4920 3173 4971 τοῦ
3213 4921 3433 4990 νομοθέ-

1880 5016 1972 5050 του
2007 4997 2271 5067 έγκλημα,
2302 4998 2421 5051 οὔτε
2448 4999 2540 5051 τοῦ
2568 5002 2729 5070 νόμου
2750 5002 3047 5070 κατηγορία
3074 5002 3131 5053 τὸ
3154 5001 3431 5073 κάλυμμα,

1881 5079 2014 5131 ἀλλά
2055 5080 2153 5146 τῆς
2192 5080 2471 5143 ἀσθενείας
2513 5082 2619 5135 τῶν
2660 5082 2982 5135 ἀκουόντων.
3031 5082 3163 5135 Οὐδὲ
3212 5084 3317 5155 γὰρ
3358 5086 3436 5138 δι’

1882 5162 2069 5214 ἐαυτὸν
2103 5156 2216 5231 εἶχε
2261 5162 2521 5232 κάλυμμα
2566 5166 2593 5215 6
2646 5164 2903 5233 Μωῦσῆς,
2957 5163 3070 5217 ἀλλ’
3106 5167 3287 5237 ἐπειδὴ
3335 5168 3433 5220 οὑκ

1881 5243 2136 5312 ἠδύναντο
2166 5246 2479 5311 ὑπενεγκεῖν
2508 5244 2603 5313 τὴν
2626 5244 2780 5309 δόξαν
2817 5244 2899 5297 ιοῦ
2928 5246 3213 5316 προσώπου
3246 5248 3430 5302 αὑτοῦ.

1888 5329 2009 5380 Ὀτε
2055 5326 2182 5394 γοῦν
2231 5329 2525 5396 ἐπέστρεφε
2574 5327 2709 5395 πρὸς
2758 5327 2988 5398 Κύριον,
3040 5333 3345 5400 περιῃρεῖτο
3376 5332 3437 5385 τὸ

1881 5410 2157 5479 κάλυμμα.
2204 5409 2356 5461 Οῦτω
2397 5410 2487 5459 καὶ
2526 5410 2553 5461 6
2586 5409 2766 5479 νόμος,
2816 5411 2934 5463 ἐπεὶ
2971 5412 3180 5464 οὐδέπω
3212 5411 3438 5480 ἠδύνατο

1883 5491 2071 5561 μαθεῖν
2092 5491 2155 5542 τὰ
2178 5491 2353 5543 τέλεια
2379 5490 2676 5559 διδάγματα
2708 5492 2800 5544 καὶ
2829 5492 3139 5559 φιλοσοφίας
3170 5492 3433 5562 γέμοντα,

1879 5574 1946 5626 τά
1972 5590 2029 5624 τε
2054 5574 2178 5642 περὶ
2213 5571 2444 5641 Χριστοῦ
2483 5574 2574 5624 καὶ
2606 5573 2705 5643 τῆς
2723 5575 2927 5642 Καινῆς
2955 5572 3223 5643 Διαθήκης
3242 5576 3438 5642 (πάντα

1878 5655 1983 5724 γὰρ
2035 5658 2214 5707 ἐκεῖνα
2260 5655 2599 5719 ἐναπέκειτο,
2648 5656 2895 5727 καθάπερ
2939 5658 2996 5707 ἐν
3048 5655 3331 5727 θησαυρῷ,
3371 5663 3434 5728 τῇ

1932 5755 2275 5839 ἴξιοηηοςοι.
2301 5768 2455 5809 recte.
2484 5760 2633 5812 Savnl.
2658 5767 2711 5812 el
2735 5761 2856 5824 Reg.
2901 5762 3262 5822 συσκιαζούσηςο
3301 5765 3434 5817 Colb.

1876 5833 2235 5875 συσκιαςοντων.
