4066 6526
678 436 787 489 177
1374 426 1433 481 5.
1471 425 1751 480 JOANNIS
1786 416 2275 478 CHRYSOSTOMI
2311 416 2629 482 ARCHIEP.
2669 427 3213 485 CONSTANTINOP.
3774 458 3884 510 178

674 537 874 606 παλαιᾷ
907 537 1136 608 Γραφῇ),
1169 538 1316 609 [182]
1348 539 1606 608 κάλυμμα
1653 534 1815 607 εἶχεν,
1858 539 2083 599 ἐκείνοις
2120 535 2218 605 μὲν

672 618 1130 683 συγκαταϐαίνων,
1156 622 1285 688 ἡμῖν
1305 620 1360 672 δὲ
1387 620 1565 689 τηρῶν
1591 620 1680 671 τὸν
1725 619 1947 671 πλοῦτον
1978 618 2219 678 ἅπαντα,

668 694 719 747 ἴν
746 737 761 760 ,
792 698 917 750 ὅταν
952 701 1320 769 παραγένηται
1353 702 1381 752 6
1409 701 1657 769 Χριστὸς,
1690 702 1780 753 καὶ
1816 699 2225 768 ἐπιστρέψωμεν

673 779 808 846 πρὸς
846 780 1023 843 αὑτὸν,
1062 781 1378 851 περιαιρεθῇ
1410 782 1471 834 τὸ
1503 782 1781 850 κάλυμμα.
1827 781 2018 850 Ὁρᾶτε
2047 779 2224 831 τοίνυν

669 863 748 921 είς
782 861 910 931 ὅσην
943 864 1081 930 ἡμᾶς
1103 864 1255 927 ἀξίαν
1281 865 1482 932 ῆγαγεν
1506 865 1538 931 ἡ
1560 862 1652 914 τοῦ
1676 862 1909 933 Χριστοῦ
1929 860 2219 932 παρουσία,

670 943 751 1003 εἰς
777 943 874 1010 τὴν
904 944 1056 1009 τάξιν
1091 945 1363 1011 ἀνάγουσα
1411 944 1706 1005 Μωῦσέως.
1754 943 1892 996 Ἀλλ’
1929 945 2057 1005 ἴσως
2108 943 2223 1012 ἐρεῖ

668 1039 784 1084 τιςο
822 1025 925 1076 Καὶ
966 1026 1108 1087 τίνος
1136 1026 1316 1079 ἕνεκεν
1358 1024 1569 1092 ἐλέγετο
1597 1024 1718 1075 τότε
1743 1065 1757 1088 ,
1803 1026 1849 1076 εί
1893 1024 1966 1094 μὴ
2001 1022 2221 1093 ἔμελλεν

668 1104 849 1167 αὐτοῖς
869 1106 1010 1175 σαφῆ
1042 1101 1174 1158 εἶναι
1195 1106 1263 1159 τὰ
1290 1106 1584 1175 λεγόμενα;
1623 1107 1737 1158 Ἵνα
1757 1108 1867 1167 τοῖς
1890 1104 2025 1175 μετά
2050 1104 2219 1157 ταῦτα

667 1186 885 1255 γένηται
900 1190 1159 1258 χρήσιμα.
1184 1188 1515 1258 Προφητείας
1531 1186 1637 1257 7&9
1651 1187 1863 1255 ἀξίωμα
1885 1186 2035 1239 τοῦτό
2052 1188 2215 1250 ἐστιν,

665 1265 761 1336 οὐχ
788 1269 911 1321 ὅταν
938 1270 1005 1323 τά
1038 1270 1274 1336 παρόντα
1303 1268 1603 1338 ἀπαγγείλῃ
1624 1268 1936 1337 πράγματα,
1959 1267 2218 1320 ἀλλ’·ὃταν

664 1348 733 1400 τά
768 1350 1021 1420 μέλλοντα
1041 1351 1493 1419 προαναφωνήσῃ.
1532 1349 1840 1420 Προφητεία
1865 1350 1919 1402 δέ
1949 1350 2074 1402 ὅταν
2096 1365 2217 1403 συν-

662 1432 1033 1500 εσκιασμένως
1064 1430 1305 1500 λέγηται,
1340 1432 1476 1501 μετά
1506 1430 1603 1500 τὴν
1630 1430 1737 1483 τῶν
1767 1432 2099 1501 πραγμάτων
2122 1431 2213 1483 ἐκ·

663 1510 820 1564 ϐασιν
840 1512 1044 1580 γίνεται
1072 1514 1394 1584 σαφεστέρα,
1430 1513 1603 1583 πρὸδέ
1629 1512 1728 1581 τῆς
1756 1514 2027 1577 ἐκϐάσεως
2058 1515 2215 1567 οὐδα-

664 1594 798 1663 μῶς.
828 1596 1005 1660 Ὠστε,
1023 1596 1205 1667 ἐπειδὴ
1237 1597 1355 1650 τότε
1383 1596 1478 1667 μὲν
1498 1596 1710 1665 ἐλέγετο
1725 1598 2211 1667 συνεσκιασμένως,

660 1677 842 1747 ἀσαφῆ
870 1673 937 1748 ἦν
955 1694 969 1708 ο
993 1679 1080 1731 ὅτε
1105 1678 1161 1731 δέ
1196 1678 1461 1748 ἐκϐέϐηκε
1496 1677 1565 1731 τά
1601 1680 1913 1748 πράγματα,
1945 1679 2032 1732 διά
2057 1679 2213 1732 τοῦτο

662 1760 963 1830 σαφέστερα
991 1754 1058 1831 ἦν
1088 1761 1157 1813 τά
1206 1760 1487 1829 λεγόμενα.
1547 1760 1656 1812 Καὶ
1707 1761 1792 1813 ῐνα
1837 1761 2075 1832 μάθητε,
2128 1761 2211 1814 ὅτι

658 1841 993 1909 προφητεία,
1024 1839 1154 1895 ’κᾶν
1202 1842 1304 1913 πρὸ
1352 1840 1545 1894 πολλοῦ
1594 1841 1811 1912 λέγηται
1866 1843 1957 1896 τοῦ
2000 1843 2210 1913 χρόνον.

664 1922 1139 1991 συνεσκιασμένως
1190 1922 1245 1974 δέ
1291 1920 1554 1993 λέγηται,
1611 1925 1955 1994 ἀσαφεστέρα
2004 1924 2208 1993 γίνεται

656 2002 993 2072 ἀναμένουσα
1006 2004 1104 2075 τὴν
1118 2005 1182 2058 ἐκ
1196 2004 1301 2057 τῶν
1321 2004 1654 2075 πραγμάτων
1669 2004 1910 2067 ἐκϐασιν,
1923 2006 2015 2059 ἀπ’
2033 2005 2209 2059 αὐτῶν

655 2081 764 2135 τῶν
797 2083 1048 2154 μαθητῶν
1077 2086 1202 2155 ὑμῖν
1252 2085 1407 2139 τοῦτο
1448 2088 1655 2156 ποιήσω
1692 2088 1940 2159 φανερόν.
1975 2088 2210 2141 Λύσατε

656 2163 761 2216 τὸν
786 2166 935 2219 ναὸν
968 2167 1199 2230 τοῦτον,
1244 2171 1355 2231 τοῖς
1396 2168 1665 2232 Ἰουδαίοις
1693 2169 1874 2236 ἐλεγεν
1906 2171 1934 2221 6
1960 2171 2204 2239 Χριστός.

667 2245 879 2317 Ἐπειδὴ
915 2249 1020 2318 7&9
1046 2249 1231 2302 ἐδίωκε
1256 2253 1380 2313 τοὺς
1424 2250 1509 2303 διά
1542 2251 1639 2321 τῆς
1680 2251 1978 2322 καπηλείας
2004 2254 2082 2315 είς
2118 2252 2208 2304 τὸν

654 2326 778 2380 ναδν
810 2329 1201 2399 ἐνυϐρίζοντας,
1232 2332 1472 2399 λέγουσιν
1495 2334 1690 2385 ἐκεῖνοι
1714 2348 1727 2361 ⁸
1752 2333 1813 2386 Τί
1833 2332 2079 2402 σημεῖον
2099 2332 2209 2387 δει-

651 2410 851 2475 κνύεις
869 2410 1029 2478 ἡμῖν,
1048 2412 1132 2465 ὅτι
1149 2413 1332 2466 ταῦτα
1350 2413 1534 2479 ποιεῖς
1555 2431 1574 2477 ;
1595 2414 1701 2466 Καὶ
1718 2415 1851 2484 πρὸς
1878 2416 2031 2468 τοῦτό
2054 2432 2202 2486 φησισ

651 2491 888 2545 Λύσατε
924 2493 1027 2545 τὸν
1056 2494 1205 2547 ναὸν
1231 2494 1465 2561 τοῦτον,
1510 2494 1608 2547 καί
1649 2496 1718 2547 ὲν
1744 2496 1938 2562 τρισίν
1967 2497 2207 2565 ἡμέραις

650 2571 830 2640 ἐγερῶ
855 2575 1056 2631 αὐτόν.
1100 2575 1351 2640 Ἐκεῖνος
1369 2576 1437 2628 δὲ
1459 2576 1629 2645 ἔλεγε
1643 2577 1775 2644 περὶ
1800 2579 1905 2632 τοῦ
1936 2580 2083 2633 ναοῦ
2098 2581 2206 2635 τοῦ

648 2654 919 2723 σώματος
946 2657 1147 2711 αὑτοῦ.
1179 2658 1346 2711 Τοῦτο
1392 2660 1688 2729 προφητεία
1722 2660 1804 2723 τίς
1836 2666 2010 2716 ἐστιν·
2055 2663 2206 2716 οὔπω

649 2735 758 2805 γὰρ
776 2732 844 2807 ἧν
862 2728 1173 2810 ἐκϐεϐηκὼς
1202 2741 1230 2792 6
1260 2741 1506 2811 σταυρὸς,
1534 2741 1649 2794 οὐδὲ
1686 2744 1720 2811 ὴ
1756 2741 1903 2805 λύσις
1931 2743 2023 2795 τοῦ
2050 2744 2201 2807 ναοῦ,

650 2818 772 2871 οὐδε
798 2821 831 2890 ἡ
854 2822 1147 2891 τριήμερος
1172 2823 1481 2885 ἀνάστασις,
1500 2825 1566 2893 ἢν
1590 2822 1750 2884 αὐτὸς
1779 2826 2066 2893 ἐποιήσατο
2100 2824 2205 2878 Καὶ

650 2899 753 2970 δρα
797 2902 911 2964 πῶς
941 2904 1011 2954 τὰ
1035 2904 1313 2973 ἀμφότερα
1365 2903 1499 2973 μετά
1531 2904 1811 2973 ἀκριϐείας
1845 2904 2075 2974 ᾐνίξατο,
2110 2907 2205 2958 καὶ

649 2980 747 3051 τὴν
766 2982 965 3052 τόλμαν
995 2984 1091 3053 τὴν
1122 2985 1362 3048 ἐκείνων,
1389 2985 1483 3038 καὶ
1507 2983 1605 3054 τὴν
1628 2985 1831 3039 οἰκείαν
1861 2985 2023 3038 αὑτοῦ
2050 2986 2204 3039 δύνα-

652 3079 765 3131 μιν.
804 3065 938 3117 ’Δλκ
966 3066 1114 3136 ὅμως
1139 3068 1236 3121 οὐκ
1252 3067 1472 3138 ᾔδεισαν
1490 3067 1559 3120 τά
1583 3067 1867 3135 λεγόμενα.
1892 3069 1997 3120 Καὶ
2012 3068 2072 3120 τὸ
2102 3069 2201 3137 μὲν

664 3145 941 3210 Ἰουδαίους
984 3149 1225 3216 ἀγνοεῖν,
1270 3150 1418 3204 οὐδὲν
1460 3149 1792 3220 θαυμαστόνο
1827 3149 1972 3217 λέγει
2015 3150 2090 3216 δέ,
2120 3151 2200 3204 ὅτι

648 3227 767 3279 οὐδὲ
798 3231 847 3281 οί
873 3230 1106 3299 μαθηταὶ
1132 3231 1293 3285 αὑτοῦ
1322 3232 1577 3300 συνῆκαν,
1608 3232 1709 3293 ἕως
1737 3230 1935 3295 ἀνέστη
1979 3234 2042 3283 ἐκ
2092 3232 2200 3283 τῶν

647 3310 854 3378 νεκρῶν
874 3328 889 3342 ο
929 3312 1037 3365 Καὶ
1062 3312 1181 3365 τότε
1218 3313 1585 3367 ἐπίστευσαν
1611 3312 1683 3381 τῇ
1711 3312 1942 3381 Γραφῇ.
1990 3313 2085 3367 καί
2120 3312 2201 3378 τῷ

646 3392 826 3459 λόγῳ,
862 3385 910 3457 ᾧ
929 3391 1094 3445 εἶπεν
1119 3397 1151 3446 ό
1183 3393 1437 3459 Ἰησοῦς.

718 3514 782 3581 β’.
834 3513 990 3584 Ὁρᾷς
1021 3514 1103 3567 δτι
1135 3514 1429 3585 ἐδεήθησαν
1466 3515 1563 3584 τῆς
1597 3514 1685 3568 διά
1715 3515 1823 3570 τῶν
1864 3516 2200 3586 πραγμάτοιν

645 3595 940 3659 ἐκϐάσεως,
975 3596 1061 3649 ῐνα
1101 3597 1403 3668 σαφεστέρα
1436 3598 1657 3668 γένηται
1690 3600 1724 3669 η
1756 3601 2076 3669 προφητεία,
2105 3600 2199 3652 καὶ

646 3678 727 3730 ὅτι
763 3676 1007 3746 ἔγκλημα
1031 3678 1129 3730 οὐκ
1161 3675 1302 3748 είχον
1342 3680 1390 3732 οί
1432 3678 1669 3733 Ἰουδαῖοι
1703 3679 1777 3749 μὴ
1806 3681 2075 3744 συνιέντες
2099 3682 2198 3743 τάς

646 3758 975 3826 προφητείας
1015 3758 1222 3822 ἐκείνας
1265 3760 1360 3822 τὰς
1400 3760 1526 3829 περὶ
1558 3760 1790 3830 Χριστοῦ
1824 3761 1930 3831 πρὸ
1962 3761 2061 3830 τῆς
2101 3762 2196 3815 τοῦ

644 3836 877 3907 Χριστοῦ
905 3841 1225 3909 παρουσίας;
1258 3842 1335 3909 Τῇ
1365 3840 1471 3911 γὰρ
1504 3841 1771 3910 παρουσίᾳ
1796 3840 1948 3909 δῆλαι
1977 3841 2196 3910 ἔμελλον

646 3918 889 3986 γίνεσθαι
921 3920 1014 3972 καὶ
1066 3922 1273 3989 σαφεῖς.
1313 3921 1573 3979 ’Ἄκουσον
1607 3920 1769 3972 αὐτοῦ
1812 3921 1906 3974 τοῦ
1960 3921 2193 3991 Χριστοῦ

643 3996 886 4065 λέγοντος
900 4018 913 4031 ο
942 4003 1009 4054 El
1035 4001 1119 4069 μὴ
1142 3998 1349 4071 ἦλθον,
1372 4000 1469 4053 καί
1488 3999 1761 4067 ἐλάλησα
1780 4001 1999 4066 αὐτοῖς,
2017 4003 2197 4069 ἀμαρ-

642 4078 779 4135 dar
803 4084 911 4135 οὐκ
949 4079 1133 4151 εἶχον.
1175 4084 1272 4137 Διά
1308 4085 1362 4136 τί
1407 4085 1504 4136 οὐκ
1535 4081 1676 4153 εἶχον
1716 4084 2015 4155 ἁμαρτίαν,
2063 4087 2111 4137 εί
2138 4086 2194 4137 αί

645 4168 966 4234 προφητεῖαι
996 4166 1281 4234 προέλεγον
1301 4183 1314 4231 ;
1336 4168 1456 4220 Ὀτι
1483 4168 1770 4237 προέλεγον
1795 4168 1912 4237 μὲν,
1940 4170 2039 4222 οὐκ
2056 4165 2195 4238 ἦσαν

641 4244 700 4298 δέ
732 4249 939 4314 σαφεῖς,
971 4247 1089 4300 οὐδὲ
1132 4248 1283 4318 δῆλαι
1329 4247 1433 4318 πρὸ
1463 4248 1561 4317 τῆς
1592 4251 1889 4317 παρουσίας
1926 4251 2017 4302 τοῦ
2069 4268 2196 4321 προ-

642 4327 949 4397 λεγομένου.
985 4331 1045 4382 Εί
1078 4331 1184 4399 7&9
1229 4331 1321 4382 καὶ
1345 4331 1462 4382 τότε
1498 4333 1683 4397 σαφεῖς
1721 4327 1857 4400 ἦσαν
1891 4334 2069 4394 αὐτοῖς
2102 4333 2195 4386 καὶ

640 4410 815 4480 δῆλαι.
849 4411 1005 4480 δῆλον
1032 4413 1110 4464 δτι
1149 4413 1240 4466 καὶ
1262 4413 1365 4482 πρὸ
1382 4412 1479 4480 τῆς
1511 4412 1806 4482 παρουσίας
1831 4414 1991 4465 αὐτοῦ
2018 4416 2193 4483 ἀμαρ-

640 4492 761 4545 τίαν
781 4488 951 4561 εἷχον·
993 4495 1041 4545 εί
1069 4493 1123 4545 δέ
1147 4494 1416 4564 ἁμαρτίαν
1443 4495 1541 4545 οὐκ
1570 4490 1733 4563 είχον,
1760 4491 1978 4561 εὔδηλον
1999 4496 2077 4546 ὅτι
2104 4494 2192 4547 διὰ

638 4572 734 4643 τὴν
749 4576 1009 4642 ἀσάφειαν
1030 4575 1202 4628 αὐτῶν
1220 4578 1309 4628 καὶ
1330 4576 1389 4628 τὸ
1416 4575 1788 4628 ωνεσκιάσθαι
1814 4576 1881 4627 τά
1905 4576 2188 4645 λεγόμενα.

639 4655 774 4709 υὺδέ
802 4656 908 4726 7&9
936 4656 1235 4729 ἀπῃτοῦγτο
1262 4658 1357 4729 τὴν
1382 4660 1459 4721 είς
1484 4658 1571 4710 τὸν
1600 4658 1828 4728 Χριστὸν
1862 4658 2037 4710 πίστιν
2085 4658 2191 4729 πρὸ

638 4737 739 4806 τῆς
774 4737 865 4789 τοῦ
896 4740 1125 4807 Χριστοῦ
1174 4742 1486 4810 παρουσίας.
1524 4741 1677 4803 Τίνος
1708 4736 1798 4792 οῦν
1838 4740 2021 4793 ινεκεν
2060 4757 2193 4811 προ-

640 4820 855 4886 ελέγετο
880 4821 1032 4884 τότε;
1061 4824 1174 4881 ’⁹ιν’.
1205 4824 1330 4876 ὅταν
1366 4823 1758 4894 παραγένηται,
1796 4822 2003 4875 οἴκοθεν
2028 4822 2189 4891 ἔχωσι

639 4903 761 4964 τοὺς
786 4902 1131 4966 διδασκάλους
1149 4906 1436 4971 ἐνάγοντας
1452 4904 1598 4976 [185]
1618 4905 1832 4969 αὐτοὺς,
1861 4906 1956 4957 καὶ⁵
1981 4905 2190 4957 είδῶσιν

637 4984 719 5036 ὅτι
762 4986 822 5036 οὐ
870 4988 1184 5056 καινοτομία
1232 4987 1297 5040 τά
1347 4989 1619 5057 γινόμενα,
1660 4988 1779 5039 οὐδὲ
1822 4988 2189 5057 πρόσφατοςῆ

637 5066 909 5135 οίκονομία
930 5107 943 5130 ,
975 5068 1085 5119 ἀλλ’
1116 5068 1319 5122 ἀνωθεν
1348 5068 1516 5121 ταῦτα
1546 5070 1638 5121 καὶ
1664 5069 1768 5137 πρὸ
1800 5068 2004 5120 πολλῶν
2056 5086 2189 5138 προ-

638 5148 1026 5217 ανεκηρύττετο
1056 5150 1285 5220 χρόνων·
1316 5151 1373 5203 οὐ
1414 5150 1606 5220 μικρὸν
1632 5150 1687 5202 δέ
1717 5148 1869 5201 τοῦτο
1884 5152 1961 5212 είς
1981 5150 2041 5202 τὸ
2068 5152 2189 5203 ἐπι-

640 5230 939 5281 σπάσασθαι
967 5232 1100 5301 πρὸς
1122 5232 1217 5299 τὴν
1244 5232 1421 5283 πίστιν
1444 5231 1653 5294 αὐτούς.
1677 5232 1790 5285 Μία
1815 5231 1912 5300 μὲν
1943 5228 2032 5285 οὖν
2050 5232 2186 5301 αῦτη

636 5311 731 5379 τῆς
747 5311 1006 5378 ἀσαφείας
1026 5316 1191 5377 αίτία,
1216 5314 1283 5384 ἢν
1305 5315 1395 5366 καὶ
1433 5313 1521 5366 διὰ
1542 5314 1798 5366 πλειόνων
1828 5313 2188 5384 ἀπεδείξαμεν

640 5394 945 5463 μαρτυριῶν
983 5396 1039 5446 ἐν
1062 5399 1124 5465 τῇ
1156 5396 1393 5467 προτέρᾳ
1422 5394 1774 5460 διαλέξει.”ῐν’
1800 5391 1890 5448 οὖν
1924 5395 1996 5464 μὴ
2026 5396 2187 5448 πάλιν

637 5476 779 5544 ὑμᾶς
828 5478 1123 5547 ἐνοχλῶμεν
1166 5480 1233 5533 τά
1276 5478 1413 5532 αὺτά
1453 5478 1717 5546 λέγοντες,
1750 5479 2038 5543 ἀναγκαῖον
2087 5479 2184 5547 μὲν

635 5558 835 5627 ταύτης
875 5562 1171 5630 ἀποστῆναι
1192 5603 1205 5625 ,
1250 5563 1434 5629 ἐτέραν
1457 5562 1513 5613 δὲ
1542 5564 1714 5613 εἰπεῖν
1749 5560 1844 5629 τὴν
1877 5562 1973 5612 οὐκ
1999 5562 2180 5631 ἀσαφῆ

636 5637 728 5690 καὶ
753 5637 1039 5705 ἄγνωστον,
1077 5641 1213 5696 ἀλλά
1235 5641 1633 5711 δυσκολωτέραν
1656 5644 1785 5710 ἡμῖν
1812 5640 2066 5693 ποιοῦσαν
2085 5640 2181 5710 τὴν

634 5719 870 5773 Παλαιὰν
924 5724 1209 5795 Διαθήκην.
1271 5725 1428 5778 Ἀλλο
1479 5727 1584 5795 γάρ
1647 5726 1759 5777 ἐστι
1822 5724 1983 5794 μηδὲν
2044 5724 2180 5785 ὅλως

634 5800 827 5857 εἰδέναι
856 5802 962 5860 τῶν
992 5807 1317 5879 ἐγκειμένων
1336 5849 1350 5877 ,
1392 5807 1482 5860 καὶ
1512 5810 1641 5878 ὁρᾷν
1685 5807 1943 5879 κάλυμμα
1969 5806 2174 5859 ἐπικεί-

2330 550 2507 603 μενον,
2538 539 2666 594 ἀλλο
2695 542 2752 595 δέ
2779 544 2959 613 εὑρεῖν
2986 543 3086 614 μὲν
3109 544 3179 597 τά
3201 544 3483 615 λεγόμενα,
3525 544 3663 615 μετά
3711 547 3874 601 πόνου

2323 622 2379 675 δὲ
2410 625 2607 693 εὑρεῖν.

2392 710 2488 772 Τίς
2515 707 2608 765 οὖν
2627 715 2772 766 ἐστιν
2800 716 2834 784 η
2856 714 3083 778 δευτέρα
3108 717 3277 783 αίτία,
3309 717 3375 773 δι’
3400 720 3467 789 ῆν
3500 719 3873 791 δυσκολωτερα

2321 795 2354 865 ἡ
2378 795 2591 851 Παλαιὰ
2614 799 2855 869 Διαθήκη
2878 800 2976 869 τῆς
2995 800 3137 865 Νέας
3162 804 3306 856 ἐστίν
3330 820 3344 868 ;
3368 803 3501 874 Οὐχὶ
3529 808 3594 876 τῇ
3626 807 3872 877 ἐγχωρίῳ

2320 885 2467 953 φωνῇ
2498 883 2690 954 ἐχομεν
2737 887 2833 955 τὴν
2872 888 3111 942 Παλαιὰν
3153 889 3422 959 Διαθήκην
3451 893 3576 961 παρ’
3600 893 3731 962 ἡμῖν
3778 911 3871 959 γε·

2317 971 2640 1041 γραμμένην
2658 989 2672 1002 ·
2702 972 2815 1025 ἀλλ’
2844 974 3009 1044 ἑτέρᾳ
3037 975 3135 1044 μὲν
3166 976 3419 1048 συνετέθη
3445 977 3675 1050 γλώττῃ,
3708 981 3870 1050 ἑτέρᾳ

2315 1056 2373 1110 δέ
2422 1057 2616 1129 ἔχομεν
2662 1060 2828 1130 αὐτὴν
2875 1061 3384 1134 ἀναγινωσκομένην
3425 1067 3600 1135 ἡμεῖς.
3650 1067 3728 1136 Τῇ
3760 1067 3867 1137 γὰρ

2328 1143 2591 1213 Ἐϐραίων
2622 1149 2770 1216 φωνῇ
2801 1148 2951 1218 παρὰ
2976 1147 3077 1217 τὴν
3129 1148 3301 1218 ἀρχὴν
3347 1152 3676 1221 συνετράφη.
3711 1153 3868 1221 ἡμεῖς

2312 1230 2371 1284 δέ
2397 1232 2563 1303 αὐτὴν
2596 1237 2662 1304 τῇ
2698 1233 2962 1304 Ἑλλήνων
2992 1235 3365 1306 παρελάϐομεν
3392 1236 3629 1307 γλώττῃ·
3664 1239 3789 1290 ὅταν
3812 1237 3867 1290 δέ

2314 1316 2523 1385 γλῶττα
2557 1319 2863 1391 ἐρμηνευθῇ
2892 1322 2972 1383 είς
2995 1321 3185 1391 ἐτέραν
3213 1320 3473 1388 γλῶτταν,
3509 1321 3705 1392 πολλὴν
3753 1322 3865 1392 ἔχει

2311 1404 2410 1476 τὴν
2438 1405 2747 1459 δυσκολίαν.
2776 1406 2887 1460 Καὶ
2942 1406 3121 1460 ἴσασιν
3176 1407 3449 1477 ἀκριϐῶς,
3502 1408 3615 1461 ὅσοι
3657 1407 3864 1461 πολλῶν

2309 1493 2566 1561 γλωσσῶν
2590 1494 2724 1546 είσιν
2760 1491 3031 1564 ἐμπειροι,
3064 1492 3182 1557 πῶς
3208 1494 3268 1546 οὐ
3294 1494 3511 1547 δυνατὸν
3552 1495 3729 1548 πᾶσαν
3768 1494 3863 1565 τὴν

2310 1581 2605 1651 σαφήνειαν
2639 1582 2738 1651 τῆς
2771 1581 2953 1651 φωνῆς
2988 1582 3089 1651 τῆς
3119 1582 3177 1634 ἐν
3204 1583 3269 1652 τῇ
3299 1582 3471 1651 οίκείᾳ
3500 1580 3653 1649 φύσει
3677 1583 3861 1652 κειμέ-

2307 1684 2403 1737 νης
2427 1670 2768 1737 μετενεγκεῖν
2786 1670 2866 1732 είς
2888 1667 2985 1738 τὴν
3011 1667 3202 1739 ἐτέραν
3239 1667 3659 1737 μεταϐάλλοντας
3698 1667 3861 1736 γλῶσ-

2307 1771 2427 1808 σαν.
2450 1754 2620 1807 Τοῦτο
2639 1751 2729 1809 οῦν
2746 1755 2916 1809 αῖτιον
2933 1756 3033 1825 τῆς
3056 1754 3335 1819 δυσκολίας
3361 1755 3455 1824 τῆς
3474 1756 3529 1807 ἐν
3562 1758 3624 1825 τῇ
3656 1755 3860 1825 Παλαιᾷ

2304 1842 2544 1914 Διαθήκῃ
2562 1843 2887 1915 γέγονε.Πῴ
2905 1842 3012 1913 7&9
3025 1842 3344 1912 τριακοσίων
3358 1840 3493 1893 ἐτῶν
3510 1840 3607 1909 τῆς
3624 1841 3714 1893 τοῦ
3729 1843 3861 1913 Χρι-

2306 1928 2430 1981 στοῦ
2459 1931 2778 1999 παρουσίας,
2813 1930 2905 1982 ἐπὶ
2945 1929 3275 1997 Πτολεμαίου
3328 1926 3420 1981 τοῦ
3462 1926 3718 1995 βασιλέως
3753 1928 3859 1983 τῶν

2302 2016 2636 2082 Δίγυπτίων,
2668 2015 2801 2085 πρὸς
2828 2016 2925 2085 τὴν
2964 2014 3186 2068 Ἐλλάδα
3219 2016 3514 2087 μετηνέχθη
3546 2015 3793 2084 γλῶσσαν
3822 2018 3858 2087 η

2303 2102 2514 2157 Παλαιά
2558 2102 2819 2173 Διαθήκη,
2860 2102 3143 2173 χρησίμως
3182 2103 3382 2174 σφόδρα
3408 2103 3500 2155 καὶ
3531 2103 3851 2171 ἀναγκαίως.

2304 2191 2451 2255 Ἕως
2497 2191 2599 2260 μέν
2635 2191 2744 2261 7&9
2794 2192 2876 2243 ἐνὶ
2923 2190 3064 2245 εθνει
3110 2190 3218 2244 τῶν
3265 2189 3530 2243 Ἰουδαίων
3569 2190 3850 2258 διελέγετο,

2301 2276 2491 2346 ἔμενεν
2517 2277 2577 2329 ἐν
2603 2279 2669 2347 τῇ
2700 2276 2937 2345 Ἐϐραΐδι
2966 2279 3139 2347 φωνῇ.
3161 2276 3345 2342 Οὐδεὶς
3364 2275 3469 2347 γὰρ
3498 2276 3615 2330 τότε
3636 2276 3853 2347 ἔμελλεν

2301 2366 2437 2436 αὐτῇ
2490 2364 2777 2435 προσίχειν
2797 2404 2812 2427 ,
2855 2364 2951 2417 τοῦ
2992 2363 3181 2417 λοιποῦ
3207 2363 3314 2417 τῶν
3343 2362 3643 2435 ἀνθρώπων
3668 2364 3855 2432 γένους

2302 2454 2380 2513 εἰς
2398 2452 2687 2522 θηριωδίαν
2708 2451 2942 2521 ἐσχάτην
2966 2450 3304 2519 ἐληλακύτος.
3338 2449 3550 2520 Ἐπειδὴ
3565 2449 3621 2502 δέ
3634 2449 3854 2518 ἔμελλεν

2300 2542 2330 2593 6
2354 2542 2587 2609 Χριστὸς
2614 2539 3031 2611 παραγίνεσθαι,
3078 2540 3171 2592 καὶ
3197 2540 3295 2609 τὴν
3329 2539 3645 2610 οίκουμένην
3674 2541 3849 2593 πᾶσαν

2301 2630 2437 2701 πρὸς
2470 2628 2661 2682 ἐαυτὸν
2692 2629 2895 2691 καλεῖν,
2927 2627 3048 2697 οὐχί
3070 2628 3157 2681 διὰ
3193 2630 3301 2681 τῶν
3324 2628 3630 2681 ἀποστόλων
3672 2627 3847 2697 μόνον,

2300 2714 2435 2767 ἀλλά
2470 2715 2564 2767 καὶ
2594 2713 2680 2766 διὰ
2709 2712 2817 2766 τῶν
2840 2713 3130 2784 προφητῶν
3165 2714 3277 2782 (καὶ
3303 2714 3411 2785 γὰρ
3442 2716 3679 2767 κάκεῖνοι
3716 2714 3848 2783 πρὸς

2298 2800 2395 2872 τὴν
2432 2800 2612 2854 πίστιν
2632 2801 2776 2870 ἡμᾶς
2802 2798 3193 2870 χειραγωγοῦσι
3222 2799 3319 2869 τῆς
3341 2798 3434 2852 τοῦ
3459 2799 3690 2870 Χριστοῦ
3710 2797 3850 2867 γνώ-

2302 2889 2480 2959 σεως),
2509 2888 2805 2959 τηνικαῦτα
2827 2889 3009 2941 λοιπὸν
3028 2889 3265 2959 ὡσπερεί
3286 2906 3432 2953 τινας
3449 2900 3475 2928 ι
3505 2888 3736 2950 είσόδους
3756 2888 3850 2940 καὶ

2297 2975 2448 3038 ὁδοὺς
2471 2974 2569 3037 τάς
2594 2975 2947 3044 προφητείας,
2975 2975 3233 3046 πρότερον
3261 2975 3755 3042 ἀποκεκλεισμένας
3779 2974 3845 3043 τῇ

2298 3065 2399 3134 τῆς
2450 3062 2695 3134 γλώττης
2746 3063 3013 3132 ἀσαφείᾳ,
3061 3063 3322 3117 πάντοθεν
3378 3064 3654 3134 ἀνοιγῆναι
3712 3079 3851 3133 παρ-

2298 3152 2559 3205 εσκεύασε
2604 3152 2691 3204 διά
2723 3152 2821 3220 τῆς
2854 3150 3165 3222 ἑρμηνείας,
3193 3152 3279 3205 ῖνα
3328 3152 3523 3214 πάντες
3561 3153 3609 3204 οί
3637 3152 3700 3204 ἐκ
3742 3149 3848 3204 τῶν

2296 3241 2465 3293 ἐθνῶν
2496 3240 2825 3308 πανταχόθεν
2853 3238 3187 3310 συρρέοντες,
3234 3239 3327 3292 καὶ
3357 3239 3493 3309 μετά
3524 3238 3717 3309 πολλῆς
3746 3238 3844 3308 τῆς

2296 3328 2542 3391 εὐκολίας
2567 3328 2769 3391 ταύτας
2795 3326 3067 3389 ὁδεύοντες
3104 3326 3202 3390 τάς
3232 3327 3382 3390 ὀδοὺς
3408 3366 3423 3390 ,
3462 3328 3527 3381 δι’
3552 3326 3729 3381 αὐτῶν
3755 3326 3848 3378 δυ-

2294 3418 2498 3489 νηθῶσι
2523 3417 2658 3486 πρὸς
2688 3418 2778 3469 τὸν
2809 3415 3029 3486 βασιλέα
3053 3415 3163 3469 τῶν
3190 3416 3482 3485 προφητῶν
3515 3415 3709 3480 ἐλθεῖν,
3750 3413 3849 3467 καὶ

2297 3503 2668 3574 προσκυνῆσαι
2698 3500 2775 3570 τῷ
2804 3503 3080 3570 μονσγενεῖ
3106 3499 3201 3553 τοῦ
3225 3501 3359 3555 Θεοῦ
3390 3500 3521 3570 Υίῷ.
3557 3500 3655 3554 Διά
3690 3499 3852 3554 τοῦτο

2294 3590 2401 3660 πρό
2415 3606 2479 3657 γε
2506 3588 2599 3642 τοῦ
2624 3587 2815 3659 χρόνου
2841 3586 2942 3656 τῆς
2973 3588 3274 3657 παρουσίας
3298 3588 3391 3640 τοῦ
3415 3588 3645 3657 Χριστοῦ
3667 3589 3849 3658 1.99.1;-

2293 3675 2559 3746 νεύθησαν
2604 3674 2848 3727 ἀπασαι*
2881 3673 3003 3725 ἐπεὶ
3056 3674 3105 3726 εί
3150 3672 3340 3743 ἔμενον
3388 3674 3446 3726 ἐν
3486 3676 3553 3745 τῇ
3607 3672 3848 3744 Ἐϐραΐδι

2292 3764 2554 3832 διαλέκτῳ
2596 3761 2752 3831 μόνον
2780 3800 2797 3825 ,
2827 3759 2979 3829 ἔλεγε
3035 3759 3092 3812 δέ
3118 3761 3148 3812 6
3192 3759 3352 3815 Δαυτδ
3379 3799 3395 3825 ,
3419 3762 3665 3829 Αιτησαι
3707 3762 3846 3830 παρ’

2290 3844 2458 3916 ἐμοῦ,
2499 3848 2596 3901 καί
2628 3847 2796 3901 δώσω
2830 3859 2930 3899 σοι
2962 3846 3106 3914 ἔθνη
3138 3846 3253 3914 τὴν
3276 3846 3673 3916 κληρονομίαν
3703 3862 3843 3908 σου,

2292 3937 2390 3989 καί
2406 3935 2521 4003 τὴν
2538 3934 2905 4003 κατάσχεσιν
2918 3948 3036 3987 σου
3061 3932 3132 3985 τὰ
3148 3932 3369 4002 πέρατα
3389 3933 3497 4000 τῆς
3521 3931 3654 4003 τῆς,
3677 3932 3851 3987 πόθεν

2293 4023 2510 4094 ιμελλεν
2537 4022 2729 4075 ειδέναι
2764 4020 2825 4073 τὸ
2858 4020 3143 4090 λεγόμενον
3172 4023 3200 4073 6
3228 4020 3415 4090 Σύρος,
3450 4022 3483 4090 ἢ
3512 4021 3541 4072 6
3565 4022 3844 4095 Γαλάτης,

2292 4108 2325 4179 ἦ
2353 4111 2381 4162 6
2406 4105 2686 4168 Μακεδὼν,
2706 4105 2740 4175 ἢ
2765 4106 2794 4157 6
2828 4104 3124 4174 Ἀθηναῖος,
3143 4106 3201 4158 ἐν
3216 4106 3447 4177 ἀσαφείᾳ
3472 4108 3732 4178 μενούσης
3747 4110 3849 4180 τῆς

2291 4196 2542 4267 Γραφῆς;
2586 4196 2755 4248 Πάλιν
2781 4196 2810 4247 6
2843 4192 3069 4255 Ἡσαΐας
3109 4192 3256 4245 ἐϐόα’
3300 4193 3394 4258 Ὠς
3431 4196 3721 4261 πρόϐατον
3745 4196 3848 4249 ἐπὶ

2291 4282 2535 4352 σφαγὴν
2562 4281 2739 4350 ἤχθη.
2795 4277 2943 4351 [184]
2984 4278 3083 4332 καί
3107 4279 3187 4346 ὠς
3214 4279 3401 4347 ἀμνὸς
3435 4281 3710 4336 ἐναντίον
3738 4280 3848 4336 τοῦ

2290 4371 2591 4435 κείροντος
2628 4367 2812 4422 αὐτὸν
2853 4365 3108 4435 ἄφωνος.
3162 4368 3271 4419 Καὶ
3322 4367 3514 4422 πάλινο
3560 4369 3771 4422 Ἔσται
3806 4369 3847 4438 ἠ

2282 4454 2416 4523 ῥίζα
2440 4456 2546 4508 τοῦ
2574 4454 2811 4519 Ἰεσσαί,
2830 4453 2927 4505 καὶ
2947 4455 2981 4506 d
2993 4453 3390 4522 ἀνιστάμενος
3411 4454 3614 4521 ἄρχειν
3630 4453 3844 4510 ἑθνῶνσ

2289 4542 2383 4595 ἐπ’
2408 4538 2566 4604 αὺτῷ
2590 4540 2733 4605 ἔθνη
2753 4538 3049 4593 ἐλπιοῦσι.
3075 4538 3177 4592 Καὶ
3206 4539 3363 4593 πάλιν
3384 4556 3400 4572 ο
3427 4539 3850 4608 Πλησθήσεται

2288 4629 2328 4696 ἡ
2348 4626 2421 4696 τῆ
2448 4626 2555 4681 τοῦ
2582 4624 2799 4695 γνῶναι
2827 4624 2934 4678 τὸν
2957 4626 3192 4693 Κύριον,
3208 4626 3289 4691 ὡς
3314 4625 3467 4695 ὕδωρ
3484 4627 3639 4681 πολὺ
3667 4643 3851 4682 κατα-

2288 4716 2555 4783 καλύψαι
2593 4712 2928 4777 θαλάσσας.
2974 4712 3083 4765 Καὶ
3125 4714 3153 4764 6
3198 4710 3357 4765 Δαυῒδ
3399 4713 3561 4766 πάλιν
3607 4713 3796 4783 ἔλεγεν
3827 4729 3845 4746 ο

2303 4802 2497 4869 Ἀνέϐη
2554 4803 2588 4855 d
2639 4800 2781 4866 Θεὸς
2823 4800 2893 4852 ἐν
2926 4796 3269 4869 ἀλαλαγμῷ,
3310 4802 3521 4869 Κύριος
3555 4801 3624 4855 ἐν
3672 4800 3849 4870 φωνῇ’

2287 4890 2618 4957 σάλπιγγος
2636 4906 2649 4919 ο
2684 4887 2777 4940 καὶ
2800 4886 2962 4940 πάλιν
2982 4902 2997 4916 ⁸
3028 4881 3212 4939 Ebur
3242 4888 3275 4939 ὁ
3315 4888 3526 4954 Κύριος
3547 4886 3625 4952 τῷ
3649 4890 3849 4956 Κυρίῳ

2282 4994 2399 5047 μου
2418 4994 2431 5007 ο
2449 4976 2645 5031 Κάθου
2673 4976 2740 5028 ἐκ
2765 4972 2977 5038 δεξιῶν
2988 4990 3127 5041 μου,
3143 4972 3251 5038 ἕως
3265 4976 3421 5031 ἃνθῶ
3436 4974 3577 5040 τοὺς
3592 4976 3851 5044 ἐχθρούς

2286 5082 2402 5120 σου
2439 5063 2767 5119 ὑποπόδιον
2790 5061 2908 5115 τῶν
2928 5059 3127 5113 ποδῶν
3158 5075 3294 5116 σου.

2354 5198 2423 5267 Υ.
2477 5195 2629 5251 Ἐπεὶ
2659 5188 2751 5247 οῦν
2784 5190 3027 5262 καὶπερὶ
3053 5190 3148 5243 τοῦ
3178 5189 3401 5254 πάθους,
3436 5190 3530 5243 καὶ
3574 5190 3701 5256 περὶ
3744 5190 3849 5258 τῆς

2285 5287 2648 5348 ἀναστάσεως,
2689 5284 2781 5336 καὶ
2817 5280 2945 5352 περὶ
2984 5279 3079 5349 τῆς
3104 5278 3439 5349 ἀναλήψεως,
3470 5278 3559 5331 καὶ
3592 5277 3720 5347 περὶ
3748 5279 3848 5349 τῆς

2283 5376 2349 5428 ἐκ
2391 5372 2577 5439 δεξιῶν
2619 5370 2905 5441 καθέδρας,
2942 5367 3037 5420 καὶ
3077 5366 3205 5436 περὶ
3252 5367 3350 5435 τῆς
3392 5365 3641 5435 δευτέρας
3676 5362 3847 5416 αὑτοῦ

2283 5462 2597 5535 παρουσίας,
2622 5459 2712 5511 καὶ
2740 5457 2866 5526 περὶ
2896 5453 3111 5507 πάντων
3130 5451 3329 5506 τούτων
3356 5450 3536 5513 ἁπλῶς
3553 5449 3659 5501 τῶν
3684 5451 3747 5503 ἐν
3779 5451 3847 5520 τῇ

2342 5624 2369 5653 ⁸
2397 5624 2493 5673 Alil
2518 5624 2676 5681 ὥσπερ
2722 5618 2786 5672 εἷς
2824 5633 2963 5681 τινας.
2991 5614 3141 5681 Sui].
3188 5612 3391 5675 ὡσπερεί
3419 5612 3852 5681 τιναςιεεθηᾴιιω

2278 5691 2434 5750 putat,
2457 5693 2509 5750 οι
2532 5673 2685 5750 ιοιυιὶι
2710 5681 2864 5750 locurp
2900 5678 2970 5725 sic
3001 5673 3852 5750 rgslitqgrgfg'qalgrgbgtffci1::

2276 5734 2354 5801 νας
2376 5734 2513 5798 ὁδοὺς
2551 5743 2664 5801 ἐμπε
2701 5739 2945 5801 ραγμένας,
2966 5744 3052 5791 aut
3087 5735 3204 5799 quid
3240 5734 3417 5789 simile.
3443 5734 3544 5795 Ego
3588 5744 3703 5783 vero
3728 5739 3861 5792 pulo.

2275 5808 2434 5858 locum
2464 5806 2595 5856 bene
2614 5758 2816 5853 lugere.
