  <div class='ocr_page' id='page_1' title='image "/cluster/home/n/w/nwhite01/storage/ocr_20150623/56/uva.x004697988/188.png"; bbox 0 0 4144 6500; ppageno 0'>
   <div class='ocr_carea' id='block_1_1' title="bbox 309 398 417 457">
    <p class='ocr_par' dir='ltr' id='par_1_1' title="bbox 309 398 417 457">
     <span class='ocr_line' id='line_1_1' title="bbox 309 398 417 457; baseline 0.037 -4"><span class='ocrx_word' id='word_1_1' title='bbox 309 398 417 457; x_wconf 90' lang='grc'><strong>177</strong></span> 
     </span>
    </p>
   </div>
   <div class='ocr_carea' id='block_1_2' title="bbox 314 498 1875 572">
    <p class='ocr_par' dir='ltr' id='par_1_2' title="bbox 314 498 1875 572">
     <span class='ocr_line' id='line_1_2' title="bbox 314 498 1875 572; baseline 0.003 -20"><span class='ocrx_word' id='word_1_2' title='bbox 314 498 457 565; x_wconf 89' lang='lat' dir='ltr'><strong>dam,</strong></span> <span class='ocrx_word' id='word_1_3' title='bbox 490 500 545 555; x_wconf 93' lang='lat' dir='ltr'><strong>in</strong></span> <span class='ocrx_word' id='word_1_4' title='bbox 574 500 757 557; x_wconf 77' lang='lat' dir='ltr'><strong>Veteri</strong></span> <span class='ocrx_word' id='word_1_5' title='bbox 782 502 1121 559; x_wconf 88' lang='lat' dir='ltr'><strong>Testamento</strong></span> <span class='ocrx_word' id='word_1_6' title='bbox 1148 504 1376 571; x_wconf 87' lang='lat' dir='ltr'><strong>reposita</strong></span> <span class='ocrx_word' id='word_1_7' title='bbox 1410 505 1603 572; x_wconf 86' lang='lat' dir='ltr'><strong>erant),</strong></span> <span class='ocrx_word' id='word_1_8' title='bbox 1640 505 1875 559; x_wconf 81' lang='lat' dir='ltr'><strong>velamen</strong></span> 
     </span>
    </p>
   </div>
   <div class='ocr_carea' id='block_1_3' title="bbox 316 589 1882 665">
    <p class='ocr_par' dir='ltr' id='par_1_3' title="bbox 316 589 1882 665">
     <span class='ocr_line' id='line_1_3' title="bbox 316 589 1882 665; baseline 0.004 -22"><span class='ocrx_word' id='word_1_9' title='bbox 316 589 565 653; x_wconf 84' lang='lat' dir='ltr'><strong>habebat,</strong></span> <span class='ocrx_word' id='word_1_10' title='bbox 591 592 716 648; x_wconf 92' lang='lat' dir='ltr'><strong>dum</strong></span> <span class='ocrx_word' id='word_1_11' title='bbox 749 594 852 649; x_wconf 84' lang='lat' dir='ltr'><strong>illis</strong></span> <span class='ocrx_word' id='word_1_12' title='bbox 875 597 1085 665; x_wconf 88' lang='lat' dir='ltr'><strong>quidem</strong></span> <span class='ocrx_word' id='word_1_13' title='bbox 1109 612 1167 652; x_wconf 89' lang='lat' dir='ltr'><strong>se</strong></span> <span class='ocrx_word' id='word_1_14' title='bbox 1192 596 1596 665; x_wconf 89' lang='lat' dir='ltr'><strong>attemperabat,</strong></span> <span class='ocrx_word' id='word_1_15' title='bbox 1620 597 1770 651; x_wconf 90' lang='lat' dir='ltr'><strong>nobis</strong></span> <span class='ocrx_word' id='word_1_16' title='bbox 1789 612 1882 649; x_wconf 86' lang='lat' dir='ltr'><strong>au-</strong></span> 
     </span>
    </p>
   </div>
   <div class='ocr_carea' id='block_1_4' title="bbox 316 682 1854 753">
    <p class='ocr_par' dir='ltr' id='par_1_4' title="bbox 316 682 1854 753">
     <span class='ocr_line' id='line_1_4' title="bbox 316 682 1854 753; baseline 0.007 -20"><span class='ocrx_word' id='word_1_17' title='bbox 316 690 422 735; x_wconf 89' lang='lat' dir='ltr'><strong>tem</strong></span> <span class='ocrx_word' id='word_1_18' title='bbox 447 682 657 739; x_wconf 87' lang='lat' dir='ltr'><strong>divitias</strong></span> <span class='ocrx_word' id='word_1_19' title='bbox 683 700 868 741; x_wconf 91' lang='lat' dir='ltr'><strong>omnes</strong></span> <span class='ocrx_word' id='word_1_20' title='bbox 898 688 1217 753; x_wconf 90' lang='lat' dir='ltr'><strong>reservabat,</strong></span> <span class='ocrx_word' id='word_1_21' title='bbox 1241 698 1294 742; x_wconf 93' lang='lat' dir='ltr'><strong>ut</strong></span> <span class='ocrx_word' id='word_1_22' title='bbox 1320 704 1439 742; x_wconf 90' lang='lat' dir='ltr'><strong>cum</strong></span> <span class='ocrx_word' id='word_1_23' title='bbox 1465 688 1704 743; x_wconf 76' lang='lat' dir='ltr'><strong>Christus</strong></span> <span class='ocrx_word' id='word_1_24' title='bbox 1724 688 1854 743; x_wconf 85' lang='lat' dir='ltr'><strong>adve</strong></span> 
     </span>
    </p>
   </div>
   <div class='ocr_carea' id='block_1_5' title="bbox 312 772 1880 843">
    <p class='ocr_par' dir='ltr' id='par_1_5' title="bbox 312 772 1880 843">
     <span class='ocr_line' id='line_1_5' title="bbox 312 772 1880 843; baseline 0.003 -20"><span class='ocrx_word' id='word_1_25' title='bbox 312 772 470 835; x_wconf 88' lang='lat' dir='ltr'><strong>nerit,</strong></span> <span class='ocrx_word' id='word_1_26' title='bbox 500 782 554 826; x_wconf 89' lang='lat' dir='ltr'><strong>et</strong></span> <span class='ocrx_word' id='word_1_27' title='bbox 573 773 638 826; x_wconf 83' lang='lat' dir='ltr'><strong>ad</strong></span> <span class='ocrx_word' id='word_1_28' title='bbox 664 776 835 843; x_wconf 91' lang='lat' dir='ltr'><strong>ipsum</strong></span> <span class='ocrx_word' id='word_1_29' title='bbox 857 792 954 830; x_wconf 90' lang='lat' dir='ltr'><strong>nos</strong></span> <span class='ocrx_word' id='word_1_30' title='bbox 981 778 1418 841; x_wconf 76' lang='lat' dir='ltr'><strong>converterimus,</strong></span> <span class='ocrx_word' id='word_1_31' title='bbox 1448 780 1686 833; x_wconf 82' lang='lat' dir='ltr'><strong>velamen</strong></span> <span class='ocrx_word' id='word_1_32' title='bbox 1731 778 1880 833; x_wconf 82' lang='lat' dir='ltr'><strong>tolla-</strong></span> 
     </span>
    </p>
   </div>
   <div class='ocr_carea' id='block_1_6' title="bbox 311 862 1874 937">
    <p class='ocr_par' dir='ltr' id='par_1_6' title="bbox 311 862 1874 937">
     <span class='ocr_line' id='line_1_6' title="bbox 311 862 1874 937; baseline 0.006 -23"><span class='ocrx_word' id='word_1_33' title='bbox 311 872 418 915; x_wconf 90' lang='lat' dir='ltr'><strong>tur.</strong></span> <span class='ocrx_word' id='word_1_34' title='bbox 451 862 655 919; x_wconf 77' lang='lat' dir='ltr'><strong>Videtis</strong></span> <span class='ocrx_word' id='word_1_35' title='bbox 701 881 829 936; x_wconf 88' lang='lat' dir='ltr'><strong>ergo</strong></span> <span class='ocrx_word' id='word_1_36' title='bbox 876 868 928 921; x_wconf 93' lang='lat' dir='ltr'><strong>in</strong></span> <span class='ocrx_word' id='word_1_37' title='bbox 969 879 1217 937; x_wconf 87' lang='lat' dir='ltr'><strong>quantam</strong></span> <span class='ocrx_word' id='word_1_38' title='bbox 1261 884 1359 923; x_wconf 90' lang='lat' dir='ltr'><strong>nos</strong></span> <span class='ocrx_word' id='word_1_39' title='bbox 1399 869 1653 923; x_wconf 84' lang='lat' dir='ltr'><strong>adventus</strong></span> <span class='ocrx_word' id='word_1_40' title='bbox 1682 867 1874 925; x_wconf 77' lang='lat' dir='ltr'><strong>Christi</strong></span> 
     </span>
    </p>
   </div>
   <div class='ocr_carea' id='block_1_7' title="bbox 308 956 1874 1031">
    <p class='ocr_par' dir='ltr' id='par_1_7' title="bbox 308 956 1874 1031">
     <span class='ocr_line' id='line_1_7' title="bbox 308 956 1874 1031; baseline 0.007 -27"><span class='ocrx_word' id='word_1_41' title='bbox 308 956 613 1021; x_wconf 76' lang='lat' dir='ltr'><strong>provexerit</strong></span> <span class='ocrx_word' id='word_1_42' title='bbox 657 957 982 1026; x_wconf 88' lang='lat' dir='ltr'><strong>dignitatem,</strong></span> <span class='ocrx_word' id='word_1_43' title='bbox 1035 960 1121 1029; x_wconf 90' lang='lat' dir='ltr'><strong>qui</strong></span> <span class='ocrx_word' id='word_1_44' title='bbox 1166 960 1359 1031; x_wconf 81' lang='lat' dir='ltr'><strong>Moysis</strong></span> <span class='ocrx_word' id='word_1_45' title='bbox 1400 961 1453 1015; x_wconf 92' lang='lat' dir='ltr'><strong>in</strong></span> <span class='ocrx_word' id='word_1_46' title='bbox 1499 962 1736 1015; x_wconf 88' lang='lat' dir='ltr'><strong>ordinem</strong></span> <span class='ocrx_word' id='word_1_47' title='bbox 1780 978 1874 1016; x_wconf 88' lang='lat' dir='ltr'><strong>nos</strong></span> 
     </span>
    </p>
   </div>
   <div class='ocr_carea' id='block_1_8' title="bbox 308 1044 1870 1119">
    <p class='ocr_par' dir='ltr' id='par_1_8' title="bbox 308 1044 1870 1119">
     <span class='ocr_line' id='line_1_8' title="bbox 308 1044 1870 1119; baseline 0.004 -22"><span class='ocrx_word' id='word_1_48' title='bbox 308 1044 572 1098; x_wconf 88' lang='lat' dir='ltr'><strong>evexerit.</strong></span> <span class='ocrx_word' id='word_1_49' title='bbox 618 1046 686 1099; x_wconf 85' lang='lat' dir='ltr'><strong>At</strong></span> <span class='ocrx_word' id='word_1_50' title='bbox 728 1046 951 1102; x_wconf 74' lang='lat' dir='ltr'><strong>fortasse</strong></span> <span class='ocrx_word' id='word_1_51' title='bbox 994 1048 1134 1104; x_wconf 84' lang='lat' dir='ltr'><strong>dicet</strong></span> <span class='ocrx_word' id='word_1_52' title='bbox 1178 1051 1412 1119; x_wconf 90' lang='lat' dir='ltr'><strong>aliquis:</strong></span> <span class='ocrx_word' id='word_1_53' title='bbox 1447 1049 1553 1104; x_wconf 87' lang='lat' dir='ltr'><strong>Cur</strong></span> <span class='ocrx_word' id='word_1_54' title='bbox 1580 1049 1736 1119; x_wconf 89' lang='lat' dir='ltr'><strong>igitur</strong></span> <span class='ocrx_word' id='word_1_55' title='bbox 1764 1063 1870 1104; x_wconf 91' lang='lat' dir='ltr'><strong>tum</strong></span> 
     </span>
    </p>
   </div>
   <div class='ocr_carea' id='block_1_9' title="bbox 309 1132 1874 1203">
    <p class='ocr_par' dir='ltr' id='par_1_9' title="bbox 309 1132 1874 1203">
     <span class='ocr_line' id='line_1_9' title="bbox 309 1132 1874 1203; baseline 0.006 -20"><span class='ocrx_word' id='word_1_56' title='bbox 309 1132 566 1200; x_wconf 83' lang='lat' dir='ltr'><strong>temporis</strong></span> <span class='ocrx_word' id='word_1_57' title='bbox 590 1132 898 1189; x_wconf 89' lang='lat' dir='ltr'><strong>dicebantur</strong></span> <span class='ocrx_word' id='word_1_58' title='bbox 923 1135 1033 1203; x_wconf 90' lang='lat' dir='ltr'><strong>illa,</strong></span> <span class='ocrx_word' id='word_1_59' title='bbox 1076 1137 1121 1191; x_wconf 90' lang='lat' dir='ltr'><strong>si</strong></span> <span class='ocrx_word' id='word_1_60' title='bbox 1166 1138 1440 1192; x_wconf 88' lang='lat' dir='ltr'><strong>manifesta</strong></span> <span class='ocrx_word' id='word_1_61' title='bbox 1486 1154 1587 1192; x_wconf 91' lang='lat' dir='ltr'><strong>non</strong></span> <span class='ocrx_word' id='word_1_62' title='bbox 1618 1150 1765 1192; x_wconf 83' lang='lat' dir='ltr'><strong>erant</strong></span> <span class='ocrx_word' id='word_1_63' title='bbox 1795 1139 1874 1192; x_wconf 93' lang='lat' dir='ltr'><strong>fu-</strong></span> 
     </span>
    </p>
   </div>
   <div class='ocr_carea' id='block_1_10' title="bbox 306 1223 1871 1296">
    <p class='ocr_par' dir='ltr' id='par_1_10' title="bbox 306 1223 1871 1296">
     <span class='ocr_line' id='line_1_10' title="bbox 306 1223 1871 1296; baseline 0.009 -24"><span class='ocrx_word' id='word_1_64' title='bbox 306 1232 423 1274; x_wconf 91' lang='lat' dir='ltr'><strong>tura</strong></span> <span class='ocrx_word' id='word_1_65' title='bbox 451 1238 570 1291; x_wconf 71' lang='lat' dir='ltr'><strong>qua:</strong></span> <span class='ocrx_word' id='word_1_66' title='bbox 608 1223 950 1280; x_wconf 80' lang='lat' dir='ltr'><strong>dicebantur?</strong></span> <span class='ocrx_word' id='word_1_67' title='bbox 977 1226 1043 1283; x_wconf 91' lang='lat' dir='ltr'><strong>Ut</strong></span> <span class='ocrx_word' id='word_1_68' title='bbox 1067 1229 1293 1296; x_wconf 81' lang='lat' dir='ltr'><strong>posteris</strong></span> <span class='ocrx_word' id='word_1_69' title='bbox 1328 1230 1572 1283; x_wconf 88' lang='lat' dir='ltr'><strong>nimirum</strong></span> <span class='ocrx_word' id='word_1_70' title='bbox 1604 1232 1746 1284; x_wconf 87' lang='lat' dir='ltr'><strong>utilia</strong></span> <span class='ocrx_word' id='word_1_71' title='bbox 1780 1233 1871 1286; x_wconf 84' lang='lat' dir='ltr'><strong>ﬁe-</strong></span> 
     </span>
    </p>
   </div>
   <div class='ocr_carea' id='block_1_11' title="bbox 306 1312 1869 1387">
    <p class='ocr_par' dir='ltr' id='par_1_11' title="bbox 306 1312 1869 1387">
     <span class='ocr_line' id='line_1_11' title="bbox 306 1312 1869 1387; baseline 0.008 -24"><span class='ocrx_word' id='word_1_72' title='bbox 306 1322 445 1365; x_wconf 84' lang='lat' dir='ltr'><strong>rent.</strong></span> <span class='ocrx_word' id='word_1_73' title='bbox 478 1312 602 1368; x_wconf 79' lang='lat' dir='ltr'><strong>Haec</strong></span> <span class='ocrx_word' id='word_1_74' title='bbox 638 1316 780 1370; x_wconf 89' lang='lat' dir='ltr'><strong>enim</strong></span> <span class='ocrx_word' id='word_1_75' title='bbox 809 1325 893 1372; x_wconf 88' lang='lat' dir='ltr'><strong>est</strong></span> <span class='ocrx_word' id='word_1_76' title='bbox 935 1317 1159 1386; x_wconf 74' lang='lat' dir='ltr'><strong>dignitas</strong></span> <span class='ocrx_word' id='word_1_77' title='bbox 1184 1320 1494 1387; x_wconf 66' lang='lat' dir='ltr'><strong>propltctiaa,</strong></span> <span class='ocrx_word' id='word_1_78' title='bbox 1537 1336 1640 1374; x_wconf 90' lang='lat' dir='ltr'><strong>non</strong></span> <span class='ocrx_word' id='word_1_79' title='bbox 1683 1330 1739 1374; x_wconf 90' lang='lat' dir='ltr'><strong>ut</strong></span> <span class='ocrx_word' id='word_1_80' title='bbox 1784 1336 1869 1375; x_wconf 76' lang='lat' dir='ltr'><strong>res</strong></span> 
     </span>
    </p>
   </div>
   <div class='ocr_carea' id='block_1_12' title="bbox 303 1403 1871 1478">
    <p class='ocr_par' dir='ltr' id='par_1_12' title="bbox 303 1403 1871 1478">
     <span class='ocr_line' id='line_1_12' title="bbox 303 1403 1871 1478; baseline 0.005 -23"><span class='ocrx_word' id='word_1_81' title='bbox 303 1412 597 1469; x_wconf 68' lang='lat' dir='ltr'><strong>praesentes</strong></span> <span class='ocrx_word' id='word_1_82' title='bbox 618 1403 914 1471; x_wconf 83' lang='lat' dir='ltr'><strong>denuntiet,</strong></span> <span class='ocrx_word' id='word_1_83' title='bbox 946 1407 1039 1462; x_wconf 89' lang='lat' dir='ltr'><strong>sed</strong></span> <span class='ocrx_word' id='word_1_84' title='bbox 1067 1417 1123 1461; x_wconf 93' lang='lat' dir='ltr'><strong>ut</strong></span> <span class='ocrx_word' id='word_1_85' title='bbox 1149 1407 1348 1462; x_wconf 88' lang='lat' dir='ltr'><strong>futuras</strong></span> <span class='ocrx_word' id='word_1_86' title='bbox 1377 1410 1710 1478; x_wconf 74' lang='lat' dir='ltr'><strong>prtenuntiet.</strong></span> <span class='ocrx_word' id='word_1_87' title='bbox 1744 1410 1871 1464; x_wconf 90' lang='lat' dir='ltr'><strong>Pro-</strong></span> 
     </span>
    </p>
   </div>
   <div class='ocr_carea' id='block_1_13' title="bbox 302 1492 1865 1569">
    <p class='ocr_par' dir='ltr' id='par_1_13' title="bbox 302 1492 1865 1569">
     <span class='ocr_line' id='line_1_13' title="bbox 302 1492 1865 1569; baseline 0.005 -24"><span class='ocrx_word' id='word_1_88' title='bbox 302 1492 484 1561; x_wconf 88' lang='lat' dir='ltr'><strong>phetia</strong></span> <span class='ocrx_word' id='word_1_89' title='bbox 514 1508 673 1563; x_wconf 90' lang='lat' dir='ltr'><strong>porro</strong></span> <span class='ocrx_word' id='word_1_90' title='bbox 700 1511 819 1549; x_wconf 92' lang='lat' dir='ltr'><strong>cum</strong></span> <span class='ocrx_word' id='word_1_91' title='bbox 848 1496 1053 1552; x_wconf 88' lang='lat' dir='ltr'><strong>occulte</strong></span> <span class='ocrx_word' id='word_1_92' title='bbox 1078 1498 1277 1567; x_wconf 87' lang='lat' dir='ltr'><strong>prolata</strong></span> <span class='ocrx_word' id='word_1_93' title='bbox 1327 1497 1503 1564; x_wconf 91' lang='lat' dir='ltr'><strong>fuerit,</strong></span> <span class='ocrx_word' id='word_1_94' title='bbox 1535 1507 1654 1569; x_wconf 89' lang='lat' dir='ltr'><strong>post</strong></span> <span class='ocrx_word' id='word_1_95' title='bbox 1689 1514 1865 1553; x_wconf 90' lang='lat' dir='ltr'><strong>rerum</strong></span> 
     </span>
    </p>
   </div>
   <div class='ocr_carea' id='block_1_14' title="bbox 302 1584 1861 1651">
    <p class='ocr_par' dir='ltr' id='par_1_14' title="bbox 302 1584 1861 1651">
     <span class='ocr_line' id='line_1_14' title="bbox 302 1584 1861 1651; baseline 0.004 -14"><span class='ocrx_word' id='word_1_96' title='bbox 302 1594 552 1640; x_wconf 84' lang='lat' dir='ltr'><strong>eventum</strong></span> <span class='ocrx_word' id='word_1_97' title='bbox 583 1584 642 1640; x_wconf 80' lang='lat' dir='ltr'><strong>ﬁt</strong></span> <span class='ocrx_word' id='word_1_98' title='bbox 667 1586 1013 1651; x_wconf 82' lang='lat' dir='ltr'><strong>manifestior,</strong></span> <span class='ocrx_word' id='word_1_99' title='bbox 1051 1596 1175 1643; x_wconf 87' lang='lat' dir='ltr'><strong>ante</strong></span> <span class='ocrx_word' id='word_1_100' title='bbox 1202 1599 1449 1643; x_wconf 81' lang='lat' dir='ltr'><strong>eventum</strong></span> <span class='ocrx_word' id='word_1_101' title='bbox 1474 1605 1601 1645; x_wconf 88' lang='lat' dir='ltr'><strong>vero</strong></span> <span class='ocrx_word' id='word_1_102' title='bbox 1625 1590 1861 1645; x_wconf 91' lang='lat' dir='ltr'><strong>minime.</strong></span> 
     </span>
    </p>
   </div>
   <div class='ocr_carea' id='block_1_15' title="bbox 302 1671 1862 1750">
    <p class='ocr_par' dir='ltr' id='par_1_15' title="bbox 302 1671 1862 1750">
     <span class='ocr_line' id='line_1_15' title="bbox 302 1671 1862 1750; baseline 0.005 -23"><span class='ocrx_word' id='word_1_103' title='bbox 302 1671 488 1744; x_wconf 82' lang='lat' dir='ltr'><strong>Itaque</strong></span> <span class='ocrx_word' id='word_1_104' title='bbox 526 1678 649 1745; x_wconf 90' lang='lat' dir='ltr'><strong>quia</strong></span> <span class='ocrx_word' id='word_1_105' title='bbox 694 1685 806 1731; x_wconf 91' lang='lat' dir='ltr'><strong>tum</strong></span> <span class='ocrx_word' id='word_1_106' title='bbox 842 1677 1069 1735; x_wconf 82' lang='lat' dir='ltr'><strong>obscure</strong></span> <span class='ocrx_word' id='word_1_107' title='bbox 1107 1679 1433 1745; x_wconf 90' lang='lat' dir='ltr'><strong>dicebantur,</strong></span> <span class='ocrx_word' id='word_1_108' title='bbox 1463 1682 1649 1750; x_wconf 64' lang='lat' dir='ltr'><strong>ignotae</strong></span> <span class='ocrx_word' id='word_1_109' title='bbox 1674 1691 1862 1736; x_wconf 90' lang='lat' dir='ltr'><strong>erant:</strong></span> 
     </span>
    </p>
   </div>
   <div class='ocr_carea' id='block_1_16' title="bbox 298 1770 1861 1840">
    <p class='ocr_par' dir='ltr' id='par_1_16' title="bbox 298 1770 1861 1840">
     <span class='ocr_line' id='line_1_16' title="bbox 298 1770 1861 1840; baseline 0.004 -21"><span class='ocrx_word' id='word_1_110' title='bbox 298 1779 423 1820; x_wconf 89' lang='lat' dir='ltr'><strong>cum</strong></span> <span class='ocrx_word' id='word_1_111' title='bbox 438 1777 614 1822; x_wconf 90' lang='lat' dir='ltr'><strong>autem</strong></span> <span class='ocrx_word' id='word_1_112' title='bbox 632 1782 717 1824; x_wconf 89' lang='lat' dir='ltr'><strong>res</strong></span> <span class='ocrx_word' id='word_1_113' title='bbox 731 1770 1079 1839; x_wconf 74' lang='lat' dir='ltr'><strong>contigerant,</strong></span> <span class='ocrx_word' id='word_1_114' title='bbox 1097 1780 1371 1840; x_wconf 85' lang='lat' dir='ltr'><strong>propterea</strong></span> <span class='ocrx_word' id='word_1_115' title='bbox 1388 1772 1661 1827; x_wconf 88' lang='lat' dir='ltr'><strong>manifesta</strong></span> <span class='ocrx_word' id='word_1_116' title='bbox 1689 1781 1861 1837; x_wconf 89' lang='lat' dir='ltr'><strong>erant,</strong></span> 
     </span>
    </p>
   </div>
   <div class='ocr_carea' id='block_1_17' title="bbox 298 1857 1860 1931">
    <p class='ocr_par' dir='ltr' id='par_1_17' title="bbox 298 1857 1860 1931">
     <span class='ocr_line' id='line_1_17' title="bbox 298 1857 1860 1931; baseline 0.004 -22"><span class='ocrx_word' id='word_1_117' title='bbox 298 1871 419 1925; x_wconf 74' lang='lat' dir='ltr'><strong>quae</strong></span> <span class='ocrx_word' id='word_1_118' title='bbox 458 1857 600 1911; x_wconf 90' lang='lat' dir='ltr'><strong>dicta</strong></span> <span class='ocrx_word' id='word_1_119' title='bbox 625 1857 856 1913; x_wconf 80' lang='lat' dir='ltr'><strong>fuerant.</strong></span> <span class='ocrx_word' id='word_1_120' title='bbox 897 1861 1068 1929; x_wconf 82' lang='lat' dir='ltr'><strong>Atque</strong></span> <span class='ocrx_word' id='word_1_121' title='bbox 1096 1869 1154 1914; x_wconf 91' lang='lat' dir='ltr'><strong>ut</strong></span> <span class='ocrx_word' id='word_1_122' title='bbox 1178 1860 1510 1930; x_wconf 83' lang='lat' dir='ltr'><strong>prophetiam</strong></span> <span class='ocrx_word' id='word_1_123' title='bbox 1537 1861 1860 1931; x_wconf 86' lang='lat' dir='ltr'><strong>intelligatis,</strong></span> 
     </span>
    </p>
   </div>
   <div class='ocr_carea' id='block_1_18' title="bbox 297 1946 1863 2020">
    <p class='ocr_par' dir='ltr' id='par_1_18' title="bbox 297 1946 1863 2020">
     <span class='ocr_line' id='line_1_18' title="bbox 297 1946 1863 2020; baseline 0.005 -19"><span class='ocrx_word' id='word_1_124' title='bbox 297 1946 424 2003; x_wconf 87' lang='lat' dir='ltr'><strong>licet</strong></span> <span class='ocrx_word' id='word_1_125' title='bbox 452 1950 619 2004; x_wconf 90' lang='lat' dir='ltr'><strong>multo</strong></span> <span class='ocrx_word' id='word_1_126' title='bbox 645 1960 768 2006; x_wconf 85' lang='lat' dir='ltr'><strong>ante</strong></span> <span class='ocrx_word' id='word_1_127' title='bbox 795 1960 1030 2020; x_wconf 88' lang='lat' dir='ltr'><strong>tempore</strong></span> <span class='ocrx_word' id='word_1_128' title='bbox 1053 1951 1191 2007; x_wconf 91' lang='lat' dir='ltr'><strong>dicta</strong></span> <span class='ocrx_word' id='word_1_129' title='bbox 1218 1952 1306 2018; x_wconf 90' lang='lat' dir='ltr'><strong>sit,</strong></span> <span class='ocrx_word' id='word_1_130' title='bbox 1334 1952 1427 2007; x_wconf 89' lang='lat' dir='ltr'><strong>sed</strong></span> <span class='ocrx_word' id='word_1_131' title='bbox 1456 1962 1627 2008; x_wconf 90' lang='lat' dir='ltr'><strong>tamen</strong></span> <span class='ocrx_word' id='word_1_132' title='bbox 1657 1954 1863 2009; x_wconf 87' lang='lat' dir='ltr'><strong>occulte</strong></span> 
     </span>
    </p>
   </div>
   <div class='ocr_carea' id='block_1_19' title="bbox 295 2036 1855 2111">
    <p class='ocr_par' dir='ltr' id='par_1_19' title="bbox 295 2036 1855 2111">
     <span class='ocr_line' id='line_1_19' title="bbox 295 2036 1855 2111; baseline 0.005 -21"><span class='ocrx_word' id='word_1_133' title='bbox 295 2036 459 2103; x_wconf 90' lang='lat' dir='ltr'><strong>dicta,</strong></span> <span class='ocrx_word' id='word_1_134' title='bbox 488 2038 769 2095; x_wconf 85' lang='lat' dir='ltr'><strong>obscuram</strong></span> <span class='ocrx_word' id='word_1_135' title='bbox 801 2054 940 2106; x_wconf 81' lang='lat' dir='ltr'><strong>esse,</strong></span> <span class='ocrx_word' id='word_1_136' title='bbox 962 2055 1026 2096; x_wconf 89' lang='lat' dir='ltr'><strong>ac</strong></span> <span class='ocrx_word' id='word_1_137' title='bbox 1051 2056 1225 2096; x_wconf 91' lang='lat' dir='ltr'><strong>rerum</strong></span> <span class='ocrx_word' id='word_1_138' title='bbox 1254 2051 1501 2096; x_wconf 91' lang='lat' dir='ltr'><strong>eventum</strong></span> <span class='ocrx_word' id='word_1_139' title='bbox 1529 2053 1855 2111; x_wconf 87' lang='lat' dir='ltr'><strong>exspectare,</strong></span> 
     </span>
    </p>
   </div>
   <div class='ocr_carea' id='block_1_20' title="bbox 294 2127 1863 2202">
    <p class='ocr_par' dir='ltr' id='par_1_20' title="bbox 294 2127 1863 2202">
     <span class='ocr_line' id='line_1_20' title="bbox 294 2127 1863 2202; baseline 0.004 -22"><span class='ocrx_word' id='word_1_140' title='bbox 294 2127 676 2197; x_wconf 88' lang='lat' dir='ltr'><strong>discipulorum</strong></span> <span class='ocrx_word' id='word_1_141' title='bbox 711 2130 947 2200; x_wconf 87' lang='lat' dir='ltr'><strong>ipsorum</strong></span> <span class='ocrx_word' id='word_1_142' title='bbox 983 2131 1035 2186; x_wconf 88' lang='lat' dir='ltr'><strong>id</strong></span> <span class='ocrx_word' id='word_1_143' title='bbox 1065 2132 1308 2202; x_wconf 89' lang='lat' dir='ltr'><strong>exemplo</strong></span> <span class='ocrx_word' id='word_1_144' title='bbox 1331 2133 1707 2202; x_wconf 90' lang='lat' dir='ltr'><strong>comprobabo.</strong></span> <span class='ocrx_word' id='word_1_145' title='bbox 1742 2134 1863 2189; x_wconf 88' lang='lat' dir='ltr'><strong>Sol-</strong></span> 
     </span>
    </p>
   </div>
   <div class='ocr_carea' id='block_1_21' title="bbox 292 2220 1855 2294">
    <p class='ocr_par' dir='ltr' id='par_1_21' title="bbox 292 2220 1855 2294">
     <span class='ocr_line' id='line_1_21' title="bbox 292 2220 1855 2294; baseline 0.004 -21"><span class='ocrx_word' id='word_1_146' title='bbox 292 2220 391 2273; x_wconf 71' lang='lat' dir='ltr'><strong>uite</strong></span> <span class='ocrx_word' id='word_1_147' title='bbox 410 2221 651 2290; x_wconf 84' lang='lat' dir='ltr'><strong>templum</strong></span> <span class='ocrx_word' id='word_1_148' title='bbox 674 2222 768 2276; x_wconf 76' lang='lat' dir='ltr'><strong>hoc</strong></span> <span class='ocrx_word' id='word_1_149' title='bbox 789 2221 963 2287; x_wconf 78' lang='lat' dir='ltr'><strong>(Joan.</strong></span> <span class='ocrx_word' id='word_1_150' title='bbox 985 2222 1039 2277; x_wconf 72' lang='grc'><strong>2.</strong></span> <span class='ocrx_word' id='word_1_151' title='bbox 1060 2223 1172 2294; x_wconf 86' lang='grc'><strong>19),</strong></span> <span class='ocrx_word' id='word_1_152' title='bbox 1193 2225 1367 2279; x_wconf 86' lang='lat' dir='ltr'><strong>aiebat</strong></span> <span class='ocrx_word' id='word_1_153' title='bbox 1386 2224 1626 2279; x_wconf 89' lang='lat' dir='ltr'><strong>Christus</strong></span> <span class='ocrx_word' id='word_1_154' title='bbox 1640 2225 1855 2279; x_wconf 67' lang='lat' dir='ltr'><strong>Judmis.</strong></span> 
     </span>
    </p>
   </div>
   <div class='ocr_carea' id='block_1_22' title="bbox 292 2308 1858 2385">
    <p class='ocr_par' dir='ltr' id='par_1_22' title="bbox 292 2308 1858 2385">
     <span class='ocr_line' id='line_1_22' title="bbox 292 2308 1858 2385; baseline 0.004 -22"><span class='ocrx_word' id='word_1_155' title='bbox 292 2308 426 2364; x_wconf 82' lang='lat' dir='ltr'><strong>Nam</strong></span> <span class='ocrx_word' id='word_1_156' title='bbox 458 2325 581 2365; x_wconf 92' lang='lat' dir='ltr'><strong>cum</strong></span> <span class='ocrx_word' id='word_1_157' title='bbox 605 2327 699 2367; x_wconf 91' lang='lat' dir='ltr'><strong>eos</strong></span> <span class='ocrx_word' id='word_1_158' title='bbox 726 2312 992 2382; x_wconf 78' lang='lat' dir='ltr'><strong>eiecisset,</strong></span> <span class='ocrx_word' id='word_1_159' title='bbox 1023 2314 1113 2382; x_wconf 89' lang='lat' dir='ltr'><strong>qui</strong></span> <span class='ocrx_word' id='word_1_160' title='bbox 1150 2316 1507 2384; x_wconf 78' lang='lat' dir='ltr'><strong>negotiatione</strong></span> <span class='ocrx_word' id='word_1_161' title='bbox 1544 2331 1636 2369; x_wconf 84' lang='lat' dir='ltr'><strong>sua</strong></span> <span class='ocrx_word' id='word_1_162' title='bbox 1680 2316 1858 2385; x_wconf 80' lang='lat' dir='ltr'><strong>templi</strong></span> 
     </span>
    </p>
   </div>
   <div class='ocr_carea' id='block_1_23' title="bbox 290 2402 1859 2476">
    <p class='ocr_par' dir='ltr' id='par_1_23' title="bbox 290 2402 1859 2476">
     <span class='ocr_line' id='line_1_23' title="bbox 290 2402 1859 2476; baseline 0.004 -23"><span class='ocrx_word' id='word_1_163' title='bbox 290 2402 629 2456; x_wconf 75' lang='lat' dir='ltr'><strong>sanctitatem</strong></span> <span class='ocrx_word' id='word_1_164' title='bbox 676 2403 955 2469; x_wconf 85' lang='lat' dir='ltr'><strong>violarant,</strong></span> <span class='ocrx_word' id='word_1_165' title='bbox 1004 2404 1255 2459; x_wconf 81' lang='lat' dir='ltr'><strong>dixerunt</strong></span> <span class='ocrx_word' id='word_1_166' title='bbox 1302 2406 1376 2459; x_wconf 90' lang='lat' dir='ltr'><strong>illi</strong></span> <span class='ocrx_word' id='word_1_167' title='bbox 1414 2424 1428 2460; x_wconf 92' lang='lat'><strong>:</strong></span> <span class='ocrx_word' id='word_1_168' title='bbox 1475 2406 1620 2472; x_wconf 81' lang='lat' dir='ltr'><strong>Quod</strong></span> <span class='ocrx_word' id='word_1_169' title='bbox 1661 2408 1859 2476; x_wconf 84' lang='lat' dir='ltr'><strong>signum</strong></span> 
     </span>
    </p>
   </div>
   <div class='ocr_carea' id='block_1_24' title="bbox 290 2492 1855 2564">
    <p class='ocr_par' dir='ltr' id='par_1_24' title="bbox 290 2492 1855 2564">
     <span class='ocr_line' id='line_1_24' title="bbox 290 2492 1855 2564; baseline 0.004 -21"><span class='ocrx_word' id='word_1_170' title='bbox 290 2492 514 2545; x_wconf 75' lang='lat' dir='ltr'><strong>ostettdis</strong></span> <span class='ocrx_word' id='word_1_171' title='bbox 553 2493 713 2555; x_wconf 69' lang='lat' dir='ltr'><strong>nobis,</strong></span> <span class='ocrx_word' id='word_1_172' title='bbox 759 2494 877 2561; x_wconf 85' lang='lat' dir='ltr'><strong>quia</strong></span> <span class='ocrx_word' id='word_1_173' title='bbox 918 2496 1023 2549; x_wconf 66' lang='grc' dir='ltr'><strong>ἠως</strong></span> <span class='ocrx_word' id='word_1_174' title='bbox 1060 2495 1186 2564; x_wconf 77' lang='lat' dir='ltr'><strong>facis</strong></span> <span class='ocrx_word' id='word_1_175' title='bbox 1208 2493 1365 2563; x_wconf 89' lang='lat' dir='ltr'><strong>(Ibid.</strong></span> <span class='ocrx_word' id='word_1_176' title='bbox 1396 2512 1445 2548; x_wconf 74' lang='grc' dir='ltr'><strong>υ.</strong></span> <span class='ocrx_word' id='word_1_177' title='bbox 1478 2496 1605 2562; x_wconf 68' lang='grc' dir='ltr'><strong>18)ἳ</strong></span> <span class='ocrx_word' id='word_1_178' title='bbox 1630 2497 1762 2549; x_wconf 90' lang='lat' dir='ltr'><strong>Tum</strong></span> <span class='ocrx_word' id='word_1_179' title='bbox 1789 2496 1855 2550; x_wconf 89' lang='lat' dir='ltr'><strong>ad</strong></span> 
     </span>
    </p>
   </div>
   <div class='ocr_carea' id='block_1_25' title="bbox 288 2579 1855 2652">
    <p class='ocr_par' dir='ltr' id='par_1_25' title="bbox 288 2579 1855 2652">
     <span class='ocr_line' id='line_1_25' title="bbox 288 2579 1855 2652; baseline 0.003 -18"><span class='ocrx_word' id='word_1_180' title='bbox 288 2579 395 2635; x_wconf 85' lang='lat' dir='ltr'><strong>hoc</strong></span> <span class='ocrx_word' id='word_1_181' title='bbox 422 2581 742 2650; x_wconf 70' lang='lat' dir='ltr'><strong>reapondet:</strong></span> <span class='ocrx_word' id='word_1_182' title='bbox 769 2582 960 2638; x_wconf 72' lang='lat' dir='ltr'><strong>Solvite</strong></span> <span class='ocrx_word' id='word_1_183' title='bbox 979 2584 1217 2652; x_wconf 83' lang='lat' dir='ltr'><strong>templum</strong></span> <span class='ocrx_word' id='word_1_184' title='bbox 1240 2585 1353 2650; x_wconf 75' lang='lat' dir='ltr'><strong>hoc,</strong></span> <span class='ocrx_word' id='word_1_185' title='bbox 1375 2595 1421 2638; x_wconf 93' lang='lat' dir='ltr'><strong>et</strong></span> <span class='ocrx_word' id='word_1_186' title='bbox 1444 2586 1496 2638; x_wconf 90' lang='lat' dir='ltr'><strong>in</strong></span> <span class='ocrx_word' id='word_1_187' title='bbox 1513 2586 1665 2638; x_wconf 85' lang='lat' dir='ltr'><strong>tribus</strong></span> <span class='ocrx_word' id='word_1_188' title='bbox 1684 2587 1855 2639; x_wconf 85' lang='lat' dir='ltr'><strong>diebus</strong></span> 
     </span>
    </p>
   </div>
   <div class='ocr_carea' id='block_1_26' title="bbox 287 2672 1854 2745">
    <p class='ocr_par' dir='ltr' id='par_1_26' title="bbox 287 2672 1854 2745">
     <span class='ocr_line' id='line_1_26' title="bbox 287 2672 1854 2745; baseline 0.003 -19"><span class='ocrx_word' id='word_1_189' title='bbox 287 2673 518 2727; x_wconf 69' lang='lat' dir='ltr'><strong>excitabo</strong></span> <span class='ocrx_word' id='word_1_190' title='bbox 544 2672 695 2727; x_wconf 76' lang='lat' dir='ltr'><strong>illud.</strong></span> <span class='ocrx_word' id='word_1_191' title='bbox 722 2673 822 2728; x_wconf 79' lang='lat' dir='ltr'><strong>Ille</strong></span> <span class='ocrx_word' id='word_1_192' title='bbox 845 2683 1010 2728; x_wconf 85' lang='lat' dir='ltr'><strong>autem</strong></span> <span class='ocrx_word' id='word_1_193' title='bbox 1030 2676 1220 2729; x_wconf 81' lang='lat' dir='ltr'><strong>dicebat</strong></span> <span class='ocrx_word' id='word_1_194' title='bbox 1240 2675 1301 2728; x_wconf 87' lang='lat' dir='ltr'><strong>de</strong></span> <span class='ocrx_word' id='word_1_195' title='bbox 1330 2676 1514 2743; x_wconf 84' lang='lat' dir='ltr'><strong>templo</strong></span> <span class='ocrx_word' id='word_1_196' title='bbox 1534 2677 1758 2745; x_wconf 86' lang='lat' dir='ltr'><strong>corporis</strong></span> <span class='ocrx_word' id='word_1_197' title='bbox 1776 2677 1854 2730; x_wconf 86' lang='lat' dir='ltr'><strong>sui</strong></span> 
     </span>
    </p>
   </div>
   <div class='ocr_carea' id='block_1_27' title="bbox 288 2762 1857 2835">
    <p class='ocr_par' dir='ltr' id='par_1_27' title="bbox 288 2762 1857 2835">
     <span class='ocr_line' id='line_1_27' title="bbox 288 2762 1857 2835; baseline 0.004 -21"><span class='ocrx_word' id='word_1_198' title='bbox 288 2762 451 2834; x_wconf 88' lang='lat' dir='ltr'><strong>(Ibid.</strong></span> <span class='ocrx_word' id='word_1_199' title='bbox 481 2777 531 2817; x_wconf 74' lang='grc' dir='ltr'><strong>υ.</strong></span> <span class='ocrx_word' id='word_1_200' title='bbox 554 2762 671 2833; x_wconf 65' lang='lat' dir='ltr'><strong>Si).</strong></span> <span class='ocrx_word' id='word_1_201' title='bbox 701 2763 814 2819; x_wconf 82' lang='lat' dir='ltr'><strong>Hoc</strong></span> <span class='ocrx_word' id='word_1_202' title='bbox 830 2772 1005 2819; x_wconf 87' lang='lat' dir='ltr'><strong>autem</strong></span> <span class='ocrx_word' id='word_1_203' title='bbox 1025 2764 1297 2835; x_wconf 87' lang='lat' dir='ltr'><strong>prophetia</strong></span> <span class='ocrx_word' id='word_1_204' title='bbox 1322 2764 1562 2835; x_wconf 69' lang='lat' dir='ltr'><strong>quaedam</strong></span> <span class='ocrx_word' id='word_1_205' title='bbox 1589 2774 1671 2820; x_wconf 86' lang='lat' dir='ltr'><strong>est</strong></span> <span class='ocrx_word' id='word_1_206' title='bbox 1689 2784 1703 2820; x_wconf 92' lang='lat'><strong>:</strong></span> <span class='ocrx_word' id='word_1_207' title='bbox 1724 2781 1857 2821; x_wconf 91' lang='lat' dir='ltr'><strong>non-</strong></span> 
     </span>
    </p>
   </div>
   <div class='ocr_carea' id='block_1_28' title="bbox 283 2852 1854 2925">
    <p class='ocr_par' dir='ltr' id='par_1_28' title="bbox 283 2852 1854 2925">
     <span class='ocr_line' id='line_1_28' title="bbox 283 2852 1854 2925; baseline 0.003 -18"><span class='ocrx_word' id='word_1_208' title='bbox 283 2852 417 2907; x_wconf 88' lang='lat' dir='ltr'><strong>dum</strong></span> <span class='ocrx_word' id='word_1_209' title='bbox 443 2853 639 2922; x_wconf 83' lang='lat' dir='ltr'><strong>quippe</strong></span> <span class='ocrx_word' id='word_1_210' title='bbox 662 2867 790 2907; x_wconf 92' lang='lat' dir='ltr'><strong>crux</strong></span> <span class='ocrx_word' id='word_1_211' title='bbox 819 2862 1086 2919; x_wconf 82' lang='lat' dir='ltr'><strong>evenerat,</strong></span> <span class='ocrx_word' id='word_1_212' title='bbox 1116 2870 1287 2924; x_wconf 89' lang='lat' dir='ltr'><strong>neque</strong></span> <span class='ocrx_word' id='word_1_213' title='bbox 1317 2855 1497 2925; x_wconf 88' lang='lat' dir='ltr'><strong>templi</strong></span> <span class='ocrx_word' id='word_1_214' title='bbox 1523 2856 1739 2924; x_wconf 89' lang='lat' dir='ltr'><strong>solutio,</strong></span> <span class='ocrx_word' id='word_1_215' title='bbox 1761 2872 1854 2911; x_wconf 92' lang='lat' dir='ltr'><strong>ne-</strong></span> 
     </span>
    </p>
   </div>
   <div class='ocr_carea' id='block_1_29' title="bbox 283 2944 1855 3018">
    <p class='ocr_par' dir='ltr' id='par_1_29' title="bbox 283 2944 1855 3018">
     <span class='ocr_line' id='line_1_29' title="bbox 283 2944 1855 3018; baseline 0.003 -20"><span class='ocrx_word' id='word_1_216' title='bbox 283 2959 391 3013; x_wconf 90' lang='lat' dir='ltr'><strong>que</strong></span> <span class='ocrx_word' id='word_1_217' title='bbox 415 2952 536 3013; x_wconf 85' lang='lat' dir='ltr'><strong>post</strong></span> <span class='ocrx_word' id='word_1_218' title='bbox 560 2953 670 3000; x_wconf 87' lang='lat' dir='ltr'><strong>tres</strong></span> <span class='ocrx_word' id='word_1_219' title='bbox 692 2944 808 3000; x_wconf 88' lang='lat' dir='ltr'><strong>dies</strong></span> <span class='ocrx_word' id='word_1_220' title='bbox 832 2947 1168 3011; x_wconf 85' lang='lat' dir='ltr'><strong>resurrectio,</strong></span> <span class='ocrx_word' id='word_1_221' title='bbox 1196 2962 1355 3018; x_wconf 92' lang='lat' dir='ltr'><strong>quam</strong></span> <span class='ocrx_word' id='word_1_222' title='bbox 1383 2949 1495 3017; x_wconf 86' lang='lat' dir='ltr'><strong>ipse</strong></span> <span class='ocrx_word' id='word_1_223' title='bbox 1523 2947 1663 3003; x_wconf 89' lang='lat' dir='ltr'><strong>fecit.</strong></span> <span class='ocrx_word' id='word_1_224' title='bbox 1686 2949 1763 3003; x_wconf 82' lang='lat' dir='ltr'><strong>Ac</strong></span> <span class='ocrx_word' id='word_1_225' title='bbox 1778 2949 1855 3003; x_wconf 80' lang='lat' dir='ltr'><strong>ri-</strong></span> 
     </span>
    </p>
   </div>
   <div class='ocr_carea' id='block_1_30' title="bbox 284 3032 1849 3107">
    <p class='ocr_par' dir='ltr' id='par_1_30' title="bbox 284 3032 1849 3107">
     <span class='ocr_line' id='line_1_30' title="bbox 284 3032 1849 3107; baseline 0.003 -19"><span class='ocrx_word' id='word_1_226' title='bbox 284 3032 357 3088; x_wconf 82' lang='lat' dir='ltr'><strong>de</strong></span> <span class='ocrx_word' id='word_1_227' title='bbox 384 3048 541 3103; x_wconf 86' lang='lat' dir='ltr'><strong>quam</strong></span> <span class='ocrx_word' id='word_1_228' title='bbox 568 3043 756 3090; x_wconf 80' lang='lat' dir='ltr'><strong>exacte</strong></span> <span class='ocrx_word' id='word_1_229' title='bbox 775 3045 996 3106; x_wconf 90' lang='lat' dir='ltr'><strong>utraque</strong></span> <span class='ocrx_word' id='word_1_230' title='bbox 1021 3036 1326 3107; x_wconf 90' lang='lat' dir='ltr'><strong>designarit,</strong></span> <span class='ocrx_word' id='word_1_231' title='bbox 1354 3046 1409 3092; x_wconf 91' lang='lat' dir='ltr'><strong>et</strong></span> <span class='ocrx_word' id='word_1_232' title='bbox 1435 3038 1646 3093; x_wconf 87' lang='lat' dir='ltr'><strong>illorum</strong></span> <span class='ocrx_word' id='word_1_233' title='bbox 1681 3039 1849 3093; x_wconf 88' lang='lat' dir='ltr'><strong>audax</strong></span> 
     </span>
    </p>
   </div>
   <div class='ocr_carea' id='block_1_31' title="bbox 284 3123 1851 3200">
    <p class='ocr_par' dir='ltr' id='par_1_31' title="bbox 284 3123 1851 3200">
     <span class='ocr_line' id='line_1_31' title="bbox 284 3123 1851 3200; baseline 0.006 -24"><span class='ocrx_word' id='word_1_234' title='bbox 284 3123 515 3189; x_wconf 77' lang='lat' dir='ltr'><strong>facinus,</strong></span> <span class='ocrx_word' id='word_1_235' title='bbox 541 3133 596 3179; x_wconf 91' lang='lat' dir='ltr'><strong>et</strong></span> <span class='ocrx_word' id='word_1_236' title='bbox 620 3140 770 3180; x_wconf 92' lang='lat' dir='ltr'><strong>suam</strong></span> <span class='ocrx_word' id='word_1_237' title='bbox 815 3127 978 3196; x_wconf 87' lang='lat' dir='ltr'><strong>ipsius</strong></span> <span class='ocrx_word' id='word_1_238' title='bbox 1002 3128 1267 3182; x_wconf 87' lang='lat' dir='ltr'><strong>virtutem.</strong></span> <span class='ocrx_word' id='word_1_239' title='bbox 1298 3128 1414 3183; x_wconf 85' lang='lat' dir='ltr'><strong>Non</strong></span> <span class='ocrx_word' id='word_1_240' title='bbox 1444 3137 1617 3183; x_wconf 84' lang='lat' dir='ltr'><strong>tamen</strong></span> <span class='ocrx_word' id='word_1_241' title='bbox 1643 3146 1705 3185; x_wconf 90' lang='lat' dir='ltr'><strong>ea</strong></span> <span class='ocrx_word' id='word_1_242' title='bbox 1730 3146 1851 3200; x_wconf 74' lang='lat' dir='ltr'><strong>qua:</strong></span> 
     </span>
    </p>
   </div>
   <div class='ocr_carea' id='block_1_32' title="bbox 281 3212 1845 3288">
    <p class='ocr_par' dir='ltr' id='par_1_32' title="bbox 281 3212 1845 3288">
     <span class='ocr_line' id='line_1_32' title="bbox 281 3212 1845 3288; baseline 0.004 -21"><span class='ocrx_word' id='word_1_243' title='bbox 281 3212 598 3268; x_wconf 85' lang='lat' dir='ltr'><strong>dicebantur</strong></span> <span class='ocrx_word' id='word_1_244' title='bbox 621 3225 966 3285; x_wconf 84' lang='lat' dir='ltr'><strong>agnoverunt.</strong></span> <span class='ocrx_word' id='word_1_245' title='bbox 988 3218 1066 3272; x_wconf 83' lang='lat' dir='ltr'><strong>Ac</strong></span> <span class='ocrx_word' id='word_1_246' title='bbox 1088 3217 1301 3273; x_wconf 58' lang='lat' dir='ltr'><strong>Iudaeos</strong></span> <span class='ocrx_word' id='word_1_247' title='bbox 1319 3218 1534 3287; x_wconf 92' lang='lat' dir='ltr'><strong>quidem</strong></span> <span class='ocrx_word' id='word_1_248' title='bbox 1557 3219 1845 3288; x_wconf 74' lang='lat' dir='ltr'><strong>ignorasse,</strong></span> 
     </span>
    </p>
   </div>
   <div class='ocr_carea' id='block_1_33' title="bbox 281 3303 1851 3378">
    <p class='ocr_par' dir='ltr' id='par_1_33' title="bbox 281 3303 1851 3378">
     <span class='ocr_line' id='line_1_33' title="bbox 281 3303 1851 3378; baseline 0.004 -21"><span class='ocrx_word' id='word_1_249' title='bbox 281 3303 505 3359; x_wconf 89' lang='lat' dir='ltr'><strong>minime</strong></span> <span class='ocrx_word' id='word_1_250' title='bbox 534 3305 834 3359; x_wconf 78' lang='lat' dir='ltr'><strong>mirumzat</strong></span> <span class='ocrx_word' id='word_1_251' title='bbox 878 3321 947 3361; x_wconf 87' lang='lat' dir='ltr'><strong>ne</strong></span> <span class='ocrx_word' id='word_1_252' title='bbox 987 3306 1275 3377; x_wconf 89' lang='lat' dir='ltr'><strong>discipulos</strong></span> <span class='ocrx_word' id='word_1_253' title='bbox 1301 3309 1511 3377; x_wconf 89' lang='lat' dir='ltr'><strong>quidem</strong></span> <span class='ocrx_word' id='word_1_254' title='bbox 1550 3310 1666 3378; x_wconf 91' lang='lat' dir='ltr'><strong>ejus</strong></span> <span class='ocrx_word' id='word_1_255' title='bbox 1695 3310 1851 3365; x_wconf 86' lang='lat' dir='ltr'><strong>intel-</strong></span> 
     </span>
    </p>
   </div>
   <div class='ocr_carea' id='block_1_34' title="bbox 282 3393 1848 3469">
    <p class='ocr_par' dir='ltr' id='par_1_34' title="bbox 282 3393 1848 3469">
     <span class='ocr_line' id='line_1_34' title="bbox 282 3393 1848 3469; baseline 0.006 -23"><span class='ocrx_word' id='word_1_256' title='bbox 282 3394 483 3449; x_wconf 83' lang='lat' dir='ltr'><strong>lexisse</strong></span> <span class='ocrx_word' id='word_1_257' title='bbox 510 3393 658 3459; x_wconf 89' lang='lat' dir='ltr'><strong>dicit,</strong></span> <span class='ocrx_word' id='word_1_258' title='bbox 688 3409 965 3466; x_wconf 88' lang='lat' dir='ltr'><strong>quousque</strong></span> <span class='ocrx_word' id='word_1_259' title='bbox 988 3412 1018 3450; x_wconf 89' lang='lat' dir='ltr'><strong>a</strong></span> <span class='ocrx_word' id='word_1_260' title='bbox 1047 3399 1271 3453; x_wconf 90' lang='lat' dir='ltr'><strong>mortuis</strong></span> <span class='ocrx_word' id='word_1_261' title='bbox 1293 3400 1598 3465; x_wconf 77' lang='lat' dir='ltr'><strong>resurrexit,</strong></span> <span class='ocrx_word' id='word_1_262' title='bbox 1633 3409 1848 3469; x_wconf 91' lang='lat' dir='ltr'><strong>tumque</strong></span> 
     </span>
    </p>
   </div>
   <div class='ocr_carea' id='block_1_35' title="bbox 282 3484 1848 3561">
    <p class='ocr_par' dir='ltr' id='par_1_35' title="bbox 282 3484 1848 3561">
     <span class='ocr_line' id='line_1_35' title="bbox 282 3484 1848 3561; baseline 0.004 -22"><span class='ocrx_word' id='word_1_263' title='bbox 282 3484 614 3539; x_wconf 66' lang='lat' dir='ltr'><strong>Crediderunt</strong></span> <span class='ocrx_word' id='word_1_264' title='bbox 655 3486 935 3558; x_wconf 74' lang='lat' dir='ltr'><strong>Scriptura</strong></span> <span class='ocrx_word' id='word_1_265' title='bbox 970 3505 1032 3543; x_wconf 87' lang='lat' dir='ltr'><strong>ac</strong></span> <span class='ocrx_word' id='word_1_266' title='bbox 1069 3491 1307 3559; x_wconf 79' lang='lat' dir='ltr'><strong>sermoni,</strong></span> <span class='ocrx_word' id='word_1_267' title='bbox 1349 3507 1493 3561; x_wconf 79' lang='lat' dir='ltr'><strong>quem</strong></span> <span class='ocrx_word' id='word_1_268' title='bbox 1534 3491 1660 3545; x_wconf 69' lang='lat' dir='ltr'><strong>dixit</strong></span> <span class='ocrx_word' id='word_1_269' title='bbox 1697 3490 1848 3546; x_wconf 74' lang='lat' dir='ltr'><strong>Iesus</strong></span> 
     </span>
    </p>
   </div>
   <div class='ocr_carea' id='block_1_36' title="bbox 281 3572 1049 3645">
    <p class='ocr_par' dir='ltr' id='par_1_36' title="bbox 281 3572 1049 3645">
     <span class='ocr_line' id='line_1_36' title="bbox 281 3572 1049 3645; baseline 0.007 -18"><span class='ocrx_word' id='word_1_270' title='bbox 281 3572 443 3640; x_wconf 62' lang='lat' dir='ltr'><strong>thid.</strong></span> <span class='ocrx_word' id='word_1_271' title='bbox 467 3593 515 3629; x_wconf 79' lang='grc' dir='ltr'><strong>υ.</strong></span> <span class='ocrx_word' id='word_1_272' title='bbox 542 3576 657 3645; x_wconf 74' lang='grc'><strong>22).</strong></span> <span class='ocrx_word' id='word_1_273' title='bbox 1044 3590 1049 3595; x_wconf 87' lang='grc'><strong>’</strong></span> 
     </span>
    </p>
   </div>
   <div class='ocr_carea' id='block_1_37' title="bbox 349 3664 1841 3740">
    <p class='ocr_par' dir='ltr' id='par_1_37' title="bbox 349 3664 1841 3740">
     <span class='ocr_line' id='line_1_37' title="bbox 349 3664 1841 3740; baseline 0.004 -23"><span class='ocrx_word' id='word_1_274' title='bbox 349 3664 405 3717; x_wconf 75' lang='lat'><strong>2.</strong></span> <span class='ocrx_word' id='word_1_275' title='bbox 448 3665 607 3720; x_wconf 77' lang='lat' dir='ltr'><strong>Vides</strong></span> <span class='ocrx_word' id='word_1_276' title='bbox 645 3676 835 3722; x_wconf 89' lang='lat' dir='ltr'><strong>eventu</strong></span> <span class='ocrx_word' id='word_1_277' title='bbox 876 3669 994 3724; x_wconf 87' lang='lat' dir='ltr'><strong>illos</strong></span> <span class='ocrx_word' id='word_1_278' title='bbox 1030 3669 1316 3740; x_wconf 74' lang='lat' dir='ltr'><strong>indiguisse</strong></span> <span class='ocrx_word' id='word_1_279' title='bbox 1345 3686 1544 3733; x_wconf 89' lang='lat' dir='ltr'><strong>rerum,</strong></span> <span class='ocrx_word' id='word_1_280' title='bbox 1572 3680 1628 3724; x_wconf 92' lang='lat' dir='ltr'><strong>ut</strong></span> <span class='ocrx_word' id='word_1_281' title='bbox 1656 3670 1841 3724; x_wconf 82' lang='lat' dir='ltr'><strong>diluci-</strong></span> 
     </span>
    </p>
   </div>
   <div class='ocr_carea' id='block_1_38' title="bbox 279 3752 1844 3828">
    <p class='ocr_par' dir='ltr' id='par_1_38' title="bbox 279 3752 1844 3828">
     <span class='ocr_line' id='line_1_38' title="bbox 279 3752 1844 3828; baseline 0.004 -20"><span class='ocrx_word' id='word_1_282' title='bbox 279 3752 397 3809; x_wconf 86' lang='lat' dir='ltr'><strong>dior</strong></span> <span class='ocrx_word' id='word_1_283' title='bbox 416 3754 570 3810; x_wconf 80' lang='lat' dir='ltr'><strong>ﬁeret</strong></span> <span class='ocrx_word' id='word_1_284' title='bbox 603 3756 897 3827; x_wconf 87' lang='lat' dir='ltr'><strong>prophetia,</strong></span> <span class='ocrx_word' id='word_1_285' title='bbox 920 3773 1091 3828; x_wconf 75' lang='lat' dir='ltr'><strong>neque</strong></span> <span class='ocrx_word' id='word_1_286' title='bbox 1113 3759 1317 3814; x_wconf 89' lang='lat' dir='ltr'><strong>crimini</strong></span> <span class='ocrx_word' id='word_1_287' title='bbox 1346 3760 1653 3814; x_wconf 88' lang='lat' dir='ltr'><strong>vertendum</strong></span> <span class='ocrx_word' id='word_1_288' title='bbox 1683 3760 1844 3814; x_wconf 89' lang='lat' dir='ltr'><strong>fuisse</strong></span> 
     </span>
    </p>
   </div>
   <div class='ocr_carea' id='block_1_39' title="bbox 277 3846 1843 3917">
    <p class='ocr_par' dir='ltr' id='par_1_39' title="bbox 277 3846 1843 3917">
     <span class='ocr_line' id='line_1_39' title="bbox 277 3846 1843 3917; baseline 0.004 -18"><span class='ocrx_word' id='word_1_289' title='bbox 277 3846 500 3909; x_wconf 68' lang='lat' dir='ltr'><strong>ludatis,</strong></span> <span class='ocrx_word' id='word_1_290' title='bbox 538 3847 679 3917; x_wconf 91' lang='lat' dir='ltr'><strong>quod</strong></span> <span class='ocrx_word' id='word_1_291' title='bbox 716 3849 1019 3917; x_wconf 86' lang='lat' dir='ltr'><strong>prophetias</strong></span> <span class='ocrx_word' id='word_1_292' title='bbox 1044 3850 1160 3904; x_wconf 85' lang='lat' dir='ltr'><strong>illas</strong></span> <span class='ocrx_word' id='word_1_293' title='bbox 1179 3851 1246 3905; x_wconf 95' lang='lat' dir='ltr'><strong>de</strong></span> <span class='ocrx_word' id='word_1_294' title='bbox 1268 3850 1479 3905; x_wconf 89' lang='lat' dir='ltr'><strong>Christo</strong></span> <span class='ocrx_word' id='word_1_295' title='bbox 1505 3861 1625 3905; x_wconf 85' lang='lat' dir='ltr'><strong>ante</strong></span> <span class='ocrx_word' id='word_1_296' title='bbox 1648 3851 1843 3906; x_wconf 89' lang='lat' dir='ltr'><strong>Christi</strong></span> 
     </span>
    </p>
   </div>
   <div class='ocr_carea' id='block_1_40' title="bbox 278 3935 1844 4009">
    <p class='ocr_par' dir='ltr' id='par_1_40' title="bbox 278 3935 1844 4009">
     <span class='ocr_line' id='line_1_40' title="bbox 278 3935 1844 4009; baseline 0.003 -20"><span class='ocrx_word' id='word_1_297' title='bbox 278 3935 566 3991; x_wconf 84' lang='lat' dir='ltr'><strong>adventum</strong></span> <span class='ocrx_word' id='word_1_298' title='bbox 590 3952 692 3991; x_wconf 92' lang='lat' dir='ltr'><strong>non</strong></span> <span class='ocrx_word' id='word_1_299' title='bbox 720 3938 1069 4008; x_wconf 72' lang='lat' dir='ltr'><strong>intelligerent</strong></span> <span class='ocrx_word' id='word_1_300' title='bbox 1083 3940 1107 3993; x_wconf 69' lang='grc' dir='ltr'><em>ἲ</em></span> <span class='ocrx_word' id='word_1_301' title='bbox 1120 3940 1385 4009; x_wconf 85' lang='lat' dir='ltr'><strong>Siquidem</strong></span> <span class='ocrx_word' id='word_1_302' title='bbox 1410 3956 1501 4009; x_wconf 90' lang='lat' dir='ltr'><strong>per</strong></span> <span class='ocrx_word' id='word_1_303' title='bbox 1520 3941 1634 4009; x_wconf 86' lang='lat' dir='ltr'><strong>ejus</strong></span> <span class='ocrx_word' id='word_1_304' title='bbox 1649 3940 1844 3996; x_wconf 81' lang='lat' dir='ltr'><strong>adven-</strong></span> 
     </span>
    </p>
   </div>
   <div class='ocr_carea' id='block_1_41' title="bbox 278 4027 1845 4100">
    <p class='ocr_par' dir='ltr' id='par_1_41' title="bbox 278 4027 1845 4100">
     <span class='ocr_line' id='line_1_41' title="bbox 278 4027 1845 4100; baseline 0.006 -23"><span class='ocrx_word' id='word_1_305' title='bbox 278 4035 391 4079; x_wconf 90' lang='lat' dir='ltr'><strong>tum</strong></span> <span class='ocrx_word' id='word_1_306' title='bbox 438 4027 595 4081; x_wconf 66' lang='lat' dir='ltr'><strong>clara:</strong></span> <span class='ocrx_word' id='word_1_307' title='bbox 638 4027 922 4083; x_wconf 73' lang='lat' dir='ltr'><strong>reddenda:</strong></span> <span class='ocrx_word' id='word_1_308' title='bbox 958 4028 1165 4084; x_wconf 90' lang='lat' dir='ltr'><strong>fuerant</strong></span> <span class='ocrx_word' id='word_1_309' title='bbox 1188 4040 1241 4085; x_wconf 92' lang='lat' dir='ltr'><strong>et</strong></span> <span class='ocrx_word' id='word_1_310' title='bbox 1274 4041 1491 4100; x_wconf 67' lang='lat' dir='ltr'><strong>apertae.</strong></span> <span class='ocrx_word' id='word_1_311' title='bbox 1522 4033 1656 4085; x_wconf 77' lang='lat' dir='ltr'><strong>Audi</strong></span> <span class='ocrx_word' id='word_1_312' title='bbox 1691 4030 1845 4087; x_wconf 85' lang='lat' dir='ltr'><strong>Chri-</strong></span> 
     </span>
    </p>
   </div>
   <div class='ocr_carea' id='block_1_42' title="bbox 277 4116 1843 4185">
    <p class='ocr_par' dir='ltr' id='par_1_42' title="bbox 277 4116 1843 4185">
     <span class='ocr_line' id='line_1_42' title="bbox 277 4116 1843 4185; baseline 0.004 -17"><span class='ocrx_word' id='word_1_313' title='bbox 277 4124 419 4168; x_wconf 89' lang='lat' dir='ltr'><strong>stum</strong></span> <span class='ocrx_word' id='word_1_314' title='bbox 469 4116 572 4170; x_wconf 90' lang='lat' dir='ltr'><strong>hoc</strong></span> <span class='ocrx_word' id='word_1_315' title='bbox 622 4116 927 4171; x_wconf 83' lang='lat' dir='ltr'><strong>dicentem:</strong></span> <span class='ocrx_word' id='word_1_316' title='bbox 968 4118 1031 4172; x_wconf 90' lang='lat' dir='ltr'><strong>Si</strong></span> <span class='ocrx_word' id='word_1_317' title='bbox 1075 4135 1175 4172; x_wconf 86' lang='lat' dir='ltr'><strong>non</strong></span> <span class='ocrx_word' id='word_1_318' title='bbox 1212 4121 1483 4185; x_wconf 77' lang='lat' dir='ltr'><strong>venissem,</strong></span> <span class='ocrx_word' id='word_1_319' title='bbox 1524 4130 1569 4173; x_wconf 91' lang='lat' dir='ltr'><strong>et</strong></span> <span class='ocrx_word' id='word_1_320' title='bbox 1609 4120 1843 4184; x_wconf 80' lang='lat' dir='ltr'><strong>loquutus</strong></span> 
     </span>
    </p>
   </div>
   <div class='ocr_carea' id='block_1_43' title="bbox 277 4202 1843 4279">
    <p class='ocr_par' dir='ltr' id='par_1_43' title="bbox 277 4202 1843 4279">
     <span class='ocr_line' id='line_1_43' title="bbox 277 4202 1843 4279; baseline 0.006 -24"><span class='ocrx_word' id='word_1_321' title='bbox 277 4202 485 4271; x_wconf 77' lang='lat' dir='ltr'><strong>fuissem</strong></span> <span class='ocrx_word' id='word_1_322' title='bbox 534 4203 625 4268; x_wconf 86' lang='lat' dir='ltr'><strong>eis,</strong></span> <span class='ocrx_word' id='word_1_323' title='bbox 671 4214 928 4271; x_wconf 80' lang='lat' dir='ltr'><strong>peccatum</strong></span> <span class='ocrx_word' id='word_1_324' title='bbox 975 4222 1078 4260; x_wconf 84' lang='lat' dir='ltr'><strong>non</strong></span> <span class='ocrx_word' id='word_1_325' title='bbox 1123 4207 1357 4262; x_wconf 77' lang='lat' dir='ltr'><strong>haberent</strong></span> <span class='ocrx_word' id='word_1_326' title='bbox 1386 4208 1562 4278; x_wconf 80' lang='lat' dir='ltr'><strong>(Joan.</strong></span> <span class='ocrx_word' id='word_1_327' title='bbox 1604 4210 1695 4264; x_wconf 74' lang='grc'><strong>15.</strong></span> <span class='ocrx_word' id='word_1_328' title='bbox 1724 4208 1843 4279; x_wconf 76' lang='grc'><strong>21).</strong></span> 
     </span>
    </p>
   </div>
   <div class='ocr_carea' id='block_1_44' title="bbox 276 4291 1841 4368">
    <p class='ocr_par' dir='ltr' id='par_1_44' title="bbox 276 4291 1841 4368">
     <span class='ocr_line' id='line_1_44' title="bbox 276 4291 1841 4368; baseline 0.006 -22"><span class='ocrx_word' id='word_1_329' title='bbox 276 4291 453 4357; x_wconf 86' lang='lat' dir='ltr'><strong>Quare</strong></span> <span class='ocrx_word' id='word_1_330' title='bbox 494 4303 767 4360; x_wconf 86' lang='lat' dir='ltr'><strong>peccatum</strong></span> <span class='ocrx_word' id='word_1_331' title='bbox 806 4308 913 4348; x_wconf 89' lang='lat' dir='ltr'><strong>non</strong></span> <span class='ocrx_word' id='word_1_332' title='bbox 942 4294 1224 4362; x_wconf 85' lang='lat' dir='ltr'><strong>habebant,</strong></span> <span class='ocrx_word' id='word_1_333' title='bbox 1255 4297 1300 4351; x_wconf 92' lang='lat' dir='ltr'><strong>si</strong></span> <span class='ocrx_word' id='word_1_334' title='bbox 1326 4297 1615 4367; x_wconf 72' lang='lat' dir='ltr'><strong>prophetia:</strong></span> <span class='ocrx_word' id='word_1_335' title='bbox 1648 4300 1841 4368; x_wconf 68' lang='lat' dir='ltr'><strong>prtedi-</strong></span> 
     </span>
    </p>
   </div>
   <div class='ocr_carea' id='block_1_45' title="bbox 275 4383 1840 4456">
    <p class='ocr_par' dir='ltr' id='par_1_45' title="bbox 275 4383 1840 4456">
     <span class='ocr_line' id='line_1_45' title="bbox 275 4383 1840 4456; baseline 0.005 -20"><span class='ocrx_word' id='word_1_336' title='bbox 275 4392 465 4436; x_wconf 88' lang='lat' dir='ltr'><strong>xerant</strong></span> <span class='ocrx_word' id='word_1_337' title='bbox 484 4384 507 4435; x_wconf 72' lang='lat' dir='ltr'><strong>t</strong></span> <span class='ocrx_word' id='word_1_338' title='bbox 527 4383 659 4451; x_wconf 84' lang='lat' dir='ltr'><strong>Quia</strong></span> <span class='ocrx_word' id='word_1_339' title='bbox 682 4385 1031 4453; x_wconf 69' lang='lat' dir='ltr'><strong>praedixerant</strong></span> <span class='ocrx_word' id='word_1_340' title='bbox 1050 4386 1278 4456; x_wconf 91' lang='lat' dir='ltr'><strong>quidem,</strong></span> <span class='ocrx_word' id='word_1_341' title='bbox 1304 4388 1396 4441; x_wconf 89' lang='lat' dir='ltr'><strong>sed</strong></span> <span class='ocrx_word' id='word_1_342' title='bbox 1428 4389 1716 4443; x_wconf 73' lang='lat' dir='ltr'><strong>manifesta:</strong></span> <span class='ocrx_word' id='word_1_343' title='bbox 1735 4405 1840 4444; x_wconf 91' lang='lat' dir='ltr'><strong>non</strong></span> 
     </span>
    </p>
   </div>
   <div class='ocr_carea' id='block_1_46' title="bbox 274 4479 1842 4550">
    <p class='ocr_par' dir='ltr' id='par_1_46' title="bbox 274 4479 1842 4550">
     <span class='ocr_line' id='line_1_46' title="bbox 274 4479 1842 4550; baseline 0.004 -22"><span class='ocrx_word' id='word_1_344' title='bbox 274 4486 430 4530; x_wconf 88' lang='lat' dir='ltr'><strong>erant</strong></span> <span class='ocrx_word' id='word_1_345' title='bbox 457 4492 628 4546; x_wconf 90' lang='lat' dir='ltr'><strong>neque</strong></span> <span class='ocrx_word' id='word_1_346' title='bbox 653 4479 809 4533; x_wconf 62' lang='lat' dir='ltr'><strong>clara;</strong></span> <span class='ocrx_word' id='word_1_347' title='bbox 832 4488 954 4534; x_wconf 89' lang='lat' dir='ltr'><strong>ante</strong></span> <span class='ocrx_word' id='word_1_348' title='bbox 981 4479 1119 4534; x_wconf 89' lang='lat' dir='ltr'><strong>illius</strong></span> <span class='ocrx_word' id='word_1_349' title='bbox 1141 4480 1425 4534; x_wconf 90' lang='lat' dir='ltr'><strong>adventum</strong></span> <span class='ocrx_word' id='word_1_350' title='bbox 1448 4481 1534 4550; x_wconf 90' lang='lat' dir='ltr'><strong>qui</strong></span> <span class='ocrx_word' id='word_1_351' title='bbox 1564 4480 1842 4548; x_wconf 74' lang='lat' dir='ltr'><strong>praedictus</strong></span> 
     </span>
    </p>
   </div>
   <div class='ocr_carea' id='block_1_47' title="bbox 276 4565 1839 4639">
    <p class='ocr_par' dir='ltr' id='par_1_47' title="bbox 276 4565 1839 4639">
     <span class='ocr_line' id='line_1_47' title="bbox 276 4565 1839 4639; baseline 0.004 -21"><span class='ocrx_word' id='word_1_352' title='bbox 276 4565 470 4619; x_wconf 86' lang='lat' dir='ltr'><strong>fuerat.</strong></span> <span class='ocrx_word' id='word_1_353' title='bbox 505 4566 636 4622; x_wconf 84' lang='lat' dir='ltr'><strong>Nam</strong></span> <span class='ocrx_word' id='word_1_354' title='bbox 675 4568 719 4623; x_wconf 93' lang='lat' dir='ltr'><strong>si</strong></span> <span class='ocrx_word' id='word_1_355' title='bbox 750 4579 861 4623; x_wconf 91' lang='lat' dir='ltr'><strong>tum</strong></span> <span class='ocrx_word' id='word_1_356' title='bbox 902 4584 1111 4639; x_wconf 91' lang='lat' dir='ltr'><strong>quoque</strong></span> <span class='ocrx_word' id='word_1_357' title='bbox 1149 4569 1439 4624; x_wconf 77' lang='lat' dir='ltr'><strong>manifesta:</strong></span> <span class='ocrx_word' id='word_1_358' title='bbox 1478 4570 1580 4624; x_wconf 90' lang='lat' dir='ltr'><strong>illis</strong></span> <span class='ocrx_word' id='word_1_359' title='bbox 1607 4581 1661 4624; x_wconf 90' lang='lat' dir='ltr'><strong>et</strong></span> <span class='ocrx_word' id='word_1_360' title='bbox 1686 4571 1839 4625; x_wconf 68' lang='lat' dir='ltr'><strong>clarae</strong></span> 
     </span>
    </p>
   </div>
   <div class='ocr_carea' id='block_1_48' title="bbox 274 4653 1840 4728">
    <p class='ocr_par' dir='ltr' id='par_1_48' title="bbox 274 4653 1840 4728">
     <span class='ocr_line' id='line_1_48' title="bbox 274 4653 1840 4728; baseline 0.005 -21"><span class='ocrx_word' id='word_1_361' title='bbox 274 4653 521 4720; x_wconf 84' lang='lat' dir='ltr'><strong>fuissent,</strong></span> <span class='ocrx_word' id='word_1_362' title='bbox 549 4655 687 4709; x_wconf 91' lang='lat' dir='ltr'><strong>haud</strong></span> <span class='ocrx_word' id='word_1_363' title='bbox 714 4656 931 4712; x_wconf 89' lang='lat' dir='ltr'><strong>dubium</strong></span> <span class='ocrx_word' id='word_1_364' title='bbox 958 4660 1084 4728; x_wconf 90' lang='lat' dir='ltr'><strong>quin</strong></span> <span class='ocrx_word' id='word_1_365' title='bbox 1118 4661 1275 4713; x_wconf 85' lang='lat' dir='ltr'><strong>etiam</strong></span> <span class='ocrx_word' id='word_1_366' title='bbox 1300 4668 1426 4714; x_wconf 85' lang='lat' dir='ltr'><strong>ante</strong></span> <span class='ocrx_word' id='word_1_367' title='bbox 1452 4660 1615 4728; x_wconf 87' lang='lat' dir='ltr'><strong>ipsius</strong></span> <span class='ocrx_word' id='word_1_368' title='bbox 1639 4661 1840 4715; x_wconf 86' lang='lat' dir='ltr'><strong>adven-</strong></span> 
     </span>
    </p>
   </div>
   <div class='ocr_carea' id='block_1_49' title="bbox 276 4747 1838 4819">
    <p class='ocr_par' dir='ltr' id='par_1_49' title="bbox 276 4747 1838 4819">
     <span class='ocr_line' id='line_1_49' title="bbox 276 4747 1838 4819; baseline 0.005 -20"><span class='ocrx_word' id='word_1_369' title='bbox 276 4756 388 4799; x_wconf 90' lang='lat' dir='ltr'><strong>tum</strong></span> <span class='ocrx_word' id='word_1_370' title='bbox 434 4755 705 4814; x_wconf 87' lang='lat' dir='ltr'><strong>peccatum</strong></span> <span class='ocrx_word' id='word_1_371' title='bbox 760 4747 1112 4803; x_wconf 85' lang='lat' dir='ltr'><strong>habuissent:</strong></span> <span class='ocrx_word' id='word_1_372' title='bbox 1163 4749 1302 4819; x_wconf 90' lang='lat' dir='ltr'><strong>quod</strong></span> <span class='ocrx_word' id='word_1_373' title='bbox 1340 4751 1383 4803; x_wconf 89' lang='lat' dir='ltr'><strong>si</strong></span> <span class='ocrx_word' id='word_1_374' title='bbox 1421 4760 1692 4819; x_wconf 88' lang='lat' dir='ltr'><strong>peccatum</strong></span> <span class='ocrx_word' id='word_1_375' title='bbox 1734 4768 1838 4808; x_wconf 92' lang='lat' dir='ltr'><strong>non</strong></span> 
     </span>
    </p>
   </div>
   <div class='ocr_carea' id='block_1_50' title="bbox 277 4837 1840 4910">
    <p class='ocr_par' dir='ltr' id='par_1_50' title="bbox 277 4837 1840 4910">
     <span class='ocr_line' id='line_1_50' title="bbox 277 4837 1840 4910; baseline 0.004 -19"><span class='ocrx_word' id='word_1_376' title='bbox 277 4837 611 4903; x_wconf 89' lang='lat' dir='ltr'><strong>habuerunt,</strong></span> <span class='ocrx_word' id='word_1_377' title='bbox 638 4838 852 4894; x_wconf 91' lang='lat' dir='ltr'><strong>dubium</strong></span> <span class='ocrx_word' id='word_1_378' title='bbox 880 4853 985 4895; x_wconf 88' lang='lat' dir='ltr'><strong>non</strong></span> <span class='ocrx_word' id='word_1_379' title='bbox 1010 4848 1121 4904; x_wconf 90' lang='lat' dir='ltr'><strong>est,</strong></span> <span class='ocrx_word' id='word_1_380' title='bbox 1150 4842 1274 4909; x_wconf 91' lang='lat' dir='ltr'><strong>quin</strong></span> <span class='ocrx_word' id='word_1_381' title='bbox 1301 4849 1516 4910; x_wconf 89' lang='lat' dir='ltr'><strong>propter</strong></span> <span class='ocrx_word' id='word_1_382' title='bbox 1538 4857 1718 4895; x_wconf 87' lang='lat' dir='ltr'><strong>earum</strong></span> <span class='ocrx_word' id='word_1_383' title='bbox 1746 4844 1840 4897; x_wconf 93' lang='lat' dir='ltr'><strong>ob-</strong></span> 
     </span>
    </p>
   </div>
   <div class='ocr_carea' id='block_1_51' title="bbox 275 4926 1831 4997">
    <p class='ocr_par' dir='ltr' id='par_1_51' title="bbox 275 4926 1831 4997">
     <span class='ocr_line' id='line_1_51' title="bbox 275 4926 1831 4997; baseline 0.001 -15"><span class='ocrx_word' id='word_1_384' title='bbox 275 4926 604 4990; x_wconf 90' lang='lat' dir='ltr'><strong>scuritatem,</strong></span> <span class='ocrx_word' id='word_1_385' title='bbox 632 4936 685 4981; x_wconf 89' lang='lat' dir='ltr'><strong>et</strong></span> <span class='ocrx_word' id='word_1_386' title='bbox 715 4928 962 4997; x_wconf 87' lang='lat' dir='ltr'><strong>quoniam</strong></span> <span class='ocrx_word' id='word_1_387' title='bbox 984 4926 1191 4982; x_wconf 89' lang='lat' dir='ltr'><strong>obtecta</strong></span> <span class='ocrx_word' id='word_1_388' title='bbox 1219 4926 1424 4982; x_wconf 88' lang='lat' dir='ltr'><strong>fuerant</strong></span> <span class='ocrx_word' id='word_1_389' title='bbox 1448 4944 1565 4996; x_wconf 67' lang='lat' dir='ltr'><strong>qua;</strong></span> <span class='ocrx_word' id='word_1_390' title='bbox 1589 4929 1831 4984; x_wconf 64' lang='lat' dir='ltr'><strong>dicebano</strong></span> 
     </span>
    </p>
   </div>
   <div class='ocr_carea' id='block_1_52' title="bbox 276 5014 1839 5083">
    <p class='ocr_par' dir='ltr' id='par_1_52' title="bbox 276 5014 1839 5083">
     <span class='ocr_line' id='line_1_52' title="bbox 276 5014 1839 5083; baseline 0.003 -14"><span class='ocrx_word' id='word_1_391' title='bbox 276 5028 383 5070; x_wconf 91' lang='lat' dir='ltr'><strong>tur.</strong></span> <span class='ocrx_word' id='word_1_392' title='bbox 405 5014 587 5083; x_wconf 81' lang='lat' dir='ltr'><strong>Neque</strong></span> <span class='ocrx_word' id='word_1_393' title='bbox 606 5016 747 5071; x_wconf 90' lang='lat' dir='ltr'><strong>enim</strong></span> <span class='ocrx_word' id='word_1_394' title='bbox 771 5026 894 5073; x_wconf 90' lang='lat' dir='ltr'><strong>ante</strong></span> <span class='ocrx_word' id='word_1_395' title='bbox 911 5018 1107 5073; x_wconf 83' lang='lat' dir='ltr'><strong>Christi</strong></span> <span class='ocrx_word' id='word_1_396' title='bbox 1137 5018 1417 5072; x_wconf 85' lang='lat' dir='ltr'><strong>adventum</strong></span> <span class='ocrx_word' id='word_1_397' title='bbox 1444 5018 1578 5072; x_wconf 81' lang='lat' dir='ltr'><strong>fides</strong></span> <span class='ocrx_word' id='word_1_398' title='bbox 1604 5020 1655 5072; x_wconf 88' lang='lat' dir='ltr'><strong>ia</strong></span> <span class='ocrx_word' id='word_1_399' title='bbox 1686 5019 1839 5073; x_wconf 88' lang='lat' dir='ltr'><strong>Chri-</strong></span> 
     </span>
    </p>
   </div>
   <div class='ocr_carea' id='block_1_53' title="bbox 274 5106 1836 5177">
    <p class='ocr_par' dir='ltr' id='par_1_53' title="bbox 274 5106 1836 5177">
     <span class='ocr_line' id='line_1_53' title="bbox 274 5106 1836 5177; baseline 0.001 -16"><span class='ocrx_word' id='word_1_400' title='bbox 274 5120 418 5162; x_wconf 89' lang='lat' dir='ltr'><strong>stum</strong></span> <span class='ocrx_word' id='word_1_401' title='bbox 448 5106 515 5161; x_wconf 83' lang='lat' dir='ltr'><strong>ab</strong></span> <span class='ocrx_word' id='word_1_402' title='bbox 539 5107 643 5161; x_wconf 87' lang='lat' dir='ltr'><strong>illis</strong></span> <span class='ocrx_word' id='word_1_403' title='bbox 663 5107 989 5177; x_wconf 80' lang='lat' dir='ltr'><strong>exigebatur.</strong></span> <span class='ocrx_word' id='word_1_404' title='bbox 1018 5108 1125 5163; x_wconf 92' lang='lat' dir='ltr'><strong>Cur</strong></span> <span class='ocrx_word' id='word_1_405' title='bbox 1162 5108 1340 5177; x_wconf 89' lang='lat' dir='ltr'><strong>itaque</strong></span> <span class='ocrx_word' id='word_1_406' title='bbox 1372 5117 1482 5163; x_wconf 91' lang='lat' dir='ltr'><strong>tum</strong></span> <span class='ocrx_word' id='word_1_407' title='bbox 1515 5110 1836 5177; x_wconf 67' lang='lat' dir='ltr'><strong>prmdiceba-</strong></span> 
     </span>
    </p>
   </div>
   <div class='ocr_carea' id='block_1_54' title="bbox 276 5197 1835 5265">
    <p class='ocr_par' dir='ltr' id='par_1_54' title="bbox 276 5197 1835 5265">
     <span class='ocr_line' id='line_1_54' title="bbox 276 5197 1835 5265; baseline 0.002 -13"><span class='ocrx_word' id='word_1_408' title='bbox 276 5207 363 5252; x_wconf 88' lang='lat' dir='ltr'><strong>tur</strong></span> <span class='ocrx_word' id='word_1_409' title='bbox 388 5198 413 5251; x_wconf 79' lang='lat'><strong>?</strong></span> <span class='ocrx_word' id='word_1_410' title='bbox 438 5197 507 5253; x_wconf 88' lang='lat' dir='ltr'><strong>Ut</strong></span> <span class='ocrx_word' id='word_1_411' title='bbox 532 5213 651 5253; x_wconf 91' lang='lat' dir='ltr'><strong>cum</strong></span> <span class='ocrx_word' id='word_1_412' title='bbox 678 5199 1013 5265; x_wconf 87' lang='lat' dir='ltr'><strong>advenisset,</strong></span> <span class='ocrx_word' id='word_1_413' title='bbox 1041 5201 1361 5255; x_wconf 82' lang='lat' dir='ltr'><strong>domesticos</strong></span> <span class='ocrx_word' id='word_1_414' title='bbox 1400 5198 1644 5255; x_wconf 89' lang='lat' dir='ltr'><strong>doctores</strong></span> <span class='ocrx_word' id='word_1_415' title='bbox 1674 5200 1835 5255; x_wconf 87' lang='lat' dir='ltr'><strong>habe—</strong></span> 
     </span>
    </p>
   </div>
   <div class='ocr_carea' id='block_1_55' title="bbox 274 5290 1833 5359">
    <p class='ocr_par' dir='ltr' id='par_1_55' title="bbox 274 5290 1833 5359">
     <span class='ocr_line' id='line_1_55' title="bbox 274 5290 1833 5359; baseline -0.001 -14"><span class='ocrx_word' id='word_1_416' title='bbox 274 5299 395 5345; x_wconf 86' lang='lat' dir='ltr'><strong>rent</strong></span> <span class='ocrx_word' id='word_1_417' title='bbox 416 5304 448 5343; x_wconf 85' lang='lat' dir='ltr'><strong>a</strong></span> <span class='ocrx_word' id='word_1_418' title='bbox 471 5290 661 5359; x_wconf 84' lang='lat' dir='ltr'><strong>quibus</strong></span> <span class='ocrx_word' id='word_1_419' title='bbox 683 5290 1044 5357; x_wconf 88' lang='lat' dir='ltr'><strong>incitarentur,</strong></span> <span class='ocrx_word' id='word_1_420' title='bbox 1062 5300 1117 5345; x_wconf 90' lang='lat' dir='ltr'><strong>et</strong></span> <span class='ocrx_word' id='word_1_421' title='bbox 1137 5291 1489 5359; x_wconf 82' lang='lat' dir='ltr'><strong>intelligerent</strong></span> <span class='ocrx_word' id='word_1_422' title='bbox 1511 5306 1621 5345; x_wconf 91' lang='lat' dir='ltr'><strong>rem</strong></span> <span class='ocrx_word' id='word_1_423' title='bbox 1649 5304 1833 5343; x_wconf 88' lang='lat' dir='ltr'><strong>novam</strong></span> 
     </span>
    </p>
   </div>
   <div class='ocr_carea' id='block_1_56' title="bbox 272 5380 1837 5451">
    <p class='ocr_par' dir='ltr' id='par_1_56' title="bbox 272 5380 1837 5451">
     <span class='ocr_line' id='line_1_56' title="bbox 272 5380 1837 5451; baseline -0.002 -15"><span class='ocrx_word' id='word_1_424' title='bbox 272 5396 378 5436; x_wconf 92' lang='lat' dir='ltr'><strong>non</strong></span> <span class='ocrx_word' id='word_1_425' title='bbox 412 5394 534 5436; x_wconf 85' lang='lat' dir='ltr'><strong>esse</strong></span> <span class='ocrx_word' id='word_1_426' title='bbox 562 5396 680 5451; x_wconf 74' lang='lat' dir='ltr'><strong>qua:</strong></span> <span class='ocrx_word' id='word_1_427' title='bbox 714 5380 1050 5450; x_wconf 88' lang='lat' dir='ltr'><strong>gerebantur,</strong></span> <span class='ocrx_word' id='word_1_428' title='bbox 1076 5396 1249 5451; x_wconf 90' lang='lat' dir='ltr'><strong>neque</strong></span> <span class='ocrx_word' id='word_1_429' title='bbox 1275 5391 1541 5437; x_wconf 88' lang='lat' dir='ltr'><strong>recentem</strong></span> <span class='ocrx_word' id='word_1_430' title='bbox 1566 5381 1837 5450; x_wconf 87' lang='lat' dir='ltr'><strong>dispensa-</strong></span> 
     </span>
    </p>
   </div>
   <div class='ocr_carea' id='block_1_57' title="bbox 272 5470 1834 5526">
    <p class='ocr_par' dir='ltr' id='par_1_57' title="bbox 272 5470 1834 5526">
     <span class='ocr_line' id='line_1_57' title="bbox 272 5470 1834 5526; baseline 0 -1"><span class='ocrx_word' id='word_1_431' title='bbox 272 5471 492 5526; x_wconf 88' lang='lat' dir='ltr'><strong>tionem.</strong></span> <span class='ocrx_word' id='word_1_432' title='bbox 521 5471 616 5525; x_wconf 89' lang='lat' dir='ltr'><strong>sed</strong></span> <span class='ocrx_word' id='word_1_433' title='bbox 666 5471 780 5525; x_wconf 60' lang='lat' dir='ltr'><strong>haec</strong></span> <span class='ocrx_word' id='word_1_434' title='bbox 816 5470 941 5525; x_wconf 87' lang='lat' dir='ltr'><strong>olim</strong></span> <span class='ocrx_word' id='word_1_435' title='bbox 977 5478 1031 5525; x_wconf 90' lang='lat' dir='ltr'><strong>et</strong></span> <span class='ocrx_word' id='word_1_436' title='bbox 1070 5480 1194 5526; x_wconf 90' lang='lat' dir='ltr'><strong>ante</strong></span> <span class='ocrx_word' id='word_1_437' title='bbox 1233 5472 1425 5525; x_wconf 90' lang='lat' dir='ltr'><strong>multos</strong></span> <span class='ocrx_word' id='word_1_438' title='bbox 1469 5486 1637 5525; x_wconf 90' lang='lat' dir='ltr'><strong>annos</strong></span> <span class='ocrx_word' id='word_1_439' title='bbox 1674 5471 1834 5525; x_wconf 89' lang='lat' dir='ltr'><strong>fuisse</strong></span> 
     </span>
    </p>
   </div>
   <div class='ocr_carea' id='block_1_58' title="bbox 271 5559 1834 5629">
    <p class='ocr_par' dir='ltr' id='par_1_58' title="bbox 271 5559 1834 5629">
     <span class='ocr_line' id='line_1_58' title="bbox 271 5559 1834 5629; baseline 0.001 -16"><span class='ocrx_word' id='word_1_440' title='bbox 271 5569 617 5629; x_wconf 59' lang='lat' dir='ltr'><strong>pranunttsta</strong></span> <span class='ocrx_word' id='word_1_441' title='bbox 647 5576 663 5612; x_wconf 92' lang='lat'><strong>:</strong></span> <span class='ocrx_word' id='word_1_442' title='bbox 694 5559 745 5613; x_wconf 91' lang='lat' dir='ltr'><strong>id</strong></span> <span class='ocrx_word' id='word_1_443' title='bbox 772 5559 909 5629; x_wconf 88' lang='lat' dir='ltr'><strong>quod</strong></span> <span class='ocrx_word' id='word_1_444' title='bbox 937 5574 1040 5615; x_wconf 92' lang='lat' dir='ltr'><strong>non</strong></span> <span class='ocrx_word' id='word_1_445' title='bbox 1080 5560 1415 5617; x_wconf 82' lang='lat' dir='ltr'><strong>mediocriter</strong></span> <span class='ocrx_word' id='word_1_446' title='bbox 1438 5561 1602 5614; x_wconf 88' lang='lat' dir='ltr'><strong>valuit</strong></span> <span class='ocrx_word' id='word_1_447' title='bbox 1624 5559 1688 5613; x_wconf 89' lang='lat' dir='ltr'><strong>ad</strong></span> <span class='ocrx_word' id='word_1_448' title='bbox 1716 5559 1834 5615; x_wconf 89' lang='lat' dir='ltr'><strong>illos</strong></span> 
     </span>
    </p>
   </div>
   <div class='ocr_carea' id='block_1_59' title="bbox 264 5649 1831 5721">
    <p class='ocr_par' dir='ltr' id='par_1_59' title="bbox 264 5649 1831 5721">
     <span class='ocr_line' id='line_1_59' title="bbox 264 5649 1831 5721; baseline -0.003 -13"><span class='ocrx_word' id='word_1_449' title='bbox 264 5651 505 5708; x_wconf 75' lang='lat' dir='ltr'><strong>adﬁdem</strong></span> <span class='ocrx_word' id='word_1_450' title='bbox 537 5649 869 5707; x_wconf 85' lang='lat' dir='ltr'><strong>alliciendos.</strong></span> <span class='ocrx_word' id='word_1_451' title='bbox 892 5650 1015 5706; x_wconf 72' lang='lat' dir='ltr'><strong>Haec</strong></span> <span class='ocrx_word' id='word_1_452' title='bbox 1031 5651 1188 5721; x_wconf 91' lang='lat' dir='ltr'><strong>igitur</strong></span> <span class='ocrx_word' id='word_1_453' title='bbox 1216 5667 1317 5705; x_wconf 90' lang='lat' dir='ltr'><strong>una</strong></span> <span class='ocrx_word' id='word_1_454' title='bbox 1344 5660 1429 5707; x_wconf 91' lang='lat' dir='ltr'><strong>est</strong></span> <span class='ocrx_word' id='word_1_455' title='bbox 1452 5666 1612 5706; x_wconf 86' lang='lat' dir='ltr'><strong>causa</strong></span> <span class='ocrx_word' id='word_1_456' title='bbox 1639 5650 1831 5705; x_wconf 81' lang='lat' dir='ltr'><strong>obscu—</strong></span> 
     </span>
    </p>
   </div>
   <div class='ocr_carea' id='block_1_60' title="bbox 263 5743 1830 5817">
    <p class='ocr_par' dir='ltr' id='par_1_60' title="bbox 263 5743 1830 5817">
     <span class='ocr_line' id='line_1_60' title="bbox 263 5743 1830 5817; baseline -0.002 -15"><span class='ocrx_word' id='word_1_457' title='bbox 263 5747 429 5803; x_wconf 84' lang='lat' dir='ltr'><strong>ritatis</strong></span> <span class='ocrx_word' id='word_1_458' title='bbox 451 5788 467 5817; x_wconf 92' lang='lat'><strong>,</strong></span> <span class='ocrx_word' id='word_1_459' title='bbox 497 5760 660 5816; x_wconf 87' lang='lat' dir='ltr'><strong>quam</strong></span> <span class='ocrx_word' id='word_1_460' title='bbox 688 5743 928 5814; x_wconf 86' lang='lat' dir='ltr'><strong>pluribus</strong></span> <span class='ocrx_word' id='word_1_461' title='bbox 950 5744 1265 5800; x_wconf 71' lang='lat' dir='ltr'><strong>testimoniis</strong></span> <span class='ocrx_word' id='word_1_462' title='bbox 1299 5744 1352 5799; x_wconf 91' lang='lat' dir='ltr'><strong>in</strong></span> <span class='ocrx_word' id='word_1_463' title='bbox 1382 5744 1695 5815; x_wconf 74' lang='lat' dir='ltr'><strong>pmeedeati</strong></span> <span class='ocrx_word' id='word_1_464' title='bbox 1719 5758 1830 5800; x_wconf 86' lang='lat' dir='ltr'><strong>ser-</strong></span> 
     </span>
    </p>
   </div>
   <div class='ocr_carea' id='block_1_61' title="bbox 1268 391 2549 455">
    <p class='ocr_par' dir='ltr' id='par_1_61' title="bbox 1268 391 2549 455">
     <span class='ocr_line' id='line_1_61' title="bbox 1268 391 2549 455; baseline 0.006 -8"><span class='ocrx_word' id='word_1_465' title='bbox 1268 391 1356 448; x_wconf 82' lang='lat' dir='ltr'><strong>DE</strong></span> <span class='ocrx_word' id='word_1_466' title='bbox 1394 391 1918 448; x_wconf 75' lang='lat' dir='ltr'><strong>PROPHETIARUM</strong></span> <span class='ocrx_word' id='word_1_467' title='bbox 1959 392 2441 455; x_wconf 79' lang='lat' dir='ltr'><strong>OBSCURITATE.</strong></span> <span class='ocrx_word' id='word_1_468' title='bbox 2486 399 2549 454; x_wconf 79' lang='lat' dir='ltr'><strong>ll.</strong></span> 
     </span>
    </p>
   </div>
   <div class='ocr_carea' id='block_1_62' title="bbox 3450 428 3563 482">
    <p class='ocr_par' dir='ltr' id='par_1_62' title="bbox 3450 428 3563 482">
     <span class='ocr_line' id='line_1_62' title="bbox 3450 428 3563 482; baseline 0.027 -3"><span class='ocrx_word' id='word_1_469' title='bbox 3450 428 3563 482; x_wconf 86' lang='grc'><strong>178</strong></span> 
     </span>
    </p>
   </div>
   <div class='ocr_carea' id='block_1_63' title="bbox 1986 507 3543 578">
    <p class='ocr_par' dir='ltr' id='par_1_63' title="bbox 1986 507 3543 578">
     <span class='ocr_line' id='line_1_63' title="bbox 1986 507 3543 578; baseline 0.013 -20"><span class='ocrx_word' id='word_1_470' title='bbox 1986 519 2143 562; x_wconf 89' lang='lat' dir='ltr'><strong>mone</strong></span> <span class='ocrx_word' id='word_1_471' title='bbox 2168 507 2661 566; x_wconf 83' lang='lat' dir='ltr'><strong>demonstravimus.</strong></span> <span class='ocrx_word' id='word_1_472' title='bbox 2705 513 2779 567; x_wconf 84' lang='lat' dir='ltr'><strong>Ne</strong></span> <span class='ocrx_word' id='word_1_473' title='bbox 2806 529 2933 569; x_wconf 81' lang='lat' dir='ltr'><strong>vero</strong></span> <span class='ocrx_word' id='word_1_474' title='bbox 2962 515 3224 572; x_wconf 85' lang='lat' dir='ltr'><strong>fastidium</strong></span> <span class='ocrx_word' id='word_1_475' title='bbox 3248 520 3399 576; x_wconf 81' lang='lat' dir='ltr'><strong>vobis</strong></span> <span class='ocrx_word' id='word_1_476' title='bbox 3424 538 3543 578; x_wconf 78' lang='lat' dir='ltr'><strong>rur-</strong></span> 
     </span>
    </p>
   </div>
   <div class='ocr_carea' id='block_1_64' title="bbox 1984 599 3538 677">
    <p class='ocr_par' dir='ltr' id='par_1_64' title="bbox 1984 599 3538 677">
     <span class='ocr_line' id='line_1_64' title="bbox 1984 599 3538 677; baseline 0.01 -27"><span class='ocrx_word' id='word_1_477' title='bbox 1984 610 2073 650; x_wconf 89' lang='lat' dir='ltr'><strong>sus</strong></span> <span class='ocrx_word' id='word_1_478' title='bbox 2103 599 2382 664; x_wconf 88' lang='lat' dir='ltr'><strong>pariamus,</strong></span> <span class='ocrx_word' id='word_1_479' title='bbox 2404 602 2451 653; x_wconf 92' lang='lat' dir='ltr'><strong>si</strong></span> <span class='ocrx_word' id='word_1_480' title='bbox 2480 600 2662 655; x_wconf 85' lang='lat' dir='ltr'><strong>eadem</strong></span> <span class='ocrx_word' id='word_1_481' title='bbox 2693 601 2950 669; x_wconf 85' lang='lat' dir='ltr'><strong>dicamus,</strong></span> <span class='ocrx_word' id='word_1_482' title='bbox 2980 620 3155 676; x_wconf 80' lang='lat' dir='ltr'><strong>operae</strong></span> <span class='ocrx_word' id='word_1_483' title='bbox 3184 620 3406 677; x_wconf 79' lang='lat' dir='ltr'><strong>pretium</strong></span> <span class='ocrx_word' id='word_1_484' title='bbox 3432 611 3538 667; x_wconf 80' lang='lat' dir='ltr'><strong>fae-</strong></span> 
     </span>
    </p>
   </div>
   <div class='ocr_carea' id='block_1_65' title="bbox 1981 686 3537 769">
    <p class='ocr_par' dir='ltr' id='par_1_65' title="bbox 1981 686 3537 769">
     <span class='ocr_line' id='line_1_65' title="bbox 1981 686 3537 769; baseline 0.013 -32"><span class='ocrx_word' id='word_1_485' title='bbox 1981 686 2050 739; x_wconf 90' lang='lat' dir='ltr'><strong>rit</strong></span> <span class='ocrx_word' id='word_1_486' title='bbox 2080 686 2148 740; x_wconf 92' lang='lat' dir='ltr'><strong>ab</strong></span> <span class='ocrx_word' id='word_1_487' title='bbox 2176 704 2235 741; x_wconf 88' lang='lat' dir='ltr'><strong>ea</strong></span> <span class='ocrx_word' id='word_1_488' title='bbox 2261 689 2548 755; x_wconf 88' lang='lat' dir='ltr'><strong>discedere,</strong></span> <span class='ocrx_word' id='word_1_489' title='bbox 2579 702 2735 761; x_wconf 81' lang='lat' dir='ltr'><strong>atque</strong></span> <span class='ocrx_word' id='word_1_490' title='bbox 2759 694 2974 749; x_wconf 85' lang='lat' dir='ltr'><strong>alteram</strong></span> <span class='ocrx_word' id='word_1_491' title='bbox 3000 698 3257 765; x_wconf 88' lang='lat' dir='ltr'><strong>proferre,</strong></span> <span class='ocrx_word' id='word_1_492' title='bbox 3285 717 3401 769; x_wconf 66' lang='lat' dir='ltr'><strong>qua:</strong></span> <span class='ocrx_word' id='word_1_493' title='bbox 3430 718 3537 760; x_wconf 91' lang='lat' dir='ltr'><strong>non</strong></span> 
     </span>
    </p>
   </div>
   <div class='ocr_carea' id='block_1_66' title="bbox 1977 772 3534 848">
    <p class='ocr_par' dir='ltr' id='par_1_66' title="bbox 1977 772 3534 848">
     <span class='ocr_line' id='line_1_66' title="bbox 1977 772 3534 848; baseline 0.013 -23"><span class='ocrx_word' id='word_1_494' title='bbox 1977 772 2083 840; x_wconf 85' lang='lat' dir='ltr'><strong>jam</strong></span> <span class='ocrx_word' id='word_1_495' title='bbox 2112 777 2389 831; x_wconf 87' lang='lat' dir='ltr'><strong>obscurum</strong></span> <span class='ocrx_word' id='word_1_496' title='bbox 2414 790 2468 833; x_wconf 91' lang='lat' dir='ltr'><strong>et</strong></span> <span class='ocrx_word' id='word_1_497' title='bbox 2496 781 2725 848; x_wconf 89' lang='lat' dir='ltr'><strong>ignotum</strong></span> <span class='ocrx_word' id='word_1_498' title='bbox 2752 822 2768 846; x_wconf 92' lang='lat'><strong>,</strong></span> <span class='ocrx_word' id='word_1_499' title='bbox 2793 784 2890 837; x_wconf 91' lang='lat' dir='ltr'><strong>sed</strong></span> <span class='ocrx_word' id='word_1_500' title='bbox 2928 785 3194 841; x_wconf 79' lang='lat' dir='ltr'><strong>difﬁcilius</strong></span> <span class='ocrx_word' id='word_1_501' title='bbox 3219 789 3534 845; x_wconf 85' lang='lat' dir='ltr'><strong>Testamen-</strong></span> 
     </span>
    </p>
   </div>
   <div class='ocr_carea' id='block_1_67' title="bbox 1982 866 3531 935">
    <p class='ocr_par' dir='ltr' id='par_1_67' title="bbox 1982 866 3531 935">
     <span class='ocr_line' id='line_1_67' title="bbox 1982 866 3531 935; baseline 0.012 -18"><span class='ocrx_word' id='word_1_502' title='bbox 1982 874 2088 919; x_wconf 88' lang='lat' dir='ltr'><strong>tum</strong></span> <span class='ocrx_word' id='word_1_503' title='bbox 2116 866 2276 921; x_wconf 82' lang='lat' dir='ltr'><strong>Vetus</strong></span> <span class='ocrx_word' id='word_1_504' title='bbox 2303 869 2481 922; x_wconf 85' lang='lat' dir='ltr'><strong>efficit.</strong></span> <span class='ocrx_word' id='word_1_505' title='bbox 2510 870 2663 924; x_wconf 82' lang='lat' dir='ltr'><strong>Aliud</strong></span> <span class='ocrx_word' id='word_1_506' title='bbox 2685 872 2823 925; x_wconf 86' lang='lat' dir='ltr'><strong>enim</strong></span> <span class='ocrx_word' id='word_1_507' title='bbox 2844 884 2925 927; x_wconf 88' lang='lat' dir='ltr'><strong>est</strong></span> <span class='ocrx_word' id='word_1_508' title='bbox 2949 875 3077 929; x_wconf 88' lang='lat' dir='ltr'><strong>nihil</strong></span> <span class='ocrx_word' id='word_1_509' title='bbox 3103 878 3319 932; x_wconf 90' lang='lat' dir='ltr'><strong>omnino</strong></span> <span class='ocrx_word' id='word_1_510' title='bbox 3347 895 3531 935; x_wconf 91' lang='lat' dir='ltr'><strong>eorum</strong></span> 
     </span>
    </p>
   </div>
   <div class='ocr_carea' id='block_1_68' title="bbox 1977 960 3528 1034">
    <p class='ocr_par' dir='ltr' id='par_1_68' title="bbox 1977 960 3528 1034">
     <span class='ocr_line' id='line_1_68' title="bbox 1977 960 3528 1034; baseline 0.011 -26"><span class='ocrx_word' id='word_1_511' title='bbox 1977 970 2169 1021; x_wconf 91' lang='lat' dir='ltr'><strong>nosse,</strong></span> <span class='ocrx_word' id='word_1_512' title='bbox 2209 974 2323 1026; x_wconf 69' lang='lat' dir='ltr'><strong>qua:</strong></span> <span class='ocrx_word' id='word_1_513' title='bbox 2350 960 2555 1024; x_wconf 90' lang='lat' dir='ltr'><strong>insunt,</strong></span> <span class='ocrx_word' id='word_1_514' title='bbox 2584 969 2636 1014; x_wconf 91' lang='lat' dir='ltr'><strong>et</strong></span> <span class='ocrx_word' id='word_1_515' title='bbox 2659 962 2894 1017; x_wconf 89' lang='lat' dir='ltr'><strong>velamen</strong></span> <span class='ocrx_word' id='word_1_516' title='bbox 2936 964 3237 1034; x_wconf 88' lang='lat' dir='ltr'><strong>impositum</strong></span> <span class='ocrx_word' id='word_1_517' title='bbox 3265 984 3528 1025; x_wconf 89' lang='lat' dir='ltr'><strong>cernere:</strong></span> 
     </span>
    </p>
   </div>
   <div class='ocr_carea' id='block_1_69' title="bbox 1976 1045 3532 1122">
    <p class='ocr_par' dir='ltr' id='par_1_69' title="bbox 1976 1045 3532 1122">
     <span class='ocr_line' id='line_1_69' title="bbox 1976 1045 3532 1122; baseline 0.014 -27"><span class='ocrx_word' id='word_1_518' title='bbox 1976 1045 2115 1098; x_wconf 89' lang='lat' dir='ltr'><strong>aliud</strong></span> <span class='ocrx_word' id='word_1_519' title='bbox 2144 1056 2319 1101; x_wconf 91' lang='lat' dir='ltr'><strong>autem</strong></span> <span class='ocrx_word' id='word_1_520' title='bbox 2346 1049 2582 1105; x_wconf 91' lang='lat' dir='ltr'><strong>invenire</strong></span> <span class='ocrx_word' id='word_1_521' title='bbox 2617 1066 2735 1120; x_wconf 66' lang='lat' dir='ltr'><strong>quae</strong></span> <span class='ocrx_word' id='word_1_522' title='bbox 2763 1052 3007 1109; x_wconf 89' lang='lat' dir='ltr'><strong>dicuntur</strong></span> <span class='ocrx_word' id='word_1_523' title='bbox 3026 1091 3045 1122; x_wconf 85' lang='lat'><strong>,</strong></span> <span class='ocrx_word' id='word_1_524' title='bbox 3081 1057 3173 1111; x_wconf 88' lang='lat' dir='ltr'><strong>sed</strong></span> <span class='ocrx_word' id='word_1_525' title='bbox 3200 1074 3321 1113; x_wconf 90' lang='lat' dir='ltr'><strong>cum</strong></span> <span class='ocrx_word' id='word_1_526' title='bbox 3350 1060 3532 1117; x_wconf 87' lang='lat' dir='ltr'><strong>labore</strong></span> 
     </span>
    </p>
   </div>
   <div class='ocr_carea' id='block_1_70' title="bbox 1974 1149 2228 1191">
    <p class='ocr_par' dir='ltr' id='par_1_70' title="bbox 1974 1149 2228 1191">
     <span class='ocr_line' id='line_1_70' title="bbox 1974 1149 2228 1191; baseline 0.012 -5"><span class='ocrx_word' id='word_1_527' title='bbox 1974 1149 2228 1191; x_wconf 78' lang='lat' dir='ltr'><strong>Invenire.</strong></span> 
     </span>
    </p>
   </div>
   <div class='ocr_carea' id='block_1_71' title="bbox 2044 1224 3530 1290">
    <p class='ocr_par' dir='ltr' id='par_1_71' title="bbox 2044 1224 3530 1290">
     <span class='ocr_line' id='line_1_71' title="bbox 2044 1224 3530 1290; baseline 0.009 -12"><span class='ocrx_word' id='word_1_528' title='bbox 2044 1224 2273 1279; x_wconf 75' lang='lat' dir='ltr'><strong>Secunda</strong></span> <span class='ocrx_word' id='word_1_529' title='bbox 2314 1244 2465 1281; x_wconf 84' lang='lat' dir='ltr'><strong>causa</strong></span> <span class='ocrx_word' id='word_1_530' title='bbox 2510 1229 2819 1284; x_wconf 80' lang='lat' dir='ltr'><strong>obscuritatis</strong></span> <span class='ocrx_word' id='word_1_531' title='bbox 2870 1230 3058 1287; x_wconf 83' lang='lat' dir='ltr'><strong>Veteris</strong></span> <span class='ocrx_word' id='word_1_532' title='bbox 3092 1233 3416 1290; x_wconf 86' lang='lat' dir='ltr'><strong>Testamenti.</strong></span> <span class='ocrx_word' id='word_1_533' title='bbox 3456 1266 3530 1278; x_wconf 85' lang='lat'><strong>—-</strong></span> 
     </span>
    </p>
   </div>
   <div class='ocr_carea' id='block_1_72' title="bbox 1971 1317 3526 1396">
    <p class='ocr_par' dir='ltr' id='par_1_72' title="bbox 1971 1317 3526 1396">
     <span class='ocr_line' id='line_1_72' title="bbox 1971 1317 3526 1396; baseline 0.007 -26"><span class='ocrx_word' id='word_1_534' title='bbox 1971 1317 2219 1383; x_wconf 64' lang='lat' dir='ltr'><strong>Quasnam</strong></span> <span class='ocrx_word' id='word_1_535' title='bbox 2246 1320 2404 1388; x_wconf 86' lang='lat' dir='ltr'><strong>igitur</strong></span> <span class='ocrx_word' id='word_1_536' title='bbox 2429 1330 2509 1375; x_wconf 90' lang='lat' dir='ltr'><strong>est</strong></span> <span class='ocrx_word' id='word_1_537' title='bbox 2534 1322 2762 1376; x_wconf 87' lang='lat' dir='ltr'><strong>secunda</strong></span> <span class='ocrx_word' id='word_1_538' title='bbox 2790 1337 2972 1389; x_wconf 84' lang='lat' dir='ltr'><strong>eausa,</strong></span> <span class='ocrx_word' id='word_1_539' title='bbox 3004 1338 3214 1396; x_wconf 82' lang='lat' dir='ltr'><strong>prepter</strong></span> <span class='ocrx_word' id='word_1_540' title='bbox 3240 1344 3393 1396; x_wconf 87' lang='lat' dir='ltr'><strong>quam</strong></span> <span class='ocrx_word' id='word_1_541' title='bbox 3423 1328 3526 1381; x_wconf 81' lang='lat' dir='ltr'><strong>dif-</strong></span> 
     </span>
    </p>
   </div>
   <div class='ocr_carea' id='block_1_73' title="bbox 1971 1408 3521 1485">
    <p class='ocr_par' dir='ltr' id='par_1_73' title="bbox 1971 1408 3521 1485">
     <span class='ocr_line' id='line_1_73' title="bbox 1971 1408 3521 1485; baseline 0.007 -25"><span class='ocrx_word' id='word_1_542' title='bbox 1971 1408 2157 1464; x_wconf 75' lang='lat' dir='ltr'><strong>[icilius</strong></span> <span class='ocrx_word' id='word_1_543' title='bbox 2202 1410 2360 1465; x_wconf 76' lang='lat' dir='ltr'><strong>Vetus</strong></span> <span class='ocrx_word' id='word_1_544' title='bbox 2391 1422 2472 1466; x_wconf 90' lang='lat' dir='ltr'><strong>est</strong></span> <span class='ocrx_word' id='word_1_545' title='bbox 2507 1412 2905 1467; x_wconf 81' lang='lat' dir='ltr'><strong>Testamentum</strong></span> <span class='ocrx_word' id='word_1_546' title='bbox 2947 1431 3101 1485; x_wconf 91' lang='lat' dir='ltr'><strong>quam</strong></span> <span class='ocrx_word' id='word_1_547' title='bbox 3142 1418 3378 1472; x_wconf 82' lang='lat' dir='ltr'><strong>Novum?</strong></span> <span class='ocrx_word' id='word_1_548' title='bbox 3406 1419 3521 1473; x_wconf 87' lang='lat' dir='ltr'><strong>Non</strong></span> 
     </span>
    </p>
   </div>
   <div class='ocr_carea' id='block_1_74' title="bbox 1970 1497 3524 1577">
    <p class='ocr_par' dir='ltr' id='par_1_74' title="bbox 1970 1497 3524 1577">
     <span class='ocr_line' id='line_1_74' title="bbox 1970 1497 3524 1577; baseline 0.009 -27"><span class='ocrx_word' id='word_1_549' title='bbox 1970 1497 2223 1553; x_wconf 84' lang='lat' dir='ltr'><strong>habemus</strong></span> <span class='ocrx_word' id='word_1_550' title='bbox 2256 1502 2433 1555; x_wconf 89' lang='lat' dir='ltr'><strong>nativo</strong></span> <span class='ocrx_word' id='word_1_551' title='bbox 2475 1512 2655 1555; x_wconf 81' lang='lat' dir='ltr'><strong>nostro</strong></span> <span class='ocrx_word' id='word_1_552' title='bbox 2695 1503 2941 1559; x_wconf 89' lang='lat' dir='ltr'><strong>idiomate</strong></span> <span class='ocrx_word' id='word_1_553' title='bbox 2976 1507 3226 1575; x_wconf 89' lang='lat' dir='ltr'><strong>scriptum</strong></span> <span class='ocrx_word' id='word_1_554' title='bbox 3256 1509 3394 1577; x_wconf 88' lang='lat' dir='ltr'><strong>apud</strong></span> <span class='ocrx_word' id='word_1_555' title='bbox 3425 1524 3524 1564; x_wconf 89' lang='lat' dir='ltr'><strong>nos</strong></span> 
     </span>
    </p>
   </div>
   <div class='ocr_carea' id='block_1_75' title="bbox 1970 1588 3521 1668">
    <p class='ocr_par' dir='ltr' id='par_1_75' title="bbox 1970 1588 3521 1668">
     <span class='ocr_line' id='line_1_75' title="bbox 1970 1588 3521 1668; baseline 0.006 -26"><span class='ocrx_word' id='word_1_556' title='bbox 1970 1588 2129 1643; x_wconf 80' lang='lat' dir='ltr'><strong>Vetus</strong></span> <span class='ocrx_word' id='word_1_557' title='bbox 2160 1591 2580 1647; x_wconf 85' lang='lat' dir='ltr'><strong>Testamentum:</strong></span> <span class='ocrx_word' id='word_1_558' title='bbox 2610 1593 2703 1647; x_wconf 87' lang='lat' dir='ltr'><strong>sed</strong></span> <span class='ocrx_word' id='word_1_559' title='bbox 2732 1594 2831 1647; x_wconf 87' lang='lat' dir='ltr'><strong>alia</strong></span> <span class='ocrx_word' id='word_1_560' title='bbox 2857 1596 3067 1663; x_wconf 91' lang='lat' dir='ltr'><strong>quidem</strong></span> <span class='ocrx_word' id='word_1_561' title='bbox 3095 1597 3270 1666; x_wconf 87' lang='lat' dir='ltr'><strong>lingua</strong></span> <span class='ocrx_word' id='word_1_562' title='bbox 3306 1614 3521 1668; x_wconf 89' lang='lat' dir='ltr'><strong>compo-</strong></span> 
     </span>
    </p>
   </div>
   <div class='ocr_carea' id='block_1_76' title="bbox 1966 1679 3519 1755">
    <p class='ocr_par' dir='ltr' id='par_1_76' title="bbox 1966 1679 3519 1755">
     <span class='ocr_line' id='line_1_76' title="bbox 1966 1679 3519 1755; baseline 0.006 -22"><span class='ocrx_word' id='word_1_563' title='bbox 1966 1679 2122 1734; x_wconf 88' lang='lat' dir='ltr'><strong>situm</strong></span> <span class='ocrx_word' id='word_1_564' title='bbox 2169 1690 2269 1747; x_wconf 90' lang='lat' dir='ltr'><strong>est,</strong></span> <span class='ocrx_word' id='word_1_565' title='bbox 2314 1682 2417 1735; x_wconf 90' lang='lat' dir='ltr'><strong>alia</strong></span> <span class='ocrx_word' id='word_1_566' title='bbox 2454 1699 2580 1737; x_wconf 88' lang='lat' dir='ltr'><strong>vero</strong></span> <span class='ocrx_word' id='word_1_567' title='bbox 2610 1699 2705 1737; x_wconf 89' lang='lat' dir='ltr'><strong>nos</strong></span> <span class='ocrx_word' id='word_1_568' title='bbox 2744 1684 2868 1738; x_wconf 90' lang='lat' dir='ltr'><strong>illud</strong></span> <span class='ocrx_word' id='word_1_569' title='bbox 2912 1685 3184 1755; x_wconf 78' lang='lat' dir='ltr'><strong>legendum</strong></span> <span class='ocrx_word' id='word_1_570' title='bbox 3226 1688 3519 1743; x_wconf 81' lang='lat' dir='ltr'><strong>habemus:</strong></span> 
     </span>
    </p>
   </div>
   <div class='ocr_carea' id='block_1_77' title="bbox 1966 1774 3518 1847">
    <p class='ocr_par' dir='ltr' id='par_1_77' title="bbox 1966 1774 3518 1847">
     <span class='ocr_line' id='line_1_77' title="bbox 1966 1774 3518 1847; baseline 0.007 -24"><span class='ocrx_word' id='word_1_571' title='bbox 1966 1785 2085 1823; x_wconf 91' lang='lat' dir='ltr'><strong>nam</strong></span> <span class='ocrx_word' id='word_1_572' title='bbox 2122 1786 2151 1824; x_wconf 91' lang='lat' dir='ltr'><strong>a</strong></span> <span class='ocrx_word' id='word_1_573' title='bbox 2184 1774 2438 1842; x_wconf 85' lang='lat' dir='ltr'><strong>principio</strong></span> <span class='ocrx_word' id='word_1_574' title='bbox 2475 1774 2730 1829; x_wconf 79' lang='lat' dir='ltr'><strong>Hebraico</strong></span> <span class='ocrx_word' id='word_1_575' title='bbox 2755 1778 3108 1846; x_wconf 91' lang='lat' dir='ltr'><strong>conscriptum</strong></span> <span class='ocrx_word' id='word_1_576' title='bbox 3132 1787 3213 1832; x_wconf 89' lang='lat' dir='ltr'><strong>est</strong></span> <span class='ocrx_word' id='word_1_577' title='bbox 3246 1779 3518 1847; x_wconf 83' lang='lat' dir='ltr'><strong>idiontate,</strong></span> 
     </span>
    </p>
   </div>
   <div class='ocr_carea' id='block_1_78' title="bbox 1964 1864 3515 1936">
    <p class='ocr_par' dir='ltr' id='par_1_78' title="bbox 1964 1864 3515 1936">
     <span class='ocr_line' id='line_1_78' title="bbox 1964 1864 3515 1936; baseline 0.006 -22"><span class='ocrx_word' id='word_1_578' title='bbox 1964 1876 2063 1915; x_wconf 88' lang='lat' dir='ltr'><strong>nos</strong></span> <span class='ocrx_word' id='word_1_579' title='bbox 2086 1871 2259 1917; x_wconf 89' lang='lat' dir='ltr'><strong>autem</strong></span> <span class='ocrx_word' id='word_1_580' title='bbox 2288 1864 2466 1921; x_wconf 68' lang='lat' dir='ltr'><strong>Grmca</strong></span> <span class='ocrx_word' id='word_1_581' title='bbox 2499 1866 2672 1935; x_wconf 85' lang='lat' dir='ltr'><strong>lingua</strong></span> <span class='ocrx_word' id='word_1_582' title='bbox 2699 1881 3003 1934; x_wconf 87' lang='lat' dir='ltr'><strong>expressum</strong></span> <span class='ocrx_word' id='word_1_583' title='bbox 3025 1871 3323 1936; x_wconf 88' lang='lat' dir='ltr'><strong>accepimus</strong></span> <span class='ocrx_word' id='word_1_584' title='bbox 3352 1887 3365 1921; x_wconf 91' lang='lat'><strong>:</strong></span> <span class='ocrx_word' id='word_1_585' title='bbox 3393 1884 3515 1924; x_wconf 90' lang='lat' dir='ltr'><strong>cum</strong></span> 
     </span>
    </p>
   </div>
   <div class='ocr_carea' id='block_1_79' title="bbox 1962 1952 3513 2025">
    <p class='ocr_par' dir='ltr' id='par_1_79' title="bbox 1962 1952 3513 2025">
     <span class='ocr_line' id='line_1_79' title="bbox 1962 1952 3513 2025; baseline 0.006 -21"><span class='ocrx_word' id='word_1_586' title='bbox 1962 1966 2091 2005; x_wconf 90' lang='lat' dir='ltr'><strong>vero</strong></span> <span class='ocrx_word' id='word_1_587' title='bbox 2120 1952 2172 2005; x_wconf 92' lang='lat' dir='ltr'><strong>in</strong></span> <span class='ocrx_word' id='word_1_588' title='bbox 2210 1954 2424 2008; x_wconf 88' lang='lat' dir='ltr'><strong>alteram</strong></span> <span class='ocrx_word' id='word_1_589' title='bbox 2473 1956 2699 2025; x_wconf 89' lang='lat' dir='ltr'><strong>linguam</strong></span> <span class='ocrx_word' id='word_1_590' title='bbox 2737 1956 3165 2024; x_wconf 88' lang='lat' dir='ltr'><strong>interpretatione</strong></span> <span class='ocrx_word' id='word_1_591' title='bbox 3202 1960 3513 2014; x_wconf 89' lang='lat' dir='ltr'><strong>translatum</strong></span> 
     </span>
    </p>
   </div>
   <div class='ocr_carea' id='block_1_80' title="bbox 1962 2040 3515 2118">
    <p class='ocr_par' dir='ltr' id='par_1_80' title="bbox 1962 2040 3515 2118">
     <span class='ocr_line' id='line_1_80' title="bbox 1962 2040 3515 2118; baseline 0.008 -25"><span class='ocrx_word' id='word_1_592' title='bbox 1962 2040 2139 2107; x_wconf 89' lang='lat' dir='ltr'><strong>fuerit,</strong></span> <span class='ocrx_word' id='word_1_593' title='bbox 2170 2044 2449 2097; x_wconf 80' lang='lat' dir='ltr'><strong>maximam</strong></span> <span class='ocrx_word' id='word_1_594' title='bbox 2475 2045 2633 2099; x_wconf 90' lang='lat' dir='ltr'><strong>habet</strong></span> <span class='ocrx_word' id='word_1_595' title='bbox 2662 2045 3041 2099; x_wconf 83' lang='lat' dir='ltr'><strong>difficultatem.</strong></span> <span class='ocrx_word' id='word_1_596' title='bbox 3069 2049 3241 2116; x_wconf 82' lang='lat' dir='ltr'><strong>Atque</strong></span> <span class='ocrx_word' id='word_1_597' title='bbox 3271 2049 3372 2104; x_wconf 92' lang='lat' dir='ltr'><strong>hoc</strong></span> <span class='ocrx_word' id='word_1_598' title='bbox 3392 2064 3515 2118; x_wconf 90' lang='lat' dir='ltr'><strong>pro-</strong></span> 
     </span>
    </p>
   </div>
   <div class='ocr_carea' id='block_1_81' title="bbox 1961 2131 3514 2207">
    <p class='ocr_par' dir='ltr' id='par_1_81' title="bbox 1961 2131 3514 2207">
     <span class='ocr_line' id='line_1_81' title="bbox 1961 2131 3514 2207; baseline 0.006 -21"><span class='ocrx_word' id='word_1_599' title='bbox 1961 2131 2028 2187; x_wconf 89' lang='lat' dir='ltr'><strong>be</strong></span> <span class='ocrx_word' id='word_1_600' title='bbox 2050 2134 2239 2199; x_wconf 89' lang='lat' dir='ltr'><strong>sciunt,</strong></span> <span class='ocrx_word' id='word_1_601' title='bbox 2261 2136 2572 2206; x_wconf 89' lang='lat' dir='ltr'><strong>quicumque</strong></span> <span class='ocrx_word' id='word_1_602' title='bbox 2588 2137 2778 2191; x_wconf 87' lang='lat' dir='ltr'><strong>multas</strong></span> <span class='ocrx_word' id='word_1_603' title='bbox 2806 2138 3010 2207; x_wconf 89' lang='lat' dir='ltr'><strong>linguas</strong></span> <span class='ocrx_word' id='word_1_604' title='bbox 3034 2140 3246 2204; x_wconf 90' lang='lat' dir='ltr'><strong>callent,</strong></span> <span class='ocrx_word' id='word_1_605' title='bbox 3271 2138 3383 2195; x_wconf 80' lang='lat' dir='ltr'><strong>ﬁeri</strong></span> <span class='ocrx_word' id='word_1_606' title='bbox 3408 2156 3514 2197; x_wconf 93' lang='lat' dir='ltr'><strong>non</strong></span> 
     </span>
    </p>
   </div>
   <div class='ocr_carea' id='block_1_82' title="bbox 1961 2227 3515 2298">
    <p class='ocr_par' dir='ltr' id='par_1_82' title="bbox 1961 2227 3515 2298">
     <span class='ocr_line' id='line_1_82' title="bbox 1961 2227 3515 2298; baseline 0.005 -20"><span class='ocrx_word' id='word_1_607' title='bbox 1961 2239 2115 2293; x_wconf 90' lang='lat' dir='ltr'><strong>posse</strong></span> <span class='ocrx_word' id='word_1_608' title='bbox 2139 2236 2190 2280; x_wconf 93' lang='lat' dir='ltr'><strong>ut</strong></span> <span class='ocrx_word' id='word_1_609' title='bbox 2222 2227 2331 2296; x_wconf 90' lang='lat' dir='ltr'><strong>pari</strong></span> <span class='ocrx_word' id='word_1_610' title='bbox 2372 2229 2739 2298; x_wconf 85' lang='lat' dir='ltr'><strong>perspicuitate</strong></span> <span class='ocrx_word' id='word_1_611' title='bbox 2772 2231 3059 2284; x_wconf 89' lang='lat' dir='ltr'><strong>sententias</strong></span> <span class='ocrx_word' id='word_1_612' title='bbox 3090 2246 3274 2285; x_wconf 92' lang='lat' dir='ltr'><strong>omnes</strong></span> <span class='ocrx_word' id='word_1_613' title='bbox 3312 2248 3376 2287; x_wconf 86' lang='lat' dir='ltr'><strong>ex</strong></span> <span class='ocrx_word' id='word_1_614' title='bbox 3419 2248 3515 2286; x_wconf 82' lang='lat' dir='ltr'><strong>na-</strong></span> 
     </span>
    </p>
   </div>
   <div class='ocr_carea' id='block_1_83' title="bbox 1963 2316 3515 2387">
    <p class='ocr_par' dir='ltr' id='par_1_83' title="bbox 1963 2316 3515 2387">
     <span class='ocr_line' id='line_1_83' title="bbox 1963 2316 3515 2387; baseline 0.006 -20"><span class='ocrx_word' id='word_1_615' title='bbox 1963 2316 2065 2368; x_wconf 89' lang='lat' dir='ltr'><strong>tiva</strong></span> <span class='ocrx_word' id='word_1_616' title='bbox 2106 2330 2197 2368; x_wconf 88' lang='lat' dir='ltr'><strong>sua</strong></span> <span class='ocrx_word' id='word_1_617' title='bbox 2245 2316 2417 2385; x_wconf 86' lang='lat' dir='ltr'><strong>lingua</strong></span> <span class='ocrx_word' id='word_1_618' title='bbox 2457 2317 2509 2371; x_wconf 90' lang='lat' dir='ltr'><strong>in</strong></span> <span class='ocrx_word' id='word_1_619' title='bbox 2557 2318 2773 2371; x_wconf 86' lang='lat' dir='ltr'><strong>alteram</strong></span> <span class='ocrx_word' id='word_1_620' title='bbox 2808 2318 3200 2387; x_wconf 88' lang='lat' dir='ltr'><strong>interpretando</strong></span> <span class='ocrx_word' id='word_1_621' title='bbox 3229 2322 3515 2376; x_wconf 86' lang='lat' dir='ltr'><strong>transfera-</strong></span> 
     </span>
    </p>
   </div>
   <div class='ocr_carea' id='block_1_84' title="bbox 1960 2406 3512 2476">
    <p class='ocr_par' dir='ltr' id='par_1_84' title="bbox 1960 2406 3512 2476">
     <span class='ocr_line' id='line_1_84' title="bbox 1960 2406 3512 2476; baseline 0.006 -19"><span class='ocrx_word' id='word_1_622' title='bbox 1960 2419 2097 2458; x_wconf 91' lang='lat' dir='ltr'><strong>mus.</strong></span> <span class='ocrx_word' id='word_1_623' title='bbox 2129 2406 2250 2460; x_wconf 67' lang='lat' dir='ltr'><strong>Haec</strong></span> <span class='ocrx_word' id='word_1_624' title='bbox 2279 2406 2438 2476; x_wconf 89' lang='lat' dir='ltr'><strong>igitur</strong></span> <span class='ocrx_word' id='word_1_625' title='bbox 2473 2422 2635 2462; x_wconf 86' lang='lat' dir='ltr'><strong>causa</strong></span> <span class='ocrx_word' id='word_1_626' title='bbox 2670 2407 2989 2464; x_wconf 79' lang='lat' dir='ltr'><strong>difficultatis</strong></span> <span class='ocrx_word' id='word_1_627' title='bbox 3024 2411 3225 2463; x_wconf 84' lang='lat' dir='ltr'><strong>exstitit</strong></span> <span class='ocrx_word' id='word_1_628' title='bbox 3254 2412 3303 2463; x_wconf 89' lang='lat' dir='ltr'><strong>in</strong></span> <span class='ocrx_word' id='word_1_629' title='bbox 3338 2412 3512 2467; x_wconf 85' lang='lat' dir='ltr'><strong>Veteri</strong></span> 
     </span>
    </p>
   </div>
   <div class='ocr_carea' id='block_1_85' title="bbox 1958 2495 3512 2557">
    <p class='ocr_par' dir='ltr' id='par_1_85' title="bbox 1958 2495 3512 2557">
     <span class='ocr_line' id='line_1_85' title="bbox 1958 2495 3512 2557; baseline 0.005 -8"><span class='ocrx_word' id='word_1_630' title='bbox 1958 2495 2313 2552; x_wconf 85' lang='lat' dir='ltr'><strong>Testamento.</strong></span> <span class='ocrx_word' id='word_1_631' title='bbox 2362 2498 2491 2551; x_wconf 88' lang='lat' dir='ltr'><strong>Nam</strong></span> <span class='ocrx_word' id='word_1_632' title='bbox 2534 2509 2654 2552; x_wconf 89' lang='lat' dir='ltr'><strong>ante</strong></span> <span class='ocrx_word' id='word_1_633' title='bbox 2701 2500 2891 2551; x_wconf 91' lang='lat' dir='ltr'><strong>Christi</strong></span> <span class='ocrx_word' id='word_1_634' title='bbox 2939 2500 3214 2552; x_wconf 90' lang='lat' dir='ltr'><strong>adventum</strong></span> <span class='ocrx_word' id='word_1_635' title='bbox 3260 2504 3512 2557; x_wconf 87' lang='lat' dir='ltr'><strong>trecentis</strong></span> 
     </span>
    </p>
   </div>
   <div class='ocr_carea' id='block_1_86' title="bbox 1954 2585 3510 2655">
    <p class='ocr_par' dir='ltr' id='par_1_86' title="bbox 1954 2585 3510 2655">
     <span class='ocr_line' id='line_1_86' title="bbox 1954 2585 3510 2655; baseline 0.003 -17"><span class='ocrx_word' id='word_1_636' title='bbox 1954 2588 2139 2651; x_wconf 91' lang='lat' dir='ltr'><strong>annis,</strong></span> <span class='ocrx_word' id='word_1_637' title='bbox 2163 2585 2525 2655; x_wconf 62' lang='lat' dir='ltr'><strong>Egyptiorunt</strong></span> <span class='ocrx_word' id='word_1_638' title='bbox 2555 2600 2678 2655; x_wconf 84' lang='lat' dir='ltr'><strong>rege</strong></span> <span class='ocrx_word' id='word_1_639' title='bbox 2722 2586 3024 2651; x_wconf 71' lang='lat' dir='ltr'><strong>Ptolemmo,</strong></span> <span class='ocrx_word' id='word_1_640' title='bbox 3060 2587 3111 2640; x_wconf 90' lang='lat' dir='ltr'><strong>in</strong></span> <span class='ocrx_word' id='word_1_641' title='bbox 3140 2587 3375 2643; x_wconf 77' lang='lat' dir='ltr'><strong>Cra-cam</strong></span> <span class='ocrx_word' id='word_1_642' title='bbox 3408 2589 3510 2643; x_wconf 85' lang='lat' dir='ltr'><strong>lin-</strong></span> 
     </span>
    </p>
   </div>
   <div class='ocr_carea' id='block_1_87' title="bbox 1952 2674 3512 2743">
    <p class='ocr_par' dir='ltr' id='par_1_87' title="bbox 1952 2674 3512 2743">
     <span class='ocr_line' id='line_1_87' title="bbox 1952 2674 3512 2743; baseline 0.003 -16"><span class='ocrx_word' id='word_1_643' title='bbox 1952 2690 2106 2743; x_wconf 88' lang='lat' dir='ltr'><strong>guam</strong></span> <span class='ocrx_word' id='word_1_644' title='bbox 2132 2675 2439 2729; x_wconf 88' lang='lat' dir='ltr'><strong>translatum</strong></span> <span class='ocrx_word' id='word_1_645' title='bbox 2465 2685 2545 2729; x_wconf 91' lang='lat' dir='ltr'><strong>est</strong></span> <span class='ocrx_word' id='word_1_646' title='bbox 2578 2675 2968 2728; x_wconf 86' lang='lat' dir='ltr'><strong>Testamentum</strong></span> <span class='ocrx_word' id='word_1_647' title='bbox 3006 2674 3166 2729; x_wconf 81' lang='lat' dir='ltr'><strong>Vetus</strong></span> <span class='ocrx_word' id='word_1_648' title='bbox 3193 2678 3342 2731; x_wconf 86' lang='lat' dir='ltr'><strong>valde</strong></span> <span class='ocrx_word' id='word_1_649' title='bbox 3372 2679 3512 2732; x_wconf 91' lang='lat' dir='ltr'><strong>utili-</strong></span> 
     </span>
    </p>
   </div>
   <div class='ocr_carea' id='block_1_88' title="bbox 1956 2764 3510 2835">
    <p class='ocr_par' dir='ltr' id='par_1_88' title="bbox 1956 2764 3510 2835">
     <span class='ocr_line' id='line_1_88' title="bbox 1956 2764 3510 2835; baseline 0.002 -17"><span class='ocrx_word' id='word_1_650' title='bbox 1956 2773 2036 2819; x_wconf 87' lang='lat' dir='ltr'><strong>ter</strong></span> <span class='ocrx_word' id='word_1_651' title='bbox 2063 2773 2117 2818; x_wconf 91' lang='lat' dir='ltr'><strong>ct</strong></span> <span class='ocrx_word' id='word_1_652' title='bbox 2140 2764 2684 2831; x_wconf 88' lang='lat' dir='ltr'><strong>fructuose.Quamdiu</strong></span> <span class='ocrx_word' id='word_1_653' title='bbox 2716 2764 2852 2818; x_wconf 90' lang='lat' dir='ltr'><strong>enim</strong></span> <span class='ocrx_word' id='word_1_654' title='bbox 2875 2779 2993 2817; x_wconf 92' lang='lat' dir='ltr'><strong>cum</strong></span> <span class='ocrx_word' id='word_1_655' title='bbox 3023 2779 3120 2816; x_wconf 91' lang='lat' dir='ltr'><strong>una</strong></span> <span class='ocrx_word' id='word_1_656' title='bbox 3147 2775 3302 2834; x_wconf 89' lang='lat' dir='ltr'><strong>gente</strong></span> <span class='ocrx_word' id='word_1_657' title='bbox 3328 2766 3510 2835; x_wconf 86' lang='lat' dir='ltr'><strong>loque-</strong></span> 
     </span>
    </p>
   </div>
   <div class='ocr_carea' id='block_1_89' title="bbox 1954 2852 3509 2928">
    <p class='ocr_par' dir='ltr' id='par_1_89' title="bbox 1954 2852 3509 2928">
     <span class='ocr_line' id='line_1_89' title="bbox 1954 2852 3509 2928; baseline 0 -19"><span class='ocrx_word' id='word_1_658' title='bbox 1954 2853 2124 2918; x_wconf 82' lang='lat' dir='ltr'><strong>batur,</strong></span> <span class='ocrx_word' id='word_1_659' title='bbox 2174 2854 2225 2908; x_wconf 92' lang='lat' dir='ltr'><strong>in</strong></span> <span class='ocrx_word' id='word_1_660' title='bbox 2267 2852 2517 2928; x_wconf 76' lang='lat' dir='ltr'><strong>liebraica</strong></span> <span class='ocrx_word' id='word_1_661' title='bbox 2560 2854 2732 2923; x_wconf 85' lang='lat' dir='ltr'><strong>lingua</strong></span> <span class='ocrx_word' id='word_1_662' title='bbox 2775 2853 3035 2907; x_wconf 86' lang='lat' dir='ltr'><strong>manebat.</strong></span> <span class='ocrx_word' id='word_1_663' title='bbox 3085 2853 3272 2908; x_wconf 84' lang='lat' dir='ltr'><strong>Nullus</strong></span> <span class='ocrx_word' id='word_1_664' title='bbox 3314 2859 3509 2924; x_wconf 88' lang='lat' dir='ltr'><strong>quippe</strong></span> 
     </span>
    </p>
   </div>
   <div class='ocr_carea' id='block_1_90' title="bbox 1954 2944 3509 3016">
    <p class='ocr_par' dir='ltr' id='par_1_90' title="bbox 1954 2944 3509 3016">
     <span class='ocr_line' id='line_1_90' title="bbox 1954 2944 3509 3016; baseline 0.001 -17"><span class='ocrx_word' id='word_1_665' title='bbox 1954 2953 2079 3000; x_wconf 91' lang='lat' dir='ltr'><strong>tunc</strong></span> <span class='ocrx_word' id='word_1_666' title='bbox 2105 2945 2336 2999; x_wconf 89' lang='lat' dir='ltr'><strong>animum</strong></span> <span class='ocrx_word' id='word_1_667' title='bbox 2358 2945 2434 2999; x_wconf 91' lang='lat' dir='ltr'><strong>illi</strong></span> <span class='ocrx_word' id='word_1_668' title='bbox 2460 2944 2786 2999; x_wconf 83' lang='lat' dir='ltr'><strong>adhibiturus</strong></span> <span class='ocrx_word' id='word_1_669' title='bbox 2815 2955 2964 3007; x_wconf 89' lang='lat' dir='ltr'><strong>erat,</strong></span> <span class='ocrx_word' id='word_1_670' title='bbox 2990 2960 3109 2997; x_wconf 91' lang='lat' dir='ltr'><strong>cum</strong></span> <span class='ocrx_word' id='word_1_671' title='bbox 3129 2946 3388 3013; x_wconf 85' lang='lat' dir='ltr'><strong>reliquum</strong></span> <span class='ocrx_word' id='word_1_672' title='bbox 3416 2962 3509 3016; x_wconf 85' lang='lat' dir='ltr'><strong>ge-</strong></span> 
     </span>
    </p>
   </div>
   <div class='ocr_carea' id='block_1_91' title="bbox 1954 3035 3503 3102">
    <p class='ocr_par' dir='ltr' id='par_1_91' title="bbox 1954 3035 3503 3102">
     <span class='ocr_line' id='line_1_91' title="bbox 1954 3035 3503 3102; baseline -0.002 -11"><span class='ocrx_word' id='word_1_673' title='bbox 1954 3051 2053 3091; x_wconf 90' lang='lat' dir='ltr'><strong>nus</strong></span> <span class='ocrx_word' id='word_1_674' title='bbox 2082 3037 2363 3091; x_wconf 87' lang='lat' dir='ltr'><strong>humanum</strong></span> <span class='ocrx_word' id='word_1_675' title='bbox 2386 3035 2450 3090; x_wconf 89' lang='lat' dir='ltr'><strong>ad</strong></span> <span class='ocrx_word' id='word_1_676' title='bbox 2479 3050 2735 3089; x_wconf 89' lang='lat' dir='ltr'><strong>summam</strong></span> <span class='ocrx_word' id='word_1_677' title='bbox 2759 3036 3134 3087; x_wconf 80' lang='lat' dir='ltr'><strong>immanitatem</strong></span> <span class='ocrx_word' id='word_1_678' title='bbox 3157 3037 3503 3102; x_wconf 84' lang='lat' dir='ltr'><strong>pervenisset.</strong></span> 
     </span>
    </p>
   </div>
   <div class='ocr_carea' id='block_1_92' title="bbox 1953 3122 3504 3187">
    <p class='ocr_par' dir='ltr' id='par_1_92' title="bbox 1953 3122 3504 3187">
     <span class='ocr_line' id='line_1_92' title="bbox 1953 3122 3504 3187; baseline -0.003 -5"><span class='ocrx_word' id='word_1_679' title='bbox 1953 3126 2050 3182; x_wconf 89' lang='lat' dir='ltr'><strong>Ubi</strong></span> <span class='ocrx_word' id='word_1_680' title='bbox 2093 3141 2220 3181; x_wconf 86' lang='lat' dir='ltr'><strong>vero</strong></span> <span class='ocrx_word' id='word_1_681' title='bbox 2256 3125 2494 3180; x_wconf 89' lang='lat' dir='ltr'><strong>Christus</strong></span> <span class='ocrx_word' id='word_1_682' title='bbox 2517 3134 2800 3179; x_wconf 89' lang='lat' dir='ltr'><strong>eventurus</strong></span> <span class='ocrx_word' id='word_1_683' title='bbox 2849 3122 2969 3187; x_wconf 90' lang='lat' dir='ltr'><strong>fuit,</strong></span> <span class='ocrx_word' id='word_1_684' title='bbox 2999 3133 3052 3175; x_wconf 92' lang='lat' dir='ltr'><strong>et</strong></span> <span class='ocrx_word' id='word_1_685' title='bbox 3078 3124 3379 3177; x_wconf 89' lang='lat' dir='ltr'><strong>universum</strong></span> <span class='ocrx_word' id='word_1_686' title='bbox 3410 3138 3504 3177; x_wconf 91' lang='lat' dir='ltr'><strong>or-</strong></span> 
     </span>
    </p>
   </div>
   <div class='ocr_carea' id='block_1_93' title="bbox 1951 3214 3508 3282">
    <p class='ocr_par' dir='ltr' id='par_1_93' title="bbox 1951 3214 3508 3282">
     <span class='ocr_line' id='line_1_93' title="bbox 1951 3214 3508 3282; baseline -0.002 -10"><span class='ocrx_word' id='word_1_687' title='bbox 1951 3216 2069 3272; x_wconf 90' lang='lat' dir='ltr'><strong>bem</strong></span> <span class='ocrx_word' id='word_1_688' title='bbox 2122 3226 2380 3272; x_wconf 89' lang='lat' dir='ltr'><strong>terrarum</strong></span> <span class='ocrx_word' id='word_1_689' title='bbox 2427 3215 2493 3269; x_wconf 91' lang='lat' dir='ltr'><strong>ad</strong></span> <span class='ocrx_word' id='word_1_690' title='bbox 2534 3230 2592 3270; x_wconf 92' lang='lat' dir='ltr'><strong>se</strong></span> <span class='ocrx_word' id='word_1_691' title='bbox 2634 3224 2937 3275; x_wconf 78' lang='lat' dir='ltr'><strong>vocaturus,</strong></span> <span class='ocrx_word' id='word_1_692' title='bbox 2980 3228 3083 3267; x_wconf 90' lang='lat' dir='ltr'><strong>non</strong></span> <span class='ocrx_word' id='word_1_693' title='bbox 3120 3228 3214 3281; x_wconf 89' lang='lat' dir='ltr'><strong>per</strong></span> <span class='ocrx_word' id='word_1_694' title='bbox 3239 3214 3508 3282; x_wconf 87' lang='lat' dir='ltr'><strong>apostolos</strong></span> 
     </span>
    </p>
   </div>
   <div class='ocr_carea' id='block_1_94' title="bbox 1952 3302 3507 3375">
    <p class='ocr_par' dir='ltr' id='par_1_94' title="bbox 1952 3302 3507 3375">
     <span class='ocr_line' id='line_1_94' title="bbox 1952 3302 3507 3375; baseline -0.001 -14"><span class='ocrx_word' id='word_1_695' title='bbox 1952 3317 2153 3361; x_wconf 89' lang='lat' dir='ltr'><strong>tantum</strong></span> <span class='ocrx_word' id='word_1_696' title='bbox 2174 3349 2187 3369; x_wconf 87' lang='lat'><strong>,</strong></span> <span class='ocrx_word' id='word_1_697' title='bbox 2217 3306 2310 3361; x_wconf 89' lang='lat' dir='ltr'><strong>sed</strong></span> <span class='ocrx_word' id='word_1_698' title='bbox 2347 3321 2439 3375; x_wconf 87' lang='lat' dir='ltr'><strong>per</strong></span> <span class='ocrx_word' id='word_1_699' title='bbox 2480 3304 2761 3374; x_wconf 90' lang='lat' dir='ltr'><strong>prophetas</strong></span> <span class='ocrx_word' id='word_1_700' title='bbox 2800 3319 3006 3373; x_wconf 89' lang='lat' dir='ltr'><strong>quoque</strong></span> <span class='ocrx_word' id='word_1_701' title='bbox 3034 3302 3195 3375; x_wconf 86' lang='lat' dir='ltr'><strong>(nam</strong></span> <span class='ocrx_word' id='word_1_702' title='bbox 3226 3314 3280 3358; x_wconf 90' lang='lat' dir='ltr'><strong>et</strong></span> <span class='ocrx_word' id='word_1_703' title='bbox 3309 3304 3379 3358; x_wconf 90' lang='lat' dir='ltr'><strong>illi</strong></span> <span class='ocrx_word' id='word_1_704' title='bbox 3411 3320 3507 3360; x_wconf 89' lang='lat' dir='ltr'><strong>nos</strong></span> 
     </span>
    </p>
   </div>
   <div class='ocr_carea' id='block_1_95' title="bbox 1950 3392 3507 3465">
    <p class='ocr_par' dir='ltr' id='par_1_95' title="bbox 1950 3392 3507 3465">
     <span class='ocr_line' id='line_1_95' title="bbox 1950 3392 3507 3465; baseline -0.003 -14"><span class='ocrx_word' id='word_1_705' title='bbox 1950 3397 2013 3451; x_wconf 87' lang='lat' dir='ltr'><strong>ad</strong></span> <span class='ocrx_word' id='word_1_706' title='bbox 2043 3398 2196 3452; x_wconf 86' lang='lat' dir='ltr'><strong>tidem</strong></span> <span class='ocrx_word' id='word_1_707' title='bbox 2227 3395 2535 3465; x_wconf 89' lang='lat' dir='ltr'><strong>cognitionis</strong></span> <span class='ocrx_word' id='word_1_708' title='bbox 2557 3393 2752 3449; x_wconf 85' lang='lat' dir='ltr'><strong>Christi</strong></span> <span class='ocrx_word' id='word_1_709' title='bbox 2778 3392 3083 3464; x_wconf 87' lang='lat' dir='ltr'><strong>deducunt),</strong></span> <span class='ocrx_word' id='word_1_710' title='bbox 3119 3402 3225 3446; x_wconf 77' lang='lat' dir='ltr'><strong>tum</strong></span> <span class='ocrx_word' id='word_1_711' title='bbox 3251 3396 3507 3462; x_wconf 89' lang='lat' dir='ltr'><strong>temporis</strong></span> 
     </span>
    </p>
   </div>
   <div class='ocr_carea' id='block_1_96' title="bbox 1950 3481 3504 3555">
    <p class='ocr_par' dir='ltr' id='par_1_96' title="bbox 1950 3481 3504 3555">
     <span class='ocr_line' id='line_1_96' title="bbox 1950 3481 3504 3555; baseline -0.002 -16"><span class='ocrx_word' id='word_1_712' title='bbox 1950 3496 2214 3555; x_wconf 87' lang='lat' dir='ltr'><strong>tamquam</strong></span> <span class='ocrx_word' id='word_1_713' title='bbox 2254 3485 2426 3540; x_wconf 89' lang='lat' dir='ltr'><strong>aditus</strong></span> <span class='ocrx_word' id='word_1_714' title='bbox 2456 3493 2510 3539; x_wconf 90' lang='lat' dir='ltr'><strong>et</strong></span> <span class='ocrx_word' id='word_1_715' title='bbox 2554 3484 2664 3537; x_wconf 90' lang='lat' dir='ltr'><strong>vias</strong></span> <span class='ocrx_word' id='word_1_716' title='bbox 2696 3481 2948 3550; x_wconf 86' lang='lat' dir='ltr'><strong>quasdam</strong></span> <span class='ocrx_word' id='word_1_717' title='bbox 2992 3482 3312 3549; x_wconf 86' lang='lat' dir='ltr'><strong>prapbetias,</strong></span> <span class='ocrx_word' id='word_1_718' title='bbox 3348 3490 3504 3537; x_wconf 87' lang='lat' dir='ltr'><strong>antea</strong></span> 
     </span>
    </p>
   </div>
   <div class='ocr_carea' id='block_1_97' title="bbox 1948 3570 3498 3647">
    <p class='ocr_par' dir='ltr' id='par_1_97' title="bbox 1948 3570 3498 3647">
     <span class='ocr_line' id='line_1_97' title="bbox 1948 3570 3498 3647; baseline -0.004 -15"><span class='ocrx_word' id='word_1_719' title='bbox 1948 3578 2137 3647; x_wconf 62' lang='lat' dir='ltr'><strong>linguae</strong></span> <span class='ocrx_word' id='word_1_720' title='bbox 2181 3574 2498 3631; x_wconf 87' lang='lat' dir='ltr'><strong>obscuritate</strong></span> <span class='ocrx_word' id='word_1_721' title='bbox 2534 3574 2740 3627; x_wconf 86' lang='lat' dir='ltr'><strong>clausas</strong></span> <span class='ocrx_word' id='word_1_722' title='bbox 2788 3580 2842 3624; x_wconf 90' lang='lat' dir='ltr'><strong>et</strong></span> <span class='ocrx_word' id='word_1_723' title='bbox 2885 3570 3207 3635; x_wconf 85' lang='lat' dir='ltr'><strong>obstructas,</strong></span> <span class='ocrx_word' id='word_1_724' title='bbox 3248 3572 3393 3624; x_wconf 89' lang='lat' dir='ltr'><strong>onmi</strong></span> <span class='ocrx_word' id='word_1_725' title='bbox 3432 3587 3498 3626; x_wconf 88' lang='lat' dir='ltr'><strong>ex</strong></span> 
     </span>
    </p>
   </div>
   <div class='ocr_carea' id='block_1_98' title="bbox 1948 3660 3504 3736">
    <p class='ocr_par' dir='ltr' id='par_1_98' title="bbox 1948 3660 3504 3736">
     <span class='ocr_line' id='line_1_98' title="bbox 1948 3660 3504 3736; baseline -0.001 -17"><span class='ocrx_word' id='word_1_726' title='bbox 1948 3676 2095 3736; x_wconf 87' lang='lat' dir='ltr'><strong>parte</strong></span> <span class='ocrx_word' id='word_1_727' title='bbox 2137 3665 2337 3722; x_wconf 88' lang='lat' dir='ltr'><strong>curavit</strong></span> <span class='ocrx_word' id='word_1_728' title='bbox 2372 3664 2797 3731; x_wconf 84' lang='lat' dir='ltr'><strong>interpretatione</strong></span> <span class='ocrx_word' id='word_1_729' title='bbox 2837 3660 3091 3726; x_wconf 89' lang='lat' dir='ltr'><strong>reserari,</strong></span> <span class='ocrx_word' id='word_1_730' title='bbox 3133 3671 3189 3715; x_wconf 88' lang='lat' dir='ltr'><strong>ut</strong></span> <span class='ocrx_word' id='word_1_731' title='bbox 3227 3677 3414 3717; x_wconf 88' lang='lat' dir='ltr'><strong>omnes</strong></span> <span class='ocrx_word' id='word_1_732' title='bbox 3436 3678 3504 3718; x_wconf 89' lang='lat' dir='ltr'><strong>ex</strong></span> 
     </span>
    </p>
   </div>
   <div class='ocr_carea' id='block_1_99' title="bbox 1945 3752 3508 3827">
    <p class='ocr_par' dir='ltr' id='par_1_99' title="bbox 1945 3752 3508 3827">
     <span class='ocr_line' id='line_1_99' title="bbox 1945 3752 3508 3827; baseline -0.001 -16"><span class='ocrx_word' id='word_1_733' title='bbox 1945 3757 2187 3827; x_wconf 87' lang='lat' dir='ltr'><strong>gentibus</strong></span> <span class='ocrx_word' id='word_1_734' title='bbox 2207 3754 2435 3824; x_wconf 88' lang='lat' dir='ltr'><strong>undique</strong></span> <span class='ocrx_word' id='word_1_735' title='bbox 2458 3752 2802 3817; x_wconf 85' lang='lat' dir='ltr'><strong>conﬂuentes,</strong></span> <span class='ocrx_word' id='word_1_736' title='bbox 2832 3759 2887 3805; x_wconf 93' lang='lat' dir='ltr'><strong>et</strong></span> <span class='ocrx_word' id='word_1_737' title='bbox 2914 3752 3076 3805; x_wconf 91' lang='lat' dir='ltr'><strong>multa</strong></span> <span class='ocrx_word' id='word_1_738' title='bbox 3104 3767 3224 3806; x_wconf 86' lang='lat' dir='ltr'><strong>cum</strong></span> <span class='ocrx_word' id='word_1_739' title='bbox 3253 3752 3508 3809; x_wconf 80' lang='lat' dir='ltr'><strong>facilitate</strong></span> 
     </span>
    </p>
   </div>
   <div class='ocr_carea' id='block_1_100' title="bbox 1948 3841 3501 3916">
    <p class='ocr_par' dir='ltr' id='par_1_100' title="bbox 1948 3841 3501 3916">
     <span class='ocr_line' id='line_1_100' title="bbox 1948 3841 3501 3916; baseline -0.002 -17"><span class='ocrx_word' id='word_1_740' title='bbox 1948 3861 2042 3916; x_wconf 89' lang='lat' dir='ltr'><strong>per</strong></span> <span class='ocrx_word' id='word_1_741' title='bbox 2089 3844 2183 3899; x_wconf 89' lang='lat' dir='ltr'><strong>has</strong></span> <span class='ocrx_word' id='word_1_742' title='bbox 2224 3844 2335 3898; x_wconf 91' lang='lat' dir='ltr'><strong>vias</strong></span> <span class='ocrx_word' id='word_1_743' title='bbox 2377 3841 2697 3905; x_wconf 86' lang='lat' dir='ltr'><strong>incedentes,</strong></span> <span class='ocrx_word' id='word_1_744' title='bbox 2744 3850 2955 3911; x_wconf 85' lang='lat' dir='ltr'><strong>possent</strong></span> <span class='ocrx_word' id='word_1_745' title='bbox 2986 3841 3052 3895; x_wconf 91' lang='lat' dir='ltr'><strong>ad</strong></span> <span class='ocrx_word' id='word_1_746' title='bbox 3093 3841 3290 3910; x_wconf 78' lang='lat' dir='ltr'><strong>Regem</strong></span> <span class='ocrx_word' id='word_1_747' title='bbox 3328 3844 3501 3911; x_wconf 87' lang='lat' dir='ltr'><strong>ipsum</strong></span> 
     </span>
    </p>
   </div>
   <div class='ocr_carea' id='block_1_101' title="bbox 1947 3931 3500 4007">
    <p class='ocr_par' dir='ltr' id='par_1_101' title="bbox 1947 3931 3500 4007">
     <span class='ocr_line' id='line_1_101' title="bbox 1947 3931 3500 4007; baseline -0.004 -14"><span class='ocrx_word' id='word_1_748' title='bbox 1947 3936 2321 4007; x_wconf 85' lang='lat' dir='ltr'><strong>prophetarum</strong></span> <span class='ocrx_word' id='word_1_749' title='bbox 2364 3935 2564 3997; x_wconf 88' lang='lat' dir='ltr'><strong>venire,</strong></span> <span class='ocrx_word' id='word_1_750' title='bbox 2612 3943 2766 4000; x_wconf 89' lang='lat' dir='ltr'><strong>atque</strong></span> <span class='ocrx_word' id='word_1_751' title='bbox 2806 3931 3127 4001; x_wconf 86' lang='lat' dir='ltr'><strong>unigenitum</strong></span> <span class='ocrx_word' id='word_1_752' title='bbox 3171 3932 3259 3985; x_wconf 88' lang='lat' dir='ltr'><strong>Dei</strong></span> <span class='ocrx_word' id='word_1_753' title='bbox 3308 3933 3349 3986; x_wconf 82' lang='lat' dir='ltr'><strong>F</strong></span> <span class='ocrx_word' id='word_1_754' title='bbox 3354 3934 3500 3987; x_wconf 88' lang='lat' dir='ltr'><strong>ilium</strong></span> 
     </span>
    </p>
   </div>
   <div class='ocr_carea' id='block_1_102' title="bbox 1945 4021 3506 4090">
    <p class='ocr_par' dir='ltr' id='par_1_102' title="bbox 1945 4021 3506 4090">
     <span class='ocr_line' id='line_1_102' title="bbox 1945 4021 3506 4090; baseline -0.002 -8"><span class='ocrx_word' id='word_1_755' title='bbox 1945 4028 2185 4081; x_wconf 88' lang='lat' dir='ltr'><strong>adorare.</strong></span> <span class='ocrx_word' id='word_1_756' title='bbox 2213 4024 2293 4080; x_wconf 83' lang='lat' dir='ltr'><strong>0h</strong></span> <span class='ocrx_word' id='word_1_757' title='bbox 2320 4026 2454 4078; x_wconf 90' lang='lat' dir='ltr'><strong>hanc</strong></span> <span class='ocrx_word' id='word_1_758' title='bbox 2480 4038 2692 4079; x_wconf 83' lang='lat' dir='ltr'><strong>causam</strong></span> <span class='ocrx_word' id='word_1_759' title='bbox 2721 4022 2899 4090; x_wconf 90' lang='lat' dir='ltr'><strong>utique</strong></span> <span class='ocrx_word' id='word_1_760' title='bbox 2923 4031 3046 4076; x_wconf 89' lang='lat' dir='ltr'><strong>ante</strong></span> <span class='ocrx_word' id='word_1_761' title='bbox 3072 4021 3269 4077; x_wconf 87' lang='lat' dir='ltr'><strong>Christi</strong></span> <span class='ocrx_word' id='word_1_762' title='bbox 3308 4024 3506 4079; x_wconf 86' lang='lat' dir='ltr'><strong>adven-</strong></span> 
     </span>
    </p>
   </div>
   <div class='ocr_carea' id='block_1_103' title="bbox 1946 4112 3498 4183">
    <p class='ocr_par' dir='ltr' id='par_1_103' title="bbox 1946 4112 3498 4183">
     <span class='ocr_line' id='line_1_103' title="bbox 1946 4112 3498 4183; baseline -0.002 -13"><span class='ocrx_word' id='word_1_763' title='bbox 1946 4126 2055 4171; x_wconf 88' lang='lat' dir='ltr'><strong>tum</strong></span> <span class='ocrx_word' id='word_1_764' title='bbox 2084 4130 2267 4169; x_wconf 90' lang='lat' dir='ltr'><strong>omnes</strong></span> <span class='ocrx_word' id='word_1_765' title='bbox 2297 4112 2724 4182; x_wconf 89' lang='lat' dir='ltr'><strong>interpretatione</strong></span> <span class='ocrx_word' id='word_1_766' title='bbox 2768 4121 2891 4165; x_wconf 89' lang='lat' dir='ltr'><strong>sunt</strong></span> <span class='ocrx_word' id='word_1_767' title='bbox 2916 4126 3180 4182; x_wconf 69' lang='lat' dir='ltr'><strong>expressas</strong></span> <span class='ocrx_word' id='word_1_768' title='bbox 3207 4130 3222 4166; x_wconf 91' lang='lat'><strong>:</strong></span> <span class='ocrx_word' id='word_1_769' title='bbox 3250 4115 3498 4183; x_wconf 87' lang='lat' dir='ltr'><strong>quoniam</strong></span> 
     </span>
    </p>
   </div>
   <div class='ocr_carea' id='block_1_104' title="bbox 1944 4202 3499 4268">
    <p class='ocr_par' dir='ltr' id='par_1_104' title="bbox 1944 4202 3499 4268">
     <span class='ocr_line' id='line_1_104' title="bbox 1944 4202 3499 4268; baseline -0.002 -8"><span class='ocrx_word' id='word_1_770' title='bbox 1944 4209 1989 4260; x_wconf 84' lang='lat' dir='ltr'><strong>si</strong></span> <span class='ocrx_word' id='word_1_771' title='bbox 2008 4207 2059 4261; x_wconf 92' lang='lat' dir='ltr'><strong>in</strong></span> <span class='ocrx_word' id='word_1_772' title='bbox 2086 4205 2345 4260; x_wconf 82' lang='lat' dir='ltr'><strong>Hebraico</strong></span> <span class='ocrx_word' id='word_1_773' title='bbox 2374 4204 2620 4258; x_wconf 88' lang='lat' dir='ltr'><strong>idiomate</strong></span> <span class='ocrx_word' id='word_1_774' title='bbox 2660 4202 2829 4256; x_wconf 92' lang='lat' dir='ltr'><strong>solum</strong></span> <span class='ocrx_word' id='word_1_775' title='bbox 2867 4202 3063 4256; x_wconf 64' lang='lat' dir='ltr'><strong>relictae</strong></span> <span class='ocrx_word' id='word_1_776' title='bbox 3089 4214 3304 4268; x_wconf 87' lang='lat' dir='ltr'><strong>essent,</strong></span> <span class='ocrx_word' id='word_1_777' title='bbox 3335 4204 3499 4258; x_wconf 86' lang='lat' dir='ltr'><strong>David</strong></span> 
     </span>
    </p>
   </div>
   <div class='ocr_carea' id='block_1_105' title="bbox 1944 4290 3503 4360">
    <p class='ocr_par' dir='ltr' id='par_1_105' title="bbox 1944 4290 3503 4360">
     <span class='ocr_line' id='line_1_105' title="bbox 1944 4290 3503 4360; baseline -0.003 -11"><span class='ocrx_word' id='word_1_778' title='bbox 1944 4304 2117 4350; x_wconf 89' lang='lat' dir='ltr'><strong>autem</strong></span> <span class='ocrx_word' id='word_1_779' title='bbox 2145 4294 2381 4360; x_wconf 84' lang='lat' dir='ltr'><strong>dixisset,</strong></span> <span class='ocrx_word' id='word_1_780' title='bbox 2403 4292 2610 4346; x_wconf 78' lang='lat' dir='ltr'><strong>Postulo</strong></span> <span class='ocrx_word' id='word_1_781' title='bbox 2635 4308 2666 4343; x_wconf 92' lang='lat' dir='ltr'><strong>a</strong></span> <span class='ocrx_word' id='word_1_782' title='bbox 2691 4307 2787 4354; x_wconf 84' lang='lat' dir='ltr'><strong>me,</strong></span> <span class='ocrx_word' id='word_1_783' title='bbox 2820 4301 2866 4343; x_wconf 91' lang='lat' dir='ltr'><strong>et</strong></span> <span class='ocrx_word' id='word_1_784' title='bbox 2894 4291 3022 4343; x_wconf 83' lang='lat' dir='ltr'><strong>dabo</strong></span> <span class='ocrx_word' id='word_1_785' title='bbox 3049 4290 3134 4343; x_wconf 87' lang='lat' dir='ltr'><strong>tibi</strong></span> <span class='ocrx_word' id='word_1_786' title='bbox 3161 4301 3331 4360; x_wconf 86' lang='lat' dir='ltr'><strong>gentes</strong></span> <span class='ocrx_word' id='word_1_787' title='bbox 3360 4292 3503 4345; x_wconf 79' lang='lat' dir='ltr'><strong>here-</strong></span> 
     </span>
    </p>
   </div>
   <div class='ocr_carea' id='block_1_106' title="bbox 1943 4380 3505 4453">
    <p class='ocr_par' dir='ltr' id='par_1_106' title="bbox 1943 4380 3505 4453">
     <span class='ocr_line' id='line_1_106' title="bbox 1943 4380 3505 4453; baseline -0.003 -16"><span class='ocrx_word' id='word_1_788' title='bbox 1943 4387 2148 4438; x_wconf 84' lang='lat' dir='ltr'><strong>ditatem</strong></span> <span class='ocrx_word' id='word_1_789' title='bbox 2189 4393 2344 4449; x_wconf 87' lang='lat' dir='ltr'><strong>tuam,</strong></span> <span class='ocrx_word' id='word_1_790' title='bbox 2398 4392 2442 4437; x_wconf 84' lang='lat' dir='ltr'><strong>et</strong></span> <span class='ocrx_word' id='word_1_791' title='bbox 2489 4381 2843 4453; x_wconf 81' lang='lat' dir='ltr'><strong>possessionem</strong></span> <span class='ocrx_word' id='word_1_792' title='bbox 2892 4388 3027 4431; x_wconf 85' lang='lat' dir='ltr'><strong>tuam</strong></span> <span class='ocrx_word' id='word_1_793' title='bbox 3074 4380 3308 4432; x_wconf 86' lang='lat' dir='ltr'><strong>terminos</strong></span> <span class='ocrx_word' id='word_1_794' title='bbox 3358 4389 3505 4436; x_wconf 67' lang='lat' dir='ltr'><strong>terra</strong></span> 
     </span>
    </p>
   </div>
   <div class='ocr_carea' id='block_1_107' title="bbox 1945 4470 3502 4548">
    <p class='ocr_par' dir='ltr' id='par_1_107' title="bbox 1945 4470 3502 4548">
     <span class='ocr_line' id='line_1_107' title="bbox 1945 4470 3502 4548; baseline -0.001 -19"><span class='ocrx_word' id='word_1_795' title='bbox 1945 4477 2112 4548; x_wconf 80' lang='lat' dir='ltr'><strong>(Psal.</strong></span> <span class='ocrx_word' id='word_1_796' title='bbox 2134 4478 2189 4531; x_wconf 77' lang='lat'><strong>2.</strong></span> <span class='ocrx_word' id='word_1_797' title='bbox 2213 4477 2290 4546; x_wconf 92' lang='lat'><strong>8),</strong></span> <span class='ocrx_word' id='word_1_798' title='bbox 2316 4474 2454 4530; x_wconf 90' lang='lat' dir='ltr'><strong>unde</strong></span> <span class='ocrx_word' id='word_1_799' title='bbox 2479 4474 2735 4543; x_wconf 85' lang='lat' dir='ltr'><strong>potuisset</strong></span> <span class='ocrx_word' id='word_1_800' title='bbox 2760 4485 2914 4524; x_wconf 82' lang='lat' dir='ltr'><strong>nosse</strong></span> <span class='ocrx_word' id='word_1_801' title='bbox 2940 4470 3079 4539; x_wconf 87' lang='lat' dir='ltr'><strong>quod</strong></span> <span class='ocrx_word' id='word_1_802' title='bbox 3105 4470 3302 4525; x_wconf 92' lang='lat' dir='ltr'><strong>dictum</strong></span> <span class='ocrx_word' id='word_1_803' title='bbox 3328 4470 3502 4528; x_wconf 88' lang='lat' dir='ltr'><strong>fuerat</strong></span> 
     </span>
    </p>
   </div>
   <div class='ocr_carea' id='block_1_108' title="bbox 1944 4562 3499 4639">
    <p class='ocr_par' dir='ltr' id='par_1_108' title="bbox 1944 4562 3499 4639">
     <span class='ocr_line' id='line_1_108' title="bbox 1944 4562 3499 4639; baseline -0.002 -16"><span class='ocrx_word' id='word_1_804' title='bbox 1944 4568 2131 4639; x_wconf 84' lang='lat' dir='ltr'><strong>Syrus,</strong></span> <span class='ocrx_word' id='word_1_805' title='bbox 2160 4568 2246 4623; x_wconf 82' lang='lat' dir='ltr'><strong>vel</strong></span> <span class='ocrx_word' id='word_1_806' title='bbox 2271 4567 2470 4630; x_wconf 88' lang='lat' dir='ltr'><strong>Galata,</strong></span> <span class='ocrx_word' id='word_1_807' title='bbox 2499 4564 2580 4617; x_wconf 93' lang='lat' dir='ltr'><strong>vel</strong></span> <span class='ocrx_word' id='word_1_808' title='bbox 2606 4562 2841 4628; x_wconf 80' lang='lat' dir='ltr'><strong>Macedo,</strong></span> <span class='ocrx_word' id='word_1_809' title='bbox 2872 4562 2955 4616; x_wconf 88' lang='lat' dir='ltr'><strong>vel</strong></span> <span class='ocrx_word' id='word_1_810' title='bbox 2987 4562 3346 4628; x_wconf 86' lang='lat' dir='ltr'><strong>Atheniensis,</strong></span> <span class='ocrx_word' id='word_1_811' title='bbox 3378 4580 3499 4620; x_wconf 89' lang='lat' dir='ltr'><strong>cum</strong></span> 
     </span>
    </p>
   </div>
   <div class='ocr_carea' id='block_1_109' title="bbox 1943 4650 3502 4719">
    <p class='ocr_par' dir='ltr' id='par_1_109' title="bbox 1943 4650 3502 4719">
     <span class='ocr_line' id='line_1_109' title="bbox 1943 4650 3502 4719; baseline -0.003 -8"><span class='ocrx_word' id='word_1_812' title='bbox 1943 4657 2266 4713; x_wconf 86' lang='lat' dir='ltr'><strong>obscuritate</strong></span> <span class='ocrx_word' id='word_1_813' title='bbox 2321 4653 2549 4707; x_wconf 89' lang='lat' dir='ltr'><strong>involuta</strong></span> <span class='ocrx_word' id='word_1_814' title='bbox 2599 4651 2867 4719; x_wconf 86' lang='lat' dir='ltr'><strong>Scriptura</strong></span> <span class='ocrx_word' id='word_1_815' title='bbox 2916 4650 3244 4705; x_wconf 77' lang='lat' dir='ltr'><strong>mansisset?</strong></span> <span class='ocrx_word' id='word_1_816' title='bbox 3293 4651 3502 4707; x_wconf 82' lang='lat' dir='ltr'><strong>Rursus</strong></span> 
     </span>
    </p>
   </div>
   <div class='ocr_carea' id='block_1_110' title="bbox 1942 4738 3500 4806">
    <p class='ocr_par' dir='ltr' id='par_1_110' title="bbox 1942 4738 3500 4806">
     <span class='ocr_line' id='line_1_110' title="bbox 1942 4738 3500 4806; baseline -0.004 -6"><span class='ocrx_word' id='word_1_817' title='bbox 1942 4746 2200 4801; x_wconf 79' lang='lat' dir='ltr'><strong>clamabat</strong></span> <span class='ocrx_word' id='word_1_818' title='bbox 2223 4743 2384 4797; x_wconf 87' lang='lat' dir='ltr'><strong>Isaias</strong></span> <span class='ocrx_word' id='word_1_819' title='bbox 2414 4759 2427 4795; x_wconf 90' lang='lat'><strong>:</strong></span> <span class='ocrx_word' id='word_1_820' title='bbox 2461 4742 2607 4796; x_wconf 85' lang='lat' dir='ltr'><strong>Sicut</strong></span> <span class='ocrx_word' id='word_1_821' title='bbox 2636 4741 2737 4794; x_wconf 76' lang='lat' dir='ltr'><strong>ovis</strong></span> <span class='ocrx_word' id='word_1_822' title='bbox 2764 4738 2830 4792; x_wconf 86' lang='lat' dir='ltr'><strong>ad</strong></span> <span class='ocrx_word' id='word_1_823' title='bbox 2856 4740 3147 4793; x_wconf 83' lang='lat' dir='ltr'><strong>occisionem</strong></span> <span class='ocrx_word' id='word_1_824' title='bbox 3187 4741 3365 4793; x_wconf 81' lang='lat' dir='ltr'><strong>ductus</strong></span> <span class='ocrx_word' id='word_1_825' title='bbox 3408 4752 3500 4806; x_wconf 89' lang='lat' dir='ltr'><strong>est,</strong></span> 
     </span>
    </p>
   </div>
   <div class='ocr_carea' id='block_1_111' title="bbox 1941 4830 3499 4905">
    <p class='ocr_par' dir='ltr' id='par_1_111' title="bbox 1941 4830 3499 4905">
     <span class='ocr_line' id='line_1_111' title="bbox 1941 4830 3499 4905; baseline -0.001 -16"><span class='ocrx_word' id='word_1_826' title='bbox 1941 4847 1988 4890; x_wconf 93' lang='lat' dir='ltr'><strong>et</strong></span> <span class='ocrx_word' id='word_1_827' title='bbox 2009 4838 2136 4889; x_wconf 89' lang='lat' dir='ltr'><strong>sicut</strong></span> <span class='ocrx_word' id='word_1_828' title='bbox 2160 4851 2319 4905; x_wconf 80' lang='lat' dir='ltr'><strong>agnus</strong></span> <span class='ocrx_word' id='word_1_829' title='bbox 2339 4850 2507 4888; x_wconf 83' lang='lat' dir='ltr'><strong>coram</strong></span> <span class='ocrx_word' id='word_1_830' title='bbox 2531 4833 2761 4886; x_wconf 84' lang='lat' dir='ltr'><strong>tondente</strong></span> <span class='ocrx_word' id='word_1_831' title='bbox 2794 4848 2849 4885; x_wconf 87' lang='lat' dir='ltr'><strong>se</strong></span> <span class='ocrx_word' id='word_1_832' title='bbox 2875 4840 3040 4884; x_wconf 85' lang='lat' dir='ltr'><strong>mutus</strong></span> <span class='ocrx_word' id='word_1_833' title='bbox 3066 4830 3233 4900; x_wconf 89' lang='lat' dir='ltr'><strong>(Isai.</strong></span> <span class='ocrx_word' id='word_1_834' title='bbox 3262 4832 3348 4886; x_wconf 78' lang='grc'><strong>53.</strong></span> <span class='ocrx_word' id='word_1_835' title='bbox 3383 4831 3454 4898; x_wconf 88' lang='grc'><strong>7)</strong></span> <span class='ocrx_word' id='word_1_836' title='bbox 3483 4849 3499 4896; x_wconf 89' lang='lat'><strong>;</strong></span> 
     </span>
    </p>
   </div>
   <div class='ocr_carea' id='block_1_112' title="bbox 1940 4922 3504 4994">
    <p class='ocr_par' dir='ltr' id='par_1_112' title="bbox 1940 4922 3504 4994">
     <span class='ocr_line' id='line_1_112' title="bbox 1940 4922 3504 4994; baseline -0.006 -10"><span class='ocrx_word' id='word_1_837' title='bbox 1940 4937 1993 4984; x_wconf 88' lang='lat' dir='ltr'><strong>et</strong></span> <span class='ocrx_word' id='word_1_838' title='bbox 2020 4942 2203 4981; x_wconf 91' lang='lat' dir='ltr'><strong>rursus</strong></span> <span class='ocrx_word' id='word_1_839' title='bbox 2231 4948 2244 4982; x_wconf 91' lang='lat'><strong>:</strong></span> <span class='ocrx_word' id='word_1_840' title='bbox 2288 4926 2400 4980; x_wconf 86' lang='lat' dir='ltr'><strong>Erit</strong></span> <span class='ocrx_word' id='word_1_841' title='bbox 2426 4926 2574 4979; x_wconf 78' lang='lat' dir='ltr'><strong>radis:</strong></span> <span class='ocrx_word' id='word_1_842' title='bbox 2598 4922 2782 4987; x_wconf 73' lang='lat' dir='ltr'><strong>Iesse,</strong></span> <span class='ocrx_word' id='word_1_843' title='bbox 2812 4931 2860 4975; x_wconf 90' lang='lat' dir='ltr'><strong>et</strong></span> <span class='ocrx_word' id='word_1_844' title='bbox 2880 4926 2967 4993; x_wconf 86' lang='lat' dir='ltr'><strong>qui</strong></span> <span class='ocrx_word' id='word_1_845' title='bbox 2987 4926 3256 4994; x_wconf 82' lang='lat' dir='ltr'><strong>consurgit</strong></span> <span class='ocrx_word' id='word_1_846' title='bbox 3282 4932 3335 4975; x_wconf 88' lang='lat' dir='ltr'><strong>ut</strong></span> <span class='ocrx_word' id='word_1_847' title='bbox 3360 4923 3504 4992; x_wconf 83' lang='lat' dir='ltr'><strong>prin-</strong></span> 
     </span>
    </p>
   </div>
   <div class='ocr_carea' id='block_1_113' title="bbox 1939 5011 3500 5090">
    <p class='ocr_par' dir='ltr' id='par_1_113' title="bbox 1939 5011 3500 5090">
     <span class='ocr_line' id='line_1_113' title="bbox 1939 5011 3500 5090; baseline -0.004 -16"><span class='ocrx_word' id='word_1_848' title='bbox 1939 5036 2053 5089; x_wconf 84' lang='lat' dir='ltr'><strong>ceps</strong></span> <span class='ocrx_word' id='word_1_849' title='bbox 2089 5022 2152 5074; x_wconf 89' lang='lat' dir='ltr'><strong>sit</strong></span> <span class='ocrx_word' id='word_1_850' title='bbox 2191 5022 2409 5090; x_wconf 87' lang='lat' dir='ltr'><strong>gentium</strong></span> <span class='ocrx_word' id='word_1_851' title='bbox 2439 5034 2459 5083; x_wconf 82' lang='lat'><strong>,°</strong></span> <span class='ocrx_word' id='word_1_852' title='bbox 2496 5020 2547 5071; x_wconf 89' lang='lat' dir='ltr'><strong>in</strong></span> <span class='ocrx_word' id='word_1_853' title='bbox 2581 5018 2689 5085; x_wconf 82' lang='lat' dir='ltr'><strong>ipso</strong></span> <span class='ocrx_word' id='word_1_854' title='bbox 2717 5025 2883 5084; x_wconf 85' lang='lat' dir='ltr'><strong>gentes</strong></span> <span class='ocrx_word' id='word_1_855' title='bbox 2906 5016 3174 5082; x_wconf 87' lang='lat' dir='ltr'><strong>sperabunt</strong></span> <span class='ocrx_word' id='word_1_856' title='bbox 3203 5014 3220 5078; x_wconf 85' lang='lat'><strong>(</strong></span> <span class='ocrx_word' id='word_1_857' title='bbox 3253 5011 3381 5065; x_wconf 91' lang='lat' dir='ltr'><strong>Isai.</strong></span> <span class='ocrx_word' id='word_1_858' title='bbox 3409 5015 3500 5068; x_wconf 86' lang='grc'><strong>11.</strong></span> 
     </span>
    </p>
   </div>
   <div class='ocr_carea' id='block_1_114' title="bbox 1941 5100 3505 5181">
    <p class='ocr_par' dir='ltr' id='par_1_114' title="bbox 1941 5100 3505 5181">
     <span class='ocr_line' id='line_1_114' title="bbox 1941 5100 3505 5181; baseline -0.008 -13"><span class='ocrx_word' id='word_1_859' title='bbox 1941 5112 2050 5181; x_wconf 86' lang='grc'><strong>10);</strong></span> <span class='ocrx_word' id='word_1_860' title='bbox 2072 5122 2125 5167; x_wconf 90' lang='lat' dir='ltr'><strong>et</strong></span> <span class='ocrx_word' id='word_1_861' title='bbox 2145 5126 2325 5165; x_wconf 87' lang='lat' dir='ltr'><strong>rursus</strong></span> <span class='ocrx_word' id='word_1_862' title='bbox 2355 5129 2368 5164; x_wconf 91' lang='lat'><strong>:</strong></span> <span class='ocrx_word' id='word_1_863' title='bbox 2401 5110 2688 5172; x_wconf 74' lang='lat' dir='ltr'><strong>Iieplebitur</strong></span> <span class='ocrx_word' id='word_1_864' title='bbox 2725 5116 2855 5157; x_wconf 88' lang='lat' dir='ltr'><strong>terra</strong></span> <span class='ocrx_word' id='word_1_865' title='bbox 2891 5104 3168 5173; x_wconf 82' lang='lat' dir='ltr'><strong>cognitione</strong></span> <span class='ocrx_word' id='word_1_866' title='bbox 3190 5100 3417 5164; x_wconf 86' lang='lat' dir='ltr'><strong>Domini,</strong></span> <span class='ocrx_word' id='word_1_867' title='bbox 3448 5114 3505 5155; x_wconf 83' lang='lat' dir='ltr'><strong>ut</strong></span> 
     </span>
    </p>
   </div>
   <div class='ocr_carea' id='block_1_115' title="bbox 1938 5192 3497 5271">
    <p class='ocr_par' dir='ltr' id='par_1_115' title="bbox 1938 5192 3497 5271">
     <span class='ocr_line' id='line_1_115' title="bbox 1938 5192 3497 5271; baseline -0.008 -16"><span class='ocrx_word' id='word_1_868' title='bbox 1938 5205 2082 5271; x_wconf 81' lang='lat' dir='ltr'><strong>quasi</strong></span> <span class='ocrx_word' id='word_1_869' title='bbox 2099 5218 2227 5270; x_wconf 85' lang='lat' dir='ltr'><strong>aqua</strong></span> <span class='ocrx_word' id='word_1_870' title='bbox 2254 5200 2411 5253; x_wconf 84' lang='lat' dir='ltr'><strong>multa</strong></span> <span class='ocrx_word' id='word_1_871' title='bbox 2436 5198 2685 5267; x_wconf 85' lang='lat' dir='ltr'><strong>cooperiat</strong></span> <span class='ocrx_word' id='word_1_872' title='bbox 2713 5196 2872 5247; x_wconf 86' lang='lat' dir='ltr'><strong>maria</strong></span> <span class='ocrx_word' id='word_1_873' title='bbox 2898 5194 2915 5257; x_wconf 86' lang='lat'><strong>(</strong></span> <span class='ocrx_word' id='word_1_874' title='bbox 2941 5192 3076 5245; x_wconf 84' lang='lat' dir='ltr'><strong>Ibid.</strong></span> <span class='ocrx_word' id='word_1_875' title='bbox 3104 5208 3152 5244; x_wconf 75' lang='grc' dir='ltr'><strong>υ.</strong></span> <span class='ocrx_word' id='word_1_876' title='bbox 3175 5192 3267 5261; x_wconf 89' lang='lat'><strong>9).</strong></span> <span class='ocrx_word' id='word_1_877' title='bbox 3293 5192 3361 5245; x_wconf 86' lang='lat' dir='ltr'><strong>Et</strong></span> <span class='ocrx_word' id='word_1_878' title='bbox 3392 5193 3497 5245; x_wconf 87' lang='lat' dir='ltr'><strong>Da-</strong></span> 
     </span>
    </p>
   </div>
   <div class='ocr_carea' id='block_1_116' title="bbox 1938 5281 3503 5356">
    <p class='ocr_par' dir='ltr' id='par_1_116' title="bbox 1938 5281 3503 5356">
     <span class='ocr_line' id='line_1_116' title="bbox 1938 5281 3503 5356; baseline -0.008 -10"><span class='ocrx_word' id='word_1_879' title='bbox 1938 5292 2026 5356; x_wconf 77' lang='lat' dir='ltr'><strong>vid</strong></span> <span class='ocrx_word' id='word_1_880' title='bbox 2051 5306 2235 5346; x_wconf 86' lang='lat' dir='ltr'><strong>rursus</strong></span> <span class='ocrx_word' id='word_1_881' title='bbox 2258 5290 2466 5344; x_wconf 88' lang='lat' dir='ltr'><strong>dicebat</strong></span> <span class='ocrx_word' id='word_1_882' title='bbox 2492 5302 2508 5340; x_wconf 89' lang='lat'><strong>:</strong></span> <span class='ocrx_word' id='word_1_883' title='bbox 2537 5287 2771 5341; x_wconf 81' lang='lat' dir='ltr'><strong>Ascendit</strong></span> <span class='ocrx_word' id='word_1_884' title='bbox 2797 5284 2934 5337; x_wconf 87' lang='lat' dir='ltr'><strong>Deus</strong></span> <span class='ocrx_word' id='word_1_885' title='bbox 2959 5285 3009 5337; x_wconf 87' lang='lat' dir='ltr'><strong>in</strong></span> <span class='ocrx_word' id='word_1_886' title='bbox 3030 5283 3351 5352; x_wconf 81' lang='lat' dir='ltr'><strong>jubilatt&#39;one,</strong></span> <span class='ocrx_word' id='word_1_887' title='bbox 3392 5281 3503 5334; x_wconf 89' lang='lat' dir='ltr'><strong>Do-</strong></span> 
     </span>
    </p>
   </div>
   <div class='ocr_carea' id='block_1_117' title="bbox 1939 5370 3506 5445">
    <p class='ocr_par' dir='ltr' id='par_1_117' title="bbox 1939 5370 3506 5445">
     <span class='ocr_line' id='line_1_117' title="bbox 1939 5370 3506 5445; baseline -0.006 -12"><span class='ocrx_word' id='word_1_888' title='bbox 1939 5383 2102 5435; x_wconf 88' lang='lat' dir='ltr'><strong>minus</strong></span> <span class='ocrx_word' id='word_1_889' title='bbox 2130 5382 2183 5434; x_wconf 86' lang='lat' dir='ltr'><strong>in</strong></span> <span class='ocrx_word' id='word_1_890' title='bbox 2213 5396 2327 5433; x_wconf 84' lang='lat' dir='ltr'><strong>voce</strong></span> <span class='ocrx_word' id='word_1_891' title='bbox 2352 5378 2516 5445; x_wconf 79' lang='lat' dir='ltr'><strong>tubte(</strong></span> <span class='ocrx_word' id='word_1_892' title='bbox 2550 5376 2693 5429; x_wconf 84' lang='lat' dir='ltr'><strong>Psat.</strong></span> <span class='ocrx_word' id='word_1_893' title='bbox 2722 5376 2809 5428; x_wconf 73' lang='grc'><strong>46.</strong></span> <span class='ocrx_word' id='word_1_894' title='bbox 2844 5375 2950 5445; x_wconf 85' lang='lat'><strong>6);</strong></span> <span class='ocrx_word' id='word_1_895' title='bbox 2983 5382 3036 5427; x_wconf 90' lang='lat' dir='ltr'><strong>et</strong></span> <span class='ocrx_word' id='word_1_896' title='bbox 3079 5386 3262 5425; x_wconf 88' lang='lat' dir='ltr'><strong>rursus</strong></span> <span class='ocrx_word' id='word_1_897' title='bbox 3297 5388 3310 5422; x_wconf 92' lang='lat'><strong>:</strong></span> <span class='ocrx_word' id='word_1_898' title='bbox 3362 5370 3506 5424; x_wconf 69' lang='lat' dir='ltr'><strong>Dicit</strong></span> 
     </span>
    </p>
   </div>
   <div class='ocr_carea' id='block_1_118' title="bbox 1938 5462 3507 5531">
    <p class='ocr_par' dir='ltr' id='par_1_118' title="bbox 1938 5462 3507 5531">
     <span class='ocr_line' id='line_1_118' title="bbox 1938 5462 3507 5531; baseline -0.005 -6"><span class='ocrx_word' id='word_1_899' title='bbox 1938 5470 2187 5525; x_wconf 82' lang='lat' dir='ltr'><strong>Dominus</strong></span> <span class='ocrx_word' id='word_1_900' title='bbox 2227 5469 2442 5522; x_wconf 86' lang='lat' dir='ltr'><strong>Domino</strong></span> <span class='ocrx_word' id='word_1_901' title='bbox 2489 5484 2617 5531; x_wconf 90' lang='lat' dir='ltr'><strong>meo,</strong></span> <span class='ocrx_word' id='word_1_902' title='bbox 2666 5466 2801 5521; x_wconf 88' lang='lat' dir='ltr'><strong>Sede</strong></span> <span class='ocrx_word' id='word_1_903' title='bbox 2839 5481 2871 5517; x_wconf 83' lang='grc' dir='ltr'><strong>α</strong></span> <span class='ocrx_word' id='word_1_904' title='bbox 2916 5464 3103 5518; x_wconf 69' lang='lat' dir='ltr'><strong>dextris</strong></span> <span class='ocrx_word' id='word_1_905' title='bbox 3152 5462 3291 5526; x_wconf 83' lang='lat' dir='ltr'><strong>meis,</strong></span> <span class='ocrx_word' id='word_1_906' title='bbox 3344 5476 3507 5517; x_wconf 77' lang='lat' dir='ltr'><strong>donec</strong></span> 
     </span>
    </p>
   </div>
   <div class='ocr_carea' id='block_1_119' title="bbox 1939 5549 3505 5631">
    <p class='ocr_par' dir='ltr' id='par_1_119' title="bbox 1939 5549 3505 5631">
     <span class='ocr_line' id='line_1_119' title="bbox 1939 5549 3505 5631; baseline -0.009 -16"><span class='ocrx_word' id='word_1_907' title='bbox 1939 5578 2122 5631; x_wconf 86' lang='lat' dir='ltr'><strong>ponam</strong></span> <span class='ocrx_word' id='word_1_908' title='bbox 2166 5559 2392 5613; x_wconf 87' lang='lat' dir='ltr'><strong>inimicos</strong></span> <span class='ocrx_word' id='word_1_909' title='bbox 2436 5568 2544 5613; x_wconf 87' lang='lat' dir='ltr'><strong>tuos</strong></span> <span class='ocrx_word' id='word_1_910' title='bbox 2575 5556 2849 5611; x_wconf 83' lang='lat' dir='ltr'><strong>scabellum</strong></span> <span class='ocrx_word' id='word_1_911' title='bbox 2884 5554 3067 5625; x_wconf 88' lang='lat' dir='ltr'><strong>pedum</strong></span> <span class='ocrx_word' id='word_1_912' title='bbox 3101 5562 3301 5604; x_wconf 87' lang='lat' dir='ltr'><strong>tuorum</strong></span> <span class='ocrx_word' id='word_1_913' title='bbox 3327 5549 3505 5619; x_wconf 63' lang='lat' dir='ltr'><strong>(Psal.</strong></span> 
     </span>
    </p>
   </div>
   <div class='ocr_carea' id='block_1_120' title="bbox 1940 5650 3513 5812">
    <p class='ocr_par' dir='ltr' id='par_1_120' title="bbox 1940 5650 3513 5812">
     <span class='ocr_line' id='line_1_120' title="bbox 1940 5650 3513 5812; baseline -0.002 -15"><span class='ocrx_word' id='word_1_914' title='bbox 1940 5650 2239 5799; x_wconf 68' lang='lat' dir='ltr'><strong>lCum</strong></span> <span class='ocrx_word' id='word_1_915' title='bbox 2277 5740 2431 5812; x_wconf 83' lang='lat' dir='ltr'><strong>igitur</strong></span> <span class='ocrx_word' id='word_1_916' title='bbox 2466 5739 2532 5795; x_wconf 88' lang='lat' dir='ltr'><strong>dc</strong></span> <span class='ocrx_word' id='word_1_917' title='bbox 2572 5737 2848 5809; x_wconf 84' lang='lat' dir='ltr'><strong>passione,</strong></span> <span class='ocrx_word' id='word_1_918' title='bbox 2889 5735 2958 5792; x_wconf 88' lang='lat' dir='ltr'><strong>de</strong></span> <span class='ocrx_word' id='word_1_919' title='bbox 2998 5735 3409 5803; x_wconf 78' lang='lat' dir='ltr'><strong>resurrectione,</strong></span> <span class='ocrx_word' id='word_1_920' title='bbox 3439 5734 3513 5795; x_wconf 86' lang='lat' dir='ltr'><strong>de</strong></span> 
     </span>
    </p>
   </div>
  </div>
