  <div class='ocr_page' id='page_1' title='image "/cluster/home/n/w/nwhite01/storage/ocr_20150623/56/uva.x004697988/189.png"; bbox 0 0 4144 6484; ppageno 0'>
   <div class='ocr_carea' id='block_1_1' title="bbox 720 435 753 487">
    <p class='ocr_par' dir='ltr' id='par_1_1' title="bbox 720 435 753 487">
     <span class='ocr_line' id='line_1_1' title="bbox 720 435 753 487; baseline 0 0"><span class='ocrx_word' id='word_1_1' title='bbox 720 435 753 487; x_wconf 84' lang='grc'><strong>9</strong></span> 
     </span>
    </p>
   </div>
   <div class='ocr_carea' id='block_1_2' title="bbox 640 436 2212 587">
    <p class='ocr_par' dir='ltr' id='par_1_2' title="bbox 640 436 2212 587">
     <span class='ocr_line' id='line_1_2' title="bbox 640 436 2212 489; baseline -0.022 -7"><span class='ocrx_word' id='word_1_2' title='bbox 640 436 753 489; x_wconf 81' lang='grc'><strong>179</strong></span> <span class='ocrx_word' id='word_1_3' title='bbox 1420 436 1478 462; x_wconf 70' lang='lat' dir='ltr'><strong>oo</strong></span> <span class='ocrx_word' id='word_1_4' title='bbox 1514 436 1788 461; x_wconf 67' lang='grc' dir='ltr'><strong>ουηιιυω</strong></span> <span class='ocrx_word' id='word_1_5' title='bbox 1822 436 2212 459; x_wconf 63' lang='grc' dir='ltr'><strong>υιηιιυνυιν</strong></span> 
     </span>
     <span class='ocr_line' id='line_1_3' title="bbox 647 511 2212 587; baseline -0.01 -8"><span class='ocrx_word' id='word_1_6' title='bbox 647 523 981 587; x_wconf 77' lang='lat' dir='ltr'><strong>ascensione,</strong></span> <span class='ocrx_word' id='word_1_7' title='bbox 1002 520 1071 575; x_wconf 86' lang='lat' dir='ltr'><strong>de</strong></span> <span class='ocrx_word' id='word_1_8' title='bbox 1094 519 1332 574; x_wconf 77' lang='lat' dir='ltr'><strong>sessione</strong></span> <span class='ocrx_word' id='word_1_9' title='bbox 1351 516 1415 571; x_wconf 90' lang='lat' dir='ltr'><strong>ad</strong></span> <span class='ocrx_word' id='word_1_10' title='bbox 1438 517 1731 582; x_wconf 79' lang='lat' dir='ltr'><strong>dexteram,</strong></span> <span class='ocrx_word' id='word_1_11' title='bbox 1755 514 1822 569; x_wconf 94' lang='lat' dir='ltr'><strong>de</strong></span> <span class='ocrx_word' id='word_1_12' title='bbox 1845 512 2076 568; x_wconf 92' lang='lat' dir='ltr'><strong>secundo</strong></span> <span class='ocrx_word' id='word_1_13' title='bbox 2099 511 2212 581; x_wconf 89' lang='lat' dir='ltr'><strong>ejus</strong></span> 
     </span>
    </p>
   </div>
   <div class='ocr_carea' id='block_1_3' title="bbox 647 603 2210 679">
    <p class='ocr_par' dir='ltr' id='par_1_3' title="bbox 647 603 2210 679">
     <span class='ocr_line' id='line_1_4' title="bbox 647 603 2210 679; baseline -0.006 -12"><span class='ocrx_word' id='word_1_14' title='bbox 647 614 897 679; x_wconf 88' lang='lat' dir='ltr'><strong>adventu,</strong></span> <span class='ocrx_word' id='word_1_15' title='bbox 916 628 979 667; x_wconf 89' lang='lat' dir='ltr'><strong>ac</strong></span> <span class='ocrx_word' id='word_1_16' title='bbox 1017 611 1084 667; x_wconf 89' lang='lat' dir='ltr'><strong>de</strong></span> <span class='ocrx_word' id='word_1_17' title='bbox 1121 612 1364 665; x_wconf 88' lang='lat' dir='ltr'><strong>onmibus</strong></span> <span class='ocrx_word' id='word_1_18' title='bbox 1401 610 1516 663; x_wconf 89' lang='lat' dir='ltr'><strong>istis</strong></span> <span class='ocrx_word' id='word_1_19' title='bbox 1561 608 1612 661; x_wconf 92' lang='lat' dir='ltr'><strong>in</strong></span> <span class='ocrx_word' id='word_1_20' title='bbox 1660 604 1984 670; x_wconf 88' lang='lat' dir='ltr'><strong>universum,</strong></span> <span class='ocrx_word' id='word_1_21' title='bbox 2014 619 2131 674; x_wconf 67' lang='lat' dir='ltr'><strong>quae</strong></span> <span class='ocrx_word' id='word_1_22' title='bbox 2158 603 2210 657; x_wconf 94' lang='lat' dir='ltr'><strong>in</strong></span> 
     </span>
    </p>
   </div>
   <div class='ocr_carea' id='block_1_4' title="bbox 648 694 2211 767">
    <p class='ocr_par' dir='ltr' id='par_1_4' title="bbox 648 694 2211 767">
     <span class='ocr_line' id='line_1_5' title="bbox 648 694 2211 767; baseline -0.007 -9"><span class='ocrx_word' id='word_1_23' title='bbox 648 702 795 758; x_wconf 81' lang='lat' dir='ltr'><strong>Novo</strong></span> <span class='ocrx_word' id='word_1_24' title='bbox 835 712 976 767; x_wconf 89' lang='lat' dir='ltr'><strong>sunt,</strong></span> <span class='ocrx_word' id='word_1_25' title='bbox 1016 699 1412 755; x_wconf 77' lang='lat' dir='ltr'><strong>Testamentum</strong></span> <span class='ocrx_word' id='word_1_26' title='bbox 1453 698 1615 752; x_wconf 75' lang='lat' dir='ltr'><strong>Vetus</strong></span> <span class='ocrx_word' id='word_1_27' title='bbox 1659 696 1976 765; x_wconf 67' lang='lat' dir='ltr'><strong>praedixerit,</strong></span> <span class='ocrx_word' id='word_1_28' title='bbox 2006 709 2072 748; x_wconf 89' lang='lat' dir='ltr'><strong>ne</strong></span> <span class='ocrx_word' id='word_1_29' title='bbox 2113 694 2211 747; x_wconf 90' lang='lat' dir='ltr'><strong>ista</strong></span> 
     </span>
    </p>
   </div>
   <div class='ocr_carea' id='block_1_5' title="bbox 646 785 2210 862">
    <p class='ocr_par' dir='ltr' id='par_1_5' title="bbox 646 785 2210 862">
     <span class='ocr_line' id='line_1_6' title="bbox 646 785 2210 862; baseline -0.006 -15"><span class='ocrx_word' id='word_1_30' title='bbox 646 792 890 862; x_wconf 75' lang='lat' dir='ltr'><strong>gentibus</strong></span> <span class='ocrx_word' id='word_1_31' title='bbox 916 806 1039 845; x_wconf 80' lang='lat' dir='ltr'><strong>mox</strong></span> <span class='ocrx_word' id='word_1_32' title='bbox 1064 789 1251 844; x_wconf 89' lang='lat' dir='ltr'><strong>futuris</strong></span> <span class='ocrx_word' id='word_1_33' title='bbox 1277 790 1450 858; x_wconf 88' lang='lat' dir='ltr'><strong>ignota</strong></span> <span class='ocrx_word' id='word_1_34' title='bbox 1472 796 1837 850; x_wconf 90' lang='lat' dir='ltr'><strong>remanerent,</strong></span> <span class='ocrx_word' id='word_1_35' title='bbox 1865 799 1929 841; x_wconf 92' lang='lat' dir='ltr'><strong>ac</strong></span> <span class='ocrx_word' id='word_1_36' title='bbox 1953 785 2059 839; x_wconf 92' lang='lat' dir='ltr'><strong>vim</strong></span> <span class='ocrx_word' id='word_1_37' title='bbox 2084 799 2210 853; x_wconf 84' lang='lat' dir='ltr'><strong>pro-</strong></span> 
     </span>
    </p>
   </div>
   <div class='ocr_carea' id='block_1_6' title="bbox 648 876 2210 953">
    <p class='ocr_par' dir='ltr' id='par_1_6' title="bbox 648 876 2210 953">
     <span class='ocr_line' id='line_1_7' title="bbox 648 876 2210 953; baseline -0.004 -18"><span class='ocrx_word' id='word_1_38' title='bbox 648 881 845 953; x_wconf 71' lang='lat' dir='ltr'><strong>phetite</strong></span> <span class='ocrx_word' id='word_1_39' title='bbox 872 881 1207 951; x_wconf 72' lang='lat' dir='ltr'><strong>ignorarent.</strong></span> <span class='ocrx_word' id='word_1_40' title='bbox 1234 890 1356 933; x_wconf 87' lang='lat' dir='ltr'><strong>ante</strong></span> <span class='ocrx_word' id='word_1_41' title='bbox 1381 878 1573 932; x_wconf 89' lang='lat' dir='ltr'><strong>Christi</strong></span> <span class='ocrx_word' id='word_1_42' title='bbox 1603 876 1881 931; x_wconf 85' lang='lat' dir='ltr'><strong>adventum</strong></span> <span class='ocrx_word' id='word_1_43' title='bbox 1909 884 1965 929; x_wconf 94' lang='lat' dir='ltr'><strong>ut</strong></span> <span class='ocrx_word' id='word_1_44' title='bbox 1987 889 2210 929; x_wconf 87' lang='lat' dir='ltr'><strong>conver-</strong></span> 
     </span>
    </p>
   </div>
   <div class='ocr_carea' id='block_1_7' title="bbox 647 965 2209 1039">
    <p class='ocr_par' dir='ltr' id='par_1_7' title="bbox 647 965 2209 1039">
     <span class='ocr_line' id='line_1_8' title="bbox 647 965 2209 1039; baseline -0.006 -13"><span class='ocrx_word' id='word_1_45' title='bbox 647 980 887 1027; x_wconf 88' lang='lat' dir='ltr'><strong>terentur</strong></span> <span class='ocrx_word' id='word_1_46' title='bbox 905 971 1212 1039; x_wconf 67' lang='lat' dir='ltr'><strong>Scripturaa,</strong></span> <span class='ocrx_word' id='word_1_47' title='bbox 1231 969 1399 1039; x_wconf 91' lang='lat' dir='ltr'><strong>gratia</strong></span> <span class='ocrx_word' id='word_1_48' title='bbox 1423 968 1597 1022; x_wconf 88' lang='lat' dir='ltr'><strong>divina</strong></span> <span class='ocrx_word' id='word_1_49' title='bbox 1622 965 1866 1035; x_wconf 82' lang='lat' dir='ltr'><strong>providit,</strong></span> <span class='ocrx_word' id='word_1_50' title='bbox 1892 979 2085 1033; x_wconf 88' lang='lat' dir='ltr'><strong>easque</strong></span> <span class='ocrx_word' id='word_1_51' title='bbox 2104 977 2209 1017; x_wconf 93' lang='lat' dir='ltr'><strong>non</strong></span> 
     </span>
    </p>
   </div>
   <div class='ocr_carea' id='block_1_8' title="bbox 648 1053 2211 1129">
    <p class='ocr_par' dir='ltr' id='par_1_8' title="bbox 648 1053 2211 1129">
     <span class='ocr_line' id='line_1_9' title="bbox 648 1053 2211 1129; baseline -0.007 -11"><span class='ocrx_word' id='word_1_52' title='bbox 648 1064 809 1118; x_wconf 89' lang='lat' dir='ltr'><strong>modo</strong></span> <span class='ocrx_word' id='word_1_53' title='bbox 834 1061 1105 1117; x_wconf 80' lang='lat' dir='ltr'><strong>conversis</strong></span> <span class='ocrx_word' id='word_1_54' title='bbox 1135 1077 1199 1115; x_wconf 81' lang='lat' dir='ltr'><strong>ex</strong></span> <span class='ocrx_word' id='word_1_55' title='bbox 1225 1060 1497 1129; x_wconf 77' lang='lat' dir='ltr'><strong>gentibus,</strong></span> <span class='ocrx_word' id='word_1_56' title='bbox 1528 1058 1621 1112; x_wconf 88' lang='lat' dir='ltr'><strong>sed</strong></span> <span class='ocrx_word' id='word_1_57' title='bbox 1650 1057 1808 1112; x_wconf 89' lang='lat' dir='ltr'><strong>etiam</strong></span> <span class='ocrx_word' id='word_1_58' title='bbox 1838 1053 2034 1110; x_wconf 85' lang='lat' dir='ltr'><strong>Judaeis</strong></span> <span class='ocrx_word' id='word_1_59' title='bbox 2059 1054 2211 1108; x_wconf 85' lang='lat' dir='ltr'><strong>utiles</strong></span> 
     </span>
    </p>
   </div>
   <div class='ocr_carea' id='block_1_9' title="bbox 646 1142 2212 1220">
    <p class='ocr_par' dir='ltr' id='par_1_9' title="bbox 646 1142 2212 1220">
     <span class='ocr_line' id='line_1_10' title="bbox 646 1142 2212 1220; baseline -0.007 -13"><span class='ocrx_word' id='word_1_60' title='bbox 646 1152 909 1218; x_wconf 85' lang='lat' dir='ltr'><strong>reddidit,</strong></span> <span class='ocrx_word' id='word_1_61' title='bbox 947 1150 1035 1220; x_wconf 91' lang='lat' dir='ltr'><strong>qui</strong></span> <span class='ocrx_word' id='word_1_62' title='bbox 1075 1150 1268 1219; x_wconf 90' lang='lat' dir='ltr'><strong>ubique</strong></span> <span class='ocrx_word' id='word_1_63' title='bbox 1303 1157 1564 1203; x_wconf 89' lang='lat' dir='ltr'><strong>terrarum</strong></span> <span class='ocrx_word' id='word_1_64' title='bbox 1601 1144 1821 1214; x_wconf 85' lang='lat' dir='ltr'><strong>dispersi</strong></span> <span class='ocrx_word' id='word_1_65' title='bbox 1861 1142 2084 1205; x_wconf 75' lang='lat' dir='ltr'><strong>fuerant,</strong></span> <span class='ocrx_word' id='word_1_66' title='bbox 2113 1156 2212 1196; x_wconf 89' lang='lat' dir='ltr'><strong>nec</strong></span> 
     </span>
    </p>
   </div>
   <div class='ocr_carea' id='block_1_10' title="bbox 647 1231 2208 1313">
    <p class='ocr_par' dir='ltr' id='par_1_10' title="bbox 647 1231 2208 1313">
     <span class='ocr_line' id='line_1_11' title="bbox 647 1231 2208 1313; baseline -0.009 -15"><span class='ocrx_word' id='word_1_67' title='bbox 647 1244 876 1313; x_wconf 81' lang='lat' dir='ltr'><strong>amplius</strong></span> <span class='ocrx_word' id='word_1_68' title='bbox 919 1241 1227 1297; x_wconf 87' lang='lat' dir='ltr'><strong>Hebraicam</strong></span> <span class='ocrx_word' id='word_1_69' title='bbox 1274 1239 1505 1308; x_wconf 81' lang='lat' dir='ltr'><strong>linguam</strong></span> <span class='ocrx_word' id='word_1_70' title='bbox 1553 1237 1819 1291; x_wconf 90' lang='lat' dir='ltr'><strong>tenebant.</strong></span> <span class='ocrx_word' id='word_1_71' title='bbox 1870 1233 2006 1287; x_wconf 85' lang='lat' dir='ltr'><strong>Ecce</strong></span> <span class='ocrx_word' id='word_1_72' title='bbox 2044 1231 2208 1296; x_wconf 90' lang='lat' dir='ltr'><strong>enim,</strong></span> 
     </span>
    </p>
   </div>
   <div class='ocr_carea' id='block_1_11' title="bbox 647 1322 2209 1403">
    <p class='ocr_par' dir='ltr' id='par_1_11' title="bbox 647 1322 2209 1403">
     <span class='ocr_line' id='line_1_12' title="bbox 647 1322 2209 1403; baseline -0.009 -14"><span class='ocrx_word' id='word_1_73' title='bbox 647 1334 871 1389; x_wconf 86' lang='lat' dir='ltr'><strong>credidit</strong></span> <span class='ocrx_word' id='word_1_74' title='bbox 889 1333 977 1403; x_wconf 86' lang='lat' dir='ltr'><strong>qui</strong></span> <span class='ocrx_word' id='word_1_75' title='bbox 998 1344 1286 1387; x_wconf 88' lang='lat' dir='ltr'><strong>conversus</strong></span> <span class='ocrx_word' id='word_1_76' title='bbox 1306 1338 1466 1384; x_wconf 81' lang='lat' dir='ltr'><strong>estex</strong></span> <span class='ocrx_word' id='word_1_77' title='bbox 1486 1327 1749 1397; x_wconf 85' lang='lat' dir='ltr'><strong>gentibus,</strong></span> <span class='ocrx_word' id='word_1_78' title='bbox 1766 1324 1889 1379; x_wconf 93' lang='lat' dir='ltr'><strong>dum</strong></span> <span class='ocrx_word' id='word_1_79' title='bbox 1912 1322 2209 1378; x_wconf 72' lang='lat' dir='ltr'><strong>Judasorum</strong></span> 
     </span>
    </p>
   </div>
   <div class='ocr_carea' id='block_1_12' title="bbox 648 1413 2212 1496">
    <p class='ocr_par' dir='ltr' id='par_1_12' title="bbox 648 1413 2212 1496">
     <span class='ocr_line' id='line_1_13' title="bbox 648 1413 2212 1496; baseline -0.009 -16"><span class='ocrx_word' id='word_1_80' title='bbox 648 1425 798 1496; x_wconf 85' lang='lat' dir='ltr'><strong>signa</strong></span> <span class='ocrx_word' id='word_1_81' title='bbox 827 1425 991 1479; x_wconf 92' lang='lat' dir='ltr'><strong>videt.</strong></span> <span class='ocrx_word' id='word_1_82' title='bbox 1024 1421 1300 1491; x_wconf 84' lang='lat' dir='ltr'><strong>Quomodo</strong></span> <span class='ocrx_word' id='word_1_83' title='bbox 1336 1418 1630 1489; x_wconf 90' lang='lat' dir='ltr'><strong>potuissent</strong></span> <span class='ocrx_word' id='word_1_84' title='bbox 1665 1429 1847 1471; x_wconf 91' lang='lat' dir='ltr'><strong>rursus</strong></span> <span class='ocrx_word' id='word_1_85' title='bbox 1875 1414 2094 1484; x_wconf 86' lang='lat' dir='ltr'><strong>apostoli</strong></span> <span class='ocrx_word' id='word_1_86' title='bbox 2120 1413 2212 1468; x_wconf 84' lang='lat' dir='ltr'><strong>Ju-</strong></span> 
     </span>
    </p>
   </div>
   <div class='ocr_carea' id='block_1_13' title="bbox 647 1500 2210 1580">
    <p class='ocr_par' dir='ltr' id='par_1_13' title="bbox 647 1500 2210 1580">
     <span class='ocr_line' id='line_1_14' title="bbox 647 1500 2210 1580; baseline -0.01 -8"><span class='ocrx_word' id='word_1_87' title='bbox 647 1516 820 1571; x_wconf 60' lang='lat' dir='ltr'><strong>daeum</strong></span> <span class='ocrx_word' id='word_1_88' title='bbox 846 1514 1106 1570; x_wconf 81' lang='lat' dir='ltr'><strong>adducere</strong></span> <span class='ocrx_word' id='word_1_89' title='bbox 1131 1555 1147 1580; x_wconf 94' lang='lat'><strong>,</strong></span> <span class='ocrx_word' id='word_1_90' title='bbox 1186 1512 1284 1566; x_wconf 90' lang='lat' dir='ltr'><strong>nisi</strong></span> <span class='ocrx_word' id='word_1_91' title='bbox 1320 1500 1664 1566; x_wconf 80' lang='lat' dir='ltr'><strong>domesticum</strong></span> <span class='ocrx_word' id='word_1_92' title='bbox 1692 1508 1766 1562; x_wconf 93' lang='lat' dir='ltr'><strong>illi</strong></span> <span class='ocrx_word' id='word_1_93' title='bbox 1794 1507 2064 1560; x_wconf 87' lang='lat' dir='ltr'><strong>doctorem</strong></span> <span class='ocrx_word' id='word_1_94' title='bbox 2090 1520 2210 1573; x_wconf 84' lang='lat' dir='ltr'><strong>pro-</strong></span> 
     </span>
    </p>
   </div>
   <div class='ocr_carea' id='block_1_14' title="bbox 649 1594 2211 1675">
    <p class='ocr_par' dir='ltr' id='par_1_14' title="bbox 649 1594 2211 1675">
     <span class='ocr_line' id='line_1_15' title="bbox 649 1594 2211 1675; baseline -0.006 -16"><span class='ocrx_word' id='word_1_95' title='bbox 649 1603 861 1675; x_wconf 88' lang='lat' dir='ltr'><strong>phetam</strong></span> <span class='ocrx_word' id='word_1_96' title='bbox 890 1602 1197 1659; x_wconf 78' lang='lat' dir='ltr'><strong>dedissent?</strong></span> <span class='ocrx_word' id='word_1_97' title='bbox 1229 1601 1356 1656; x_wconf 85' lang='lat' dir='ltr'><strong>Nam</strong></span> <span class='ocrx_word' id='word_1_98' title='bbox 1386 1600 1430 1654; x_wconf 87' lang='lat' dir='ltr'><strong>si</strong></span> <span class='ocrx_word' id='word_1_99' title='bbox 1455 1599 1687 1653; x_wconf 83' lang='lat' dir='ltr'><strong>Athenas</strong></span> <span class='ocrx_word' id='word_1_100' title='bbox 1724 1598 1987 1665; x_wconf 89' lang='lat' dir='ltr'><strong>ingressus</strong></span> <span class='ocrx_word' id='word_1_101' title='bbox 2022 1594 2211 1649; x_wconf 87' lang='lat' dir='ltr'><strong>Paulus</strong></span> 
     </span>
    </p>
   </div>
   <div class='ocr_carea' id='block_1_15' title="bbox 650 1684 2211 1762">
    <p class='ocr_par' dir='ltr' id='par_1_15' title="bbox 650 1684 2211 1762">
     <span class='ocr_line' id='line_1_16' title="bbox 650 1684 2211 1762; baseline -0.005 -15"><span class='ocrx_word' id='word_1_102' title='bbox 650 1694 993 1762; x_wconf 88' lang='lat' dir='ltr'><strong>inscriptione</strong></span> <span class='ocrx_word' id='word_1_103' title='bbox 1022 1692 1241 1761; x_wconf 91' lang='lat' dir='ltr'><strong>indiguit</strong></span> <span class='ocrx_word' id='word_1_104' title='bbox 1265 1691 1416 1745; x_wconf 85' lang='lat' dir='ltr'><strong>altari</strong></span> <span class='ocrx_word' id='word_1_105' title='bbox 1445 1690 1698 1759; x_wconf 89' lang='lat' dir='ltr'><strong>insculpta</strong></span> <span class='ocrx_word' id='word_1_106' title='bbox 1723 1687 1872 1758; x_wconf 88' lang='lat' dir='ltr'><strong>(Act.</strong></span> <span class='ocrx_word' id='word_1_107' title='bbox 1902 1688 1965 1741; x_wconf 78' lang='lat' dir='ltr'><strong>i7</strong></span> <span class='ocrx_word' id='word_1_108' title='bbox 1985 1684 2004 1759; x_wconf 97' lang='lat'>)</span> <span class='ocrx_word' id='word_1_109' title='bbox 2023 1727 2038 1751; x_wconf 95' lang='lat'><strong>,</strong></span> <span class='ocrx_word' id='word_1_110' title='bbox 2065 1694 2118 1741; x_wconf 89' lang='lat' dir='ltr'><strong>et</strong></span> <span class='ocrx_word' id='word_1_111' title='bbox 2145 1684 2211 1739; x_wconf 92' lang='lat' dir='ltr'><strong>ad</strong></span> 
     </span>
    </p>
   </div>
   <div class='ocr_carea' id='block_1_16' title="bbox 648 1777 2209 1849">
    <p class='ocr_par' dir='ltr' id='par_1_16' title="bbox 648 1777 2209 1849">
     <span class='ocr_line' id='line_1_17' title="bbox 648 1777 2209 1849; baseline -0.007 -8"><span class='ocrx_word' id='word_1_112' title='bbox 648 1800 831 1841; x_wconf 89' lang='lat' dir='ltr'><strong>eorum</strong></span> <span class='ocrx_word' id='word_1_113' title='bbox 859 1785 1257 1839; x_wconf 89' lang='lat' dir='ltr'><strong>instructionem</strong></span> <span class='ocrx_word' id='word_1_114' title='bbox 1286 1783 1427 1835; x_wconf 89' lang='lat' dir='ltr'><strong>illam</strong></span> <span class='ocrx_word' id='word_1_115' title='bbox 1469 1779 1722 1846; x_wconf 82' lang='lat' dir='ltr'><strong>traduxit,</strong></span> <span class='ocrx_word' id='word_1_116' title='bbox 1754 1779 1893 1849; x_wconf 92' lang='lat' dir='ltr'><strong>quod</strong></span> <span class='ocrx_word' id='word_1_117' title='bbox 1921 1794 1979 1833; x_wconf 85' lang='lat' dir='ltr'><strong>se</strong></span> <span class='ocrx_word' id='word_1_118' title='bbox 2008 1777 2209 1832; x_wconf 89' lang='lat' dir='ltr'><strong>facilius</strong></span> 
     </span>
    </p>
   </div>
   <div class='ocr_carea' id='block_1_17' title="bbox 650 1872 2206 1946">
    <p class='ocr_par' dir='ltr' id='par_1_17' title="bbox 650 1872 2206 1946">
     <span class='ocr_line' id='line_1_18' title="bbox 650 1872 2206 1946; baseline -0.005 -16"><span class='ocrx_word' id='word_1_119' title='bbox 650 1877 876 1946; x_wconf 87' lang='lat' dir='ltr'><strong>propriis</strong></span> <span class='ocrx_word' id='word_1_120' title='bbox 901 1876 1133 1945; x_wconf 88' lang='lat' dir='ltr'><strong>ipsorum</strong></span> <span class='ocrx_word' id='word_1_121' title='bbox 1172 1872 1335 1926; x_wconf 89' lang='lat' dir='ltr'><strong>armis</strong></span> <span class='ocrx_word' id='word_1_122' title='bbox 1371 1886 1464 1926; x_wconf 86' lang='lat' dir='ltr'><strong>eos</strong></span> <span class='ocrx_word' id='word_1_123' title='bbox 1500 1878 1913 1940; x_wconf 82' lang='lat' dir='ltr'><strong>expugnaturum</strong></span> <span class='ocrx_word' id='word_1_124' title='bbox 1950 1876 2206 1939; x_wconf 84' lang='lat' dir='ltr'><strong>speraret,</strong></span> 
     </span>
    </p>
   </div>
   <div class='ocr_carea' id='block_1_18' title="bbox 649 1958 2209 2035">
    <p class='ocr_par' dir='ltr' id='par_1_18' title="bbox 649 1958 2209 2035">
     <span class='ocr_line' id='line_1_19' title="bbox 649 1958 2209 2035; baseline -0.002 -18"><span class='ocrx_word' id='word_1_125' title='bbox 649 1965 788 2035; x_wconf 91' lang='lat' dir='ltr'><strong>quod</strong></span> <span class='ocrx_word' id='word_1_126' title='bbox 826 1965 984 2019; x_wconf 92' lang='lat' dir='ltr'><strong>etiam</strong></span> <span class='ocrx_word' id='word_1_127' title='bbox 1024 1962 1250 2028; x_wconf 90' lang='lat' dir='ltr'><strong>accidit;</strong></span> <span class='ocrx_word' id='word_1_128' title='bbox 1297 1961 1463 2015; x_wconf 90' lang='lat' dir='ltr'><strong>multo</strong></span> <span class='ocrx_word' id='word_1_129' title='bbox 1492 1960 1657 2031; x_wconf 88' lang='lat' dir='ltr'><strong>magis</strong></span> <span class='ocrx_word' id='word_1_130' title='bbox 1678 1974 1801 2015; x_wconf 90' lang='lat' dir='ltr'><strong>cum</strong></span> <span class='ocrx_word' id='word_1_131' title='bbox 1826 1958 2019 2014; x_wconf 69' lang='lat' dir='ltr'><strong>Judazis</strong></span> <span class='ocrx_word' id='word_1_132' title='bbox 2047 1974 2209 2029; x_wconf 85' lang='lat' dir='ltr'><strong>agens</strong></span> 
     </span>
    </p>
   </div>
   <div class='ocr_carea' id='block_1_19' title="bbox 647 2050 2209 2127">
    <p class='ocr_par' dir='ltr' id='par_1_19' title="bbox 647 2050 2209 2127">
     <span class='ocr_line' id='line_1_20' title="bbox 647 2050 2209 2127; baseline -0.006 -16"><span class='ocrx_word' id='word_1_133' title='bbox 647 2058 844 2112; x_wconf 79' lang='lat' dir='ltr'><strong>auxilio</strong></span> <span class='ocrx_word' id='word_1_134' title='bbox 877 2056 1254 2127; x_wconf 86' lang='lat' dir='ltr'><strong>prophetarum</strong></span> <span class='ocrx_word' id='word_1_135' title='bbox 1281 2053 1549 2123; x_wconf 88' lang='lat' dir='ltr'><strong>indigebat</strong></span> <span class='ocrx_word' id='word_1_136' title='bbox 1573 2094 1587 2115; x_wconf 91' lang='lat'><strong>,</strong></span> <span class='ocrx_word' id='word_1_137' title='bbox 1620 2066 1686 2107; x_wconf 89' lang='lat' dir='ltr'><strong>ne</strong></span> <span class='ocrx_word' id='word_1_138' title='bbox 1714 2052 1780 2105; x_wconf 89' lang='lat' dir='ltr'><strong>ab</strong></span> <span class='ocrx_word' id='word_1_139' title='bbox 1806 2050 1910 2104; x_wconf 89' lang='lat' dir='ltr'><strong>illis</strong></span> <span class='ocrx_word' id='word_1_140' title='bbox 1937 2051 2093 2104; x_wconf 90' lang='lat' dir='ltr'><strong>etiam</strong></span> <span class='ocrx_word' id='word_1_141' title='bbox 2121 2064 2209 2103; x_wconf 90' lang='lat' dir='ltr'><strong>ac-</strong></span> 
     </span>
    </p>
   </div>
   <div class='ocr_carea' id='block_1_20' title="bbox 647 2139 2205 2213">
    <p class='ocr_par' dir='ltr' id='par_1_20' title="bbox 647 2139 2205 2213">
     <span class='ocr_line' id='line_1_21' title="bbox 647 2139 2205 2213; baseline -0.004 -12"><span class='ocrx_word' id='word_1_142' title='bbox 647 2155 953 2211; x_wconf 85' lang='lat' dir='ltr'><strong>cusaretur,</strong></span> <span class='ocrx_word' id='word_1_143' title='bbox 983 2144 1122 2212; x_wconf 89' lang='lat' dir='ltr'><strong>quod</strong></span> <span class='ocrx_word' id='word_1_144' title='bbox 1149 2157 1281 2198; x_wconf 88' lang='lat' dir='ltr'><strong>nova</strong></span> <span class='ocrx_word' id='word_1_145' title='bbox 1306 2142 1545 2213; x_wconf 58' lang='lat' dir='ltr'><strong>quadam</strong></span> <span class='ocrx_word' id='word_1_146' title='bbox 1591 2156 1653 2195; x_wconf 89' lang='lat' dir='ltr'><strong>ac</strong></span> <span class='ocrx_word' id='word_1_147' title='bbox 1689 2140 1963 2210; x_wconf 88' lang='lat' dir='ltr'><strong>peregrina</strong></span> <span class='ocrx_word' id='word_1_148' title='bbox 1992 2139 2205 2194; x_wconf 91' lang='lat' dir='ltr'><strong>illorum</strong></span> 
     </span>
    </p>
   </div>
   <div class='ocr_carea' id='block_1_21' title="bbox 646 2231 2205 2301">
    <p class='ocr_par' dir='ltr' id='par_1_21' title="bbox 646 2231 2205 2301">
     <span class='ocr_line' id='line_1_22' title="bbox 646 2231 2205 2301; baseline -0.003 -13"><span class='ocrx_word' id='word_1_149' title='bbox 646 2236 862 2289; x_wconf 89' lang='lat' dir='ltr'><strong>auribus</strong></span> <span class='ocrx_word' id='word_1_150' title='bbox 888 2234 1125 2289; x_wconf 82' lang='lat' dir='ltr'><strong>inferret.</strong></span> <span class='ocrx_word' id='word_1_151' title='bbox 1155 2234 1221 2288; x_wconf 89' lang='lat' dir='ltr'><strong>Et</strong></span> <span class='ocrx_word' id='word_1_152' title='bbox 1248 2248 1360 2298; x_wconf 88' lang='lat' dir='ltr'><strong>cur,</strong></span> <span class='ocrx_word' id='word_1_153' title='bbox 1393 2232 1579 2301; x_wconf 85' lang='lat' dir='ltr'><strong>inquit,</strong></span> <span class='ocrx_word' id='word_1_154' title='bbox 1604 2246 1703 2285; x_wconf 90' lang='lat' dir='ltr'><strong>una</strong></span> <span class='ocrx_word' id='word_1_155' title='bbox 1734 2231 1907 2300; x_wconf 87' lang='lat' dir='ltr'><strong>lingua</strong></span> <span class='ocrx_word' id='word_1_156' title='bbox 1940 2244 2044 2284; x_wconf 91' lang='lat' dir='ltr'><strong>non</strong></span> <span class='ocrx_word' id='word_1_157' title='bbox 2074 2237 2205 2293; x_wconf 85' lang='lat' dir='ltr'><strong>erat,</strong></span> 
     </span>
    </p>
   </div>
   <div class='ocr_carea' id='block_1_22' title="bbox 650 2319 2210 2390">
    <p class='ocr_par' dir='ltr' id='par_1_22' title="bbox 650 2319 2210 2390">
     <span class='ocr_line' id='line_1_23' title="bbox 650 2319 2210 2390; baseline -0.004 -11"><span class='ocrx_word' id='word_1_158' title='bbox 650 2334 709 2379; x_wconf 92' lang='lat' dir='ltr'><strong>ut</strong></span> <span class='ocrx_word' id='word_1_159' title='bbox 734 2325 879 2379; x_wconf 90' lang='lat' dir='ltr'><strong>omni</strong></span> <span class='ocrx_word' id='word_1_160' title='bbox 907 2323 1216 2379; x_wconf 91' lang='lat' dir='ltr'><strong>difﬁcultate</strong></span> <span class='ocrx_word' id='word_1_161' title='bbox 1240 2320 1620 2376; x_wconf 79' lang='lat' dir='ltr'><strong>liberaremur?</strong></span> <span class='ocrx_word' id='word_1_162' title='bbox 1647 2319 1761 2375; x_wconf 89' lang='lat' dir='ltr'><strong>Una</strong></span> <span class='ocrx_word' id='word_1_163' title='bbox 1789 2320 1962 2390; x_wconf 87' lang='lat' dir='ltr'><strong>lingua</strong></span> <span class='ocrx_word' id='word_1_164' title='bbox 1991 2326 2105 2373; x_wconf 90' lang='lat' dir='ltr'><strong>erat</strong></span> <span class='ocrx_word' id='word_1_165' title='bbox 2122 2333 2210 2373; x_wconf 84' lang='lat' dir='ltr'><strong>an-</strong></span> 
     </span>
    </p>
   </div>
   <div class='ocr_carea' id='block_1_23' title="bbox 648 2410 2205 2485">
    <p class='ocr_par' dir='ltr' id='par_1_23' title="bbox 648 2410 2205 2485">
     <span class='ocr_line' id='line_1_24' title="bbox 648 2410 2205 2485; baseline -0.006 -16"><span class='ocrx_word' id='word_1_166' title='bbox 648 2413 889 2485; x_wconf 86' lang='lat' dir='ltr'><strong>tiquitus,</strong></span> <span class='ocrx_word' id='word_1_167' title='bbox 917 2414 987 2469; x_wconf 92' lang='lat' dir='ltr'><strong>mi</strong></span> <span class='ocrx_word' id='word_1_168' title='bbox 1016 2413 1195 2479; x_wconf 90' lang='lat' dir='ltr'><strong>homo,</strong></span> <span class='ocrx_word' id='word_1_169' title='bbox 1223 2420 1277 2467; x_wconf 90' lang='lat' dir='ltr'><strong>et</strong></span> <span class='ocrx_word' id='word_1_170' title='bbox 1302 2412 1437 2466; x_wconf 90' lang='lat' dir='ltr'><strong>sicut</strong></span> <span class='ocrx_word' id='word_1_171' title='bbox 1464 2426 1564 2465; x_wconf 91' lang='lat' dir='ltr'><strong>una</strong></span> <span class='ocrx_word' id='word_1_172' title='bbox 1594 2410 1865 2464; x_wconf 90' lang='lat' dir='ltr'><strong>hominum</strong></span> <span class='ocrx_word' id='word_1_173' title='bbox 1895 2417 1977 2463; x_wconf 92' lang='lat' dir='ltr'><strong>est</strong></span> <span class='ocrx_word' id='word_1_174' title='bbox 2000 2417 2205 2471; x_wconf 90' lang='lat' dir='ltr'><strong>natura,</strong></span> 
     </span>
    </p>
   </div>
   <div class='ocr_carea' id='block_1_24' title="bbox 645 2499 2209 2572">
    <p class='ocr_par' dir='ltr' id='par_1_24' title="bbox 645 2499 2209 2572">
     <span class='ocr_line' id='line_1_25' title="bbox 645 2499 2209 2572; baseline -0.005 -11"><span class='ocrx_word' id='word_1_175' title='bbox 645 2508 723 2562; x_wconf 89' lang='lat' dir='ltr'><strong>sic</strong></span> <span class='ocrx_word' id='word_1_176' title='bbox 743 2514 798 2561; x_wconf 91' lang='lat' dir='ltr'><strong>et</strong></span> <span class='ocrx_word' id='word_1_177' title='bbox 822 2520 924 2559; x_wconf 82' lang='lat' dir='ltr'><strong>una</strong></span> <span class='ocrx_word' id='word_1_178' title='bbox 951 2512 1263 2560; x_wconf 91' lang='lat' dir='ltr'><strong>cunctorum</strong></span> <span class='ocrx_word' id='word_1_179' title='bbox 1302 2503 1474 2572; x_wconf 86' lang='lat' dir='ltr'><strong>lingua</strong></span> <span class='ocrx_word' id='word_1_180' title='bbox 1510 2509 1643 2556; x_wconf 92' lang='lat' dir='ltr'><strong>erat.</strong></span> <span class='ocrx_word' id='word_1_181' title='bbox 1684 2500 1798 2554; x_wconf 84' lang='lat' dir='ltr'><strong>Non</strong></span> <span class='ocrx_word' id='word_1_182' title='bbox 1826 2508 1941 2554; x_wconf 89' lang='lat' dir='ltr'><strong>erat</strong></span> <span class='ocrx_word' id='word_1_183' title='bbox 1966 2499 2032 2552; x_wconf 91' lang='lat' dir='ltr'><strong>ab</strong></span> <span class='ocrx_word' id='word_1_184' title='bbox 2059 2499 2209 2553; x_wconf 90' lang='lat' dir='ltr'><strong>initio</strong></span> 
     </span>
    </p>
   </div>
   <div class='ocr_carea' id='block_1_25' title="bbox 646 2590 2209 2665">
    <p class='ocr_par' dir='ltr' id='par_1_25' title="bbox 646 2590 2209 2665">
     <span class='ocr_line' id='line_1_26' title="bbox 646 2590 2209 2665; baseline -0.004 -16"><span class='ocrx_word' id='word_1_185' title='bbox 646 2599 727 2653; x_wconf 78' lang='lat' dir='ltr'><strong>vir</strong></span> <span class='ocrx_word' id='word_1_186' title='bbox 747 2597 885 2652; x_wconf 88' lang='lat' dir='ltr'><strong>ullus</strong></span> <span class='ocrx_word' id='word_1_187' title='bbox 903 2597 1089 2651; x_wconf 73' lang='lat' dir='ltr'><strong>aliena:</strong></span> <span class='ocrx_word' id='word_1_188' title='bbox 1109 2596 1319 2665; x_wconf 64' lang='lat' dir='ltr'><strong>linguae,</strong></span> <span class='ocrx_word' id='word_1_189' title='bbox 1340 2610 1445 2648; x_wconf 91' lang='lat' dir='ltr'><strong>non</strong></span> <span class='ocrx_word' id='word_1_190' title='bbox 1467 2602 1580 2648; x_wconf 90' lang='lat' dir='ltr'><strong>erat</strong></span> <span class='ocrx_word' id='word_1_191' title='bbox 1602 2592 1817 2647; x_wconf 89' lang='lat' dir='ltr'><strong>alterius</strong></span> <span class='ocrx_word' id='word_1_192' title='bbox 1835 2590 2078 2662; x_wconf 66' lang='lat' dir='ltr'><strong>loquelae,</strong></span> <span class='ocrx_word' id='word_1_193' title='bbox 2103 2604 2209 2643; x_wconf 89' lang='lat' dir='ltr'><strong>non</strong></span> 
     </span>
    </p>
   </div>
   <div class='ocr_carea' id='block_1_26' title="bbox 646 2674 2208 2759">
    <p class='ocr_par' dir='ltr' id='par_1_26' title="bbox 646 2674 2208 2759">
     <span class='ocr_line' id='line_1_27' title="bbox 646 2674 2208 2759; baseline -0.008 -13"><span class='ocrx_word' id='word_1_194' title='bbox 646 2700 763 2746; x_wconf 91' lang='lat' dir='ltr'><strong>erat</strong></span> <span class='ocrx_word' id='word_1_195' title='bbox 786 2690 941 2745; x_wconf 89' lang='lat' dir='ltr'><strong>Indus</strong></span> <span class='ocrx_word' id='word_1_196' title='bbox 960 2730 978 2756; x_wconf 92' lang='lat'><strong>,</strong></span> <span class='ocrx_word' id='word_1_197' title='bbox 1004 2703 1176 2759; x_wconf 89' lang='lat' dir='ltr'><strong>neque</strong></span> <span class='ocrx_word' id='word_1_198' title='bbox 1203 2688 1375 2742; x_wconf 77' lang='lat' dir='ltr'><strong>Thrax</strong></span> <span class='ocrx_word' id='word_1_199' title='bbox 1395 2727 1409 2751; x_wconf 94' lang='lat'><strong>,</strong></span> <span class='ocrx_word' id='word_1_200' title='bbox 1439 2700 1608 2756; x_wconf 90' lang='lat' dir='ltr'><strong>neque</strong></span> <span class='ocrx_word' id='word_1_201' title='bbox 1635 2683 1830 2756; x_wconf 86' lang='lat' dir='ltr'><strong>Scytha</strong></span> <span class='ocrx_word' id='word_1_202' title='bbox 1853 2674 1993 2748; x_wconf 48' lang='lat' dir='ltr'><strong>{sed</strong></span> <span class='ocrx_word' id='word_1_203' title='bbox 2022 2696 2208 2736; x_wconf 90' lang='lat' dir='ltr'><strong>omnes</strong></span> 
     </span>
    </p>
   </div>
   <div class='ocr_carea' id='block_1_27' title="bbox 648 2770 2209 2851">
    <p class='ocr_par' dir='ltr' id='par_1_27' title="bbox 648 2770 2209 2851">
     <span class='ocr_line' id='line_1_28' title="bbox 648 2770 2209 2851; baseline -0.007 -16"><span class='ocrx_word' id='word_1_204' title='bbox 648 2798 752 2837; x_wconf 85' lang='lat' dir='ltr'><strong>una</strong></span> <span class='ocrx_word' id='word_1_205' title='bbox 791 2782 964 2851; x_wconf 75' lang='lat' dir='ltr'><strong>lingua</strong></span> <span class='ocrx_word' id='word_1_206' title='bbox 1003 2779 1371 2849; x_wconf 86' lang='lat' dir='ltr'><strong>loquebantur.</strong></span> <span class='ocrx_word' id='word_1_207' title='bbox 1416 2776 1550 2844; x_wconf 88' lang='lat' dir='ltr'><strong>Quid</strong></span> <span class='ocrx_word' id='word_1_208' title='bbox 1590 2773 1746 2844; x_wconf 89' lang='lat' dir='ltr'><strong>igitur</strong></span> <span class='ocrx_word' id='word_1_209' title='bbox 1787 2774 1839 2828; x_wconf 90' lang='lat' dir='ltr'><strong>in</strong></span> <span class='ocrx_word' id='word_1_210' title='bbox 1883 2786 2041 2827; x_wconf 89' lang='lat' dir='ltr'><strong>causa</strong></span> <span class='ocrx_word' id='word_1_211' title='bbox 2076 2770 2209 2825; x_wconf 89' lang='lat' dir='ltr'><strong>fuit?</strong></span> 
     </span>
    </p>
   </div>
   <div class='ocr_carea' id='block_1_28' title="bbox 649 2868 2207 2940">
    <p class='ocr_par' dir='ltr' id='par_1_28' title="bbox 649 2868 2207 2940">
     <span class='ocr_line' id='line_1_29' title="bbox 649 2868 2207 2940; baseline -0.007 -14"><span class='ocrx_word' id='word_1_212' title='bbox 649 2870 852 2940; x_wconf 89' lang='lat' dir='ltr'><strong>lndigni</strong></span> <span class='ocrx_word' id='word_1_213' title='bbox 884 2870 985 2924; x_wconf 92' lang='lat' dir='ltr'><strong>hac</strong></span> <span class='ocrx_word' id='word_1_214' title='bbox 1014 2884 1113 2922; x_wconf 85' lang='lat' dir='ltr'><strong>una</strong></span> <span class='ocrx_word' id='word_1_215' title='bbox 1146 2869 1321 2936; x_wconf 86' lang='lat' dir='ltr'><strong>lingua</strong></span> <span class='ocrx_word' id='word_1_216' title='bbox 1347 2868 1442 2920; x_wconf 83' lang='lat' dir='ltr'><strong>visi</strong></span> <span class='ocrx_word' id='word_1_217' title='bbox 1470 2880 1653 2920; x_wconf 88' lang='lat' dir='ltr'><strong>sumus</strong></span> <span class='ocrx_word' id='word_1_218' title='bbox 1687 2879 1783 2918; x_wconf 91' lang='lat' dir='ltr'><strong>nos</strong></span> <span class='ocrx_word' id='word_1_219' title='bbox 1805 2903 1820 2928; x_wconf 96' lang='lat'><strong>,</strong></span> <span class='ocrx_word' id='word_1_220' title='bbox 1854 2878 2064 2932; x_wconf 88' lang='lat' dir='ltr'><strong>semper</strong></span> <span class='ocrx_word' id='word_1_221' title='bbox 2085 2877 2207 2930; x_wconf 88' lang='lat' dir='ltr'><strong>erga</strong></span> 
     </span>
    </p>
   </div>
   <div class='ocr_carea' id='block_1_29' title="bbox 648 2951 2208 3029">
    <p class='ocr_par' dir='ltr' id='par_1_29' title="bbox 648 2951 2208 3029">
     <span class='ocr_line' id='line_1_30' title="bbox 648 2951 2208 3029; baseline -0.01 -10"><span class='ocrx_word' id='word_1_222' title='bbox 648 2960 1034 3019; x_wconf 88' lang='lat' dir='ltr'><strong>benefactorem</strong></span> <span class='ocrx_word' id='word_1_223' title='bbox 1077 2958 1285 3029; x_wconf 87' lang='lat' dir='ltr'><strong>ingrati.</strong></span> <span class='ocrx_word' id='word_1_224' title='bbox 1327 2954 1460 3025; x_wconf 87' lang='lat' dir='ltr'><strong>Quid</strong></span> <span class='ocrx_word' id='word_1_225' title='bbox 1506 2955 1623 3009; x_wconf 83' lang='lat' dir='ltr'><strong>ais?</strong></span> <span class='ocrx_word' id='word_1_226' title='bbox 1660 2954 1832 3023; x_wconf 89' lang='lat' dir='ltr'><strong>lingua</strong></span> <span class='ocrx_word' id='word_1_227' title='bbox 1873 2968 1970 3007; x_wconf 90' lang='lat' dir='ltr'><strong>nos</strong></span> <span class='ocrx_word' id='word_1_228' title='bbox 2011 2951 2208 3021; x_wconf 81' lang='lat' dir='ltr'><strong>indigni</strong></span> 
     </span>
    </p>
   </div>
   <div class='ocr_carea' id='block_1_30' title="bbox 648 3046 2211 3119">
    <p class='ocr_par' dir='ltr' id='par_1_30' title="bbox 648 3046 2211 3119">
     <span class='ocr_line' id='line_1_31' title="bbox 648 3046 2211 3119; baseline -0.004 -14"><span class='ocrx_word' id='word_1_229' title='bbox 648 3053 746 3107; x_wconf 87' lang='lat' dir='ltr'><strong>visi</strong></span> <span class='ocrx_word' id='word_1_230' title='bbox 774 3051 989 3107; x_wconf 85' lang='lat' dir='ltr'><strong>sumus?</strong></span> <span class='ocrx_word' id='word_1_231' title='bbox 1015 3065 1079 3104; x_wconf 92' lang='lat' dir='ltr'><strong>ac</strong></span> <span class='ocrx_word' id='word_1_232' title='bbox 1103 3050 1270 3104; x_wconf 57' lang='lat' dir='ltr'><strong>bruta</strong></span> <span class='ocrx_word' id='word_1_233' title='bbox 1290 3048 1500 3119; x_wconf 91' lang='lat' dir='ltr'><strong>quidem</strong></span> <span class='ocrx_word' id='word_1_234' title='bbox 1519 3050 1809 3102; x_wconf 89' lang='lat' dir='ltr'><strong>animantes</strong></span> <span class='ocrx_word' id='word_1_235' title='bbox 1830 3046 2092 3115; x_wconf 85' lang='lat' dir='ltr'><strong>propriam</strong></span> <span class='ocrx_word' id='word_1_236' title='bbox 2120 3058 2211 3098; x_wconf 89' lang='lat' dir='ltr'><strong>vo-</strong></span> 
     </span>
    </p>
   </div>
   <div class='ocr_carea' id='block_1_31' title="bbox 647 3135 2211 3206">
    <p class='ocr_par' dir='ltr' id='par_1_31' title="bbox 647 3135 2211 3206">
     <span class='ocr_line' id='line_1_32' title="bbox 647 3135 2211 3206; baseline -0.006 -10"><span class='ocrx_word' id='word_1_237' title='bbox 647 3157 764 3199; x_wconf 89' lang='lat' dir='ltr'><strong>cem</strong></span> <span class='ocrx_word' id='word_1_238' title='bbox 795 3141 991 3196; x_wconf 87' lang='lat' dir='ltr'><strong>habent</strong></span> <span class='ocrx_word' id='word_1_239' title='bbox 1011 3154 1229 3205; x_wconf 90' lang='lat' dir='ltr'><strong>omnes;</strong></span> <span class='ocrx_word' id='word_1_240' title='bbox 1255 3139 1432 3195; x_wconf 85' lang='lat' dir='ltr'><strong>balant</strong></span> <span class='ocrx_word' id='word_1_241' title='bbox 1456 3152 1583 3193; x_wconf 86' lang='lat' dir='ltr'><strong>oves</strong></span> <span class='ocrx_word' id='word_1_242' title='bbox 1606 3146 1662 3192; x_wconf 88' lang='lat' dir='ltr'><strong>et</strong></span> <span class='ocrx_word' id='word_1_243' title='bbox 1685 3151 1878 3206; x_wconf 58' lang='lat' dir='ltr'><strong>capra},</strong></span> <span class='ocrx_word' id='word_1_244' title='bbox 1901 3135 2066 3205; x_wconf 87' lang='lat' dir='ltr'><strong>mugit</strong></span> <span class='ocrx_word' id='word_1_245' title='bbox 2095 3142 2211 3187; x_wconf 88' lang='lat' dir='ltr'><strong>tau-</strong></span> 
     </span>
    </p>
   </div>
   <div class='ocr_carea' id='block_1_32' title="bbox 647 3225 2206 3301">
    <p class='ocr_par' dir='ltr' id='par_1_32' title="bbox 647 3225 2206 3301">
     <span class='ocr_line' id='line_1_33' title="bbox 647 3225 2206 3301; baseline -0.006 -16"><span class='ocrx_word' id='word_1_246' title='bbox 647 3245 760 3298; x_wconf 87' lang='lat' dir='ltr'><strong>rus,</strong></span> <span class='ocrx_word' id='word_1_247' title='bbox 774 3230 946 3285; x_wconf 90' lang='lat' dir='ltr'><strong>hinnit</strong></span> <span class='ocrx_word' id='word_1_248' title='bbox 965 3245 1149 3301; x_wconf 86' lang='lat' dir='ltr'><strong>equus,</strong></span> <span class='ocrx_word' id='word_1_249' title='bbox 1169 3229 1429 3300; x_wconf 90' lang='lat' dir='ltr'><strong>rugitleo,</strong></span> <span class='ocrx_word' id='word_1_250' title='bbox 1445 3229 1597 3299; x_wconf 91' lang='lat' dir='ltr'><strong>lupus</strong></span> <span class='ocrx_word' id='word_1_251' title='bbox 1620 3227 1803 3291; x_wconf 91' lang='lat' dir='ltr'><strong>ululat,</strong></span> <span class='ocrx_word' id='word_1_252' title='bbox 1825 3227 1999 3281; x_wconf 88' lang='lat' dir='ltr'><strong>sibilat</strong></span> <span class='ocrx_word' id='word_1_253' title='bbox 2018 3225 2206 3279; x_wconf 88' lang='lat' dir='ltr'><strong>draco:</strong></span> 
     </span>
    </p>
   </div>
   <div class='ocr_carea' id='block_1_33' title="bbox 646 3316 2210 3391">
    <p class='ocr_par' dir='ltr' id='par_1_33' title="bbox 646 3316 2210 3391">
     <span class='ocr_line' id='line_1_34' title="bbox 646 3316 2210 3391; baseline -0.003 -16"><span class='ocrx_word' id='word_1_254' title='bbox 646 3336 974 3391; x_wconf 59' lang='lat' dir='ltr'><strong>unaquaque</strong></span> <span class='ocrx_word' id='word_1_255' title='bbox 1002 3322 1171 3377; x_wconf 86' lang='lat' dir='ltr'><strong>bestia</strong></span> <span class='ocrx_word' id='word_1_256' title='bbox 1195 3321 1465 3390; x_wconf 88' lang='lat' dir='ltr'><strong>proprium</strong></span> <span class='ocrx_word' id='word_1_257' title='bbox 1502 3333 1690 3374; x_wconf 90' lang='lat' dir='ltr'><strong>sonum</strong></span> <span class='ocrx_word' id='word_1_258' title='bbox 1718 3316 2084 3382; x_wconf 87' lang='lat' dir='ltr'><strong>conservavit,</strong></span> <span class='ocrx_word' id='word_1_259' title='bbox 2111 3331 2210 3385; x_wconf 92' lang='lat' dir='ltr'><strong>ego</strong></span> 
     </span>
    </p>
   </div>
   <div class='ocr_carea' id='block_1_34' title="bbox 646 3407 2209 3480">
    <p class='ocr_par' dir='ltr' id='par_1_34' title="bbox 646 3407 2209 3480">
     <span class='ocr_line' id='line_1_35' title="bbox 646 3407 2209 3480; baseline -0.006 -13"><span class='ocrx_word' id='word_1_260' title='bbox 646 3427 775 3467; x_wconf 83' lang='lat' dir='ltr'><strong>vero</strong></span> <span class='ocrx_word' id='word_1_261' title='bbox 802 3411 945 3465; x_wconf 89' lang='lat' dir='ltr'><strong>solus</strong></span> <span class='ocrx_word' id='word_1_262' title='bbox 973 3410 1184 3480; x_wconf 89' lang='lat' dir='ltr'><strong>propria</strong></span> <span class='ocrx_word' id='word_1_263' title='bbox 1209 3425 1323 3464; x_wconf 93' lang='lat' dir='ltr'><strong>sum</strong></span> <span class='ocrx_word' id='word_1_264' title='bbox 1354 3423 1482 3463; x_wconf 86' lang='lat' dir='ltr'><strong>voce</strong></span> <span class='ocrx_word' id='word_1_265' title='bbox 1512 3408 1781 3477; x_wconf 90' lang='lat' dir='ltr'><strong>privatus?</strong></span> <span class='ocrx_word' id='word_1_266' title='bbox 1823 3407 1892 3461; x_wconf 89' lang='lat' dir='ltr'><strong>Et</strong></span> <span class='ocrx_word' id='word_1_267' title='bbox 1932 3407 2209 3476; x_wconf 85' lang='lat' dir='ltr'><strong>sylvestria</strong></span> 
     </span>
    </p>
   </div>
   <div class='ocr_carea' id='block_1_35' title="bbox 647 3493 2206 3565">
    <p class='ocr_par' dir='ltr' id='par_1_35' title="bbox 647 3493 2206 3565">
     <span class='ocr_line' id='line_1_36' title="bbox 647 3493 2206 3565; baseline -0.009 -7"><span class='ocrx_word' id='word_1_268' title='bbox 647 3513 704 3559; x_wconf 89' lang='lat' dir='ltr'><strong>et</strong></span> <span class='ocrx_word' id='word_1_269' title='bbox 746 3512 1039 3565; x_wconf 84' lang='lat' dir='ltr'><strong>mansueta,</strong></span> <span class='ocrx_word' id='word_1_270' title='bbox 1069 3509 1123 3556; x_wconf 85' lang='lat' dir='ltr'><strong>ct</strong></span> <span class='ocrx_word' id='word_1_271' title='bbox 1161 3500 1390 3553; x_wconf 71' lang='lat' dir='ltr'><strong>cicurata</strong></span> <span class='ocrx_word' id='word_1_272' title='bbox 1437 3507 1491 3552; x_wconf 90' lang='lat' dir='ltr'><strong>et</strong></span> <span class='ocrx_word' id='word_1_273' title='bbox 1532 3512 1636 3552; x_wconf 88' lang='lat' dir='ltr'><strong>non</strong></span> <span class='ocrx_word' id='word_1_274' title='bbox 1671 3497 1899 3551; x_wconf 91' lang='lat' dir='ltr'><strong>cicurata</strong></span> <span class='ocrx_word' id='word_1_275' title='bbox 1934 3493 2206 3558; x_wconf 88' lang='lat' dir='ltr'><strong>animalia,</strong></span> 
     </span>
    </p>
   </div>
   <div class='ocr_carea' id='block_1_36' title="bbox 649 3586 2205 3663">
    <p class='ocr_par' dir='ltr' id='par_1_36' title="bbox 649 3586 2205 3663">
     <span class='ocr_line' id='line_1_37' title="bbox 649 3586 2205 3663; baseline -0.007 -15"><span class='ocrx_word' id='word_1_276' title='bbox 649 3592 857 3663; x_wconf 89' lang='lat' dir='ltr'><strong>singula</strong></span> <span class='ocrx_word' id='word_1_277' title='bbox 878 3592 1125 3646; x_wconf 90' lang='lat' dir='ltr'><strong>tributam</strong></span> <span class='ocrx_word' id='word_1_278' title='bbox 1155 3590 1254 3643; x_wconf 84' lang='lat' dir='ltr'><strong>sibi</strong></span> <span class='ocrx_word' id='word_1_279' title='bbox 1279 3604 1308 3643; x_wconf 92' lang='lat' dir='ltr'><strong>a</strong></span> <span class='ocrx_word' id='word_1_280' title='bbox 1337 3588 1596 3659; x_wconf 89' lang='lat' dir='ltr'><strong>principio</strong></span> <span class='ocrx_word' id='word_1_281' title='bbox 1621 3602 1802 3641; x_wconf 91' lang='lat' dir='ltr'><strong>vocem</strong></span> <span class='ocrx_word' id='word_1_282' title='bbox 1832 3586 2161 3640; x_wconf 87' lang='lat' dir='ltr'><strong>retinuerunt</strong></span> <span class='ocrx_word' id='word_1_283' title='bbox 2190 3600 2205 3637; x_wconf 92' lang='lat'><strong>:</strong></span> 
     </span>
    </p>
   </div>
   <div class='ocr_carea' id='block_1_37' title="bbox 649 3673 2211 3755">
    <p class='ocr_par' dir='ltr' id='par_1_37' title="bbox 649 3673 2211 3755">
     <span class='ocr_line' id='line_1_38' title="bbox 649 3673 2211 3755; baseline -0.006 -16"><span class='ocrx_word' id='word_1_284' title='bbox 649 3700 750 3755; x_wconf 88' lang='lat' dir='ltr'><strong>ego</strong></span> <span class='ocrx_word' id='word_1_285' title='bbox 770 3698 895 3739; x_wconf 87' lang='lat' dir='ltr'><strong>vero</strong></span> <span class='ocrx_word' id='word_1_286' title='bbox 915 3683 1157 3752; x_wconf 83' lang='lat' dir='ltr'><strong>princeps</strong></span> <span class='ocrx_word' id='word_1_287' title='bbox 1178 3681 1386 3735; x_wconf 92' lang='lat' dir='ltr'><strong>illorum</strong></span> <span class='ocrx_word' id='word_1_288' title='bbox 1410 3679 1689 3748; x_wconf 90' lang='lat' dir='ltr'><strong>ignominia</strong></span> <span class='ocrx_word' id='word_1_289' title='bbox 1712 3692 1825 3731; x_wconf 92' lang='lat' dir='ltr'><strong>sum</strong></span> <span class='ocrx_word' id='word_1_290' title='bbox 1848 3675 2084 3731; x_wconf 87' lang='lat' dir='ltr'><strong>notatus?</strong></span> <span class='ocrx_word' id='word_1_291' title='bbox 2109 3673 2211 3729; x_wconf 84' lang='lat' dir='ltr'><strong>illis</strong></span> 
     </span>
    </p>
   </div>
   <div class='ocr_carea' id='block_1_38' title="bbox 651 3766 2213 3841">
    <p class='ocr_par' dir='ltr' id='par_1_38' title="bbox 651 3766 2213 3841">
     <span class='ocr_line' id='line_1_39' title="bbox 651 3766 2213 3841; baseline -0.007 -12"><span class='ocrx_word' id='word_1_292' title='bbox 651 3774 882 3829; x_wconf 86' lang='lat' dir='ltr'><strong>honores</strong></span> <span class='ocrx_word' id='word_1_293' title='bbox 910 3772 1077 3841; x_wconf 89' lang='lat' dir='ltr'><strong>erepti</strong></span> <span class='ocrx_word' id='word_1_294' title='bbox 1096 3780 1189 3824; x_wconf 89' lang='lat' dir='ltr'><strong>aut</strong></span> <span class='ocrx_word' id='word_1_295' title='bbox 1213 3771 1392 3824; x_wconf 89' lang='lat' dir='ltr'><strong>mutati</strong></span> <span class='ocrx_word' id='word_1_296' title='bbox 1424 3783 1526 3822; x_wconf 90' lang='lat' dir='ltr'><strong>non</strong></span> <span class='ocrx_word' id='word_1_297' title='bbox 1551 3778 1692 3833; x_wconf 89' lang='lat' dir='ltr'><strong>sunt,</strong></span> <span class='ocrx_word' id='word_1_298' title='bbox 1720 3782 1818 3836; x_wconf 85' lang='lat' dir='ltr'><strong>ego</strong></span> <span class='ocrx_word' id='word_1_299' title='bbox 1842 3782 1967 3820; x_wconf 90' lang='lat' dir='ltr'><strong>vero</strong></span> <span class='ocrx_word' id='word_1_300' title='bbox 1989 3781 2105 3820; x_wconf 92' lang='lat' dir='ltr'><strong>sum</strong></span> <span class='ocrx_word' id='word_1_301' title='bbox 2132 3766 2213 3819; x_wconf 81' lang='lat' dir='ltr'><strong>di-</strong></span> 
     </span>
    </p>
   </div>
   <div class='ocr_carea' id='block_1_39' title="bbox 649 3853 2211 3928">
    <p class='ocr_par' dir='ltr' id='par_1_39' title="bbox 649 3853 2211 3928">
     <span class='ocr_line' id='line_1_40' title="bbox 649 3853 2211 3928; baseline -0.005 -12"><span class='ocrx_word' id='word_1_302' title='bbox 649 3864 788 3919; x_wconf 82' lang='lat' dir='ltr'><strong>vinis</strong></span> <span class='ocrx_word' id='word_1_303' title='bbox 815 3863 1121 3917; x_wconf 88' lang='lat' dir='ltr'><strong>muneribus</strong></span> <span class='ocrx_word' id='word_1_304' title='bbox 1145 3858 1432 3928; x_wconf 81' lang='lat' dir='ltr'><strong>spoliatus?</strong></span> <span class='ocrx_word' id='word_1_305' title='bbox 1461 3857 1607 3923; x_wconf 89' lang='lat' dir='ltr'><strong>Quod</strong></span> <span class='ocrx_word' id='word_1_306' title='bbox 1650 3865 1850 3909; x_wconf 86' lang='lat' dir='ltr'><strong>tantum</strong></span> <span class='ocrx_word' id='word_1_307' title='bbox 1895 3853 1988 3907; x_wconf 92' lang='lat' dir='ltr'><strong>fuit</strong></span> <span class='ocrx_word' id='word_1_308' title='bbox 2030 3855 2082 3907; x_wconf 91' lang='lat' dir='ltr'><strong>in</strong></span> <span class='ocrx_word' id='word_1_309' title='bbox 2125 3867 2211 3908; x_wconf 87' lang='lat' dir='ltr'><strong>me</strong></span> 
     </span>
    </p>
   </div>
   <div class='ocr_carea' id='block_1_40' title="bbox 649 3943 2210 4017">
    <p class='ocr_par' dir='ltr' id='par_1_40' title="bbox 649 3943 2210 4017">
     <span class='ocr_line' id='line_1_41' title="bbox 649 3943 2210 4017; baseline -0.008 -9"><span class='ocrx_word' id='word_1_310' title='bbox 649 3953 860 4008; x_wconf 77' lang='lat' dir='ltr'><strong>scelus?</strong></span> <span class='ocrx_word' id='word_1_311' title='bbox 900 3966 1004 4007; x_wconf 91' lang='lat' dir='ltr'><strong>non</strong></span> <span class='ocrx_word' id='word_1_312' title='bbox 1040 3950 1369 4005; x_wconf 92' lang='lat' dir='ltr'><strong>sufﬁciebant</strong></span> <span class='ocrx_word' id='word_1_313' title='bbox 1394 3949 1595 4017; x_wconf 91' lang='lat' dir='ltr'><strong>priores</strong></span> <span class='ocrx_word' id='word_1_314' title='bbox 1622 3946 1723 4000; x_wconf 53' lang='lat' dir='ltr'><strong>illa}</strong></span> <span class='ocrx_word' id='word_1_315' title='bbox 1751 3943 1956 4015; x_wconf 63' lang='lat' dir='ltr'><strong>pinnae?</strong></span> <span class='ocrx_word' id='word_1_316' title='bbox 1993 3943 2210 3998; x_wconf 88' lang='lat' dir='ltr'><strong>Paradi-</strong></span> 
     </span>
    </p>
   </div>
   <div class='ocr_carea' id='block_1_41' title="bbox 650 4036 2211 4107">
    <p class='ocr_par' dir='ltr' id='par_1_41' title="bbox 650 4036 2211 4107">
     <span class='ocr_line' id='line_1_42' title="bbox 650 4036 2211 4107; baseline -0.006 -10"><span class='ocrx_word' id='word_1_317' title='bbox 650 4058 768 4098; x_wconf 90' lang='lat' dir='ltr'><strong>sum</strong></span> <span class='ocrx_word' id='word_1_318' title='bbox 788 4042 916 4097; x_wconf 88' lang='lat' dir='ltr'><strong>mihi</strong></span> <span class='ocrx_word' id='word_1_319' title='bbox 938 4049 1290 4103; x_wconf 86' lang='lat' dir='ltr'><strong>concesserat,</strong></span> <span class='ocrx_word' id='word_1_320' title='bbox 1313 4048 1366 4095; x_wconf 90' lang='lat' dir='ltr'><strong>et</strong></span> <span class='ocrx_word' id='word_1_321' title='bbox 1384 4055 1451 4094; x_wconf 82' lang='lat' dir='ltr'><strong>ex</strong></span> <span class='ocrx_word' id='word_1_322' title='bbox 1474 4038 1713 4107; x_wconf 88' lang='lat' dir='ltr'><strong>paradiso</strong></span> <span class='ocrx_word' id='word_1_323' title='bbox 1734 4053 1818 4092; x_wconf 90' lang='lat' dir='ltr'><strong>me</strong></span> <span class='ocrx_word' id='word_1_324' title='bbox 1842 4036 2023 4105; x_wconf 90' lang='lat' dir='ltr'><strong>ejecit;</strong></span> <span class='ocrx_word' id='word_1_325' title='bbox 2052 4036 2211 4088; x_wconf 88' lang='lat' dir='ltr'><strong>vitam</strong></span> 
     </span>
    </p>
   </div>
   <div class='ocr_carea' id='block_1_42' title="bbox 651 4126 2214 4202">
    <p class='ocr_par' dir='ltr' id='par_1_42' title="bbox 651 4126 2214 4202">
     <span class='ocr_line' id='line_1_43' title="bbox 651 4126 2214 4202; baseline -0.007 -13"><span class='ocrx_word' id='word_1_326' title='bbox 651 4133 852 4189; x_wconf 89' lang='lat' dir='ltr'><strong>doloris</strong></span> <span class='ocrx_word' id='word_1_327' title='bbox 878 4142 1149 4202; x_wconf 81' lang='lat' dir='ltr'><strong>expertem</strong></span> <span class='ocrx_word' id='word_1_328' title='bbox 1173 4131 1515 4199; x_wconf 85' lang='lat' dir='ltr'><strong>laborumque</strong></span> <span class='ocrx_word' id='word_1_329' title='bbox 1539 4127 1894 4191; x_wconf 86' lang='lat' dir='ltr'><strong>traducebam,</strong></span> <span class='ocrx_word' id='word_1_330' title='bbox 1918 4126 2109 4180; x_wconf 92' lang='lat' dir='ltr'><strong>sudore</strong></span> <span class='ocrx_word' id='word_1_331' title='bbox 2130 4139 2214 4179; x_wconf 88' lang='lat' dir='ltr'><strong>tne</strong></span> 
     </span>
    </p>
   </div>
   <div class='ocr_carea' id='block_1_43' title="bbox 650 4216 2214 4287">
    <p class='ocr_par' dir='ltr' id='par_1_43' title="bbox 650 4216 2214 4287">
     <span class='ocr_line' id='line_1_44' title="bbox 650 4216 2214 4287; baseline -0.005 -8"><span class='ocrx_word' id='word_1_332' title='bbox 650 4240 716 4280; x_wconf 87' lang='lat' dir='ltr'><strong>ac</strong></span> <span class='ocrx_word' id='word_1_333' title='bbox 740 4224 921 4280; x_wconf 84' lang='lat' dir='ltr'><strong>labore</strong></span> <span class='ocrx_word' id='word_1_334' title='bbox 948 4222 1247 4287; x_wconf 85' lang='lat' dir='ltr'><strong>damnavit;</strong></span> <span class='ocrx_word' id='word_1_335' title='bbox 1276 4222 1404 4275; x_wconf 87' lang='lat' dir='ltr'><strong>citra</strong></span> <span class='ocrx_word' id='word_1_336' title='bbox 1430 4230 1718 4275; x_wconf 87' lang='lat' dir='ltr'><strong>sementem</strong></span> <span class='ocrx_word' id='word_1_337' title='bbox 1751 4228 1804 4273; x_wconf 85' lang='lat' dir='ltr'><strong>et</strong></span> <span class='ocrx_word' id='word_1_338' title='bbox 1831 4219 2030 4273; x_wconf 88' lang='lat' dir='ltr'><strong>inarata</strong></span> <span class='ocrx_word' id='word_1_339' title='bbox 2060 4216 2214 4271; x_wconf 90' lang='lat' dir='ltr'><strong>tellus</strong></span> 
     </span>
    </p>
   </div>
   <div class='ocr_carea' id='block_1_44' title="bbox 651 4309 2215 4387">
    <p class='ocr_par' dir='ltr' id='par_1_44' title="bbox 651 4309 2215 4387">
     <span class='ocr_line' id='line_1_45' title="bbox 651 4309 2215 4387; baseline -0.005 -16"><span class='ocrx_word' id='word_1_340' title='bbox 651 4315 828 4373; x_wconf 84' lang='lat' dir='ltr'><strong>omnia</strong></span> <span class='ocrx_word' id='word_1_341' title='bbox 854 4316 1138 4387; x_wconf 62' lang='lat' dir='ltr'><strong>pratbebat,</strong></span> <span class='ocrx_word' id='word_1_342' title='bbox 1166 4314 1445 4385; x_wconf 87' lang='lat' dir='ltr'><strong>imperavit</strong></span> <span class='ocrx_word' id='word_1_343' title='bbox 1481 4312 1552 4366; x_wconf 83' lang='lat' dir='ltr'><strong>illi</strong></span> <span class='ocrx_word' id='word_1_344' title='bbox 1600 4320 1656 4367; x_wconf 90' lang='lat' dir='ltr'><strong>ut</strong></span> <span class='ocrx_word' id='word_1_345' title='bbox 1693 4310 1871 4380; x_wconf 89' lang='lat' dir='ltr'><strong>spinas</strong></span> <span class='ocrx_word' id='word_1_346' title='bbox 1907 4320 1959 4365; x_wconf 92' lang='lat' dir='ltr'><strong>et</strong></span> <span class='ocrx_word' id='word_1_347' title='bbox 1998 4309 2215 4363; x_wconf 87' lang='lat' dir='ltr'><strong>tribulos</strong></span> 
     </span>
    </p>
   </div>
   <div class='ocr_carea' id='block_1_45' title="bbox 654 4401 2215 4474">
    <p class='ocr_par' dir='ltr' id='par_1_45' title="bbox 654 4401 2215 4474">
     <span class='ocr_line' id='line_1_46' title="bbox 654 4401 2215 4474; baseline -0.005 -13"><span class='ocrx_word' id='word_1_348' title='bbox 654 4407 847 4474; x_wconf 83' lang='lat' dir='ltr'><strong>ferret,</strong></span> <span class='ocrx_word' id='word_1_349' title='bbox 886 4415 943 4462; x_wconf 87' lang='lat' dir='ltr'><strong>et</strong></span> <span class='ocrx_word' id='word_1_350' title='bbox 980 4407 1032 4461; x_wconf 91' lang='lat' dir='ltr'><strong>in</strong></span> <span class='ocrx_word' id='word_1_351' title='bbox 1077 4407 1241 4474; x_wconf 88' lang='lat' dir='ltr'><strong>ipsam</strong></span> <span class='ocrx_word' id='word_1_352' title='bbox 1276 4416 1457 4459; x_wconf 89' lang='lat' dir='ltr'><strong>rursus</strong></span> <span class='ocrx_word' id='word_1_353' title='bbox 1489 4416 1573 4457; x_wconf 89' lang='lat' dir='ltr'><strong>me</strong></span> <span class='ocrx_word' id='word_1_354' title='bbox 1608 4401 1866 4455; x_wconf 87' lang='lat' dir='ltr'><strong>convertit</strong></span> <span class='ocrx_word' id='word_1_355' title='bbox 1891 4417 1906 4454; x_wconf 88' lang='lat'><strong>:</strong></span> <span class='ocrx_word' id='word_1_356' title='bbox 1935 4408 2102 4453; x_wconf 90' lang='lat' dir='ltr'><strong>morte</strong></span> <span class='ocrx_word' id='word_1_357' title='bbox 2131 4414 2215 4453; x_wconf 93' lang='lat' dir='ltr'><strong>me</strong></span> 
     </span>
    </p>
   </div>
   <div class='ocr_carea' id='block_1_46' title="bbox 654 4489 2210 4563">
    <p class='ocr_par' dir='ltr' id='par_1_46' title="bbox 654 4489 2210 4563">
     <span class='ocr_line' id='line_1_47' title="bbox 654 4489 2210 4563; baseline -0.006 -12"><span class='ocrx_word' id='word_1_358' title='bbox 654 4497 958 4563; x_wconf 83' lang='lat' dir='ltr'><strong>mulctavit;</strong></span> <span class='ocrx_word' id='word_1_359' title='bbox 989 4495 1270 4551; x_wconf 84' lang='lat' dir='ltr'><strong>mulierum</strong></span> <span class='ocrx_word' id='word_1_360' title='bbox 1295 4509 1478 4548; x_wconf 82' lang='lat' dir='ltr'><strong>sexum</strong></span> <span class='ocrx_word' id='word_1_361' title='bbox 1509 4492 1781 4546; x_wconf 90' lang='lat' dir='ltr'><strong>mulctavit</strong></span> <span class='ocrx_word' id='word_1_362' title='bbox 1808 4498 1985 4559; x_wconf 90' lang='lat' dir='ltr'><strong>partus</strong></span> <span class='ocrx_word' id='word_1_363' title='bbox 2013 4489 2210 4542; x_wconf 84' lang='lat' dir='ltr'><strong>dolori-</strong></span> 
     </span>
    </p>
   </div>
   <div class='ocr_carea' id='block_1_47' title="bbox 653 4576 2214 4654">
    <p class='ocr_par' dir='ltr' id='par_1_47' title="bbox 653 4576 2214 4654">
     <span class='ocr_line' id='line_1_48' title="bbox 653 4576 2214 4654; baseline -0.006 -14"><span class='ocrx_word' id='word_1_364' title='bbox 653 4585 755 4640; x_wconf 86' lang='lat' dir='ltr'><strong>bus</strong></span> <span class='ocrx_word' id='word_1_365' title='bbox 782 4585 1153 4654; x_wconf 80' lang='lat' dir='ltr'><strong>laboribusque</strong></span> <span class='ocrx_word' id='word_1_366' title='bbox 1180 4583 1495 4649; x_wconf 87' lang='lat' dir='ltr'><strong>subjectum.</strong></span> <span class='ocrx_word' id='word_1_367' title='bbox 1516 4580 1629 4635; x_wconf 84' lang='lat' dir='ltr'><strong>Non</strong></span> <span class='ocrx_word' id='word_1_368' title='bbox 1655 4580 1980 4635; x_wconf 84' lang='lat' dir='ltr'><strong>sufﬁciebant</strong></span> <span class='ocrx_word' id='word_1_369' title='bbox 2009 4578 2121 4632; x_wconf 84' lang='lat' dir='ltr'><strong>haec</strong></span> <span class='ocrx_word' id='word_1_370' title='bbox 2147 4576 2214 4630; x_wconf 88' lang='lat' dir='ltr'><strong>ad</strong></span> 
     </span>
    </p>
   </div>
   <div class='ocr_carea' id='block_1_48' title="bbox 655 4668 2217 4746">
    <p class='ocr_par' dir='ltr' id='par_1_48' title="bbox 655 4668 2217 4746">
     <span class='ocr_line' id='line_1_49' title="bbox 655 4668 2217 4746; baseline -0.006 -17"><span class='ocrx_word' id='word_1_371' title='bbox 655 4689 891 4746; x_wconf 67' lang='lat' dir='ltr'><strong>pinnam,</strong></span> <span class='ocrx_word' id='word_1_372' title='bbox 917 4674 1011 4729; x_wconf 86' lang='lat' dir='ltr'><strong>sed</strong></span> <span class='ocrx_word' id='word_1_373' title='bbox 1037 4688 1218 4729; x_wconf 84' lang='lat' dir='ltr'><strong>vocem</strong></span> <span class='ocrx_word' id='word_1_374' title='bbox 1248 4687 1459 4742; x_wconf 89' lang='lat' dir='ltr'><strong>quoque</strong></span> <span class='ocrx_word' id='word_1_375' title='bbox 1494 4670 1623 4724; x_wconf 91' lang='lat' dir='ltr'><strong>mihi</strong></span> <span class='ocrx_word' id='word_1_376' title='bbox 1665 4669 1891 4739; x_wconf 84' lang='lat' dir='ltr'><strong>eripuit,</strong></span> <span class='ocrx_word' id='word_1_377' title='bbox 1922 4677 1977 4723; x_wconf 90' lang='lat' dir='ltr'><strong>et</strong></span> <span class='ocrx_word' id='word_1_378' title='bbox 2007 4668 2105 4721; x_wconf 90' lang='lat' dir='ltr'><strong>hoc</strong></span> <span class='ocrx_word' id='word_1_379' title='bbox 2134 4680 2217 4719; x_wconf 87' lang='lat' dir='ltr'><strong>me</strong></span> 
     </span>
    </p>
   </div>
   <div class='ocr_carea' id='block_1_49' title="bbox 658 4761 2215 4831">
    <p class='ocr_par' dir='ltr' id='par_1_49' title="bbox 658 4761 2215 4831">
     <span class='ocr_line' id='line_1_50' title="bbox 658 4761 2215 4831; baseline -0.008 -12"><span class='ocrx_word' id='word_1_380' title='bbox 658 4766 859 4819; x_wconf 89' lang='lat' dir='ltr'><strong>honore</strong></span> <span class='ocrx_word' id='word_1_381' title='bbox 879 4762 1121 4831; x_wconf 86' lang='lat' dir='ltr'><strong>privavit,</strong></span> <span class='ocrx_word' id='word_1_382' title='bbox 1142 4771 1199 4816; x_wconf 89' lang='lat' dir='ltr'><strong>ut</strong></span> <span class='ocrx_word' id='word_1_383' title='bbox 1220 4763 1435 4816; x_wconf 90' lang='lat' dir='ltr'><strong>tribules</strong></span> <span class='ocrx_word' id='word_1_384' title='bbox 1456 4776 1519 4815; x_wconf 90' lang='lat' dir='ltr'><strong>ac</strong></span> <span class='ocrx_word' id='word_1_385' title='bbox 1536 4761 1757 4830; x_wconf 86' lang='lat' dir='ltr'><strong>gentiles</strong></span> <span class='ocrx_word' id='word_1_386' title='bbox 1782 4773 1928 4814; x_wconf 90' lang='lat' dir='ltr'><strong>meos</strong></span> <span class='ocrx_word' id='word_1_387' title='bbox 1954 4766 2215 4825; x_wconf 84' lang='lat' dir='ltr'><strong>tamquam</strong></span> 
     </span>
    </p>
   </div>
   <div class='ocr_carea' id='block_1_50' title="bbox 657 4847 2217 4921">
    <p class='ocr_par' dir='ltr' id='par_1_50' title="bbox 657 4847 2217 4921">
     <span class='ocr_line' id='line_1_51' title="bbox 657 4847 2217 4921; baseline -0.008 -8"><span class='ocrx_word' id='word_1_388' title='bbox 657 4857 857 4913; x_wconf 87' lang='lat' dir='ltr'><strong>ferinos</strong></span> <span class='ocrx_word' id='word_1_389' title='bbox 879 4867 1111 4917; x_wconf 86' lang='lat' dir='ltr'><strong>averser,</strong></span> <span class='ocrx_word' id='word_1_390' title='bbox 1139 4862 1260 4905; x_wconf 90' lang='lat' dir='ltr'><strong>cum</strong></span> <span class='ocrx_word' id='word_1_391' title='bbox 1286 4867 1370 4905; x_wconf 89' lang='lat' dir='ltr'><strong>me</strong></span> <span class='ocrx_word' id='word_1_392' title='bbox 1395 4853 1585 4921; x_wconf 66' lang='lat' dir='ltr'><strong>lingua:</strong></span> <span class='ocrx_word' id='word_1_393' title='bbox 1612 4850 1891 4906; x_wconf 86' lang='lat' dir='ltr'><strong>diversitas</strong></span> <span class='ocrx_word' id='word_1_394' title='bbox 1914 4859 2123 4919; x_wconf 85' lang='lat' dir='ltr'><strong>separet</strong></span> <span class='ocrx_word' id='word_1_395' title='bbox 2150 4847 2217 4901; x_wconf 91' lang='lat' dir='ltr'><strong>ab</strong></span> 
     </span>
    </p>
   </div>
   <div class='ocr_carea' id='block_1_51' title="bbox 658 4938 2217 5014">
    <p class='ocr_par' dir='ltr' id='par_1_51' title="bbox 658 4938 2217 5014">
     <span class='ocr_line' id='line_1_52' title="bbox 658 4938 2217 5014; baseline -0.009 -9"><span class='ocrx_word' id='word_1_396' title='bbox 658 4950 869 5005; x_wconf 85' lang='lat' dir='ltr'><strong>illorum</strong></span> <span class='ocrx_word' id='word_1_397' title='bbox 880 4958 1185 5014; x_wconf 88' lang='lat' dir='ltr'><strong>congressu.</strong></span> <span class='ocrx_word' id='word_1_398' title='bbox 1210 4942 1494 5009; x_wconf 86' lang='lat' dir='ltr'><strong>Propterea</strong></span> <span class='ocrx_word' id='word_1_399' title='bbox 1515 4943 1865 5010; x_wconf 88' lang='lat' dir='ltr'><strong>objectionem</strong></span> <span class='ocrx_word' id='word_1_400' title='bbox 1886 4938 2217 5008; x_wconf 87' lang='lat' dir='ltr'><strong>ampliﬁcavi,</strong></span> 
     </span>
    </p>
   </div>
   <div class='ocr_carea' id='block_1_52' title="bbox 658 5032 2217 5104">
    <p class='ocr_par' dir='ltr' id='par_1_52' title="bbox 658 5032 2217 5104">
     <span class='ocr_line' id='line_1_53' title="bbox 658 5032 2217 5104; baseline -0.008 -6"><span class='ocrx_word' id='word_1_401' title='bbox 658 5051 719 5097; x_wconf 89' lang='lat' dir='ltr'><strong>ut</strong></span> <span class='ocrx_word' id='word_1_402' title='bbox 757 5057 878 5096; x_wconf 90' lang='lat' dir='ltr'><strong>cum</strong></span> <span class='ocrx_word' id='word_1_403' title='bbox 919 5038 1235 5095; x_wconf 87' lang='lat' dir='ltr'><strong>solutionem</strong></span> <span class='ocrx_word' id='word_1_404' title='bbox 1276 5034 1518 5104; x_wconf 88' lang='lat' dir='ltr'><strong>adjecero</strong></span> <span class='ocrx_word' id='word_1_405' title='bbox 1542 5074 1558 5099; x_wconf 93' lang='lat'><strong>,</strong></span> <span class='ocrx_word' id='word_1_406' title='bbox 1589 5033 1843 5088; x_wconf 86' lang='lat' dir='ltr'><strong>illustrior</strong></span> <span class='ocrx_word' id='word_1_407' title='bbox 1867 5034 1957 5087; x_wconf 86' lang='lat' dir='ltr'><strong>ﬁat</strong></span> <span class='ocrx_word' id='word_1_408' title='bbox 1982 5032 2217 5085; x_wconf 80' lang='lat' dir='ltr'><strong>victoria.</strong></span> 
     </span>
    </p>
   </div>
   <div class='ocr_carea' id='block_1_53' title="bbox 658 5121 2222 5198">
    <p class='ocr_par' dir='ltr' id='par_1_53' title="bbox 658 5121 2222 5198">
     <span class='ocr_line' id='line_1_54' title="bbox 658 5121 2222 5198; baseline -0.008 -9"><span class='ocrx_word' id='word_1_409' title='bbox 658 5134 717 5189; x_wconf 83' lang='lat' dir='ltr'><strong>Si</strong></span> <span class='ocrx_word' id='word_1_410' title='bbox 748 5133 830 5187; x_wconf 87' lang='lat' dir='ltr'><strong>his</strong></span> <span class='ocrx_word' id='word_1_411' title='bbox 852 5130 1118 5195; x_wconf 89' lang='lat' dir='ltr'><strong>omnibus,</strong></span> <span class='ocrx_word' id='word_1_412' title='bbox 1148 5127 1335 5198; x_wconf 88' lang='lat' dir='ltr'><strong>inquit,</strong></span> <span class='ocrx_word' id='word_1_413' title='bbox 1365 5126 1621 5194; x_wconf 89' lang='lat' dir='ltr'><strong>privatum</strong></span> <span class='ocrx_word' id='word_1_414' title='bbox 1650 5138 1735 5177; x_wconf 92' lang='lat' dir='ltr'><strong>me</strong></span> <span class='ocrx_word' id='word_1_415' title='bbox 1764 5123 1991 5183; x_wconf 89' lang='lat' dir='ltr'><strong>volebat,</strong></span> <span class='ocrx_word' id='word_1_416' title='bbox 2023 5138 2123 5191; x_wconf 83' lang='lat' dir='ltr'><strong>qua</strong></span> <span class='ocrx_word' id='word_1_417' title='bbox 2154 5121 2222 5177; x_wconf 90' lang='lat' dir='ltr'><strong>de</strong></span> 
     </span>
    </p>
   </div>
   <div class='ocr_carea' id='block_1_54' title="bbox 662 5212 2223 5288">
    <p class='ocr_par' dir='ltr' id='par_1_54' title="bbox 662 5212 2223 5288">
     <span class='ocr_line' id='line_1_55' title="bbox 662 5212 2223 5288; baseline -0.008 -9"><span class='ocrx_word' id='word_1_418' title='bbox 662 5238 822 5279; x_wconf 81' lang='lat' dir='ltr'><strong>causa</strong></span> <span class='ocrx_word' id='word_1_419' title='bbox 854 5223 940 5278; x_wconf 81' lang='lat' dir='ltr'><strong>illa</strong></span> <span class='ocrx_word' id='word_1_420' title='bbox 966 5219 1093 5276; x_wconf 86' lang='lat' dir='ltr'><strong>mihi</strong></span> <span class='ocrx_word' id='word_1_421' title='bbox 1119 5220 1226 5288; x_wconf 86' lang='lat' dir='ltr'><strong>jam</strong></span> <span class='ocrx_word' id='word_1_422' title='bbox 1252 5233 1283 5273; x_wconf 82' lang='lat' dir='ltr'><strong>a</strong></span> <span class='ocrx_word' id='word_1_423' title='bbox 1309 5216 1563 5288; x_wconf 90' lang='lat' dir='ltr'><strong>principio</strong></span> <span class='ocrx_word' id='word_1_424' title='bbox 1587 5212 1940 5269; x_wconf 80' lang='lat' dir='ltr'><strong>concedebat?</strong></span> <span class='ocrx_word' id='word_1_425' title='bbox 1968 5213 2133 5267; x_wconf 86' lang='lat' dir='ltr'><strong>Vultis</strong></span> <span class='ocrx_word' id='word_1_426' title='bbox 2158 5230 2223 5266; x_wconf 81' lang='lat' dir='ltr'><strong>ex</strong></span> 
     </span>
    </p>
   </div>
   <div class='ocr_carea' id='block_1_55' title="bbox 661 5302 2225 5377">
    <p class='ocr_par' dir='ltr' id='par_1_55' title="bbox 661 5302 2225 5377">
     <span class='ocr_line' id='line_1_56' title="bbox 661 5302 2225 5377; baseline -0.01 -8"><span class='ocrx_word' id='word_1_427' title='bbox 661 5315 765 5369; x_wconf 91' lang='lat' dir='ltr'><strong>hoc</strong></span> <span class='ocrx_word' id='word_1_428' title='bbox 786 5328 893 5369; x_wconf 90' lang='lat' dir='ltr'><strong>uno</strong></span> <span class='ocrx_word' id='word_1_429' title='bbox 914 5310 1229 5367; x_wconf 81' lang='lat' dir='ltr'><strong>solutionem</strong></span> <span class='ocrx_word' id='word_1_430' title='bbox 1254 5308 1516 5377; x_wconf 88' lang='lat' dir='ltr'><strong>adjiciam,</strong></span> <span class='ocrx_word' id='word_1_431' title='bbox 1536 5306 1602 5361; x_wconf 91' lang='lat' dir='ltr'><strong>ab</strong></span> <span class='ocrx_word' id='word_1_432' title='bbox 1628 5305 1727 5359; x_wconf 89' lang='lat' dir='ltr'><strong>hac</strong></span> <span class='ocrx_word' id='word_1_433' title='bbox 1756 5304 1863 5374; x_wconf 89' lang='lat' dir='ltr'><strong>ipsa</strong></span> <span class='ocrx_word' id='word_1_434' title='bbox 1886 5302 2109 5370; x_wconf 89' lang='lat' dir='ltr'><strong>simplici</strong></span> <span class='ocrx_word' id='word_1_435' title='bbox 2132 5303 2225 5355; x_wconf 92' lang='lat' dir='ltr'><strong>ob-</strong></span> 
     </span>
    </p>
   </div>
   <div class='ocr_carea' id='block_1_56' title="bbox 654 5391 2223 5475">
    <p class='ocr_par' dir='ltr' id='par_1_56' title="bbox 654 5391 2223 5475">
     <span class='ocr_line' id='line_1_57' title="bbox 654 5391 2223 5475; baseline -0.01 -16"><span class='ocrx_word' id='word_1_436' title='bbox 654 5403 933 5475; x_wconf 88' lang='lat' dir='ltr'><strong>jectione?</strong></span> <span class='ocrx_word' id='word_1_437' title='bbox 978 5401 1144 5455; x_wconf 82' lang='lat' dir='ltr'><strong>Tanta</strong></span> <span class='ocrx_word' id='word_1_438' title='bbox 1192 5399 1386 5467; x_wconf 91' lang='lat' dir='ltr'><strong>quippe</strong></span> <span class='ocrx_word' id='word_1_439' title='bbox 1427 5406 1549 5451; x_wconf 88' lang='lat' dir='ltr'><strong>sunt</strong></span> <span class='ocrx_word' id='word_1_440' title='bbox 1592 5410 1764 5451; x_wconf 78' lang='lat' dir='ltr'><strong>causae</strong></span> <span class='ocrx_word' id='word_1_441' title='bbox 1804 5394 1995 5447; x_wconf 73' lang='lat' dir='ltr'><strong>divinae</strong></span> <span class='ocrx_word' id='word_1_442' title='bbox 2043 5391 2223 5445; x_wconf 82' lang='lat' dir='ltr'><strong>ﬁrma-</strong></span> 
     </span>
    </p>
   </div>
   <div class='ocr_carea' id='block_1_57' title="bbox 665 5483 2225 5559">
    <p class='ocr_par' dir='ltr' id='par_1_57' title="bbox 665 5483 2225 5559">
     <span class='ocr_line' id='line_1_58' title="bbox 665 5483 2225 5559; baseline -0.008 -12"><span class='ocrx_word' id='word_1_443' title='bbox 665 5503 862 5557; x_wconf 89' lang='lat' dir='ltr'><strong>menta,</strong></span> <span class='ocrx_word' id='word_1_444' title='bbox 890 5502 947 5547; x_wconf 88' lang='lat' dir='ltr'><strong>ut</strong></span> <span class='ocrx_word' id='word_1_445' title='bbox 964 5491 1049 5547; x_wconf 88' lang='lat' dir='ltr'><strong>vel</strong></span> <span class='ocrx_word' id='word_1_446' title='bbox 1077 5492 1186 5559; x_wconf 91' lang='lat' dir='ltr'><strong>ipsa</strong></span> <span class='ocrx_word' id='word_1_447' title='bbox 1208 5488 1619 5542; x_wconf 90' lang='lat' dir='ltr'><strong>contradicentis</strong></span> <span class='ocrx_word' id='word_1_448' title='bbox 1640 5486 1863 5555; x_wconf 88' lang='lat' dir='ltr'><strong>objectio</strong></span> <span class='ocrx_word' id='word_1_449' title='bbox 1884 5483 2023 5537; x_wconf 86' lang='lat' dir='ltr'><strong>nullo</strong></span> <span class='ocrx_word' id='word_1_450' title='bbox 2046 5492 2225 5535; x_wconf 89' lang='lat' dir='ltr'><strong>nostro</strong></span> 
     </span>
    </p>
   </div>
   <div class='ocr_carea' id='block_1_58' title="bbox 661 5573 2226 5641">
    <p class='ocr_par' dir='ltr' id='par_1_58' title="bbox 661 5573 2226 5641">
     <span class='ocr_line' id='line_1_59' title="bbox 661 5573 2226 5641; baseline -0.009 0"><span class='ocrx_word' id='word_1_451' title='bbox 661 5587 1000 5641; x_wconf 87' lang='lat' dir='ltr'><strong>corroborata</strong></span> <span class='ocrx_word' id='word_1_452' title='bbox 1025 5581 1260 5639; x_wconf 90' lang='lat' dir='ltr'><strong>subsidio</strong></span> <span class='ocrx_word' id='word_1_453' title='bbox 1275 5582 1339 5634; x_wconf 92' lang='lat' dir='ltr'><strong>ad</strong></span> <span class='ocrx_word' id='word_1_454' title='bbox 1352 5581 1571 5634; x_wconf 90' lang='lat' dir='ltr'><strong>crimina</strong></span> <span class='ocrx_word' id='word_1_455' title='bbox 1602 5578 1824 5635; x_wconf 86' lang='lat' dir='ltr'><strong>sufﬁciat</strong></span> <span class='ocrx_word' id='word_1_456' title='bbox 1845 5573 2146 5632; x_wconf 87' lang='lat' dir='ltr'><strong>refellenda.</strong></span> <span class='ocrx_word' id='word_1_457' title='bbox 2170 5573 2226 5627; x_wconf 88' lang='lat' dir='ltr'><strong>Si</strong></span> 
     </span>
    </p>
   </div>
   <div class='ocr_carea' id='block_1_59' title="bbox 660 5666 2229 5743">
    <p class='ocr_par' dir='ltr' id='par_1_59' title="bbox 660 5666 2229 5743">
     <span class='ocr_line' id='line_1_60' title="bbox 660 5666 2229 5743; baseline -0.007 -12"><span class='ocrx_word' id='word_1_458' title='bbox 660 5692 749 5731; x_wconf 87' lang='lat' dir='ltr'><strong>me</strong></span> <span class='ocrx_word' id='word_1_459' title='bbox 778 5676 857 5730; x_wconf 90' lang='lat' dir='ltr'><strong>his</strong></span> <span class='ocrx_word' id='word_1_460' title='bbox 884 5676 1128 5731; x_wconf 90' lang='lat' dir='ltr'><strong>omnibus</strong></span> <span class='ocrx_word' id='word_1_461' title='bbox 1156 5673 1361 5743; x_wconf 86' lang='lat' dir='ltr'><strong>privare</strong></span> <span class='ocrx_word' id='word_1_462' title='bbox 1387 5672 1615 5735; x_wconf 91' lang='lat' dir='ltr'><strong>volebat,</strong></span> <span class='ocrx_word' id='word_1_463' title='bbox 1636 5686 1729 5725; x_wconf 89' lang='lat' dir='ltr'><strong>cur</strong></span> <span class='ocrx_word' id='word_1_464' title='bbox 1754 5686 1814 5725; x_wconf 90' lang='lat' dir='ltr'><strong>ea</strong></span> <span class='ocrx_word' id='word_1_465' title='bbox 1840 5668 1964 5722; x_wconf 90' lang='lat' dir='ltr'><strong>mihi</strong></span> <span class='ocrx_word' id='word_1_466' title='bbox 1982 5668 2087 5736; x_wconf 86' lang='lat' dir='ltr'><strong>jam</strong></span> <span class='ocrx_word' id='word_1_467' title='bbox 2109 5666 2229 5720; x_wconf 88' lang='lat' dir='ltr'><strong>inde</strong></span> 
     </span>
    </p>
   </div>
   <div class='ocr_carea' id='block_1_60' title="bbox 660 5757 2219 5840">
    <p class='ocr_par' dir='ltr' id='par_1_60' title="bbox 660 5757 2219 5840">
     <span class='ocr_line' id='line_1_61' title="bbox 660 5757 2219 5840; baseline -0.01 -15"><span class='ocrx_word' id='word_1_468' title='bbox 660 5784 690 5825; x_wconf 75' lang='grc' dir='ltr'>ι</span> <span class='ocrx_word' id='word_1_469' title='bbox 709 5768 969 5840; x_wconf 83' lang='lat' dir='ltr'><strong>principio</strong></span> <span class='ocrx_word' id='word_1_470' title='bbox 979 5764 1303 5824; x_wconf 84' lang='lat' dir='ltr'><strong>concedebat</strong></span> <span class='ocrx_word' id='word_1_471' title='bbox 1316 5765 1337 5819; x_wconf 70' lang='grc' dir='ltr'><strong>ζ’</strong></span> <span class='ocrx_word' id='word_1_472' title='bbox 1349 5762 1479 5820; x_wconf 82' lang='lat' dir='ltr'><strong>Nam</strong></span> <span class='ocrx_word' id='word_1_473' title='bbox 1500 5771 1554 5819; x_wconf 90' lang='lat' dir='ltr'><strong>et</strong></span> <span class='ocrx_word' id='word_1_474' title='bbox 1571 5776 1671 5832; x_wconf 74' lang='lat' dir='ltr'><strong>ego</strong></span> <span class='ocrx_word' id='word_1_475' title='bbox 1686 5761 1820 5818; x_wconf 85' lang='lat' dir='ltr'><strong>istud</strong></span> <span class='ocrx_word' id='word_1_476' title='bbox 1840 5762 2009 5831; x_wconf 86' lang='lat' dir='ltr'><strong>ipsum</strong></span> <span class='ocrx_word' id='word_1_477' title='bbox 2024 5757 2189 5812; x_wconf 90' lang='lat' dir='ltr'><strong>dicam</strong></span> <span class='ocrx_word' id='word_1_478' title='bbox 2206 5771 2219 5809; x_wconf 94' lang='lat'>:</span> 
     </span>
    </p>
   </div>
   <div class='ocr_carea' id='block_1_61' title="bbox 1420 395 3214 462">
    <p class='ocr_par' dir='ltr' id='par_1_61' title="bbox 1420 395 3214 462">
     <span class='ocr_line' id='line_1_62' title="bbox 1420 395 3214 462; baseline -0.006 0"><span class='ocrx_word' id='word_1_479' title='bbox 1420 406 1478 462; x_wconf 89' lang='lat' dir='ltr'><strong>S.</strong></span> <span class='ocrx_word' id='word_1_480' title='bbox 1514 402 1788 461; x_wconf 77' lang='lat' dir='ltr'><strong>JOANNIS</strong></span> <span class='ocrx_word' id='word_1_481' title='bbox 1821 397 2291 459; x_wconf 66' lang='lat' dir='ltr'><strong>CHRYSOSTOMI</strong></span> <span class='ocrx_word' id='word_1_482' title='bbox 2329 397 2644 454; x_wconf 74' lang='lat' dir='ltr'><strong>ARCHIEP.</strong></span> <span class='ocrx_word' id='word_1_483' title='bbox 2683 395 3214 455; x_wconf 78' lang='lat' dir='ltr'><strong>CONSTANTINOP.</strong></span> 
     </span>
    </p>
   </div>
   <div class='ocr_carea' id='block_1_62' title="bbox 3770 414 3885 469">
    <p class='ocr_par' dir='ltr' id='par_1_62' title="bbox 3770 414 3885 469">
     <span class='ocr_line' id='line_1_63' title="bbox 3770 414 3885 469; baseline -0.009 0"><span class='ocrx_word' id='word_1_484' title='bbox 3770 414 3885 469; x_wconf 83' lang='lat'><strong>180</strong></span> 
     </span>
    </p>
   </div>
   <div class='ocr_carea' id='block_1_63' title="bbox 2318 506 3882 577">
    <p class='ocr_par' dir='ltr' id='par_1_63' title="bbox 2318 506 3882 577">
     <span class='ocr_line' id='line_1_64' title="bbox 2318 506 3882 577; baseline -0.001 -14"><span class='ocrx_word' id='word_1_485' title='bbox 2318 507 2373 563; x_wconf 91' lang='lat' dir='ltr'><strong>Si</strong></span> <span class='ocrx_word' id='word_1_486' title='bbox 2413 517 2463 563; x_wconf 86' lang='lat' dir='ltr'><strong>te</strong></span> <span class='ocrx_word' id='word_1_487' title='bbox 2506 508 2587 562; x_wconf 92' lang='lat' dir='ltr'><strong>his</strong></span> <span class='ocrx_word' id='word_1_488' title='bbox 2610 506 2854 563; x_wconf 82' lang='lat' dir='ltr'><strong>omnibus</strong></span> <span class='ocrx_word' id='word_1_489' title='bbox 2885 508 3092 577; x_wconf 89' lang='lat' dir='ltr'><strong>privare</strong></span> <span class='ocrx_word' id='word_1_490' title='bbox 3111 508 3354 573; x_wconf 73' lang='lat' dir='ltr'><strong>volebat,</strong></span> <span class='ocrx_word' id='word_1_491' title='bbox 3385 521 3539 577; x_wconf 88' lang='lat' dir='ltr'><strong>quam</strong></span> <span class='ocrx_word' id='word_1_492' title='bbox 3570 508 3640 561; x_wconf 94' lang='lat' dir='ltr'><strong>ob</strong></span> <span class='ocrx_word' id='word_1_493' title='bbox 3664 522 3882 563; x_wconf 85' lang='lat' dir='ltr'><strong>causam</strong></span> 
     </span>
    </p>
   </div>
   <div class='ocr_carea' id='block_1_64' title="bbox 2314 600 3875 670">
    <p class='ocr_par' dir='ltr' id='par_1_64' title="bbox 2314 600 3875 670">
     <span class='ocr_line' id='line_1_65' title="bbox 2314 600 3875 670; baseline -0.004 -15"><span class='ocrx_word' id='word_1_494' title='bbox 2314 600 2671 656; x_wconf 78' lang='lat' dir='ltr'><strong>concedebat?</strong></span> <span class='ocrx_word' id='word_1_495' title='bbox 2699 600 2877 670; x_wconf 89' lang='lat' dir='ltr'><strong>Itaque</strong></span> <span class='ocrx_word' id='word_1_496' title='bbox 2903 602 3149 670; x_wconf 88' lang='lat' dir='ltr'><strong>quoniam</strong></span> <span class='ocrx_word' id='word_1_497' title='bbox 3177 610 3229 655; x_wconf 91' lang='lat' dir='ltr'><strong>te</strong></span> <span class='ocrx_word' id='word_1_498' title='bbox 3256 601 3462 670; x_wconf 90' lang='lat' dir='ltr'><strong>privare</strong></span> <span class='ocrx_word' id='word_1_499' title='bbox 3487 601 3721 666; x_wconf 87' lang='lat' dir='ltr'><strong>nolebat,</strong></span> <span class='ocrx_word' id='word_1_500' title='bbox 3747 615 3875 668; x_wconf 78' lang='lat' dir='ltr'><strong>pm-</strong></span> 
     </span>
    </p>
   </div>
   <div class='ocr_carea' id='block_1_65' title="bbox 2315 689 3880 760">
    <p class='ocr_par' dir='ltr' id='par_1_65' title="bbox 2315 689 3880 760">
     <span class='ocr_line' id='line_1_66' title="bbox 2315 689 3880 760; baseline 0 -16"><span class='ocrx_word' id='word_1_501' title='bbox 2315 699 2493 760; x_wconf 89' lang='lat' dir='ltr'><strong>pterea</strong></span> <span class='ocrx_word' id='word_1_502' title='bbox 2531 689 2623 745; x_wconf 90' lang='lat' dir='ltr'><strong>tibi</strong></span> <span class='ocrx_word' id='word_1_503' title='bbox 2658 689 2767 758; x_wconf 86' lang='lat' dir='ltr'><strong>jam</strong></span> <span class='ocrx_word' id='word_1_504' title='bbox 2803 690 2925 747; x_wconf 92' lang='lat' dir='ltr'><strong>inde</strong></span> <span class='ocrx_word' id='word_1_505' title='bbox 2947 706 2976 745; x_wconf 89' lang='lat' dir='ltr'><strong>a</strong></span> <span class='ocrx_word' id='word_1_506' title='bbox 3008 691 3266 760; x_wconf 86' lang='lat' dir='ltr'><strong>principio</strong></span> <span class='ocrx_word' id='word_1_507' title='bbox 3290 692 3388 746; x_wconf 91' lang='lat' dir='ltr'><strong>ista</strong></span> <span class='ocrx_word' id='word_1_508' title='bbox 3417 691 3701 746; x_wconf 86' lang='lat' dir='ltr'><strong>concessit.</strong></span> <span class='ocrx_word' id='word_1_509' title='bbox 3741 690 3880 757; x_wconf 87' lang='lat' dir='ltr'><strong>Quid</strong></span> 
     </span>
    </p>
   </div>
   <div class='ocr_carea' id='block_1_66' title="bbox 2314 778 3879 848">
    <p class='ocr_par' dir='ltr' id='par_1_66' title="bbox 2314 778 3879 848">
     <span class='ocr_line' id='line_1_67' title="bbox 2314 778 3879 848; baseline 0.001 -15"><span class='ocrx_word' id='word_1_510' title='bbox 2314 792 2439 847; x_wconf 87' lang='lat' dir='ltr'><strong>ergo</strong></span> <span class='ocrx_word' id='word_1_511' title='bbox 2460 778 2680 834; x_wconf 82' lang='lat' dir='ltr'><strong>accidit?</strong></span> <span class='ocrx_word' id='word_1_512' title='bbox 2707 778 2821 833; x_wconf 80' lang='lat' dir='ltr'><strong>Non</strong></span> <span class='ocrx_word' id='word_1_513' title='bbox 2845 788 2898 834; x_wconf 89' lang='lat' dir='ltr'><strong>te</strong></span> <span class='ocrx_word' id='word_1_514' title='bbox 2923 780 3058 834; x_wconf 88' lang='lat' dir='ltr'><strong>Deus</strong></span> <span class='ocrx_word' id='word_1_515' title='bbox 3080 779 3162 834; x_wconf 91' lang='lat' dir='ltr'><strong>his</strong></span> <span class='ocrx_word' id='word_1_516' title='bbox 3185 779 3338 834; x_wconf 90' lang='lat' dir='ltr'><strong>bonis</strong></span> <span class='ocrx_word' id='word_1_517' title='bbox 3363 779 3533 848; x_wconf 89' lang='lat' dir='ltr'><strong>ejecit,</strong></span> <span class='ocrx_word' id='word_1_518' title='bbox 3564 779 3657 834; x_wconf 89' lang='lat' dir='ltr'><strong>sed</strong></span> <span class='ocrx_word' id='word_1_519' title='bbox 3680 787 3735 833; x_wconf 91' lang='lat' dir='ltr'><strong>tu</strong></span> <span class='ocrx_word' id='word_1_520' title='bbox 3759 794 3879 848; x_wconf 72' lang='lat' dir='ltr'><strong>qua</strong></span> 
     </span>
    </p>
   </div>
   <div class='ocr_carea' id='block_1_67' title="bbox 2313 871 3876 947">
    <p class='ocr_par' dir='ltr' id='par_1_67' title="bbox 2313 871 3876 947">
     <span class='ocr_line' id='line_1_68' title="bbox 2313 871 3876 947; baseline 0.003 -22"><span class='ocrx_word' id='word_1_521' title='bbox 2313 871 2433 926; x_wconf 88' lang='lat' dir='ltr'><strong>data</strong></span> <span class='ocrx_word' id='word_1_522' title='bbox 2463 872 2670 929; x_wconf 87' lang='lat' dir='ltr'><strong>fuerant</strong></span> <span class='ocrx_word' id='word_1_523' title='bbox 2700 874 2944 929; x_wconf 89' lang='lat' dir='ltr'><strong>amisisti.</strong></span> <span class='ocrx_word' id='word_1_524' title='bbox 2977 874 3054 929; x_wconf 87' lang='lat' dir='ltr'><strong>Tu</strong></span> <span class='ocrx_word' id='word_1_525' title='bbox 3080 875 3229 929; x_wconf 90' lang='lat' dir='ltr'><strong>illum</strong></span> <span class='ocrx_word' id='word_1_526' title='bbox 3261 886 3473 945; x_wconf 86' lang='lat' dir='ltr'><strong>propter</strong></span> <span class='ocrx_word' id='word_1_527' title='bbox 3498 876 3876 947; x_wconf 89' lang='lat' dir='ltr'><strong>benignitatem</strong></span> 
     </span>
    </p>
   </div>
   <div class='ocr_carea' id='block_1_68' title="bbox 2314 961 3877 1037">
    <p class='ocr_par' dir='ltr' id='par_1_68' title="bbox 2314 961 3877 1037">
     <span class='ocr_line' id='line_1_69' title="bbox 2314 961 3877 1037; baseline 0.003 -22"><span class='ocrx_word' id='word_1_528' title='bbox 2314 961 2487 1029; x_wconf 91' lang='lat' dir='ltr'><strong>lauda,</strong></span> <span class='ocrx_word' id='word_1_529' title='bbox 2502 963 2640 1033; x_wconf 92' lang='lat' dir='ltr'><strong>quod</strong></span> <span class='ocrx_word' id='word_1_530' title='bbox 2664 963 2878 1032; x_wconf 88' lang='lat' dir='ltr'><strong>largitus</strong></span> <span class='ocrx_word' id='word_1_531' title='bbox 2897 965 2966 1018; x_wconf 89' lang='lat' dir='ltr'><strong>sit</strong></span> <span class='ocrx_word' id='word_1_532' title='bbox 2993 980 3008 1016; x_wconf 90' lang='lat'><strong>:</strong></span> <span class='ocrx_word' id='word_1_533' title='bbox 3034 965 3255 1034; x_wconf 87' lang='lat' dir='ltr'><strong>teipsum</strong></span> <span class='ocrx_word' id='word_1_534' title='bbox 3277 976 3489 1035; x_wconf 90' lang='lat' dir='ltr'><strong>pr0pter</strong></span> <span class='ocrx_word' id='word_1_535' title='bbox 3509 967 3767 1037; x_wconf 89' lang='lat' dir='ltr'><strong>ignaviam</strong></span> <span class='ocrx_word' id='word_1_536' title='bbox 3789 980 3877 1020; x_wconf 84' lang='lat' dir='ltr'><strong>ac-</strong></span> 
     </span>
    </p>
   </div>
   <div class='ocr_carea' id='block_1_69' title="bbox 2312 1052 3879 1126">
    <p class='ocr_par' dir='ltr' id='par_1_69' title="bbox 2312 1052 3879 1126">
     <span class='ocr_line' id='line_1_70' title="bbox 2312 1052 3879 1126; baseline 0.003 -21"><span class='ocrx_word' id='word_1_537' title='bbox 2312 1066 2456 1117; x_wconf 90' lang='lat' dir='ltr'><strong>cusa,</strong></span> <span class='ocrx_word' id='word_1_538' title='bbox 2487 1053 2578 1122; x_wconf 92' lang='lat' dir='ltr'><strong>qui</strong></span> <span class='ocrx_word' id='word_1_539' title='bbox 2597 1052 2792 1107; x_wconf 90' lang='lat' dir='ltr'><strong>donum</strong></span> <span class='ocrx_word' id='word_1_540' title='bbox 2818 1054 3034 1109; x_wconf 91' lang='lat' dir='ltr'><strong>minime</strong></span> <span class='ocrx_word' id='word_1_541' title='bbox 3053 1056 3469 1111; x_wconf 89' lang='lat' dir='ltr'><strong>conservaveris.</strong></span> <span class='ocrx_word' id='word_1_542' title='bbox 3497 1057 3687 1126; x_wconf 86' lang='lat' dir='ltr'><strong>Liquet</strong></span> <span class='ocrx_word' id='word_1_543' title='bbox 3718 1057 3879 1126; x_wconf 87' lang='lat' dir='ltr'><strong>igitur</strong></span> 
     </span>
    </p>
   </div>
   <div class='ocr_carea' id='block_1_70' title="bbox 2314 1143 3873 1217">
    <p class='ocr_par' dir='ltr' id='par_1_70' title="bbox 2314 1143 3873 1217">
     <span class='ocr_line' id='line_1_71' title="bbox 2314 1143 3873 1217; baseline 0.004 -20"><span class='ocrx_word' id='word_1_544' title='bbox 2314 1158 2416 1197; x_wconf 87' lang='lat' dir='ltr'><strong>non</strong></span> <span class='ocrx_word' id='word_1_545' title='bbox 2438 1158 2560 1198; x_wconf 91' lang='lat' dir='ltr'><strong>eum</strong></span> <span class='ocrx_word' id='word_1_546' title='bbox 2588 1143 2677 1214; x_wconf 90' lang='lat' dir='ltr'><strong>qui</strong></span> <span class='ocrx_word' id='word_1_547' title='bbox 2698 1144 2941 1213; x_wconf 85' lang='lat' dir='ltr'><strong>deposuit</strong></span> <span class='ocrx_word' id='word_1_548' title='bbox 2963 1160 3110 1200; x_wconf 90' lang='lat' dir='ltr'><strong>reum</strong></span> <span class='ocrx_word' id='word_1_549' title='bbox 3137 1161 3277 1214; x_wconf 87' lang='lat' dir='ltr'><strong>esse,</strong></span> <span class='ocrx_word' id='word_1_550' title='bbox 3302 1162 3485 1203; x_wconf 91' lang='lat' dir='ltr'><strong>verum</strong></span> <span class='ocrx_word' id='word_1_551' title='bbox 3512 1162 3633 1202; x_wconf 89' lang='lat' dir='ltr'><strong>eum</strong></span> <span class='ocrx_word' id='word_1_552' title='bbox 3662 1148 3752 1217; x_wconf 81' lang='lat' dir='ltr'><strong>qui</strong></span> <span class='ocrx_word' id='word_1_553' title='bbox 3774 1147 3873 1202; x_wconf 85' lang='lat' dir='ltr'><strong>dc—</strong></span> 
     </span>
    </p>
   </div>
   <div class='ocr_carea' id='block_1_71' title="bbox 2314 1234 3875 1303">
    <p class='ocr_par' dir='ltr' id='par_1_71' title="bbox 2314 1234 3875 1303">
     <span class='ocr_line' id='line_1_72' title="bbox 2314 1234 3875 1303; baseline 0.004 -18"><span class='ocrx_word' id='word_1_554' title='bbox 2314 1234 2539 1302; x_wconf 86' lang='lat' dir='ltr'><strong>positum</strong></span> <span class='ocrx_word' id='word_1_555' title='bbox 2568 1234 2791 1303; x_wconf 87' lang='lat' dir='ltr'><strong>perdidit</strong></span> <span class='ocrx_word' id='word_1_556' title='bbox 2815 1234 3023 1289; x_wconf 90' lang='lat' dir='ltr'><strong>crimini</strong></span> <span class='ocrx_word' id='word_1_557' title='bbox 3050 1236 3333 1291; x_wconf 79' lang='lat' dir='ltr'><strong>obnoxium</strong></span> <span class='ocrx_word' id='word_1_558' title='bbox 3360 1251 3499 1293; x_wconf 86' lang='lat' dir='ltr'><strong>esse.</strong></span> <span class='ocrx_word' id='word_1_559' title='bbox 3538 1236 3670 1292; x_wconf 80' lang='lat' dir='ltr'><strong>Nam</strong></span> <span class='ocrx_word' id='word_1_560' title='bbox 3698 1251 3760 1292; x_wconf 87' lang='lat' dir='ltr'><strong>se</strong></span> <span class='ocrx_word' id='word_1_561' title='bbox 3786 1236 3875 1291; x_wconf 85' lang='lat' dir='ltr'><strong>di-</strong></span> 
     </span>
    </p>
   </div>
   <div class='ocr_carea' id='block_1_72' title="bbox 2314 1322 3873 1394">
    <p class='ocr_par' dir='ltr' id='par_1_72' title="bbox 2314 1322 3873 1394">
     <span class='ocr_line' id='line_1_73' title="bbox 2314 1322 3873 1394; baseline 0.003 -19"><span class='ocrx_word' id='word_1_562' title='bbox 2314 1322 2472 1392; x_wconf 85' lang='lat' dir='ltr'><strong>ligere</strong></span> <span class='ocrx_word' id='word_1_563' title='bbox 2490 1338 2553 1377; x_wconf 90' lang='lat' dir='ltr'><strong>ac</strong></span> <span class='ocrx_word' id='word_1_564' title='bbox 2576 1323 2857 1393; x_wconf 91' lang='lat' dir='ltr'><strong>benignum</strong></span> <span class='ocrx_word' id='word_1_565' title='bbox 2877 1338 3017 1390; x_wconf 86' lang='lat' dir='ltr'><strong>esse,</strong></span> <span class='ocrx_word' id='word_1_566' title='bbox 3034 1334 3090 1381; x_wconf 92' lang='lat' dir='ltr'><strong>et</strong></span> <span class='ocrx_word' id='word_1_567' title='bbox 3108 1326 3287 1394; x_wconf 85' lang='lat' dir='ltr'><strong>largiri</strong></span> <span class='ocrx_word' id='word_1_568' title='bbox 3311 1326 3541 1382; x_wconf 90' lang='lat' dir='ltr'><strong>voluisse</strong></span> <span class='ocrx_word' id='word_1_569' title='bbox 3560 1327 3873 1391; x_wconf 82' lang='lat' dir='ltr'><strong>declaravit,</strong></span> 
     </span>
    </p>
   </div>
   <div class='ocr_carea' id='block_1_73' title="bbox 2311 1416 3875 1485">
    <p class='ocr_par' dir='ltr' id='par_1_73' title="bbox 2311 1416 3875 1485">
     <span class='ocr_line' id='line_1_74' title="bbox 2311 1416 3875 1485; baseline 0.004 -18"><span class='ocrx_word' id='word_1_570' title='bbox 2311 1428 2431 1467; x_wconf 92' lang='lat' dir='ltr'><strong>cum</strong></span> <span class='ocrx_word' id='word_1_571' title='bbox 2461 1429 2619 1468; x_wconf 90' lang='lat' dir='ltr'><strong>nemo</strong></span> <span class='ocrx_word' id='word_1_572' title='bbox 2646 1426 2859 1485; x_wconf 86' lang='lat' dir='ltr'><strong>cogeret</strong></span> <span class='ocrx_word' id='word_1_573' title='bbox 2884 1424 2976 1471; x_wconf 89' lang='lat' dir='ltr'><strong>aut</strong></span> <span class='ocrx_word' id='word_1_574' title='bbox 3000 1417 3104 1471; x_wconf 86' lang='lat' dir='ltr'><strong>vim</strong></span> <span class='ocrx_word' id='word_1_575' title='bbox 3129 1416 3343 1473; x_wconf 76' lang='lat' dir='ltr'><strong>afferret</strong></span> <span class='ocrx_word' id='word_1_576' title='bbox 3362 1457 3378 1483; x_wconf 93' lang='lat'><strong>,</strong></span> <span class='ocrx_word' id='word_1_577' title='bbox 3417 1433 3536 1473; x_wconf 91' lang='lat' dir='ltr'><strong>cum</strong></span> <span class='ocrx_word' id='word_1_578' title='bbox 3573 1418 3714 1472; x_wconf 86' lang='lat' dir='ltr'><strong>nulla</strong></span> <span class='ocrx_word' id='word_1_579' title='bbox 3741 1420 3793 1472; x_wconf 92' lang='lat' dir='ltr'><strong>in</strong></span> <span class='ocrx_word' id='word_1_580' title='bbox 3822 1426 3875 1473; x_wconf 89' lang='lat' dir='ltr'><strong>te</strong></span> 
     </span>
    </p>
   </div>
   <div class='ocr_carea' id='block_1_74' title="bbox 2313 1504 3876 1578">
    <p class='ocr_par' dir='ltr' id='par_1_74' title="bbox 2313 1504 3876 1578">
     <span class='ocr_line' id='line_1_75' title="bbox 2313 1504 3876 1578; baseline 0.004 -21"><span class='ocrx_word' id='word_1_581' title='bbox 2313 1513 2454 1559; x_wconf 88' lang='lat' dir='ltr'><strong>recte</strong></span> <span class='ocrx_word' id='word_1_582' title='bbox 2481 1504 2614 1559; x_wconf 88' lang='lat' dir='ltr'><strong>facta</strong></span> <span class='ocrx_word' id='word_1_583' title='bbox 2645 1506 2864 1561; x_wconf 88' lang='lat' dir='ltr'><strong>miratus</strong></span> <span class='ocrx_word' id='word_1_584' title='bbox 2887 1515 3027 1562; x_wconf 89' lang='lat' dir='ltr'><strong>esset</strong></span> <span class='ocrx_word' id='word_1_585' title='bbox 3048 1547 3064 1571; x_wconf 87' lang='lat'><strong>,</strong></span> <span class='ocrx_word' id='word_1_586' title='bbox 3095 1523 3266 1578; x_wconf 88' lang='lat' dir='ltr'><strong>neque</strong></span> <span class='ocrx_word' id='word_1_587' title='bbox 3302 1508 3539 1563; x_wconf 86' lang='lat' dir='ltr'><strong>laborum</strong></span> <span class='ocrx_word' id='word_1_588' title='bbox 3578 1510 3876 1565; x_wconf 85' lang='lat' dir='ltr'><strong>retribuere</strong></span> 
     </span>
    </p>
   </div>
   <div class='ocr_carea' id='block_1_75' title="bbox 2313 1592 3877 1664">
    <p class='ocr_par' dir='ltr' id='par_1_75' title="bbox 2313 1592 3877 1664">
     <span class='ocr_line' id='line_1_76' title="bbox 2313 1592 3877 1664; baseline 0.004 -19"><span class='ocrx_word' id='word_1_589' title='bbox 2313 1592 2608 1646; x_wconf 90' lang='lat' dir='ltr'><strong>mercedem</strong></span> <span class='ocrx_word' id='word_1_590' title='bbox 2634 1594 2882 1660; x_wconf 90' lang='lat' dir='ltr'><strong>deberet;</strong></span> <span class='ocrx_word' id='word_1_591' title='bbox 2912 1596 3005 1651; x_wconf 88' lang='lat' dir='ltr'><strong>sed</strong></span> <span class='ocrx_word' id='word_1_592' title='bbox 3028 1597 3304 1651; x_wconf 90' lang='lat' dir='ltr'><strong>confestim</strong></span> <span class='ocrx_word' id='word_1_593' title='bbox 3330 1597 3417 1651; x_wconf 94' lang='lat' dir='ltr'><strong>ubi</strong></span> <span class='ocrx_word' id='word_1_594' title='bbox 3447 1598 3715 1664; x_wconf 86' lang='lat' dir='ltr'><strong>formavit,</strong></span> <span class='ocrx_word' id='word_1_595' title='bbox 3742 1614 3877 1653; x_wconf 82' lang='lat' dir='ltr'><strong>cou-</strong></span> 
     </span>
    </p>
   </div>
   <div class='ocr_carea' id='block_1_76' title="bbox 2314 1679 3877 1754">
    <p class='ocr_par' dir='ltr' id='par_1_76' title="bbox 2314 1679 3877 1754">
     <span class='ocr_line' id='line_1_77' title="bbox 2314 1679 3877 1754; baseline 0.006 -22"><span class='ocrx_word' id='word_1_596' title='bbox 2314 1679 2481 1733; x_wconf 89' lang='lat' dir='ltr'><strong>festim</strong></span> <span class='ocrx_word' id='word_1_597' title='bbox 2502 1682 2565 1736; x_wconf 91' lang='lat' dir='ltr'><strong>ad</strong></span> <span class='ocrx_word' id='word_1_598' title='bbox 2588 1681 2727 1737; x_wconf 87' lang='lat' dir='ltr'><strong>hunc</strong></span> <span class='ocrx_word' id='word_1_599' title='bbox 2754 1684 3098 1754; x_wconf 84' lang='lat' dir='ltr'><strong>principatum</strong></span> <span class='ocrx_word' id='word_1_600' title='bbox 3122 1687 3311 1750; x_wconf 81' lang='lat' dir='ltr'><strong>evexit,</strong></span> <span class='ocrx_word' id='word_1_601' title='bbox 3333 1696 3390 1740; x_wconf 93' lang='lat' dir='ltr'><strong>ut</strong></span> <span class='ocrx_word' id='word_1_602' title='bbox 3414 1687 3513 1741; x_wconf 91' lang='lat' dir='ltr'><strong>hoc</strong></span> <span class='ocrx_word' id='word_1_603' title='bbox 3536 1687 3733 1741; x_wconf 83' lang='lat' dir='ltr'><strong>donum</strong></span> <span class='ocrx_word' id='word_1_604' title='bbox 3765 1704 3877 1741; x_wconf 80' lang='lat' dir='ltr'><strong>non</strong></span> 
     </span>
    </p>
   </div>
   <div class='ocr_carea' id='block_1_77' title="bbox 2312 1770 3877 1848">
    <p class='ocr_par' dir='ltr' id='par_1_77' title="bbox 2312 1770 3877 1848">
     <span class='ocr_line' id='line_1_78' title="bbox 2312 1770 3877 1848; baseline 0.007 -25"><span class='ocrx_word' id='word_1_605' title='bbox 2312 1770 2710 1828; x_wconf 86' lang='lat' dir='ltr'><strong>retributionem</strong></span> <span class='ocrx_word' id='word_1_606' title='bbox 2752 1776 3029 1843; x_wconf 90' lang='lat' dir='ltr'><strong>mercedis,</strong></span> <span class='ocrx_word' id='word_1_607' title='bbox 3071 1776 3163 1831; x_wconf 88' lang='lat' dir='ltr'><strong>sed</strong></span> <span class='ocrx_word' id='word_1_608' title='bbox 3205 1792 3407 1833; x_wconf 85' lang='lat' dir='ltr'><strong>meram</strong></span> <span class='ocrx_word' id='word_1_609' title='bbox 3450 1779 3670 1848; x_wconf 85' lang='lat' dir='ltr'><strong>gratiam</strong></span> <span class='ocrx_word' id='word_1_610' title='bbox 3711 1779 3877 1834; x_wconf 82' lang='lat' dir='ltr'><strong>fuisse</strong></span> 
     </span>
    </p>
   </div>
   <div class='ocr_carea' id='block_1_78' title="bbox 2311 1861 3873 1936">
    <p class='ocr_par' dir='ltr' id='par_1_78' title="bbox 2311 1861 3873 1936">
     <span class='ocr_line' id='line_1_79' title="bbox 2311 1861 3873 1936; baseline 0.004 -22"><span class='ocrx_word' id='word_1_611' title='bbox 2311 1861 2632 1917; x_wconf 91' lang='lat' dir='ltr'><strong>ostenderet.</strong></span> <span class='ocrx_word' id='word_1_612' title='bbox 2654 1864 2802 1930; x_wconf 88' lang='lat' dir='ltr'><strong>Quod</strong></span> <span class='ocrx_word' id='word_1_613' title='bbox 2822 1865 2867 1919; x_wconf 88' lang='lat' dir='ltr'><strong>si</strong></span> <span class='ocrx_word' id='word_1_614' title='bbox 2888 1881 3005 1934; x_wconf 69' lang='lat' dir='ltr'><strong>qua:</strong></span> <span class='ocrx_word' id='word_1_615' title='bbox 3024 1866 3144 1922; x_wconf 86' lang='lat' dir='ltr'><strong>data</strong></span> <span class='ocrx_word' id='word_1_616' title='bbox 3165 1867 3370 1923; x_wconf 89' lang='lat' dir='ltr'><strong>fuerant</strong></span> <span class='ocrx_word' id='word_1_617' title='bbox 3389 1882 3495 1923; x_wconf 91' lang='lat' dir='ltr'><strong>non</strong></span> <span class='ocrx_word' id='word_1_618' title='bbox 3513 1870 3873 1936; x_wconf 81' lang='lat' dir='ltr'><strong>conservasti,</strong></span> 
     </span>
    </p>
   </div>
   <div class='ocr_carea' id='block_1_79' title="bbox 2313 1953 3647 2028">
    <p class='ocr_par' dir='ltr' id='par_1_79' title="bbox 2313 1953 3647 2028">
     <span class='ocr_line' id='line_1_80' title="bbox 2313 1953 3647 2028; baseline 0.005 -23"><span class='ocrx_word' id='word_1_619' title='bbox 2313 1953 2538 2020; x_wconf 91' lang='lat' dir='ltr'><strong>teipsum</strong></span> <span class='ocrx_word' id='word_1_620' title='bbox 2558 1968 2764 2020; x_wconf 89' lang='lat' dir='ltr'><strong>accusa,</strong></span> <span class='ocrx_word' id='word_1_621' title='bbox 2794 1970 2896 2011; x_wconf 92' lang='lat' dir='ltr'><strong>non</strong></span> <span class='ocrx_word' id='word_1_622' title='bbox 2920 1972 3042 2012; x_wconf 89' lang='lat' dir='ltr'><strong>eum</strong></span> <span class='ocrx_word' id='word_1_623' title='bbox 3068 1958 3157 2028; x_wconf 94' lang='lat' dir='ltr'><strong>qui</strong></span> <span class='ocrx_word' id='word_1_624' title='bbox 3186 1958 3384 2014; x_wconf 91' lang='lat' dir='ltr'><strong>donum</strong></span> <span class='ocrx_word' id='word_1_625' title='bbox 3408 1960 3647 2015; x_wconf 90' lang='lat' dir='ltr'><strong>contulit.</strong></span> 
     </span>
    </p>
   </div>
   <div class='ocr_carea' id='block_1_80' title="bbox 2382 2033 3873 2096">
    <p class='ocr_par' dir='ltr' id='par_1_80' title="bbox 2382 2033 3873 2096">
     <span class='ocr_line' id='line_1_81' title="bbox 2382 2033 3873 2096; baseline 0.002 -6"><span class='ocrx_word' id='word_1_626' title='bbox 2382 2033 2565 2090; x_wconf 80' lang='lat' dir='ltr'><strong>Christi</strong></span> <span class='ocrx_word' id='word_1_627' title='bbox 2602 2043 2839 2093; x_wconf 83' lang='lat' dir='ltr'><strong>aduentus</strong></span> <span class='ocrx_word' id='word_1_628' title='bbox 2876 2041 3059 2094; x_wconf 87' lang='lat' dir='ltr'><strong>antissa</strong></span> <span class='ocrx_word' id='word_1_629' title='bbox 3100 2041 3241 2095; x_wconf 81' lang='lat' dir='ltr'><strong>nobis</strong></span> <span class='ocrx_word' id='word_1_630' title='bbox 3278 2043 3500 2096; x_wconf 84' lang='lat' dir='ltr'><strong>auctiora</strong></span> <span class='ocrx_word' id='word_1_631' title='bbox 3540 2043 3773 2096; x_wconf 75' lang='lat' dir='ltr'><strong>restituit.</strong></span> <span class='ocrx_word' id='word_1_632' title='bbox 3800 2071 3873 2082; x_wconf 88' lang='lat'><em>--</em></span> 
     </span>
    </p>
   </div>
   <div class='ocr_carea' id='block_1_81' title="bbox 2312 2124 3873 2201">
    <p class='ocr_par' dir='ltr' id='par_1_81' title="bbox 2312 2124 3873 2201">
     <span class='ocr_line' id='line_1_82' title="bbox 2312 2124 3873 2201; baseline 0.002 -20"><span class='ocrx_word' id='word_1_633' title='bbox 2312 2124 2447 2181; x_wconf 85' lang='lat' dir='ltr'><strong>Num</strong></span> <span class='ocrx_word' id='word_1_634' title='bbox 2472 2126 2630 2197; x_wconf 86' lang='lat' dir='ltr'><strong>igitur</strong></span> <span class='ocrx_word' id='word_1_635' title='bbox 2651 2128 2751 2183; x_wconf 92' lang='lat' dir='ltr'><strong>hoc</strong></span> <span class='ocrx_word' id='word_1_636' title='bbox 2773 2145 2934 2184; x_wconf 89' lang='lat' dir='ltr'><strong>unum</strong></span> <span class='ocrx_word' id='word_1_637' title='bbox 2972 2145 3067 2199; x_wconf 89' lang='lat' dir='ltr'><strong>pro</strong></span> <span class='ocrx_word' id='word_1_638' title='bbox 3100 2131 3321 2186; x_wconf 90' lang='lat' dir='ltr'><strong>Domino</strong></span> <span class='ocrx_word' id='word_1_639' title='bbox 3348 2132 3525 2187; x_wconf 90' lang='lat' dir='ltr'><strong>dicere</strong></span> <span class='ocrx_word' id='word_1_640' title='bbox 3550 2132 3873 2201; x_wconf 79' lang='lat' dir='ltr'><strong>possumus?</strong></span> 
     </span>
    </p>
   </div>
   <div class='ocr_carea' id='block_1_82' title="bbox 2310 2216 3873 2286">
    <p class='ocr_par' dir='ltr' id='par_1_82' title="bbox 2310 2216 3873 2286">
     <span class='ocr_line' id='line_1_83' title="bbox 2310 2216 3873 2286; baseline 0.001 -14"><span class='ocrx_word' id='word_1_641' title='bbox 2310 2216 2517 2272; x_wconf 88' lang='lat' dir='ltr'><strong>Sufﬁcit</strong></span> <span class='ocrx_word' id='word_1_642' title='bbox 2540 2217 2752 2286; x_wconf 91' lang='lat' dir='ltr'><strong>quidem</strong></span> <span class='ocrx_word' id='word_1_643' title='bbox 2793 2218 2907 2273; x_wconf 70' lang='lat' dir='ltr'><strong>haec</strong></span> <span class='ocrx_word' id='word_1_644' title='bbox 2942 2218 3181 2273; x_wconf 90' lang='lat' dir='ltr'><strong>defensio</strong></span> <span class='ocrx_word' id='word_1_645' title='bbox 3212 2237 3226 2273; x_wconf 89' lang='lat'><strong>:</strong></span> <span class='ocrx_word' id='word_1_646' title='bbox 3255 2220 3347 2276; x_wconf 89' lang='lat' dir='ltr'><strong>sed</strong></span> <span class='ocrx_word' id='word_1_647' title='bbox 3377 2222 3633 2275; x_wconf 90' lang='lat' dir='ltr'><strong>immensa</strong></span> <span class='ocrx_word' id='word_1_648' title='bbox 3663 2220 3873 2274; x_wconf 79' lang='lat' dir='ltr'><strong>bonitas</strong></span> 
     </span>
    </p>
   </div>
   <div class='ocr_carea' id='block_1_83' title="bbox 2311 2306 3872 2378">
    <p class='ocr_par' dir='ltr' id='par_1_83' title="bbox 2311 2306 3872 2378">
     <span class='ocr_line' id='line_1_84' title="bbox 2311 2306 3872 2378; baseline 0.003 -18"><span class='ocrx_word' id='word_1_649' title='bbox 2311 2306 2426 2373; x_wconf 88' lang='lat' dir='ltr'><strong>ejus</strong></span> <span class='ocrx_word' id='word_1_650' title='bbox 2475 2314 2529 2360; x_wconf 91' lang='lat' dir='ltr'><strong>et</strong></span> <span class='ocrx_word' id='word_1_651' title='bbox 2568 2306 2860 2377; x_wconf 89' lang='lat' dir='ltr'><strong>benignitas</strong></span> <span class='ocrx_word' id='word_1_652' title='bbox 2890 2308 3167 2364; x_wconf 75' lang='lat' dir='ltr'><strong>ineffabilis</strong></span> <span class='ocrx_word' id='word_1_653' title='bbox 3194 2309 3297 2364; x_wconf 88' lang='lat' dir='ltr'><strong>alia</strong></span> <span class='ocrx_word' id='word_1_654' title='bbox 3326 2310 3479 2365; x_wconf 88' lang='lat' dir='ltr'><strong>nobis</strong></span> <span class='ocrx_word' id='word_1_655' title='bbox 3504 2309 3568 2364; x_wconf 85' lang='lat' dir='ltr'><strong>ad</strong></span> <span class='ocrx_word' id='word_1_656' title='bbox 3598 2310 3716 2378; x_wconf 88' lang='lat' dir='ltr'><strong>ejus</strong></span> <span class='ocrx_word' id='word_1_657' title='bbox 3738 2325 3872 2364; x_wconf 86' lang='lat' dir='ltr'><strong>cau-</strong></span> 
     </span>
    </p>
   </div>
   <div class='ocr_carea' id='block_1_84' title="bbox 2311 2395 3879 2468">
    <p class='ocr_par' dir='ltr' id='par_1_84' title="bbox 2311 2395 3879 2468">
     <span class='ocr_line' id='line_1_85' title="bbox 2311 2395 3879 2468; baseline 0.003 -19"><span class='ocrx_word' id='word_1_658' title='bbox 2311 2410 2421 2449; x_wconf 87' lang='lat' dir='ltr'><strong>sam</strong></span> <span class='ocrx_word' id='word_1_659' title='bbox 2449 2395 2697 2449; x_wconf 89' lang='lat' dir='ltr'><strong>tuendam</strong></span> <span class='ocrx_word' id='word_1_660' title='bbox 2727 2395 3050 2451; x_wconf 89' lang='lat' dir='ltr'><strong>ﬁrmamenta</strong></span> <span class='ocrx_word' id='word_1_661' title='bbox 3078 2398 3292 2467; x_wconf 91' lang='lat' dir='ltr'><strong>copiose</strong></span> <span class='ocrx_word' id='word_1_662' title='bbox 3329 2398 3645 2467; x_wconf 87' lang='lat' dir='ltr'><strong>suppeditat.</strong></span> <span class='ocrx_word' id='word_1_663' title='bbox 3687 2398 3879 2468; x_wconf 84' lang='lat' dir='ltr'><strong>Neque</strong></span> 
     </span>
    </p>
   </div>
   <div class='ocr_carea' id='block_1_85' title="bbox 2308 2486 3876 2558">
    <p class='ocr_par' dir='ltr' id='par_1_85' title="bbox 2308 2486 3876 2558">
     <span class='ocr_line' id='line_1_86' title="bbox 2308 2486 3876 2558; baseline 0.001 -17"><span class='ocrx_word' id='word_1_664' title='bbox 2308 2486 2451 2541; x_wconf 91' lang='lat' dir='ltr'><strong>enim</strong></span> <span class='ocrx_word' id='word_1_665' title='bbox 2482 2486 2584 2541; x_wconf 85' lang='lat' dir='ltr'><strong>hoc</strong></span> <span class='ocrx_word' id='word_1_666' title='bbox 2611 2488 2781 2541; x_wconf 90' lang='lat' dir='ltr'><strong>solum</strong></span> <span class='ocrx_word' id='word_1_667' title='bbox 2808 2487 2986 2543; x_wconf 86' lang='lat' dir='ltr'><strong>dicere</strong></span> <span class='ocrx_word' id='word_1_668' title='bbox 3012 2489 3153 2555; x_wconf 89' lang='lat' dir='ltr'><strong>licet,</strong></span> <span class='ocrx_word' id='word_1_669' title='bbox 3181 2489 3351 2555; x_wconf 90' lang='lat' dir='ltr'><strong>ipsum</strong></span> <span class='ocrx_word' id='word_1_670' title='bbox 3377 2489 3587 2558; x_wconf 92' lang='lat' dir='ltr'><strong>quidem</strong></span> <span class='ocrx_word' id='word_1_671' title='bbox 3615 2489 3830 2543; x_wconf 88' lang='lat' dir='ltr'><strong>dedisse</strong></span> <span class='ocrx_word' id='word_1_672' title='bbox 3853 2530 3876 2554; x_wconf 78' lang='lat'><strong>,</strong></span> 
     </span>
    </p>
   </div>
   <div class='ocr_carea' id='block_1_86' title="bbox 2313 2576 3874 2648">
    <p class='ocr_par' dir='ltr' id='par_1_86' title="bbox 2313 2576 3874 2648">
     <span class='ocr_line' id='line_1_87' title="bbox 2313 2576 3874 2648; baseline 0.001 -18"><span class='ocrx_word' id='word_1_673' title='bbox 2313 2588 2363 2630; x_wconf 89' lang='lat' dir='ltr'><strong>te</strong></span> <span class='ocrx_word' id='word_1_674' title='bbox 2386 2591 2511 2631; x_wconf 89' lang='lat' dir='ltr'><strong>vero</strong></span> <span class='ocrx_word' id='word_1_675' title='bbox 2537 2576 2862 2645; x_wconf 88' lang='lat' dir='ltr'><strong>perdidisse;</strong></span> <span class='ocrx_word' id='word_1_676' title='bbox 2905 2593 3025 2631; x_wconf 91' lang='lat' dir='ltr'><strong>nam</strong></span> <span class='ocrx_word' id='word_1_677' title='bbox 3050 2586 3106 2632; x_wconf 92' lang='lat' dir='ltr'><strong>et</strong></span> <span class='ocrx_word' id='word_1_678' title='bbox 3132 2577 3235 2634; x_wconf 90' lang='lat' dir='ltr'><strong>hoc</strong></span> <span class='ocrx_word' id='word_1_679' title='bbox 3262 2587 3413 2647; x_wconf 90' lang='lat' dir='ltr'><strong>pacto</strong></span> <span class='ocrx_word' id='word_1_680' title='bbox 3439 2579 3527 2648; x_wconf 92' lang='lat' dir='ltr'><strong>qni</strong></span> <span class='ocrx_word' id='word_1_681' title='bbox 3555 2578 3734 2643; x_wconf 89' lang='lat' dir='ltr'><strong>dedit,</strong></span> <span class='ocrx_word' id='word_1_682' title='bbox 3760 2579 3874 2632; x_wconf 91' lang='lat' dir='ltr'><strong>cri-</strong></span> 
     </span>
    </p>
   </div>
   <div class='ocr_carea' id='block_1_87' title="bbox 2310 2665 3877 2737">
    <p class='ocr_par' dir='ltr' id='par_1_87' title="bbox 2310 2665 3877 2737">
     <span class='ocr_line' id='line_1_88' title="bbox 2310 2665 3877 2737; baseline 0 -17"><span class='ocrx_word' id='word_1_683' title='bbox 2310 2666 2452 2721; x_wconf 91' lang='lat' dir='ltr'><strong>mine</strong></span> <span class='ocrx_word' id='word_1_684' title='bbox 2479 2665 2748 2728; x_wconf 88' lang='lat' dir='ltr'><strong>liberatur.</strong></span> <span class='ocrx_word' id='word_1_685' title='bbox 2780 2667 2863 2722; x_wconf 91' lang='lat' dir='ltr'><strong>vel</strong></span> <span class='ocrx_word' id='word_1_686' title='bbox 2894 2668 3066 2736; x_wconf 90' lang='lat' dir='ltr'><strong>potius</strong></span> <span class='ocrx_word' id='word_1_687' title='bbox 3093 2667 3320 2722; x_wconf 77' lang='lat' dir='ltr'><strong>maxima</strong></span> <span class='ocrx_word' id='word_1_688' title='bbox 3348 2668 3503 2723; x_wconf 90' lang='lat' dir='ltr'><strong>laude</strong></span> <span class='ocrx_word' id='word_1_689' title='bbox 3530 2668 3719 2737; x_wconf 86' lang='lat' dir='ltr'><strong>dignus</strong></span> <span class='ocrx_word' id='word_1_690' title='bbox 3746 2682 3877 2721; x_wconf 84' lang='lat' dir='ltr'><strong>cen-</strong></span> 
     </span>
    </p>
   </div>
   <div class='ocr_carea' id='block_1_88' title="bbox 2310 2758 3879 2828">
    <p class='ocr_par' dir='ltr' id='par_1_88' title="bbox 2310 2758 3879 2828">
     <span class='ocr_line' id='line_1_89' title="bbox 2310 2758 3879 2828; baseline 0.001 -17"><span class='ocrx_word' id='word_1_691' title='bbox 2310 2766 2487 2826; x_wconf 91' lang='lat' dir='ltr'><strong>setur,</strong></span> <span class='ocrx_word' id='word_1_692' title='bbox 2528 2758 2669 2828; x_wconf 87' lang='lat' dir='ltr'><strong>quod</strong></span> <span class='ocrx_word' id='word_1_693' title='bbox 2704 2759 2862 2813; x_wconf 90' lang='lat' dir='ltr'><strong>etiam</strong></span> <span class='ocrx_word' id='word_1_694' title='bbox 2904 2758 3197 2827; x_wconf 64' lang='lat' dir='ltr'><strong>pravidens</strong></span> <span class='ocrx_word' id='word_1_695' title='bbox 3226 2768 3277 2814; x_wconf 92' lang='lat' dir='ltr'><strong>te</strong></span> <span class='ocrx_word' id='word_1_696' title='bbox 3306 2758 3629 2826; x_wconf 87' lang='lat' dir='ltr'><strong>perditurum</strong></span> <span class='ocrx_word' id='word_1_697' title='bbox 3655 2759 3879 2813; x_wconf 86' lang='lat' dir='ltr'><strong>minimc</strong></span> 
     </span>
    </p>
   </div>
   <div class='ocr_carea' id='block_1_89' title="bbox 2311 2847 3878 2919">
    <p class='ocr_par' dir='ltr' id='par_1_89' title="bbox 2311 2847 3878 2919">
     <span class='ocr_line' id='line_1_90' title="bbox 2311 2847 3878 2919; baseline 0.001 -17"><span class='ocrx_word' id='word_1_698' title='bbox 2311 2857 2362 2903; x_wconf 92' lang='lat' dir='ltr'><strong>te</strong></span> <span class='ocrx_word' id='word_1_699' title='bbox 2380 2849 2519 2903; x_wconf 91' lang='lat' dir='ltr'><strong>dono</strong></span> <span class='ocrx_word' id='word_1_700' title='bbox 2540 2849 2757 2919; x_wconf 89' lang='lat' dir='ltr'><strong>privarit</strong></span> <span class='ocrx_word' id='word_1_701' title='bbox 2778 2866 2794 2904; x_wconf 89' lang='lat'><strong>:</strong></span> <span class='ocrx_word' id='word_1_702' title='bbox 2817 2848 2910 2903; x_wconf 89' lang='lat' dir='ltr'><strong>sed</strong></span> <span class='ocrx_word' id='word_1_703' title='bbox 2929 2848 3069 2903; x_wconf 92' lang='lat' dir='ltr'><strong>aliud</strong></span> <span class='ocrx_word' id='word_1_704' title='bbox 3090 2848 3339 2918; x_wconf 89' lang='lat' dir='ltr'><strong>quiddam</strong></span> <span class='ocrx_word' id='word_1_705' title='bbox 3357 2850 3526 2916; x_wconf 87' lang='lat' dir='ltr'><strong>majus</strong></span> <span class='ocrx_word' id='word_1_706' title='bbox 3553 2847 3668 2903; x_wconf 86' lang='lat' dir='ltr'><strong>istis</strong></span> <span class='ocrx_word' id='word_1_707' title='bbox 3692 2848 3878 2903; x_wconf 78' lang='lat' dir='ltr'><strong>dicere</strong></span> 
     </span>
    </p>
   </div>
   <div class='ocr_carea' id='block_1_90' title="bbox 2312 2938 3882 3009">
    <p class='ocr_par' dir='ltr' id='par_1_90' title="bbox 2312 2938 3882 3009">
     <span class='ocr_line' id='line_1_91' title="bbox 2312 2938 3882 3009; baseline 0.001 -15"><span class='ocrx_word' id='word_1_708' title='bbox 2312 2955 2607 3009; x_wconf 89' lang='lat' dir='ltr'><strong>possumus.</strong></span> <span class='ocrx_word' id='word_1_709' title='bbox 2636 2939 2907 3006; x_wconf 90' lang='lat' dir='ltr'><strong>Quodnam</strong></span> <span class='ocrx_word' id='word_1_710' title='bbox 2931 2950 3101 2994; x_wconf 90' lang='lat' dir='ltr'><strong>autem</strong></span> <span class='ocrx_word' id='word_1_711' title='bbox 3124 2940 3250 2994; x_wconf 91' lang='lat' dir='ltr'><strong>illud</strong></span> <span class='ocrx_word' id='word_1_712' title='bbox 3269 2939 3387 2994; x_wconf 86' lang='lat' dir='ltr'><strong>est?</strong></span> <span class='ocrx_word' id='word_1_713' title='bbox 3414 2938 3561 3006; x_wconf 91' lang='lat' dir='ltr'><strong>Quod</strong></span> <span class='ocrx_word' id='word_1_714' title='bbox 3592 2948 3882 3007; x_wconf 86' lang='lat' dir='ltr'><strong>postquam</strong></span> 
     </span>
    </p>
   </div>
   <div class='ocr_carea' id='block_1_91' title="bbox 2310 3029 3880 3099">
    <p class='ocr_par' dir='ltr' id='par_1_91' title="bbox 2310 3029 3880 3099">
     <span class='ocr_line' id='line_1_92' title="bbox 2310 3029 3880 3099; baseline 0.001 -16"><span class='ocrx_word' id='word_1_715' title='bbox 2310 3045 2374 3083; x_wconf 80' lang='lat' dir='ltr'><strong>ex</strong></span> <span class='ocrx_word' id='word_1_716' title='bbox 2402 3029 2612 3099; x_wconf 89' lang='lat' dir='ltr'><strong>propria</strong></span> <span class='ocrx_word' id='word_1_717' title='bbox 2640 3029 2952 3099; x_wconf 88' lang='lat' dir='ltr'><strong>negligentia</strong></span> <span class='ocrx_word' id='word_1_718' title='bbox 2980 3029 3268 3098; x_wconf 81' lang='lat' dir='ltr'><strong>perdidisti,</strong></span> <span class='ocrx_word' id='word_1_719' title='bbox 3296 3043 3479 3083; x_wconf 90' lang='lat' dir='ltr'><strong>rursus</strong></span> <span class='ocrx_word' id='word_1_720' title='bbox 3517 3044 3579 3083; x_wconf 89' lang='lat' dir='ltr'><strong>ea</strong></span> <span class='ocrx_word' id='word_1_721' title='bbox 3619 3029 3714 3083; x_wconf 90' lang='lat' dir='ltr'><strong>tibi</strong></span> <span class='ocrx_word' id='word_1_722' title='bbox 3752 3044 3880 3098; x_wconf 72' lang='lat' dir='ltr'><strong>qua:</strong></span> 
     </span>
    </p>
   </div>
   <div class='ocr_carea' id='block_1_92' title="bbox 2310 3119 3879 3190">
    <p class='ocr_par' dir='ltr' id='par_1_92' title="bbox 2310 3119 3879 3190">
     <span class='ocr_line' id='line_1_93' title="bbox 2310 3119 3879 3190; baseline -0.001 -16"><span class='ocrx_word' id='word_1_723' title='bbox 2310 3119 2614 3189; x_wconf 90' lang='lat' dir='ltr'><strong>perdideras</strong></span> <span class='ocrx_word' id='word_1_724' title='bbox 2652 3120 2980 3174; x_wconf 88' lang='lat' dir='ltr'><strong>restituerit:</strong></span> <span class='ocrx_word' id='word_1_725' title='bbox 3010 3120 3115 3174; x_wconf 93' lang='lat' dir='ltr'><strong>imo</strong></span> <span class='ocrx_word' id='word_1_726' title='bbox 3143 3135 3248 3175; x_wconf 91' lang='lat' dir='ltr'><strong>non</strong></span> <span class='ocrx_word' id='word_1_727' title='bbox 3278 3135 3341 3174; x_wconf 88' lang='lat' dir='ltr'><strong>ea</strong></span> <span class='ocrx_word' id='word_1_728' title='bbox 3368 3128 3568 3173; x_wconf 92' lang='lat' dir='ltr'><strong>tantum</strong></span> <span class='ocrx_word' id='word_1_729' title='bbox 3597 3135 3717 3190; x_wconf 69' lang='lat' dir='ltr'><strong>qua:</strong></span> <span class='ocrx_word' id='word_1_730' title='bbox 3748 3135 3879 3188; x_wconf 85' lang='lat' dir='ltr'><strong>per-</strong></span> 
     </span>
    </p>
   </div>
   <div class='ocr_carea' id='block_1_93' title="bbox 2311 3208 3883 3278">
    <p class='ocr_par' dir='ltr' id='par_1_93' title="bbox 2311 3208 3883 3278">
     <span class='ocr_line' id='line_1_94' title="bbox 2311 3208 3883 3278; baseline -0.002 -13"><span class='ocrx_word' id='word_1_731' title='bbox 2311 3210 2537 3273; x_wconf 88' lang='lat' dir='ltr'><strong>dideras,</strong></span> <span class='ocrx_word' id='word_1_732' title='bbox 2561 3208 2653 3264; x_wconf 90' lang='lat' dir='ltr'><strong>sed</strong></span> <span class='ocrx_word' id='word_1_733' title='bbox 2682 3210 2761 3264; x_wconf 91' lang='lat' dir='ltr'><strong>his</strong></span> <span class='ocrx_word' id='word_1_734' title='bbox 2782 3210 2946 3263; x_wconf 91' lang='lat' dir='ltr'><strong>multo</strong></span> <span class='ocrx_word' id='word_1_735' title='bbox 2963 3208 3184 3277; x_wconf 87' lang='lat' dir='ltr'><strong>majora.</strong></span> <span class='ocrx_word' id='word_1_736' title='bbox 3216 3209 3344 3264; x_wconf 86' lang='lat' dir='ltr'><strong>Nam</strong></span> <span class='ocrx_word' id='word_1_737' title='bbox 3369 3209 3670 3278; x_wconf 89' lang='lat' dir='ltr'><strong>paradisum</strong></span> <span class='ocrx_word' id='word_1_738' title='bbox 3700 3208 3883 3277; x_wconf 85' lang='lat' dir='ltr'><strong>pcrdi-</strong></span> 
     </span>
    </p>
   </div>
   <div class='ocr_carea' id='block_1_94' title="bbox 2310 3299 3881 3369">
    <p class='ocr_par' dir='ltr' id='par_1_94' title="bbox 2310 3299 3881 3369">
     <span class='ocr_line' id='line_1_95' title="bbox 2310 3299 3881 3369; baseline -0.003 -13"><span class='ocrx_word' id='word_1_739' title='bbox 2310 3302 2482 3367; x_wconf 88' lang='lat' dir='ltr'><strong>deras,</strong></span> <span class='ocrx_word' id='word_1_740' title='bbox 2504 3310 2558 3355; x_wconf 91' lang='lat' dir='ltr'><strong>at</strong></span> <span class='ocrx_word' id='word_1_741' title='bbox 2573 3301 2659 3355; x_wconf 92' lang='lat' dir='ltr'><strong>ille</strong></span> <span class='ocrx_word' id='word_1_742' title='bbox 2678 3300 2862 3355; x_wconf 74' lang='lat' dir='ltr'><strong>ca-lum</strong></span> <span class='ocrx_word' id='word_1_743' title='bbox 2882 3300 2972 3353; x_wconf 92' lang='lat' dir='ltr'><strong>tibi</strong></span> <span class='ocrx_word' id='word_1_744' title='bbox 2996 3299 3161 3355; x_wconf 90' lang='lat' dir='ltr'><strong>dedit.</strong></span> <span class='ocrx_word' id='word_1_745' title='bbox 3188 3299 3349 3355; x_wconf 87' lang='lat' dir='ltr'><strong>Vides</strong></span> <span class='ocrx_word' id='word_1_746' title='bbox 3368 3313 3471 3369; x_wconf 92' lang='lat' dir='ltr'><strong>quo</strong></span> <span class='ocrx_word' id='word_1_747' title='bbox 3493 3307 3646 3367; x_wconf 91' lang='lat' dir='ltr'><strong>pacto</strong></span> <span class='ocrx_word' id='word_1_748' title='bbox 3670 3299 3881 3353; x_wconf 89' lang='lat' dir='ltr'><strong>lucrum</strong></span> 
     </span>
    </p>
   </div>
   <div class='ocr_carea' id='block_1_95' title="bbox 2312 3387 3879 3460">
    <p class='ocr_par' dir='ltr' id='par_1_95' title="bbox 2312 3387 3879 3460">
     <span class='ocr_line' id='line_1_96' title="bbox 2312 3387 3879 3460; baseline -0.003 -16"><span class='ocrx_word' id='word_1_749' title='bbox 2312 3391 2481 3458; x_wconf 84' lang='lat' dir='ltr'><strong>majus</strong></span> <span class='ocrx_word' id='word_1_750' title='bbox 2499 3399 2581 3445; x_wconf 89' lang='lat' dir='ltr'><strong>est</strong></span> <span class='ocrx_word' id='word_1_751' title='bbox 2602 3405 2759 3460; x_wconf 90' lang='lat' dir='ltr'><strong>quam</strong></span> <span class='ocrx_word' id='word_1_752' title='bbox 2782 3389 3024 3458; x_wconf 79' lang='lat' dir='ltr'><strong>jactura?</strong></span> <span class='ocrx_word' id='word_1_753' title='bbox 3047 3404 3152 3458; x_wconf 88' lang='lat' dir='ltr'><strong>quo</strong></span> <span class='ocrx_word' id='word_1_754' title='bbox 3172 3398 3323 3457; x_wconf 89' lang='lat' dir='ltr'><strong>pacto</strong></span> <span class='ocrx_word' id='word_1_755' title='bbox 3348 3390 3524 3457; x_wconf 88' lang='lat' dir='ltr'><strong>plures</strong></span> <span class='ocrx_word' id='word_1_756' title='bbox 3550 3398 3674 3441; x_wconf 90' lang='lat' dir='ltr'><strong>sunt</strong></span> <span class='ocrx_word' id='word_1_757' title='bbox 3700 3402 3834 3453; x_wconf 88' lang='lat' dir='ltr'><strong>opes</strong></span> <span class='ocrx_word' id='word_1_758' title='bbox 3853 3387 3879 3439; x_wconf 80' lang='lat'><strong>?</strong></span> 
     </span>
    </p>
   </div>
   <div class='ocr_carea' id='block_1_96' title="bbox 2312 3478 3884 3547">
    <p class='ocr_par' dir='ltr' id='par_1_96' title="bbox 2312 3478 3884 3547">
     <span class='ocr_line' id='line_1_97' title="bbox 2312 3478 3884 3547; baseline -0.002 -14"><span class='ocrx_word' id='word_1_759' title='bbox 2312 3480 2505 3534; x_wconf 66' lang='lat' dir='ltr'><strong>(lanium</strong></span> <span class='ocrx_word' id='word_1_760' title='bbox 2538 3480 2631 3534; x_wconf 90' lang='lat' dir='ltr'><strong>tibi</strong></span> <span class='ocrx_word' id='word_1_761' title='bbox 2653 3480 2867 3547; x_wconf 85' lang='lat' dir='ltr'><strong>largitus</strong></span> <span class='ocrx_word' id='word_1_762' title='bbox 2892 3487 2993 3545; x_wconf 91' lang='lat' dir='ltr'><strong>est,</strong></span> <span class='ocrx_word' id='word_1_763' title='bbox 3022 3488 3077 3532; x_wconf 95' lang='lat' dir='ltr'><strong>ut</strong></span> <span class='ocrx_word' id='word_1_764' title='bbox 3102 3478 3475 3547; x_wconf 84' lang='lat' dir='ltr'><strong>benignitatem</strong></span> <span class='ocrx_word' id='word_1_765' title='bbox 3502 3491 3650 3530; x_wconf 92' lang='lat' dir='ltr'><strong>suam</strong></span> <span class='ocrx_word' id='word_1_766' title='bbox 3684 3491 3791 3543; x_wconf 80' lang='lat' dir='ltr'><strong>pra:</strong></span> <span class='ocrx_word' id='word_1_767' title='bbox 3817 3489 3884 3530; x_wconf 88' lang='lat' dir='ltr'><strong>se</strong></span> 
     </span>
    </p>
   </div>
   <div class='ocr_carea' id='block_1_97' title="bbox 2312 3565 3887 3634">
    <p class='ocr_par' dir='ltr' id='par_1_97' title="bbox 2312 3565 3887 3634">
     <span class='ocr_line' id='line_1_98' title="bbox 2312 3565 3887 3634; baseline -0.003 -11"><span class='ocrx_word' id='word_1_768' title='bbox 2312 3569 2492 3634; x_wconf 87' lang='lat' dir='ltr'><strong>ferret,</strong></span> <span class='ocrx_word' id='word_1_769' title='bbox 2510 3568 2717 3622; x_wconf 90' lang='lat' dir='ltr'><strong>diabolo</strong></span> <span class='ocrx_word' id='word_1_770' title='bbox 2736 3568 2969 3623; x_wconf 89' lang='lat' dir='ltr'><strong>dolorem</strong></span> <span class='ocrx_word' id='word_1_771' title='bbox 2989 3569 3238 3631; x_wconf 90' lang='lat' dir='ltr'><strong>inureret,</strong></span> <span class='ocrx_word' id='word_1_772' title='bbox 3252 3577 3303 3620; x_wconf 90' lang='lat' dir='ltr'><strong>et</strong></span> <span class='ocrx_word' id='word_1_773' title='bbox 3319 3565 3640 3628; x_wconf 88' lang='lat' dir='ltr'><strong>ostenderet,</strong></span> <span class='ocrx_word' id='word_1_774' title='bbox 3655 3566 3776 3619; x_wconf 91' lang='lat' dir='ltr'><strong>licet</strong></span> <span class='ocrx_word' id='word_1_775' title='bbox 3793 3565 3887 3619; x_wconf 73' lang='lat' dir='ltr'><strong>in~</strong></span> 
     </span>
    </p>
   </div>
   <div class='ocr_carea' id='block_1_98' title="bbox 2313 3657 3887 3730">
    <p class='ocr_par' dir='ltr' id='par_1_98' title="bbox 2313 3657 3887 3730">
     <span class='ocr_line' id='line_1_99' title="bbox 2313 3657 3887 3730; baseline -0.002 -16"><span class='ocrx_word' id='word_1_776' title='bbox 2313 3673 2555 3715; x_wconf 86' lang='lat' dir='ltr'><strong>numeras</strong></span> <span class='ocrx_word' id='word_1_777' title='bbox 2569 3659 2747 3730; x_wconf 90' lang='lat' dir='ltr'><strong>generi</strong></span> <span class='ocrx_word' id='word_1_778' title='bbox 2766 3670 2944 3713; x_wconf 88' lang='lat' dir='ltr'><strong>nostro</strong></span> <span class='ocrx_word' id='word_1_779' title='bbox 2961 3659 3141 3713; x_wconf 88' lang='lat' dir='ltr'><strong>tendat</strong></span> <span class='ocrx_word' id='word_1_780' title='bbox 3156 3657 3391 3723; x_wconf 90' lang='lat' dir='ltr'><strong>insidias,</strong></span> <span class='ocrx_word' id='word_1_781' title='bbox 3405 3657 3531 3711; x_wconf 91' lang='lat' dir='ltr'><strong>nihil</strong></span> <span class='ocrx_word' id='word_1_782' title='bbox 3555 3658 3654 3712; x_wconf 91' lang='lat' dir='ltr'><strong>hoc</strong></span> <span class='ocrx_word' id='word_1_783' title='bbox 3666 3657 3737 3711; x_wconf 90' lang='lat' dir='ltr'><strong>illi</strong></span> <span class='ocrx_word' id='word_1_784' title='bbox 3755 3673 3887 3725; x_wconf 84' lang='lat' dir='ltr'><strong>pro-</strong></span> 
     </span>
    </p>
   </div>
   <div class='ocr_carea' id='block_1_99' title="bbox 2314 3745 3882 3815">
    <p class='ocr_par' dir='ltr' id='par_1_99' title="bbox 2314 3745 3882 3815">
     <span class='ocr_line' id='line_1_100' title="bbox 2314 3745 3882 3815; baseline -0.001 -11"><span class='ocrx_word' id='word_1_785' title='bbox 2314 3750 2567 3815; x_wconf 85' lang='lat' dir='ltr'><strong>futurum,</strong></span> <span class='ocrx_word' id='word_1_786' title='bbox 2593 3764 2710 3803; x_wconf 90' lang='lat' dir='ltr'><strong>cum</strong></span> <span class='ocrx_word' id='word_1_787' title='bbox 2731 3748 2797 3802; x_wconf 90' lang='lat' dir='ltr'><strong>ad</strong></span> <span class='ocrx_word' id='word_1_788' title='bbox 2818 3748 3069 3814; x_wconf 82' lang='lat' dir='ltr'><strong>majorem</strong></span> <span class='ocrx_word' id='word_1_789' title='bbox 3095 3748 3233 3803; x_wconf 88' lang='lat' dir='ltr'><strong>Deus</strong></span> <span class='ocrx_word' id='word_1_790' title='bbox 3263 3748 3515 3802; x_wconf 88' lang='lat' dir='ltr'><strong>honorem</strong></span> <span class='ocrx_word' id='word_1_791' title='bbox 3539 3761 3636 3801; x_wconf 89' lang='lat' dir='ltr'><strong>nos</strong></span> <span class='ocrx_word' id='word_1_792' title='bbox 3660 3745 3882 3803; x_wconf 83' lang='lat' dir='ltr'><strong>evehat.</strong></span> 
     </span>
    </p>
   </div>
   <div class='ocr_carea' id='block_1_100' title="bbox 2312 3839 3885 3910">
    <p class='ocr_par' dir='ltr' id='par_1_100' title="bbox 2312 3839 3885 3910">
     <span class='ocr_line' id='line_1_101' title="bbox 2312 3839 3885 3910; baseline -0.001 -14"><span class='ocrx_word' id='word_1_793' title='bbox 2312 3841 2547 3896; x_wconf 84' lang='lat' dir='ltr'><strong>Amisisti</strong></span> <span class='ocrx_word' id='word_1_794' title='bbox 2576 3856 2701 3910; x_wconf 90' lang='lat' dir='ltr'><strong>ergo</strong></span> <span class='ocrx_word' id='word_1_795' title='bbox 2725 3840 3041 3909; x_wconf 88' lang='lat' dir='ltr'><strong>paradisum,</strong></span> <span class='ocrx_word' id='word_1_796' title='bbox 3072 3849 3126 3894; x_wconf 91' lang='lat' dir='ltr'><strong>et</strong></span> <span class='ocrx_word' id='word_1_797' title='bbox 3151 3840 3241 3893; x_wconf 92' lang='lat' dir='ltr'><strong>tibi</strong></span> <span class='ocrx_word' id='word_1_798' title='bbox 3270 3840 3408 3894; x_wconf 90' lang='lat' dir='ltr'><strong>Deus</strong></span> <span class='ocrx_word' id='word_1_799' title='bbox 3426 3840 3630 3908; x_wconf 88' lang='lat' dir='ltr'><strong>aperuit</strong></span> <span class='ocrx_word' id='word_1_800' title='bbox 3648 3839 3885 3904; x_wconf 62' lang='lat' dir='ltr'><strong>caelum;</strong></span> 
     </span>
    </p>
   </div>
   <div class='ocr_carea' id='block_1_101' title="bbox 2312 3928 3886 3998">
    <p class='ocr_par' dir='ltr' id='par_1_101' title="bbox 2312 3928 3886 3998">
     <span class='ocr_line' id='line_1_102' title="bbox 2312 3928 3886 3998; baseline -0.001 -13"><span class='ocrx_word' id='word_1_801' title='bbox 2312 3932 2378 3985; x_wconf 89' lang='lat' dir='ltr'><strong>ad</strong></span> <span class='ocrx_word' id='word_1_802' title='bbox 2410 3930 2779 3998; x_wconf 90' lang='lat' dir='ltr'><strong>temporarium</strong></span> <span class='ocrx_word' id='word_1_803' title='bbox 2806 3928 3082 3983; x_wconf 90' lang='lat' dir='ltr'><strong>damnatus</strong></span> <span class='ocrx_word' id='word_1_804' title='bbox 3105 3943 3164 3983; x_wconf 89' lang='lat' dir='ltr'><strong>es</strong></span> <span class='ocrx_word' id='word_1_805' title='bbox 3188 3928 3442 3991; x_wconf 90' lang='lat' dir='ltr'><strong>laborem,</strong></span> <span class='ocrx_word' id='word_1_806' title='bbox 3464 3937 3520 3983; x_wconf 90' lang='lat' dir='ltr'><strong>et</strong></span> <span class='ocrx_word' id='word_1_807' title='bbox 3544 3928 3646 3980; x_wconf 84' lang='lat' dir='ltr'><strong>vita</strong></span> <span class='ocrx_word' id='word_1_808' title='bbox 3675 3936 3886 3983; x_wconf 81' lang='lat' dir='ltr'><strong>:eterua</strong></span> 
     </span>
    </p>
   </div>
   <div class='ocr_carea' id='block_1_102' title="bbox 2312 4016 3890 4087">
    <p class='ocr_par' dir='ltr' id='par_1_102' title="bbox 2312 4016 3890 4087">
     <span class='ocr_line' id='line_1_103' title="bbox 2312 4016 3890 4087; baseline -0.003 -12"><span class='ocrx_word' id='word_1_809' title='bbox 2312 4023 2504 4075; x_wconf 90' lang='lat' dir='ltr'><strong>ditatus</strong></span> <span class='ocrx_word' id='word_1_810' title='bbox 2529 4035 2619 4084; x_wconf 89' lang='lat' dir='ltr'><strong>es;</strong></span> <span class='ocrx_word' id='word_1_811' title='bbox 2660 4019 2932 4087; x_wconf 84' lang='lat' dir='ltr'><strong>imperavit</strong></span> <span class='ocrx_word' id='word_1_812' title='bbox 2961 4027 3131 4081; x_wconf 80' lang='lat' dir='ltr'><strong>terrae,</strong></span> <span class='ocrx_word' id='word_1_813' title='bbox 3164 4026 3222 4070; x_wconf 92' lang='lat' dir='ltr'><strong>ut</strong></span> <span class='ocrx_word' id='word_1_814' title='bbox 3246 4017 3425 4085; x_wconf 88' lang='lat' dir='ltr'><strong>spinas</strong></span> <span class='ocrx_word' id='word_1_815' title='bbox 3451 4030 3514 4070; x_wconf 90' lang='lat' dir='ltr'><strong>ac</strong></span> <span class='ocrx_word' id='word_1_816' title='bbox 3538 4016 3760 4069; x_wconf 89' lang='lat' dir='ltr'><strong>tribulos</strong></span> <span class='ocrx_word' id='word_1_817' title='bbox 3781 4016 3890 4070; x_wconf 86' lang='lat' dir='ltr'><strong>tibi</strong></span> 
     </span>
    </p>
   </div>
   <div class='ocr_carea' id='block_1_103' title="bbox 2316 4105 3889 4180">
    <p class='ocr_par' dir='ltr' id='par_1_103' title="bbox 2316 4105 3889 4180">
     <span class='ocr_line' id='line_1_104' title="bbox 2316 4105 3889 4180; baseline 0 -19"><span class='ocrx_word' id='word_1_818' title='bbox 2316 4110 2644 4180; x_wconf 82' lang='lat' dir='ltr'><strong>produceret,</strong></span> <span class='ocrx_word' id='word_1_819' title='bbox 2667 4118 2720 4162; x_wconf 91' lang='lat' dir='ltr'><strong>et</strong></span> <span class='ocrx_word' id='word_1_820' title='bbox 2740 4108 2966 4161; x_wconf 91' lang='lat' dir='ltr'><strong>fructum</strong></span> <span class='ocrx_word' id='word_1_821' title='bbox 2983 4106 3073 4161; x_wconf 88' lang='lat' dir='ltr'><strong>tihi</strong></span> <span class='ocrx_word' id='word_1_822' title='bbox 3098 4105 3323 4175; x_wconf 88' lang='lat' dir='ltr'><strong>Spiritus</strong></span> <span class='ocrx_word' id='word_1_823' title='bbox 3340 4106 3511 4159; x_wconf 88' lang='lat' dir='ltr'><strong>anima</strong></span> <span class='ocrx_word' id='word_1_824' title='bbox 3540 4105 3889 4173; x_wconf 83' lang='lat' dir='ltr'><strong>geminavit.</strong></span> 
     </span>
    </p>
   </div>
   <div class='ocr_carea' id='block_1_104' title="bbox 2384 4195 3893 4266">
    <p class='ocr_par' dir='ltr' id='par_1_104' title="bbox 2384 4195 3893 4266">
     <span class='ocr_line' id='line_1_105' title="bbox 2384 4195 3893 4266; baseline -0.003 -11"><span class='ocrx_word' id='word_1_825' title='bbox 2384 4203 2437 4255; x_wconf 74' lang='grc'><strong>4.</strong></span> <span class='ocrx_word' id='word_1_826' title='bbox 2467 4202 2545 4254; x_wconf 84' lang='lat' dir='ltr'><strong>Ac</strong></span> <span class='ocrx_word' id='word_1_827' title='bbox 2574 4198 2691 4253; x_wconf 89' lang='lat' dir='ltr'><strong>vide</strong></span> <span class='ocrx_word' id='word_1_828' title='bbox 2719 4205 2910 4266; x_wconf 89' lang='lat' dir='ltr'><strong>quanta</strong></span> <span class='ocrx_word' id='word_1_829' title='bbox 2941 4197 3011 4251; x_wconf 90' lang='lat' dir='ltr'><strong>sit</strong></span> <span class='ocrx_word' id='word_1_830' title='bbox 3038 4196 3130 4251; x_wconf 89' lang='lat' dir='ltr'><strong>Dei</strong></span> <span class='ocrx_word' id='word_1_831' title='bbox 3159 4195 3484 4264; x_wconf 84' lang='lat' dir='ltr'><strong>benignitas,</strong></span> <span class='ocrx_word' id='word_1_832' title='bbox 3514 4208 3797 4263; x_wconf 80' lang='lat' dir='ltr'><strong>quousque</strong></span> <span class='ocrx_word' id='word_1_833' title='bbox 3825 4208 3893 4251; x_wconf 78' lang='lat' dir='ltr'><strong>se</strong></span> 
     </span>
    </p>
   </div>
   <div class='ocr_carea' id='block_1_105' title="bbox 2317 4282 3894 4355">
    <p class='ocr_par' dir='ltr' id='par_1_105' title="bbox 2317 4282 3894 4355">
     <span class='ocr_line' id='line_1_106' title="bbox 2317 4282 3894 4355; baseline -0.006 -10"><span class='ocrx_word' id='word_1_834' title='bbox 2317 4288 2606 4345; x_wconf 83' lang='lat' dir='ltr'><strong>demiserit.</strong></span> <span class='ocrx_word' id='word_1_835' title='bbox 2635 4285 2691 4342; x_wconf 89' lang='lat' dir='ltr'><strong>Si</strong></span> <span class='ocrx_word' id='word_1_836' title='bbox 2718 4285 2931 4355; x_wconf 92' lang='lat' dir='ltr'><strong>quando</strong></span> <span class='ocrx_word' id='word_1_837' title='bbox 2959 4284 3193 4338; x_wconf 91' lang='lat' dir='ltr'><strong>nonnulli</strong></span> <span class='ocrx_word' id='word_1_838' title='bbox 3226 4282 3428 4352; x_wconf 89' lang='lat' dir='ltr'><strong>aliquas</strong></span> <span class='ocrx_word' id='word_1_839' title='bbox 3453 4282 3727 4336; x_wconf 88' lang='lat' dir='ltr'><strong>facultates</strong></span> <span class='ocrx_word' id='word_1_840' title='bbox 3748 4283 3894 4336; x_wconf 39' lang='lat' dir='ltr'><strong>amis</strong></span> 
     </span>
    </p>
   </div>
   <div class='ocr_carea' id='block_1_106' title="bbox 2316 4370 3893 4445">
    <p class='ocr_par' dir='ltr' id='par_1_106' title="bbox 2316 4370 3893 4445">
     <span class='ocr_line' id='line_1_107' title="bbox 2316 4370 3893 4445; baseline -0.008 -9"><span class='ocrx_word' id='word_1_841' title='bbox 2316 4382 2482 4435; x_wconf 91' lang='lat' dir='ltr'><strong>serint</strong></span> <span class='ocrx_word' id='word_1_842' title='bbox 2501 4420 2515 4443; x_wconf 94' lang='lat'><strong>,</strong></span> <span class='ocrx_word' id='word_1_843' title='bbox 2561 4379 2685 4433; x_wconf 91' lang='lat' dir='ltr'><strong>licet</strong></span> <span class='ocrx_word' id='word_1_844' title='bbox 2727 4378 2953 4445; x_wconf 89' lang='lat' dir='ltr'><strong>majores</strong></span> <span class='ocrx_word' id='word_1_845' title='bbox 2976 4390 3039 4429; x_wconf 90' lang='lat' dir='ltr'><strong>ac</strong></span> <span class='ocrx_word' id='word_1_846' title='bbox 3062 4374 3401 4443; x_wconf 88' lang='lat' dir='ltr'><strong>pretiosiores</strong></span> <span class='ocrx_word' id='word_1_847' title='bbox 3424 4372 3763 4438; x_wconf 87' lang='lat' dir='ltr'><strong>acceperint,</strong></span> <span class='ocrx_word' id='word_1_848' title='bbox 3798 4370 3893 4423; x_wconf 84' lang='lat' dir='ltr'><strong>illa</strong></span> 
     </span>
    </p>
   </div>
   <div class='ocr_carea' id='block_1_107' title="bbox 2318 4458 3896 4539">
    <p class='ocr_par' dir='ltr' id='par_1_107' title="bbox 2318 4458 3896 4539">
     <span class='ocr_line' id='line_1_108' title="bbox 2318 4458 3896 4539; baseline -0.007 -15"><span class='ocrx_word' id='word_1_849' title='bbox 2318 4471 2431 4539; x_wconf 85' lang='lat' dir='ltr'><strong>ipsa</strong></span> <span class='ocrx_word' id='word_1_850' title='bbox 2470 4482 2587 4537; x_wconf 74' lang='lat' dir='ltr'><strong>qua:</strong></span> <span class='ocrx_word' id='word_1_851' title='bbox 2633 4466 2921 4519; x_wconf 86' lang='lat' dir='ltr'><strong>amiserant</strong></span> <span class='ocrx_word' id='word_1_852' title='bbox 2955 4477 3192 4532; x_wconf 61' lang='lat' dir='ltr'><strong>quaerere</strong></span> <span class='ocrx_word' id='word_1_853' title='bbox 3235 4461 3487 4529; x_wconf 91' lang='lat' dir='ltr'><strong>cupiunt,</strong></span> <span class='ocrx_word' id='word_1_854' title='bbox 3528 4473 3701 4528; x_wconf 77' lang='lat' dir='ltr'><strong>neque</strong></span> <span class='ocrx_word' id='word_1_855' title='bbox 3737 4458 3896 4528; x_wconf 88' lang='lat' dir='ltr'><strong>prius</strong></span> 
     </span>
    </p>
   </div>
   <div class='ocr_carea' id='block_1_108' title="bbox 2317 4548 3894 4628">
    <p class='ocr_par' dir='ltr' id='par_1_108' title="bbox 2317 4548 3894 4628">
     <span class='ocr_line' id='line_1_109' title="bbox 2317 4548 3894 4628; baseline -0.006 -16"><span class='ocrx_word' id='word_1_856' title='bbox 2317 4559 2681 4628; x_wconf 88' lang='lat' dir='ltr'><strong>acquiescere,</strong></span> <span class='ocrx_word' id='word_1_857' title='bbox 2712 4569 2867 4624; x_wconf 87' lang='lat' dir='ltr'><strong>quam</strong></span> <span class='ocrx_word' id='word_1_858' title='bbox 2894 4554 3004 4621; x_wconf 88' lang='lat' dir='ltr'><strong>ipsa</strong></span> <span class='ocrx_word' id='word_1_859' title='bbox 3028 4550 3471 4620; x_wconf 90' lang='lat' dir='ltr'><strong>recuperaverint.</strong></span> <span class='ocrx_word' id='word_1_860' title='bbox 3498 4548 3760 4615; x_wconf 89' lang='lat' dir='ltr'><strong>Quoniam</strong></span> <span class='ocrx_word' id='word_1_861' title='bbox 3788 4549 3894 4620; x_wconf 86' lang='lat' dir='ltr'><strong>igi-</strong></span> 
     </span>
    </p>
   </div>
   <div class='ocr_carea' id='block_1_109' title="bbox 2319 4639 3901 4719">
    <p class='ocr_par' dir='ltr' id='par_1_109' title="bbox 2319 4639 3901 4719">
     <span class='ocr_line' id='line_1_110' title="bbox 2319 4639 3901 4719; baseline -0.006 -14"><span class='ocrx_word' id='word_1_862' title='bbox 2319 4659 2406 4705; x_wconf 90' lang='lat' dir='ltr'><strong>tur</strong></span> <span class='ocrx_word' id='word_1_863' title='bbox 2448 4649 2743 4719; x_wconf 88' lang='lat' dir='ltr'><strong>paradisum</strong></span> <span class='ocrx_word' id='word_1_864' title='bbox 2783 4645 3125 4716; x_wconf 89' lang='lat' dir='ltr'><strong>perdideras,</strong></span> <span class='ocrx_word' id='word_1_865' title='bbox 3175 4658 3278 4698; x_wconf 89' lang='lat' dir='ltr'><strong>non</strong></span> <span class='ocrx_word' id='word_1_866' title='bbox 3318 4642 3503 4698; x_wconf 57' lang='lat' dir='ltr'><strong>caelum</strong></span> <span class='ocrx_word' id='word_1_867' title='bbox 3546 4639 3637 4693; x_wconf 89' lang='lat' dir='ltr'><strong>tibi</strong></span> <span class='ocrx_word' id='word_1_868' title='bbox 3680 4649 3901 4695; x_wconf 78' lang='lat' dir='ltr'><strong>tantum</strong></span> 
     </span>
    </p>
   </div>
   <div class='ocr_carea' id='block_1_110' title="bbox 2320 4728 3901 4811">
    <p class='ocr_par' dir='ltr' id='par_1_110' title="bbox 2320 4728 3901 4811">
     <span class='ocr_line' id='line_1_111' title="bbox 2320 4728 3901 4811; baseline -0.008 -14"><span class='ocrx_word' id='word_1_869' title='bbox 2320 4742 2539 4811; x_wconf 87' lang='lat' dir='ltr'><strong>largitus</strong></span> <span class='ocrx_word' id='word_1_870' title='bbox 2576 4748 2689 4802; x_wconf 90' lang='lat' dir='ltr'><strong>est,</strong></span> <span class='ocrx_word' id='word_1_871' title='bbox 2727 4736 2819 4792; x_wconf 89' lang='lat' dir='ltr'><strong>sed</strong></span> <span class='ocrx_word' id='word_1_872' title='bbox 2853 4746 2905 4790; x_wconf 90' lang='lat' dir='ltr'><strong>et</strong></span> <span class='ocrx_word' id='word_1_873' title='bbox 2944 4734 3240 4805; x_wconf 81' lang='lat' dir='ltr'><strong>paradisum</strong></span> <span class='ocrx_word' id='word_1_874' title='bbox 3270 4741 3324 4787; x_wconf 92' lang='lat' dir='ltr'><strong>et</strong></span> <span class='ocrx_word' id='word_1_875' title='bbox 3347 4730 3563 4786; x_wconf 64' lang='lat' dir='ltr'><strong>calum.</strong></span> <span class='ocrx_word' id='word_1_876' title='bbox 3588 4728 3761 4783; x_wconf 85' lang='lat' dir='ltr'><strong>Hodie</strong></span> <span class='ocrx_word' id='word_1_877' title='bbox 3787 4748 3901 4785; x_wconf 81' lang='lat' dir='ltr'><strong>me-</strong></span> 
     </span>
    </p>
   </div>
   <div class='ocr_carea' id='block_1_111' title="bbox 2322 4822 3899 4899">
    <p class='ocr_par' dir='ltr' id='par_1_111' title="bbox 2322 4822 3899 4899">
     <span class='ocr_line' id='line_1_112' title="bbox 2322 4822 3899 4899; baseline -0.008 -10"><span class='ocrx_word' id='word_1_878' title='bbox 2322 4852 2435 4889; x_wconf 85' lang='lat' dir='ltr'><strong>cum</strong></span> <span class='ocrx_word' id='word_1_879' title='bbox 2480 4834 2576 4887; x_wconf 86' lang='lat' dir='ltr'><strong>eris</strong></span> <span class='ocrx_word' id='word_1_880' title='bbox 2622 4833 2674 4885; x_wconf 84' lang='lat' dir='ltr'><strong>in</strong></span> <span class='ocrx_word' id='word_1_881' title='bbox 2716 4829 2949 4899; x_wconf 82' lang='lat' dir='ltr'><strong>paradiso</strong></span> <span class='ocrx_word' id='word_1_882' title='bbox 2989 4827 3135 4896; x_wconf 82' lang='lat' dir='ltr'><strong>(Luc.</strong></span> <span class='ocrx_word' id='word_1_883' title='bbox 3164 4824 3253 4878; x_wconf 75' lang='lat'><strong>9.3.</strong></span> <span class='ocrx_word' id='word_1_884' title='bbox 3287 4823 3379 4891; x_wconf 70' lang='grc' dir='ltr'><strong>ιδ)</strong></span> <span class='ocrx_word' id='word_1_885' title='bbox 3400 4862 3416 4888; x_wconf 92' lang='lat'><strong>,</strong></span> <span class='ocrx_word' id='word_1_886' title='bbox 3447 4822 3617 4890; x_wconf 85' lang='lat' dir='ltr'><strong>inquit</strong></span> <span class='ocrx_word' id='word_1_887' title='bbox 3644 4839 3658 4875; x_wconf 86' lang='lat'><strong>:</strong></span> <span class='ocrx_word' id='word_1_888' title='bbox 3690 4830 3753 4875; x_wconf 84' lang='lat' dir='ltr'><strong>ut</strong></span> <span class='ocrx_word' id='word_1_889' title='bbox 3785 4838 3899 4877; x_wconf 85' lang='lat' dir='ltr'><strong>non</strong></span> 
     </span>
    </p>
   </div>
   <div class='ocr_carea' id='block_1_112' title="bbox 2324 4913 3904 4987">
    <p class='ocr_par' dir='ltr' id='par_1_112' title="bbox 2324 4913 3904 4987">
     <span class='ocr_line' id='line_1_113' title="bbox 2324 4913 3904 4987; baseline -0.008 -7"><span class='ocrx_word' id='word_1_890' title='bbox 2324 4926 2481 4981; x_wconf 87' lang='lat' dir='ltr'><strong>modo</strong></span> <span class='ocrx_word' id='word_1_891' title='bbox 2518 4923 2784 4977; x_wconf 89' lang='lat' dir='ltr'><strong>additione</strong></span> <span class='ocrx_word' id='word_1_892' title='bbox 2823 4920 3111 4987; x_wconf 88' lang='lat' dir='ltr'><strong>majorum,</strong></span> <span class='ocrx_word' id='word_1_893' title='bbox 3150 4915 3243 4971; x_wconf 90' lang='lat' dir='ltr'><strong>sed</strong></span> <span class='ocrx_word' id='word_1_894' title='bbox 3279 4915 3435 4969; x_wconf 88' lang='lat' dir='ltr'><strong>etiam</strong></span> <span class='ocrx_word' id='word_1_895' title='bbox 3463 4928 3640 4969; x_wconf 89' lang='lat' dir='ltr'><strong>rerum</strong></span> <span class='ocrx_word' id='word_1_896' title='bbox 3668 4913 3904 4968; x_wconf 83' lang='lat' dir='ltr'><strong>amissa-</strong></span> 
     </span>
    </p>
   </div>
   <div class='ocr_carea' id='block_1_113' title="bbox 2325 5004 3907 5082">
    <p class='ocr_par' dir='ltr' id='par_1_113' title="bbox 2325 5004 3907 5082">
     <span class='ocr_line' id='line_1_114' title="bbox 2325 5004 3907 5082; baseline -0.008 -11"><span class='ocrx_word' id='word_1_897' title='bbox 2325 5033 2440 5071; x_wconf 88' lang='lat' dir='ltr'><strong>rum</strong></span> <span class='ocrx_word' id='word_1_898' title='bbox 2470 5014 2866 5082; x_wconf 86' lang='lat' dir='ltr'><strong>recnperatione</strong></span> <span class='ocrx_word' id='word_1_899' title='bbox 2895 5010 3157 5063; x_wconf 90' lang='lat' dir='ltr'><strong>dolentem</strong></span> <span class='ocrx_word' id='word_1_900' title='bbox 3182 5006 3409 5061; x_wconf 88' lang='lat' dir='ltr'><strong>animam</strong></span> <span class='ocrx_word' id='word_1_901' title='bbox 3435 5004 3757 5060; x_wconf 88' lang='lat' dir='ltr'><strong>consoletur.</strong></span> <span class='ocrx_word' id='word_1_902' title='bbox 3788 5004 3907 5059; x_wconf 83' lang='lat' dir='ltr'><strong>Sed</strong></span> 
     </span>
    </p>
   </div>
   <div class='ocr_carea' id='block_1_114' title="bbox 2326 5096 3907 5175">
    <p class='ocr_par' dir='ltr' id='par_1_114' title="bbox 2326 5096 3907 5175">
     <span class='ocr_line' id='line_1_115' title="bbox 2326 5096 3907 5175; baseline -0.009 -13"><span class='ocrx_word' id='word_1_903' title='bbox 2326 5109 2389 5162; x_wconf 92' lang='lat' dir='ltr'><strong>ad</strong></span> <span class='ocrx_word' id='word_1_904' title='bbox 2434 5108 2533 5161; x_wconf 89' lang='lat' dir='ltr'><strong>hoc</strong></span> <span class='ocrx_word' id='word_1_905' title='bbox 2574 5107 2742 5175; x_wconf 91' lang='lat' dir='ltr'><strong>ipsum</strong></span> <span class='ocrx_word' id='word_1_906' title='bbox 2786 5102 3139 5172; x_wconf 86' lang='lat' dir='ltr'><strong>propositum,</strong></span> <span class='ocrx_word' id='word_1_907' title='bbox 3171 5098 3216 5153; x_wconf 92' lang='lat' dir='ltr'><strong>si</strong></span> <span class='ocrx_word' id='word_1_908' title='bbox 3256 5098 3464 5166; x_wconf 86' lang='lat' dir='ltr'><strong>placet,</strong></span> <span class='ocrx_word' id='word_1_909' title='bbox 3490 5096 3765 5150; x_wconf 89' lang='lat' dir='ltr'><strong>veniamus</strong></span> <span class='ocrx_word' id='word_1_910' title='bbox 3790 5134 3808 5158; x_wconf 90' lang='lat'><strong>,</strong></span> <span class='ocrx_word' id='word_1_911' title='bbox 3839 5110 3907 5148; x_wconf 89' lang='lat' dir='ltr'><strong>ac</strong></span> 
     </span>
    </p>
   </div>
   <div class='ocr_carea' id='block_1_115' title="bbox 2326 5184 3908 5265">
    <p class='ocr_par' dir='ltr' id='par_1_115' title="bbox 2326 5184 3908 5265">
     <span class='ocr_line' id='line_1_116' title="bbox 2326 5184 3908 5265; baseline -0.009 -12"><span class='ocrx_word' id='word_1_912' title='bbox 2326 5200 2613 5261; x_wconf 85' lang='lat' dir='ltr'><strong>videamus,</strong></span> <span class='ocrx_word' id='word_1_913' title='bbox 2644 5211 2746 5265; x_wconf 93' lang='lat' dir='ltr'><strong>quo</strong></span> <span class='ocrx_word' id='word_1_914' title='bbox 2767 5203 2918 5263; x_wconf 89' lang='lat' dir='ltr'><strong>pacto</strong></span> <span class='ocrx_word' id='word_1_915' title='bbox 2938 5193 3163 5259; x_wconf 88' lang='lat' dir='ltr'><strong>linguam</strong></span> <span class='ocrx_word' id='word_1_916' title='bbox 3188 5188 3589 5258; x_wconf 88' lang='lat' dir='ltr'><strong>perdiderimus.</strong></span> <span class='ocrx_word' id='word_1_917' title='bbox 3613 5184 3727 5239; x_wconf 81' lang='lat' dir='ltr'><strong>Non</strong></span> <span class='ocrx_word' id='word_1_918' title='bbox 3749 5184 3908 5239; x_wconf 87' lang='lat' dir='ltr'><strong>enim</strong></span> 
     </span>
    </p>
   </div>
   <div class='ocr_carea' id='block_1_116' title="bbox 2329 5274 3912 5345">
    <p class='ocr_par' dir='ltr' id='par_1_116' title="bbox 2329 5274 3912 5345">
     <span class='ocr_line' id='line_1_117' title="bbox 2329 5274 3912 5345; baseline -0.008 -3"><span class='ocrx_word' id='word_1_919' title='bbox 2329 5289 2665 5344; x_wconf 83' lang='lat' dir='ltr'><strong>mediocriter</strong></span> <span class='ocrx_word' id='word_1_920' title='bbox 2685 5287 2917 5340; x_wconf 84' lang='lat' dir='ltr'><strong>conteret</strong></span> <span class='ocrx_word' id='word_1_921' title='bbox 2937 5282 3000 5336; x_wconf 90' lang='lat' dir='ltr'><strong>ad</strong></span> <span class='ocrx_word' id='word_1_922' title='bbox 3029 5281 3363 5336; x_wconf 88' lang='lat' dir='ltr'><strong>securitatem</strong></span> <span class='ocrx_word' id='word_1_923' title='bbox 3390 5276 3628 5333; x_wconf 90' lang='lat' dir='ltr'><strong>historia.</strong></span> <span class='ocrx_word' id='word_1_924' title='bbox 3652 5274 3786 5329; x_wconf 81' lang='lat' dir='ltr'><strong>Nam</strong></span> <span class='ocrx_word' id='word_1_925' title='bbox 3812 5274 3912 5345; x_wconf 87' lang='lat' dir='ltr'><strong>qui</strong></span> 
     </span>
    </p>
   </div>
   <div class='ocr_carea' id='block_1_117' title="bbox 2333 5364 3910 5451">
    <p class='ocr_par' dir='ltr' id='par_1_117' title="bbox 2333 5364 3910 5451">
     <span class='ocr_line' id='line_1_118' title="bbox 2333 5364 3910 5451; baseline -0.013 -14"><span class='ocrx_word' id='word_1_926' title='bbox 2333 5383 2564 5451; x_wconf 65' lang='lat' dir='ltr'><strong>pristinae</strong></span> <span class='ocrx_word' id='word_1_927' title='bbox 2593 5375 2887 5433; x_wconf 84' lang='lat' dir='ltr'><strong>securitatis</strong></span> <span class='ocrx_word' id='word_1_928' title='bbox 2916 5373 3127 5427; x_wconf 91' lang='lat' dir='ltr'><strong>modum</strong></span> <span class='ocrx_word' id='word_1_929' title='bbox 3153 5371 3425 5441; x_wconf 86' lang='lat' dir='ltr'><strong>cognovit,</strong></span> <span class='ocrx_word' id='word_1_930' title='bbox 3455 5369 3508 5421; x_wconf 91' lang='lat' dir='ltr'><strong>in</strong></span> <span class='ocrx_word' id='word_1_931' title='bbox 3530 5364 3748 5434; x_wconf 88' lang='lat' dir='ltr'><strong>reliquis</strong></span> <span class='ocrx_word' id='word_1_932' title='bbox 3776 5379 3910 5418; x_wconf 86' lang='lat' dir='ltr'><strong>cau-</strong></span> 
     </span>
    </p>
   </div>
   <div class='ocr_carea' id='block_1_118' title="bbox 2334 5462 3913 5533">
    <p class='ocr_par' dir='ltr' id='par_1_118' title="bbox 2334 5462 3913 5533">
     <span class='ocr_line' id='line_1_119' title="bbox 2334 5462 3913 5533; baseline -0.011 -7"><span class='ocrx_word' id='word_1_933' title='bbox 2334 5474 2434 5526; x_wconf 90' lang='lat' dir='ltr'><strong>tior</strong></span> <span class='ocrx_word' id='word_1_934' title='bbox 2460 5475 2560 5526; x_wconf 86' lang='lat' dir='ltr'><strong>erit</strong></span> <span class='ocrx_word' id='word_1_935' title='bbox 2585 5479 2635 5523; x_wconf 90' lang='lat' dir='ltr'><strong>ct</strong></span> <span class='ocrx_word' id='word_1_936' title='bbox 2660 5464 2911 5522; x_wconf 89' lang='lat' dir='ltr'><strong>securior.</strong></span> <span class='ocrx_word' id='word_1_937' title='bbox 2942 5464 3129 5533; x_wconf 70' lang='lat' dir='ltr'><strong>Operm</strong></span> <span class='ocrx_word' id='word_1_938' title='bbox 3155 5462 3377 5531; x_wconf 88' lang='lat' dir='ltr'><strong>pretium</strong></span> <span class='ocrx_word' id='word_1_939' title='bbox 3408 5467 3487 5512; x_wconf 87' lang='lat' dir='ltr'><strong>est</strong></span> <span class='ocrx_word' id='word_1_940' title='bbox 3506 5463 3679 5509; x_wconf 90' lang='lat' dir='ltr'><strong>autem</strong></span> <span class='ocrx_word' id='word_1_941' title='bbox 3701 5464 3763 5506; x_wconf 87' lang='lat' dir='ltr'><strong>ut</strong></span> <span class='ocrx_word' id='word_1_942' title='bbox 3784 5470 3913 5508; x_wconf 85' lang='lat' dir='ltr'><strong>unt-</strong></span> 
     </span>
    </p>
   </div>
   <div class='ocr_carea' id='block_1_119' title="bbox 2334 5545 3912 5625">
    <p class='ocr_par' dir='ltr' id='par_1_119' title="bbox 2334 5545 3912 5625">
     <span class='ocr_line' id='line_1_120' title="bbox 2334 5545 3912 5625; baseline -0.013 -6"><span class='ocrx_word' id='word_1_943' title='bbox 2334 5567 2419 5619; x_wconf 89' lang='lat' dir='ltr'><strong>nia</strong></span> <span class='ocrx_word' id='word_1_944' title='bbox 2448 5564 2597 5618; x_wconf 91' lang='lat' dir='ltr'><strong>vobis</strong></span> <span class='ocrx_word' id='word_1_945' title='bbox 2622 5561 2860 5615; x_wconf 88' lang='lat' dir='ltr'><strong>dicantur</strong></span> <span class='ocrx_word' id='word_1_946' title='bbox 2890 5574 2902 5610; x_wconf 94' lang='lat'><strong>:</strong></span> <span class='ocrx_word' id='word_1_947' title='bbox 2933 5556 3090 5625; x_wconf 85' lang='lat' dir='ltr'><strong>quale</strong></span> <span class='ocrx_word' id='word_1_948' title='bbox 3119 5564 3231 5619; x_wconf 90' lang='lat' dir='ltr'><strong>est,</strong></span> <span class='ocrx_word' id='word_1_949' title='bbox 3261 5566 3416 5606; x_wconf 91' lang='lat' dir='ltr'><strong>unam</strong></span> <span class='ocrx_word' id='word_1_950' title='bbox 3444 5548 3603 5602; x_wconf 88' lang='lat' dir='ltr'><strong>fuisse</strong></span> <span class='ocrx_word' id='word_1_951' title='bbox 3630 5545 3912 5613; x_wconf 82' lang='lat' dir='ltr'><strong>quondam</strong></span> 
     </span>
    </p>
   </div>
   <div class='ocr_carea' id='block_1_120' title="bbox 2335 5635 3913 5716">
    <p class='ocr_par' dir='ltr' id='par_1_120' title="bbox 2335 5635 3913 5716">
     <span class='ocr_line' id='line_1_121' title="bbox 2335 5635 3913 5716; baseline -0.016 -4"><span class='ocrx_word' id='word_1_952' title='bbox 2335 5657 2569 5712; x_wconf 88' lang='lat' dir='ltr'><strong>omnium</strong></span> <span class='ocrx_word' id='word_1_953' title='bbox 2596 5654 2864 5707; x_wconf 89' lang='lat' dir='ltr'><strong>hominum</strong></span> <span class='ocrx_word' id='word_1_954' title='bbox 2891 5648 3119 5716; x_wconf 88' lang='lat' dir='ltr'><strong>linguam</strong></span> <span class='ocrx_word' id='word_1_955' title='bbox 3146 5654 3302 5713; x_wconf 87' lang='lat' dir='ltr'><strong>atque</strong></span> <span class='ocrx_word' id='word_1_956' title='bbox 3329 5643 3380 5697; x_wconf 90' lang='lat' dir='ltr'><strong>in</strong></span> <span class='ocrx_word' id='word_1_957' title='bbox 3405 5638 3597 5693; x_wconf 89' lang='lat' dir='ltr'><strong>multas</strong></span> <span class='ocrx_word' id='word_1_958' title='bbox 3617 5643 3809 5705; x_wconf 86' lang='lat' dir='ltr'><strong>postea</strong></span> <span class='ocrx_word' id='word_1_959' title='bbox 3836 5635 3913 5689; x_wconf 84' lang='lat' dir='ltr'><strong>di-</strong></span> 
     </span>
    </p>
   </div>
   <div class='ocr_carea' id='block_1_121' title="bbox 2338 5727 3914 5812">
    <p class='ocr_par' dir='ltr' id='par_1_121' title="bbox 2338 5727 3914 5812">
     <span class='ocr_line' id='line_1_122' title="bbox 2338 5727 3914 5812; baseline -0.011 -8"><span class='ocrx_word' id='word_1_960' title='bbox 2338 5751 2503 5805; x_wconf 87' lang='lat' dir='ltr'><strong>visam</strong></span> <span class='ocrx_word' id='word_1_961' title='bbox 2542 5761 2660 5803; x_wconf 87' lang='lat' dir='ltr'><strong>cssc</strong></span> <span class='ocrx_word' id='word_1_962' title='bbox 2711 5762 2725 5798; x_wconf 88' lang='lat'><strong>:</strong></span> <span class='ocrx_word' id='word_1_963' title='bbox 2774 5741 2839 5797; x_wconf 89' lang='lat' dir='ltr'><strong>ad</strong></span> <span class='ocrx_word' id='word_1_964' title='bbox 2882 5738 3021 5812; x_wconf 88' lang='lat' dir='ltr'><strong>quod</strong></span> <span class='ocrx_word' id='word_1_965' title='bbox 3063 5750 3273 5808; x_wconf 84' lang='lat' dir='ltr'><strong>tempus</strong></span> <span class='ocrx_word' id='word_1_966' title='bbox 3300 5747 3464 5806; x_wconf 86' lang='lat' dir='ltr'><strong>usque</strong></span> <span class='ocrx_word' id='word_1_967' title='bbox 3496 5743 3597 5785; x_wconf 88' lang='lat' dir='ltr'><strong>una</strong></span> <span class='ocrx_word' id='word_1_968' title='bbox 3625 5727 3791 5783; x_wconf 83' lang='lat' dir='ltr'><strong>fuerit</strong></span> <span class='ocrx_word' id='word_1_969' title='bbox 3818 5737 3914 5797; x_wconf 70' lang='grc' dir='ltr'><strong>,θα</strong></span> 
     </span>
    </p>
   </div>
  </div>
