4066 6462
211 410 312 463 179

1143 395 1232 452 DE
1268 396 1799 456 PROPHETIARUM
1836 400 2333 457 OBSCURITATE.
2372 402 2436 456 ll.

3312 412 3422 468 180

201 520 359 587 Καινῇ
379 516 649 588 κειμένων
678 518 991 587 προεῖπενή
1022 514 1230 572 Παλαιὰ
1257 520 1517 590 Διαθήκη,
1557 522 1644 574 ἵνα
1675 519 1748 591 μὴ
1855 521 1947 589 τήν
1976 522 2146 591 ἀρχὴν
2182 522 2385 588 ἐδίδους
2435 523 2544 575 Καὶ
2575 522 2683 594 γὰρ
2715 526 2869 594 κάγὼ
2898 527 2959 581 16
2988 528 3116 582 αὐτὸ
3162 528 3336 599 λέγω·
3363 535 3414 587 εἰ

197 603 436 668 ἄγνωστα
488 601 625 671 μένῃ
662 600 839 654 ταῦτα
883 604 992 663 τοῖς
1026 600 1200 654 ἔθνεσι
1239 605 1348 664 τοῖς
1398 603 1533 670 μετά
1576 603 1745 655 ταῦτα

198 682 471 749 μέλλουσιν
500 680 739 743 ἔσεσθαι,
771 682 864 733 καὶ
890 681 1123 747 ἀγνοῶσι
1160 683 1257 751 τῆς
1283 684 1614 751 προφητείας
1648 685 1743 753 τὴν

198 763 358 831 ἰσχὺν,
381 762 735 831 ᾠκονόμησεν
767 763 799 831 ή
824 762 916 815 τοῦ
945 762 1075 815 Θεοῦ
1104 764 1259 833 χάρις
1284 764 1386 831 πρὸ
1415 764 1514 831 τῆς
1537 781 1744 834 παρου-

194 845 303 905 σίας
331 843 431 895 τοῦ
456 842 693 912 Χριστοῦ
716 843 1107 913 ἐρμηνευθῆναι
1139 844 1237 905 τάς
1266 844 1484 912 Γραφάς
1507 882 1521 907 ,
1551 845 1612 896 οὐ
1633 847 1744 906 τοῖς

192 927 243 993 ἐξ
274 926 446 979 ἐθνῶν
479 926 658 995 μόνον,
700 924 837 979 ἀλλά
883 926 974 978 καὶ
1017 924 1279 977 Ἰουδαίων
1322 928 1431 987 τοῖς
1475 925 1741 994 πανταχοῦ

189 1009 278 1077 τῆς
312 1007 640 1077 οἰκουμένης
691 1006 1032 1078 διασπαρεῖσι
1064 1008 1156 1059 καὶ
1196 1006 1291 1076 τὴν
1336 1006 1588 1076 Ἐϐραΐδα
1635 1008 1743 1059 λοι-

191 1089 281 1141 πὸν
308 1087 647 1142 ἀποϐαλοῦσι
678 1088 924 1155 γλῶσσαν
952 1089 1248 1158 χρησίμους
1292 1088 1457 1151 αὐτὰς
1505 1090 1670 1141 ποιῶν
1697 1098 1737 1142 ⁸.

200 1173 317 1224 ’ἰδοῦ
349 1171 481 1240 γάρ,
513 1170 828 1223 ἐπίστευσεν
850 1173 878 1223 6
906 1170 963 1235 ἐξ
992 1170 1179 1235 ἐθνῶν,
1212 1171 1419 1238 βλέπων
1443 1172 1510 1225 τά
1541 1174 1739 1243 σημεῖα

187 1254 285 1306 τῶν
336 1253 629 1307 Ἰουδαίων.
671 1252 795 1315 Πῶς
836 1247 979 1321 εἶχον
1028 1253 1189 1305 πάλιν
1248 1254 1616 1321 ἐπαγαγέσθαι
1649 1255 1737 1308 τὸν

197 1334 438 1387 Ἰουδαῖον
462 1334 513 1386 οἰ
536 1334 840 1396 ἀπόστολοι,
876 1334 1027 1404 είομὴ
1061 1333 1278 1401 ἔμελλον
1307 1336 1459 1404 αὑτῷ
1489 1335 1739 1389 διδάσκα-

187 1416 265 1468 λον
281 1416 491 1469 οῖκοθεν
521 1414 779 1485 παρέχειν
807 1415 895 1467 τὸν
913 1416 1195 1486 προφήτην
1215 1431 1229 1478 ς
1250 1416 1309 1467 Εἰ
1337 1417 1442 1485 γὰρ
1472 1418 1551 1478 είς
1583 1416 1738 1486 Ἀθή-

186 1514 271 1559 νας
290 1496 545 1549 εἰσελθὼν
572 1498 601 1548 6
627 1495 836 1557 Παῦλος
857 1496 1269 1565 ἐπιγράμματος
1303 1496 1492 1567 ἐδεήθη
1522 1500 1738 1567 ἐγκεκο-

184 1581 449 1650 λαμμένου
479 1578 770 1648 βωμῷ,κα“ι
787 1578 883 1647 τὴν
906 1577 1246 1631 διδασκαλίαν
1276 1579 1334 1643 ἐξ
1366 1580 1569 1632 ἐκείνου
1601 1581 1736 1649 πρὸς

187 1665 371 1725 αὐτοὺς
408 1663 722 1731 ἐποιήσατο,
758 1662 869 1722 τοῖς
908 1661 1125 1723 οἰκείοις
1155 1663 1331 1714 αὐτῶν
1372 1663 1552 1727 ὅπλοις
1580 1665 1733 1716 εύκο-

184 1746 304 1798 λὼτε
313 1761 402 1815 ρον
422 1745 666 1813 αἱρήσειν
686 1742 1013 1813 προσδοκῶν,
1030 1743 1165 1812 ὅπερ
1183 1744 1273 1795 καὶ
1290 1746 1501 1811 ἐγένετο
1519 1762 1531 1775 ’
1556 1745 1732 1815 πολλῷ

187 1829 374 1897 μᾶλλον
410 1826 685 1886 Ἰουδαίοις
710 1824 1083 1894 διαλεγόμενος
1105 1825 1271 1878 ἐδεῖτο
1297 1827 1605 1897 συμμαχίας
1631 1828 1731 1896 τῆς

183 1909 283 1961 ἀπὸ
308 1908 415 1960 τῶν
446 1905 768 1976 προφητῶν,
800 1906 940 1958 ὥστε
968 1906 1041 1976 μὴ
1068 1907 1161 1959 καί
1201 1908 1436 1971 ἐκείνους
1462 1908 1726 1974 ἐγκαλεῖν,

182 1992 255 2043 ὅτι
282 1990 441 2043 καινά
463 2005 586 2041 τινα
618 1989 713 2040 καὶ
742 1988 1011 2053 ξενίζοντα
1045 1989 1284 2060 εἰσφέρει
1318 1993 1396 2053 εἰς
1438 1991 1534 2053 τάς
1561 1992 1729 2053 ἀκοάς

182 2073 367 2127 αὐτῶν.
405 2071 515 2124 Καὶ
544 2070 632 2122 διά
650 2069 723 2132 τί,
748 2070 930 2137 φησιν,
962 2070 1062 2123 οὐκ
1088 2066 1157 2141 ἦν
1191 2072 1289 2140 μία
1312 2071 1479 2141 φωνὴ,
1515 2074 1605 2125 καὶ
1627 2073 1727 2125 πά-

186 2172 273 2222 σης
299 2150 439 2223 μεν
460 2151 869 2221 ἀπηλλαγμένοι
896 2152 993 2221 τῆς
1024 2151 1335 2216 δυσκολίαςς
1357 2154 1469 2206 Μία
1498 2154 1646 2222 φωνὴ
1668 2155 1729 2207 16

182 2236 393 2287 παλαιὸν
416 2230 505 2304 ἦν,
528 2227 573 2285 ὧ
597 2232 865 2302 ἄνθρωπε,
891 2235 986 2286 καὶ
1015 2232 1196 2304 ῶσπερ
1217 2234 1311 2303 μία
1338 2234 1496 2302 φύσις
1520 2235 1728 2304 ἀνθρώ-

183 2334 309 2380 πων,
332 2318 427 2369 καὶ
453 2315 551 2386 μία
570 2314 722 2384 φωνὴ
744 2314 958 2367 πάντων
985 2309 1072 2383 ἦν.
1098 2316 1211 2368 Ούκ
1242 2310 1309 2384 ἦν
1337 2316 1728 2386 ἐτερόγλωσσος

182 2399 266 2451 ἀπ’
295 2397 491 2469 ἀρχῆς,
526 2398 625 2450 οὐκ
649 2392 716 2465 ῆν
750 2395 1111 2466 ἐτερόφωνος,
1147 2397 1244 2450 ούκ
1276 2393 1343 2467 ἦν
1382 2397 1557 2460 Ἰνδὸς,
1603 2397 1723 2451 οὕτε

182 2480 353 2550 Θρᾲξ,
398 2479 520 2532 οὔτε
572 2478 819 2547 Σκύθης,
868 2478 1000 2530 ἀλλά
1048 2478 1246 2541 πάντες
1290 2480 1387 2549 μιᾷ
1430 2479 1726 2547 διελέγοντο

180 2562 401 2634 γλώσσῃ.
432 2562 497 2613 Τί
523 2557 613 2615 οῦν
636 2560 820 2627 γέγονε
849 2561 908 2612 16
924 2560 1122 2623 αἴτιονς
1155 2562 1344 2629 φησίν.
1380 2561 1609 2625 Ἀνάξιοι
1626 2562 1723 2630 τῆς

184 2647 299 2713 μιᾶς
314 2644 513 2713 ταύτης
537 2645 720 2712 φωνῆς
741 2643 907 2711 ἐφάνη
918 2660 1015 2711 μεν
1034 2646 1213 2711 ἡμεῖς,
1236 2647 1283 2695 οἱ
1312 2643 1619 2711 ἀγνώμονες
1638 2648 1722 2698 ἀεὶ

181 2728 297 2795 περί
341 2727 430 2778 τὸν
463 2724 775 2793 εὐεργέτην.
808 2724 873 2775 Τί
906 2724 1110 2791 λέγεις;
1147 2727 1326 2794 φωνῆς
1356 2728 1558 2791 ἀνάξιοι
1593 2729 1722 2793 ἐφά-

179 2823 363 2877 νημενς
419 2806 513 2859 καὶ
550 2805 618 2856 τά
657 2804 754 2869 μὲν
796 2805 962 2871 ἄλογα
1004 2805 1099 2874 τὴν
1139 2807 1342 2859 οἰκείαν
1390 2810 1568 2879 φωνὴν
1610 2810 1721 2877 ἔχει

181 2892 342 2942 πάντα
364 2905 378 2917 ·
407 2888 669 2957 βληχᾶται
702 2886 966 2954 πρόϐατα,
1009 2886 1285 2957 μηκῶνται
1311 2886 1483 2956 αἶγες,
1538 2893 1718 2958 μυκᾶ-

182 2985 258 3023 ται
284 2970 497 3040 ταῦρος,
525 2968 830 3038 χρεμετίζει
852 2970 1033 3031 ἵππος,
1077 2970 1331 3039 βρύχεται
1359 2971 1514 3033 λέων,
1550 2974 1721 3042 ὠρύε-

180 3069 260 3105 ται
292 3052 469 3115 λύκος,
495 3050 701 3119 συρίξει
731 3050 970 3118 δράκων·
1004 3051 1227 3103 ἕκαστον
1252 3052 1359 3104 τῶν
1393 3054 1600 3121 ἀλόγων
1629 3057 1719 3109 τὸν

182 3136 360 3187 οἰκεῖον
382 3134 610 3203 φθόγγον
633 3133 967 3201 διετήρησεν,
992 3133 1099 3199 ἐγὼ
1125 3133 1181 3184 δὲ
1214 3134 1371 3203 μόνος
1396 3137 1493 3204 τῆς
1517 3137 1720 3200 οἰκείας

180 3218 539 3284 ἀπεστέρημαι
568 3215 778 3283 φωνῆςς
831 3216 936 3267 Καὶ
963 3214 1029 3268 τά
1061 3216 1225 3285 ἄγρια
1263 3220 1355 3271 καὶ
1399 3218 1466 3269 τά
1501 3219 1713 3289 ἥμερα,

181 3300 264 3351 καὶ
306 3299 372 3352 τὰ
412 3296 663 3368 χειροήθη
717 3296 809 3349 καί
840 3296 906 3348 τά
959 3297 1315 3351 ἀτιθάσσευτα
1356 3297 1469 3360 ζῶα
1509 3300 1717 3369 ἔμεινεν

182 3381 396 3433 ἱκαστον
424 3380 611 3447 ἔχοντα
633 3377 730 3446 τὴν
762 3377 821 3441 ἐξ
845 3378 1014 3447 ἀρχῆς
1045 3378 1512 3448 συγκληρωθεῖσαν
1538 3382 1716 3444 αὐτοῖς

182 3464 352 3530 φωνήν
370 3474 383 3489 ⁸
417 3460 523 3528 ἐγὼ
547 3459 601 3511 δέ
626 3460 653 3511 6
672 3460 852 3529 ἀρχων
890 3459 1065 3511 αὐτῶν
1096 3460 1374 3529 ἠτίμωμαι
1398 3478 1412 3525 ς
1449 3461 1717 3525 κάκείνοις

185 3544 274 3610 μὲν
298 3544 324 3583 δ
347 3544 584 3612 ἀκίνητοι
601 3542 657 3594 αἰ
681 3542 856 3610 τιμαὶ,
884 3539 992 3608 ἐγὼ
1017 3540 1071 3593 δέ
1092 3541 1344 3605 ἐξέπεσον
1369 3544 1476 3596 τῶν
1502 3544 1717 3611 δωρεῶν

180 3624 262 3676 τοῦ
294 3624 451 3689 Θεοῦς
498 3623 609 3675 Καὶ
648 3622 701 3674 τί
728 3621 975 3675 τοσοῦτον
1003 3623 1307 3693 ήμάρτηταί
1340 3641 1457 3694 μοι;
1490 3625 1589 3677 οὐχ
1614 3625 1715 3695 ἦρ..

182 3721 298 3757 κονν
333 3706 384 3757 αί
415 3704 673 3773 πρότεραι
711 3703 1000 3772 τιμωρίαις
1043 3704 1246 3756 Ἔδωκέ
1283 3722 1368 3772 μοι
1398 3705 1489 3757 τὸν
1539 3708 1714 3775 παρά-

181 3788 355 3851 δεισον,
370 3787 458 3840 καί
474 3784 692 3849 ἐξέϐαλέ
712 3801 777 3852 με
793 3784 889 3836 τοῦ
916 3784 1256 3853 παραδείσου’
1284 3784 1417 3848 ἔζων
1438 3786 1547 3854 βίον
1565 3787 1713 3859 [185]

180 3868 534 3937 ἀταλαίπωρον
556 3867 648 3919 καὶ
668 3866 843 3918 πόνων
860 3865 1292 3935 ἀπηλλαγμένον,
1309 3870 1625 3923 κατεδίκασέ
1648 3889 1715 3941 με

183 3951 347 4021 ἱδρῶτι
373 3952 463 4005 καὶ
495 3948 678 4019 μόχθῳ
700 3965 714 3979 ο
743 3948 997 4017 ἄσπαρτα
1028 3948 1119 4001 καὶ
1156 3949 1391 4018 ἀνήροτα
1429 3953 1602 4005 πάντα
1627 3971 1715 4023 μοι

182 4036 417 4102 παρεῖχεν
458 4034 491 4103 ἡ
534 4031 639 4099 γῆ,
682 4029 963 4083 ἐκέλευσεν
1000 4031 1134 4100 αὐτῇ
1180 4032 1416 4094 ἀκάνθας
1466 4035 1557 4086 καὶ
1599 4052 1714 4105 τρι-

183 4113 353 4176 ϐόλους
376 4114 701 4179 ἀνενεγκεῖν,
717 4112 807 4165 καὶ
834 4112 909 4173 είς
936 4112 1102 4181 αὑτήν
1131 4129 1196 4181 με
1214 4113 1372 4167 πάλιν
1388 4115 1709 4185 ἀπέστρεψεο

184 4196 375 4265 θανάτῳ
412 4212 477 4265 με
506 4195 727 4247 ἐκόλασε
747 4212 758 4223 ·
785 4194 843 4246 τὸ
863 4194 971 4246 τῶν
1000 4195 1271 4260 γυναικῶν
1292 4196 1443 4261 γένος
1464 4198 1713 4250 ἐκόλασεν

183 4278 447 4331 ὑποϐαλὼν
495 4277 646 4330 ὠδῖσι
686 4276 779 4329 καὶ
831 4276 1032 4337 πόνοις.
1076 4276 1187 4329 Οὐκ
1230 4277 1388 4345 ἤρκει
1420 4277 1589 4329 ταῦτα
1635 4282 1713 4342 εἰς

181 4360 450 4432 τιμωρίαν,
474 4358 611 4413 ἀλλά
636 4358 727 4411 καί
746 4359 841 4424 τῆς
859 4359 1037 4427 φωνῆς
1062 4374 1126 4426 με
1147 4357 1386 4421 ἐξέϐαλε,
1409 4360 1498 4411 καὶ
1513 4359 1712 4428 ταύτης

184 4443 499 4514 ἀπεστέρησε
531 4440 629 4508 τῆς
674 4441 857 4508 τιμῆς,
894 4439 978 4491 ἴνα
998 4440 1121 4501 τοὺς
1144 4439 1443 4507 ὁμοφύλους
1474 4442 1564 4493 καί
1586 4444 1713 4510 ὁμο·

181 4526 336 4589 γενεῖς
358 4525 598 4593 καθάπερ
628 4521 904 4592 θηριώδεις
930 4521 1371 4591 ἀποστρέφωμαι,
1404 4524 1497 4591 τῆς
1531 4525 1713 4592 φωνῆς

181 4604 582 4674 διατειχιζούσης
615 4621 703 4673 μοι
723 4602 818 4672 τὴν
853 4603 1152 4655 συνουσίαν.
1183 4604 1278 4656 Διά
1323 4603 1476 4655 τοῦτο
1503 4604 1713 4673 ηὖξησα

182 4686 269 4753 τὴν
290 4688 547 4741 ἀντίθεσιν
566 4726 581 4749 ,
625 4687 691 4739 ἵν’
716 4687 842 4738 ὅταν
866 4684 1126 4751 ἐπαγάγω
1152 4684 1248 4753 τὴν
1270 4684 1438 4748 λύσιν,
1470 4685 1713 4756 λαμπροο

181 4767 298 4836 τέρα
317 4769 531 4837 γένηται
559 4770 594 4838 ὴ
624 4767 766 4835 νίκη.
789 4768 849 4818 Et
878 4766 1120 4819 ἐϐούλετό
1150 4782 1237 4835 με,
1261 4766 1439 4835 φησὶν,
1463 4768 1711 4821 ἐκϐαλεῖν

182 4848 359 4901 τούτων
397 4851 676 4912 ἁπάντων,
714 4847 856 4909 τίνος
895 4846 1077 4899 ἕνεκέν
1121 4864 1208 4916 μοι
1252 4847 1389 4900 αὐτά
1434 4849 1581 4917 παρά
1612 4849 1710 4918 τὴν

184 4930 335 5000 ἀρχήν
367 4931 565 4993 ἐδίδους
607 4929 864 4982 Βούλεσθε
900 4930 992 4981 ἀπ’
1023 4928 1184 4982 αὐτοῦ
1228 4930 1415 4983 τούτου
1448 4932 1711 4999 ἐπαγάγω

182 5010 269 5078 τὴν
291 5011 452 5075 λύσιν,
485 5012 578 5064 ἀπ’
606 5010 775 5079 αὐτῆς
824 5010 922 5079 τῆς
967 5012 1333 5081 ἀντιρρήσεως
1369 5014 1465 5081 τῆς
1508 5013 1706 5082 ψιλῆςς

183 5092 405 5163 Τοσαύτη
439 5094 546 5163 γάρ
596 5093 703 5145 τῶν
754 5093 892 5161 ύπέρ
931 5092 1024 5145 τοῦ
1078 5093 1209 5146 Θεοῦ
1263 5094 1637 5163 δικαιωμάτων
1674 5098 1708 5165 η

183 5177 460 5243 περιουσία,
490 5174 563 5235 ὡς
600 5172 766 5241 αὐτὴν
798 5173 891 5224 τοῦ
937 5173 1299 5240 ἀντιλέγοντος
1324 5176 1421 5245 τὴν
1459 5177 1711 5248 ἀντίρρη-

185 5269 275 5317 σιν,
307 5256 462 5326 μηδέν
508 5254 637 5324 παρ’
678 5254 835 5321 ἡμῶν
884 5254 1430 5324 προσλαμϐάνουσαν,
1480 5259 1707 5327 ἀρκέσαι

186 5337 301 5404 πρὸς
346 5340 438 5407 τὴν
482 5336 587 5389 τῶν
632 5334 986 5403 ἐγκλημάτων
1030 5336 1202 5389 λύσιν.
1258 5339 1318 5389 Εἰ
1362 5339 1605 5392 ἐϐούλετό
1642 5357 1706 5409 με

183 5418 402 5474 ἐκϐαλεῖν
435 5421 646 5473 πάντων
666 5417 885 5480 τούτων,
914 5417 1055 5479 τίνος
1079 5419 1257 5472 ἐνεκεν
1286 5420 1422 5473 αὑτά
1452 5439 1536 5490 μοι
1562 5422 1707 5491 παρά

236 5574 257 5601 ⁸
280 5574 533 5623 Dicendum
580 5572 832 5622 videbatur
871 5570 1088 5621 ποιοῦσα’
1113 5586 1219 5621 nam
1260 5575 1605 5625 subslanlivum
1632 5585 1708 5626 est

181 5642 305 5699 vap
325 5638 351 5690 ὴ
370 5635 450 5682 τοῦ
472 5634 594 5683 Θεοῦ
619 5636 765 5695 χάρις.
791 5634 885 5682 Sed
908 5635 982 5681 hic
1006 5646 1217 5691 sensum,
1244 5649 1334 5682 nou
1367 5638 1524 5695 verba,
1553 5644 1706 5699 respi-

182 5694 647 5761 cilﬁjm'spslomursf
677 5694 720 5761 ,-
813 5754 826 5761 _
874 5754 900 5761 _
952 5751 1002 5761 ..

236 5752 367 5819 ξὲιέν
386 5757 555 5805 deerat
588 5760 635 5802 in
658 5754 847 5803 'Morel.
871 5753 966 5802 Sed
992 5752 1038 5801 in
1074 5754 1179 5801 aliis
1217 5754 1438 5813 habetur,
1464 5762 1512 5804 el
1535 5758 1609 5807 hic
1631 5772 1705 5805 re-

185 5822 368 5864 uruntur.

364 5854 381 5889 ι

1860 612 2105 663 ἐϐούλετό
2139 630 2196 664 σε
2231 613 2475 666 ἐκϐαλεῖν
2516 616 2728 668 πάντων
2773 623 2993 682 τούτων,
3040 619 3184 682 τίνος
3225 621 3414 675 ἐνεκεν

1850 692 2050 757 ἐδίδους
2100 694 2259 745 Ὥστε
2298 695 2481 764 ἐπειδὴ
2522 696 2621 748 ούκ
2654 696 2899 750 ἐϐούλετό
2934 717 2991 751 σε
3027 702 3293 767 ἐκϐαλεῖν,
3324 705 3411 760 διά

1847 773 2002 825 τοῦτο
2027 774 2191 827 ἔδωκέ
2222 792 2302 827 σοι
2327 775 2498 829 ταῦτα
2527 779 2677 847 παρά
2698 779 2798 849 τὴν
2834 780 3027 849 ἀρχήν.
3074 781 3139 835 Τί
3170 779 3262 838 οὖν
3290 785 3411 854 ἐγέ-

1846 878 1997 925 νετος
2033 863 2143 931 Οὐχ
2166 864 2193 915 6
2221 863 2351 926 Θεός
2381 880 2437 915 σε
2461 864 2730 929 ἐξέϐαλεν,
2756 868 2890 920 ἀλλά
2931 870 2994 921 σὺ
3020 870 3305 936 ἀπώλεσας
3339 874 3409 927 τά

1845 942 2083 998 δοθέντα.
2137 943 2368 996 Ἐκεῖνον
2418 945 2663 1015 θαύμαζε
2700 948 2798 1017 τῆς
2845 950 3273 1020 φιλανθρωπίας,
3324 953 3409 1007 δτι

1847 1025 2134 1096 ἐχαρίσατο
2154 1041 2167 1054 ⁸
2198 1026 2374 1095 σαυτῷ
2406 1028 2618 1096 μέμφου
2652 1028 2749 1096 τῆς
2778 1031 3067 1099 ῥᾳθυμίας,
3096 1033 3177 1085 ὅτι
3205 1034 3267 1086 16
3305 1035 3406 1087 δῶ-

1847 1123 1939 1175 ρον
1959 1108 2057 1159 οὐκ
2081 1104 2368 1177 ἐφύλαξας.
2396 1110 2555 1161 Ὥστε
2582 1111 2759 1180 δῆλον,
2785 1112 2865 1164 ὅτι
2908 1116 3004 1183 οὐχ
3035 1117 3063 1167 6
3085 1133 3403 1187 παρακατα-

1845 1187 2067 1256 θέμενος
2114 1190 2302 1253 αίτιος,
2335 1190 2448 1242 ἀλλ’
2478 1193 2505 1243 6
2534 1191 2632 1260 τὴν
2680 1196 3148 1267 παρακαταθήκην
3179 1200 3405 1269 προδοὺς

1843 1269 2195 1339 ἐγκλημάτων
2217 1272 2529 1335 ὑπεύθυνος.
2564 1274 2685 1326 Ὀτι
2715 1276 2822 1344 γάρ
2850 1276 3044 1344 ἐφίλει,
3090 1279 3182 1331 καὶ
3213 1281 3402 1347 φιλάν-

1843 1349 2054 1420 θρωπος
2074 1348 2160 1421 ἦν,
2195 1355 2285 1406 καί
2314 1354 2558 1407 ἐϐούλετο
2582 1355 2922 1425 χαρίσασθαι,
2951 1359 3166 1425 ἔδειξεν,
3194 1363 3405 1427 οὐδενὸς

1840 1430 1903 1513 δὲ.
1922 1432 2330 1499 ἀναγκάζοντος,
2360 1436 2478 1487 οὐδὲ
2509 1435 2629 1504 βίαν
2656 1438 3008 1505 ἐπιτιθέντος,
3031 1442 3090 1493 ού
3114 1442 3179 1494 τά
3209 1460 3404 1513 κατορ-

1842 1510 2066 1594 θώματά
2100 1532 2189 1567 σου
2220 1515 2520 1585 θαυμάσας,
2557 1518 2655 1570 ούκ
2693 1518 2830 1587 ἔχων
2861 1537 2942 1573 σοι
2964 1522 3138 1575 πόνων
3168 1510 3402 1594 ἀμοιϐήν

1839 1593 2155 1648 ἀποδοῦναι’
2213 1597 2326 1649 ἀλλ’
2378 1598 2577 1660 εὐθέως
2627 1598 2869 1665 πλάσας,
2923 1602 3119 1666 εὐθέως
3168 1606 3247 1667 είς
3302 1593 3402 1676 την

1844 1675 2020 1744 ἀρχὴν
2047 1678 2320 1746 μετήγαγε
2345 1678 2565 1749 ταύτην,
2601 1681 2687 1733 ἵνα
2714 1682 2883 1753 δείξῃ,
2913 1683 2993 1735 ὅτι
3016 1684 3111 1735 ούκ
3138 1675 3401 1749 ἀντίδοσις

1837 1756 2071 1825 ἀμοιϐῆς
2101 1760 2133 1828 ή
2167 1759 2363 1831 δωρεά,
2390 1760 2523 1813 ἀλλά
2553 1764 2731 1832 γυμνὴ
2757 1764 2789 1833 ὴ
2825 1764 2982 1834 χάρις
3010 1760 3096 1835 ἦν.
3130 1764 3191 1819 Εί
3216 1768 3271 1819 δέ
3299 1768 3398 1820 ούκ

1835 1837 2100 1905 ἐφύλαξας
2133 1840 2200 1895 τά
2231 1841 2467 1905 δοθέντα,
2497 1844 2688 1896 σαυτὸν
2717 1846 2895 1912 αἰτιῶ,
2923 1847 2996 1917 μὴ
3019 1848 3108 1900 τὸν
3132 1849 3399 1903 δεδωκότα

1838 1922 1936 1990 τήν
1967 1922 2171 1991 δωρεάν
2202 1932 2249 1976 ε.

1903 1999 2026 2073 Ἀρ*
2075 2001 2165 2057 οὖν
2216 2006 2371 2058 τοῦτο
2422 2007 2579 2077 μόνον
2627 2009 2819 2079 ἔχομεν
2890 2012 3062 2065 εἰπεῖν
3113 2012 3252 2083 ὑπὲρ
3299 2013 3393 2068 τοῦ

1833 2085 2127 2150 Δεσπότους
2186 2086 2361 2157 Ὶκανὴ
2418 2089 2513 2157 μὲν
2563 2086 2653 2142 οὖν
2695 2094 2786 2144 καὶ
2816 2092 2951 2163 αῦτη
2998 2095 3031 2162 ἡ
3082 2094 3345 2162 ἀπολογία
3377 2112 3392 2128 ο

1833 2167 1951 2219 ἀλλ’
1976 2168 2008 2237 ή
2037 2168 2258 2238 ἄπειρος
2283 2171 2445 2223 αὐτοῦ
2476 2172 2744 2242 ἀγαθότης
2770 2176 2860 2227 καὶ
2889 2176 2921 2245 ἡ
2948 2175 3183 2246 ἀῤῥητος
3217 2177 3398 2245 φιλανο

1833 2248 2042 2318 θρωπία
2077 2253 2168 2303 καὶ
2217 2251 2407 2321 ἑτέραν
2452 2254 2582 2321 ημῖν
2638 2256 2953 2325 περιουσίαν
3009 2256 3389 2328 δικαιωμάτων

1831 2332 2077 2401 παρέχει.
2122 2332 2253 2384 Οὐδέ
2289 2334 2396 2404 γάρ
2424 2335 2578 2388 τοῦτο
2601 2337 2758 2405 μόνον
2791 2338 2938 2390 ἔστιν
2973 2340 3164 2403 εἰπεῖν,
3196 2341 3276 2395 ὃτι
3299 2343 3397 2396 αύ-

1829 2414 1920 2476 τὸς
1948 2416 2043 2482 μὲν
2075 2415 2259 2480 ἔδωκε,
2282 2419 2345 2469 σὺ
2372 2418 2428 2469 δὲ
2445 2418 2729 2482 ἀπώλεσας
2747 2435 2763 2451 ⁸
2789 2420 3129 2490 ἀπήλλακται
3164 2423 3265 2493 μὲν
3287 2426 3395 2494 γάρ

1831 2497 1927 2549 καὶ
1956 2497 2094 2550 οὕτω
2122 2499 2227 2550 τῶν
2256 2500 2614 2569 ἐγκλημάτων
2638 2504 2665 2554 6
2690 2502 2831 2564 δοὺς,
2861 2504 3057 2572 μᾶλλον
3084 2504 3140 2556 δέ
3177 2507 3270 2558 καὶ
3301 2523 3398 2576 με-

1827 2581 2010 2645 γίστου
2046 2580 2313 2649 θαύματός
2350 2583 2495 2634 ἐστιν
2535 2582 2719 2646 ἄξιος,
2754 2585 2836 2637 ὅτι
2876 2585 2969 2639 καὶ
3013 2587 3276 2652 προειδὼς
3312 2590 3393 2642 δτι

1827 2661 2062 2729 ἀπολεῖς,
2087 2664 2184 2714 οὐκ
2216 2663 2551 2734 ἀπεστέρησέ
2588 2682 2646 2717 σε
2675 2666 2775 2735 τῆς
2802 2666 3009 2737 δωρεᾶς
3049 2683 3064 2700 ο
3098 2668 3237 2739 πλὴν
3260 2669 3395 2723 ἀλλά

1827 2744 1919 2795 καὶ
1960 2744 2143 2814 ἕτερον
2180 2744 2356 2813 πολλῷ
2404 2745 2585 2813 μεῖζον
2631 2746 2737 2816 ἔχω
2777 2747 2976 2801 τούτων
3011 2749 3204 2807 είπεῖν.
3236 2751 3301 2803 Τί
3337 2752 3392 2805 δέ

1825 2823 1981 2876 τοῦτό
2019 2826 2197 2888 ἐστινς
2239 2826 2359 2880 Ὅτι
2390 2828 2481 2878 καὶ
2522 2828 2657 2895 μετὰ
2701 2826 2760 2879 16
2803 2828 3062 2882 ἀπολέσαι
3101 2829 3159 2895 ἐξ
3191 2831 3394 2895 οἰκείας

1828 2904 2114 2974 ῥᾳθυμίας,
2146 2906 2307 2960 πάλιν
2339 2907 2643 2961 ἀποδέδωκέ
2668 2924 2749 2961 σοι
2769 2910 2837 2961 τὰ
2868 2909 3177 2963 ἀπολωλότα
3203 2928 3219 2945 ο
3256 2914 3394 2982 μᾶλ-

1825 2985 1913 3038 λον
1948 2986 2004 3039 δὲ
2040 2988 2099 3038 ού
2130 2987 2195 3039 τά
2224 2988 2535 3041 ἀπολωλότα
2570 2989 2746 3058 μόνον,
2778 2989 2911 3043 ἀλλὰ
2945 2991 3039 3044 καί⁵
3070 2992 3245 3063 πολλῷ
3274 2994 3394 3062 μεί-

1828 3067 1955 3131 ζονα
1984 3068 2206 3122 τούτων.
2246 3070 2553 3134 Ἀπώλεσας
2592 3072 2689 3141 μὲν
2720 3071 2825 3141 γὰρ
2861 3073 3199 3143 παράδεισον,
3225 3074 3391 3127 ἔδωκε

1822 3149 1878 3201 δε
1912 3167 1991 3202 σοι
2016 3152 2103 3203 τὸν
2128 3152 2366 3219 οὐρανόν.
2405 3153 2564 3222 Ὁρᾷς
2590 3153 2705 3215 πῶς
2736 3155 2934 3223 μείζων
2957 3158 2987 3225 ή
3026 3156 3262 3226 ἐμπορία
3290 3158 3392 3226 τῆς

1824 3228 2023 3299 ζημίας
2045 3272 2059 3294 ,
2092 3231 2237 3302 [186]
2272 3235 2387 3297 πῶς
2414 3234 2609 3287 πλείων
2633 3237 2659 3287 6
2681 3235 2935 3299 πλοῦτοςς
2968 3237 3173 3289 Ἔδωκέ
3204 3254 3281 3289 σοι
3300 3239 3391 3291 τὸν

1821 3312 2061 3381 οὐρανὸν,
2080 3314 2164 3364 ἵνα
2190 3313 2281 3365 καὶ
2297 3315 2394 3382 τὴν
2407 3316 2609 3368 οἰκείαν
2627 3316 3025 3386 φιλανθρωπίαν
3041 3318 3388 3387 ἐπιδείξηται.

1823 3393 1915 3443 καὶ
1939 3392 2027 3444 τὸν
2057 3392 2299 3446 διάϐολον
2326 3395 2482 3465 δάκῃ.
2513 3396 2721 3459 δεικνὺς
2749 3398 2829 3449 ὅτι
2860 3396 2964 3451 κᾶν
2996 3399 3161 3468 μυρία
3184 3399 3261 3469 τῷ
3282 3400 3390 3451 τῶν

1822 3472 2120 3543 ἀνθρώπων
2142 3475 2496 3548 ἐπιϐουλεύσῃ
2520 3479 2687 3545 γένει,
2709 3478 2858 3531 οὐδὲν
2877 3479 3025 3533 ἔσται
3043 3480 3199 3532 πλέον
3221 3480 3388 3549 αὐτῷ,

1821 3555 1913 3630 τοῦ
1957 3554 2087 3607 Θεοῦ
2123 3557 2258 3625 πρὸς
2304 3558 2522 3627 μείζονα
2563 3560 2648 3611 ἀεὶ
2690 3577 2735 3611 τι
2747 3560 2852 3629 μὴν
2894 3562 3038 3630 ἡμᾶς
3079 3561 3386 3628 ἀνάγοντος.

1823 3625 2133 3700 Ἀπώλεσας
2161 3625 2339 3691 τοίνυν
2370 3642 2711 3710 παράδεισον,
2741 3625 2830 3695 καί
2854 3625 3052 3712 ἀνέῳξέ
3087 3660 3167 3695 σοι
3195 3625 3231 3697 τό
3259 3644 3387 3708 Θεὸς

1819 3717 1908 3768 τὸν
1933 3718 2154 3788 οὐρανόν
2173 3737 2186 3751 ο
2214 3721 2603 3791 κατεδικάσθης
2626 3724 2771 3791 πόνῳ
2797 3724 3132 3794 προσκαίρῳ,
3164 3726 3256 3778 καὶ
3280 3727 3388 3778 ἐτι-

1824 3800 1998 3868 μήθης
2026 3800 2133 3871 ζωῇ
2164 3803 2389 3873 αἰωνίῳ’
2422 3804 2670 3858 ἐκέλευσε
2705 3809 2770 3876 τῇ
2797 3809 2865 3876 γῇ
2890 3807 3128 3870 ἀκάνθας
3156 3809 3247 3861 καὶ
3272 3826 3388 3879 τρι-

1820 3882 2003 3945 ϐόλους
2024 3884 2280 3950 ἐνεγκεῖν,
2298 3886 2390 3938 καὶ
2421 3886 2713 3956 ἐϐλάστησέ
2731 3905 2811 3941 σοι
2844 3888 3052 3958 καρπὸν
3076 3890 3388 3960 Πνεύματος

1820 3963 1852 4030 ἡ
1881 3963 2025 4032 ψυχή
2054 3963 2103 4017 δ·

1888 4057 1947 4109 δ’.
1973 4058 2079 4109 Καὶ
2098 4059 2393 4145 σκόπειμοι
2417 4061 2512 4129 τὴν
2529 4063 2930 4133 φιλανθρωπίαν
2942 4068 3032 4121 τοῦ
3050 4068 3201 4129 Θεοῦ,
3224 4073 3380 4145 μέχρι

1820 4137 1981 4190 πόσου
2016 4138 2236 4207 κατέϐη.
2282 4141 2367 4192 Ἐν
2392 4146 2501 4205 τοῖς
2534 4145 2858 4199 ἀπολλύουσι
2891 4165 3010 4201 τινα
3039 4151 3145 4204 τῶν
3172 4137 3381 4211 οἰκείων

1819 4220 2127 4288 κτημάτων,
2166 4222 2269 4273 κᾶν
2310 4222 2528 4291 μείζονα
2561 4225 2760 4279 λάϐωσι
2800 4230 2892 4281 καὶ
2934 4232 3377 4305 πολυτελέστερα.

1818 4306 1998 4389 ἐκεῖνα
2024 4305 2090 4357 τά
2109 4306 2418 4389 ἀπολωλότα
2437 4310 2615 4379 ζητεῖν
2633 4313 2892 4380 ἐφίενται,
2911 4318 3002 4369 καὶ
3029 4317 3101 4388 μὴ
3119 4319 3381 4389 πρότερον

1819 4385 2259 4455 πληροφορεῖθαι,
2293 4388 2395 4452 ἕως
2433 4390 2499 4443 ἀν
2536 4393 2673 4445 αύτά
2707 4385 3064 4451 ἀπολάϐωσιν.
3091 4385 3261 4455 “Eine!
3288 4385 3382 4455 οὖν

1817 4466 2101 4529 ἀπώλεσας
2147 4471 2486 4539 παράδεισον,
2524 4473 2641 4542 ούχί
2677 4475 2766 4527 τὸν
2803 4477 3025 4547 οὐρανόν
3065 4498 3143 4533 σοι
3186 4483 3380 4537 δέδωκε

1821 4548 1997 4632 μόνον,
2044 4550 2175 4632 ἀλλά
2220 4552 2310 4603 καὶ
2354 4553 2674 4622 παράδεισον
2714 4558 2806 4609 καὶ
2836 4560 3079 4629 οὐρανόν.
3116 4562 3382 4632 Σήμερον

1812 4630 1935 4717 pft‘
1947 4631 2091 4717 ἐμοῦ
2108 4632 2220 4717 ἔσῃ
2241 4634 2309 4686 ἐν
2322 4633 2400 4698 τῷ
2417 4637 2772 4702 παραδείσῳ,
2789 4641 2950 4710 φησίν
2968 4658 2981 4673 ’
3009 4642 3097 4697 ἵνα
3121 4630 3211 4716 μὴ⁷
3223 4630 3381 4717 μόνον

1906 4710 2012 4762 τῶν
2041 4711 2298 4781 μειζόνων
2330 4717 2631 4787 προσθήκῃ,
2665 4720 2797 4773 ἀλλά
2826 4721 2918 4773 καὶ
2942 4726 3006 4794 τῇ
3036 4710 3143 4778 τῶν
3172 4710 3380 4781 ἀπολω-

1816 4791 1979 4880 λότων
2038 4795 2354 4880 ἀνακτήσειᾷ
2384 4800 2841 4871 παραμυθήσηται
2889 4791 3005 4874 τὴν⁷
3042 4807 3379 4880 όδυνωμένην

1814 4873 2009 4960 ψ-υχήν.
2062 4875 2216 4960 ’ᾼλλκ
2256 4878 2304 4929 εἰ
2337 4878 2506 4943 δοκεῖ,
2539 4880 2632 4932 καὶ
2678 4884 2764 4935 ἐπ’
2794 4885 2924 4938 αὐτὸ
2946 4873 3110 4941 τοῦτο
3140 4873 3379 4960 ἔλθωμεν

1814 4956 1874 5006 τὸ
1920 4956 2301 5042 προκείμενον,
2352 4960 2444 5011 καὶ
2491 4962 2688 5029 ἴδωμεν
2739 4966 2854 5029 πῶς
2888 4968 3241 5041 ἀπωλέσαμεν
3278 4956 3379 5042 τὴν

1816 5037 2014 5121 φωνήνΣ
2048 5038 2179 5121 υύδέ
2208 5038 2537 5121 γάρμικρδν
2571 5044 2647 5106 εἰς
2677 5046 2968 5113 ἀσφαλείας
2994 5037 3203 5121 λόγοννή
3236 5037 3376 5105 ιστο-

1817 5118 1923 5202 ρία.
1968 5118 2024 5169 '0
2060 5118 2166 5202 γάρ
2205 5120 2386 5188 μαθὼν
2418 5124 2506 5174 τὸν
2543 5125 2737 5193 τρόπον
2773 5128 2870 5196 τῆς
2909 5130 3173 5200 προτέρας
3192 5118 3378 5202 τάσφαο

1814 5198 1981 5280 λείας,
2009 5201 2141 5269 πρὸς
2169 5202 2233 5253 τά
2262 5203 2420 5254 λοιπά
2445 5204 2841 5275 ἀσφαλέστερος
2869 5208 3038 5264 ἔσται.
3064 5198 3376 5280 Ἀναγκαῖον

1813 5278 1866 5331 δὲ
1894 5280 2079 5364 Δπάντα
2118 5283 2249 5350 πρὸς
2288 5284 2428 5352 ὑμᾶς
2463 5288 2635 5339 εἰπεῖν
2672 5303 2687 5318 ⁸
2726 5282 2855 5353 οἷον,
2891 5291 2968 5343 ὅτι
3006 5293 3100 5361 μία
3134 5278 3281 5364 φωνὴ
3315 5296 3375 5347 16

1814 5362 2037 5413 παλαιὸν
2068 5364 2277 5416 πάντων
2308 5364 2605 5435 ἀνθρώπων
2644 5364 2730 5439 ἦν,
2762 5372 2843 5423 ὅτι
2882 5376 2959 5437 εἰς
2994 5374 3187 5437 πολλάς
3220 5362 3372 5430 ὕστε-

1814 5460 1905 5527 ρον
1930 5444 2185 5512 μετέπεσε
2211 5462 2223 5475 '
2250 5448 2409 5517 μέχρι
2436 5451 2560 5502 πότε
2590 5451 2683 5519 μία
2706 5448 2794 5521 ῆν,
2816 5456 2905 5506 καί
2926 5457 3050 5508 πότε
3082 5460 3372 5527 μετέπεσεν

1813 5526 1890 5607 εἰς
1923 5527 2116 5589 πολλάς
2146 5542 2160 5557 ·
2197 5531 2288 5580 καὶ
2320 5531 2542 5597 πότερον
2577 5533 2708 5602 αῦτὴ
2742 5536 2917 5604 ἐκείνη
2956 5538 3244 5607 ἠφανίσθη,
3279 5542 3371 5595 καὶ

1813 5605 1991 5676 ἕτεραι
2020 5610 2425 5679 εἰσηνέχθησαν,
2458 5615 2489 5685 ἢ
2519 5615 2780 5683 μενούσης
2808 5618 3017 5686 ἐκείνης
3046 5605 3371 5690 ἐπεισήχθη-

1876 5757 1895 5823 (ξ
1918 5756 2045 5823 (ἶφι-ιτ.
2070 5760 2150 5815 τῆν
2171 5762 2319 5823 χάριν.

1873 5815 1896 5850 ⁸
1926 5819 2055 5867 Culb.
2084 5815 2259 5877 καρπον
2284 5828 2419 5877 ζωῆς
2446 5824 2521 5868 καὶ
2544 5824 2727 5869 σκόπει.
