4066 6478
639 439 746 494 181

642 561 740 599 σαν
765 544 821 595 αἰ
851 539 1031 593 λοιπαί
1053 554 1067 570 ν
1092 535 1180 589 διά
1204 534 1254 587 τί
1283 529 1565 599 συνεχύθη,
1593 524 1686 578 καὶ
1712 523 1776 575 ἐκ
1799 517 1952 576 ποίας
1978 510 2148 599 αἰτίας
2165 519 2181 534 ⁶

642 598 760 682 εἰτα
798 628 926 696 ποίᾳ
951 623 1150 676 τούτων
1179 620 1284 671 τῶν
1314 598 1519 669 πολλῶν
1551 608 1738 680 φωνῶν
1771 607 1804 675 ή
1838 598 2044 696 Παλαιά
2072 613 2189 696 συν-

640 715 816 768 έκειτο
839 683 1078 778 Διαθήκη
1100 725 1112 736 ·
1139 705 1223 758 διὰ
1244 702 1349 773 γάρ
1375 702 1584 766 ἐκείνην
1617 694 1789 749 πάντα
1817 687 1987 778 ταῦτα
2015 683 2191 778 Exul?-

645 817 814 869 σαμεν
845 815 859 828 ·
895 777 1118 863 πότερον
1156 795 1220 861 τῇ
1261 789 1462 860 ἀρχαίᾳ
1501 786 1591 838 καὶ
1629 777 1985 869 πρεσϐυτέρᾳ,

642 854 864 954 ὕστερον
891 854 1388 947 ἐπεισενεχθείσαιϋς.
1418 854 1573 924 ’Ᾰλλά
1598 869 1669 937 μὴ
1684 864 1892 932 δείσητε
1920 877 1934 889 ·
1963 857 2064 910 κᾶν
2087 854 2193 954 γάρ

644 975 720 1046 μὴ
744 945 979 1043 τῆμερον
1013 945 1224 1023 ἅπαντα
1255 962 1566 1031 δυνηθῶμεν
1584 952 1888 1046 ἀποδοῦναι,
1910 947 2042 1002 ἀλλά
2063 945 2196 1046 πάνῖ

642 1030 749 1122 16;;
939 1055 1283 1123 ἀποδώσομεν
1318 1030 1556 1117 ὓστερον.
1601 1042 1753 1128 Τίνος
1783 1033 1874 1128 06v
1907 1037 2085 1128 ἐνεκεν
2123 1030 2196 1128 μὴ
2417 1030 2665 1128 δεσμῳτζη

647 1117 927 1214 μέλλούτες
953 1143 1164 1195 ἀπαντα
1188 1117 1426 1206 τήμερον
1454 1127 1786 1189 ἀποδιδόναι,
1819 1122 2066 1175 ἀπάντων
2092 1117 2199 1169 τῶν

644 1210 780 1300 όφλη
789 1231 968 1298 μάτων
983 1227 1079 1296 τήν
1096 1224 1346 1278 ὑπόθεσιν
1369 1221 1496 1289 ύμῖν
1525 1215 1864 1282 ἀνέγνωμεν;
1894 1210 2009 1259 Ἵνα
2036 1220 2200 1274 προσ-

646 1292 908 1378 δοκῶντες
1089 1313 1365 1372 ἀπόδοσιν,
1400 1303 1686 1364 διαπαντὸς
1726 1297 1861 1352 κατά
1899 1294 2020 1348 νοῦν
2057 1292 2202 1385 ἡμᾶς

648 1404 828 1473 ἔχητε.
858 1376 965 1454 Καὶ
992 1376 1098 1470 γὰρ
1127 1400 1155 1449 6
1181 1396 1401 1467 χρυσίον
1428 1391 1532 1446 τινὶ
1559 1387 1822 1447 δανείσας,
1851 1383 1942 1434 καὶ
1968 1376 2200 1433 ὑπεύθυ-

649 1467 890 1559 ἔχων
911 1467 1157 1555 ωῦγόφλή
1167 1501 1349 1555 ματος,
1371 1483 1464 1534 καὶ
1484 1481 1540 1532 ἐν
1561 1474 1823 1548 τραπέζῃ,
1841 1489 1931 1524 και
1953 1471 2010 1521 ἐν
2036 1467 2199 1536 οἰκίᾳ,

651 1579 746 1631 καὶ
860 1577 1051 1646 ἀγορᾷ,
1071 1554 1177 1626 καί
1205 1573 1260 1623 ἐν
1288 1569 1468 1639 κλίνη,
1510 1566 1603 1620 κα)⁸
1636 1558 1904 1630 πανταχοῦ
1935 1559 2024 1610 τὸν
2063 1554 2206 1646 ὀφεί-

651 1663 809 1716 λοντα
845 1639 1349 1729 αὐτῷ’φαντάξεται
1390 1655 1481 1706 καὶ
1515 1647 1841 1718 ὀνειροπολεῖ
1867 1661 1880 1673 ο
1908 1643 2001 1696 καὶ
2037 1643 2064 1693 6
2098 1639 2205 1691 τῶν

652 1765 756 1820 χρη
767 1750 944 1818 μάτων
1128 1743 1261 1814 μετά
1285 1741 1390 1794 τῶν
1410 1757 1513 1810 χρη
1523 1736 1700 1806 μάτων
1727 1732 1973 1820 κάκεῖνον
1995 1728 2084 1820 ἐπὶ
2110 1725 2206 1820 τῆς

653 1811 1139 1892 τοῦ-’δεδανεικότος
1154 1831 1293 1880 ποιεῖ
1311 1823 1592 1885 διαπαντὸς
1612 1815 1991 1889 περιφέρεσθαι
2012 1811 2206 1880 ψυχῆς.

657 1923 777 1974 Ἵνα
806 1914 897 1972 οῦν
926 1918 1020 1970 καὶ
1045 1917 1202 1986 ἡμεῖς
1223 1916 1287 1983 τῇ
1309 1910 1482 1965 ἐλπίδι
1510 1908 1608 1976 τῆς
1637 1903 1934 1962 ἀποδόσεως
1963 1897 2210 1966 ἐσώμεθα

655 2004 940 2067 διαπαντὸς
971 2005 1028 2056 ἐν
1060 1983 1178 2063 ταῖς
1211 1999 1497 2068 ὑμετέραις
1534 1992 1807 2052 διανοίαις,
1841 1988 1931 2040 καὶ
1961 1988 2018 2037 ἐν
2045 1983 2209 2052 οἰκίᾳ,

659 2092 754 2146 καὶ
781 2093 837 2142 ἐν
869 2089 1071 2158 ἀγορᾷ,
1106 2085 1198 2140 καὶ
1224 2085 1354 2138 ὅπου
1381 2083 1424 2135 6'
1461 2080 1526 2135 ἂν
1555 2075 1674 2148 ἦτε,
1705 2075 1790 2128 διά
1823 2072 1977 2126 τοῦτο
2009 2069 2078 2123 τά
2117 2069 2212 2138 μὲν

659 2179 793 2249 ὀφλή
801 2156 945 2248 ματα
965 2156 1411 2246 ὡμολογήσαμεν,
1433 2169 1529 2236 τὴν
1557 2167 1612 2218 δέ
1639 2164 1890 2218 ἀπόδοσιν
1916 2159 2128 2212 ἅπασαν
2151 2156 2212 2208 06

664 2243 960 2333 ποιούμεθα
981 2243 1235 2330 σήμερον,
1259 2258 1344 2310 ῐνα
1365 2257 1429 2325 τῇ
1456 2250 1744 2323 προσδοκίᾳ
1764 2247 1867 2300 τῶν
1889 2243 2216 2333 λειπομένων

663 2327 912 2402 ὑπόθεσιν
926 2327 1172 2415 τῆςὲιερι
1187 2342 1342 2413 ἡμῶν
1363 2341 1575 2410 μνήμης
1596 2335 1723 2406 παρ’
1741 2335 1868 2402 ὑμῖν
1884 2327 2216 2397 καταλείψω·

667 2452 784 2506 μεν.
797 2431 1019 2501 Μεγάλη
1035 2431 1140 2500 γάρ
1157 2429 1308 2500 ήμῶν
1324 2426 1606 2494 ἀσφάλεια,
1617 2422 1712 2492 τῆς
1726 2419 1988 2489 ὑμετέρας
2004 2416 2219 2485 ἀγάπης

665 2502 950 2575 ἀπολαύειν
961 2513 1294 2588 διηνεκῶς.[1
1303 2512 1392 2583 87]
1406 2513 1467 2580 δή
1476 2527 1575 2581 μου
1592 2507 1825 2562 τοιούτου
1839 2507 1929 2558 καὶ
1947 2502 2216 2556 τοσούτου.

677 2607 736 2660 '0
760 2607 864 2676 γὰρ
877 2604 1093 2673 ἀγάπης
1107 2599 1405 2661 ἀπολαύων,
1425 2597 1514 2650 καὶ
1530 2597 1690 2664 εὐχῆς
1707 2593 2066 2647 ἀπολαύσεται
2091 2588 2222 2642 πάνε-

666 2675 1026 2756 τως.Τοῦτοδέ
1039 2689 1217 2759 ἡλίκον
1229 2687 1371 2738 ἐστὶν
1382 2683 1600 2752 ἀγαθὸν,
1613 2680 1767 2749 δῆλον
1782 2677 1983 2730 ἐκεῖθεν
1992 2693 2003 2705 ·
2018 2675 2221 2736 Παῦλος

669 2782 892 2843 ἐκεῖνος,
908 2779 936 2830 6
949 2780 1028 2842 εἰς
1046 2778 1224 2846 τρίτον
1240 2773 1505 2845 ἀρπαγείς
1525 2769 1767 2840 οὐρανὸν,
1781 2769 1808 2820 6
1827 2769 2040 2836 ῥήματα
2060 2764 2190 2816 ἀκού
2203 2791 2222 2803 ο

671 2885 770 2929 σας
799 2867 1028 2936 ἀρῤητα,
1057 2867 1084 2916 6
1111 2862 1284 2922 1:666;
1318 2859 1707 2926 καπαπατήσας
1739 2854 1836 2915 τάς
1866 2852 2103 2918 ἀνάγκας
2130 2851 2224 2919 τῆς

673 2953 933 3021 φύσεως,ό
948 2954 1003 3003 ἐν
1018 2948 1278 3017 ἀσφαλείᾳ
1288 2945 1468 3014 τελεία
1483 2943 1663 2995 λοιπὸν
1683 2939 1944 3003 ὣν,ἐδεῖτο
1961 2939 2054 2991 καὶ
2065 2937 2224 3005 εὐχῆς

672 3040 779 3092 τῶν
807 3037 1079 3109 μαθητῶν,
1098 3037 1189 3089 καὶ
1231 3034 1379 3101 ἔλεγε
1413 3048 1426 3063 ο
1445 3030 1853 3097 Προσεύχεσθε
1885 3025 2033 3092 ὑπὲρ
2059 3023 2222 3091 ἐμοῦ,

675 3125 775 3179 ινα
785 3123 989 3192 ῥυσθῶ
1005 3123 1118 3177 ἀπὸ
1134 3119 1249 3174 τῶν
1276 3118 1672 3174 ἀπειθούντων
1693 3132 1705 3145 ·
1735 3113 1826 3166 καὶ
1845 3112 2022 3172 πάλιν,
2041 3113 2228 3176 [1900'-

676 3215 946 3282 εὐχεσθε,
967 3213 1064 3264 ἵνα
1088 3227 1187 3278 μοι
1211 3206 1354 3274 δοθῇ
1377 3206 1550 3274 λόγος
1568 3204 1635 3255 έν
1649 3199 1869 3263 ἀνοίξει
1891 3198 1994 3252 τοῦ
2014 3198 2230 3264 στόμα-

677 3281 780 3364 τός
813 3316 952 3368 μου.
986 3295 1094 3349 Καὶ
1137 3291 1408 3363 πανταχοῦ
1453 3292 1611 3360 δρᾶτε
1653 3287 1809 3340 αὐτὸν
1853 3284 1944 3337 καὶ
1985 3281 2231 3335 αίτοῦντα

677 3388 778 3448 τάς
819 3383 980 3453 εὐχάς
1018 3381 1125 3434 τῶν
1159 3380 1429 3449 μαθητῶν.
1470 3378 1564 3429 καὶ
1602 3369 2014 3443 εὐχαριστοῦντα
2052 3368 2232 3428 αὐτοῖς

683 3471 824 3542 μετά
852 3471 912 3522 16
939 3468 1140 3522 λαϐεῖν.
1170 3467 1286 3519 Ἵνα
1309 3464 1414 3534 γάρ
1447 3463 1518 3532 μὴ
1543 3461 1671 3530 λέγῃ
1706 3475 1803 3520 τις,
1831 3457 1910 3508 ὅτι
1937 3455 2022 3507 διά
2047 3469 2233 3506 ταπει-

681 3540 1009 3628 νοφροσύνην
1041 3553 1368 3623 καταφεύγει
1396 3553 1484 3602 ἐπὶ
1509 3548 1604 3612 τὰς
1632 3544 1790 3615 εὐχάς
1822 3544 1927 3595 τῶν
1959 3540 2232 3611 μαθητῶν,

682 3645 950 3698 δείκνυσιν
987 3642 1162 3695 αὐτῶν
1192 3641 1282 3694 καὶ
1318 3638 1414 3708 τὴν
1442 3636 1687 3704 δύναμιν,
1719 3631 1858 3684 οὕτω
1884 3629 2053 3696 λέγων
2074 3643 2090 3658 ·
2132 3629 2234 3691 Ὃς

684 3733 753 3785 ἐκ
782 3729 1141 3796 τηλικούτων
1169 3726 1432 3780 θανάτων
1461 3723 1748 3790 ἐρρύσατο
1774 3713 1928 3785 ἡμᾶς
1951 3732 1964 3746 ο
1989 3713 2239 3780 ἠλπίκα-

681 3833 795 3888 μεν
835 3815 902 3868 δὲ
946 3814 1033 3866 ὅτι
1078 3811 1174 3866 καί
1208 3812 1484 3878 ῥύσεται.
1527 3802 2098 3870 συνυπουργούντων
2139 3797 2236 3850 καί

687 3883 852 3972 υμῶν
873 3899 946 3969 τῇ
970 3901 1172 3967 δεήσει
1199 3897 1346 3963 ὑπὲρ
1374 3893 1558 3962 ήμῶν,
1584 3893 1682 3944 ἵνα
1703 3890 1767 3942 τὸ
1793 3891 1877 3952 εἰς
1903 3885 2056 3972 ἡμᾶς
2079 3883 2241 3953 χάριν

689 3971 814 4059 σμα
841 3987 936 4040 διὰ
961 3983 1202 4039 πολλῶν
1230 3975 1628 4048 εὐχαριστηθῇ
1664 3975 1813 4041 ὑπὲρ
1841 3971 2025 4040 ἡμῶν.

760 4074 823 4126 Εἰ
868 4071 924 4124 δέ
964 4068 1171 4123 Παῦλον
1207 4065 1461 4119 κινδύνων
1497 4059 1794 4131 ἀπήλλαξεν
1831 4060 1864 4126 ή
1888 4056 1980 4110 τοῦ
2009 4054 2241 4125 πλήθους

691 4159 849 4228 εὐχή,
881 4155 997 4218 πῶς
1031 4156 1092 4207 οὐ
1139 4151 1344 4222 μεγάλα
1381 4149 1459 4201 δεῖ
1496 4145 1794 4218 προσδοκᾷν
1829 4142 1921 4195 καί
1957 4142 2103 4210 ἡμᾶς
2137 4138 2243 4192 61:6

691 4225 892 4314 ταύτης
933 4237 1311 4311 καρπώσεσθαι
1352 4236 1446 4302 τῆς
1481 4230 1836 4303 προστασίας;
1888 4226 2101 4296 Ἐπειδὴ
2135 4225 2242 4296 γάρ

696 4333 818 4388 καθ’
844 4312 1066 4391 ἐαυτοὺς
1095 4325 1369 4396 εὐχόμενοι
1398 4320 1639 4380 ἀσθενεῖς
1667 4319 1849 4385 ἐσμεν,
1879 4315 2006 4367 ὅταν
2032 4313 2087 4365 δέ
2119 4312 2242 4364 συλ-

696 4419 959 4489 λεγῶμεν,
995 4413 1197 4483 ἰσχυροὶ
1227 4407 1480 4478 γινόμεθα
1519 4403 1736 4475 μᾶλλον,
1770 4399 2117 4467 δυσωποῦμεν
2153 4397 2244 4450 τὸν

697 4483 826 4559 Θεύν
844 4483 928 4572 ⁷τῷ
955 4500 1145 4570 πλήθει
1173 4497 1264 4550 καὶ
1281 4497 1344 4565 τῇ
1367 4489 1667 4561 συμμαχίᾳ.
1693 4486 1843 4540 Οῦτω
1875 4485 1970 4538 καὶ
1998 4483 2244 4553 βασιλεὺς

697 4569 954 4653 πολλάκις
989 4569 1111 4639 τινὰ
1152 4579 1516 4654 παραπέμψας
1539 4575 1764 4642 θανάτῳ,
1798 4572 1877 4624 ἐνὶ
1905 4571 2000 4640 μέν
2026 4569 2122 4622 οὐκ
2147 4569 2246 4619 ἐπ⁸

699 4678 879 4732 ένευσε
905 4652 1139 4744 δεομένῳ
1163 4652 1284 4740 περὶ
1321 4667 1411 4718 τοῦ
1454 4658 1949 4720 καταδικασθέντος,
1995 4656 2144 4708 πόλιν
2188 4652 2245 4704 δὲ

699 4738 1433 4832 δλόκληροννπαρακαλοῦσαν
1467 4746 1804 4817 ἐδυσωπήθη,
1836 4744 1928 4796 καὶ
1951 4743 2037 4795 16v
2062 4741 2151 4792 ἐπὶ
2187 4738 2246 4790 16

703 4826 964 4923 βάραθρον
987 4826 1324 4912 ἀπαγόμενον
1351 4840 1435 4892 διὰ
1457 4839 1518 4890 16
1544 4835 1741 4906 πλῆθος
1757 4831 1862 4884 τῶν
1879 4826 2247 4899 παρακαλούν-

700 4915 808 4990 ἷιωύ
845 4915 1116 5003 ἐξήρπασε
1148 4929 1244 4998 τῆς
1282 4925 1594 4993 καταδίκης,
1622 4922 1713 4973 καὶ
1745 4918 1879 4989 1:96;
1905 4915 2045 4984 ζωὴν
2083 4915 2246 4966 ἐπαν-

703 5026 894 5093 ήγαγε.
911 5001 1154 5086 Τοσαύτη
1182 5018 1216 5085 ή
1243 5013 1465 5083 δύναμις
1496 5011 1590 5078 τῆς
1609 5007 1700 5059 τοῦ
1724 5005 1951 5093 πλήθους
1976 5001 2248 5070 ἰκετηρίας

861 5107 955 5158 Διά
985 5085 1254 5158 τοῦτοκαί
1278 5097 1505 5152 ἐνταῦθα
1528 5090 1888 5159 συλλεγόμεθα
1919 5088 2135 5149 πάντες,
2164 5085 2248 5137 ἵνα

709 5194 961 5266 μειζόνως
984 5196 1061 5253 εἰς
1085 5189 1259 5245 οἶκτον
1289 5181 1709 5252 ἐπισπασώμεθα
1738 5181 1824 5231 τὸν
1853 5177 2000 5229 Θεόν.
2035 5172 2249 5240 Ἐπειδὴ

706 5259 812 5350 γὰρ
828 5278 943 5332 καθ’
959 5279 1181 5338 ἑαυτοὺς
1197 5276 1492 5344 εὐχόμενοι,
1519 5267 1693 5328 καθὼς
1709 5266 1873 5333 ἔφθην
1891 5261 2076 5323 εἰπὼν,
2093 5259 2252 5310 ἀσθε-

707 5344 815 5430 νεῖς
831 5369 1010 5434 ἐσμεν,
1025 5363 1131 5415 ἀπὸ
1145 5362 1236 5413 τοῦ
1259 5361 1545 5424 συνδέσμου
1562 5355 1657 5424 τῆς
1678 5352 1889 5419 ἀγάπης
1905 5349 1960 5400 δυ
1970 5344 2250 5412 σωποῦμεν

712 5455 797 5507 16v
836 5431 962 5504 Θεὸν
1007 5448 1184 5501 δοῦναι
1221 5448 1348 5514 ἡμῖν
1389 5446 1457 5496 τὰ
1498 5441 1804 5509 αἰτούμενα.
1843 5433 2022 5487 Ταῦτα
2067 5432 2120 5483 δὲ
2155 5431 2251 5498 οὐχ

710 5538 893 5599 ἁπλῶς
925 5535 1092 5601 λέγω,
1133 5530 1248 5584 οὐδὲ
1287 5531 1351 5580 δι’
1393 5529 1620 5594 ἐμαυτὸν
1669 5526 1850 5594 μόνον,
1892 5521 2001 5572 ἀλλ’
2039 5519 2123 5568 ἵνα
2167 5516 2252 5567 ἀεὶ

713 5622 976 5689 σπεύδητε
1012 5620 1090 5680 είς
1112 5617 1206 5678 τὰς
1241 5611 1501 5675 συνάξεις,
1542 5613 1624 5662 ἴνα
1667 5612 1737 5678 μὴ
1776 5609 1987 5675 λέγητεο
2028 5605 2090 5655 Τί
2123 5603 2248 5668 γὰρ,

713 5713 770 5762 ἐν
799 5711 864 5777 τῇ
893 5706 1035 5773 οἰκία
1058 5705 1115 5755 οὐ
1138 5703 1362 5769 δύναμαι
1406 5696 1684 5760 εῦξασοαις
1714 5695 1940 5745 Λύνασαι
1975 5691 2070 5759 μὲν
2099 5689 2252 5750 εὐξα-

715 5776 859 5860 σθαι,
886 5793 948 5845 οὐ
980 5790 1240 5858 τοσαύτην
1272 5787 1326 5838 δὲ
1354 5785 1572 5853 δύναμιν
1612 5780 1720 5850 ἔχει
1758 5781 1789 5847 ἡ
1821 5778 1981 5846 εὐχὴ,
2023 5776 2092 5837 ὡς
2122 5776 2245 5825 ὅταν

1347 421 1406 474 S.
1444 409 1722 473 JOANNIS
1757 390 2228 462 ειιιιγεοετοω
2262 389 2575 449 ARCHIEP.
2611 384 3146 445 CONSTANTINOP.

3737 393 3866 449 182

2293 502 2432 572 μετά
2460 503 2567 556 τῶν
2607 501 2781 572 μελῶν
2806 499 2915 552 τῶν
2945 498 3157 552 οἰκείων
3191 494 3425 565 γίνηται,
3463 492 3536 554 ὡς
3570 492 3700 544 ὅταν
3729 489 3863 541 ὁλό-

2286 586 2482 656 κληρον
2521 586 2582 638 16
2624 584 2780 654 σῶμα
2820 583 2917 651 τῆς
2970 578 3288 650 Ἑκκλησίας
3339 574 3675 656 ὁμοθυμαδὸν
3719 573 3862 656 61.16:-

2288 650 2477 736 πέμπῃ
2507 666 2602 736 τὴν
2635 650 2816 734 δέησιν
2851 650 2949 733 μιᾷ
2979 663 3160 731 φωνῇ,
3195 657 3381 729 ίερέων
3413 655 3709 726 παρόντων,
3754 650 3861 705 καὶ

2015 771 2048 841 ἢ
2076 739 2194 830 ταές
2286 749 2384 809 τάς
2408 747 2569 817 εὐχὰς
2591 745 2684 800 τοῦ
2706 743 2884 798 κοινοῦ
2913 743 3147 813 πλήθους
3170 739 3563 810 ἀναφερόντων.

2361 888 2421 933 ε’.
2449 880 2636 933 Βούλει
2654 879 2840 949 μαθεῖν
2867 878 3006 948 πόση
3029 876 3172 930 ἐστὶν
3187 875 3220 945 ἡ
3235 873 3462 943 δύναμις
3479 871 3579 940 τῆς
3602 869 3773 939 εὐχῆς
3798 868 3862 921 ἐν

2294 966 2358 1032 τῇ
2394 962 2655 1033 ἐκκλησίᾳ
2686 960 3010 1031 γινομένης;
3051 957 3287 1012 Ἐδέδετο
3317 958 3346 1009 6
3378 954 3581 1025 Πέτρος
3617 951 3751 1004 ποτέ
3797 950 3862 1001 ἐν

2707 1043 2819 1112 ίῳ,-
2844 1043 2937 1112 καὶ
2989 1040 3229 1112 ἁλύσεις,
3262 1037 3565 1112 περιέκειῃ)
3626 1033 3862 1112 πολλάςο

2296 1063 2371 1114 τῳ
2417 1061 2788 1164 οεσμωτηριῳ,
2844 1061 2937 1095 και
2989 1061 3202 1102 αΑυσεις
3262 1061 3565 1108 περιεκειτο
3626 1061 3834 1094 πυιυιυις,

2296 1113 2607 1182 Προσευχὴ
2701 1112 2732 1164 ὲ
2778 1108 2857 1181 ἦν
2904 1108 3151 1174 έκτενὴς
3205 1106 3324 1162 ὑπὸ
3365 1105 3473 1172 τῆς
3491 1104 3865 1167 Ἐκκλησίας

2297 1196 2425 1262 περί
2471 1193 2655 1247 αὐτοῦ
2701 1191 2999 1262 γινομένη,
3035 1190 3133 1243 καί
3170 1188 3384 1252 εὐθέως
3425 1188 3609 1240 αὐτὸν
3657 1183 3865 1262 ἀπήλ-

2297 1261 2445 1339 λαξε
2469 1274 2573 1328 τοῦ
2603 1261 3019 1342 δεσμωτηρίου.
3048 1271 3114 1322 Τί
3135 1269 3310 1324 τοίνυν
3335 1266 3695 1335 δυνατώτερον
3721 1261 3867 1316 166-

2298 1375 2401 1427 της
2463 1357 2654 1425 γένοιτ’
2709 1356 2774 1409 ἀν
2823 1355 2922 1423 τῆς
2977 1354 3160 1423 εὐχῆς,
3211 1353 3246 1423 ἡ
3306 1352 3431 1412 τοὺς
3485 1348 3708 1410 στύλους
3764 1345 3868 1398 καὶ

2301 1439 2542 1507 πύργους
2575 1438 2673 1507 τῆς
2709 1435 3027 1505 Ἐκκλησίας
3055 1433 3335 1503 ὠφέλησις
3372 1430 3582 1492 Παῦλος
3622 1429 3729 1497 γάρ
3768 1427 3870 1479 καὶ

2302 1522 2502 1588 Πέτρος
2546 1519 2742 1589 πύργοι
2779 1519 2873 1572 καὶ
2910 1515 3088 1569 στῦλοι
3117 1515 3214 1584 τῆς
3257 1512 3593 1581 Ἐκκλησίας·
3637 1511 3733 1562 καὶ
3766 1507 3868 1561 τοῦ

2307 1602 2404 1671 μὲν
2434 1602 2501 1654 τά
2530 1601 2703 1670 δεσμά
2731 1599 2904 1662 ἔλυσε,
2927 1597 3022 1651 τοῦ
3049 1598 3107 1650 δέ
3126 1597 3185 1650 16
3209 1597 3380 1666 στόμα
3406 1593 3637 1662 ἀνέῳξεν
3661 1604 3710 1646 ι.
3744 1591 3870 1642 Ἵνα

2303 1685 2360 1738 δὲ
2392 1685 2466 1753 μὴ
2498 1683 2654 1752 μόνον
2689 1682 2796 1739 61:6
2821 1681 2927 1734 τῶν
2947 1680 3067 1734 τότε
3097 1679 3432 1749 συμϐάντων.
3472 1675 3604 1730 ἀλλά
3622 1675 3723 1726 καὶ
3755 1672 3872 1725 61:6

2304 1766 2410 1818 τῶν
2470 1764 2587 1817 καθ’
2632 1764 2863 1831 ἐκάστην
2909 1763 3240 1832 τελουμένων
3272 1760 3368 1830 τὴν
3409 1758 3637 1830 ἡμέραν.
3667 1755 3872 1821 διπλῆν

2306 1849 2404 1917 τὴν
2434 1847 2658 1916 δύναμιν
2699 1844 3051 1914 ἐπιδείξωμεν
3093 1842 3264 1916 [188],
3305 1843 3469 1912 αὐτῆς
3500 1842 3596 1911 τῆς
3626 1839 3731 1892 ὑπὸ
3771 1835 3873 1890 τοῦ

2308 1931 2476 2001 δήμου
2514 1929 2798 1999 γινομένης
2827 1928 2990 1996 εὐχῆς
3039 1927 3181 1997 ὑμᾶς
3224 1927 3637 1996 ἀναμνήσωμέν.
3670 1921 3874 1974 Καίτοι

2309 2029 2373 2080 γε
2416 2012 2469 2065 εί
2514 2028 2598 2073 τις
2638 2011 2743 2064 τῶν
2786 2008 2992 2063 πολλῶν
3032 2008 3183 2077 ὑμῶν
3218 2007 3247 2048 δ
3283 2005 3579 2070 ἐπιτάξειεν
3614 2003 3876 2072 εὐχεσθαι

2311 2092 2432 2147 καθ’
2463 2091 2650 2145 ἐαυτὸν
2679 2091 2818 2161 ὑπὲρ
2849 2091 2946 2160 τῆς
2968 2089 3062 2143 τοῦ
3089 2089 3383 2142 ἐπισκόπου
3417 2087 3709 2156 σωτηρίας,
3735 2084 3879 2136 ἐκα-

2315 2194 2438 2241 στος
2472 2177 2540 2229 ἆν
2564 2177 2976 2247 παραιτήσαιτο,
3003 2174 3078 2236 ὡς
3104 2173 3283 2242 μεῖζον
3309 2172 3370 2224 16
3405 2170 3616 2240 φορτίον
3640 2168 3742 2237 τῆς
3773 2167 3877 2218 αὐ·-

2311 2260 2406 2313 τοῦ
2438 2259 2714 2327 δυνάμεως
2740 2258 2818 2310 δν⁸
2842 2259 2993 2326 κοινῇ
3025 2256 3080 2308 δέ
3109 2255 3305 2316 πάντες
3323 2252 3604 2313 ἀκούοντες
3633 2248 3730 2302 τοῦ
3758 2250 3880 2301 δια-

2315 2342 2469 2395 κόνου
2527 2340 2683 2393 τοῦτο
2743 2337 3049 2400 κελεύοντος
3109 2336 3204 2389 καὶ
3252 2335 3524 2402 λέγοντος.
3569 2328 3880 2397 Δεηθῶμεν

2315 2424 2465 2490 ὑπὲρ
2512 2421 2618 2475 τοῦ
2668 2421 3022 2483 ἐπισκόπου,
3067 2418 3163 2472 καί
3207 2417 3312 2470 τοῦ
3361 2414 3571 2485 γήρως,
3617 2412 3719 2465 καί
3763 2410 3880 2476 τῆς

2318 2503 2688 2571 ἀντιλήψεως
2715 2513 2762 2564 ο,
2815 2500 2913 2554 καί
2948 2501 3048 2554 ἵνα
3087 2497 3373 2567 ὀρθοτομῇ
3409 2497 3514 2550 τὸν
3542 2497 3730 2561 λόγον
3770 2491 3882 2556 τῆς

2319 2587 2617 2652 ἀληθείας,
2666 2584 2764 2638 καί
2804 2582 2955 2650 ὑπὲρ
2995 2580 3111 2635 τῶν
3146 2579 3420 2640 ἐνταῦθα,
3447 2577 3541 2630 καί
3576 2575 3730 2642 ὑπὲρ
3759 2573 3881 2626 τῶν

2320 2667 2685 2734 ἁπανταχοῦ,
2729 2665 2790 2718 οὐ
2850 2661 3197 2732 παραιτεῖσθε
3255 2663 3422 2713 ποιεῖν
3459 2659 3520 2712 16
3571 2658 3878 2726 ἐπίταγμα,

2323 2751 2455 2803 ἀλλά
2491 2752 2604 2819 μετ’
2631 2749 2900 2810 ἐκτενείας
2921 2746 3218 2814 ἀναφέρετε
3242 2744 3338 2811 τὴν
3362 2742 3541 2811 εὐχήν,
3565 2739 3763 2800 εἰδότες
3781 2741 3881 2806 τῆς

2324 2834 2590 2904 ὑμετέρας
2618 2832 2831 2884 συνόδου
2866 2829 2966 2899 τήν
3001 2829 3243 2897 δύναμιν.
3271 2827 3473 2878 ’ἰσασιν
3502 2824 3550 2875 οἰ
3589 2820 3880 2904 μεμυημέο

2323 2902 2401 2969 νοι
2442 2902 2510 2967 τά
2559 2914 2840 2982 λεγόμενα·
2881 2915 2946 2981 τῇ
2994 2910 3102 2978 γάρ
3143 2909 3274 2978 εὐχῇ
3317 2907 3424 2959 τῶν
3461 2902 3882 2982 κατηχουμένων

2324 2996 2530 3048 οὐδέπω
2556 2981 2711 3046 τοῦτο
2736 2992 3144 3062 ἐπιτέτραπται,
3167 2987 3353 3058 ἐπειδὴ
3377 2986 3585 3040 οὐδέπω
3613 2985 3753 3054 πρὸς
3781 2981 3881 3052 τὴν

2325 3077 2632 3148 παρρησίαν
2685 3075 2920 3143 ἔφθασαν
2965 3072 3185 3138 ταύτηνο
3227 3070 3353 3139 ὑμῖν
3393 3068 3447 3120 δέ
3490 3069 3582 3120 καὶ
3613 3067 3755 3136 ὑπὲρ
3782 3065 3884 3134 τῆς

2326 3161 2663 3228 οἰκουμένης,
2699 3157 2790 3210 καὶ
2816 3153 2955 3224 ὑπὲρ
2980 3155 3078 3224 τῆς
3110 3151 3429 3222 Ἐκκλησίας
3454 3151 3551 3220 τῆς
3586 3149 3746 3219 μέχρι
3781 3163 3882 3199 πε-

2331 3243 2503 3312 ράτων
2524 3240 2623 3308 τῆς
2655 3239 2757 3308 γῆς
2791 3236 3171 3307 ἐκτεταμένης,
3194 3234 3287 3288 καὶ
3317 3233 3454 3302 ὑπὲρ
3478 3233 3584 3285 τῶν
3621 3232 3885 3285 διοικούνο

2328 3341 2434 3377 των
2461 3321 2628 3390 αὐτὴν
2652 3319 2962 3373 ἐπισκόπων
2993 3318 3242 3372 ἁπάντων
3267 3314 3688 3386 παρακελεύεται
3712 3315 3884 3366 ποιεῖ-

2332 3407 2454 3459 σθαι
2486 3405 2584 3467 τάς
2612 3405 2820 3473 δεήσεις
2848 3405 2876 3456 6
2905 3402 3128 3464 ταύταις
3153 3399 3428 3462 διακονῶν,
3459 3398 3552 3452 καί
3583 3396 3885 3450 ὑπακούετε

2335 3489 2469 3558 μετά
2489 3487 2811 3558 προθυμίας,
2835 3486 2978 3555 ἔργῳ
3011 3485 3425 3556 μαρτυροῦντες,
3452 3482 3532 3534 ὅτι
3559 3479 3767 3550 μεγάλη
3787 3479 3886 3548 τῆς

2333 3569 2494 3638 εὐχῆς
2543 3570 2577 3636 ή
2621 3567 2846 3636 δύναμις
2883 3569 2982 3636 τῆς
3029 3566 3086 3618 ἐν
3134 3564 3393 3634 ἐκκλησίᾳ
3428 3563 3535 3615 61:6
3573 3562 3666 3615 τοῦ
3712 3561 3886 3630 δήμου

2335 3648 2630 3720 συμφώνως
2681 3647 3086 3717 ἀναφερομένης
3137 3646 3300 3700 ἐστίν.
3336 3643 3494 3697 Ἀλλά
3537 3641 3646 3713 γάρ
3693 3642 3787 3694 ἐπὶ
3827 3641 3890 3694 16

2335 3731 2685 3801 προκείμενον
2714 3729 3038 3798 ἐπανίωμεν,
3068 3730 3147 3781 δτι
3178 3727 3272 3798 μία
3297 3727 3444 3796 φωνὴ
3473 3721 3538 3795 ἧν
3559 3726 3616 3777 16
3639 3724 3884 3778 παλαιόν.

2337 3813 2504 3866 Πόθεν
2531 3810 2621 3864 06v
2650 3811 2824 3880 δῆλον,
2851 3811 2933 3863 ὅτι
2973 3809 3069 3879 μία
3101 3809 3250 3878 φωνή
3275 3804 3371 3878 ῆν;
3407 3807 3514 3861 Καὶ
3545 3801 3624 3875 ἦν
3649 3805 3818 3859 πᾶσα
3847 3807 3886 3873 ἡ

2337 3896 2433 3965 m",
2462 3895 2611 3963 φησὶ,
2654 3892 2851 3960 χεῖλος
2880 3891 2966 3944 ἒν.
3013 3891 3241 3959 ’Δσαφές
3272 3890 3332 3942 16
3360 3889 3662 3959 εἰρημένον.
3708 3888 3771 3940 Ἦ
3816 3886 3887 3956 τῆ

2337 3977 2508 4049 χεῖλος
2539 3976 2682 4046 ἔχεις
2726 3973 3003 4042 Οὐδαμῶς.
3035 3973 3098 4025 Τί
3133 3969 3225 4025 οὖν
3255 3988 3405 4040 φησι,
3437 3969 3530 4025 καὶ
3559 3971 3685 4040 περὶ
3711 3969 3888 4032 τίνος;

2339 4060 2412 4112 Οὐ
2455 4057 2583 4128 περί
2622 4056 2820 4126 ταύτης
2848 4055 2993 4121 λέγει
3034 4055 3132 4124 τῆς
3167 4053 3268 4122 γῆς
3294 4053 3390 4122 τῆς
3420 4051 3762 4121 ἀναισθήτου,
3794 4051 3892 4119 τῆς

2340 4140 2611 4209 ἀκινήτουο
2641 4137 2775 4190 ἀλλά
2796 4138 2857 4188 16
2882 4135 3056 4188 κοινὸν
3077 4134 3185 4187 τῶν
3213 4133 3309 4187 ἀνθ
3319 4133 3509 4204 ρώπων
3536 4132 3689 4200 γένος
3717 4131 3893 4193 οὕτως

2341 4219 2582 4283 ἐκάλεσε,
2616 4220 2714 4289 τῆς
2743 4218 2944 4279 οἰκείας
2981 4215 3173 4278 αὐτοὺς
3206 4214 3626 4283 ἀναμιμνήσκων
3657 4211 3890 4280 φύσεως,

2341 4303 2437 4371 τῆς
2483 4300 2684 4371 μητρὸς
2729 4302 2807 4362 εἰς
2838 4299 3137 4367 ὑπόμνησιν
3176 4299 3340 4364 ἄγων,
3364 4295 3482 4349 δθεν
3513 4294 3776 4362 ἐγένοντο.
3804 4295 3892 4346 Δι-

2342 4382 2506 4435 πλοῦν
2535 4384 2640 4452 γάρ
2665 4381 2821 4433 τοῦτο
2845 4380 2905 4432 16
2939 4379 3094 4443 ζῶον,
3122 4380 3150 4430 6
3178 4377 3474 4445 ἄνθρωπος,
3514 4375 3674 4440 λέγω,
3708 4376 3772 4426 ἐκ
3803 4373 3893 4424 6:20

2345 4465 2694 4532 συγκείμενος
2735 4462 2950 4525 οὐσιῶν,
2989 4459 3085 4528 τῆς
3115 4460 3210 4527 μὲν
3247 4459 3522 4527 αἰσθητῆς,
3559 4461 3655 4526 τῆς
3685 4457 3742 4509 δέ
3767 4473 3890 4524 νοη-

2341 4546 2459 4615 τῆς,
2505 4546 2698 4613 ψυχῆς,
2741 4543 2900 4608 λέγω,
2937 4541 3030 4594 καὶ
3069 4539 3332 4608 σώματος,
3360 4539 3451 4591 καὶ
3480 4541 3536 4590 ἐν
3561 4536 3774 4606 οὐρανῷ
3802 4536 3894 4588 καὶ

2343 4631 2399 4681 ἐν
2435 4629 2504 4695 γῇ
2541 4625 2851 4692 συγγένειαν
2879 4624 3031 4690 έχων.
3068 4621 3163 4673 Διά
3191 4623 3286 4690 μὲν
3311 4621 3419 4690 γὰρ
3450 4623 3548 4691 τῆς
3577 4619 3770 4688 νοητῆς
3802 4618 3892 4671 οὐ·

2344 4709 2462 4769 σίας
2491 4709 2730 4760 κοινωνεῖ
2754 4708 2868 4766 ταῖς
2895 4707 3003 4758 ἀνω
3024 4703 3303 4773 δυνάμεσι,
3323 4703 3408 4755 διὰ
3435 4703 3491 4755 δὲ
3515 4702 3614 4769 τῆς
3633 4700 3890 4770 αἰσθητῆς

2344 4792 2455 4853 τοῖς
2492 4789 2591 4857 τῆς
2629 4789 2729 4856 γῆς
2769 4786 3031 4855 συνῆπται
3060 4785 3362 4853 πράγμασι,
3390 4783 3677 4852 σύνδεσμός
3708 4799 3793 4844 τις
3821 4780 3893 4832 ῶν

2345 4871 2570 4941 ἀκριϐὴς
2596 4870 2852 4938 ἑκατέρας
2877 4868 2975 4935 τῆς
2997 4866 3413 4928 κτίσεως.”οταν
3451 4865 3546 4933 μὲν
3570 4860 3661 4917 οὖν
3683 4863 3893 4932 πράττῃ

2344 4971 2398 5007 τι
2430 4953 2534 5006 τῶν
2568 4953 2645 5022 τῷ
2673 4951 2791 5020 Θεῷ
2819 4949 3132 5006 δοκούντων.
3162 4947 3520 5016 πνευματικὸς
3545 4945 3777 5013 λέγεται,
3805 4943 3894 4996 καὶ

2347 5036 2464 5088 ούδέ
2495 5035 2600 5087 ἀπὸ
2626 5035 2722 5103 τῆς
2745 5033 2917 5102 ψυχῆς
2936 5029 3273 5097 ὀνομάζεται,
3299 5025 3413 5081 ἀλλ’
3442 5028 3532 5094 ἀφ’
3561 5025 3751 5094 ἐτέρας
3783 5025 3895 5092 μεί-

2349 5118 2497 5181 ζονος
2523 5115 2706 5184 τιμῆς,
2736 5116 2840 5167 ἀπὸ
2866 5115 2963 5182 τῆς
2989 5111 3080 5165 τοῦ
3104 5112 3415 5180 Πνεύματος
3444 5108 3737 5178 ἐνεργείας.
3764 5107 3895 5160 Οὐδέ

2349 5199 2455 5268 γὰρ
2495 5198 2652 5267 ἀρκεῖ
2695 5198 2727 5264 ή
2767 5195 2907 5262 ψυχὴ
2950 5194 3078 5261 ἡμῖν
3124 5196 3202 5253 εἰς
3239 5189 3648 5259 κατορθώματα,
3684 5189 3778 5239 ἐάν
3824 5189 3889 5254 μή

2349 5279 2737 5346 ἀπολαύσωμεν
2764 5276 2858 5342 τῆς
2884 5268 3130 5343 βοηθείας
3158 5273 3386 5340 ἐκείνης.
3417 5273 3525 5324 Καὶ
3554 5272 3638 5322 ἶνα
3669 5269 3888 5336 μάθητε.

2350 5363 2449 5423 ὅτι,
2482 5361 2597 5412 οὐδὲ
2630 5366 2659 5428 ἡ
2702 5356 2845 5425 ψυχὴ
2880 5356 3037 5424 ἀρκεῖ
3074 5356 3202 5423 ἡμῖν
3242 5357 3319 5414 εἰς
3358 5351 3765 5420 κατορθώματα·
3808 5349 3892 5401 καὶ

2408 5539 2431 5566 ⁸
2459 5535 2588 5582 Colb.
2608 5535 2817 5594 ὴνέῳξεν.

2408 5582 2749 5671 64111191111161:
2784 5608 2870 5637 τινι
2910 5594 3047 5651 putat
3091 5588 3238 5636 Savil.
3279 5586 3382 5648 Ego
3421 5585 3590 5645 tegere
3628 5582 3786 5630 maiim
3810 5582 3895 5626 τᾶν

2349 5662 2532 5706 πολλῶν
2550 5662 2573 5700 1"
2617 5662 2671 5700 ῐν.

2415 5724 2433 5747 ε
2469 5674 2651 5764 Βοιέίίις
2693 5712 2954 5771 legendum
2993 5711 3180 5771 conjicil
3199 5707 3277 5753 καὶ
3301 5706 3382 5755 τοῦ
3415 5706 3587 5766 κλήρου
3610 5703 3788 5757 καὶτῆς
3818 5697 3894 5746 τοῦ

2358 5779 2620 5839 Πνεύματος
2639 5774 2939 5833 ἀντιλήψεως.
