4144 6472
296 434 403 490 181

282 534 499 607 quando
542 534 599 587 in
642 530 839 586 multas
878 528 1045 584 divisa
1087 524 1248 581 fuerit
1293 540 1308 579 :
1345 532 1400 579 et
1428 537 1553 577 num
1582 521 1672 574 illa
1697 518 1872 574 deleta

286 626 482 689 fuerit,
531 630 695 692 atque
731 621 849 675 aliae
882 616 1231 681 introductae,
1262 628 1327 668 an
1353 627 1481 669 vero
1509 617 1755 665 manente
1784 608 1874 663 illa

283 717 507 785 reliquae
534 715 643 769 sint
674 712 986 767 introducta:
1009 728 1023 765 :
1048 724 1212 780 quare
1230 705 1447 762 confusa
1473 704 1664 767 fuerit,
1693 708 1747 756 et
1770 713 1873 769 qua

285 809 356 864 de
382 822 541 862 causa
577 824 590 859 :
619 805 815 861 deinde
839 817 1065 874 quanam
1096 816 1160 856 ex
1185 800 1363 855 multis
1387 798 1534 851 hisce
1559 793 1749 864 linguis
1772 792 1877 845 Ve-

287 906 375 955 tus
425 898 826 953 Testamentum
880 892 1241 962 conscriptum
1301 888 1459 943 fuerit
1508 905 1523 941 :
1568 888 1685 954 ejus
1730 883 1873 939 enim

285 990 458 1061 gratia
497 990 567 1045 de
594 989 677 1041 bis
704 987 948 1042 omnibus
974 998 1275 1040 sermonem
1307 980 1628 1035 instituimus
1652 993 1665 1041 ;
1693 986 1871 1029 utrum

285 1085 379 1138 illa
412 1083 695 1153 antiquiori
721 1096 783 1136 ac
806 1080 966 1151 priori
988 1121 1003 1146 ,
1035 1094 1101 1132 an
1127 1090 1259 1131 vero
1279 1076 1382 1129 illis
1406 1088 1524 1142 quae
1546 1082 1726 1139 postea
1749 1076 1873 1122 sunt

286 1177 536 1229 invecuc.
563 1173 669 1229 Sed
689 1172 849 1227 nolite
875 1172 1063 1226 timere
1092 1186 1106 1223 :
1138 1167 1378 1236 quamvis
1401 1165 1541 1220 enim
1562 1162 1723 1217 hodie
1743 1177 1875 1215 eun-

282 1275 369 1320 cta
396 1264 624 1320 reddere
650 1278 753 1318 non
781 1264 1064 1332 possimus,
1094 1258 1313 1315 omnino
1341 1264 1517 1310 tamen
1544 1253 1693 1308 vobis
1724 1260 1873 1321 post-

284 1370 347 1411 ea
376 1354 681 1411 reddemus.
708 1353 815 1408 Cur
842 1352 1001 1422 igitur
1038 1366 1161 1404 eum
1204 1347 1364 1402 hodie
1402 1355 1590 1400 cuncta
1616 1341 1871 1398 reddituri

289 1460 395 1503 non
437 1461 677 1503 essemus
696 1485 712 1510 ,
740 1446 975 1499 omnium
1001 1442 1154 1497 vobis
1176 1440 1474 1496 debitorum
1504 1444 1872 1506 argumentum

288 1536 670 1593 recitavimus?
697 1534 765 1589 Ut
792 1533 1197 1588 retributionem
1227 1537 1593 1597 exspectantes
1612 1538 1710 1578 nos
1731 1537 1873 1576 sem-

285 1641 385 1699 per
410 1635 587 1683 mente
617 1625 856 1680 versetis.
889 1623 1019 1677 Nam
1058 1622 1147 1692 qui
1193 1618 1442 1690 pecunias
1478 1615 1632 1670 alicui
1660 1623 1869 1667 mutua-

284 1729 373 1773 tus
411 1728 495 1773 est
518 1758 533 1782 ,
579 1726 632 1773 et
669 1715 956 1771 obnoxium
1001 1712 1165 1766 habet
1212 1709 1546 1772 debitorem,
1574 1705 1626 1757 in
1654 1718 1869 1768 mensa,

290 1811 343 1864 in
388 1808 625 1872 adibus,
673 1807 726 1861 in
773 1804 990 1869 foro,in
1045 1803 1218 1864 lecto,
1245 1809 1299 1854 et
1326 1799 1519 1867 ubique
1548 1798 1780 1850 locorum
1806 1793 1873 1847 de

286 1914 386 1952 suo
432 1897 673 1952 debitore
715 1895 937 1963 vigilans
976 1892 1173 1961 cogitat
1199 1901 1254 1945 et
1279 1890 1331 1943 in
1357 1886 1558 1942 somnis
1588 1904 1603 1940 :
1634 1894 1685 1939 et
1715 1899 1874 1955 pecu-

288 1990 499 2043 niarum
540 2000 690 2039 amor
730 1983 925 2047 efticit,
969 1990 1027 2035 ut
1070 1981 1159 2034 ille
1184 1994 1304 2034 cum
1335 1976 1565 2047 pecuniis
1592 1974 1872 2031 creditoris

288 2076 342 2132 lu
381 2078 556 2130 anima
594 2072 1016 2129 circumferetur.
1048 2072 1117 2126 Ut
1144 2071 1299 2140 igitur
1328 2083 1427 2123 nos
1454 2082 1662 2137 quoque
1689 2064 1870 2119 reddi-

290 2168 448 2223 tionis
489 2182 583 2237 spe
621 2181 831 2235 semper
872 2166 926 2221 in
963 2164 1158 2218 vestris
1187 2161 1453 2217 mentibus
1480 2173 1783 2221 versemur,
1816 2157 1868 2210 in

288 2259 491 2315 aedibus
511 2297 526 2321 ,
577 2258 627 2312 in
669 2257 783 2311 foro
803 2298 817 2322 ,
848 2265 904 2311 et
940 2255 1259 2324 ubicumque
1284 2252 1522 2317 fueritis,
1552 2250 1750 2303 idcirco
1774 2249 1871 2302 de-

284 2349 398 2405 bita
423 2348 637 2419 quidem
666 2348 815 2401 vobis
841 2345 1262 2416 spopondimus,
1293 2343 1448 2397 hodie
1474 2357 1601 2396 vero
1627 2356 1731 2394 non
1755 2355 1873 2394 om-

288 2439 376 2496 nia
418 2440 819 2510 persolvemus,
871 2446 927 2491 ut
970 2452 1157 2493 eorum
1184 2476 1199 2501 ,
1245 2451 1363 2505 qua:
1392 2433 1600 2487 residua
1634 2431 1867 2497 fuerint,

285 2530 735 2600 exspectationem
762 2528 908 2583 vobis
940 2537 1210 2596 tamquam
1237 2525 1505 2580 memoria:
1527 2523 1691 2577 nostri
1711 2536 1869 2577 occa-

285 2622 492 2677 sionem
528 2623 908 2691 relinquamus.
940 2620 1064 2675 Htec
1090 2620 1229 2675 enim
1258 2633 1442 2687 magna
1472 2626 1552 2670 est
1582 2626 1757 2671 nostra
1786 2628 1868 2669 sc-

285 2716 485 2769 curius
505 2756 519 2778 ,
547 2724 603 2768 ut
624 2715 843 2767 caritate
864 2722 1037 2768 vestra
1066 2720 1321 2782 perpetuo
1347 2712 1583 2764 fruamur
1605 2750 1620 2775 ,
1652 2708 1743 2763 tali
1774 2722 1867 2777 po-

284 2806 413 2876 pulo
454 2820 516 2860 ac
564 2813 734 2859 tanto.
783 2804 913 2858 Nam
960 2805 1049 2873 qui
1095 2804 1288 2858 fruitur
1329 2803 1575 2865 caritate,
1622 2800 1868 2868 precibus

288 2899 453 2951 etiam
479 2896 696 2947 omnino
725 2894 942 2947 fruetur.
970 2895 1081 2947 Hoc
1107 2908 1236 2947 vero
1259 2900 1509 2961 quantum
1537 2890 1605 2942 sit
1633 2890 1829 2942 bonum
1849 2929 1864 2952 ,

283 2986 555 3040 indelicet
577 2984 846 3054 colligere.
871 2983 1065 3038 Paulus
1092 2983 1208 3047 ille,
1239 2982 1327 3049 qui
1358 2980 1568 3035 tertium
1600 2980 1650 3033 in
1678 2979 1866 3033 emtum

283 3087 470 3146 raptus
498 3076 695 3139 fuerat,
720 3076 807 3145 qui
830 3075 1104 3129 audiverat
1126 3088 1318 3128 arcana
1345 3072 1503 3126 verba
1522 3112 1538 3136 ,
1566 3070 1652 3141 qui
1680 3084 1868 3124 omnes

284 3178 490 3222 natura:
527 3168 871 3221 necessitates
901 3167 1212 3233 subegerat,
1244 3165 1332 3232 qui
1361 3163 1588 3233 perfecta
1618 3162 1867 3229 deinceps

284 3260 338 3312 in
384 3259 668 3313 securitate
714 3256 1089 3326 permanebat,
1119 3255 1367 3327 precibus
1392 3255 1549 3308 etiam
1576 3252 1867 3322 discipulo-

284 3367 404 3405 rum
449 3350 753 3416 indigebat,
794 3365 856 3404 ac
878 3349 1090 3403 dicebat
1122 3366 1135 3402 :
1168 3347 1321 3402 Orate
1346 3362 1438 3416 pro
1466 3362 1545 3399 me
1564 3386 1580 3411 ,
1608 3355 1660 3397 ut
1688 3346 1866 3398 liberer

281 3444 346 3497 ab
367 3443 652 3511 inﬁdelibus
678 3442 851 3514 (Rom.
883 3441 971 3495 15.
1013 3441 1101 3496 30.
1130 3441 1223 3509 5i)
1248 3458 1262 3504 ;
1292 3450 1345 3493 et
1375 3452 1555 3492 rursus
1584 3454 1598 3488 :
1634 3437 1787 3490 Orate
1811 3446 1864 3489 ut

281 3536 431 3589 detur
460 3535 584 3587 milii
619 3550 778 3588 sermo
812 3536 863 3587 in
886 3539 1142 3603 apertione
1168 3534 1270 3587 oris
1296 3533 1391 3585 mei
1416 3531 1632 3601 (Eplies.
1663 3532 1717 3587 (ἲ.
1749 3531 1861 3600 19).

282 3627 351 3681 Et
379 3627 574 3696 ubique
593 3625 781 3680 videtis
810 3628 980 3695 ipsum
1006 3636 1061 3680 et
1085 3624 1462 3693 discipulorum
1486 3623 1751 3677 orationes
1773 3636 1865 3689 po-

281 3715 515 3780 stulare,
561 3724 615 3770 et
653 3731 773 3779 cum
812 3716 1129 3782 obtinuerit,
1170 3715 1367 3785 gratias
1394 3713 1496 3767 illis
1523 3728 1701 3782 agere.
1730 3712 1859 3766 Nam

282 3824 352 3863 ne
390 3807 531 3863 forte
573 3806 713 3861 dicat
749 3806 940 3875 aliquis
984 3821 1105 3860 eum
1147 3820 1256 3874 prae
1287 3804 1445 3857 nimia
1478 3803 1773 3857 humilitate
1793 3802 1861 3855 ad

280 3898 664 3967 discipulorum
725 3911 911 3965 preces
966 3895 1250 3964 confugere
1277 3936 1292 3959 ,
1345 3895 1594 3947 virtutem
1653 3892 1859 3947 illarum

280 3988 520 4043 ostendit
543 4029 558 4054 ,
584 4003 704 4041 cum
734 3986 803 4040 ita
831 3986 1069 4055 loquitur
1092 4002 1104 4037 :
1132 3986 1229 4051 Qui
1254 3986 1318 4039 de
1343 3986 1493 4037 tantis
1512 3986 1750 4037 mortibus
1771 4000 1863 4038 nos

280 4079 468 4146 eripuit
489 4092 504 4138 ;
528 4092 788 4145 speramus
815 4086 1014 4139 autem,
1046 4077 1279 4145 quoniam
1304 4083 1350 4127 et
1378 4074 1545 4125 adhuc
1569 4074 1741 4142 eripiet
1763 4075 1860 4126 ad-

278 4166 570 4237 ;Iteantibus
594 4176 641 4219 et
680 4166 814 4219 vobis
847 4166 901 4219 in
926 4166 1149 4219 oratione
1167 4181 1259 4235 pro
1286 4165 1450 4229 nobis,
1476 4173 1531 4217 ut
1549 4164 1609 4216 ob
1634 4164 1862 4216 donatio-

278 4276 396 4314 nem
419 4300 435 4321 ,
478 4274 589 4328 qua:
630 4258 682 4310 in
721 4258 860 4311 nobis
902 4266 1011 4321 est,
1058 4272 1147 4324 per
1186 4256 1367 4309 multos
1398 4254 1577 4325 gratia:
1602 4270 1694 4323 pro
1721 4254 1860 4306 nobis

278 4358 501 4420 agantur
526 4346 601 4419 (2.
634 4346 751 4400 Cor.
784 4347 834 4400 1.
862 4346 948 4401 10.
981 4344 1094 4415 11).

355 4439 537 4492 Oratio
566 4438 898 4491 multitudinis
916 4446 1159 4507 quantum
1186 4436 1366 4490 valeat.
1386 4464 1457 4475 —
1477 4434 1628 4501 Quod
1654 4435 1698 4489 si
1720 4435 1861 4488 Pau-

279 4532 396 4585 lum
436 4545 464 4583 a
512 4530 760 4600 periculis
806 4530 975 4585 oratio
1000 4528 1354 4583 multitudinis
1378 4527 1655 4590 liberavit,
1684 4540 1859 4580 annon

277 4622 444 4676 etiam
486 4635 515 4674 a
558 4620 710 4674 nobis
737 4619 1029 4690 exspectari
1058 4634 1155 4689 par
1181 4626 1294 4684 est,
1325 4627 1382 4671 ut
1411 4632 1475 4671 ex
1503 4616 1602 4671 hoc
1627 4616 1861 4670 subsidio

276 4729 474 4783 magna
498 4712 773 4768 commoda
798 4711 1225 4781 consequamur?
1246 4709 1375 4763 Cum
1404 4710 1545 4764 enim
1576 4708 1765 4762 infirmi
1788 4708 1861 4761 si-

278 4823 405 4863 mus
425 4850 441 4875 ,
487 4807 610 4863 dum
640 4808 738 4862 soli
776 4822 1073 4877 precamur,
1103 4806 1192 4860 ubi
1213 4821 1340 4860 vero
1365 4805 1668 4874 congregati
1697 4802 1861 4857 fueri-

277 4914 407 4955 mus
438 4940 453 4963 ,
514 4898 836 4953 robustiores
865 4939 880 4963 ,
933 4896 1269 4951 multitudine
1320 4910 1383 4950 ac
1428 4896 1681 4949 societate
1730 4893 1856 4948 inita

278 4994 453 5047 Deum
484 5006 780 5045 exoramus.
807 4988 895 5045 Sic
914 4991 1073 5045 etiam
1104 5004 1198 5044 rex
1224 5003 1367 5057 saepe
1395 5002 1515 5042 cum
1539 4988 1765 5057 aliquem
1791 4986 1857 5041 ad

278 5092 515 5139 mortem
554 5083 848 5150 damnarit,
896 5082 985 5136 uni
1022 5081 1235 5152 quidem
1280 5081 1449 5134 oranti
1488 5094 1585 5149 pro
1610 5080 1858 5133 damnato

278 5189 394 5229 non
442 5173 657 5237 annuit,
705 5173 771 5227 ab
817 5174 1018 5242 integra
1044 5186 1172 5226 vero
1196 5170 1407 5225 civitate
1436 5170 1755 5238 deprecante
1782 5168 1859 5222 fa-

277 5265 395 5318 cile
437 5273 680 5317 exoratur
704 5302 720 5328 ,
758 5277 987 5331 eumque
1023 5262 1113 5331 qui
1140 5260 1206 5315 ad
1232 5261 1536 5314 barathrum
1564 5259 1861 5314 abduceba-

279 5366 395 5416 tur,
422 5354 489 5409 ob
509 5354 906 5423 deprecatorem
934 5353 1322 5408 multitudinem
1344 5354 1605 5423 supplicio
1634 5351 1854 5418 eximit,

278 5459 447 5517 atque
476 5447 538 5501 ad
569 5447 726 5501 vitam
757 5447 980 5501 reducit.
1012 5446 1180 5501 Tanta
1202 5447 1283 5500 vis
1302 5454 1384 5499 est
1405 5443 1663 5498 orationis
1682 5442 1859 5496 multi-

281 5541 505 5596 tudinis.
548 5540 752 5595 Idcirco
789 5539 947 5594 etiam
986 5538 1284 5609 eolligimur
1311 5547 1364 5591 et
1389 5536 1732 5591 convenimus
1757 5536 1859 5589 huc

279 5645 471 5686 omnes
493 5672 507 5694 ,
561 5639 615 5684 ut
643 5628 1007 5684 vehementius
1041 5629 1206 5682 Deum
1232 5627 1299 5680 ad
1329 5624 1740 5679 misericordiam
1764 5624 1859 5678 tle-

274 5732 503 5777 etamus.
537 5719 667 5775 Nam
697 5736 818 5776 cum
840 5727 1052 5773 orantes
1072 5718 1202 5785 soli,
1228 5726 1285 5771 ut
1304 5725 1425 5770 ante
1450 5715 1557 5769 dixi
1582 5756 1596 5777 ,
1618 5715 1853 5769 imbecil-

275 5814 360 5868 les
398 5814 565 5869 simus
587 5853 603 5878 ,
647 5827 742 5882 per
765 5811 1190 5879 coniunctionem
1215 5810 1449 5865 caritatis
1474 5808 1637 5863 Deum
1668 5822 1853 5862 exora-

1267 409 1353 466 οε
1392 403 1924 465 PROI’HETIARUM
1952 402 2443 461 OBSCURITATE.
2486 403 2550 460 ιι.

3449 404 3562 458 182

1977 532 2130 583 mus,
2173 526 2231 571 ut
2267 518 2418 571 nobis
2446 517 2707 587 postulata
2732 515 3011 572 concedat.
3044 515 3168 570 Haec
3187 528 3315 570 vero
3344 528 3449 568 non
3473 522 3555 569 te-

1975 620 2124 661 mere
2149 622 2179 661 a
2205 624 2291 662 me
2320 608 2661 676 proferuntur
2681 649 2694 672 ,
2720 622 2891 677 neque
2923 615 3137 676 propter
3161 607 3415 673 meipsum
3438 612 3555 657 tan.

1976 706 2088 751 tum
2114 740 2129 765 ,
2171 699 2263 753 sed
2310 709 2366 752 ut
2392 714 2605 768 semper
2624 701 2690 753 ad
2719 700 2967 754 collectas
2989 698 3281 767 properetis
3305 738 3320 761 ,
3347 712 3443 752 nec
3466 697 3554 751 di-

1975 789 2108 842 catis
2154 802 2168 843 :
2216 791 2405 844 Annon
2450 790 2593 845 enim
2641 806 2797 845 orare
2836 790 2977 845 domi
3018 788 3281 858 possum?
3311 788 3466 843 Potes
3498 798 3552 843 tu

1975 881 2187 951 quidem
2211 897 2365 937 orare
2387 923 2402 948 ,
2431 882 2525 937 sed
2556 890 2752 936 tantam
2781 881 3027 936 virtutem
3054 894 3158 934 non
3181 880 3338 933 habet
3358 879 3551 944 oratio,

1974 986 2131 1040 quam
2158 972 2243 1025 ubi
2266 987 2386 1025 cum
2418 972 2643 1042 propriis
2668 972 2920 1025 membris
2942 970 3000 1024 fit
3018 1011 3033 1037 ,
3056 984 3211 1039 quam
3237 984 3356 1024 eum
3382 977 3550 1022 totum

1974 1076 2166 1130 corpus
2209 1062 2459 1117 Ecclesia:
2501 1062 2822 1117 unanimiter
2858 1070 2912 1115 et
2939 1076 3039 1114 una
3063 1074 3191 1114 voce
3217 1074 3401 1129 preces
3427 1059 3550 1113 fun-

1975 1151 2093 1216 dit,
2142 1152 2501 1206 sacerdotibus
2544 1150 2925 1221 przesentibus,
2965 1166 3029 1205 ac
3067 1150 3228 1207 verba
3254 1150 3551 1205 communis

1975 1252 2143 1296 cmtus
2165 1242 2530 1297 offerentibus.

2044 1333 2096 1387 5.
2130 1333 2288 1387 Visne
2312 1334 2517 1387 discere
2542 1341 2735 1402 quanta
2763 1332 2832 1386 sit
2855 1332 3021 1385 virtus
3047 1332 3320 1395 orationis,
3342 1347 3459 1399 qua:
3488 1331 3540 1385 in

1973 1422 2193 1477 ecclesia
2240 1424 2332 1476 tit?
2359 1423 2575 1476 Vinctus
2618 1431 2733 1476 erat
2783 1421 3067 1490 aliquando
3093 1422 3278 1475 Petrus
3324 1422 3376 1475 in
3424 1437 3545 1475 car-

1974 1526 2131 1575 cere,
2185 1526 2246 1565 ac
2284 1514 2460 1567 multis
2489 1512 2691 1566 catenis
2732 1511 3126 1566 circumdatus:
3153 1510 3327 1563 Oratio
3381 1523 3545 1563 autent

1978 1600 2124 1667 ﬁebat
2150 1602 2258 1653 sine
2277 1602 2638 1656 intermissione
2656 1602 2719 1654 ab
2742 1600 2967 1654 Ecclesia
2991 1617 3081 1669 pro
3107 1617 3162 1653 eo
3192 1601 3327 1669 (Act.
3357 1600 3442 1653 12.
3470 1598 3553 1669 5),

1975 1702 2030 1748 et
2070 1695 2347 1747 confestim
2382 1695 2526 1748 illum
2554 1694 2735 1748 eduxit
2762 1709 2792 1747 e
2821 1707 3055 1747 carcere.
3099 1691 3234 1759 Quid
3267 1692 3421 1760 igitur
3452 1691 3550 1745 hac

1975 1787 2239 1852 potentius
2276 1783 2385 1838 ﬁeri
2427 1794 2582 1851 queat
2613 1785 2887 1847 oratione,
2936 1799 3052 1852 quae
3096 1784 3163 1836 de
3205 1783 3461 1836 columnis
3486 1797 3550 1837 ac

1974 1876 2205 1929 turribus
2240 1875 2493 1929 Ecclesia:
2537 1875 2672 1930 bene
2708 1876 2895 1930 merita
2942 1874 3060 1929 est?
3087 1874 3277 1927 Paulus
3314 1874 3454 1926 enim
3493 1881 3549 1926 et

1976 1969 2163 2023 Petrus
2188 1978 2362 2022 turres
2386 1977 2536 2022 erant
2562 1978 2615 2023 et
2638 1969 2896 2022 columna:
2914 1968 3185 2031 Ecclesiae,
3211 1976 3367 2034 atque
3391 1966 3546 2034 hujus

1972 2058 2184 2128 quidem
2213 2058 2415 2112 vincula
2442 2059 2617 2121 solvit,
2646 2060 2782 2113 illius
2810 2069 2985 2112 autem
3013 2074 3075 2111 os
3101 2059 3327 2125 aperuit.
3356 2059 3460 2111 Sed
3487 2069 3545 2111 ut

1974 2164 2079 2202 non
2108 2150 2279 2202 solum
2310 2164 2372 2202 cx
2406 2150 2499 2209 iis,
2531 2164 2649 2217 qua:
2678 2160 2787 2202 tum
2816 2148 3141 2209 acciderunt,
3172 2148 3264 2200 sed
3293 2149 3452 2202 etiam
3479 2163 3545 2202 ex

1972 2240 2057 2305 iis,
2089 2256 2207 2309 qua:
2245 2241 2470 2309 singulis
2513 2241 2701 2294 diebus
2743 2240 3116 2308 perficiuntur,
3146 2238 3405 2307 duplicem
3430 2240 3546 2307 ejus

1977 2332 2224 2385 virtutem
2242 2331 2685 2396 demonstremus,
2704 2330 2959 2385 orationis
2985 2330 3148 2399 ipsius
3163 2346 3280 2399 quae
3300 2345 3328 2382 a
3354 2333 3546 2399 pepulo

1974 2422 2029 2475 lit
2062 2424 2209 2476 vobis
2234 2424 2544 2477 memoriam
2574 2423 2903 2476 refricemus.
2937 2422 3263 2491 Quamquam
3294 2422 3338 2475 si
3368 2423 3484 2490 quis
3512 2438 3544 2476 e

1972 2511 2125 2580 vulgo
2151 2512 2303 2566 vobis
2329 2514 2633 2581 imperaret,
2666 2521 2725 2566 ut
2751 2512 2940 2581 singuli
2969 2526 3031 2565 ac
3058 2513 3156 2565 soli
3185 2526 3281 2579 pro
3309 2512 3539 2581 episcopi

1969 2602 2141 2656 salute
2183 2604 2424 2667 oraretis,
2470 2604 2828 2673 unusquisque
2874 2618 2994 2657 sese
3037 2613 3333 2669 excusaret,
3385 2614 3543 2673 atque

1972 2693 2072 2747 hoc
2108 2703 2377 2763 tamquam
2416 2709 2551 2748 onus
2580 2695 2781 2747 viribus
2810 2694 2921 2746 suis
2951 2693 3123 2760 majus
3151 2707 3182 2745 a
3210 2707 3268 2746 se
3292 2692 3543 2746 amolire-

1974 2794 2095 2838 tur:
2120 2785 2244 2838 dum
2272 2800 2399 2839 vero
2423 2785 2778 2838 communiter
2800 2797 2985 2836 omnes
3010 2783 3216 2837 diaconi
3244 2798 3425 2837 vocem
3449 2798 3543 2835 au-

1966 2874 2090 2927 ditis
2116 2874 2164 2927 id
2192 2875 2497 2941 impcrantis
2534 2888 2596 2928 ac
2633 2873 2855 2927 dicentis
2875 2914 2889 2934 ,
2922 2872 3132 2927 Oremus
3158 2889 3247 2941 pro
3274 2874 3525 2942 episcopo,

1968 2974 2015 3017 et
2060 2973 2323 3027 senectute,
2371 2980 2431 3017 ac
2483 2964 2761 3033 patrocinio
2802 2962 2900 3033 (a),
2944 2973 3092 3032 atque
3120 2974 3172 3016 ut
3200 2973 3327 3016 recte
3365 2973 3541 3017 tractet

1968 3056 2167 3108 verbum
2193 3056 2414 3109 veritatis
2436 3098 2447 3118 ,
2483 3067 2526 3108 et
2556 3073 2647 3125 pro
2676 3055 2736 3109 iis
2773 3056 2859 3124 qui
2884 3055 2964 3108 ltic
2989 3063 3123 3119 sunt,
3155 3064 3200 3106 et
3228 3056 3407 3124 ubique
3436 3065 3541 3108 ter—

1966 3163 2167 3211 rarum,
2198 3147 2335 3216 quod
2367 3147 2681 3215 imperatum
2710 3156 2791 3201 est
2819 3162 2975 3216 agerc
3004 3160 3108 3199 non
3140 3148 3414 3209 recusatis,
3444 3149 3537 3201 scd

1967 3251 2151 3305 magna
2181 3236 2340 3289 animi
2364 3235 2704 3290 contentione
2728 3250 2911 3303 preces
2933 3235 3151 3299 oiTertis,
3180 3234 3318 3303 quod
3345 3243 3537 3302 quanta

1964 3328 2031 3381 sit
2054 3328 2130 3381 vis
2152 3343 2439 3382 concursus
2461 3328 2619 3381 vestri
2650 3327 2812 3395 probe
2839 3327 3164 3395 intelligatis.
3188 3326 3389 3391 Sciunt,
3413 3327 3537 3395 quid

1965 3417 2159 3483 dicam,
2204 3418 2237 3471 ii
2279 3419 2365 3487 qui
2414 3418 2680 3487 mysteriis
2722 3426 2846 3471 sunt
2890 3416 3266 3469 initiatiznam
3312 3416 3537 3471 orationi

1964 3507 2459 3562 catechumenorum
2480 3506 2709 3561 nondum
2738 3514 2822 3560 est
2845 3505 2969 3559 illud
2996 3505 3332 3575 permissum,
3360 3520 3534 3574 quan-

1963 3595 2247 3664 doquidem
2278 3596 2509 3649 nondum
2554 3596 2620 3649 ad
2659 3596 2793 3649 hanc
2825 3594 3072 3663 loquendi
3118 3593 3383 3648 licentiam
3413 3608 3538 3661 per-

1963 3696 2223 3742 venerunt
2243 3703 2255 3739 :
2278 3702 2371 3741 vos
2406 3697 2581 3741 autem
2613 3696 2671 3741 ut
2699 3702 2793 3755 pro
2824 3694 2936 3741 toto
2967 3696 3230 3739 terrarum
3263 3685 3411 3749 orbe,
3440 3699 3537 3753 pro

1965 3779 2195 3832 Ecclesia
2224 3795 2339 3848 qum
2366 3779 2429 3833 ad
2459 3787 2615 3833 terra:
2646 3778 2774 3832 fines
2800 3792 2965 3847 usque
2992 3777 3342 3846 protenditur,
3363 3784 3416 3830 et
3441 3792 3537 3844 pro

1964 3869 2226 3936 episcopis
2255 3869 2503 3921 omnibus
2540 3869 2627 3938 qui
2655 3883 2771 3921 eam
2811 3878 3031 3937 regunt,
3062 3881 3247 3937 preces
3269 3867 3499 3923 offeratis
3518 3909 3535 3933 ,

1962 3958 2273 4013 cohortatur
2325 3959 2408 4025 is,
2460 3960 2545 4029 qui
2593 3959 2857 4014 ministrat
2909 3960 3033 4020 illis,
3085 3968 3137 4012 et
3184 3958 3535 4027 obsequimini

1967 4064 2177 4103 summo
2203 4049 2397 4112 studio,
2428 4064 2492 4103 ac
2522 4050 2692 4117 reipsa
2721 4048 2984 4103 testamini
3008 4062 3249 4115 magnam
3280 4048 3535 4102 orationis

1962 4153 2079 4192 esse
2107 4138 2392 4203 virtutem,
2439 4153 2557 4207 quae
2597 4153 2625 4190 a
2678 4139 2871 4206 populo
2916 4140 2969 4190 in
3015 4137 3236 4191 ecclesia
3264 4140 3533 4193 communi

1960 4244 2221 4283 consensu
2249 4230 2520 4282 offeratur.
2556 4228 2745 4282 Verum
2777 4227 2840 4280 ad
2875 4229 3198 4296 propositum
3226 4229 3529 4295 redeamus,

1961 4319 2102 4388 quod
2134 4318 2426 4386 antiquitus
2466 4333 2567 4371 una
2600 4318 2758 4372 fuerit
2792 4318 2985 4387 lingua.
3017 4318 3165 4373 Unde
3192 4319 3348 4387 igitur
3373 4335 3531 4374 unam

1961 4408 2193 4477 linguam
2240 4406 2403 4463 fuisse
2443 4408 2685 4462 constat?
2732 4407 2793 4459 Et
2838 4417 2942 4460 erat
2982 4409 3143 4461 omnis
3182 4418 3312 4460 terra
3346 4409 3533 4461 labium

1960 4517 2117 4553 unum
2157 4498 2310 4568 (Gen.
2340 4501 2424 4553 11.
2460 4500 2535 4568 1).
2580 4498 2873 4552 Obscurum
2916 4508 3001 4553 est
3047 4500 3147 4553 hoc
3188 4499 3407 4553 dictum.
3450 4503 3530 4554 An

1962 4590 2153 4644 labium
2185 4591 2342 4644 habet
2371 4591 2554 4643 terra?
2587 4589 2947 4659 Nequaquam.
2980 4590 3114 4657 Quid
3152 4606 3278 4657 ergo
3315 4593 3445 4645 dicit
3472 4602 3529 4646 et

1960 4682 2027 4737 de
2048 4683 2188 4752 quo?
2219 4682 2332 4735 Non
2364 4682 2429 4735 de
2458 4682 2553 4735 hac
2586 4690 2725 4735 terra
2768 4681 3001 4747 loquitur
3028 4697 3146 4748 qua:
3196 4695 3351 4735 sensu
3383 4694 3531 4736 caret

1960 4780 2013 4827 et
2035 4773 2317 4827 immobilis
2345 4783 2454 4837 est;
2485 4772 2576 4825 sed
2604 4773 2909 4825 universum
2940 4786 3105 4840 genus
3135 4773 3419 4828 humanum
3449 4776 3527 4829 sic

1960 4865 2265 4933 appellavit,
2295 4878 2388 4917 eos
2426 4864 2718 4917 admonens
2747 4864 2973 4932 propriae
3002 4874 3222 4930 naturae,
3264 4874 3487 4919 matrem
3514 4908 3529 4929 ,

1960 4970 2025 5009 ex
2052 4971 2151 5023 qua
2179 4954 2278 5007 orti
2304 4961 2448 5018 sunt,
2472 4952 2578 5005 iliis
2607 4953 2659 5005 in
2687 4955 2997 5006 memoriam
3026 4968 3299 5007 revocans.
3326 4955 3533 5024 Duplex

1960 5044 2098 5097 enim
2120 5052 2201 5096 est
2230 5042 2329 5095 hoc
2354 5040 2569 5101 animal,
2600 5041 2777 5102 homo,
2807 5042 3035 5110 inquam,
3062 5059 3125 5096 ex
3167 5044 3371 5098 duabus
3402 5046 3531 5097 sub-

1959 5134 2165 5189 stantiis
2202 5132 2480 5195 conflatus,
2508 5147 2608 5185 una
2654 5132 2906 5195 sensibili,
2938 5135 3193 5202 spirituali
3220 5135 3405 5201 altera,
3431 5136 3532 5192 hoc

1960 5232 2059 5286 est,
2092 5239 2156 5276 ex
2184 5222 2357 5275 anima
2387 5231 2441 5275 et
2466 5235 2710 5289 corpore,
2743 5222 2826 5273 cui
2857 5236 2975 5276 cum
3004 5223 3304 5277 caalestibus
3331 5234 3376 5278 et
3410 5241 3528 5280 eum

1962 5314 2297 5368 terrestribus
2343 5313 2587 5381 cognatio
2630 5311 2868 5380 quazdam
2918 5312 3218 5367 intercedit.
3263 5313 3391 5368 Nam
3438 5332 3531 5384 per

1961 5403 2287 5470 spiritualem
2320 5400 2531 5469 quidem
2562 5400 2909 5453 substantiam
2949 5417 3068 5454 cum
3119 5403 3399 5456 virtutibus
3436 5421 3527 5458 su-

1964 5493 2143 5561 pernis
2174 5492 2477 5561 participat:
2502 5506 2595 5559 per
2632 5491 2936 5544 sensibilem
2972 5506 3091 5544 cum
3117 5494 3274 5547 rebus
3304 5500 3531 5549 terrenis

1962 5585 2270 5652 copulatur,
2312 5592 2365 5636 et
2406 5591 2485 5635 est
2524 5582 2737 5649 quidam
2787 5582 2946 5634 veluti
2991 5597 3156 5635 nexus
3200 5583 3531 5639 ﬁrmissimus

2028 5695 2098 5754 (τι)
2133 5696 2213 5741 Hic
2253 5693 2428 5754 aliquid
2469 5694 2569 5741 vitii
2619 5692 2698 5741 vel
2739 5693 2958 5743 defectus
2999 5707 3108 5743 esse
3148 5696 3353 5744 videtur.
3394 5705 3529 5749 Putat

1967 5763 2166 5819 Joannes
2191 5754 2666 5819 Boisiuslegendum,
2692 5762 2735 5803 et
2761 5766 2847 5817 pro
2869 5756 3019 5816 clero,
3046 5763 3090 5805 et
3112 5756 3296 5806 auxilio
3327 5756 3530 5819 Spiritus

1964 5815 2129 5866 sancti.
2156 5822 2243 5863 Sed
2271 5816 2381 5862 illud
2402 5815 2618 5863 divinare
2642 5825 2734 5866 cst.
