4144 6476
644 431 755 486 183

647 526 921 593 utriusque
961 532 1234 578 creatum.
1264 520 1395 576 Cum
1432 520 1592 589 igitur
1636 514 1834 587 aliquid
1872 515 1980 585 agit
2021 526 2207 567 eorum

652 630 769 683 qua:
796 615 903 669 Deo
930 622 1051 668 sunt
1088 613 1307 683 placita,
1343 609 1634 675 spiritualis
1671 607 1895 671 dicitur,
1920 615 1974 661 et
2006 618 2105 659 nec
2143 603 2211 658 ab

648 704 763 775 ipsa
801 702 1010 775 quidem
1038 703 1211 756 anima
1240 716 1433 755 nomen
1474 699 1665 767 accipit
1688 738 1705 764 ,
1736 697 1826 752 sed
1852 696 1921 750 ab
1945 696 2049 749 alio
2073 709 2211 765 quo-

651 792 772 846 dam
812 793 1013 846 honore
1063 790 1273 857 majori,
1314 804 1346 844 a
1394 788 1621 858 Spiritus
1661 788 1990 856 operatione.
2029 784 2210 851 Neque

651 880 792 934 enim
822 880 888 932 ad
917 888 1062 933 recte
1089 878 1224 932 facta
1256 877 1450 931 sufﬁcit
1474 878 1673 941 anima,
1705 876 1805 929 nisi
1831 875 1920 930 illo
1950 874 2211 943 patiamur

649 970 865 1023 auxilio.
895 974 1065 1037 Atque
1095 978 1151 1022 ut
1187 968 1492 1037 intelligetis
1528 968 1758 1021 animam
1795 967 1947 1021 nobis
1973 965 2039 1018 ad
2068 974 2211 1019 recte

653 1059 785 1113 facta
812 1074 915 1112 non
942 1059 1210 1122 sulllcere;
1248 1067 1301 1112 et
1346 1057 1470 1127 quid
1501 1055 1650 1117 dico.
1676 1056 1742 1109 ad
1770 1064 1915 1110 recte
1952 1053 2118 1108 facta?
2143 1067 2210 1107 ne

652 1147 718 1200 ad
750 1146 848 1200 hoc
873 1146 1085 1215 quidem
1116 1157 1169 1199 ut
1194 1162 1258 1200 ca
1284 1162 1403 1215 quae
1429 1146 1708 1210 dicuntur,
1737 1145 2010 1213 percipere
2040 1142 2209 1210 possi-

656 1252 776 1290 mus
804 1254 819 1291 :
846 1237 1110 1300 Animalis,
1144 1238 1330 1306 inquit,
1356 1237 1503 1290 Ιιοηιο
1522 1253 1620 1290 non
1643 1237 1850 1305 percipit
1874 1251 1933 1289 ea
1956 1250 2070 1302 qua:
2095 1242 2209 1288 sunt

653 1326 878 1395 Spiritus
905 1325 983 1397 (l.
1015 1325 1134 1381 Cor.
1162 1324 1219 1380 2.
1251 1324 1359 1397 is).
1402 1325 1533 1380 Nam
1574 1336 1630 1379 ut
1666 1325 1933 1379 carnalem
1982 1324 2210 1392 appellat

654 1431 799 1482 eum,
826 1416 916 1485 qui
955 1413 1103 1469 carni
1143 1416 1339 1480 servit,
1384 1416 1462 1470 sic
1489 1414 1773 1469 animalem
1802 1412 2031 1482 appellat
2055 1429 2206 1478 eum,

653 1507 742 1575 qui
770 1505 1255 1562 ratiocinationibus
1275 1504 1516 1559 humanis
1528 1512 1717 1557 cuncta
1741 1503 2013 1572 permittit,
2039 1517 2210 1571 neque

654 1596 881 1665 Spiritus
907 1595 1139 1649 amatum
1168 1596 1374 1664 recipit.
1398 1592 1524 1655 Sed,
1548 1600 1605 1647 ut
1640 1592 1915 1656 dicebam,
1954 1607 2051 1646 nos
2085 1592 2209 1647 dum

655 1694 798 1738 recte
839 1684 1076 1754 agimus,
1120 1682 1419 1752 spirituales
1453 1682 1847 1737 dicimur:cum
1874 1695 2000 1736 vero
2029 1695 2211 1749 pecca-

656 1790 794 1840 mus,
826 1777 1239 1845 supplantamur,
1267 1786 1322 1831 et
1344 1776 1611 1846 quidpiam
1642 1775 1908 1844 indignum
1941 1775 2211 1829 nobilitate

655 1876 834 1921 nostra
876 1868 1206 1936 peragimus,
1236 1867 1389 1921 nobis
1413 1883 1445 1922 a
1474 1868 1561 1921 vili
1586 1875 1638 1921 et
1664 1865 1867 1935 abjecta
1899 1876 2081 1919 natura
2113 1879 2211 1918 no-

656 1970 779 2010 men
807 1957 1047 2026 imponit,
1075 1967 1129 2011 et
1154 1971 1252 2012 nos
1277 1966 1468 2011 terram
1496 1957 1743 2026 appellat.
1771 1955 2025 2020 Quoniam
2056 1954 2212 2021 igitur

659 2047 746 2101 hic
788 2062 997 2117 quoque
1037 2047 1317 2102 nonnullos
1354 2056 1692 2101 accusaturus
1732 2052 1849 2111 est,
1890 2043 1978 2114 qui
2025 2042 2209 2096 turrim

658 2137 1063 2202 :edilicaverant,
1106 2136 1193 2205 qui
1222 2137 1276 2191 in
1304 2137 1602 2201 superbiam
1628 2133 1753 2189 elati
1779 2145 1949 2200 erant,
1975 2132 2064 2203 qui
2094 2149 2211 2186 ma-

650 2225 797 2292 jores
838 2226 1090 2295 dignitate
1130 2240 1223 2279 sua
1270 2224 1484 2292 spiritus
1522 2223 1623 2278 sibi
1663 2232 2034 2291 sumpserant,
2091 2222 2213 2277 illos

654 2322 829 2366 autem
874 2322 1211 2367 accusaturus
1241 2323 1325 2366 est
1359 2313 1639 2381 superbiae,
1682 2311 1878 2365 idcirco
1909 2328 1939 2365 a
1969 2312 2056 2365 vili
2085 2310 2214 2364 sub-

655 2404 849 2458 stantia
876 2404 1026 2459 duxit
1050 2402 1455 2472 appellationem
1491 2417 1612 2457 cum
1643 2402 1774 2456 dixit
1799 2419 1813 2454 :
1839 2402 1900 2454 Et
1929 2412 2029 2455 erat
2051 2403 2212 2455 omnis

657 2507 788 2551 terra
813 2498 996 2551 labium
1020 2512 1195 2549 unum.
1224 2496 1395 2565 Atque
1434 2502 1489 2549 ut
1517 2494 1730 2549 discatis
1755 2494 1831 2548 sic
1854 2508 1974 2547 eum
2001 2508 2097 2546 nos
2119 2507 2212 2562 ap-

658 2586 858 2656 pellare
873 2602 990 2641 cum
1013 2584 1423 2655 peccaverimus,
1443 2583 1700 2637 Adamum
1724 2583 1791 2636 ita
1810 2591 1927 2651 post
1944 2591 2210 2650 peccatum

656 2678 936 2745 appellavit
962 2677 1179 2742 dicens,
1230 2672 1383 2727 Terra
1424 2689 1510 2739 es,
1557 2682 1604 2726 et
1645 2674 1698 2726 in
1734 2688 1921 2726 .erram
1957 2673 2212 2725 reverteris

654 2766 805 2834 (Gen.
837 2768 890 2821 5.
925 2766 1050 2836 l9):
1075 2764 1281 2819 tametsi
1314 2778 1419 2818 non
1453 2772 1595 2818 terra
1634 2771 1835 2816 tantum
1864 2771 2010 2825 erat,
2041 2761 2133 2815 sed
2158 2770 2213 2815 et

653 2857 880 2909 animum
903 2855 1125 2909 habebat
1140 2854 1510 2908 immortalem.
1526 2851 1632 2907 Cur
1647 2854 1803 2922 igitur
1825 2862 2016 2907 terram
2040 2854 2209 2921 ipsum

652 2945 971 3013 appellavit?
992 2943 1121 3010 Quia
1149 2944 1407 3012 peccavit.
1434 2941 1573 2997 Sane
1595 2957 1714 2995 cum
1738 2940 1909 3010 ipsum
1938 2941 2209 3007 l‘ormaret,

652 3047 754 3086 non
782 3033 852 3086 ita
875 3032 1019 3086 illum
1052 3032 1366 3100 appellavit:
1387 3030 1510 3099 quid
1538 3030 1707 3101 ergo?
1744 3030 2012 3084 Faciamus
2045 3032 2211 3084 homi-

652 3139 763 3175 nem
785 3120 852 3173 ad
875 3119 1141 3191 imaginem
1160 3130 1207 3172 et
1225 3119 1601 3171 similitudinem
1622 3127 1839 3171 nostram
1854 3134 1873 3171 :
1886 3128 1932 3171 et
1955 3119 2211 3171 dominen-

648 3221 732 3267 tur
781 3212 993 3280 piscibus
1036 3210 1227 3275 maris,
1273 3218 1320 3263 et
1372 3209 1537 3263 bestiis
1587 3217 1753 3262 terra.
1808 3205 1875 3261 Et
1918 3209 2008 3260 erit
2063 3209 2210 3260 timor

649 3319 821 3356 eorum
868 3310 914 3355 et
942 3310 1126 3354 tremor
1153 3315 1305 3367 super
1328 3314 1522 3351 omnem
1549 3306 1730 3350 terram
1762 3295 1914 3368 (Gen.
1947 3298 1996 3351 1.
2024 3295 2123 3360 26;
2152 3296 2207 3351 9.

648 3390 726 3460 2).
773 3390 931 3444 Vides
966 3388 1135 3458 qualis
1179 3394 1324 3441 esset
1367 3396 1566 3440 naturae
1606 3385 1983 3455 praerogativa?
2027 3384 2208 3454 quales

651 3480 920 3536 honores?
947 3480 1118 3549 qualia
1152 3478 1451 3548 praeconia?
1478 3477 1849 3533 Verumtamen
1878 3488 1999 3530 ante
2026 3490 2208 3546 pecca-

652 3582 760 3625 tum
785 3587 799 3625 :
824 3578 941 3639 post
970 3580 1240 3638 peccatum
1270 3578 1444 3622 autem
1478 3568 1731 3635 deinceps
1751 3583 1767 3619 :
1787 3565 1947 3619 Terra
1979 3582 2051 3629 es,
2082 3576 2128 3618 et
2156 3566 2206 3618 in

650 3672 835 3714 terram
872 3660 1149 3714 reverteris.
1188 3657 1324 3711 Audi
1369 3671 1493 3710 vero
1535 3655 1845 3711 Malachiam
1893 3670 2101 3725 quoque
2130 3654 2209 3707 id-

650 3751 819 3817 ipsum
851 3749 1187 3811 innuentem,
1214 3748 1293 3802 vel
1343 3748 1517 3815 potius
1549 3745 1708 3799 Deum
1741 3760 1833 3813 per
1858 3744 2204 3813 prophetam:

654 3837 780 3891 Ecce
804 3839 939 3891 enim
968 3840 1107 3889 mitto
1160 3837 1312 3898 vobis,
1343 3836 1531 3905 inquit,
1564 3833 1731 3887 Etiam
1756 3832 2020 3887 Thesbiten
2046 3832 2205 3902 (Μαι.

649 3928 702 3981 4.
750 3926 825 3996 5).
863 3926 969 3979 Cur
1008 3926 1168 3995 igitur
1205 3925 1401 3979 mittit?
1432 3925 1497 3979 Ut
1533 3934 1786 3978 convertat
1820 3940 1907 3977 cor
1946 3924 2103 3993 patris
2139 3925 2207 3976 ad

647 4017 809 4085 ﬁlium
836 4014 995 4084 (Ibid.
1020 4032 1066 4069 υ.
1092 4016 1169 4084 6).
1201 4014 1331 4071 Nam
1360 4016 1478 4084 quia
1506 4014 1735 4069 futurum
1761 4024 1863 4078 est,
1890 4024 1946 4066 ut
1974 3998 2205 4068 tremim-

649 4104 771 4158 dum
796 4104 918 4158 illud
936 4114 988 4158 et
1010 4105 1328 4157 horrendum
1350 4104 1593 4158 adveniat
1609 4104 1883 4171 judicium,
1908 4118 1973 4156 ne
1995 4104 2207 4158 inexcu-

646 4193 837 4247 sabiles
858 4209 918 4247 ac
940 4195 1107 4260 poenis
1128 4193 1382 4247 obnoxios
1399 4193 1757 4261 deprehensos
1777 4193 1979 4261 aliquos
1994 4192 2207 4247 damnet

648 4283 815 4338 Judex
836 4300 850 4337 :
870 4293 923 4337 ut
953 4299 1071 4337 cum
1102 4285 1305 4337 venerit
1334 4284 1453 4348 ille,
1494 4298 1556 4337 ac
1590 4282 1891 4351 przedixerit
1917 4284 2204 4353 appropin-

648 4388 813 4445 quare
861 4388 925 4429 ac
952 4390 1047 4444 pro
1074 4374 1269 4427 toribus
1305 4389 1423 4427 esse
1450 4374 1730 4427 adventum
1757 4372 1891 4440 ejus,
1922 4373 1987 4426 ad
2020 4374 2207 4426 melio-

648 4482 761 4522 rem
790 4467 986 4535 lrugem
1019 4476 1225 4521 revocet
1250 4465 1518 4530 homines;
1545 4465 1717 4519 solent
1740 4466 1929 4533 quippe
1948 4480 2065 4533 qua:
2084 4474 2207 4521 ante

651 4554 846 4608 multos
882 4570 1047 4608 annos
1071 4554 1210 4607 dicta
1238 4563 1359 4606 sunt
1403 4555 1453 4606 iu
1481 4562 1838 4620 contemptum
1867 4554 2082 4607 venire:
2106 4569 2204 4606 no-

648 4654 811 4699 stram
838 4645 995 4713 igitur
1018 4645 1321 4698 memoriam
1348 4658 1608 4697 renovans
1636 4643 1700 4695 ad
1728 4657 1823 4695 nos
1846 4642 1932 4696 ille
1954 4643 2205 4712 propheta

650 4735 811 4787 venit.
837 4734 941 4788 Sed
972 4734 1223 4802 appellari
1263 4743 1454 4787 terram
1484 4748 1576 4787 eos
1604 4733 1693 4803 qui
1721 4741 1965 4803 peccant,
1996 4731 2048 4787 id
2083 4748 2207 4788 vero

650 4839 788 4879 nunc
818 4826 967 4879 nobis
990 4833 1072 4879 est
1097 4824 1583 4878 demonstrandum.

718 4914 771 4968 6.
804 4912 1092 4966 Peccatores
1125 4914 1243 4965 dicti
1271 4923 1419 4966 terra.
1439 4941 1513 4953 —
1533 4914 1665 4967 Cum
1696 4928 1823 4981 ergo
1861 4914 2107 4977 dixisset,
2139 4913 2208 4968 Ut

646 5012 894 5058 convertat
929 5019 1016 5055 eor
1036 5004 1191 5071 patris
1216 5003 1282 5054 ad
1300 5003 1483 5069 ﬁlium,
1504 5002 1697 5071 adjecit
1724 5003 1837 5058 :Ne
1860 5005 1987 5071 forte
2012 5006 2208 5059 veniens

646 5093 918 5163 percutiam
967 5102 1148 5144 terram
1202 5091 1435 5158 penitus;
1477 5094 1702 5160 percutit
1736 5103 1909 5147 autem
1963 5094 2079 5147 illos
2117 5095 2203 5161 qui

648 5190 885 5253 peccant.
938 5182 1092 5235 Vides
1142 5195 1235 5235 eos
1276 5181 1363 5250 qui
1409 5190 1631 5249 peccant
1676 5192 1867 5235 terram
1916 5183 2207 5251 appellari?

645 5276 780 5330 Alibi
810 5289 989 5327 rursus
1015 5274 1079 5327 de
1103 5273 1316 5328 Christo
1356 5288 1577 5327 narrans
1603 5275 1854 5342 propheta
1882 5274 1957 5329 sic
1996 5274 2165 5327 aiebat
2190 5291 2204 5328 :

645 5363 758 5416 Erit
772 5365 971 5432 justitia
992 5364 1181 5416 cinctus
1209 5362 1430 5416 lumbum
1450 5380 1592 5416 suum
1609 5403 1624 5428 ,
1654 5373 1700 5415 et
1727 5364 1929 5416 veritate
1954 5364 2207 5416 involutus

644 5466 804 5506 costas
830 5470 946 5506 suas
986 5454 1133 5523 (Isai.
1162 5456 1247 5507 ll.
1282 5456 1336 5520 5)
1370 5472 1382 5507 :
1416 5469 1523 5508 non
1560 5454 1699 5523 quod
1745 5456 1795 5506 in
1831 5455 1939 5507 Deo
1968 5456 2036 5508 sit
2062 5468 2206 5509 costa

647 5543 725 5597 vel
755 5543 993 5605 lumbus;
1020 5545 1211 5612 quippe
1235 5558 1353 5597 cum
1378 5544 1742 5611 incorporeum
1774 5545 1841 5595 sit
1866 5543 2091 5607 Numen;
2114 5546 2205 5599 sed

650 5647 746 5699 per
777 5632 888 5684 hare
931 5632 1286 5698 incorruptum
1317 5646 1432 5686 esse
1476 5632 1672 5686 Judicis
1703 5633 1850 5685 istius
1873 5672 1885 5695 ,
1918 5648 2087 5700 neque
2118 5635 2209 5686 de-

646 5720 744 5788 cipi
771 5735 925 5789 posse
946 5720 1195 5788 judicium
1229 5722 1459 5775 declarat
1492 5737 1697 5794 :neque
1724 5722 1831 5789 jam
1867 5724 2087 5791 amplius
2115 5738 2201 5777 ca-

1370 407 1428 463 S.
1466 404 1742 462 JOANNIS
1777 397 2248 458 CIIRYSOSTOMI
2284 398 2598 456 ARCHIEP.
2637 402 3163 461 CONSTANTINOP.

3779 427 3888 480 184

2318 509 2720 567 lumniatoribus
2738 553 2753 576 ,
2782 530 2954 583 neque
2981 515 3253 571 maledicis
3272 556 3290 583 ,
3316 531 3416 572 nec
3436 518 3761 589 corruptioni
3790 535 3886 589 per

2317 599 2567 668 pecunias
2591 640 2608 666 ,
2631 615 2730 656 nec
2751 601 2888 671 juris
2923 602 3148 660 inscitia
3192 605 3365 661 locum
3396 605 3529 661 fore.
3557 608 3685 662 Nam
3716 610 3767 663 in
3800 609 3886 666 his

2313 688 2525 757 quidem
2560 688 2774 758 iudiciis
2799 702 2852 746 et
2883 693 3136 748 innocens
3173 694 3441 763 plectitur,
3469 706 3522 750 et
3546 712 3670 752 reus
3698 698 3881 754 absol-

2313 778 2471 842 vitur,
2505 780 2626 849 quia
2654 794 2893 850 persaepe
2926 781 3016 850 jus
3054 782 3441 839 labefactatur:
3469 800 3587 840 cum
3627 802 3755 842 vero
3781 787 3874 857 ju-

2316 876 2435 923 stus
2471 868 2632 935 judex
2658 880 2712 923 et
2757 871 2845 940 qui
2888 872 3062 940 decipi
3110 872 3328 928 minime
3376 883 3548 943 potest
3571 875 3881 942 advenerit,

2312 958 2403 1026 qui
2434 958 2637 1024 justitia
2673 960 2877 1013 cinctus
2900 970 2981 1015 est
3007 962 3246 1017 lumbum
3272 977 3447 1029 suum,
3475 975 3527 1019 et
3556 967 3777 1021 veritate
3800 968 3880 1021 in-

2313 1047 2519 1101 volutus
2538 1058 2712 1103 costas
2739 1064 2883 1112 suas,
2907 1065 3094 1106 omnes
3118 1052 3451 1107 exactissime
3473 1053 3559 1123 jus
3579 1068 3733 1109 suum
3772 1057 3876 1111 ob-

2315 1139 2571 1192 tinebunt.
2596 1139 2662 1193 Et
2687 1141 2925 1209 percutiet
2951 1150 3132 1195 terram
3150 1142 3294 1197 verba
3319 1144 3419 1197 aris
3447 1147 3525 1198 sui
3548 1144 3705 1216 (Ibid.
3731 1164 3775 1201 ν.
3795 1148 3874 1221 4).

2311 1230 2483 1297 Atque
2512 1239 2567 1281 ut
2586 1243 2871 1298 cognoscas
2894 1245 2998 1285 non
3024 1231 3091 1287 de
3112 1242 3271 1297 terra,
3299 1233 3392 1289 sed
3417 1233 3485 1289 de
3511 1240 3877 1304 peccatoribus

2313 1332 2433 1371 eum
2486 1319 2649 1387 loqui.
2669 1320 2925 1387 adiunxit,
2946 1320 3014 1375 Et
3040 1324 3093 1376 in
3134 1324 3315 1393 spiritu
3345 1342 3433 1395 per
3455 1326 3589 1381 labia
3613 1328 3878 1399 interﬁciet

2313 1408 2512 1475 impios.
2544 1409 2703 1465 Vides
2744 1410 2833 1464 hic
2875 1412 3033 1466 etiam
3066 1424 3367 1483 peccatores
3410 1432 3528 1473 esse
3557 1428 3751 1475 terram
3777 1437 3877 1490 ap-

2315 1499 2573 1567 pellatos?
2617 1500 2707 1553 His
2756 1516 2883 1569 ergo
2901 1504 3164 1571 cognitis,
3211 1520 3330 1559 cum
3381 1508 3612 1565 audieris
3663 1526 3875 1566 omnem

2314 1595 2508 1641 terram
2554 1588 2747 1642 labium
2794 1606 2953 1644 unum
2997 1590 3194 1659 fuisse,
3236 1594 3514 1651 humanam
3554 1614 3735 1654 rursus
3776 1615 3876 1654 na-

2314 1683 2483 1730 turam
2530 1677 2757 1747 intellige
2788 1696 2802 1731 :
2835 1681 3099 1749 prapriam
3151 1683 3292 1737 enim
3342 1686 3588 1740 vilitatem
3620 1689 3771 1743 nobis
3820 1691 3875 1746 in

2315 1766 2623 1820 memoriam
2648 1778 2862 1824 revocat
2892 1787 2906 1822 :
2935 1786 3178 1840 magnum
3221 1774 3415 1843 quippe
3442 1776 3634 1830 bonum
3667 1790 3748 1833 est
3774 1795 3872 1834 co-

2311 1856 2612 1924 gnationem
2639 1872 2786 1911 suam
2825 1875 3166 1929 cognoscere,
3193 1877 3257 1917 ac
3282 1864 3419 1919 scire
3437 1905 3453 1931 ,
3484 1867 3670 1935 quibus
3694 1883 3761 1922 ex
3788 1885 3877 1924 rc-

2316 1942 2414 1995 bus
2456 1946 2712 2012 compacti
2765 1947 2951 2001 simus.
2980 1949 3105 2004 llaec
3136 1950 3402 2006 sufﬁciens
3441 1964 3523 2007 est
3567 1954 3880 2012 humilitatis

2314 2032 2551 2088 doctrina
2579 2035 2934 2092 consideratio
2972 2050 3172 2094 natum
3206 2059 3219 2095 :
3251 2057 3435 2098 omnes
3474 2056 3649 2113 potest
3671 2059 3880 2117 pertur-

2316 2121 2553 2178 bationes
2598 2125 2785 2180 sedare
2830 2136 2883 2182 et
2946 2131 3377 2198 tranquillitatem
3443 2136 3617 2190 animo
3669 2152 3877 2205 parere.

2313 2214 2600 2285 Propterea
2640 2218 2888 2273 monebat
2929 2220 3141 2288 quidam
3162 2261 3177 2284 ,
3203 2223 3415 2277 Attende
3451 2225 3538 2277 tibi
3563 2227 3659 2296 ipsi
3687 2226 3876 2297 (Eccti.

2311 2304 2400 2359 29.
2428 2305 2520 2373 27)
2544 2344 2559 2368 ,
2592 2309 2821 2376 recogita
2868 2319 3107 2363 naturam
3150 2320 3204 2365 et
3245 2314 3565 2369 creationem
3614 2325 3784 2379 tuam,
3822 2326 3879 2372 et

2312 2395 2535 2450 sufﬁciet
2563 2395 2663 2450 hoc
2692 2396 2787 2450 tibi
2808 2406 2863 2450 ut
2890 2399 3161 2454 modestus
3184 2410 3434 2471 perpetuo
3460 2406 3533 2457 sis
3557 2412 3610 2458 et
3638 2404 3874 2459 humilis.

2315 2483 2595 2553 Propterea
2617 2485 2789 2553 justus
2819 2486 2907 2540 ille
2936 2488 3200 2542 Abraham
3225 2490 3475 2544 continuo
3502 2492 3878 2561 cogitationem

2314 2573 2450 2628 hanc
2468 2585 2642 2630 mente
2660 2577 2916 2642 versabat,
2933 2592 3028 2632 nec
3045 2594 3290 2648 umquam
3309 2580 3372 2634 de
3392 2595 3451 2635 se
3471 2580 3738 2650 magnifice
3754 2597 3878 2636 sen-

2316 2665 2494 2720 tiebat.
2522 2666 2676 2722 Certe
2716 2682 2835 2721 cum
2864 2668 3025 2722 Deum
3070 2669 3450 2739 alloqueretur,
3483 2685 3543 2725 ac
3570 2680 3709 2724 tanta
3732 2673 3877 2741 apud

2314 2773 2433 2812 eum
2470 2760 2636 2828 gratia
2661 2760 2901 2827 valeret,
2932 2771 3091 2828 atque
3114 2761 3180 2814 ab
3206 2761 3319 2830 ipso
3366 2761 3719 2815 testimonium
3765 2778 3877 2817 sua:

2314 2848 2523 2901 virtutis
2566 2848 2855 2916 accepisset
2877 2890 2891 2913 ,
2922 2848 3129 2904 dicebat
3159 2866 3172 2901 :
3206 2848 3317 2920 Ego
3338 2862 3507 2917 autem
3534 2867 3642 2905 sum
3672 2860 3802 2905 terra
3832 2864 3879 2905 ct

2310 2937 2437 2989 cinis
2466 2936 2613 3006 (Gen.
2641 2939 2726 2992 18.
2756 2937 2870 3007 27).
2898 2939 3045 2993 Alius
3071 2954 3253 2993 rursus
3283 2939 3547 2995 hominem
3575 2944 3877 3010 arrogantia

2314 3027 2547 3080 inflatum
2593 3042 2711 3080 cum
2744 3028 2902 3082 vellet
2947 3029 3270 3097 reprimere,
3295 3044 3397 3083 non
3425 3030 3635 3100 longum
3666 3044 3877 3085 sermo-

2313 3131 2433 3169 nem
2478 3116 2738 3180 instituit,
2766 3118 2859 3170 sed
2891 3119 3122 3171 animum
3173 3118 3286 3186 ejus
3312 3128 3513 3172 tantum
3559 3119 3625 3171 ad
3674 3128 3878 3173 natura:

2311 3219 2420 3257 suae
2450 3206 2753 3259 memoriam
2788 3216 3030 3269 revocat,
3055 3220 3282 3276 eumque
3310 3209 3502 3261 acriter
3544 3210 3765 3276 castigat
3793 3208 3878 3261 his

2312 3293 2485 3346 verbis
2517 3311 2531 3347 :
2566 3294 2697 3359 Quid
2721 3295 2941 3363 superbit
2978 3304 3110 3348 terra
3129 3304 3175 3348 et
3210 3296 3334 3350 cinis
3362 3294 3546 3364 (Eccli.
3578 3296 3664 3351 i0.
3688 3296 3771 3367 9)?
3799 3297 3878 3352 Tu

2311 3381 2442 3435 mihi
2466 3399 2581 3451 quae
2613 3392 2730 3450 post
2776 3393 2998 3437 mortem
3026 3393 3281 3453 apparent
3327 3399 3711 3440 commemoras
3730 3385 3753 3437 Τ
3775 3385 3882 3440 Re-

2312 3472 2480 3539 prime
2510 3473 2675 3541 ipsum
2708 3473 2991 3527 viventem.
3039 3474 3189 3528 Nunc
3215 3490 3274 3529 se
3315 3484 3507 3529 terram
3537 3490 3599 3530 ac
3639 3477 3875 3531 cinerem

2309 3575 2428 3615 esse
2454 3578 2555 3615 non
2579 3564 2832 3632 agnoscit.
2869 3563 3021 3617 Videt
3047 3566 3284 3632 corporis
3304 3565 3521 3619 formam
3544 3583 3556 3628 ;
3582 3566 3723 3620 videt
3769 3582 3873 3637 po-

2313 3651 2549 3715 tentiam,
2573 3662 2957 3705 assentatorum
2981 3652 3231 3721 obsequia
3252 3694 3267 3715 ,
3301 3656 3557 3721 parasitos
3582 3663 3874 3711 sectantes.

2312 3742 2556 3797 Vestibus
2608 3745 2853 3811 pretiosis
2884 3744 3133 3807 indutus,
3179 3760 3367 3813 magno
3410 3747 3747 3815 magistratus
3777 3760 3876 3815 ap-

2310 3844 2493 3902 paratu
2518 3832 2817 3897 decoratur,
2849 3834 2993 3887 illum
3016 3834 3129 3887 haec
3157 3848 3345 3903 pompa
3374 3833 3588 3903 decipit,
3618 3845 3671 3889 et
3696 3845 3753 3889 ut
3777 3852 3875 3890 na-

2311 3933 2441 3978 tura:
2469 3925 2804 3979 obliviscatur
2829 3926 3010 3980 eflicit.
3044 3926 3252 3981 Scimus
3299 3938 3489 3981 terram
3521 3942 3639 3981 esse
3683 3943 3782 3983 nos
3811 3943 3877 3984 ac

2308 4015 2691 4069 cineremzsed
2722 4032 2817 4071 nos
2862 4018 2952 4087 qui
3008 4027 3360 4087 temperantes
3402 4033 3465 4073 ac
3510 4019 3731 4074 modesti
3786 4036 3879 4075 su-

2310 4118 2428 4156 mus
2450 4111 2529 4155 :at
2555 4104 2641 4158 ille
2667 4105 3171 4160 demonstrationem
3197 4107 3329 4161 hanc
3350 4123 3379 4159 a
3401 4108 3502 4162 ﬁne
3525 4108 3733 4163 ductam
3767 4125 3876 4165 non

2310 4202 2616 4261 exspectat,
2660 4211 2831 4263 neque
2873 4197 2939 4250 ad
2986 4197 3187 4252 loculos
3232 4199 3563 4268 tumulosqne
3612 4201 3875 4267 majorum

2309 4284 2498 4349 pergit,
2530 4282 2621 4337 sed
2645 4286 2921 4352 prmsentia
2952 4288 3187 4355 respicit,
3216 4302 3386 4357 neque
3410 4288 3689 4357 quidquam
3717 4292 3877 4360 cogi-

2310 4379 2386 4424 tat
2408 4372 2474 4425 de
2517 4370 2722 4426 futuris.
2751 4373 2865 4428 Jam
2894 4389 2957 4429 ex
3001 4375 3100 4429 hoc
3128 4377 3272 4429 illum
3315 4376 3445 4430 doce
3471 4386 3664 4431 terram
3694 4392 3758 4431 ac
3795 4380 3877 4432 ci-

2310 4478 2489 4517 nerem
2516 4464 2681 4532 ipsum
2713 4480 2848 4519 esse.
2880 4466 3029 4521 Mane
3052 4469 3326 4537 tantisper,
3355 4469 3541 4534 inquit,
3568 4483 3740 4538 neque
3768 4469 3875 4524 hoc

2309 4553 2539 4618 docebo,
2572 4555 2663 4609 sed
2693 4555 2834 4609 aliud
2867 4558 3028 4609 multo
3077 4557 3329 4625 altjcctius
3357 4573 3369 4609 :
3403 4567 3459 4610 ut
3482 4573 3602 4611 cum
3632 4557 3768 4612 fastu
3799 4562 3882 4613 in-

2311 4646 2559 4697 tumuerit
2578 4685 2591 4707 ,
2620 4660 2767 4699 suam
2802 4646 2967 4713 ipsius
2992 4647 3244 4700 vilitatem
3282 4656 3527 4717 agnoscat
3553 4663 3571 4706 ;
3600 4656 3657 4701 ut
3686 4650 3881 4704 vivens

2313 4733 2538 4801 accipiat
2560 4733 2893 4786 medicinam.
2921 4735 3052 4788 Cum
3080 4738 3219 4789 enim
3247 4735 3499 4803 dixisset,
3536 4738 3671 4802 Quid
3698 4754 3881 4808 super-

2311 4823 2379 4875 bit
2410 4834 2539 4876 terra
2564 4831 2607 4874 et
2631 4822 2785 4876 cinis?
2815 4824 3044 4891 adjecit:
3080 4824 3327 4887 Quoniam
3370 4826 3421 4879 in
3442 4828 3542 4880 vita
3570 4826 3637 4878 ad
3662 4828 3880 4882 nihilum

2310 4912 2513 4963 redacta
2557 4923 2669 4963 sunt
2694 4910 2867 4963 intima
2890 4914 2996 4980 ejus
3028 4910 3184 4978 (Ibid.
3229 4928 3276 4967 υ.
3307 4915 3415 4985 10).
3447 4916 3579 4983 Quid
3615 4919 3717 4974 hoc
3760 4928 3876 4986 est,

2316 5003 2561 5067 Quoniam
2588 5004 2636 5055 in
2666 5005 2764 5055 vita
2789 5005 2855 5055 ad
2884 5005 3094 5057 nihilum
3135 5008 3336 5068 redacta
3363 5022 3474 5063 sunt
3511 5014 3684 5067 intima
3725 5018 3881 5081 eius?

2312 5092 2602 5146 Obscurum
2648 5103 2727 5147 est
2784 5093 3010 5148 fortasse
3051 5096 3249 5151 dictum
3310 5100 3453 5152 illud.
3520 5100 3705 5156 Intima
3748 5107 3880 5161 dicit

2314 5183 2579 5247 intestina,
2610 5184 2735 5236 dicit
2766 5185 2986 5250 viscera,
3014 5198 3251 5242 ventrem
3276 5194 3596 5247 stercoribus
3620 5195 3832 5262 plenum
3855 5241 3869 5260 ,

2313 5287 2373 5323 ac
2419 5274 2595 5325 multis
2639 5275 2883 5328 sordibus
2921 5287 2977 5329 et
3028 5277 3214 5331 faetore
3247 5296 3259 5331 :
3289 5295 3391 5333 non
3440 5284 3577 5351 quod
3629 5295 3878 5342 naturam

2312 5361 2555 5423 damnet,
2586 5362 2676 5414 sed
2710 5373 2763 5416 ut
2784 5364 2845 5415 ad
2875 5365 3222 5421 humilitatem
3254 5368 3495 5425 adducat.
3527 5373 3779 5439 Quoniam
3829 5380 3881 5431 in

2312 5453 2411 5504 vita
2462 5453 2526 5503 ad
2558 5453 2765 5505 nihilum
2812 5457 3016 5508 redacta
3060 5468 3173 5509 sunt
3198 5461 3234 5511 ³.
3260 5459 3419 5515 Vides
3474 5480 3628 5533 quam
3662 5464 3784 5519 vilis
3829 5478 3880 5523 ct

2314 5543 2449 5595 ﬂuxa
2484 5543 2550 5595 sit
2596 5554 2769 5596 nostra
2812 5546 3145 5599 substantia?
3172 5547 3283 5603 Noli
3306 5550 3443 5605 diem
3472 5554 3641 5605 obitus
3681 5569 3881 5624 ex~pc-

2314 5673 2581 5782 εἰιέωςοιιλ,
2607 5677 2827 5734 Quoniam
2850 5688 2897 5724 ιη
2922 5678 3016 5726 vita
3033 5677 3135 5737 ejus
3164 5679 3313 5730 vilitas
3353 5688 3533 5733 natura
3563 5683 3667 5743 eius
3690 5687 3877 5748 perspis
