4066 6542
598 605 689 655 τὸν
729 598 921 668 αὐχένα
957 598 1317 662 ἀνατείνοντα,
1343 599 1442 660 τάς
1480 597 1648 668 ὀφρῦς
1688 597 2032 661 ἀνασπῶντα,
2069 598 2158 648 ἐπὶ

596 689 691 741 τοῦ
736 689 1005 757 ὀχήματος
1046 687 1360 759 φερόμενον,
1401 685 1740 749 ἀπειλοῦντα,
1775 687 1852 746 είς
1881 685 2159 754 δεσμωτή-

605 793 714 845 ριον
745 774 1094 844 ἐμϐάλλοντα,
1133 773 1344 843 Θανάτῳ
1370 773 1746 843 παραδιδόντα,
1771 771 2159 842 ἐπηρεάζοντα,

599 861 718 914 εἰπὲ
757 862 887 931 πρὸς
914 862 1089 914 αὐτόν·
1127 861 1185 914 Τί
1224 861 1726 928 ὺπερηςρανεύεται
1767 858 1843 927 γῆ
1884 859 1980 910 καί
2012 874 2164 912 σπο-

600 950 733 1012 θόςς
768 948 888 1000 Ὅτι
931 946 1026 1000 καί
1068 947 1136 999 ἐν
1180 945 1254 1013 τῇ
1302 944 1412 1013 ζωῇ
1449 946 1632 999 αὐτοῦ
1669 944 2056 1009 ἐξουόένωται
2094 945 2164 997 τὰ

599 1035 879 1088 ἑνδόσθια
927 1033 1129 1090 αὑτοῦ.
1179 1034 1362 1086 Ταῦτα
1416 1033 1475 1085 οὐ
1523 1033 1650 1104 περὶ
1683 1032 1970 1104 ἀνθρώπου
2008 1032 2163 1101 μόνον

604 1121 833 1185 ἰδιώτου,
885 1120 1017 1173 ἀλλά
1072 1121 1163 1172 καὶ
1215 1121 1342 1191 περὶ
1390 1119 1552 1172 αὐτοῦ
1601 1119 1696 1171 τοῦ
1727 1119 2032 1188 καθημένου
2072 1119 2163 1171 ἐπὶ⁵

599 1207 691 1260 τοῦ
733 1209 918 1278 θρόνου
948 1205 1040 1258 τοῦ
1072 1207 1345 1276 βασιλικοῦ
1381 1207 1525 1259 ἐστιν
1562 1208 1752 1259 εἰπεῖν.
1797 1206 1888 1275 Μὴ
1926 1206 2033 1276 γὰρ
2063 1205 2162 1275 τὴν

600 1295 886 1365 ἁλουργίδα
915 1297 1046 1364 ῐδῃς,
1074 1295 1204 1365 μηδέ
1237 1294 1297 1346 τὸ
1327 1293 1581 1362 διάδημα,
1610 1292 1742 1362 μηδὲ
1774 1293 1842 1345 τά
1876 1293 2062 1361 ἱμάτια
2095 1291 2161 1344 τὰ

597 1382 790 1448 χρυσᾶ,
819 1380 930 1433 ἀλλ’
961 1381 1125 1450 αὐτὴν
1168 1380 1267 1450 τὴν
1312 1378 1472 1447 φύσιν
1512 1377 1822 1448 ἐρεύνησον,
1872 1380 1966 1430 καὶ
2011 1378 2159 1430 οὐδὲν

595 1465 714 1534 ὄψει
746 1466 899 1518 πλέον
934 1466 1156 1535 ἔχουσαν
1187 1465 1294 1518 τῶν
1318 1464 1541 1518 πολλῶν·
1571 1463 1767 1533 μᾶλλον
1790 1465 1866 1528 δὲ,
1886 1466 1932 1516 εί
1961 1463 2157 1533 βούλει,

595 1554 689 1605 καὶ
708 1553 802 1623 τὴν
825 1553 1130 1622 ἁλουργίδα,
1151 1552 1242 1604 καλ⁵
1267 1553 1327 1604 τὸ
1351 1551 1605 1620 διάδημα,
1627 1552 1720 1603 καὶ
1741 1551 1808 1602 τὰ
1839 1549 2046 1620 ἱμάτια.
2067 1551 2160 1604 καὶ

595 1637 772 1688 πᾶσαν
817 1637 1062 1707 περίελθε
1094 1638 1191 1707 τὴν
1222 1637 1517 1705 φαντασίαν
1563 1637 1797 1704 ἐκείνην,
1829 1637 1921 1688 καὶ
1959 1637 2158 1689 τούτων

593 1723 770 1775 αὐτῶν
797 1723 915 1792 ὕψει
940 1723 1094 1777 πάλιν
1119 1723 1216 1794 τὴν
1238 1724 1338 1792 γῆν
1357 1719 1519 1776 οὖσαν
1554 1723 1824 1776 ὑπόθεσιν.
1849 1722 2021 1777 Πᾶσα
2052 1721 2160 1791 γὰρ

591 1809 738 1871 δόξα
765 1809 1073 1876 ἀνθρώπου
1108 1810 1186 1873 ὠς
1213 1810 1393 1875 ἄνθος
1424 1811 1658 1878 χόρτου.
1677 1809 1805 1862 Ἰδοὺ
1829 1810 2042 1880 καὶτῆς
2069 1811 2158 1862 εὐ-

588 1897 900 1968 τελέστερος
919 1897 1088 1964 ἐφάνη
1112 1898 1140 1948 ό
1171 1895 1551 1965 καλλωπισμὸς
1582 1898 1784 1958 ἐκεῖνος
1814 1895 2155 1966 άπας.’ορᾷς

590 1983 709 2045 πῶς
757 1982 1102 2036 καταστέλλει
1149 1981 1209 2034 τὸ
1245 1981 1506 2052 φύσημα;
1555 1981 1671 2045 πῶς
1703 1981 1952 2052 καθαιρεῖ
1978 1985 2156 2035 πᾶσαν

591 2070 842 2123 ἀπόνοιαν
862 2072 894 2140 ἡ
914 2070 1089 2122 ἐννοια
1112 2068 1210 2137 τῆς
1232 2067 1444 2137 φύσεως
1460 2067 1656 2137 αὐτῆς;
1687 2071 1871 2139 ’Λρκεῐ
1893 2069 2048 2139 μόνον
2070 2069 2156 2122 λο-

590 2156 840 2225 γίσασθαι
876 2156 1016 2217 τίνες
1051 2155 1233 2224 ἐσμέν,
1270 2154 1364 2208 καὶ
1406 2154 1567 2207 πόθεν
1608 2156 2033 2226 συνεστήκαμεν,
2064 2157 2156 2210 καὶ

589 2246 738 2297 πᾶσα
766 2244 1040 2312 οἰχήσεται
1067 2242 1338 2312 λογισμῶν
1361 2243 1605 2296 ἀπόνοια.
1637 2242 1735 2295 Διά
1773 2243 1879 2314 γάρ
1906 2245 2060 2297 τοῦτο
2092 2246 2155 2298 ἐκ

589 2331 680 2384 δύο
722 2329 914 2384 οὐσιῶν
948 2330 1340 2383 κατεσκεύασεν
1372 2330 1518 2399 ἡμᾶς
1557 2331 1586 2382 ό
1616 2329 1768 2396 Θεὸς,
1806 2331 1870 2382 ἶν’
1899 2332 2023 2383 ὅταν
2059 2333 2154 2401 μὲν

589 2420 668 2481 είς
703 2418 956 2470 ἀπόνοιαν
994 2416 1254 2486 ἐπαρθῇς,
1281 2416 1603 2485 καταστείλῃ
1635 2434 1693 2469 σε
1721 2417 1780 2468 τὸ
1817 2417 2026 2479 εὐτελὲς
2058 2420 2154 2488 τῆς

591 2503 810 2574 σαρκός·
845 2504 970 2556 ὅταν
993 2503 1048 2555 δὲ
1070 2501 1281 2567 ἀνάξιόν
1307 2519 1356 2554 τι
1382 2503 1474 2554 καὶ
1499 2501 1718 2568 ἀγεννὲς
1739 2511 1758 2532 ⁶
1787 2502 1884 2571 τῆς
1915 2502 2156 2571 δοθείσης

591 2607 672 2643 σοι
690 2590 837 2659 παρά
853 2590 944 2642 τοῦ
961 2588 1094 2641 Θεοῦ
1111 2591 1274 2658 τιμῆς
1289 2588 1563 2659 ἐννοήσῃς,
1581 2587 1828 2658 ἀναγάγῃ
1844 2605 1903 2639 σε
1921 2588 2052 2658 πρὸς
2068 2588 2155 2639 τὸν

588 2676 694 2728 τῶν
726 2675 986 2746 οὐρανίων
1006 2675 1281 2742 δυνάμεων
1303 2673 1460 2741 ζῆλον
1493 2676 1526 2742 ἡ
1557 2673 1654 2742 τῆς
1675 2671 1851 2742 ψυχῆς
1887 2673 2152 2740 εὐγένεια.

658 2762 725 2826 ζ’.
764 2763 876 2814 Οὐκ
907 2764 983 2823 εἰς
1019 2759 1293 2830 ἀναίρεσιν
1319 2759 1374 2811 δὲ
1407 2759 1657 2821 ἀπονοίας
1693 2760 1849 2828 μόνον
1881 2759 2155 2828 ἐπιτηδεία

590 2848 623 2916 ἡ
643 2846 926 2914 ἐπίσκεψις
948 2846 1045 2914 τῆς
1072 2844 1284 2912 φύσεως
1326 2843 1460 2896 ἀλλὰ
1478 2845 1581 2896 κᾶν
1604 2846 1764 2914 ἐτέρα
1787 2861 1868 2906 τις
1895 2845 2155 2914 ἐπιθυμία

587 2933 851 3002 διενοχλῇ,
880 2932 980 2984 κᾶν
1010 2934 1043 3000 ἡ
1096 2930 1200 2981 τῶν
1252 2932 1568 3000 χρημάτων,
1614 2929 1715 2982 κᾶν
1749 2932 1783 3000 ἡ
1809 2929 1918 2983 τῶν
1970 2931 2154 3000 σωμά-

587 3038 714 3083 των,
745 3023 777 3091 ἡ
806 3023 1000 3082 ἄτοπος
1024 3019 1160 3088 αῦτη
1197 3021 1288 3071 καὶ
1319 3017 1398 3080 είς
1423 3017 1709 3085 ἀσέλγειαν
1761 3019 2150 3088 ἐκκαλουμένη,

587 3111 797 3180 ἀπόχρη
832 3109 985 3160 τοῦτο
1009 3109 1088 3170 είς
1115 3106 1463 3178 παραμυθίαν
1485 3106 1576 3158 τοῦ
1603 3105 1823 3170 πάθους.
1861 3108 2027 3160 Ὅταν
2063 3105 2154 3161 οῦν

588 3201 701 3270 ἴδῃς
722 3199 952 3266 γυναῖκα
970 3193 1258 3265 εὔμορφον,
1291 3193 1574 3263 λάμποντα
1602 3193 1829 3263 ἔχουσαν
1853 3194 2021 3263 όφθαλ
2030 3195 2148 3265 μὸν,

589 3284 826 3354 φαιδρὸν,
847 3282 1163 3335 στίλϐουσαν
1194 3281 1300 3333 ἀπὸ
1318 3281 1416 3350 τῆς
1449 3283 1696 3350 παρειᾶς,
1726 3281 2002 3351 ἀμήχανόν
2030 3300 2150 3336 τινα

587 3373 731 3443 ῶραν
757 3373 849 3424 ἐπὶ
868 3372 964 3439 τῆς
988 3371 1162 3438 ἕρψεως
1188 3369 1473 3438 φέρουσαν,
1503 3368 1801 3436 φλέγουσαν
1824 3385 1917 3421 σου
1938 3370 2028 3422 τὸν
2062 3369 2150 3422 λο-

585 3460 802 3530 γισμόν,
837 3459 929 3512 καὶ
967 3460 1063 3527 τὴν
1093 3457 1382 3527 ἐπιθυμίαν
1407 3457 1693 3521 αὕξουσαν,
1715 3458 1963 3527 ἐννόησον
1983 3461 2062 3511 ὅτι
2079 3459 2150 3528 γῆ

582 3550 645 3602 τὸ
674 3545 1101 3616 θαυμαζόμενον,
1134 3543 1421 3604 ὄτισποδὸς
1450 3543 1509 3594 τὸ
1540 3545 1776 3607 ἐκκαῖον,
1811 3546 1902 3596 καὶ
1947 3545 2150 3596 παύσε-

584 3653 670 3689 ται
717 3633 1023 3702 λυττῶσαή
1074 3631 1240 3700 ψυχή·
1273 3629 1609 3697 ἀνακάλυψον
1648 3631 1814 3700 αὐτῆς
1869 3632 1927 3684 τὸ
1978 3632 2150 3702 δέρμα

584 3724 679 3791 τῆς
712 3722 903 3790 ὅψεως,
937 3720 1028 3772 καὶ
1045 3719 1163 3770 τότε
1192 3719 1367 3770 πᾶσαν
1395 3717 1560 3788 αὐτὴν
1584 3717 1704 3784 ὄψει
1735 3718 1836 3787 τῆς
1854 3719 2150 3787 εὐμορφίας

585 3809 682 3878 τὴν
712 3808 1001 3860 εὐτέλειαν·
1039 3807 1112 3874 μὴ
1147 3809 1276 3875 στῇς
1310 3805 1467 3874 μέχρι
1517 3806 1617 3873 τῆς
1649 3805 1986 3872 ἐπιφανείας,
2036 3805 2148 3858 ἀλλ’

585 3895 842 3965 ἐνδοτέρω
870 3893 1081 3962 διάϐηθι
1134 3893 1210 3956 τῷ
1234 3890 1494 3961 λογισμῷ,
1545 3892 1638 3943 καὶ
1674 3892 1823 3944 οὐδὲν
1845 3893 2026 3961 ἕτερον
2064 3894 2152 3946 εὐ-

587 3985 791 4054 ρὴσεις,
823 3981 934 4034 ἀλλ’
962 3981 993 4049 ἢ
1018 3981 1149 4032 ma
1173 3981 1265 4031 καὶ
1302 3977 1466 4047 νεῦρα
1497 3979 1590 4030 καὶ
1619 3977 1838 4044 φλέδας.
1897 3978 2033 4030 Ἀλλ’
2054 3979 2152 4030 οὐκ

587 4071 747 4140 ἀρκεῖ
766 4066 964 4133 ταῦτα;
989 4063 1212 4133 Λόγισαί
1239 4080 1339 4134 μου
1377 4062 1578 4134 ταύτην
1604 4063 2008 4134 ἀλλοιουμένην,
2053 4081 2152 4135 γη-

589 4155 911 4226 ράσκουσαν,
953 4151 1369 4222 ἀρρωστοῦσαν,
1424 4150 1776 4218 ὐφιζάνοντας
1820 4151 2147 4221 ὀφθαλμοὺς,

586 4241 680 4294 καὶ
706 4240 1107 4307 κοιλαινομένας
1129 4238 1378 4307 παρειὰς,
1415 4237 1557 4289 άπαν
1586 4238 1881 4308 καταρρέον
1909 4239 1967 4292 τὸ
1993 4238 2150 4301 ἄνθος

587 4331 779 4383 ἐκεῖνο·
811 4327 1055 4397 ἐννόησον
1100 4325 1151 4378 τί
1205 4323 1522 4394 θαυμάζεις,
1565 4326 1656 4376 καὶ
1696 4325 2008 4394 αἱσχύνθητί
2057 4342 2147 4378 σου

586 4417 684 4486 τὴν
702 4416 900 4485 κρίσιν.
926 4412 1100 4483 Πηλὸν
1135 4412 1428 4482 θαυμάζεις
1444 4412 1536 4463 καὶ
1566 4412 1776 4471 σποδὸν,
1799 4412 1891 4464 καὶ
1921 4413 2064 4476 κόνις
2090 4428 2148 4465 o:

587 4504 797 4556 ἐκκαίει
825 4505 918 4554 καὶ
944 4501 1133 4570 τέφρα.
1153 4501 1225 4553 Οὐ
1280 4499 1597 4572 κατηγορῶν
1623 4503 1722 4570 τῆς
1748 4499 1959 4568 φύσεως
1980 4499 2150 4553 ταῦτα

585 4591 747 4658 λέγω·
783 4586 855 4659 μὴ
871 4588 1093 4655 γένοιτο·
1128 4587 1187 4639 οὐ
1215 4586 1472 4649 κακίζων,
1499 4586 1617 4638 οὐδέ
1643 4587 1722 4649 είς
1753 4586 2027 4639 εὐτέλειαν
2053 4588 2151 4656 ἐμ-

587 4677 821 4736 ϐάλλων,
858 4674 989 4728 ἀλλά
1018 4674 1281 4744 φάρμακα
1302 4677 1410 4736 τοῖς
1459 4673 1671 4726 νοσοῦσι
1705 4673 2146 4737 κατασκευάζων.

585 4761 737 4837 [19⁵2]
763 4761 855 4814 Διά
877 4759 1032 4816 τοῦτο
1062 4764 1089 4814 ό
1113 4760 1243 4822 Θεὸς
1273 4759 1522 4829 τοιαύτην
1563 4759 1732 4830 αὐτὴν
1761 4761 2031 4832 ἐποίησεν,
2062 4761 2152 4814 οῦ-

585 4867 692 4912 τως
726 4848 934 4916 εὐτελῆ,
960 4849 1043 4899 ἴνα
1064 4848 1157 4899 καὶ
1181 4846 1279 4918 τὴν
1306 4847 1508 4899 οἰκείαν
1545 4845 1769 4917 δύναμιν
1798 4847 2146 4916 ἐπιδείξηται,

588 4938 681 4990 καὶ
708 4934 802 5006 τὴν
838 4934 1159 5005 κηδεμονίαν
1191 4933 1286 5002 τὴν
1343 4933 1470 5004 περὶ
1497 4935 1660 5004 ἡμᾶς,
1690 4936 1754 5004 τῇ
1786 4934 1885 5002 τῆς
1938 4935 2150 5002 φύσεως

591 5024 688 5095 μὲν
709 5021 952 5090 εὐτελείᾳ
969 5020 1101 5092 πρὸς
1114 5019 1604 5089 ταπεινοφροσύνην
1616 5020 1842 5088 ἐνάγων,
1862 5022 1951 5073 καὶ
1972 5022 2149 5074 πᾶσαν

586 5112 684 5180 τὴν
711 5109 999 5178 ἐπιθυμίαν
1028 5106 1184 5177 ἡμῶν
1208 5105 1598 5165 καταστέλλων,
1627 5108 1724 5176 τὴν
1745 5106 1799 5157 δὲ
1831 5107 2017 5174 σοφίαν
2046 5108 2150 5159 δει-

587 5196 716 5257 κνὺς
744 5195 842 5263 τὴν
893 5193 1107 5254 ἐαυτοῦ,
1137 5191 1211 5255 ὡς
1244 5193 1336 5245 καὶ
1364 5194 1420 5244 ἐν
1452 5190 1604 5260 πηλῷ
1653 5192 1900 5244 τοσοῦτον
1955 5193 2150 5261 ίσχύων

586 5279 1113 5347 ῆασκῆσαικάλλος.
1152 5280 1312 5331 Ὥστε
1345 5280 1471 5331 ὅταν
1499 5279 1811 5343 ἐξευτελίσω
1832 5280 1924 5349 τὴν
1944 5281 2147 5342 οὐσίαν,

581 5368 702 5423 τότε
743 5365 1064 5419 ἐκκαλύπτω
1088 5365 1185 5435 τὴν
1215 5366 1406 5436 τέχνην
1433 5368 1523 5420 τοῦ
1545 5367 1903 5438 Δημιοιδργοῦ.
1940 5366 2150 5436 Ὠσπερ

583 5453 690 5523 γὰρ
713 5451 1149 5521 ἀνδριαντοποιὸν
1192 5451 1312 5502 τότε
1375 5453 1569 5520 μᾶλλον
1625 5453 1989 5522 θαυμάζομεν,
2053 5456 2149 5522 οὐχ

583 5544 709 5594 ὅταν
749 5544 812 5594 ἐκ
856 5541 1081 5611 χρυσίου
1138 5538 1300 5592 καλὸν
1328 5542 1458 5608 ἡμῖν
1502 5540 1648 5612 δείξῃ
1703 5543 1792 5593 τὸν
1840 5541 2148 5610 ἀνδριάντα,

583 5628 695 5678 ἀλλ’
717 5628 843 5678 ὅταν
867 5629 928 5678 ἐκ
954 5624 1126 5694 πηλοῦ
1156 5626 1255 5694 τῆς
1283 5624 1412 5695 ῦλης
1433 5627 1790 5696 ὑποκειμένης
1815 5627 2149 5696 ἀπηρτισμέ-

585 5727 676 5780 νην
714 5714 804 5765 καὶ
837 5713 1039 5784 ἀκριϐῆ
1071 5712 1172 5784 τὴν
1199 5712 1380 5767 εἰκόνα
1438 5713 1733 5783 ἐργάζηται
1786 5714 1924 5765 οῦτω
1947 5715 2148 5767 καὶτὸν

641 5886 663 5913 ⁸
689 5883 772 5932 SM
787 5886 816 5932 il
841 5886 1011 5945 ἀγενές.

1302 481 1357 535 S.
1399 479 1679 536 JOANNIS
1717 477 2194 536 CIIBYSOSTCMI
2232 478 2547 539 AIICIIIEP.
2588 484 3128 544 CONSTANTINOP.

3721 509 3839 566 186

2265 599 2644 674 ἀριστοτέχνην
2665 607 2794 656 Θεὸν
2838 604 3239 674 ἐκπληπόμεθα
3265 605 3356 658 καὶ
3382 602 3688 675 δοξάζομεν,
3745 607 3836 662 δτι

2267 691 2322 741 ἐν
2359 691 2533 759 σποδῴ
2564 693 2653 743 καὶ
2688 693 2840 761 πηλῷ
2864 693 3054 754 κάλλος
3085 693 3363 762 ἀμήχανον
3388 692 3480 744 καὶ
3513 693 3704 762 σοφίας
3730 694 3834 766 ἀῤ·

2266 775 2426 843 ρήτου
2452 775 2596 838 τινὸς
2629 778 2882 842 ἐπίδειξιν
2911 782 3020 840 τοῖς
3058 778 3300 847 σώμασιν
3331 777 3488 848 ἡμῶν
3515 780 3830 833 ἐναπέθετο.

2265 861 2372 912 Καὶ
2402 861 2556 914 τοῦτο
2590 865 2688 915 οὐκ
2746 866 2801 916 ἐν
2842 864 2917 934 τῷ
2971 863 3179 933 σώματι
3240 865 3394 933 μόνον
3449 864 3522 934 τῷ
3551 865 3829 935 ἡμετέρῳ,

2263 946 2396 998 ἀλλὰ
2427 950 2521 1000 καὶ
2548 951 2604 1000 ὲν
2632 950 2776 1020 πάσῃ
2811 953 2874 1018 τῇ
2909 950 3078 1002 κτίσει
3121 950 3389 1018 ἐποίησεν.
3421 950 3666 1012 Εὐτελείς
3719 951 3831 1020 γάρ

2264 1033 2525 1102 πολλαχοῦ
2576 1035 2909 1105 παραγαγὼν
2963 1037 3060 1098 τὰς
3117 1035 3322 1097 οὐσίας,
3354 1036 3572 1106 καὶτῆς
3619 1039 3829 1099 οίκείας

2262 1119 2454 1188 τέχνης
2473 1123 2667 1191 δεῖγμα
2689 1123 2850 1189 σαφὲς
2878 1122 3232 1190 ἐγκατέθηκε,
3255 1123 3348 1173 καὶ
3369 1122 3466 1189 τῆς
3493 1122 3598 1174 τῶν
3625 1124 3684 1175 οὐ
3695 1123 3828 1174 σιῶν

2264 1204 2541 1266 ἀσθενείας
2575 1205 2789 1274 ἐλεγχόν
2841 1224 2956 1258 τινα
2982 1206 3355 1278 ἐγκατέμιξεν·
3380 1208 3465 1259 ἵνα
3488 1208 3572 1259 διὰ
3601 1208 3697 1276 μὲν
3725 1210 3825 1277 τὴν

2262 1291 2462 1361 τέχνην
2490 1294 2582 1344 καὶ
2609 1293 2668 1344 τὸ
2703 1292 2892 1355 κάλλος
2915 1292 3195 1365 θαυμάζῃς
3239 1294 3329 1346 τὸν
3351 1292 3706 1364 Δημιουργὸν,
3737 1294 3827 1346 διὰ

2261 1375 2428 1448 δὲτὴν
2459 1377 2737 1431 ἀσθένειαν
2763 1380 2853 1432 καὶ
2877 1379 2972 1449 τὴν
3025 1380 3291 1432 εὐτέλειαν
3331 1381 3428 1447 τῆς
3481 1379 3692 1447 φύσεως
3733 1383 3828 1431 καὶ

2260 1464 2358 1533 τῆς
2377 1465 2563 1527 οὐσίας
2593 1465 2668 1535 μὴ
2717 1467 3093 1536 προσκυνήσῃς
3115 1466 3180 1518 τά
3219 1467 3493 1536 γενόμενα.
3525 1466 3750 1535 Φαιδρὸς
3798 1469 3828 1519 ό

2259 1550 2405 1619 ἥλιος
2427 1550 2773 1620 λάμπων,καὶ
2804 1556 2979 1606 πᾶσαν
3003 1552 3330 1621 καταυγάζει
3362 1554 3456 1622 τὴν
3480 1556 3822 1622 οίκουμένην·

2260 1636 2371 1690 ἀλλ’
2402 1638 2660 1709 ἐλθούσης
2692 1641 2791 1708 τῆς
2847 1641 3034 1704 νυκτὸς
3090 1641 3350 1693 ἐκλείπει.
3397 1641 3456 1692 TI
3507 1641 3632 1709 γὰρ,
3667 1640 3824 1707 φησὶ,

2257 1727 2675 1792 φωτεινότερον
2705 1727 2921 1795 ήλίου;
2974 1727 3158 1780 Ἀλλὰ
3188 1727 3284 1779 καὶ
3329 1726 3501 1779 τοῦτο
3535 1727 3821 1778 ἐκλείπει·

2257 1811 2355 1863 οὐκ
2389 1815 2444 1865 ἐν
2467 1813 2693 1865 νυκτὶδέ
2729 1814 2906 1883 μόνον,
2952 1812 3084 1866 ἀλλά
3117 1813 3208 1865 καὶ
3243 1815 3299 1865 ἐν
3327 1813 3524 1881 ἡμέρᾳ.
3572 1813 3679 1864 Καὶ
3734 1813 3827 1865 διὰ

2257 1897 2413 1950 τοῦτο
2441 1898 2692 1962 πολλάκις
2725 1900 2817 1952 καὶ
2836 1901 2893 1951 ἐν
2924 1899 3103 1969 ἡμέρᾳ
3116 1898 3265 1967 ἣλιος
3293 1896 3655 1962 ἐξέλιπεν,ῖνα
3689 1897 3825 1948 θαυ-

2260 1985 2434 2056 μάζῃς
2474 1986 2569 2055 μὲν
2591 1985 2676 2038 διὰ
2699 1987 2796 2055 τὴν
2828 1987 3017 2054 τέχνην
3055 1985 3142 2038 τὸν
3156 1983 3507 2054 Δημιουργὸν,
3543 1982 3614 2051 μὴ
3654 1999 3827 2052 προσ-

2257 2073 2493 2142 κυνὴσῃς
2530 2072 2584 2124 δέ
2599 2071 2686 2124 διὰ
2706 2072 2803 2141 τὴν
2830 2071 3109 2124 ἀσθένειαν
3139 2071 3198 2123 τὸ
3221 2070 3517 2138 γενόμενον.
3549 2068 3710 2137 Ὁρᾷς
3733 2069 3825 2120 τὸν

2254 2158 2478 2228 οὐρανὸν
2506 2157 2706 2224 τοῦτον,
2741 2159 2921 2225 ἡλίκον
2945 2161 3060 2211 ἐστὶ
3094 2159 3279 2227 σῶμας
3307 2156 3421 2219 πῶς
3463 2155 3658 2218 καλόν;
3703 2155 3824 2217 πῶς

2255 2244 2590 2306 ἀποστίλϐον,
2642 2247 2732 2298 καὶ
2756 2246 2859 2296 τῶν
2873 2247 3148 2315 ἡμετέρων
3175 2243 3377 2312 βέλτιον
3396 2242 3659 2310 σωμάτων
3677 2243 3825 2295 κατά

2255 2332 2349 2399 τὴν
2376 2332 2723 2400 έπιφάνειαν;
2769 2331 2905 2383 Ἀλλ’
2935 2331 3134 2400 ἄψυχόν
3166 2333 3330 2382 ἐστιν.
3395 2326 3543 2390 Εἶδες
3575 2329 3669 2380 καὶ
3720 2329 3824 2397 τῆς

2255 2418 2448 2486 τέχνης
2473 2418 2570 2488 τὴν
2590 2418 2861 2482 ἐπίδειξιν,
2891 2417 2982 2469 καὶ
3008 2418 3106 2484 τῆς
3131 2416 3409 2478 ἀσθενείας
3438 2417 3526 2468 τὸν
3554 2415 3778 2483 ἔλεγχον
3799 2430 3821 2481 ;

2256 2507 2382 2576 δρᾷς
2409 2506 2744 2575 ἑκατέρωθέν
2763 2522 2844 2557 σοι
2870 2504 2935 2556 τά
2956 2503 3280 2574 ὀχυρώματα
3304 2505 3524 2573 κείμενα
3545 2520 3558 2566 ;
3581 2503 3696 2555 Ἰνα
3710 2502 3822 2571 γάρ
3902 2499 3916 2508 “

2260 2591 2332 2662 μὴ
2363 2591 2774 2661 καταγινώσκῃς
2794 2591 2884 2643 τοῦ
2907 2591 3237 2662 Δημιουργοῦ
3270 2591 3344 2652 ὡς
3375 2588 3652 2651 ἀσθενοῦς,
3678 2589 3824 2641 καλὰ

2258 2678 2525 2746 ἐποίησεν·
2543 2678 2627 2729 ῐνα
2649 2677 2703 2729 δὲ
2739 2678 2812 2748 μὴ
2841 2683 3144 2748 προσκυνῇς
3171 2677 3236 2729 τά
3265 2675 3615 2745 γενόμεναώς
3637 2675 3820 2736 θεοὺς.

2257 2763 2455 2832 ἀσθενῆ
2477 2762 2647 2816 ταῦτα
2677 2764 2740 2816 ἐκ
2769 2764 2963 2835 μέρους
2997 2765 3301 2834 εἰργάσατο.
3323 2764 3504 2815 Ταῦτα
3537 2761 3822 2831 μέμνησθε

2254 2849 2527 2919 διηνεκῶς.

2324 2937 2420 2988 Διά
2450 2937 2604 2988 τοῦτο
2645 2936 2861 3005 Γραφάς
2892 2935 3284 3006 ἐρμηνεύομεν,
3320 2935 3415 3002 οὐχ
3471 2934 3556 2985 ἴνα
3591 2932 3823 3002 Γραφας

2259 3021 2463 3090 μάθητε
2495 3021 2670 3089 μόνον,
2704 3021 2814 3072 ἀλλ’
2839 3021 2921 3072 ἵνα
2951 3021 3044 3072 καὶ
3080 3021 3146 3072 τά
3184 3021 3284 3090 ήοη
3339 3018 3682 3088 διορθώσητε.
3719 3019 3826 3071 Ἂν

2253 3108 2361 3178 γὰρ
2413 3107 2565 3159 τοῦτο
2621 3107 2692 3178 μὴ
2728 3108 2984 3176 γένηται,
3033 3106 3294 3175 περιττῶς
3349 3102 3821 3172 ἀναγινώσκομεν,

2254 3195 2518 3263 περιττῶς
2550 3193 2904 3265 ἐξηγούμεθα.
2940 3194 3148 3261 Ὥσπερ
3181 3193 3286 3260 γὰρ
3332 3189 3562 3259 ἀθλητὴς
3598 3192 3678 3252 είς
3708 3207 3823 3241 πα-

2252 3277 2507 3350 λαίστραν
2538 3280 2717 3331 εἰσιὼν
2742 3280 3088 3347 ἀλειφόμενος
3114 3279 3204 3330 καὶ
3248 3277 3529 3329 ἀπολαύων
3557 3278 3665 3328 τῶν
3697 3294 3822 3346 χει-

2255 3370 2364 3439 ρῶν
2388 3370 2480 3422 τοῦ
2527 3370 2887 3440 παιδοτρίϐου,
2922 3371 2987 3423 ἂν
3011 3370 3104 3421 τοῦ
3135 3368 3340 3435 ἀγῶνος
3373 3369 3822 3438 παραγενομένου

2253 3459 2442 3530 ἐλέγξῃ
2466 3460 2676 3528 ἐκείνην
2703 3461 2799 3527 τὴν
2833 3460 3044 3528 τέχνην,
3078 3458 3341 3527 περιττῶς
3367 3455 3586 3525 εἰσήχθη
3610 3457 3689 3518 εἰς
3715 3457 3825 3525 τὴν

2255 3547 2604 3617 παλαίστραν·
2641 3547 2808 3609 οῦτως
2837 3547 2900 3599 ἂν
2938 3546 3168 3598 ἐνταῦθα
3214 3545 3634 3614 παραγινόμενοι
3657 3584 3670 3605 ,
3721 3544 3826 3595 καί

2255 3633 2609 3702 μανθάνοντες
2649 3635 2718 3686 τά
2762 3634 3109 3703 παλαίσματα
3155 3633 3326 3684 πάντα
3381 3633 3471 3684 καὶ
3516 3631 3612 3691 τὰς
3644 3629 3828 3692 λαόἀς

2251 3721 2343 3774 τοῦ
2371 3721 2634 3784 διαὸόλου,
2667 3721 2758 3773 τοῦ
2791 3720 2979 3790 καιροῦ
3020 3719 3124 3772 τῶν
3157 3719 3381 3785 ἀγώνων
3405 3717 3645 3778 ἐλθόντος
3679 3717 3828 3770 ὐπο-

2254 3807 2584 3877 σκελισθῆτε,
2619 3809 2651 3877 ἡ
2717 3807 2985 3876 εῦμορφον
3035 3806 3154 3873 δψιν
3187 3805 3399 3865 ίδόντες,
3440 3803 3472 3872 ἢ
3508 3802 3642 3871 πρὸς
3677 3802 3830 3855 ἀπό-

2251 3911 2395 3946 νοιαν
2428 3894 2772 3964 ἐπαρθέντες,
2814 3893 2846 3961 ἡ
2878 3891 3044 3960 ἑτέρῳ
3071 3891 3175 3944 τινὶ
3218 3888 3434 3958 πονηρῷ
3460 3887 3828 3957 χειρωθέντες

2250 3981 2511 4050 λογισμῷ,
2551 3981 2721 4049 μάτην
2742 3979 2970 4033 ἐνταῦθα
2997 3978 3285 4047 είσήλθετε.
3326 3973 3616 4043 Μέμνησθε
3635 3973 3830 4026 τοίνυν

2250 4068 2357 4118 τῶν
2380 4067 2568 4134 λόγων,
2613 4067 2670 4116 οὐ
2692 4064 2798 4116 τῶν
2837 4063 2976 4117 κατὰ
3006 4064 3101 4132 τῆς
3141 4063 3349 4130 φύσεως
3373 4061 3473 4127 τῆς
3517 4059 3829 4128 ἡμετέρας.

2251 4153 2383 4207 ἀλλά
2397 4153 2503 4204 τῶν
2521 4152 2658 4204 κατὰ
2672 4151 2768 4219 τῆς
2786 4149 3068 4219 ἐπιθυμίας
3085 4149 3176 4218 τῆς
3193 4145 3579 4200 ἀκολάστου.οὐ
3598 4145 3832 4214 φύσεως

2253 4238 2397 4312 [195]
2420 4239 2662 4308 ἔγκλημα
2676 4238 2742 4290 τά
2761 4239 2878 4306 είρη
2888 4236 3039 4305 μένα,
3061 4234 3193 4286 ἀλλά
3222 4232 3508 4302 ἐπιθυμίας
3529 4231 3556 4270 δ
3575 4231 3641 4283 τὰ
3664 4230 3835 4297 λεγό-

2254 4346 2406 4399 μενα.
2446 4328 2626 4398 Ταύτῃ
2650 4324 3030 4380 καταστέλλετε
3085 4322 3288 4391 θυμὸν,
3342 4320 3482 4373 οὕτω
3533 4320 3830 4390 πραθνατε

2252 4414 2555 4483 ἐπιθυμίαν,
2583 4412 2724 4465 οὕτω
2756 4411 3068 4464 κατασπάτε
3097 4410 3365 4461 ἀπόνοιαν.
3394 4406 3501 4460 Καί
3532 4403 3610 4475 ἦν
3644 4405 3835 4460 πᾶσα

2251 4502 2288 4567 ἢ
2313 4500 2385 4568 γῆ
2409 4499 2606 4567 χεῖλος
2623 4497 2711 4561 ἓν,
2737 4497 2831 4549 καί
2862 4495 3025 4564 φωνὴ
3045 4496 3149 4562 μία
3167 4491 3368 4547 πᾶσιν.
3386 4492 3514 4543 Ἰδοὺ
3539 4491 3597 4543 τὸ
3614 4491 3793 4557 ζητού
3809 4521 3830 4533 ο

2254 4603 2409 4657 μενον
2444 4585 2542 4639 ἐτι.
2577 4585 2650 4635 υύ
2681 4583 2805 4652 περὶ
2836 4582 3032 4650 ταύτης
3059 4581 3087 4631 ό
3124 4579 3298 4646 λόγος,
3337 4577 3447 4630 ἀλλ’
3481 4577 3560 4629 ὃτι
3610 4577 3832 4639 πάντες

2250 4675 2298 4726 οἱ
2331 4671 2604 4741 ἄνθρωποι
2630 4669 2809 4737 φωνὴν
2843 4663 2983 4736 εἶχον
3022 4666 3168 4737 μίαν.
3201 4663 3295 4716 Διά
3323 4663 3372 4715 τί
3426 4662 3481 4715 δέ
3533 4663 3714 4731 χεῖλος
3767 4664 3836 4715 ἐν

2250 4759 2471 4812 ἐκάλεσε
2507 4757 2605 4826 τὴν
2628 4757 2807 4825 φωνήν
2832 4771 2846 4818 ;
2877 4752 3032 4815 Ἔθος
3068 4755 3132 4822 τῇ
3156 4751 3340 4822 Γραφῇ
3372 4748 3510 4803 οὕτω
3529 4749 3720 4802 καλεῖν
3756 4750 3836 4802 τὰ

2251 4849 2487 4917 ῥήματα,
2519 4844 2788 4912 γλῶσσαν.
2832 4844 3147 4909 ’Δναγκαῖον
3180 4840 3234 4891 δὲ
3271 4839 3360 4892 καὶ
3399 4837 3555 4890 τοῦτο
3611 4836 3832 4890 εἰδέναι

2249 4935 2334 4986 διὰ
2369 4935 2488 4994 τοὺς
2522 4929 2826 5000 αἰρετικούς
2853 4967 2866 4988 ,
2918 4928 3040 4989 τοὺς
3087 4924 3518 4995 κατηγοροῦντας
3568 4921 3668 4990 τῆς
3720 4921 3830 4992 δη-

2253 5019 2533 5090 μιουργίας
2554 5016 2643 5069 τοῦ
2669 5015 2822 5076 Θεοῦ,
2847 5015 2968 5075 τούς
3003 5013 3288 5078 λέγοντας,
3335 5013 3414 5062 ὅτι
3461 5009 3700 5075 πονηρὸν
3765 5009 3836 5061 τὸ

2253 5106 2425 5174 σῶμα.
2469 5103 2678 5169 Ἐπειδὴ
2702 5103 2807 5170 γὰρ
2833 5101 2898 5152 τὰ
2928 5099 3136 5168 πονηρά
3161 5097 3430 5165 κινήματα
3454 5095 3550 5160 τῆς
3569 5093 3834 5174 διανοίας

2250 5172 2359 5254 τοῖς
2392 5191 2574 5261 μέλεσι
2615 5188 2706 5240 τοῦ
2752 5188 2993 5256 σώματος
3050 5187 3082 5254 ἡ
3130 5183 3317 5251 Γραφὴ
3369 5180 3536 5232 καλεῖ·
3597 5172 3720 5231 οἷόν
3775 5199 3833 5234 τι

2251 5280 2408 5345 λέγω·
2428 5279 2766 5340 Ἢκόνησαν
2788 5269 3074 5340 γλῶσσαν
3098 5268 3294 5323 αὐτῶν
3327 5265 3469 5319 ὡσεί
3503 5263 3722 5331 ὄφεως·
3765 5267 3834 5320 Ἡ

2249 5365 2496 5434 γλῶσσα
2516 5360 2708 5415 αὐτῶν
2724 5359 2981 5428 μάχαιρα
3003 5355 3182 5420 ὀξεῖα·
3205 5353 3508 5422 νομίζουσιν
3525 5345 3618 5402 οὖν
3644 5366 3834 5418 τινες,

2249 5455 2328 5505 ὅτι
2357 5452 2482 5521 περὶ
2520 5449 2614 5516 τῆς
2647 5445 2884 5515 γλώττης
2922 5443 3148 5512 εἴρηται.
3199 5441 3309 5493 Οὐκ
3338 5439 3545 5507 εἴρηται
3576 5434 3634 5487 δὲ
3685 5440 3836 5507 περὶ

2249 5543 2346 5609 τῆς
2372 5539 2630 5608 γλώττης·
2672 5535 2742 5604 μὴ
2763 5534 2981 5600 γένοιτο·
3018 5531 3174 5600 ἔργον
3208 5527 3313 5596 γάρ
3363 5528 3486 5609 ἐστι
3506 5523 3598 5577 τοῦ
3651 5523 3834 5579 Θεοῦ·

2249 5607 2380 5681 ἀλλά
2417 5624 2541 5692 περὶ
2589 5620 2694 5673 τῶν
2728 5619 2982 5690 ῥημάτων
3014 5616 3118 5668 τῶν
3153 5610 3402 5681 φονικῶν,
3422 5607 3528 5662 τῶν
3554 5611 3840 5663 ἀποκτινο

2250 5713 2448 5767 νύντων
2483 5707 2813 5776 ἀνθρώπους,
2861 5702 2968 5755 τῶν
2997 5698 3369 5770 ἐμπιπτόντων
3422 5694 3606 5762 ξίφους
3655 5696 3836 5762 χαλε-

2312 5823 2338 5860 ὶι
2359 5823 2447 5870 Hic
2469 5817 2648 5881 aliquid
2673 5818 2776 5881 vim
2800 5816 3069 5875 suspicatur
3089 5812 3225 5860 Joan.
3247 5807 3452 5863 Βοίδιον,
3473 5811 3524 5854 ot
3546 5804 3688 5854 addit
3711 5822 3841 5854 και-

2253 5884 2414 5947 ηγορία
2438 5888 2540 5946 post
2551 5877 2811 5938 ἶπιθυμίας.
