4144 6482
251 429 358 485 185

234 546 409 597 ctare.
436 541 493 588 ut
534 533 901 588 infirmitatem
930 540 1074 586 tuam
1098 530 1273 587 discas
1300 549 1315 587 :
1347 532 1520 585 adhuc
1550 539 1808 585 Viventem

239 626 505 680 hominem
537 634 779 678 scrutare
803 663 819 688 ,
851 632 1007 692 atque
1035 624 1087 676 iu
1117 624 1233 692 ejus
1271 624 1469 677 viscera
1495 623 1813 692 cogitatione

238 716 499 770 descende
520 756 537 781 ,
568 723 685 768 tum
718 714 922 768 videbis
944 754 957 777 ,
986 728 1143 783 quam
1174 714 1317 767 nihili
1366 715 1433 767 sit
1462 722 1516 767 et
1551 714 1809 782 abjectus.

241 810 487 860 Attamen
518 807 622 859 noli
648 807 884 859 animum
911 804 1240 874 despondere
1271 822 1284 855 :
1316 819 1487 872 neque
1506 804 1643 858 enim
1671 802 1813 872 quod

236 912 341 951 nos
388 896 510 949 odio
537 904 966 965 prosequeretur,
996 894 1089 948 sed
1133 893 1273 962 quod
1314 894 1496 947 mitius
1535 893 1810 948 nobiscum

237 996 459 1054 ageret,
493 987 544 1039 id
576 985 700 1041 fecit
727 987 867 1039 Deus
890 1028 905 1053 ,
936 999 1282 1055 magnamque
1312 983 1462 1038 nobis
1504 983 1811 1039 htttnilitatis

237 1078 572 1131 occasionem
606 1076 883 1146 prteberet.
918 1075 1050 1129 Nam
1079 1075 1121 1128 si
1146 1074 1465 1136 bomo,cum
1495 1082 1632 1128 terra
1660 1077 1726 1128 sit
1755 1084 1809 1129 et

237 1168 398 1232 cinis,
427 1167 607 1222 dicere
632 1182 794 1221 ausus
822 1175 919 1231 est,
953 1163 1019 1218 In
1046 1164 1223 1217 calum
1245 1162 1511 1217 ascendam
1538 1161 1689 1234 (lsai.
1720 1165 1802 1219 14.

237 1259 330 1327 13)
367 1275 383 1311 :
415 1258 517 1310 nisi
567 1256 771 1311 frenum
804 1256 1054 1326 injectum
1101 1262 1246 1309 esset
1291 1265 1524 1319 naturae,
1574 1268 1682 1321 quo
1700 1268 1809 1308 non

234 1350 356 1417 ejus
372 1348 583 1403 animus
607 1357 883 1417 provectus
902 1347 1067 1400 esset?
1089 1344 1310 1410 Quando
1335 1344 1490 1413 igitur
1508 1344 1807 1413 quempiam

237 1438 440 1492 videris
467 1438 883 1509 superbientem,
914 1444 1090 1491 erecta
1116 1434 1343 1497 cervice,
1372 1432 1593 1486 sublatis
1620 1448 1811 1503 super-

232 1530 396 1594 ciliis,
427 1545 585 1583 curru
614 1538 818 1583 vectum
843 1568 857 1590 ,
892 1527 1201 1587 minantem,
1230 1524 1523 1579 mittentem
1549 1524 1603 1579 in
1628 1539 1812 1579 carce-

232 1635 372 1682 rem,
393 1617 550 1672 morti
579 1616 898 1681 tradentem,
925 1614 1165 1684 injuriam
1194 1613 1506 1668 inferentem
1533 1654 1548 1676 ,
1576 1614 1661 1668 die
1690 1615 1760 1667 illi
1790 1632 1804 1666 :

237 1708 377 1773 Quid
398 1708 617 1777 superbit
645 1716 775 1760 terra
800 1715 846 1759 et
873 1706 997 1758 cinis
1016 1705 1042 1757 ?
1059 1704 1309 1771 Quoniam
1336 1713 1381 1756 et
1410 1705 1462 1756 in
1489 1705 1587 1757 vita
1612 1706 1724 1773 ejus
1742 1706 1809 1757 ad

232 1798 455 1851 nihilum
478 1798 679 1851 redacta
703 1808 818 1851 sunt
846 1798 1023 1849 intima
1053 1797 1181 1864 ejus.
1213 1795 1339 1850 Haec
1363 1812 1469 1849 non
1497 1796 1566 1851 de
1592 1796 1808 1850 homine

235 1897 442 1939 tantum
474 1888 710 1955 privato,
743 1887 834 1941 sed
855 1886 1014 1941 etiam
1042 1884 1110 1939 de
1136 1884 1227 1938 illo
1254 1884 1369 1954 ipso
1390 1925 1406 1947 ,
1438 1885 1526 1954 qui
1573 1886 1625 1939 in
1674 1886 1809 1941 solio

233 1978 391 2032 sedet
416 1979 583 2046 regio,
612 1978 715 2041 dici
746 1986 992 2044 possunt.
1025 1976 1140 2031 Noli
1181 1978 1323 2032 enim
1372 1993 1680 2047 purpuram,
1710 1993 1804 2031 ne-

232 2083 343 2136 que
370 2067 634 2133 diadema,
665 2082 831 2137 neque
856 2082 1013 2121 aurea
1042 2068 1353 2122 vestimenta
1383 2069 1647 2137 respicere
1668 2110 1681 2131 ,
1709 2068 1803 2122 sed

232 2158 290 2211 in
340 2158 508 2226 ipsam
539 2158 744 2227 inquire
789 2166 1065 2220 naturam,
1111 2173 1283 2227 neque
1326 2158 1608 2228 quidquam
1661 2159 1804 2214 illam

234 2247 439 2301 habere
488 2248 712 2315 amplius
766 2261 921 2316 quam
967 2263 1121 2301 unam
1171 2264 1201 2301 e
1228 2248 1382 2317 vulgo
1419 2248 1619 2303 videbis
1655 2264 1671 2303 :
1701 2250 1806 2304 imo

236 2356 393 2404 vero,
417 2340 459 2392 si
488 2340 678 2407 placet,
706 2350 760 2393 et
789 2356 1071 2408 purpuram
1093 2381 1107 2404 ,
1135 2349 1189 2394 et
1217 2340 1477 2405 diadema,
1506 2352 1558 2396 et
1588 2352 1763 2396 vestes
1788 2382 1803 2404 .

228 2442 287 2484 et
339 2446 553 2485 omnem
614 2432 752 2484 illam
805 2446 1059 2499 percurre
1104 2443 1573 2503 pompam,atquc
1614 2433 1803 2488 horum

230 2522 470 2589 ipsorum
515 2538 695 2576 rursus
748 2531 939 2575 terram
992 2525 1263 2576 materiam
1320 2538 1438 2578 esse
1490 2539 1800 2594 cognosces.

232 2614 414 2665 Omnis
456 2614 588 2665 enim
642 2614 801 2682 gloria
831 2613 1043 2665 hominis
1068 2623 1118 2664 ut
1140 2615 1235 2681 [los
1272 2614 1392 2681 foeni
1426 2612 1573 2683 (lsai.
1601 2615 1687 2669 40.
1722 2618 1801 2684 6).

228 2705 371 2756 Ecce
400 2704 481 2757 vel
536 2704 645 2772 ipsa
695 2704 852 2757 etiam
900 2714 1035 2757 terra
1087 2704 1241 2756 vilior
1266 2712 1405 2757 totus
1452 2705 1541 2760 ille
1566 2707 1805 2775 apparuit

227 2803 472 2845 ornatus.
507 2793 663 2846 Vides
703 2803 758 2846 ut
787 2792 979 2846 fastum
1028 2793 1322 2861 reprimat?
1350 2803 1408 2847 ut
1450 2797 1801 2863 arrogantiam

225 2900 445 2938 omnem
497 2885 660 2954 ipsius
706 2892 907 2938 natura:
959 2883 1254 2938 recordatio
1294 2885 1746 2941 retundat?Suflit
1765 2887 1805 2939 it

226 2984 433 3027 tantum
464 2984 520 3027 ut
548 2976 840 3044 cogitemus
868 2974 1082 3043 quinam
1112 2976 1299 3042 simus,
1331 2987 1384 3030 et
1414 2978 1600 3046 quibus
1625 2993 1688 3032 ex
1714 2994 1801 3032 re-

225 3068 329 3119 bus
356 3066 638 3131 compacti,
674 3075 782 3118 tum
810 3066 982 3120 omnis
1008 3066 1253 3134 superbia
1282 3067 1655 3137 cogitationum
1676 3084 1803 3123 eva-

225 3167 431 3211 nescet.
468 3156 751 3225 Propterea
792 3172 1016 3226 namque
1041 3156 1244 3211 duabus
1282 3174 1378 3211 nos
1407 3174 1469 3213 ex
1498 3160 1802 3215 substantiis

220 3249 494 3317 compegit
516 3248 654 3301 Deus
678 3287 691 3308 .
722 3257 779 3301 ut
806 3251 847 3301 si
876 3249 1087 3318 quando
1116 3251 1164 3303 in
1192 3250 1491 3319 superbiam
1524 3252 1760 3307 eï¬‚craris
1782 3296 1796 3317 .

221 3339 405 3390 vilitas
425 3337 670 3391 carniste
689 3337 950 3406 deprimat
978 3356 990 3390 :
1014 3340 1056 3392 si
1088 3339 1298 3407 quando
1327 3351 1499 3393 autem
1538 3342 1627 3395 tibi
1650 3344 1802 3411 quid-

220 3431 347 3482 dam
382 3430 560 3482 veniat
590 3430 639 3481 in
669 3437 897 3483 mentem
931 3430 1223 3499 indignum,
1256 3440 1310 3485 et
1334 3434 1472 3500 quod
1502 3433 1570 3485 ab
1598 3432 1799 3489 honore

218 3535 249 3570 a
301 3520 411 3571 Deo
463 3520 657 3572 collato
702 3518 989 3588 degeneret
1016 3561 1029 3584 ,
1058 3521 1250 3573 anima:
1278 3521 1519 3575 nobilitas
1546 3522 1611 3576 ad
1639 3523 1798 3577 caele-

217 3611 385 3661 stium
406 3608 651 3661 virtutum
674 3609 1063 3663 aemulationem
1098 3617 1147 3664 te
1173 3611 1445 3679 provehat.

297 3703 350 3752 7.
388 3700 566 3768 Neque
592 3716 718 3754 vero
749 3711 947 3754 tantum
972 3701 1037 3755 ad
1067 3702 1348 3755 tollendam
1392 3703 1686 3771 superbiam
1718 3713 1799 3758 est

218 3792 415 3845 idonea
443 3792 794 3845 consideratio
819 3800 1018 3845 natura:
1042 3833 1057 3857 ,
1086 3792 1179 3845 sed
1206 3800 1261 3845 et
1286 3793 1330 3847 si
1360 3794 1459 3845 alia
1482 3796 1679 3862 quaevis
1706 3811 1796 3849 cu-

217 3880 419 3949 piditas
444 3880 709 3943 obturbct,
733 3882 846 3934 sive
869 3881 1231 3949 pecuniarum,
1255 3882 1370 3935 sive
1389 3896 1667 3950 corporum
1700 3884 1795 3939 ista

218 3970 393 4034 turpis
420 3978 473 4021 et
505 3986 620 4037 quae
646 3970 709 4021 ad
742 3970 1007 4024 lasciviam
1035 3980 1285 4039 provocat
1312 4012 1325 4033 ,
1348 3972 1414 4025 ad
1444 3974 1795 4044 perturbatio-

214 4078 341 4113 nem
375 4060 662 4113 sedaudant
695 4061 792 4114 hoc
818 4062 1030 4115 Sufficit.
1059 4061 1189 4115 Cum
1217 4077 1342 4131 ergo
1373 4062 1653 4117 formosam
1679 4081 1795 4117 tnu-

213 4155 404 4204 lierem
436 4152 631 4205 videris
656 4193 670 4217 ,
698 4155 780 4206 cui
820 4154 1075 4206 micantes
1104 4154 1242 4207 oculi
1288 4163 1413 4208 sunt
1463 4165 1517 4209 et
1558 4155 1753 4212 hilares
1775 4198 1791 4222 ,

211 4243 299 4294 cui
332 4242 563 4295 nitentes
586 4256 756 4310 genre,
793 4244 943 4311 cujus
970 4244 1025 4297 in
1052 4244 1197 4298 vultu
1224 4246 1415 4299 eximia
1440 4248 1677 4314 qumdam
1700 4264 1794 4318 apâ€”

211 4340 407 4400 parcat
455 4331 819 4398 pulchritudo,
846 4348 965 4402 qua:
1009 4345 1241 4388 mentum
1284 4345 1423 4389 tuam
1466 4336 1787 4403 inï¬‚ammet,

208 4434 272 4477 et
301 4424 573 4477 libidinem
618 4436 842 4493 augeat,
874 4426 1045 4494 cogita
1091 4436 1284 4480 terrain
1314 4427 1444 4481 illud
1487 4444 1605 4484 esse
1647 4431 1788 4499 quod

211 4511 433 4564 miraris
454 4552 468 4572 ,
511 4512 742 4567 cinerem
772 4528 890 4567 esse
914 4514 1054 4583 quod
1086 4523 1137 4568 te
1166 4517 1435 4583 accendit,
1461 4526 1516 4571 et
1559 4520 1790 4576 insanire

207 4602 397 4653 anima
423 4600 629 4655 desinet
658 4618 671 4654 :
703 4602 892 4672 detege
918 4613 1091 4657 cutem
1125 4606 1297 4658 vultus
1321 4605 1453 4674 ejus,
1488 4614 1595 4661 tum
1620 4608 1786 4675 ipsam

208 4703 431 4740 munem
464 4690 863 4755 pulchritudinis
887 4692 1140 4745 vilitatem
1165 4694 1361 4747 videbis
1391 4711 1405 4747 :
1432 4710 1497 4749 ne
1524 4696 1575 4749 in
1602 4712 1789 4764 superâ€”

207 4782 337 4834 ficie
365 4780 656 4841 consistas,
690 4784 781 4837 sed
813 4784 1036 4838 interius
1077 4786 1396 4853 cogitatione
1425 4788 1743 4855 progredere
1766 4828 1781 4853 ,

205 4887 317 4926 nec
370 4872 509 4923 aliud
538 4872 819 4941 quidquam
848 4884 1040 4941 praeter
1061 4888 1181 4927 ossa
1205 4915 1218 4937 ,
1269 4890 1458 4929 nervos
1482 4916 1498 4940 ,
1537 4892 1598 4931 ac
1624 4893 1785 4931 venas

202 4962 475 5029 reperies.
506 4963 571 5014 At
599 4978 701 5015 non
731 4963 1000 5017 sufficiunt
1021 4964 1145 5017 ista?
1170 4964 1349 5033 Cogita
1381 4966 1507 5019 mihi
1529 4976 1782 5022 mutatam

200 5056 361 5107 illam
380 5094 395 5116 ,
425 5063 787 5107 senescentem
813 5095 827 5116 ,
868 5064 1118 5123 argrotam
1139 5097 1154 5119 ,
1186 5056 1519 5111 subsidentes
1562 5059 1744 5113 oculos
1764 5100 1778 5123 ,

196 5154 497 5199 excavatus
553 5158 715 5212 genas
740 5183 755 5206 ,
795 5152 961 5196 totum
1007 5147 1151 5197 illum
1196 5146 1380 5201 ï¬‚orem
1420 5147 1779 5204 defluentem:

192 5234 387 5301 cogita
415 5234 537 5299 quid
563 5233 865 5294 admireris,
898 5242 952 5286 et
977 5235 1051 5285 tui
1090 5234 1275 5302 judicii
1308 5247 1358 5290 te
1406 5236 1639 5304 pudebit.
1671 5237 1781 5291 Lu-

195 5338 320 5377 Î¹Î¹Î¹ÎµÎ¹Î¹
357 5323 561 5375 miraris
585 5332 637 5375 et
662 5324 915 5384 cinerem,
947 5324 1115 5391 pulvis
1148 5334 1199 5378 te
1240 5326 1475 5381 incendit
1502 5337 1554 5380 et
1581 5326 1777 5381 favilla.

192 5415 323 5469 Non
379 5412 487 5466 haec
534 5426 599 5467 eo
636 5414 777 5477 dico,
801 5424 856 5466 ut
886 5424 1126 5467 naturam
1158 5431 1440 5481 accusem;
1472 5418 1609 5472 absit
1640 5436 1655 5471 :
1683 5434 1781 5473 nec

194 5515 259 5557 ut
295 5504 587 5569 vituperem
607 5546 619 5567 ,
649 5513 740 5556 aut
768 5514 1029 5573 tamquam
1058 5505 1211 5557 vilem
1242 5506 1534 5574 deprimam
1560 5550 1573 5574 ,
1606 5508 1699 5563 sed
1722 5518 1779 5563 ut

191 5596 584 5665 a-grotantibus
631 5596 1014 5649 medicamenta
1060 5609 1397 5663 componam.
1451 5599 1573 5653 Ideo
1620 5600 1774 5655 talem

194 5690 375 5755 ipsam
404 5686 540 5742 Deus
570 5687 849 5752 condidit,
877 5686 1009 5741 adeo
1038 5687 1194 5741 vilem
1220 5727 1235 5751 ,
1270 5700 1327 5741 ut
1351 5700 1406 5744 et
1432 5707 1580 5744 suam
1604 5694 1775 5746 virtu-

195 5791 306 5838 tem
336 5789 391 5833 et
438 5794 624 5835 curam
651 5779 720 5833 de
747 5779 901 5833 nobis
941 5777 1223 5845 ostendat,
1258 5777 1380 5833 dum
1415 5793 1613 5837 natura:
1654 5786 1769 5839 vili-

1187 419 1274 473 Î’Î•
1313 416 1838 476 PROPUETIARUM
1875 416 2359 474 OBSCURITATE.
2400 419 2466 475 11.

3374 408 3488 467 186

1923 537 2028 584 tate
2055 544 2149 583 nos
2174 530 2238 584 ad
2269 530 2615 585 humilitatem
2643 531 2841 586 inducit
2862 574 2876 595 ,
2906 548 3219 603 omnemque
3248 547 3479 593 nostram

1916 620 2250 690 cupiditatem
2304 631 2547 686 coercet,
2608 637 2671 677 ac
2728 623 2997 692 sapientia:
3051 638 3163 678 sine
3215 625 3480 694 specimen

1916 697 2131 774 edit,'ut
2157 714 2245 781 qui
2276 713 2436 767 etiam
2474 715 2527 767 in
2560 715 2667 767 luto
2706 714 2870 783 possit
2900 723 3095 769 tantam
3134 716 3475 785 pulchritudi-

1915 817 2034 856 nem
2060 802 2329 858 exhibere.
2362 804 2493 857 Dum
2526 804 2682 873 igitur
2723 804 3073 858 substantiam
3106 807 3253 875 parvi
3302 806 3438 861 facio
3461 846 3477 872 .

1916 900 2023 945 tum
2069 892 2283 961 Opificis
2310 904 2478 948 artem
2525 894 2734 962 detego.
2762 894 2889 946 Nam
2917 904 2976 947 ut
3024 896 3338 950 statuarium
3367 905 3476 949 tum

1914 985 2078 1055 magis
2101 985 2445 1050 admiramur,
2475 1001 2580 1039 non
2615 1001 2733 1039 cum
2765 985 3068 1053 praeclaram
3102 1001 3167 1040 ex
3210 1001 3340 1041 auro
3370 998 3479 1041 stac

1915 1082 2057 1128 tuam
2095 1074 2393 1129 exhibuerit
2416 1116 2429 1136 ,
2456 1074 2549 1128 sed
2577 1090 2695 1129 cum
2725 1090 2787 1128 ex
2828 1074 3061 1142 subjecta
3111 1075 3207 1129 lutl
3252 1076 3476 1130 materia

1913 1166 2195 1234 perfectam
2244 1174 2299 1219 et
2344 1166 2589 1219 eximiam
2635 1165 2912 1234 imaginem
2946 1164 3102 1219 fuerit
3140 1164 3422 1219 fabricatus
3461 1183 3475 1219 :

1913 1256 1981 1308 ita
2007 1270 2213 1324 quoque
2252 1270 2513 1308 summum
2548 1256 2799 1309 artificem
2852 1254 3015 1309 Deum
3055 1255 3475 1323 obstupescimus

1910 1353 1964 1399 et
1999 1344 2384 1414 glorificamus,
2412 1344 2552 1413 quod
2582 1344 2634 1398 iu
2685 1345 2900 1413 pulvere
2924 1358 2986 1398 ac
3029 1343 3140 1398 luto
3169 1344 3469 1412 pulchritu-

1910 1434 2087 1490 dinem
2130 1435 2410 1505 quamdam
2441 1435 2751 1490 immensam
2793 1444 2848 1490 et
2896 1434 3174 1490 ineffabilia
3197 1434 3473 1504 cujusdam

1910 1527 2181 1594 sapientia:
2207 1526 2473 1594 specimen
2517 1525 2570 1579 in
2614 1525 2809 1579 nostris
2836 1525 3149 1595 corporibus
3176 1524 3473 1580 collocarit.

1910 1617 2081 1685 Atque
2122 1614 2225 1670 hoc
2266 1630 2372 1669 non
2409 1614 2461 1669 in
2484 1629 2705 1683 corpore
2749 1614 2919 1668 solum
2968 1622 3150 1669 nostro
3173 1655 3188 1679 ,
3219 1613 3311 1669 sed
3339 1622 3393 1668 et
3420 1614 3471 1667 in

1910 1708 2053 1761 omni
2083 1707 2321 1775 praestitit
2358 1714 2616 1760 creatura.
2656 1704 2785 1760 Nam
2811 1721 2930 1759 cum
2960 1707 3091 1760 viles
3123 1706 3317 1774 passim
3349 1720 3471 1773 pro-

1910 1799 2147 1854 duxisset
2189 1796 2545 1861 substantias,
2573 1804 2628 1850 et
2668 1796 2797 1851 artis
2824 1810 2933 1850 suae
2960 1799 3227 1865 specimen
3276 1794 3327 1848 iu
3370 1794 3473 1848 illis

1911 1891 2114 1960 insigne
2135 1889 2331 1961 posuit,
2360 1898 2416 1943 et
2442 1888 2849 1943 substantiarum
2876 1887 3191 1941 infirmitatis
3220 1885 3468 1940 iudicium

1909 1982 2172 2053 quoddam
2215 1980 2500 2035 immiscuit
2528 1997 2543 2035 :
2573 1989 2632 2033 ut
2659 1994 2779 2033 cum
2823 1988 3040 2048 propter
3071 1985 3242 2032 artem
3266 1992 3329 2031 ac
3356 1976 3475 2046 pul-

1909 2072 2262 2127 cbritudinem
2306 2069 2491 2125 laudes
2518 2068 2820 2133 Artificem,
2852 2077 2959 2121 tum
3006 2076 3224 2139 propter
3250 2066 3472 2120 infirmi-

1911 2170 2072 2216 tatem
2103 2161 2465 2228 vilitatemque
2487 2166 2689 2212 natura:
2714 2172 2774 2212 ac
2798 2157 3124 2222 substantite,
3147 2170 3263 2225 quae
3291 2165 3469 2209 creata

1909 2262 2034 2308 sunt
2057 2267 2159 2307 non
2188 2251 2399 2306 adores.
2449 2248 2768 2319 Splendidus
2809 2258 2890 2302 est
2916 2248 2991 2301 sol
3016 2287 3032 2314 ,
3060 2246 3184 2300 dum
3219 2244 3431 2315 affulget
3454 2284 3473 2307 ,

1910 2356 2182 2413 totumque
2226 2352 2485 2398 terrarum
2529 2341 2713 2395 urbem
2743 2339 3038 2395 illuminat:
3068 2339 3161 2393 sed
3190 2352 3311 2392 cum
3359 2351 3467 2391 nox

1909 2436 2181 2490 advenerit
2202 2476 2217 2498 ,
2245 2434 2441 2488 deficit.
2477 2432 2612 2499 Quid
2653 2432 2784 2485 enim
2807 2471 2822 2495 ,
2846 2431 3013 2499 inquit
3035 2470 3052 2495 ,
3082 2429 3297 2484 lucidius
3326 2427 3471 2481 sole!

1909 2526 2014 2581 Sed
2042 2534 2087 2579 et
2125 2525 2219 2577 hoc
2262 2524 2430 2591 deï¬cit
2466 2521 2646 2591 (Ercli.
2671 2522 2756 2575 17.
2788 2521 2909 2588 50)Í¾
2939 2534 3109 2589 neque
3146 2533 3272 2572 vero
3308 2524 3465 2571 noctu

1907 2615 2097 2680 solum,
2129 2612 2223 2668 sed
2260 2620 2315 2667 et
2354 2612 2600 2666 interdiu.
2631 2611 2803 2680 Atque
2838 2609 3032 2664 idcirco
3056 2624 3195 2678 sazpe
3238 2606 3463 2661 interdiu

1907 2706 2034 2760 solis
2058 2704 2296 2759 defectus
2325 2702 2627 2767 intervenit,
2651 2712 2708 2755 ut
2734 2699 2987 2771 Opificem
3009 2699 3220 2768 quidem
3251 2706 3468 2767 propter

1905 2796 2183 2852 artificium
2222 2793 2442 2860 laudes,
2485 2793 2577 2847 sed
2623 2802 2834 2862 prOpter
2877 2790 3287 2845 imbecillitatem
3330 2788 3470 2857 quod

1907 2898 2139 2942 creatum
2170 2894 2252 2941 est
2280 2900 2386 2940 non
2414 2883 2626 2937 adores.
2658 2882 2813 2936 Vides
2841 2880 2940 2935 hoc
2967 2880 3160 2936 emtum
3178 2918 3192 2941 ,
3219 2877 3373 2947 quale
3401 2877 3470 2930 sit

1905 2978 2132 3047 corpus?
2160 2992 2317 3047 quam
2348 2972 2658 3045 pulchrum?
2702 2986 2857 3043 quam
2892 2970 3195 3040 refulgens?
3221 2968 3393 3037 quod,
3424 2969 3469 3020 si

1906 3070 2137 3139 speciem
2165 3078 2436 3122 externam
2484 3074 2689 3134 spectes
2716 3104 2731 3127 ,
2761 3063 2841 3117 vel
2876 3061 3001 3131 ipsis
3039 3060 3349 3129 corporibus
3376 3076 3472 3112 no-

1905 3162 2028 3216 stris
2054 3170 2135 3216 est
2163 3158 2514 3228 praestantius.
2547 3158 2615 3210 At
2650 3170 2839 3224 expers
2881 3163 2964 3208 est
2990 3155 3198 3206 animm.
3231 3151 3388 3205 Vides
3416 3161 3471 3205 et

1902 3254 2031 3306 artis
2059 3251 2323 3319 specimen
2344 3289 2359 3313 ,
2389 3262 2441 3303 et
2467 3248 2713 3302 indicium
2740 3244 3096 3301 infirmitatis?
3126 3245 3272 3299 vides
3302 3243 3469 3297 utrin-

1903 3358 2008 3412 que
2032 3342 2124 3395 tibi
2155 3348 2335 3409 parata
2363 3338 2645 3409 pra:sitlia?
2676 3336 2804 3391 Nam
2838 3346 2894 3390 ut
2922 3335 3174 3405 Opificetn
3200 3345 3466 3404 tamquam

1904 3433 2225 3488 imbecillum
2270 3447 2375 3484 non
2403 3430 2659 3494 damnes,
2688 3428 2932 3497 pulchras
2980 3426 3217 3481 condidit
3259 3435 3467 3479 creatu-

1903 3539 2026 3578 ras:
2056 3532 2112 3576 ut
2136 3532 2309 3576 autem
2347 3536 2463 3589 qua:
2502 3518 2708 3572 condita
2739 3528 2860 3570 sunt
2888 3526 3149 3583 tamquam
3198 3514 3327 3568 deos
3359 3530 3463 3567 non

1900 3613 2109 3676 adores,
2138 3627 2206 3665 cx
2238 3619 2386 3681 parte
2412 3610 2615 3662 inlirma
2643 3607 2732 3661 illa
2764 3606 3045 3661 fabricatus
3070 3614 3171 3659 cst.
3202 3604 3323 3659 lltec
3353 3620 3466 3674 per-

1900 3714 2057 3772 petuo
2078 3701 2333 3755 memoria
2363 3709 2555 3753 tenete.

1973 3794 2174 3847 Marum
2198 3792 2436 3844 correctio
2466 3790 2580 3858 ï¬nis
2622 3789 2919 3859 Scriptum.
2950 3787 3257 3841 Maniclueos
3282 3787 3458 3839 redar-

1899 3885 2025 3953 guit.
2052 3911 2124 3921 â€”
2152 3884 2274 3936 ldeo
2321 3882 2619 3950 Scripturas
2654 3882 2778 3935 inte:
2797 3891 3083 3949 pretamur,
3110 3894 3213 3933 non
3238 3886 3297 3931 ut
3321 3878 3464 3932 Scri-

1900 3983 2082 4040 pturas
2112 3983 2312 4026 tantum
2351 3973 2676 4041 intelligatis,
2709 3972 2801 4025 sed
2842 3981 2897 4024 ut
2928 3986 3102 4025 mores
3142 3969 3457 4025 etnendetis.

1896 4062 2008 4116 Nisi
2027 4063 2167 4116 enim
2198 4060 2298 4115 hoc
2343 4062 2460 4125 fiat,
2490 4062 2678 4115 frustra
2714 4062 2936 4130 legimus
2958 4101 2975 4127 ,
3006 4060 3194 4114 frustra
3235 4060 3461 4130 exponi-

1898 4172 2033 4211 mus.
2063 4154 2195 4209 Nam
2242 4153 2379 4209 sicut
2420 4168 2538 4207 cum
2588 4153 2639 4206 in
2671 4152 2965 4221 paitestram
3013 4151 3279 4221 ingressus
3306 4150 3462 4205 fuerit

1896 4246 2095 4302 athleta
2122 4253 2340 4308 unctus,
2369 4251 2423 4296 et
2472 4242 2775 4311 ptrdotribte
2806 4257 2964 4295 manu
3008 4255 3236 4311 curaque
3265 4239 3462 4294 instru-

1894 4348 2042 4401 ctus,
2086 4337 2130 4389 si
2179 4351 2300 4390 cum
2342 4331 2645 4388 certaminis
2690 4340 2896 4401 tempus
2932 4331 3240 4393 advenerit,
3288 4339 3458 4385 artem

1895 4430 2039 4481 illam
2066 4427 2299 4481 inutilem
2333 4439 2452 4479 esse
2488 4422 2815 4487 ostenderit,
2848 4424 3038 4476 frustra
3071 4422 3120 4474 in
3157 4422 3455 4491 palaestram

1894 4517 2227 4573 introductus
2253 4524 2335 4570 est
2363 4531 2376 4567 :
2404 4515 2476 4568 ita
2505 4528 2621 4567 cum
2664 4512 2765 4566 huc
2794 4512 3179 4575 conveneritis,
3208 4518 3261 4564 et
3290 4511 3456 4564 luctas

1891 4624 2075 4663 omnes
2097 4648 2113 4671 ,
2143 4615 2197 4661 et
2216 4607 2267 4660 iu
2294 4606 2432 4659 lucta
2472 4620 2636 4658 nexus
2661 4602 2855 4657 diaboli
2885 4602 3172 4656 didiceritis
3195 4644 3209 4663 .
3242 4602 3287 4655 si
3328 4617 3448 4657 cum

1893 4699 2239 4754 certaminum
2290 4705 2497 4767 tempus
2554 4696 2821 4761 inciderit,
2853 4694 3299 4763 supplantemini,
3326 4694 3450 4749 dum

1891 4794 1971 4843 vel
1999 4790 2285 4844 formosum
2310 4786 2511 4840 vultum
2533 4784 2785 4850 videritis,
2808 4785 2890 4839 vel
2922 4785 2973 4838 in
3002 4784 3299 4854 superbiam
3325 4785 3449 4838 elati

1890 4878 2092 4934 fueritis
2110 4919 2125 4942 ,
2153 4878 2238 4931 vel
2263 4877 2364 4930 alia
2396 4891 2552 4945 prava
2580 4877 2822 4945 quapiam
2858 4874 3175 4944 cogitatione
3204 4874 3409 4928 subacti
3431 4914 3447 4935 ,

1888 4970 2078 5023 frustra
2110 4970 2161 5023 in
2192 4968 2332 5021 hunc
2365 4966 2542 5019 locum
2586 4965 2806 5035 ingressi
2840 4966 2987 5018 estis.
3010 4964 3327 5017 Mementote
3354 4964 3448 5034 igi-

1890 5070 1974 5113 tur
1998 5072 2321 5123 sermonum,
2348 5070 2480 5125 quos
2501 5070 2604 5109 non
2632 5054 2883 5107 adversus
2908 5062 3144 5105 naturam
3174 5064 3405 5106 nostram
3428 5095 3445 5119 ,

1886 5152 1978 5205 sed
2008 5150 2257 5204 adversus
2283 5149 2528 5202 lascivam
2548 5145 2885 5214 cupiditatem
2912 5144 3220 5199 direximus.
3248 5144 3362 5199 Non
3390 5156 3445 5198 ut

1886 5252 2125 5293 naturam
2156 5238 2515 5299 criminemur,
2544 5234 2658 5287 haec
2684 5233 2904 5287 dicimus
2924 5274 2939 5295 ,
2979 5232 3071 5287 sed
3097 5242 3153 5285 ut
3180 5232 3448 5301 cupidita-

1886 5339 1990 5383 tem
2022 5329 2361 5381 insectemur.
2393 5325 2507 5378 Hoc
2528 5332 2679 5392 pacto
2704 5325 2833 5376 iram
2862 5323 3129 5391 reprimite
3149 5364 3162 5386 ,
3195 5323 3270 5376 sic
3294 5324 3447 5391 cupi-

1883 5420 2099 5474 ditatem
2128 5419 2392 5486 mitigate,
2420 5417 2496 5469 sic
2538 5415 2887 5484 arrogantiam
2930 5414 3213 5467 retundite.
3247 5413 3312 5467 Et
3337 5423 3447 5467 erat

1883 5514 2041 5564 omnis
2067 5520 2197 5562 terra
2224 5509 2409 5561 labium
2433 5515 2658 5572 unum,et
2685 5520 2780 5557 oua:
2814 5520 2913 5557 una
2939 5504 3162 5557 omnibus
3183 5502 3327 5571 (Gen.
3354 5503 3443 5559 ll-

1885 5604 1961 5672 l).
2000 5603 2135 5656 Ecce
2164 5600 2335 5653 adhuc
2364 5598 2684 5668 pr0positam
2712 5597 3079 5666 quaestionem.
3108 5596 3221 5649 Non
3251 5596 3317 5650 de
3348 5595 3445 5652 hac

1883 5705 1964 5748 est
2005 5707 2216 5755 sermo,
2246 5690 2339 5744 sed
2386 5688 2523 5758 quod
2558 5702 2744 5741 omnes
2791 5686 3029 5740 homines
3073 5686 3309 5740 eamdem
3341 5686 3441 5740 lin-

1882 5798 2036 5853 guam
2087 5781 2357 5835 baberent.
2401 5779 2572 5845 Quare
2615 5793 2739 5831 vero
2770 5776 2960 5830 labium
3004 5791 3162 5831 unum
3216 5776 3441 5847 linguam
