4144 6502
668 434 779 490 187

660 528 907 586 vocavit?
925 527 1207 599 Scriptura:
1236 539 1352 581 mos
1375 535 1455 581 est
1484 527 1553 581 ita
1580 538 1852 580 sermones
1878 523 2107 593 linguam
2138 538 2228 577 vo-

662 636 803 678 care.
828 620 881 676 ld
912 635 1037 675 vero
1067 618 1221 674 fuerit
1245 632 1422 688 operte
1450 617 1674 687 pretium
1700 630 1858 670 nosse
1884 626 2101 684 propter
2131 614 2229 668 ha:-

663 714 875 781 retims,
897 714 986 784 qui
1017 712 1107 767 Dei
1132 710 1399 782 opificium
1421 718 1691 777 accusant,
1712 709 1800 779 qui
1821 721 2015 777 corpus
2034 706 2228 761 malum

659 819 778 862 esse
803 806 1004 859 dicunt.
1038 803 1170 859 Nam
1212 803 1331 872 quia
1360 816 1554 873 pravos
1575 801 1738 855 animi
1784 809 1961 854 motus
1987 814 2081 868 per
2104 812 2227 853 cor-

661 897 804 964 poris
852 893 1089 949 membra
1128 893 1398 963 Scriptum
1445 892 1686 961 designat
1716 906 1730 943 :
1757 891 1987 959 exempli
2031 903 2226 957 causa,

661 986 916 1040 Acuerunt
942 984 1163 1057 linguam
1204 1000 1346 1039 suam
1371 983 1495 1037 sicut
1524 982 1799 1051 serpentis;
1831 980 2028 1051 Lingua
2056 997 2227 1034 eorum

660 1078 863 1148 gladius
903 1086 1078 1131 acutus
1108 1076 1280 1147 (I’sal.
1315 1074 1452 1130 .139.
1496 1075 1548 1129 1.
1596 1083 1642 1128 et
1671 1074 1758 1129 56.
1798 1073 1855 1142 5)
1884 1090 1898 1127 :
1929 1073 2230 1128 existimant

660 1168 873 1237 quidam
918 1167 986 1223 de
1030 1167 1205 1238 lingua
1249 1166 1447 1221 dictum
1492 1179 1632 1219 esse.
1665 1164 1779 1219 Non
1820 1171 1905 1218 est
1938 1172 2115 1219 autem
2161 1162 2230 1217 de

663 1259 836 1329 lingua
877 1258 1074 1313 dictum
1100 1276 1112 1312 :
1142 1256 1305 1316 absit;
1330 1264 1409 1312 est
1452 1256 1593 1311 enim
1621 1256 1793 1325 lingua
1820 1254 1915 1308 Dei
1942 1268 2108 1323 opus;
2134 1252 2225 1309 sed

663 1350 732 1405 de
758 1350 931 1405 verbis
961 1349 1361 1413 homicidarum,
1394 1362 1513 1417 quze
1539 1347 1781 1402 homines
1805 1346 2047 1415 jugulant
2071 1386 2086 1410 ,
2109 1358 2227 1413 qua:

664 1440 920 1496 funestius
944 1454 1099 1510 quam
1124 1440 1267 1493 ensis
1297 1437 1570 1492 invadunt.
1599 1437 1797 1507 Lingua
1831 1450 2001 1490 eorum
2026 1434 2227 1505 gladius

664 1541 859 1595 acutus;
884 1540 938 1585 et
965 1545 1147 1584 rursus
1176 1546 1189 1582 :
1220 1529 1378 1582 Labia
1402 1529 1577 1583 dolosa
1616 1528 1668 1581 in
1695 1528 1846 1580 corde
1863 1568 1879 1593 ,
1908 1535 1954 1579 et
1974 1524 2124 1578 corde
2152 1526 2227 1577 lo-

660 1632 813 1692 qnuta
838 1634 951 1676 sunt
977 1622 1111 1676 mala
1137 1620 1313 1693 (Psnl.
1339 1622 1422 1675 11.
1456 1619 1510 1689 3)
1544 1636 1557 1673 :
1590 1634 1693 1673 non
1736 1620 1803 1674 de
1831 1615 2071 1671 membro
2099 1629 2221 1669 cor-

662 1713 809 1781 poris
854 1712 1103 1783 loquens,
1136 1712 1229 1766 sed
1268 1711 1334 1766 de
1362 1710 1598 1766 subdolis
1618 1709 1812 1764 verbis.
1843 1707 1917 1761 Ita
1959 1722 2079 1761 cum
2126 1707 2225 1759 hoc

662 1804 782 1857 loco
827 1801 1048 1857 dixisset
1068 1841 1084 1868 ,
1115 1801 1181 1855 Et
1205 1810 1312 1856 erat
1340 1802 1500 1855 omnis
1537 1810 1669 1854 terra
1694 1800 1880 1853 [obium
1910 1816 2095 1863 unum,
2119 1814 2225 1853 non

663 1893 764 1948 hoc
778 1893 977 1957 docuit,
993 1906 1178 1947 omnes
1199 1892 1438 1946 homines
1458 1907 1617 1946 unum
1637 1890 1830 1945 labium
1850 1890 2116 1957 habuisse,
2134 1889 2225 1945 sed

664 1984 857 2038 labium
885 1997 1065 2038 vocem
1105 1982 1409 2053 appellavit.
1457 1981 1589 2036 Cum
1630 1983 1771 2036 enim
1819 1982 2071 2049 dixisset,
2103 1982 2227 2035 Erat

657 2075 822 2128 omnis
846 2082 978 2128 terra
997 2076 1185 2128 labium
1216 2091 1367 2127 unum
1388 2114 1403 2137 ,
1426 2074 1718 2143 subjunxit,
1752 2073 1817 2125 Et
1844 2088 1941 2126 uox
1968 2090 2071 2125 una
2113 2090 2223 2127 θυι-

659 2167 826 2221 nibus.
857 2166 929 2220 Ita
955 2181 1073 2221 eum
1101 2165 1235 2220 dixit
1257 2205 1273 2231 ,
1298 2165 1604 2234 Sepulcrum
1630 2173 1807 2234 patens
1845 2174 1916 2217 est
1939 2174 2112 2234 guttur
2138 2180 2224 2217 eo-

660 2274 771 2310 rum
789 2256 955 2327 (Psal.
971 2256 1021 2312 5.
1051 2255 1279 2324 ll),non
1303 2264 1480 2324 guttur
1498 2262 1730 2318 accusat,
1760 2254 1853 2308 sed
1883 2254 2017 2308 mala
2046 2254 2221 2318 verba,

661 2362 779 2417 quae
805 2346 925 2401 inde
948 2345 1279 2411 ascendunt,
1304 2352 1509 2400 mortua
1538 2345 1803 2415 dogmata.
1835 2345 1945 2398 lloc
1970 2346 2111 2398 enim
2141 2358 2226 2399 se-

663 2437 901 2508 pulcrum
930 2446 1032 2503 est,
1064 2445 1392 2492 mortuorum
1435 2435 1632 2491 ossium
1668 2450 2052 2505 corporumque
2077 2451 2227 2491 rece-

662 2530 948 2601 ptaculum.
996 2530 1141 2586 Talia
1167 2538 1291 2584 sunt
1319 2538 1372 2585 et
1401 2529 1607 2584 illorum
1650 2543 1774 2592 ora,
1800 2529 1890 2599 qui
1915 2518 2223 2583 creatorem

660 2632 945 2685 accusant,
972 2622 1094 2676 talia
1120 2628 1245 2676 sunt
1277 2635 1460 2675 eorum
1486 2619 1760 2674 hominum
1784 2634 1876 2674 ora
1894 2660 1908 2685 ,
1935 2620 2024 2689 qui
2054 2620 2224 2689 turpia

661 2715 819 2769 verba
848 2713 1139 2782 proferunt,
1168 2713 1255 2782 qui
1282 2712 1665 2777 conviciantur,
1683 2712 1771 2780 qui
1800 2726 1867 2765 ex
1899 2724 1997 2764 suo
2016 2719 2227 2781 gutture

658 2804 842 2859 fmtida
866 2818 1128 2872 pravaque
1155 2802 1313 2857 verba
1354 2801 1695 2871 profundunt.

731 2893 785 2949 8.
825 2892 973 2947 Bono
995 2891 1120 2946 illud
1139 2891 1302 2945 odore
1322 2889 1550 2959 comple,
1570 2890 1639 2943 mi
1662 2888 1842 2955 homo,
1870 2903 1976 2944 non
2003 2889 2221 2944 faetore:

662 2983 967 3040 thesaurum
1011 2981 1135 3037 illud
1174 2981 1397 3051 regium,
1443 2995 1547 3035 non
1587 2980 1881 3035 satanicum
1923 2980 2225 3051 sepulcrum

660 3074 833 3129 effice.
864 3071 1013 3141 Quod
1041 3072 1083 3125 si
1109 3070 1413 3142 sepulcrum
1439 3071 1529 3134 sit.
1556 3070 1743 3126 saltem
1763 3071 2003 3135 occlude,
2031 3086 2098 3126 ne
2124 3070 2223 3127 fm-

664 3178 745 3223 tor
767 3174 938 3223 exeat.
980 3165 1159 3222 Prava:
1190 3166 1281 3221 tibi
1307 3173 1431 3220 sunt
1454 3166 1835 3237 cogitationes?
1860 3166 1937 3221 Ne
1966 3168 2140 3223 verbis
2165 3169 2226 3223 il-

664 3258 742 3314 las
768 3258 1004 3328 proferas
1034 3274 1048 3310 :
1079 3256 1194 3311 sine
1218 3255 1466 3311 deorsum
1490 3256 1690 3325 jacere,
1731 3265 1843 3312 tum
1867 3258 1975 3313 cito
1996 3257 2226 3314 suffoca-

660 3349 875 3405 buntur.
922 3347 1174 3403 llomines
1218 3361 1422 3413 sumus,
1465 3361 1608 3417 stupe
1650 3348 1810 3403 multa
1842 3363 2020 3418 prava,
2064 3348 2224 3417 fteda,

662 3440 935 3511 turpiaque
958 3438 1173 3494 consilia
1196 3445 1375 3493 mente
1400 3451 1703 3503 versamus;
1733 3439 1827 3494 sed
1856 3455 1923 3494 ne
1949 3442 2227 3510 cogitatio-

664 3544 758 3586 nes
798 3530 852 3586 in
893 3528 1051 3585 verba
1096 3527 1342 3598 progredi
1382 3528 1636 3594 sinamus,
1678 3538 1735 3582 ut
1782 3528 2031 3584 deorsum
2082 3544 2228 3585 com-

665 3636 860 3692 pressae
888 3620 1260 3676 imbecilliores
1286 3619 1571 3676 reddantur
1590 3631 1644 3676 et
1668 3630 1907 3691 pereant.
1936 3620 2066 3677 Nam
2093 3623 2228 3678 sicut

663 3714 750 3767 ubi
775 3714 892 3779 quis
925 3712 1119 3768 diversi
1149 3714 1358 3781 generis
1386 3728 1447 3767 ac
1477 3712 1679 3770 feroces
1720 3714 1915 3770 bestias
1955 3716 2006 3770 in
2055 3715 2227 3771 lacum

665 3803 958 3867 immiserit,
1004 3806 1048 3860 si
1086 3804 1223 3861 forte
1249 3820 1478 3875 superne
1505 3806 1677 3862 lacum
1704 3808 2050 3872 obturaverit,
2078 3809 2229 3863 facile

664 3897 781 3952 illas
807 3896 1029 3953 suﬂ'ocat
1060 3914 1074 3952 :
1103 3896 1185 3952 sin
1217 3905 1392 3953 autem
1434 3897 1534 3952 illis
1564 3897 1791 3952 exeundi
1821 3898 1904 3952 vel
1935 3898 2227 3966 respirandi

666 3988 966 4045 facultatem
990 3988 1215 4059 aliquam
1246 3988 1590 4053 concesserit,
1622 3988 1844 4042 multum
1884 3988 1984 4041 illis
2030 3989 2231 4059 pm:th

666 4083 863 4148 solatii,
907 4097 1081 4153 neque
1118 4082 1242 4136 sinit
1284 4081 1520 4147 interire,
1562 4080 1656 4135 sed
1697 4080 2022 4136 efl'eratiores
2063 4082 2229 4136 multo

664 4174 880 4231 reddit:
911 4173 982 4229 ita
1026 4173 1084 4227 fit
1123 4172 1173 4227 in
1205 4172 1356 4227 malis
1398 4172 1824 4241 cogitationibus,
1868 4188 1989 4226 cum
2026 4183 2231 4226 exorta:

668 4270 810 4325 intus
837 4268 1029 4324 fuerint
1073 4284 1087 4321 :
1127 4266 1172 4320 si
1212 4280 1422 4319 omnem
1468 4264 1573 4319 illis
1604 4265 1763 4328 viam,
1811 4279 1877 4318 ne
1922 4263 2063 4318 foras
2104 4279 2229 4333 pro-

669 4364 849 4429 deant,
889 4359 1359 4423 intercluserimus,
1389 4356 1634 4413 celeriter
1666 4356 1783 4409 illas
1810 4357 2169 4425 opprimemus
2212 4373 2226 4409 :

667 4456 748 4510 sin
776 4462 950 4508 autem
970 4453 1084 4507 illas
1109 4448 1285 4506 verbis
1310 4449 1359 4504 in
1386 4448 1556 4504 lucem
1577 4446 1969 4517 protulerimus,
1997 4460 2115 4499 cum
2141 4460 2231 4499 va-

670 4545 882 4599 lidiores
919 4542 1032 4597 illas
1062 4540 1362 4605 reddemus,
1407 4548 1460 4594 et
1498 4537 1643 4608 quasi
1674 4552 1770 4607 per
1802 4536 2029 4605 linguam
2060 4536 2229 4606 respi-

668 4638 817 4691 randi
839 4636 1137 4691 facultatem
1164 4635 1268 4689 illis
1289 4633 1659 4696 concedemus,
1685 4642 1791 4685 tum
1814 4630 1880 4684 ab
1898 4631 1981 4683 illa
2005 4631 2229 4700 turpium

666 4727 948 4781 verborum
989 4724 1369 4780 exercitatione
1395 4724 1445 4778 in
1476 4722 1733 4778 fmdarum
1770 4722 2034 4775 actionum
2075 4722 2231 4775 bara-

670 4817 845 4871 tltrum
885 4829 1039 4881 quam
1068 4813 1344 4867 celerrime
1370 4811 1729 4868 devolvemur.
1758 4809 1958 4864 Idcirco
1979 4825 2082 4865 non
2105 4811 2231 4865 sim-

672 4905 877 4977 pliciter
901 4902 1208 4973 Sepulcrum
1233 4903 1438 4958 vocavit
1481 4901 1754 4971 propheta,
1784 4900 1897 4964 sed,
1930 4900 2231 4969 Sepulcrum

672 5006 865 5067 patens,
898 4995 1036 5050 istud
1066 4994 1235 5065 ipsum
1256 4994 1393 5063 quod
1415 4994 1520 5047 dixi
1547 4995 1676 5048 vitio
1705 5001 1936 5047 vertens.
1961 4991 2072 5045 Non
2093 4994 2232 5046 enim

669 5090 903 5158 seipsum
951 5095 1151 5141 tantum
1194 5086 1354 5140 allicit
1398 5086 1699 5155 ignominia,
1734 5088 1822 5155 qui
1864 5086 2031 5153 turpia
2075 5085 2231 5138 verba

671 5181 890 5251 profert,
922 5180 1012 5233 sed
1044 5188 1098 5233 et
1124 5180 1390 5247 proximos
1419 5191 1562 5242 suos,
1604 5187 1657 5229 et
1698 5192 1791 5230 eos
1827 5177 1913 5243 qui
1954 5190 2076 5229 cum
2119 5176 2233 5243 ipso

670 5282 971 5334 versantur,
1000 5270 1179 5323 multis
1207 5269 1450 5323 sordibus
1479 5268 1674 5336 opplet.
1706 5268 1769 5320 Et
1789 5265 2229 5335 quemadmodum

671 5366 714 5420 si
742 5364 982 5434 sepulcra
1008 5376 1327 5424 reseremus,
1359 5361 1596 5414 civitates
1624 5370 1768 5427 peste
1803 5358 2185 5427 complebimus
2218 5376 2230 5411 :

673 5457 741 5510 ita
770 5456 817 5511 si
840 5454 1005 5525 turpia
1034 5453 1252 5505 licenter
1275 5450 1579 5519 aperiantur
1601 5466 1713 5516 ora,
1736 5459 1971 5512 cunctos,
2000 5450 2085 5517 qui
2116 5465 2233 5502 cum

677 5548 779 5603 illis
843 5544 1264 5615 congrediemur,
1333 5544 1657 5611 gravissimis
1720 5541 1917 5595 morbis
1980 5540 2233 5592 inﬁcient.

680 5638 875 5693 idcirco
899 5636 1111 5706 jauuant
1140 5642 1366 5703 oportet,
1399 5641 1626 5697 vectem,
1668 5646 1729 5685 ac
1774 5630 1977 5685 frenum
2020 5629 2098 5681 ori
2143 5628 2238 5680 im-

684 5746 896 5802 ponere.
928 5728 1094 5785 Unam
1124 5727 1300 5795 itaque
1332 5733 1440 5777 tum
1469 5724 1626 5778 fuisse
1654 5724 1905 5792 linguam,
1938 5721 2065 5776 satis
2087 5736 2116 5773 a
2144 5736 2237 5773 no-

683 5824 758 5876 bis
800 5836 893 5891 per
943 5821 1052 5874 haec
1096 5819 1509 5871 demonstratum
1556 5825 1669 5878 est;
1714 5814 1971 5881 reliquum
2017 5824 2124 5879 est,
2175 5822 2231 5864 ut

1435 416 1492 470 S.
1535 411 1813 470 JOANNIS
1848 408 2315 467 CHRYSOSTOMI
2351 409 2661 469 ARCHIEP.
2699 412 3225 473 CONSTANTINOP.

3797 435 3910 492 188

2336 538 2495 593 quam
2518 525 2587 580 ob
2605 539 2816 581 causam
2838 528 3015 583 multa)
3036 529 3235 585 fuerint
3264 528 3487 587 invecta
3508 531 3772 589 dicamus.
3796 536 3905 591 Sed

2335 617 2542 671 interim
2564 633 2864 675 sermonem
2890 621 2957 674 ad
2983 636 3158 676 mores
3185 622 3523 679 instruendae
3545 626 3906 694 pertinentem

2335 707 2621 762 inferamus
2663 726 2678 763 :
2717 710 3001 765 doceamus
3029 711 3261 780 linguam
3298 722 3531 769 nostram
3566 714 3775 771 frenum
3806 732 3909 787 εδ

2332 812 2475 864 rere,
2503 814 2600 854 nec
2624 801 2800 855 omnia
2828 811 3026 857 temere
3047 803 3303 872 proferre,
3333 819 3453 874 quae
3476 806 3529 859 in
3557 817 3793 862 mentem
3811 823 3906 863 ve-

2332 890 2533 957 nerint,
2556 905 2658 946 non
2683 891 2873 949 fratres
2892 908 3141 950 accusare
3168 912 3182 950 :
3205 908 3311 950 non
3333 905 3517 952 mutuo
3536 914 3635 953 nos
3654 900 3906 955 mordere

2331 996 2395 1036 ac
2422 981 2695 1039 devorare.
2728 984 2945 1055 Pejores
2969 994 3094 1041 sunt
3121 986 3226 1041 illis
3262 987 3351 1057 qui
3378 1002 3599 1058 corpora
3631 991 3902 1051 mordent,

2334 1073 2405 1128 illi
2433 1075 2521 1144 qui
2548 1075 2724 1130 verbis
2749 1075 2802 1130 id
2831 1086 3013 1147 agunt.
3038 1076 3114 1132 Illi
3137 1092 3332 1149 corpus
3352 1079 3599 1135 dentibus
3628 1082 3899 1144 mordent.

2334 1161 2420 1216 hic
2446 1165 2673 1217 animam
2701 1165 2879 1221 verbis
2906 1166 3133 1233 mordet,
3162 1169 3605 1225 existimationem
3635 1170 3907 1231 vulnerat,

2334 1246 2720 1311 immedicabile
2747 1258 2933 1313 vulnus
2971 1258 3203 1330 inﬂigit:
3246 1272 3569 1331 quapropter
3611 1272 3755 1317 tanto
3779 1279 3900 1333 gra-

2331 1345 2462 1398 viori
2493 1346 2749 1415 supplicio
2770 1348 3047 1417 plectetur,
3070 1360 3268 1420 quanto
3291 1352 3519 1422 graviori
3547 1368 3727 1408 morsu
3755 1355 3905 1407 iuva-

2330 1434 2424 1488 dit.
2454 1436 2633 1507 Neque
2664 1452 2794 1493 vero
2824 1448 3020 1493 tantum
3050 1440 3246 1496 ideirco
3281 1443 3486 1497 veniam
3513 1459 3616 1498 non
3645 1446 3901 1514 impetra-

2331 1524 2409 1579 bit
2432 1527 2475 1581 is
2502 1528 2590 1597 qui
2618 1539 2850 1593 accusat,
2876 1530 2968 1584 sed
2999 1531 3158 1585 etiam
3192 1532 3329 1601 quod
3361 1550 3534 1603 neque
3560 1536 3759 1603 justum
3802 1552 3901 1590 nec

2334 1619 2581 1689 injustum
2606 1622 2772 1690 possit
2790 1623 3106 1691 improbitati
3129 1638 3238 1679 sua:
3257 1634 3565 1694 prmiextum
3584 1628 3897 1682 obtendere.

2330 1709 2459 1763 Nam
2486 1709 2586 1765 alia
2612 1712 2824 1781 quidem
2850 1723 3062 1784 peccata
3108 1714 3229 1769 licet
3254 1730 3441 1769 causas
3472 1717 3698 1771 habeant
3740 1734 3769 1771 a
3810 1736 3899 1772 τῆς

2330 1803 2473 1858 tione
2507 1813 2679 1860 tamen
2719 1805 2938 1873 alienas,
2980 1805 3178 1862 habent
3219 1817 3393 1862 tamen
3437 1825 3452 1861 :
3496 1818 3695 1878 utpote,
3745 1825 3897 1864 scor-

2329 1902 2469 1948 tator
2496 1894 2767 1950 libidinem
2805 1897 3002 1962 explet,
3032 1898 3115 1951 fur
3143 1906 3501 1967 paupertatem
3529 1901 3703 1965 solvit,
3734 1901 3899 1955 homi-

2329 1984 2444 2038 cida
2474 1985 2794 2040 iracundiam
2821 1986 2997 2052 sedat;
3022 1987 3309 2041 maledicus
3329 1988 3528 2042 nullam
3556 1999 3724 2057 potest
3744 2005 3899 2045 occa-

2328 2076 2529 2130 sionem
2559 2075 2767 2131 atlerre.
2798 2078 2962 2143 Quam
2991 2078 3152 2142 enim,
3183 2092 3380 2147 quaeso,
3423 2081 3764 2148 pecuniarum
3805 2097 3900 2136 co-

2330 2167 2468 2236 piam
2491 2168 2751 2236 acquirit?
2770 2184 2923 2237 quam
2943 2168 3214 2223 libidinem
3234 2170 3447 2239 explet?
3468 2170 3603 2225 Nihil
3624 2173 3767 2227 aliud
3789 2184 3897 2237 est,

2328 2272 2483 2326 quam
2509 2257 2718 2312 invidia:
2766 2258 3006 2323 materia,
3037 2262 3120 2314 cui
3150 2260 3291 2314 nulla
3317 2263 3548 2330 suppetit
3567 2262 3705 2331 justa
3735 2278 3897 2317 causa

2330 2364 2426 2403 nec
2450 2349 2659 2417 injusta.
2682 2345 2967 2420 Propterea
2991 2349 3134 2402 nulla
3152 2349 3304 2402 venia
3324 2347 3481 2417 digna
3508 2364 3772 2407 censetur.
3805 2354 3898 2408 Vis

2328 2439 2613 2494 accusare?
2640 2439 2831 2495 Utilem
2860 2440 2951 2494 tibi
2995 2440 3266 2495 materiam
3294 2440 3524 2509 pncbeo.
3557 2441 3646 2493 Vis
3669 2443 3886 2496 maledi-

2330 2530 2493 2585 cere?
2520 2530 2734 2585 Maledic
2763 2531 2866 2585 tuis
2890 2530 3140 2599 peccatis.
3164 2529 3256 2582 Dic
3280 2531 3444 2593 enim,
3475 2532 3658 2599 inquit,
3687 2542 3741 2584 tu
3780 2548 3900 2600 pec-

2330 2632 2441 2675 cata
2470 2631 2558 2675 tua
2600 2622 2757 2690 prior,
2805 2630 2861 2675 ut
2890 2621 3184 2691 justi/tceris
3230 2619 3380 2690 (Isai.
3430 2621 3518 2675 45.
3567 2621 3685 2689 26).
3735 2622 3900 2676 Vides

2331 2712 2774 2776 maledicentiam,
2820 2727 2937 2781 qua:
2975 2725 3248 2775 coronam,
3289 2719 3345 2765 et
3380 2711 3612 2775 laudem,
3661 2722 3715 2766 et
3755 2713 3899 2766 testi-

2330 2804 2565 2858 monium
2599 2802 2816 2873 justitiae
2854 2803 3052 2857 refert?
3090 2802 3312 2867 Rursus,
3347 2801 3525 2856 Justus
3552 2804 3604 2855 in
3647 2803 3901 2871 principio

2328 2894 2571 2948 sermonis
2596 2902 2857 2948 accusator
2880 2902 2951 2947 est
2970 2894 3050 2947 sui
3075 2891 3254 2963 (Prov.
3283 2892 3369 2947 18.
3396 2893 3507 2961 17),
3531 2907 3636 2946 non
3654 2892 3896 2946 alterius.

2326 2984 2382 3040 Si
2408 2983 2623 3039 alterius
2665 2984 2827 3039 fueris
2867 2991 3164 3046 accusator,
3211 2984 3443 3052 punieris
3484 3000 3497 3035 :
3539 2984 3584 3036 si
3624 2983 3897 3051 tuiipsius,

2328 3076 2681 3131 coronaberis.
2715 3077 2886 3145 Atque
2920 3085 2976 3129 ut
3014 3074 3293 3144 intelligas,
3321 3084 3571 3144 quantum
3594 3074 3667 3127 sit
3696 3076 3897 3128 bonum

2328 3166 2575 3221 delictum
2605 3180 2756 3220 suum
2784 3179 3059 3229 accusare,
3091 3162 3271 3218 Justus
3290 3165 3341 3218 in
3363 3164 3609 3233 principio
3628 3165 3900 3231 sermonis,

2331 3257 2520 3327 inquit,
2560 3266 2823 3311 accusator
2860 3265 2930 3311 est
2956 3256 3056 3310 sui.
3087 3255 3285 3310 Verum
3330 3256 3374 3311 si
3410 3255 3584 3325 justus
3622 3264 3726 3321 est,
3766 3271 3903 3325 quo—

2328 3347 2488 3402 raodo
2513 3346 2825 3402 accusator?
2846 3346 2889 3402 si
2915 3355 3213 3412 accusator,
3252 3345 3518 3415 quomodo
3542 3346 3754 3414 justus?
3785 3345 3903 3400 lus-

2329 3450 2411 3495 tus
2444 3439 2762 3495 accusationi
2802 3454 2905 3494 non
2946 3446 3028 3493 est
3068 3437 3347 3492 obnoxius.
3371 3436 3476 3493 Sed
3504 3446 3563 3491 ut
3585 3436 3743 3502 scias,
3774 3437 3903 3493 licet

2330 3543 2571 3601 peccator
2598 3532 2667 3585 sit
2706 3529 2913 3600 aliquis,
2956 3528 3000 3583 si
3041 3536 3253 3582 accuset
3297 3536 3509 3595 peccata
3549 3540 3663 3589 sua,
3693 3526 3900 3594 justum

2329 3639 2447 3679 eum
2473 3623 2803 3677 accusatione
2829 3635 2921 3676 sua
2951 3619 3082 3683 fieri,
3130 3626 3403 3689 propterea
3443 3618 3591 3683 dixit,
3622 3616 3803 3671 Justus
3848 3620 3904 3672 in

2331 3713 2577 3786 principio
2604 3713 2844 3766 sermonis
2871 3719 3132 3764 accusator
3162 3718 3233 3763 est
3275 3710 3373 3762 sui.
3410 3708 3546 3774 Quid
3587 3723 3745 3778 porro
3791 3719 3901 3777 est,

2333 3806 2397 3860 In
2424 3806 2667 3876 principio
2694 3802 2971 3858 sermonis?
3002 3801 3289 3871 Diligenter
3315 3799 3549 3854 attende.
3590 3801 3643 3853 In
3681 3799 3905 3868 iudieiis

2331 3897 2448 3952 dum
2470 3904 2592 3950 sunt
2617 3902 2808 3963 partes,
2843 3908 2945 3946 una
2969 3906 3152 3947 eorum
3183 3891 3269 3959 qui
3296 3889 3567 3953 deferunt,
3607 3890 3770 3945 altera
3804 3906 3905 3945 eo-

2331 4002 2447 4041 rum
2475 3986 2563 4056 qui
2589 3984 2926 4048 deferuntur;
2959 3998 3058 4037 ttna
3087 3996 3269 4036 eorum
3295 3981 3383 4051 qui
3419 3990 3688 4046 accusant,
3729 3981 3904 4036 altera

2334 4094 2518 4134 eorum
2539 4077 2626 4148 qui
2654 4084 2998 4139 accusantur;
3026 4073 3080 4127 bl
3100 4072 3180 4128 rei
3201 4082 3353 4139 sunt,
3385 4073 3459 4127 illi
3488 4088 3590 4125 non
3621 4082 3744 4124 sunt
3770 4074 3854 4128 rei
3886 4091 3902 4126 :

2334 4168 2645 4240 principium
2675 4165 2935 4220 sermonis
2962 4164 3252 4219 accusatori
3282 4162 3607 4227 conceditur,
3646 4162 3734 4230 qui
3766 4178 3905 4217 reus

2335 4277 2439 4317 non
2463 4269 2562 4316 est.
2596 4258 2690 4313 llic
2715 4271 2838 4311 vero
2875 4253 3195 4309 contrarium
3232 4263 3313 4308 est
3345 4253 3627 4323 agendum.
3672 4251 3773 4317 Tu,
3810 4254 3905 4321 qni

2333 4368 2456 4410 reus
2484 4368 2562 4417 es,
2589 4349 2848 4406 sermonis
2868 4347 3071 4402 initium
3100 4345 3342 4414 praeripe,
3370 4353 3425 4397 ut
3453 4358 3575 4398 reus
3600 4356 3718 4397 esse
3746 4342 3906 4397 desi-

2334 4461 2429 4500 nas
2479 4461 2492 4497 :
2537 4458 2602 4498 ne
2634 4450 2989 4497 accusatorem
3034 4446 3328 4506 exspectes.
3374 4435 3605 4490 Tametsi
3654 4450 3711 4488 es
3757 4436 3909 4490 inter

2334 4551 2474 4599 reos,
2506 4534 2647 4605 prius
2674 4541 2870 4598 tamen,
2916 4545 3069 4599 quam
3111 4527 3177 4581 ab
3217 4528 3307 4581 illo
3347 4528 3451 4581 tale
3492 4526 3757 4596 quidpiam
3800 4542 3908 4581 au-

2333 4630 2479 4693 dias,
2521 4627 2632 4697 ipse
2675 4638 2792 4695 qua:
2833 4638 2861 4676 a
2910 4632 2961 4676 te
3008 4629 3222 4690 peccata
3265 4627 3388 4674 sunt
3423 4617 3591 4674 defer.
3635 4618 3907 4673 Machmra

2334 4718 2572 4791 qumdam
2598 4726 2747 4771 acuta
2776 4723 2857 4769 est
2881 4712 3051 4783 lingua
3086 4730 3100 4765 :
3128 4721 3487 4766 verumtamen
3532 4710 3739 4765 caeteris
3779 4711 3911 4763 vul-

2337 4826 2461 4867 nera
2492 4825 2595 4863 nnn
2635 4808 2963 4875 inﬂigamns,
3004 4803 3095 4858 sed
3137 4804 3310 4857 ulcera
3351 4810 3530 4854 nostra
3574 4812 3907 4853 resecemns.

2338 4902 2429 4957 Vis
2456 4902 2592 4954 seire
2610 4913 2808 4953 morem
2842 4896 3000 4948 fuisse
3023 4893 3307 4961 justorum,
3339 4900 3397 4943 ut
3434 4890 3553 4943 aliis
3588 4902 3695 4942 non
3733 4890 3914 4943 maleo

2336 4994 2591 5052 dicerent,
2635 4988 2726 5044 sed
2767 4984 3031 5054 sibiipsis?
3074 4982 3209 5036 Audi
3266 4981 3484 5036 Paulum
3519 4978 3846 5033 clamantem
3897 4996 3911 5033 :

2341 5084 2539 5138 Gratias
2567 5098 2654 5150 ego
2681 5081 2742 5142 ei,
2770 5078 2855 5147 qui
2880 5093 2957 5129 me
2988 5074 3307 5141 confortavit,
3346 5072 3558 5132 Christo,
3586 5068 3672 5139 qui
3701 5068 3915 5135 ﬁdelem

2337 5191 2416 5228 nte
2438 5171 2750 5231 existimavit,
2783 5183 2966 5237 ponens
2985 5166 3037 5217 in
3062 5164 3333 5217 ministerio
3356 5178 3373 5215 :
3393 5162 3477 5229 qui
3503 5160 3641 5227 prius
3668 5159 3920 5227 blasphe-

2337 5280 2448 5317 mus
2474 5265 2567 5332 fui,
2597 5270 2641 5313 et
2680 5267 3019 5327 persequutor,
3061 5262 3106 5307 et
3147 5251 3530 5307 contumeliosus
3559 5249 3636 5319 (1.
3666 5247 3811 5302 Tim.
3866 5251 3918 5303 1.

2344 5356 2427 5410 12.
2458 5353 2566 5421 lii).
2596 5349 2753 5403 Vides
2779 5343 2883 5416 quo
2912 5356 3064 5415 pacto
3092 5345 3142 5397 in
3171 5344 3403 5409 seipsum
3428 5339 3706 5393 maledicta
3737 5341 3917 5408 conji-

2342 5445 2480 5501 ciat?
2504 5452 2556 5497 et
2582 5453 2761 5493 rursus
2797 5456 2809 5489 :
2840 5436 3064 5489 Christus
3091 5434 3218 5485 venit
3260 5433 3311 5483 in
3356 5430 3597 5482 mundum
3625 5438 3918 5495 peccatores

2340 5538 2501 5589 salvos
2529 5536 2711 5600 facere,
2737 5542 2945 5596 quorum
2978 5525 3166 5592 primus
3205 5538 3296 5591 ego
3341 5536 3450 5572 sum
3494 5517 3654 5590 (Ibid.
3706 5534 3756 5571 υ.
3796 5519 3916 5588 15).

2343 5625 2401 5677 Et
2426 5621 2547 5674 alibi
2572 5633 2749 5673 rursus
2774 5634 2786 5669 :
2819 5615 2867 5668 Ν
2873 5632 2934 5667 on
2955 5630 3064 5665 sum
3089 5612 3269 5681 dignus
3295 5609 3457 5662 uocari
3477 5608 3756 5675 apostolus,
3782 5625 3916 5676 quo-

2347 5715 2478 5767 niam
2504 5717 2823 5780 persequutus
2852 5722 2960 5758 sum
2994 5702 3268 5755 Ecclesium
3300 5699 3393 5753 Dei
3423 5700 3439 5764 (
3464 5700 3485 5751 1
3545 5696 3663 5749 Cor.
3707 5700 3795 5752 15.
3832 5702 3916 5766 9).

2422 5804 2472 5857 9.
2518 5799 2671 5852 Vides
2712 5811 2815 5866 quo
2857 5804 3005 5864 pacto
3041 5791 3233 5859 ubique
3260 5790 3356 5844 sibi
3404 5787 3721 5843 mateu'icat?
3756 5789 3920 5843 Novit
