4066 6536
648 455 763 512 189

644 565 758 635 δέῃ,
805 562 1034 632 ἀφειδῶς
1079 562 1337 633 κέχρηται
1380 568 1445 634 τῇ
1491 567 1807 637 κατηγορίᾳ·
1835 569 1962 620 ὅταν
2012 569 2067 622 δὲ
2110 572 2203 624 καὶ

645 651 858 720 ἑτέρους
905 649 988 719 ίδῃ
1033 652 1145 711 τοῖς
1189 649 1486 720 ἀλλοτρίοις
1527 651 1842 716 δικάζοντας
1870 657 2079 717 κακοῖς,
2111 657 2211 726 ὅρα

649 739 768 810 μεθ’
792 739 922 810 ὅσης
946 738 1138 801 αὐτοὺς
1169 739 1507 810 ἐπιστομίζει
1543 745 1641 812 τῆς
1667 744 2090 815 αὐστηρότητος,
2124 747 2212 797 ού-

645 827 777 879 τωσὶ
807 826 998 894 λέγων·
1031 828 1210 882 Ὥστε
1250 829 1336 898 μὴ
1363 829 1475 897 πρὸ
1510 831 1715 898 καιροῦ
1741 849 1793 887 τι
1826 835 2075 900 κρίνετε,
2101 834 2213 899 ἕως

648 912 723 964 ἂν
761 913 906 982 ἔλθῃ
937 917 968 967 ό
1010 916 1240 982 Κύριος,
1277 915 1343 981 ὃς
1367 917 1461 968 καί
1486 918 1727 985 φωτίσει
1752 921 1824 972 τὰ
1856 919 2083 987 κρυπτά
2105 921 2210 974 τοῦ

649 1001 926 1067 σκότους,
956 1001 1049 1054 καὶ
1073 1001 1399 1070 φανερώσει
1423 1007 1525 1069 τὰς
1537 1005 1774 1070 βουλὰς
1797 1004 1914 1058 τῶν
1933 1007 2208 1076 καρδιῶν.

664 1086 882 1158 Ἐκείνῳ
919 1092 1151 1160 τήρησον
1191 1090 1254 1143 τὸ
1293 1090 1658 1162 δικαστήριον,
1695 1091 1771 1162 τῷ
1817 1093 1883 1145 τὰ
1926 1093 2210 1164 ἀπόρρητα

651 1173 810 1226 εἰδότι
833 1174 932 1243 τῆς
967 1175 1220 1238 διανοίας.
1255 1177 1370 1229 Κᾶν
1402 1177 1643 1248 ἀκριϐῶς
1669 1176 1894 1249 νομίζῃς
1920 1179 2115 1233 εἰδέναι
2142 1181 2211 1233 τά

650 1263 743 1316 τοῦ
784 1263 1024 1334 πλησίον,
1057 1265 1312 1334 ἐσφαλταί
1353 1284 1445 1320 σου
1483 1269 1516 1338 ἡ
1548 1268 1745 1339 κρίσις.
1785 1269 1886 1333 Τίς
1929 1269 2037 1337 γὰρ
2064 1265 2208 1330 οἶδε,

651 1352 804 1422 φησὶ,
857 1353 928 1406 τὰ
967 1352 1071 1405 τοῦ
1119 1351 1449 1420 ἀνθρώπου,
1489 1357 1542 1407 ει
1571 1354 1656 1422 μὴ
1709 1355 1776 1408 τὸ
1832 1355 2065 1424 πνεῦμα
2106 1355 2210 1409 τοῦ

651 1436 959 1506 ἀνθρώπου
1009 1439 1070 1492 τὸ
1111 1439 1179 1490 ἐν
1220 1438 1412 1504 αὐτῷ;
1444 1439 1603 1494 Πόσοι
1642 1440 1748 1493 τῶν
1788 1441 2210 1513 ἀπερριμμένων

651 1524 745 1576 καὶ
787 1523 1014 1576 εὐτελῶν
1066 1525 1216 1596 ήλίου
1261 1525 1605 1598 φαιδρότερον
1658 1527 1957 1598 ἐκλάμπειν
1995 1528 2205 1597 ἐχουσιί

651 1611 805 1664 πόσοι
831 1611 936 1664 τῶν
965 1613 1212 1681 μεγάλων
1257 1613 1349 1666 καὶ
1386 1615 1698 1684 περιφανῶν
1726 1614 1914 1678 σποδδς
1944 1613 2094 1678 ὄντες
2118 1615 2211 1667 καὶ

649 1699 815 1766 τάφος
853 1700 1234 1769 κεκονιαμένος
1273 1701 1683 1771 εὑρεθήσονταιί
1720 1702 1993 1763 Ἤκουσας
2036 1701 2152 1763 πῶς
2183 1703 2212 1754 6

650 1787 858 1851 Παῦλος
892 1788 1076 1841 ἐαυτὸν
1118 1789 1300 1851 κακῶς
1341 1789 1506 1857 λέγει,
1553 1789 1690 1856 μετά
1725 1789 2081 1859 σφοδρότητος
2119 1788 2210 1840 καὶ

649 1873 951 1943 ὑπερϐολῆς
993 1875 1424 1945 ἁμαρτημάτων,
1471 1869 1544 1928 ὧν
1577 1876 1674 1928 οὑκ
1719 1876 1938 1946 ἔμελλεν
1986 1875 2210 1937 εὐθύνας

651 1960 888 2030 ὑπέχειν,
920 1961 1154 2030 συνεχῶς
1199 1963 1570 2032 μεμνημένονς
1611 1963 1932 2032 Βλάσφημος
1969 1961 2076 2032 γάρ
2115 1961 2209 2013 καὶ

650 2048 880 2118 διώκτης
905 2049 994 2102 καὶ
1013 2049 1266 2119 ὑϐριστὴς
1287 2051 1390 2120 πρὸ
1411 2049 1502 2101 τοῦ
1528 2050 1896 2118 βαπτίσματος
1918 2045 2003 2118 ἦν,
2026 2050 2209 2100 ἐκεῖνα

649 2135 705 2186 δὲ
731 2135 798 2186 τά
819 2136 1182 2205 ἁμαρτήματα
1207 2136 1359 2188 ἔλυσε
1388 2137 1448 2188 τὸ
1472 2136 1769 2206 βάπτισμαο
1802 2136 1914 2189 ἀλλ’
1943 2136 2090 2203 ὅμως
2114 2135 2210 2186 αὑ-

649 2222 756 2272 τῶν
785 2221 1073 2292 μέμνηται,
1101 2224 1200 2275 οὑκ
1227 2223 1410 2291 ἐπειδὴ
1437 2223 1590 2291 λόγον
1619 2224 1842 2292 ἔμελλεν
1872 2225 2010 2292 ὑπὲρ
2033 2222 2209 2276 αὑτῶν

652 2311 890 2380 ὑπέχειν,
918 2311 1030 2363 ἀλλ’
1061 2312 1146 2365 ἵνα
1187 2311 1336 2383 δείξῃ
1366 2312 1458 2364 τοῦ
1486 2312 1618 2364 Θεοῦ
1657 2313 1752 2380 τὴν
1783 2311 2206 2382 φιλανθρωπίαν,

651 2397 745 2450 καὶ
793 2398 914 2449 τίνα
969 2398 1114 2455 ὄντα.
1149 2393 1258 2451 οἷον
1305 2399 1700 2451 κατεσκεύασεν
1730 2405 1779 2458 ⁸,
1836 2399 1942 2451 ἀπὸ
1984 2398 2206 2450 διώκτου

654 2488 882 2556 ποιήσας
910 2485 1220 2539 ἀπόστολον.
1252 2487 1314 2538 Εἰ
1348 2485 1403 2537 δὲ
1445 2488 1646 2548 ἐκεῖνος
1673 2485 1780 2538 τῶν
1810 2484 2208 2553 ἀφανισθέντων

651 2574 1058 2644 ἁμαρτημάτων
1116 2574 1406 2643 μέμνηται,
1450 2573 1624 2642 πολλῷ
1670 2573 1868 2644 μᾶλλον
1912 2574 2061 2643 ἡμᾶς
2102 2571 2208 2624 τῶν

653 2661 791 2729 μετά
841 2659 900 2712 τὺ
941 2660 1221 2729 βάπτισμα
1273 2661 1571 2730 μεμνῆσθαι
1617 2663 1738 2730 χρή.
1795 2660 1890 2722 Τίς
1930 2659 2038 2728 γάρ
2078 2661 2208 2726 ἡμῖν

651 2746 910 2813 ἀπολογία
937 2747 1107 2810 ἔσται,
1143 2747 1175 2816 ἢ
1215 2747 1341 2799 ποία
1373 2749 1684 2816 συγγνώμη,
1713 2748 1838 2800 ὅταν
1869 2749 2072 2808 ἐκεῖνος
2111 2745 2208 2814 μὲν

651 2831 757 2884 τῶν
781 2831 1079 2885 ἀνευθύνων
1110 2833 1419 2904 μνημονεύῃ
1447 2833 1698 2900 συνεχῶς.
1725 2835 1880 2901 ἡμεῖς
1900 2833 1954 2884 δὲ
1982 2832 2112 2899 μηδὲ
2135 2824 2208 2882 ὧν

656 2919 916 2990 μέλλομεν
948 2920 1101 2987 λόγον
1142 2921 1382 2989 ὑπέχειν,
1418 2920 1550 2989 μηδέ
1578 2919 1778 2972 τούτων
1812 2919 2032 2979 ἑαυτοὺς
2079 2919 2209 2970 ὑπο-

657 3009 1066 3078 μιμνήσκωμεν,
1111 3007 1220 3060 ἀλλ’
1245 3007 1469 3074 ἀφέντες
1511 3007 1580 3059 τά
1621 3009 1810 3068 οἰκεῖα,
1841 3005 1908 3057 τά
1957 3005 2208 3074 ἀλλότρια

656 3093 1137 3164 περιεργαζώμεθα
1161 3093 1334 3155 κακά;
1359 3091 1648 3164 [Ἄκουσον
1677 3093 1765 3143 τὸν
1791 3091 1991 3158 Πέτρον
2021 3090 2206 3156 λέγον-

651 3199 719 3233 τα
736 3197 751 3212 ο
785 3180 1032 3246 Ἔξελθε
1067 3182 1164 3234 ἀπ’
1191 3180 1356 3249 ἐμοῦ,
1380 3181 1468 3233 ὅτι
1493 3179 1646 3247 ἀνὴρ
1687 3180 2029 3248 ἁμαρτωλός
2049 3175 2208 3246 είμι.]

655 3271 916 3322 Ἀκουσον
951 3268 1064 3329 πῶς
1093 3267 1241 3338 [196]
1265 3267 1357 3320 καὶ
1375 3267 1646 3329 Μαθταῖος
1671 3267 1766 3335 τῆς
1796 3265 2062 3334 προτέρας
2085 3266 2210 3316 ἑαυ-

651 3353 743 3406 τοῦ
774 3357 1064 3423 κατηγορεί
1092 3355 1257 3424 ζωῆς,
1292 3355 1384 3406 καὶ
1413 3353 1648 3422 τελώνην
1686 3353 1874 3405 ἑαυτὸν
1912 3351 2082 3414 καλεῖ,
2118 3353 2212 3402 καὶ

650 3440 769 3493 οὖδέ
824 3439 1131 3510 αἰσχύνεται
1187 3439 1274 3492 τὸν
1332 3439 1590 3509 πρότερον
1651 3438 2012 3508 ἐκπομπεύων
2074 3438 2206 3508 βίον.

665 3527 879 3596 Ἐπειδὴ
909 3527 1014 3596 γὲρ
1043 3526 1190 3579 οὐδὲν
1220 3521 1359 3595 εἶχον
1391 3529 1710 3596 κατηγορεῖν
1750 3525 1956 3578 ἑαυτῶν
1988 3523 2124 3594 μετά
2153 3524 2212 3575 τὸ

660 3617 961 3685 βάπτισμα,
1012 3614 1118 3667 τῶν
1174 3615 1451 3684 προτέρων
1494 3614 1816 3683 ἐμέμνηντο,
1872 3611 2212 3673 παιδεύοντες

655 3706 688 3772 ἡ
696 3705 798 3772 μᾶς
810 3703 915 3755 τῶν
934 3702 1028 3771 μὲν
1041 3702 1332 3770 ἀλλοτρίων
1345 3701 1524 3754 κακῶν
1542 3701 1740 3771 μηδένα
1756 3699 2022 3752 ποιεῖσθαι
2034 3698 2210 3765 λόγον,

654 3790 719 3842 τά
741 3789 797 3841 δὲ
820 3789 988 3840 οίκεία
1017 3790 1282 3857 μεριμνᾷν
1311 3789 1400 3839 καὶ
1432 3787 1666 3856 συνεχῶς
1693 3787 2065 3856 ἀναστρέφειν.

725 3876 798 3929 Οὑ
842 3875 948 3945 γάρ
999 3875 1164 3936 ἔστιν,
1209 3875 1306 3926 οὑκ
1351 3873 1493 3926 ἔστιν
1542 3875 1688 3926 οὐδὲν
1721 3873 1902 3943 ἕτερον
1925 3873 2212 3943 φάρμακον

655 3962 888 4017 τοιοῦτον
934 3961 1065 4033 πρὸς
1103 3961 1198 4031 τὴν
1245 3961 1350 4013 τῶν
1382 3959 1786 4032 ἁμαρτημάτων
1816 3959 2110 4027 ἀναίρεσιν,
2141 3956 2214 4018 ὡς

656 4053 689 4120 ἡ
736 4050 958 4119 συνεχὴς
1007 4049 1181 4101 αὑτῶν
1227 4049 1545 4117 ἀνάμνησις,
1576 4047 1665 4099 καὶ
1699 4050 1730 4115 ή
1765 4044 2011 4114 διηνεκὴς
2038 4042 2214 4096 αὐτῶν

659 4138 973 4206 κατηγορία.
1003 4135 1185 4197 Οὕτως
1215 4136 1242 4186 6
1263 4133 1492 4202 τελώνης
1524 4133 1589 4185 τά
1622 4131 1782 4203 μυρία
1810 4130 2043 4200 ἠδυνήθη
2074 4129 2216 4181 κακά

659 4223 972 4282 ἀποθέσθαι,
1024 4223 1109 4274 ἵνα
1147 4223 1296 4293 είπτγ
1355 4222 1416 4273 '0
1464 4223 1622 4285 Θεὸς,
1679 4220 1953 4285 ἱλάσθητί
1996 4235 2095 4286 μοι
2140 4215 2217 4281 τῷ

659 4307 996 4379 ἁμαρτωλῷ
1024 4308 1196 4368 οὕτως
1227 4309 1254 4359 6
1285 4309 1568 4375 Φαρισαῖος
1595 4308 1692 4376 τῆς
1722 4305 2059 4372 δικαιοσύνης
2083 4305 2221 4356 ἀπά-

661 4415 759 4469 σης
785 4399 1055 4462 ἐξέπεσεν.
1081 4396 1158 4447 ὅτι
1184 4396 1340 4463 ἀφεὶς
1361 4393 1665 4462 λογίζεσθαι
1693 4393 1761 4445 τά
1793 4392 1940 4461 αὑτῷ
1968 4393 2219 4461 πεπλημ-

663 4486 957 4557 μελημένα,
992 4485 1090 4554 τὴν
1127 4483 1444 4553 οίκουμένην
1485 4481 1824 4544 κατεδίκαζε,
1870 4481 2062 4547 λέγων·
2100 4482 2218 4531 Οὐκ

660 4575 772 4642 εἰμί
812 4574 890 4637 ὡς
939 4575 989 4624 οι
1039 4572 1233 4624 λοιποὶ
1288 4571 1401 4623 τῶν
1438 4571 1774 4638 ἀνθρώπιον,
1821 4569 2078 4636 ἅρπαγες
2123 4567 2218 4619 καί

663 4659 1033 4719 πλεονέκται,
1074 4657 1212 4711 οὐδὲ
1239 4658 1318 4721 ὡς
1343 4653 1518 4721 οὗτος
1548 4661 1579 4709 ό
1612 4656 1891 4721 τελώνης.
1936 4654 2032 4706 Διά
2067 4654 2220 4706 τοῦτο

664 4746 756 4798 καὶ
791 4747 817 4797 6
845 4745 1051 4806 Παῦλος
1079 4744 1309 4812 παρῄνει
1335 4743 1528 4810 λέγων’
1560 4744 1854 4805 ’Ἕκαστος
1889 4740 1956 4792 δὲ
1984 4740 2220 4808 δοκιμα-

664 4834 797 4891 ζέτω
826 4831 890 4883 τό
927 4830 1139 4882 ἑαυτοῦ
1165 4833 1359 4898 ἔργον,
1392 4832 1486 4882 καί
1519 4833 1649 4883 τότε
1681 4831 1763 4893 είς
1804 4827 2016 4881 ἑαυτὸν
2032 4829 2222 4894 μόνον

664 4921 726 4971 τὸ
757 4921 1030 4984 καύχημα
1059 4915 1200 4978 ἕξει,
1243 4917 1336 4965 καὶ
1374 4919 1481 4967 οὐκ
1527 4919 1611 4978 είς
1653 4915 1758 4967 τὸν
1785 4915 2004 4980 ἕτερον.
2039 4913 2222 4965 Βούλει

675 5004 861 5073 μαθεῖν
886 5001 976 5053 καὶ
999 5003 1053 5052 ὲν
1079 5003 1142 5070 τῇ
1174 5000 1378 5068 Παλαιᾷ
1407 5002 1520 5060 πῶς
1542 5003 1590 5052 οἱ
1620 5001 1813 5054 δίκαιοι
1845 5000 2221 5070 κατηγόρησαν

675 5090 905 5155 ἐαυτῶν;
949 5091 1139 5141 Ἄκουε
1175 5089 1264 5139 γαδ,
1305 5087 1504 5138 τούτων
1547 5087 1771 5148 ἐκείνοις
1820 5075 2024 5160 συνῳδά
2059 5090 2222 5158 φθεγ-

671 5177 933 5246 γομένων.
987 5178 1043 5229 Ὀ
1089 5177 1184 5246 μὲν
1236 5175 1342 5242 γὰρ
1405 5173 1562 5226 Δαυῖδ
1612 5175 1824 5240 ἔλεγεν
1871 5180 1939 5228 Al
1985 5178 2221 5243 ἀνομίαι

663 5283 777 5332 μου
821 5263 1122 5330 ὺπερῆραιο
1160 5264 1269 5322 τὴν
1308 5260 1575 5329 κεφαλήν
1614 5277 1750 5328 μου⁸
1794 5261 1932 5311 ὡσεὶ
1982 5264 2222 5328 φορτίον

663 5351 818 5419 ,βαρὺ
874 5351 1284 5415 ἐϐαρύνθησαν
1335 5350 1424 5400 ἐπ’
1463 5347 1580 5415 ἐμέ.
1629 5351 1684 5399 '0
1724 5347 1778 5398 δὲ
1813 5345 2035 5408 Ἡσαΐας
2073 5347 2217 5398 ἐϐόα·

663 5441 822 5508 (ﬁgo:
849 5441 879 5491 ό
899 5437 1080 5501 τάλας
1103 5437 1234 5504 ἐγὼ,
1261 5437 1344 5488 ὅτι
1377 5436 1677 5503 ἅνθρωπος
1696 5436 1779 5486 ῶν
1809 5436 1900 5487 καὶ
1927 5436 2222 5502 ἀκάθαρτα

671 5528 839 5594 χείλη
864 5525 1035 5592 ἔχων.
1068 5524 1174 5574 Καὶ
1195 5524 1241 5573 οἱ
1260 5525 1402 5590 τρεῖς
1428 5523 1607 5584 παῖδες
1631 5525 1685 5573 ἐν
1708 5523 1912 5590 καμίνῳ
1927 5523 2222 5592 διατρίϐον-

668 5631 774 5675 τες,
806 5612 895 5663 καὶ
923 5611 987 5660 τὰ
1019 5608 1240 5676 σώματα
1267 5607 1478 5676 θανάτῳ
1506 5609 1592 5660 διά
1620 5609 1706 5660 τὸν
1725 5609 1853 5662 Θεὸν
1877 5610 2220 5677 παραδόντες,

672 5704 725 5749 εν
761 5701 870 5760 τοῖς
905 5695 1146 5766 ἐσχάτοις
1178 5693 1283 5745 τῶν
1313 5694 1645 5761 ἁμαρτωλῶν
1688 5697 1907 5754 ἑαυτοὺς
1939 5696 2220 5764 ήρίθμουν,

683 5784 1059 5851 Ἰίμάρτομεγ,
1090 5780 1494 5848 ἠνομήσαμεν,
1528 5779 1786 5845 λέγοντες·
1814 5783 1984 5835 καίτοι
2009 5784 2058 5835 τί
2090 5784 2224 5853 λαμ-

736 5917 757 5943 ⁸
777 5909 909 5961 Colb.
933 5908 1031 5955 τίνα
1055 5910 1164 5956 ὄντα
1184 5907 1281 5952 τίνα
1305 5904 1662 5953 κατεσκεύασεν.

1354 446 1410 499 S.
1447 444 1722 502 JOANNIS
1754 447 2242 505 CIIRYSOSTOMI
2279 451 2595 512 ARCHIEP.
2635 453 3172 516 COSSTANTINOP.

3809 476 3918 530 190

2313 574 2576 646 πρότερον
2619 577 2858 642 ἐκείνων,
2897 581 2949 632 τί
2985 580 3364 650 καθαρώτερον
3405 575 3508 649 ἦν;
3544 577 3654 631 Καὶ
3697 575 3831 645 γὰρ
3859 576 3901 625 ετ

2312 663 2406 714 καί
2453 681 2606 728 τινας
2637 661 2776 735 ἦσαν
2815 668 3089 737 ἁμαρτίας
3138 669 3516 736 πεποιηκότες,
3561 664 3750 723 πάσας
3799 664 3904 714 ἀπ-

2310 749 2513 820 έσμηξε
2533 753 2631 822 τῆς
2654 753 2846 821 φλογὸς
2884 754 3099 822 ἐκείνης
3131 755 3170 823 ή
3197 752 3375 821 φύσις.
3415 751 3551 804 Ἀλλ’
3573 752 3630 803 οὑ
3661 750 3818 819 πρδς
3841 749 3903 800 1i

2311 839 2704 910 κατορθώματα
2730 842 2914 912 ἐώρων
2940 842 3011 895 τὰ
3033 846 3226 904 οἰκεῖα,
3252 841 3390 894 ἀλλά
3411 842 3480 894 τά
3511 842 3901 909 ἁμαρτήματα

2309 925 2694 995 ἀνελογίζοντο.
2725 929 2880 982 Οῦτω
2909 930 3004 982 καὶ
3030 929 3226 996 Δανιὴλ
3258 929 3396 999 μετά
3425 928 3515 981 τὸν
3542 928 3750 980 λάκκον
3791 925 3900 976 τῶν

2309 1015 2554 1080 λεόντων,
2599 1018 2735 1087 μετά
2773 1019 2870 1081 τάς
2921 1020 3121 1090 μυρίας
3160 1017 3446 1088 τιμωρίας,
3487 1015 3552 1079 ἀς
3599 1015 3899 1083 ὑπέμεινε.

2309 1106 2406 1158 καὶ
2430 1106 2590 1168 αὑτὸς
2619 1106 2811 1159 ἑαυτοῦ
2849 1107 3164 1177 κατηγόρει,
3206 1105 3299 1158 τοῦ
3339 1105 3393 1157 δὲ
3433 1102 3658 1174 πλησίον
3687 1099 3898 1160 οὐδείς.

2308 1194 2375 1246 Τί
2401 1195 2464 1263 δή
2503 1211 2666 1260 πστε;
2696 1194 2818 1247 Ὅτι
2849 1196 2878 1246 6
2908 1196 3007 1264 μὲν
3037 1194 3254 1265 ἐτέρους
3283 1193 3453 1260 λέγων
3497 1189 3706 1251 κακῶς,
3751 1205 3900 1257 παρ-

2305 1279 2482 1346 οξύνει
2533 1282 2625 1334 τὸν
2683 1281 2974 1350 Δεσπότην.
3029 1281 3087 1333 '0
3131 1281 3187 1334 δὲ
3231 1279 3418 1333 ἑαυτὸν
3456 1277 3626 1345 λέγων
3675 1273 3896 1335 κακῶς,

2307 1367 2501 1432 ἀξιλεοῖ
2531 1369 2626 1422 καὶ
2655 1369 3028 1423 καταλλάττειο
3059 1369 3152 1421 καὶ
3187 1366 3276 1421 τὸν
3307 1365 3510 1419 δίκαιον
3547 1363 3898 1430 δικαιότερον

2307 1455 2696 1524 ἀπεργάζεται,
2755 1455 2850 1508 καὶ
2900 1456 2989 1508 τὸν
3044 1454 3364 1527 ἁμαρτωλὸν
3415 1449 3713 1522 ἐξαρπάζει
3790 1447 3898 1500 τῶν

2307 1540 2667 1610 ἐγκλημάτων
2706 1541 2800 1595 καὶ
2834 1540 3160 1611 συγγνώμης
3193 1540 3339 1604 ἀξιον
3379 1541 3542 1591 ποιεῖ.
3583 1535 3759 1590 Ταῦτ’
3806 1528 3897 1588 οῦν

2307 1629 2527 1694 εἰδότες,
2575 1630 2648 1700 μὴ
2690 1630 2758 1682 τά
2787 1629 3061 1700 ἀλλότρια,
3107 1627 3242 1681 ἀλλά
3275 1629 3448 1679 οἰκεῖα
3490 1625 3899 1694 πολυπραγμο⁴

2307 1716 2488 1785 νῶμεν
2524 1709 2688 1769 κακά’
2721 1713 3112 1785 ἀναπτύξωμεν
3145 1713 3301 1786 ήμῶν
3345 1711 3404 1766 τδ
3451 1712 3708 1773 συνειδὸς,
3764 1712 3897 1763 ἀνα⁸

2312 1800 2635 1872 μνησθῶμεν
2673 1803 2829 1871 ήμῶν
2861 1801 2959 1872 τὴν
2992 1802 3133 1872 ζωὴν
3167 1801 3383 1856 ἃπασαν
3415 1800 3464 1859 ι),
3497 1799 3732 1850 ἕκαστον
3790 1796 3897 1848 τῶν

2309 1889 2704 1958 ἡμαρτημένων
2742 1892 2872 1958 ημῖν
2913 1886 3422 1959 περιεργασώμεθα,
3456 1886 3547 1939 καὶ
3597 1884 3674 1953 μὴ
3732 1884 3899 1952 μόνον

2313 1975 2386 2042 μὴ
2434 1976 2679 2044 λέγωμεν
2731 1975 2915 2038 κακῶς
2955 1975 3192 2046 ἐτέρους,
3249 1974 3383 2026 ἀλλά
3427 1972 3556 2042 μηδέ
3593 1972 3898 2039 ἀκούωμεν

2311 2063 2513 2133 ἐτέρων
2538 2063 2800 2129 λεγόντων
2825 2063 3026 2124 κακῶς.
3061 2061 3168 2114 Καὶ
3201 2061 3309 2130 γὰρ
3341 2060 3432 2112 καὶ
3464 2059 3651 2110 τούτου
3683 2057 3897 2123 ἔγκλη-

2311 2168 2385 2219 μα
2411 2153 2584 2203 κεῖται
2629 2151 2722 2203 καὶ
2755 2149 2990 2220 τιμωρία
3023 2149 3273 2218 μεγίστη
3318 2145 3521 2211 Ἀκοὴν
3555 2143 3683 2213 γάρ,
3735 2143 3899 2212 φησὶ,

2301 2239 2558 2304 ματαίαν
2575 2237 2660 2304 μὴ
2700 2235 3023 2303 παραδέξῃ.
3074 2235 3187 2287 Οὑκ
3237 2231 3407 2296 εἶπεν,
3459 2233 3619 2299 ’Δκοῇ
3677 2231 3899 2298 ματαία

2312 2323 2385 2393 μὴ
2416 2321 2728 2395 πιστεύσῃς,
2748 2322 2902 2380 ἀλλά,
2931 2322 3080 2391 Μηδέ
3110 2319 3232 2390 δέξῃ
3265 2321 3451 2389 αὐτὴν
3480 2317 3808 2386 ἀπόφραξον
3834 2318 3898 2368 τά

2308 2403 2442 2468 ὦτα,
2483 2409 2828 2478 ἀποτείχισον
2867 2411 2930 2476 τῇ
2978 2408 3282 2476 κατηγορίᾳ
3323 2407 3424 2474 τὴν
3464 2403 3684 2464 είσοδον,
3719 2403 3900 2466 δεῖξον

2305 2499 2388 2550 ὅτι
2423 2495 2515 2548 τοῦ
2546 2497 3014 2567 κατηγορουμένου
3044 2495 3144 2547 οὑκ
3170 2495 3388 2546 ἔλαττον
3426 2491 3584 2552 αὑτὸς
3610 2491 3638 2540 ό
3668 2491 3900 2542 ἀκούων

2308 2583 2498 2654 ἐχθρὸς
2546 2580 2596 2635 εἷ
2627 2586 2721 2636 καὶ
2751 2583 3002 2653 πολέμιος
3039 2583 3116 2651 τῷ
3147 2581 3327 2644 κακῶς
3360 2580 3589 2646 λέγοντι.
3627 2579 3900 2647 Μίμησαι

2307 2669 2396 2722 τὸν
2427 2669 2575 2741 [197]
2601 2673 2883 2740 προφήτην
2902 2669 3043 2722 οὑτω
3064 2670 3308 2736 λέγοντα’
3338 2667 3446 2721 Τὸν
3469 2665 3903 2719 καταλαλοῡν-

2311 2775 2379 2810 τα
2407 2757 2596 2824 λάθρα
2630 2759 2735 2810 τὸν
2767 2759 3036 2822 πλησίον
3062 2755 3269 2817 αὐτοῦ,
3302 2754 3514 2807 τοῦτον
3537 2752 3896 2814 ἐξεδίωκον.

2308 2845 2422 2896 Οὑκ
2455 2840 2624 2906 εἶπεν,
2653 2845 2734 2896 ὅτι
2754 2844 2865 2895 Οὑκ
2894 2843 3198 2902 ἐπίστευον,
3225 2840 3344 2893 οὑδὲ
3373 2840 3452 2891 ὅτι
3486 2837 3560 2890 Οὐ
3585 2837 3900 2904 ἰταρεδεχό⁶

2311 2946 2418 2998 μην
2442 2929 2511 2982 τὰ
2534 2930 2818 2999 λεγόμενα,
2849 2929 2982 2981 ἀλλά
3005 2929 3098 2981 καὶ
3121 2928 3450 2997 ἀπήλαυνον,
3476 2924 3548 2986 ώς
3572 2923 3780 2993 ἐχθρὸν
3809 2925 3904 2976 καὶ

2309 3016 2586 3086 πολέμιον.

2382 3109 2431 3156 ι’.
2476 3103 2612 3155 Ἀλλ’
2647 3103 2751 3155 είσί
2789 3119 2951 3165 τινες,
2983 3101 3032 3154 οἳ
3075 3101 3260 3170 ψυχρᾷ
3296 3097 3616 3170 παραμυθίᾳ
3659 3098 3903 3157 ἑαυτοὺς

2311 3191 2776 3261 παραμυθοῦνται,
2811 3191 3008 3243 οὑτωσὶ
3039 3190 3308 3257 λέγοντες·
3340 3188 3530 3257 Κύριε,
3571 3187 3646 3255 μὴ
3683 3187 3905 3254 στήσῃς

2315 3295 2405 3346 μοι
2449 3277 2546 3347 τὴν
2590 3277 2861 3347 ἁμαρτίαν
2896 3277 3117 3344 ταύτην.
3154 3277 3236 3328 ὅτι
3274 3276 3439 3344 ἀκοῆς
3481 3273 3637 3340 λόγον
3668 3272 3906 3339 ὀφεῦω.

2311 3365 2407 3427 Τίς
2436 3365 2590 3434 χρεία
2625 3364 2722 3433 τῆς
2750 3362 3076 3429 ἀπολογίας;
3107 3361 3189 3422 τίς
3233 3360 3386 3431 χρεία
3426 3360 3524 3428 τῆς
3556 3359 3908 3426 συγγνώμης

2311 3450 2540 3519 ταύτης;
2577 3451 2825 3519 Σίγησον,
2872 3451 2964 3502 καὶ
3015 3448 3321 3515 ἀπήλλαξαι
3363 3448 3468 3500 τῶν
3501 3446 3908 3515 ἐγκλημάτων·

2314 3535 2478 3605 μηδὲν
2512 3536 2696 3608 εἴπῃς,
2722 3536 2812 3587 καὶ
2843 3534 3080 3604 καθαρὸς
3107 3529 3159 3585 εἷ
3189 3532 3288 3600 τῆς
3316 3533 3573 3600 ἀγωνίας.
3610 3532 3679 3582 Τί
3719 3529 3912 3599 σαυτῷ

2312 3621 2610 3691 πράγματα
2634 3620 2870 3684 πλέκεις,
2898 3621 2991 3672 καὶ
3030 3619 3178 3689 παρά
3215 3619 3352 3687 Θεῷ,
3383 3620 3474 3671 καὶ⁵
3505 3618 3654 3686 παρά
3685 3617 3794 3670 ἀνθ
3806 3619 3915 3686 ρώ-

2310 3725 2457 3771 ποις;
2489 3708 2553 3759 Τί
2579 3711 2748 3770 ποιεῖς
2781 3707 3073 3760 ὑπεύθυνον
3104 3706 3289 3758 ἐαυτὸν
3317 3705 3681 3774 ἐγκλημάτων
3714 3721 3730 3766 ς
3766 3705 3824 3756 τί
3853 3704 3912 3755 τδ

2313 3795 2526 3865 φορτίον
2560 3794 2851 3865 βαρύτερον
2884 3794 3133 3862 δεσμεῖς;
3171 3793 3282 3845 Οὑκ
3314 3793 3474 3860 ἀρκεῖ
3509 3807 3586 3842 σοι
3620 3792 3762 3860 περῖ
3802 3789 3916 3841 τῶν

2311 3883 2523 3934 οἰκείων
2567 3881 2746 3935 κακῶν
2787 3881 3010 3943 εὑθύνας
3064 3882 3339 3949 ὑποσχεῖν,
3382 3878 3514 3932 ἀλλά
3561 3878 3657 3929 καὶ
3708 3879 3918 3946 ἐτέρας

2315 3969 2584 4038 ἁμαρτίας
2618 3968 2968 4038 ἐπισωρεύεις
2998 3966 3206 4034 σαυτῷ;
3238 3964 3468 4033 Περιττὴ
3514 3963 3655 4030 αῦτη
3692 3965 3727 4031 ἡ
3772 3965 3916 4015 ἀποο

2313 4055 2486 4122 λογία’
2530 4055 2627 4106 οὑκ
2683 4053 2853 4121 ἀκοῆς
2887 4053 3041 4118 λόγον
3077 4052 3327 4120 ὀφείλεις,
3370 4049 3503 4100 ἀλλά
3557 4051 3920 4116 κατηγορίας

2314 4141 2469 4208 λόγον
2503 4142 2809 4210 χρεωστεῖς.
2836 4139 3003 4191 Ὅταν
3033 4138 3140 4206 γάρ
3171 4136 3424 4197 ἀκούσας,
3456 4136 3514 4186 οὑ
3549 4137 3827 4207 σιγήσῃς,
3856 4136 3917 4187 οὑ

2315 4228 2415 4295 τῆς
2438 4228 2604 4296 ἀκοῆς
2620 4225 2776 4292 λόγον
2801 4224 2954 4294 μόνον
2977 4224 3229 4292 ὀφείλεις,
3259 4221 3391 4274 ἀλλά
3417 4221 3510 4273 καὶ
3535 4223 3919 4290 κατηγορίας.

2329 4317 2422 4366 Ἐκ
2449 4313 2557 4382 γὰρ
2584 4311 2702 4365 τῶν
2723 4313 2919 4379 ,λόγων
2949 4326 3064 4364 σου
3097 4309 3482 4374 δικαιωθήσῃ,
3519 4309 3678 4374 φησὶ,
3709 4310 3820 4360 καὶ
3853 4309 3923 4360 ἐκ

2318 4401 2434 4454 τῶν
2464 4403 2658 4469 λόγων
2685 4418 2800 4453 σου
2822 4399 3248 4466 κατακριθήσῃ.
3281 4397 3464 4450 Ταῦτα
3494 4397 3588 4463 οὑχ
3617 4397 3779 4464 ὑπὲρ
3807 4398 3925 4449 τῶν

2317 4486 2502 4548 κακῶς
2548 4485 2869 4545 ἀκουόντων,
2901 4484 3014 4535 ἀλλ’
3062 4484 3208 4552 ὑπὲρ
3244 4481 3355 4534 τῶν
3396 4483 3582 4542 κακῶς
3628 4481 3927 4548 λεγόντων

2317 4571 2567 4633 δεδοικὼς
2611 4571 2751 4636 λέγω
2784 4571 2877 4622 καὶ
2914 4569 3369 4638 διαμαρτύρομαι.
3411 4568 3466 4620 '0
3517 4566 3615 4635 μὲν
3652 4568 3780 4637 γὰρ
3825 4588 3928 4622 κα-

2319 4660 2428 4721 κῶς
2463 4657 2719 4719 ἀκούσας,
2753 4657 2902 4708 οὑδέν
2934 4655 3292 4725 ἐπηρέασται,
3337 4654 3456 4706 οὑδέ
3503 4652 3749 4722 ἐϐλάϐηο
3805 4656 3925 4706 ἀλλ’

2317 4747 2382 4798 ἂν
2416 4746 2510 4814 μὲν
2547 4745 2711 4812 ψευδῆ
2810 4744 2876 4795 τὰ
2904 4743 3030 4813 περὶ
3062 4742 3226 4795 αὑτοῦ
3257 4741 3545 4808 λεγόμενα,
3575 4742 3676 4792 καὶ
3722 4743 3929 4809 μισθὸν

2319 4833 2449 4902 ἔχει·
2515 4833 2580 4884 ἂν
2627 4831 2683 4883 δὲ
2737 4829 2930 4898 ἀληθῆ,
2981 4829 3132 4881 οὐδὲν
3178 4827 3298 4881 οὑδὲ
3346 4827 3522 4888 οὕτως
3563 4828 3925 4896 ὲπηρέασται

2321 4918 2469 4986 παρὰ
2526 4918 2620 4986 τὴν
2680 4916 2774 4984 σὴν
2819 4914 3165 4984 κατηγορίαν.
3209 4913 3341 4966 Οὑδὲ
3382 4913 3489 4981 γάρ
3527 4913 3635 4965 ἀπὸ
3677 4918 3791 4982 τῆς
3828 4919 3930 4984 σῆς

2320 5004 2582 5072 λοιδορίας
2618 5003 2754 5054 οἴσει
2789 5003 2908 5053 τότε
2952 5001 3048 5069 τὴν
3082 5000 3258 5068 ψῆφον
3297 5001 3444 5069 αὑτῷ
3479 5001 3507 5051 6
3541 4999 3821 5064 δικάζων.
3867 5004 3930 5053 EE

2319 5092 2376 5142 δέ
2430 5091 2532 5158 χρή
2591 5106 2641 5139 τι
2691 5088 2783 5140 καὶ
2822 5086 3133 5153 θαυμαστὸν
3182 5087 3375 5150 εἰπεῖν,
3433 5087 3527 5138 καὶ
3569 5086 3637 5137 τὰ
3673 5088 3932 5153 μέγιστα

2321 5177 2564 5246 κερδανεῖ
2583 5175 2839 5240 γενναίως
2862 5174 3040 5241 φέρων
3069 5174 3165 5241 τὴν
3194 5174 3562 5242 βλασφημίαν,
3594 5171 3808 5246 ῶσπερ
3837 5175 3931 5230 οὖν

2320 5264 2411 5314 καὶ
2437 5263 2464 5312 ὁ
2493 5262 2744 5330 τελώνηςο
2776 5261 2803 5310 6
2832 5260 2887 5313 δὲ
2911 5260 3092 5322 κακῶς
3117 5260 3309 5326 λέγων,
3335 5261 3399 5313 ἄν
3427 5277 3481 5311 τε
3510 5259 3692 5329 ἀληθῆ
3729 5267 3932 5327 κακῶς

2321 5352 2445 5420 εἴπῃ
2474 5349 2559 5400 τὸν
2591 5349 2831 5415 πλησίον,
2870 5348 2934 5399 τὰ
2965 5348 3192 5416 μέγιστα
3230 5347 3504 5414 ἠδίκηται.
3537 5347 3649 5398 Καὶ
3688 5349 3784 5402 ὅτι
3827 5355 3930 5421 μὲν

2319 5437 2345 5487 6
2380 5435 2724 5502 συκοφαντῶν
2756 5433 3028 5486 ἀπόλωλεν
3049 5473 3060 5494 ,
3091 5433 3207 5484 οὑδὲ
3247 5433 3568 5493 ἀποδείξεως
3601 5437 3807 5502 χρεία·
3849 5441 3930 5491 ὅτι

2320 5523 2396 5582 δὲ,
2435 5522 2534 5573 κᾶν
2568 5521 2738 5589 ἀληθῆ
2783 5520 2934 5590 λέγῃ,
2979 5520 3374 5590 φορτικώτερον
3415 5518 3592 5586 ἐαυτῷ
3646 5528 3818 5577 ποιεῖ
3873 5528 3934 5580 τὺ

2321 5609 2683 5675 δικαστήριον,
2711 5606 3070 5675 ἐκπομπεύων
3096 5605 3191 5668 τὰς
3217 5604 3304 5656 τοῦ
3333 5603 3555 5671 πλησίον
3586 5615 3930 5680 συμφορὰς,

2323 5697 2411 5746 καὶ
2458 5693 2764 5744 σκανδάλων
2822 5692 2992 5754 αἴτιος
3041 5691 3340 5758 γενόμενος,
3371 5688 3406 5741 ἀ
3454 5689 3738 5759 κρύπτειν
3782 5698 3931 5765 δέον,

2323 5782 2672 5835 ἐκκαλύπτων
2720 5782 2910 5842 ἆπασι,
2961 5781 3054 5834 καὶ
3092 5781 3371 5848 κηρύττων
3415 5779 3481 5830 τά
3525 5779 3930 5857 ἁμαρτήματα

2387 5909 2411 5948 li
2433 5908 2564 5958 Colb.
2589 5914 2668 5965 τῆς
2693 5911 2811 5964 ζωῆς
2831 5907 3028 5962 iniam.
