4144 6508
626 399 731 453 191

614 495 773 549 etiam
790 504 1048 564 quiestnm
1065 494 1222 550 faciet
1246 497 1288 550 si
1318 497 1553 552 convicia
1572 500 1832 567 patienter
1853 499 2007 566 furat,
2032 509 2089 554 ut
2114 500 2182 555 fe-

616 586 687 640 cit
720 586 1022 654 publicanus
1047 604 1059 639 :
1083 596 1137 639 at
1156 587 1199 640 is
1218 587 1304 656 qui
1336 587 1621 653 maledicit,
1651 602 1745 643 seu
1771 605 1895 644 vera
1917 590 2040 652 sint,
2087 605 2181 645 seu

622 676 773 742 falsa,
806 693 921 747 qua:
947 678 1000 730 itt
1023 678 1321 745 proximum
1345 677 1559 747 conjicit
1605 679 1904 742 maledicta,
1954 679 2183 733 ttiaximo

618 766 814 821 damno
876 766 1121 819 allicitur.
1176 764 1241 819 Et
1292 767 1725 821 calumniatorem
1793 768 2003 837 quidem
2059 782 2181 836 per-

614 857 741 912 iisse
765 894 783 921 ,
849 854 989 909 nulla
1060 865 1143 910 est
1198 870 1330 925 opus
1378 854 1870 912 demonstratione:
1920 854 2020 911 sibi
2059 871 2183 911 vero

616 946 764 1000 illum
804 946 1015 1015 gravius
1059 945 1314 1015 judicium
1356 960 1647 1008 accersere,
1694 946 1817 1001 licet
1853 961 1986 1000 vera
2007 945 2179 1011 dicat,

615 1035 740 1090 dum
766 1035 1007 1090 miserias
1031 1034 1255 1105 proximi
1277 1035 1532 1105 divulgat,
1555 1043 1609 1090 et
1632 1034 1998 1091 scandalorum
2049 1050 2179 1089 cau-

615 1140 726 1182 sam
773 1126 989 1197 praebet,
1020 1125 1347 1180 omnibusea
1389 1123 1660 1196 detegens,
1705 1139 1824 1195 qua:
1867 1122 2178 1179 occultanda

613 1217 841 1280 fuerant,
882 1225 936 1271 et
956 1215 1179 1286 proximi
1207 1223 1417 1284 peccata
1455 1214 1727 1285 pnedieat,
1774 1212 2022 1268 omnibus
2071 1213 2173 1267 uti-

612 1317 714 1371 que
764 1304 1097 1360 manifestum
1161 1313 1262 1360 est.
1314 1303 1443 1358 Nam
1479 1304 1522 1359 si
1576 1304 1664 1372 qui
1708 1318 1870 1356 unum
1915 1302 2177 1357 scandali-

612 1396 830 1461 Zaverit,
858 1394 1182 1450 inevitabiles
1229 1409 1412 1464 ptenas
1456 1393 1621 1457 dabit,
1673 1392 1717 1447 is
1738 1392 1827 1463 qui
1877 1393 2180 1449 innumeros

612 1498 827 1539 rumore
891 1480 1032 1539 malo
1096 1499 1281 1552 sparso
1322 1482 1677 1548 scandalizat,
1729 1498 1835 1552 quo
1886 1499 1989 1537 non
2050 1498 2178 1551 sup-

611 1575 768 1644 plicio
788 1576 1077 1645 plectatur?
1102 1576 1395 1631 Pharismus
1412 1575 1553 1631 enim
1569 1590 1673 1631 non
1691 1574 1947 1630 meutieba
1957 1584 2058 1638 tur,
2085 1575 2178 1631 sed

611 1678 737 1718 vera
785 1664 1013 1727 dicebat,
1060 1665 1187 1719 dum
1260 1666 1594 1733 publicanum
1642 1665 1865 1719 vocabat
1939 1665 2174 1734 publica-

614 1768 759 1817 num,
790 1763 1021 1807 attamen
1049 1767 1232 1822 poenas
1252 1754 1417 1809 dedit.
1446 1754 1571 1809 [late
1600 1754 1758 1824 igitur
1799 1756 2050 1819 scientes,
2099 1754 2179 1809 di-

609 1841 900 1905 lectissimi,
933 1844 1348 1898 maledicentiam
1377 1845 1633 1915 fngiatnus
1662 1863 1676 1898 :
1707 1860 1877 1915 neque
1898 1846 2178 1914 enitngra-

611 1931 726 1985 vius
754 1938 837 1985 est
864 1930 964 1985 isto
1004 1947 1101 1985 nec
1144 1930 1343 1985 facilius
1387 1944 1675 2001 peccatum.
1703 1934 1846 1998 Quid
1868 1934 1985 1988 ita?
2024 1933 2175 2002 Quod

612 2021 856 2087 celerius,
884 2036 1041 2090 quam
1070 2022 1231 2076 ullum
1260 2023 1400 2076 aliud
1426 2032 1693 2091 peccatum
1716 2022 1936 2088 feratur,
1966 2034 2020 2077 et
2044 2038 2171 2077 con-

609 2110 783 2166 festim
805 2126 925 2166 eum
949 2112 1036 2182 qui
1093 2127 1195 2167 non
1224 2114 1447 2167 attendit
1472 2114 1714 2183 abripiat.
1745 2114 1875 2168 Nam
1902 2114 2004 2169 alia
2056 2116 2173 2183 qui-

608 2202 727 2257 dem
756 2213 966 2270 peccata
992 2214 1228 2270 tempore
1254 2202 1505 2271 indigent,
1534 2212 1587 2259 et
1635 2204 1895 2273 impensa,
1946 2212 1996 2259 et
2044 2204 2180 2258 dilan

611 2290 774 2353 tione,
798 2300 849 2342 et
876 2289 1221 2355 adjutoribus,
1250 2305 1312 2343 ac
1337 2306 1480 2358 saepe
1521 2291 1691 2359 aliqua
1721 2293 1973 2360 temporis
2026 2306 2171 2345 mora

604 2378 1077 2446 interrutnpuntur.
1114 2378 1352 2448 Exempli
1401 2394 1557 2434 causa
1587 2382 1807 2434 :statuit
1854 2382 2048 2451 aliquis
2089 2384 2169 2436 itt-

612 2469 871 2535 tcrficere,
927 2471 1111 2523 statuit
1153 2470 1342 2539 aliquis
1386 2469 1567 2535 furari,
1625 2480 1679 2526 et
1716 2470 1887 2526 aliena
1941 2487 2168 2539 rapere:

608 2557 771 2610 multa
800 2573 1018 2613 necesse
1046 2567 1127 2612 est
1161 2560 1426 2625 moliatur,
1482 2569 1534 2614 et
1582 2575 1744 2630 sarpe,
1804 2561 1928 2615 dum
1974 2561 2170 2626 differt,

606 2645 739 2699 iram
768 2644 936 2712 sedat,
968 2661 995 2698 τι
1017 2662 1177 2715 pravo
1222 2657 1413 2702 conatu
1444 2649 1631 2714 resilit,
1663 2650 1975 2704 sceleratam
2030 2651 2171 2704 illam

608 2735 924 2790 sententiam
954 2736 1337 2807 abjicit,neque
1352 2739 1626 2794 consilium
1651 2739 1716 2793 ad
1742 2755 1875 2810 opus
1902 2740 2167 2809 perducit:

606 2832 661 2876 at
686 2823 740 2877 in
768 2824 1127 2880 maledicentia
1158 2842 1260 2881 non
1291 2829 1360 2882 ita
1389 2828 1464 2893 fit,
1491 2829 1585 2884 sed
1631 2830 1729 2885 nisi
1784 2832 1969 2885 attenti
2020 2831 2171 2887 valde

604 2914 768 2969 simus
796 2930 857 2970 ac
888 2916 1087 2985 vigiles,
1108 2917 1255 2972 facile
1271 2920 1594 2987 abripimur:
1635 2931 1688 2975 et
1713 2935 1882 2991 neque
1913 2932 2165 2991 tempore,

606 3020 775 3073 neque
796 3004 1065 3071 dilatione,
1089 3023 1259 3077 neque
1288 3009 1544 3077 impensa,
1574 3026 1745 3080 neque
1774 3011 2043 3066 molitione
2077 3027 2169 3065 no.

605 3093 687 3148 bis
725 3094 827 3148 ulla
857 3104 938 3149 est
956 3109 1108 3164 Opus,
1133 3105 1189 3151 ut
1215 3097 1623 3154 maledicamus:
1652 3100 1743 3155 sed
1768 3101 1963 3154 sufficit
1979 3112 2033 3156 ut
2055 3110 2168 3155 tan-

605 3192 713 3237 tum
745 3184 985 3249 velimus,
1017 3194 1071 3239 et
1111 3186 1286 3240 statim
1311 3188 1555 3241 voluntas
1598 3189 1650 3242 in
1679 3204 1813 3258 opus
1863 3191 1990 3243 exit.
2045 3192 2168 3245 Sola

603 3271 795 3341 quippe
840 3272 1011 3343 lingua
1063 3281 1145 3329 est
1166 3291 1282 3345 qua:
1306 3276 1540 3332 inservit.
1567 3278 1791 3346 Quando
1819 3280 1974 3347 igitur
2017 3280 2170 3335 velox

606 3371 689 3416 cst
740 3364 979 3431 malum,
1034 3373 1088 3420 et
1135 3364 1289 3421 facile
1349 3382 1448 3421 nos
1490 3368 1836 3423 circumstans
1876 3380 2168 3438 peccatum,

603 3464 659 3508 et
701 3468 856 3523 pana
901 3457 1073 3524 gravis
1115 3472 1177 3512 ac
1207 3458 1545 3527 supplicium,
1590 3475 1688 3514 nec
1727 3460 1929 3514 lucrum
1984 3462 2167 3526 ullum,

604 3559 706 3597 non
778 3561 1014 3613 parvum,
1068 3563 1171 3603 non
1212 3564 1478 3618 magnum,
1511 3551 1790 3621 diligenter
1847 3551 1985 3606 buttc
2032 3566 2173 3606 mor-

600 3635 723 3689 bum
780 3635 1038 3705 fugiamus
1068 3678 1082 3702 ,
1134 3646 1187 3692 et
1224 3638 1392 3693 aliena
1466 3639 1602 3694 mala
1653 3650 1893 3710 legamus
1922 3682 1938 3707 ,
1990 3656 2163 3712 neque

1330 388 1384 441 S.
1424 384 1699 441 JOANNIS
1746 384 2219 445 CIIRYSOSTOHI
2269 385 2583 440 ARCIIIEP.
2622 384 3150 441 CONSTANTINOP.

3740 404 3851 459 192

2296 500 2630 569 propalemns
2677 514 2692 550 :
2736 499 3112 552 admoneamus
3136 508 3429 565 peccantes.
3480 508 3530 551 ul
3585 498 3712 552 dicit
3756 500 3858 553 Du-

2290 591 2468 644 minus
2520 608 2535 644 :
2583 590 2645 644 Si
2686 590 2957 658 peccaverit
3013 589 3063 640 in
3126 598 3170 641 te
3221 593 3376 657 frater
3418 598 3572 651 tuus,
3618 592 3762 653 vade,
3813 604 3862 642 τι

2287 679 2483 747 corripe
2523 695 2634 732 eum
2690 680 2819 731 inter
2862 688 2908 731 te
2964 688 3010 730 et
3069 678 3230 746 ipsum
3283 678 3486 747 solum(
3518 677 3699 729 Matth.
3773 684 3851 734 18.

2290 768 2356 823 l5
2375 766 2418 838 ).
2467 767 2644 837 Itaque
2714 778 2909 837 quanto
2958 767 3132 821 minus
3200 765 3357 821 fuerit
3421 764 3623 836 publica
3679 784 3855 838 repre-

2287 854 2491 921 hensio,
2567 864 2712 911 tanto
2789 855 2996 909 facilius
3059 855 3379 911 medicinam.
3410 856 3705 911 adhibebis.
3781 858 3855 913 Ne

2287 944 2621 999 mordeamus
2652 986 2668 1011 ,
2726 959 2895 1013 neque
2971 943 3279 997 arrodamus
3362 944 3529 997 aliena
3599 945 3857 1007 vulnera;

2286 1048 2354 1088 ne
2395 1048 2604 1088 muscas
2648 1033 2932 1097 imitemur,
2977 1033 3073 1088 sed
3118 1046 3244 1100 apes
3279 1034 3607 1087 aemulemur.
3662 1033 3851 1087 Musca:

2285 1122 3041 1191 Vulneribusinsident,eaque
3059 1123 3475 1192 mordentmpes
3520 1124 3569 1177 in
3600 1124 3855 1179 floream-

2286 1212 2483 1267 volant.
2503 1212 2702 1268 ideirco
2736 1213 2849 1268 ista:
2877 1213 3369 1273 l‘avosconcinnant.
3390 1214 3491 1267 illa:
3509 1215 3720 1269 mursz
3734 1231 3858 1269 cor-

2284 1302 2497 1373 poribus
2524 1302 2795 1369 invehunt,
2814 1303 3300 1373 quibusinsederint
3319 1318 3333 1367 ;
3352 1316 3511 1375 atque
3532 1304 3614 1359 ba:
3637 1304 3847 1373 quidem

2282 1392 2603 1448 detestanda:
2626 1401 2766 1457 sunt,
2792 1393 2895 1447 illae
2914 1408 3039 1448 vero
3053 1393 3305 1449 amabiles
3324 1404 3516 1447 suntet
3532 1393 3752 1448 nobiles.
3783 1394 3852 1447 Et

2286 1497 2382 1537 nos
2409 1481 2567 1552 igitur
2601 1482 2851 1536 faciamus
2890 1490 2947 1535 ut
2975 1482 3027 1535 in
3056 1493 3258 1550 pratum
3302 1482 3509 1536 virtutis
3543 1491 3849 1536 sanctorum

2282 1573 2457 1625 anima
2486 1580 2665 1624 nostra
2696 1570 2915 1636 involet,
2937 1580 2991 1624 et
3017 1584 3232 1625 suavem
3268 1580 3410 1626 recte
3438 1570 3694 1625 factorum
3715 1571 3846 1624 odou-

2284 1676 2395 1715 rem
2440 1660 2513 1715 ab
2547 1661 2650 1715 illis
2694 1658 2920 1715 effusum
2957 1660 3293 1727 excitemus,
3319 1662 3672 1729 proximorum
3718 1677 3851 1715 vero

2282 1752 2496 1804 vulnera
2539 1764 2606 1804 ne
2633 1748 2945 1805 vellicemus
2979 1766 2992 1802 :
3021 1749 3258 1817 quinimo
3293 1749 3340 1803 si
3369 1763 3501 1817 quos
3541 1749 3591 1802 id
3629 1760 3851 1818 agentes

2280 1839 2568 1894 viderimus
2589 1880 2603 1903 ,
2626 1854 2687 1893 os
2716 1838 2821 1893 illis
2845 1838 3182 1893 occludamus
3206 1878 3222 1901 ,
3249 1838 3485 1908 supplicii
3514 1848 3709 1891 metum
3741 1839 3852 1891 illis

2279 1930 2607 2000 objiciamus,
2634 1939 2691 1985 et
2712 1930 3039 2000 cognationis
3063 1930 3163 1984 illis
3180 1932 3483 1983 memoriam
3510 1926 3848 1993 refricemus,

2281 2037 2399 2091 qute
2426 2022 2525 2076 illis
2567 2036 2687 2076 cum
2715 2021 2960 2079 frntribus
2990 2021 3284 2076 intercedit.
3311 2020 3459 2086 Quod
3489 2020 3532 2074 si
3576 2018 3703 2073 nihil
3738 2019 3841 2072 bo.

2279 2128 2394 2165 rutn
2423 2112 2540 2166 illos
2567 2119 2811 2176 moveat,
2842 2124 3050 2165 muscas
3089 2112 3206 2165 illus
3234 2111 3581 2182 appellemus,
3608 2119 3661 2163 ut
3691 2109 3849 2177 lmjns

2280 2201 2470 2257 saltem
2496 2201 2861 2270 appellationis
2890 2200 3083 2269 probro
3111 2212 3139 2251 a
3172 2212 3330 2266 pravo
3361 2202 3461 2252 hoc
3500 2198 3733 2251 instituto
3760 2214 3843 2252 re-

2277 2304 2569 2356 vocentur;
2589 2301 2647 2345 ut
2672 2292 2737 2347 ab
2759 2292 2857 2345 hoc
2884 2290 3051 2345 inutili
3074 2290 3182 2343 otio
3205 2288 3411 2342 abducti
3441 2288 3695 2342 malorum
3719 2304 3845 2341 suo-

2276 2400 2391 2438 rum
2440 2382 2761 2451 inquisitioni
2809 2382 2973 2435 otinm
3017 2395 3174 2433 omne
3211 2377 3533 2448 impendant.
3561 2377 3648 2432 Sic
3700 2377 3841 2431 enim

2276 2472 2404 2534 fiet,
2436 2480 2492 2524 ut
2518 2480 2571 2524 et
2614 2472 2701 2539 qui
2738 2470 2869 2538 lapsi
2900 2477 3022 2522 sunt
3051 2477 3325 2537 resurgant
3349 2466 3558 2520 excitati
3588 2468 3849 2519 memoria

2275 2574 2491 2613 suorum
2517 2559 2818 2620 criminum,
2844 2573 2961 2626 qua:
2990 2572 3318 2626 nequaquam
3342 2555 3532 2610 fuerint
3558 2556 3845 2624 divulgata,

2275 2657 2329 2703 et
2353 2648 2444 2718 qui
2479 2648 2689 2717 pr0pria
2728 2647 2865 2701 mala
2894 2661 3101 2714 semper
3125 2646 3301 2699 animo
3343 2659 3520 2698 secum
3565 2654 3840 2711 reputave-

2274 2741 2403 2806 rint,
2434 2739 2585 2794 facile
2606 2739 2701 2792 illa
2732 2739 3033 2807 deponant,
3066 2752 3127 2791 ac
3154 2746 3486 2805 peccatorum
3515 2748 3724 2788 suorum
3756 2749 3843 2788 re-

2274 2831 2582 2886 cordatione
2620 2829 2687 2884 ad
2717 2829 2817 2885 alia
2862 2830 3112 2897 patranda
3145 2828 3398 2882 tardiores
3443 2826 3760 2891 reddantur,
3785 2835 3849 2881 et

2274 2921 2360 2990 qtti
2385 2929 2688 2975 sanctorum
2711 2919 2955 2973 virtutem
2986 2929 3236 2988 perpetuo
3258 2919 3455 2973 fuerint
3477 2917 3842 2986 contemplati,

2273 3009 2459 3078 majori
2500 3008 2614 3063 zelo
2640 3007 2707 3061 ad
2754 3023 2937 3063 eorum
2973 3008 3315 3061 imitationem
3346 3007 3724 3060 incendentur:
3752 3015 3842 3059 at-

2273 3114 2376 3169 que
2400 3099 2481 3155 his
2508 3098 2756 3153 omnibus
2788 3099 3064 3161 eﬂicietur,
3092 3108 3149 3152 ut
3175 3108 3287 3153 toto
3325 3097 3575 3151 Ecclesiae
3617 3110 3842 3164 corpore

2273 3206 2304 3245 a
2332 3191 2481 3245 nobis
2506 3190 2731 3245 feliciter
2759 3190 3067 3254 instaurato,
3090 3204 3207 3243 cum
3249 3190 3346 3242 boc
3374 3198 3513 3242 ctetu
3539 3188 3590 3240 in
3621 3202 3847 3255 regnum

2274 3280 2521 3336 czelornm
2552 3281 2749 3334 intrare
2776 3279 3057 3349 possimus,
3086 3278 3223 3347 quod
3265 3279 3461 3330 utinam
3491 3276 3642 3330 nobis
3670 3276 3841 3329 omni-

2272 3372 2371 3426 bus
2401 3372 2610 3441 aSSequi
2640 3371 2940 3440 contingat,
2970 3371 3137 3439 gratia
3183 3378 3233 3423 et
3275 3369 3592 3438 benignitate
3634 3367 3851 3421 Domini

2273 3463 2439 3519 nostri
2465 3463 2589 3518 Jesu
2617 3463 2834 3526 Christi,
2867 3480 2959 3531 per
2983 3479 3136 3531 quem
3168 3471 3358 3517 etcum
3388 3475 3492 3531 quo
3515 3460 3703 3530 gloria,
3736 3474 3842 3513 una

2272 3568 2393 3609 cum
2419 3553 2617 3622 Spiritu
2645 3563 2857 3620 sancto,
2880 3568 3019 3609 nunc
3048 3562 3101 3608 et
3126 3568 3336 3622 semper
3363 3562 3416 3607 et
3444 3553 3497 3606 in
3527 3550 3716 3605 sarcula
3742 3564 3853 3605 ιω·-

2273 3643 2536 3699 ωιοιυω.
2562 3644 2752 3700 Amen.

2036 4276 2209 4338 ΜΟΝ
2219 4277 2292 4336 IT
2302 4277 2414 4338 ΠΜ

674 4498 821 4571 U99]
866 4500 1023 4555 Circa
1059 4499 1563 4569 interpretationem
1594 4503 1651 4556 in
1675 4502 1973 4571 Danielem,
1998 4520 2118 4575 qum
2144 4504 2515 4572 Cbrysostomi
2548 4517 2747 4557 nomen
2774 4501 3107 4568 circumfert,
3140 4512 3195 4557 et
3222 4517 3292 4556 ex
3310 4499 3644 4557 Bibliorbeca
3667 4496 3836 4567 Regia

607 4612 930 4667 Scorialensi
973 4613 1219 4667 desumta
1258 4623 1363 4678 est,
1392 4614 1508 4669 hzec
1533 4616 1791 4684 przefatur
1835 4618 2156 4683 Cotelerius,
2203 4619 2294 4689 qui
2342 4618 2487 4671 illam
2518 4618 2666 4687 prior
2694 4617 2865 4671 edidit
2906 4635 2921 4670 :
2975 4635 2993 4666 ι
3027 4615 3410 4682 interpretatio
3454 4613 3510 4666 in
3557 4610 3831 4664 Danielem

602 4727 776 4798 prima
802 4727 977 4781 fronte
1017 4727 1289 4797 plerisque
1325 4727 1536 4781 videtur
1564 4730 1926 4799 supposititia,
1962 4732 2053 4800 qui
2098 4732 2281 4787 forsan
2311 4747 2375 4785 ac
2404 4732 2599 4785 merito
2642 4729 2895 4784 solennes
2938 4729 3057 4783 illas
3118 4727 3464 4799 doxologias,
3514 4735 3837 4781 consuetam

602 4844 1041 4913 perspicuitatem
1071 4846 1310 4916 aliasque
1336 4848 1596 4903 librorum
1623 4850 1811 4904 melliti
1844 4849 2017 4905 Patris
2048 4850 2201 4908 dotes
2234 4851 2626 4907 desiderabunt
2655 4866 2719 4905 ac
2757 4850 3054 4920 requirent.
3089 4846 3412 4902 Incredibile
3446 4854 3595 4900 certe
3625 4856 3839 4897 memo-

604 4966 727 5010 ratu
765 4971 926 5025 quam
956 4958 1212 5027 pleraque
1234 4962 1415 5015 omnia
1444 4962 1533 5016 bic
1554 4972 1647 5016 aut
1668 4963 2011 5033 imperfecta,
2041 4974 2135 5019 aut
2166 4965 2501 5035 perturbata,
2532 4964 2815 5033 magisque
2837 4973 3039 5019 tentata
3066 4978 3227 5032 quam
3262 4967 3531 5032 perorata,
3562 4959 3841 5028 epitomes

604 5073 839 5143 denique
862 5088 925 5129 ac
969 5075 1274 5146 eclogarum
1306 5078 1648 5147 prrefereutia
1701 5083 1963 5152 speciem.
1995 5081 2195 5137 Verum
2234 5092 2439 5147 tamen,
2474 5094 2534 5137 ut
2569 5082 2623 5137 id
2654 5083 2797 5151 quod
2827 5097 2915 5136 res
2959 5081 3121 5135 habet
3150 5079 3348 5142 dicam,
3387 5077 3529 5131 inter
3575 5083 3842 5129 centones

603 5187 801 5241 ardens
824 5203 1061 5257 purpura
1092 5190 1297 5256 elucet;
1328 5191 1383 5248 in
1410 5195 1638 5249 turbidis
1672 5196 1861 5252 rivulis
1906 5198 2271 5268 limpidissimi
2315 5198 2480 5253 fontis
2524 5216 2678 5254 vena:
2717 5198 3040 5255 scaturiunt.
3086 5194 3262 5260 Quare
3304 5193 3382 5247 ita
3414 5206 3632 5255 censeo,
3660 5189 3835 5259 Chry-

602 5306 923 5363 sostomum,
946 5314 1107 5367 quem
1129 5300 1181 5354 in
1214 5301 1519 5356 universam
1550 5304 1882 5374 Scripturam
1914 5309 2331 5363 commentarios
2357 5310 2639 5381 scripsisse
2673 5309 2909 5381 prodidit
2933 5309 3250 5377 antiquitas,
3282 5307 3508 5375 hujusce
3540 5305 3707 5374 prolis
3734 5318 3847 5375 pa—

602 5421 737 5465 trem
764 5426 884 5466 esse
920 5414 1056 5467 :sed
1088 5413 1232 5467 illam
1277 5416 1365 5483 pie
1407 5418 1705 5485 expositam
1736 5422 1789 5473 in
1819 5436 1912 5476 eas
1940 5422 2194 5479 incidisse
2249 5440 2459 5491 manus,
2493 5441 2612 5496 quae
2661 5426 2716 5480 in
2770 5424 3004 5479 tollenda
3056 5438 3245 5494 parum
3294 5436 3471 5491 opera:
3519 5421 3837 5491 posuerint;

602 5538 773 5592 eoque
803 5522 1004 5577 factum
1033 5525 1175 5594 quod
1201 5526 1485 5582 inficianda
1516 5530 1726 5598 parenti
1755 5533 1967 5589 soboles
1990 5550 2270 5604 appareat.
2310 5557 2327 5588 ι

671 5638 872 5693 Verum
898 5649 1045 5693 certe
1072 5652 1171 5707 est,
1206 5644 1261 5699 in
1296 5653 1413 5701 tam.
1440 5648 1639 5715 hiulca,
1677 5661 1787 5705 tam
1820 5654 2067 5723 strigosa,
2116 5666 2223 5711 tam
2262 5660 2641 5729 compendiosa
2689 5658 3016 5723 narratione,
3072 5657 3283 5726 qualem
3337 5655 3429 5710 hic
3472 5669 3663 5709 omnes
3690 5654 3840 5709 baud

600 5754 761 5810 dubie
786 5752 1216 5810 animadversuri
1264 5768 1409 5827 sunt,
1440 5762 1644 5832 aliquot
1670 5763 1925 5822 dictionis
1954 5768 2320 5839 Cbrysostomi
2362 5772 2587 5842 vestigia
2631 5786 2968 5840 comparere,
3019 5770 3179 5823 verba
3216 5768 3315 5837 ipsi
3350 5765 3633 5821 familiaria
3673 5781 3845 5820 usur-
