4112 6492
517 515 711 571 animal
727 513 992 571 condidit:
1016 526 1114 568 nec
1131 519 1334 566 tantum
1357 509 1481 575 hoc,
1502 503 1597 563 sed
1614 513 1669 561 et
1684 503 1888 573 reliqua
1909 501 2106 558 omnia.

521 606 715 661 \‘erum
733 603 1136 676 pulchritudinis
1154 601 1310 670 hujus
1321 598 1441 654 aliis
1457 596 1668 668 quidem
1692 594 1830 663 plus,
1845 593 1963 648 aliis
1985 608 2113 647 vero

526 699 702 752 minus
729 697 950 767 largitus
978 705 1078 750 est.
1111 691 1426 763 Complures
1465 700 1640 745 autem
1668 697 1788 757 post
1810 694 1984 741 ortum
2009 699 2112 755 qua

519 789 776 844 carebant
805 795 1083 842 venustate
1113 784 1304 840 induit.
1341 784 1510 838 Porro
1535 796 1600 836 ex
1628 780 1748 849 ipso
1770 778 1876 833 situ
1901 791 2114 847 quoque

515 883 766 937 decorem
822 880 1148 950 perspicies;
1177 873 1623 948 quemadmodum
1652 872 1703 926 in
1729 871 1896 926 oculis
1915 910 1935 937 ,
1971 868 2114 940 quod

519 974 572 1026 in
619 972 833 1026 sublimi
866 972 982 1026 loco
1012 971 1183 1025 instar
1223 968 1374 1023 iridis
1415 964 1570 1036 positi
1620 963 1760 1028 sint,
1791 962 1933 1032 quod
1974 961 2116 1016 intus

520 1073 788 1119 tornatam
837 1061 1223 1117 rotunditatem
1246 1101 1261 1125 ,
1311 1060 1551 1114 colorum
1581 1054 1904 1120 mixturam,
1955 1065 2117 1107 accu-

519 1164 690 1208 ratam
718 1151 966 1218 formam,
993 1153 1404 1224 germanitatem
1428 1191 1444 1217 ,
1473 1147 1853 1220 ingenuitatem
1895 1153 1950 1201 et
1990 1158 2118 1199 can-

519 1247 707 1301 dorem
762 1245 1012 1301 habeant.
1067 1243 1198 1310 Sed,
1234 1243 1436 1312 inquiet
1490 1239 1720 1309 aliquis,
1776 1234 2118 1308 pulchritudo

526 1338 909 1394 oﬂ‘endiculum
951 1337 1066 1391 fuit.
1112 1336 1225 1391 Non
1273 1341 1489 1404 propter
1526 1328 1932 1402 pulchritudinis
1961 1337 2117 1382 natu-

522 1448 634 1485 ram
665 1432 717 1485 id
765 1429 1022 1500 contigit,
1067 1428 1160 1483 sed
1206 1442 1302 1496 per
1350 1426 1614 1496 ignaviam
1656 1437 1841 1477 eorum
1887 1420 1975 1490 qui
2024 1420 2118 1474 illa

521 1524 822 1594 Capiuntur.
857 1524 991 1577 Dicit
1009 1521 1152 1577 enim
1177 1519 1451 1588 Scriptura
1478 1535 1490 1571 :
1519 1515 1601 1570 Ne
1625 1514 1863 1585 respicias
1889 1511 2115 1583 pulchri-

521 1616 744 1669 tudinem
779 1615 1010 1668 alienant
1041 1610 1249 1682 (Ereti.
1276 1610 1329 1665 9.
1361 1607 1459 1680 8
1492 1607 1610 1662 Non
1653 1604 1786 1660 dixit
1833 1602 2077 1657 absolute
2099 1643 2117 1670 ,

523 1706 606 1761 Ne
650 1706 891 1776 respicias
936 1703 1364 1773 pulchritudinem
1390 1700 1530 1756 :sed
1576 1696 1820 1759 addidit,
1863 1694 2115 1749 Alienum.

524 1802 701 1864 Quare
748 1797 926 1852 laudat
976 1811 1071 1852 eos
1113 1794 1202 1864 qui
1260 1791 1472 1862 proliria
1525 1790 1771 1844 fruuntur
1819 1793 2116 1841 venustate.

521 1893 629 1946 (Zur
672 1891 816 1947 enim
861 1889 1026 1944 decor
1073 1885 1364 1955 Josephum
1411 1897 1518 1936 non
1566 1876 1964 1949 pessumdedit,
2021 1888 2119 1928 nec

521 1984 773 2054 ignavum
800 1980 1000 2043 ell‘ecit,
1029 1992 1130 2032 nec
1158 1975 1383 2046 replevit
1406 1971 1608 2026 insania
1637 1977 1692 2024 et
1716 1967 1896 2022 fastu?
1938 1964 2116 2027 Cerva,

521 2074 710 2144 inquit,
737 2071 974 2125 amicitia:
1015 2079 1059 2123 et
1105 2067 1276 2137 pullus
1325 2064 1602 2133 gratiarum
1651 2070 1849 2111 tuarum
1900 2065 2121 2110 versetur

523 2166 720 2237 tecum(
744 2164 896 2217 Prov.
927 2163 980 2217 5.
1020 2160 1088 2215 19
1111 2160 1149 2228 ).
1185 2153 1534 2212 Pulehritodo
1560 2152 1719 2206 etiam
1743 2149 2011 2203 vinculum
2033 2155 2117 2202 est

529 2260 880 2328 nuptiarum,
922 2264 980 2308 ιιι
1009 2253 1217 2308 scilicet
1248 2247 1492 2302 homines
1535 2240 1809 2312 impotenti
1836 2254 2117 2309 corporum

520 2327 792 2405 desiderio
841 2348 1149 2415 ﬂagrarent.
1203 2339 1334 2394 Nam
1389 2352 1506 2392 cum
1564 2335 1704 2388 Deus
1751 2327 1906 2385 nobis
1979 2327 2124 2382 illius

525 2440 846 2494 laboriosam
874 2451 938 2490 ac
971 2435 1218 2488 miseram
1258 2429 1606 2490 adornasset,
1637 2421 1882 2475 solatium
1910 2433 2120 2490 qunque

519 2530 732 2600 aliquod
772 2527 1010 2583 donavit.
1053 2525 1186 2579 llinc
1226 2521 1378 2576 nobis
1417 2517 1585 2573 fomes
1627 2510 1927 2570 dilectionis
1959 2502 2126 2559 vitam

519 2599 640 2694 qua:
665 2621 844 2676 omnia
881 2616 1272 2687 complectitur.
1301 2612 1458 2667 Multa
1483 2608 1678 2678 quippe
1716 2618 1841 2694 cura
1891 2599 2122 2670 providit

525 2693 664 2768 Deus
705 2727 768 2766 ac
795 2710 1009 2776 cll‘rcit,
1037 2717 1097 2761 ut
1144 2704 1446 2774 nuptiarum
1500 2697 1767 2752 vinculum
1818 2693 2027 2746 (irinum
2057 2705 2121 2745 ac

521 2805 804 2862 infractum
845 2810 1106 2858 maneret.
1156 2802 1256 2864 At,
1309 2795 1510 2863 inquiet
1559 2790 1732 2852 idem,
1784 2784 2121 2854 pulchritudo

521 2896 807 2953 oll'cnsioui
836 2895 903 2949 ab
936 2893 1084 2947 initio
1114 2890 1232 2943 fuit.
1290 2885 1526 2939 Videmus
1570 2882 1700 2934 enim
1739 2879 1833 2946 ﬁlii
1863 2875 1959 2928 Dei
1985 2874 2119 2941 ﬁlias

524 2990 783 3044 hominum
807 3028 821 3050 ,
851 2984 989 3054 quod
1014 2990 1174 3037 essent
1213 2978 1460 3048 pulchrw,
1490 2979 1788 3038 acceperunt
1830 2967 1922 3019 sibi
1949 2967 1964 3034 (
1989 2963 2120 3018 Gen.

523 3083 576 3140 6.
613 3082 648 3136 2
671 3082 711 3150 ).
744 3077 1134 3134 Oll‘cndiculum
1170 3086 1275 3124 non
1315 3069 1412 3121 fuit
1462 3063 1708 3135 species,
1757 3058 1852 3112 sed
1905 3057 2118 3110 illorum

527 3147 932 3229 incontinentia.
989 3165 1155 3220 Filias
1193 3161 1336 3216 enim
1383 3172 1488 3212 non
1527 3154 1648 3208 ideo
1680 3152 1817 3204 Deus
1846 3147 2117 3217 speciosas

526 3266 747 3326 fecerat,
787 3269 848 3313 ut
884 3257 1219 3326 impudentes
1268 3253 1492 3313 ﬁerent,
1523 3245 1617 3300 sed
1661 3251 1717 3296 ut
1758 3237 2121 3308 unusquisque

523 3370 676 3408 suam
700 3351 994 3404 adiuuaret.
1017 3346 1080 3398 Et
1102 3343 1454 3411 intelligentes,
1475 3337 1665 3405 inquit,
1685 3335 1736 3387 in
1762 3332 1897 3384 omni
1916 3330 2118 3399 sapien-

523 3447 594 3499 tia
625 3462 642 3497 :
672 3443 723 3497 id
773 3449 885 3506 est,
918 3436 1186 3492 studiosos
1228 3441 1284 3486 et
1324 3430 1499 3483 omnis
1547 3422 1820 3493 sapientia:
1849 3435 2075 3490 capaces
2103 3435 2117 3471 :

526 3547 580 3590 ut
610 3536 809 3588 doceret
837 3548 923 3586 eos
953 3530 1125 3583 literas
1151 3535 1201 3580 et
1248 3524 1473 3594 linguam
1496 3516 1876 3574 Cltaldteorum.
1907 3511 2118 3583 Moyses

525 3626 740 3697 quidem
769 3639 890 3678 cmn
915 3627 1062 3676 esset
1082 3632 1218 3672 unus
1247 3631 1278 3670 e
1306 3613 1484 3683 vulgo,
1513 3619 1569 3663 nt
1596 3624 1686 3663 rex
1709 3605 1970 3661 enutritus
1997 3613 2080 3658 est
2104 3620 2116 3656 :

528 3721 581 3774 bi
615 3731 742 3774 veno
765 3730 886 3772 cum
917 3729 981 3768 ex
1013 3711 1178 3779 stirpe
1204 3707 1344 3777 regia
1376 3704 1479 3760 orti
1509 3707 1723 3766 essent,
1771 3698 1910 3751 inter
1939 3710 2123 3749 servos

529 3811 731 3865 hei-lies
769 3805 1158 3862 educabantur.
1213 3796 1442 3853 Pulchre
1489 3794 1759 3863 provisum
1803 3797 1926 3853 est,
1960 3795 2017 3839 ut
2046 3785 2123 3839 illi

527 3901 798 3957 discerent
827 3899 1011 3952 literas
1038 3902 1092 3948 et
1117 3893 1353 3961 linguam
1379 3884 1750 3942 Chaldaeorum
1771 3922 1787 3948 ,
1827 3895 1896 3935 ne
1921 3879 2124 3934 scilicet

527 3991 743 4064 quando
787 3987 970 4044 Daniel
1001 3986 1071 4040 de
1097 3982 1304 4054 magnis
1333 3980 1439 4034 illis
1469 3977 1628 4032 rebus
1647 3989 1769 4030 cum
1796 3988 1920 4043 rege
1947 3972 2126 4042 loquuo

527 4097 679 4141 turus
703 4091 867 4147 esset,
898 4078 1090 4148 aliquis
1122 4071 1485 4130 interveniens
1517 4066 1757 4123 nonnihil
1788 4080 1974 4121 eorum
2003 4079 2123 4133 qua:

527 4177 834 4232 dicerentur
853 4171 1193 4239 depravaret.
1217 4165 1456 4232 Quanam
1479 4169 1658 4214 autem
1679 4157 1746 4212 de
1765 4169 1924 4212 causa
1948 4155 2125 4208 adhuc

531 4267 584 4324 id
617 4267 716 4322 lit?
747 4266 815 4320 Ut
860 4262 1127 4329 intelligas
1157 4258 1301 4312 illius
1328 4252 1718 4324 philosophiam
1743 4292 1759 4317 ,
1790 4260 1846 4305 et
1870 4249 2050 4303 statim
2093 4264 2126 4301 a

529 4361 794 4434 principio
840 4356 1021 4412 videas
1059 4366 1167 4423 quo
1198 4358 1355 4420 pacto
1395 4355 1582 4401 ventre
1624 4343 1798 4413 potior
1837 4344 1927 4395 sit.
1977 4341 2126 4395 Alius

529 4432 728 4525 quippe
776 4450 1003 4506 dixisset
1039 4463 1054 4501 :
1099 4443 1354 4514 Captivus
1398 4453 1556 4504 sum;
1589 4435 1734 4490 nullo
1777 4433 1882 4487 alio
1910 4447 1973 4487 ex
2007 4432 2126 4487 loco

531 4522 832 4601 necessaria
877 4539 943 4595 ad
991 4537 1189 4591 victum
1234 4533 1364 4588 mihi
1415 4528 1854 4598 suppeditantur,
1907 4522 2128 4577 omnino

533 4639 771 4705 ignoscet
801 4634 958 4687 Deus.
991 4633 1060 4684 At
1090 4643 1196 4681 non
1239 4626 1311 4679 ita
1362 4624 1465 4678 iste
1496 4640 1509 4676 :
1537 4634 1644 4674 non
1695 4616 1838 4672 enim
1865 4614 2128 4670 mercedis

533 4726 759 4792 alicujus
811 4719 1018 4792 gratia,
1049 4727 1140 4772 aut
1186 4732 1250 4771 ex
1313 4715 1506 4768 timore
1559 4717 1798 4770 tantum,
1827 4705 1919 4759 sed
1969 4705 2127 4758 etiam

535 4832 599 4871 ex
631 4814 852 4866 caritate
901 4810 1010 4863 Deo
1036 4807 1319 4860 serviebat.
1369 4802 1527 4857 Multa
1555 4814 1680 4856 cura
1725 4797 1979 4852 educatus
2006 4804 2089 4850 est
2111 4835 2126 4859 ,

536 4923 640 4962 nec
671 4905 832 4958 breve
863 4910 1076 4967 tempus
1115 4898 1168 4949 in
1206 4893 1379 4949 studia
1429 4891 1731 4961 insumpsit.
1787 4888 1920 4942 Tres
1961 4901 2130 4939 annos

546 4993 1058 5070 philosOphabautur
1105 4995 1162 5041 et
1204 4994 1314 5038 tres
1364 4998 1533 5037 annos
1583 4979 1911 5051 jejunabant.
1969 4977 2131 5030 Vides

542 5067 923 5158 prudentiam?
957 5078 1056 5134 Ubi
1094 5076 1345 5130 cautione
1384 5086 1521 5141 Opus
1547 5081 1669 5137 est,
1713 5067 1868 5124 valde
1914 5075 2131 5122 exactus

536 5193 650 5244 est,
687 5177 931 5247 provisus
959 5186 1021 5226 ac
1049 5171 1499 5235 circumspectus;
1533 5177 1632 5217 nec
1663 5172 1866 5217 temere
1894 5161 2130 5230 seipsum

538 5270 756 5339 conjicit
778 5308 794 5331 ,
842 5265 938 5320 sed
979 5262 1242 5333 supplicat
1261 5274 1322 5313 ac
1348 5266 1592 5328 precatur
1622 5271 1636 5307 :
1663 5253 1751 5306 ubi
1778 5269 1906 5306 vero
1927 5254 2129 5306 nullum

540 5366 920 5424 detrimentum
968 5369 1089 5424 est,
1145 5358 1374 5426 linguam
1430 5349 1709 5406 barbaram
1763 5357 1819 5401 et
1873 5344 2133 5414 ejusmodi

541 5458 862 5530 sapientiam
888 5454 1096 5508 discere
1125 5466 1230 5505 non
1259 5447 1466 5510 renuit;
1497 5458 1603 5498 non
1631 5440 1771 5496 enim
1797 5438 1997 5493 crimen
2024 5447 2136 5490 erat

546 5528 685 5606 hanc
707 5549 915 5604 discere
934 5586 949 5611 ,
981 5557 1168 5598 vennn
1190 5557 1252 5595 ea
1275 5539 1372 5593 uti.
1401 5537 1492 5592 Sic
1515 5533 1785 5605 praecipue
1811 5528 2138 5596 intelligebat

547 5643 864 5711 sapientiam
895 5651 1045 5691 suam
1081 5652 1095 5688 :
1133 5642 1292 5702 atque
1323 5631 1514 5684 iterum
1542 5643 1608 5682 ex
1634 5620 2051 5690 comparatione,
2082 5627 2140 5672 ut

547 5733 780 5787 disceret
817 5729 1017 5784 nullam
1065 5739 1186 5780 esse
1233 5721 1545 5790 sapientiam
1578 5717 1848 5773 llebrsica:
1887 5713 2136 5777 similem,

556 5834 717 5895 utque
759 5823 948 5881 fortior
974 5820 1240 5878 evaderet.
1280 5815 1432 5882 Quod
1461 5815 1502 5870 si
1544 5813 1592 5868 id
1639 5810 1820 5866 fuisset
1859 5808 2092 5871 iniquum
2122 5847 2135 5870 ,

1235 392 1294 449 S.
1336 388 1614 448 ιωΝΝιδ
1648 384 2127 443 (ςιιιιγεοδτοιιι
2164 385 2485 443 ARCHIEP.
2525 386 3066 446 CONSTANTINOP.

3709 414 3825 471 196

2225 503 2296 558 ibi
2324 503 2562 574 profecto
2587 505 2889 571 restitisset,
2925 516 3083 577 atque
3108 506 3244 564 adeo
3271 521 3633 579 repugnasset.
3656 511 3822 568 Vides

2218 597 2359 651 illius
2384 598 2607 653 virtutes
2634 597 2703 652 ab
2731 598 2920 654 eadem
2942 599 3146 668 origine
3174 602 3516 669 proﬂuxisse,
3546 618 3611 656 ex
3639 620 3743 671 qua
3785 603 3816 658 ii

2217 688 2307 758 qui
2331 691 2499 746 ventri
2524 690 2818 761 indulgent,
2841 707 2907 747 ex
2929 709 3028 762 qua
3048 693 3082 746 ii
3103 694 3327 764 quiallia
3354 695 3639 765 pr:cferunt
3662 713 3816 750 man-

2221 782 2344 835 ure?
2370 782 2497 839 Inde
2523 784 2708 842 Daniel
2746 800 2870 840 cum
2913 795 3057 842 esset
3101 795 3287 856 ortus,
3331 788 3702 859 philosOphnm
3758 805 3818 846 sc

2221 890 2353 931 esse
2400 878 2654 934 ostendit.
2686 877 2741 934 6.
2781 898 2800 933 ι
2830 881 2895 936 Et
2939 881 2990 936 in
3033 881 3117 938 his
3157 881 3371 940 fuerunt
3396 884 3463 940 de
3489 884 3609 940 (iliis
3647 885 3812 948 Juda,

2221 965 2445 1035 Daniel,
2494 977 2550 1024 et
2593 969 2853 1038 Ananias,
2902 980 2957 1027 et
3008 972 3252 1040 Azarias,
3305 983 3358 1029 et
3410 974 3617 1029 Mizael.
3656 977 3706 1029 7.
3753 976 3817 1030 Et

2226 1062 2481 1132 imposuit
2522 1063 2600 1120 eis
2645 1064 2860 1120 nomina
2905 1067 3226 1136 praepositus
3271 1068 3665 1130 cunuchorum;
3716 1069 3815 1122 Ita-

2222 1151 2347 1208 uieli
2394 1153 2650 1223 quidem,
2695 1154 2983 1220 Baltazar;
3036 1166 3092 1212 et
3140 1157 3361 1212 Anania:
3389 1156 3731 1223 Sedrachus;
3761 1169 3818 1214 i-t

2221 1245 2428 1300 Azariie
2451 1288 2468 1310 ,
2516 1246 2840 1318 Abdeuago;
2873 1257 2926 1303 et
2963 1248 3188 1316 Misaeli,
3219 1249 3504 1306 Misachns.
3534 1271 3553 1303 ι
3590 1252 3813 1317 Danieli,

2223 1338 2412 1409 inquit,
2447 1340 2698 1407 imposuit
2753 1357 2948 1396 nomen
3001 1342 3263 1398 Baltazar.
3301 1343 3374 1398 Ita
3423 1360 3637 1415 quoque
3683 1344 3817 1400 ileiis

2223 1431 2438 1486 illorum
2469 1434 2759 1488 vocabatur
2786 1453 2801 1488 :
2824 1435 2950 1504 quin
2980 1435 3156 1504 potius
3181 1437 3260 1492 sic
3283 1437 3655 1508 appellabatur
3680 1437 3816 1493 filius

2224 1523 2382 1592 regis.
2412 1524 2656 1579 Aususue
2695 1534 2780 1579 est
2834 1526 2995 1595 igitur
3041 1528 3311 1596 captivum
3365 1528 3556 1584 eodem
3600 1531 3818 1586 nomine

2225 1614 2776 1684 insignire‘tProrsns
2815 1617 2869 1673 id
2907 1633 3070 1674 ausus
3115 1631 3230 1686 est;
3278 1622 3377 1677 nisi
3422 1624 3561 1689 quod
3601 1640 3704 1678 non
3733 1636 3818 1680 est

2224 1703 3212 1776 idemuomen(a)aedecus.sedmnlta
3239 1712 3519 1769 intercedit
3564 1714 3815 1770 differen-

2225 1797 2317 1861 tia,
2344 1798 2483 1851 sicut
2529 1796 2581 1850 in
2622 1796 2891 1866 Joscpbo,
2918 1798 3161 1855 adoravit
3224 1815 3348 1857 eum
3402 1814 3555 1872 pater
3620 1805 3813 1873 ipsius.

2223 1887 2328 1943 Sed
2359 1887 2489 1958 quid
2518 1888 2715 1958 magni,
2741 1903 2936 1943 nomen
2980 1889 3110 1944 illtid
3134 1891 3183 1945 ei
3210 1890 3430 1945 inditum
3454 1893 3615 1946 esse?
3638 1908 3817 1949 nonne

2224 1978 2384 2033 etiam
2423 1978 2583 2033 hodie
2609 1979 2747 2034 inter
2766 1980 3003 2050 plebeios
3028 1980 3272 2035 videmus
3294 1997 3482 2051 regum
3508 1984 3818 2039 nominibus

2223 2071 2479 2138 appellari
2511 2073 2745 2127 multos?
2765 2074 2835 2128 At
2857 2090 2961 2128 non
2988 2073 3040 2128 in
3070 2074 3233 2143 regia,
3257 2075 3399 2131 dicet
3421 2076 3630 2145 aliquis.
3653 2077 3822 2148 Cujus

2224 2169 2400 2214 autem
2425 2162 2498 2214 rei
2526 2162 2691 2227 gratia
2725 2162 3001 2217 nominum
3025 2164 3124 2217 ista
3151 2165 3372 2218 mutatio
3397 2163 3492 2219 fit?
3511 2166 3703 2234 Aspice
3728 2184 3817 2222 res

2225 2250 2456 2320 undique
2486 2251 2721 2322 disponi.
2751 2253 2868 2308 Non
2896 2254 3039 2309 videt
3067 2255 3336 2310 somnium
3360 2271 3474 2322 rex,
3506 2257 3822 2328 priusquam

2226 2355 2332 2398 tres
2363 2343 2435 2400 illi
2463 2347 2587 2399 anni
2616 2347 2864 2415 completi
2898 2348 3024 2402 sint.
3055 2349 3215 2406 Vides
3257 2349 3641 2418 providentiam
3683 2352 3824 2408 Dei?

2222 2433 2330 2490 Cur
2353 2436 2548 2506 igitur?
2567 2437 2636 2494 Ut
2660 2439 2846 2506 majori
2873 2440 3114 2497 libertate
3139 2442 3389 2512 loquendi
3415 2442 3596 2498 Daniel
3618 2441 3818 2500 fruere-

2225 2535 2333 2581 tur.
2368 2528 2459 2592 At,
2484 2529 2677 2583 dixerit
2696 2531 2909 2599 aliquis,
2935 2532 3266 2587 manifestius
3289 2535 3340 2587 in
3369 2534 3718 2587 admirationi-
3751 2552 3816 2589 ac

2223 2617 2467 2674 claritate
2487 2613 2512 2668 f
2513 2614 2678 2670 uisset
2688 2616 2799 2674 Dan
2807 2619 2895 2689 iel,
2908 2619 2952 2675 si
2964 2630 3089 2674 ante
3101 2617 3335 2672 tresillos
3346 2631 3516 2673 annos
3529 2618 3820 2678 Nabucho-

2222 2708 2458 2764 donosor
2484 2707 2748 2762 somnium
2776 2707 3018 2764 vidisset.
3066 2711 3224 2779 Atqui
3257 2709 3489 2764 edictmn
3520 2710 3650 2765 illud
3681 2726 3785 2765 oon
3811 2740 3816 2744 -

2225 2810 2308 2856 tra
2348 2817 2544 2872 pueros
2585 2801 2853 2871 prolatum
2885 2816 2992 2856 non
3039 2801 3227 2856 fuisset
3263 2818 3278 2855 :
3308 2803 3465 2857 aliter
3504 2811 3682 2858 autem
3713 2815 3825 2858 nec

2225 2892 2428 2947 Dauieli
2458 2893 2720 2946 creditum
2745 2900 2907 2947 esset.
2935 2892 3223 2960 Propterea
3252 2893 3303 2946 in
3331 2892 3508 2961 parvis
3527 2907 3590 2946 ac
3607 2892 3814 2961 exiguis

2224 2982 2386 3037 rebus
2419 2981 2697 3036 eunuchus
2728 2982 3116 3036 benevolentiae
3159 2983 3252 3035 Dei
3281 2997 3406 3051 erga
3438 2981 3559 3036 illos
3602 2982 3811 3049 pericu-

2225 3076 2331 3129 lum
2361 3074 2504 3137 facit,
2535 3083 2592 3127 ut
2619 3073 2832 3143 quando
2855 3073 2923 3128 de
2945 3071 3236 3140 majoribus
3267 3072 3431 3128 rebus
3453 3073 3601 3128 illum
3628 3082 3817 3142 postu-

2227 3168 2471 3232 laverint,
2500 3166 2747 3220 difﬁdens
2775 3180 2878 3220 non
2913 3174 3150 3234 respuat,
3182 3166 3250 3220 let
3280 3172 3338 3219 ut
3363 3165 3573 3220 discant
3604 3180 3667 3220 ea
3713 3165 3816 3219 lin-

2225 3275 2325 3328 gua
2373 3259 2572 3328 Optime
2614 3258 2780 3328 loqui,
2836 3257 2903 3311 ad
2957 3257 3216 3326 majorem
3268 3256 3519 3311 nimirum
3569 3255 3826 3313 ﬁduciam

2225 3352 2596 3407 obtinendam.
2636 3351 2822 3407 Nonne
2850 3349 2999 3405 vides
3040 3349 3224 3404 Davidi
3255 3349 3306 3404 id
3337 3349 3652 3416 contigisse,
3693 3365 3818 3402 enin

2226 3459 2318 3496 rex
2365 3443 2490 3496 Safil
2520 3442 2588 3496 de
2629 3443 2788 3496 rebus
2823 3456 2888 3497 ex
2926 3449 3084 3496 relate
3125 3441 3396 3511 judicans,
3441 3440 3514 3495 illi
3543 3440 3818 3510 pollicenti

2226 3532 2368 3602 quod
2397 3532 2750 3601 alienigenam
2782 3530 3161 3586 interfecto-rus
3188 3540 3356 3597 esset,
3384 3531 3542 3587 [idem
3584 3545 3689 3584 nou
3722 3530 3821 3584 lia-

2230 3624 2378 3677 bnit?
2404 3623 2480 3678 De
2504 3633 2702 3678 caetero
2727 3623 2947 3677 adverte
2978 3622 3252 3678 Danielem
3290 3623 3516 3677 instituti
3557 3636 3620 3676 ac
3654 3631 3824 3677 secta!

2229 3715 2519 3770 barbariem
2547 3730 2762 3770 causam
2788 3723 2844 3770 et
2870 3714 3130 3769 rationem
3160 3714 3513 3771 intellexisse.
3551 3714 3819 3768 Barbaro-

2228 3824 2346 3863 rum
2371 3807 2569 3878 quippe
2595 3807 2903 3877 disciplinas
2932 3815 3186 3862 accurate
3220 3805 3525 3861 didicerunt
3563 3805 3747 3860 Moses
3765 3815 3822 3859 et

2232 3902 2436 3956 Daniel.
2469 3900 2546 3955 Ne
2581 3901 2725 3954 enim
2767 3900 3064 3972 ignorantia
3104 3899 3344 3965 adducti,
3376 3908 3692 3969 putarentur
3721 3913 3819 3951 sua

2230 3993 2419 4048 alienis
2470 3991 2725 4063 praeferre
2773 4009 2787 4046 :
2837 4006 2898 4046 ea
2941 3990 3186 4060 permisit
3231 3989 3373 4054 illis,
3420 3989 3581 4044 etiam
3627 3988 3822 4044 alienas

2231 4084 2468 4140 scientia:
2509 4083 2793 4151 participes
2825 4082 2937 4136 fieri
2968 4099 2983 4134 :
3017 4091 3069 4134 ut
3101 4081 3317 4151 quando
3357 4079 3558 4135 videris
3584 4095 3679 4134 seu
3719 4095 3819 4148 po-

2232 4177 2337 4231 tius
2362 4175 2598 4231 audicris
2629 4174 2829 4228 Mosem
2853 4173 3144 4239 dicentem,
3179 4171 3300 4226 Non
3325 4182 3397 4226 est
3424 4172 3674 4242 sapientia
3693 4188 3822 4240 qua-

2232 4270 2293 4324 lis
2315 4278 2485 4324 nostra
2510 4267 2684 4337 (Deut.
2709 4265 2786 4337 4),
2812 4281 2914 4320 non
2943 4264 3314 4334 propensionis
3341 4279 3437 4319 nec
3465 4263 3660 4316 amoris
3686 4279 3818 4316 ceti-

2230 4375 2351 4414 seas
2375 4374 2494 4413 esse
2520 4358 2859 4417 sententiam,
2891 4356 2986 4410 sed
3015 4355 3140 4410 recti
3163 4355 3366 4423 jndicii.
3417 4354 3548 4408 Nam
3578 4353 3682 4406 dici
3715 4369 3814 4406 ne-

2229 4451 2346 4520 quit
2387 4449 2659 4503 Danielem
2705 4447 2830 4502 odio
2880 4462 3005 4516 erga
3043 4454 3404 4514 prarceptores
3449 4445 3704 4498 resiliissc
3751 4445 3821 4496 ah

2233 4542 2441 4595 illorum
2467 4539 2731 4592 doctrina.
2756 4537 2926 4590 Amho
2947 4537 3111 4598 enim,
3139 4534 3310 4588 Moses
3335 4543 3390 4588 et
3420 4534 3622 4596 Daniel,
3653 4533 3829 4587 multo

2235 4632 2435 4684 honore
2464 4630 2528 4682 ab
2555 4628 2820 4683 extraneis
2848 4626 3173 4687 afficiuntur,
3221 4636 3273 4678 ct
3305 4636 3477 4676 tamen
3507 4627 3679 4692 gentis
3708 4641 3822 4675 sua:

2233 4725 2466 4780 instituta
2500 4729 2850 4790 anteponunt.
2884 4719 2949 4773 Et
2978 4718 3078 4772 hoc
3119 4727 3201 4772 est
3229 4717 3368 4784 quod
3415 4731 3534 4769 cum
3584 4715 3820 4769 admira-

2236 4816 2378 4870 tione
2423 4813 2491 4868 de
2533 4812 2676 4865 Mose
2714 4811 2924 4864 dicebat
2954 4809 3148 4863 Paulus
3175 4825 3190 4862 :
3220 4807 3341 4861 Non
3369 4808 3516 4876 elegit
3553 4807 3823 4876 temporali

2299 4957 2371 5024 (tt)
2406 4957 2600 5024 Graece,
2639 4956 2760 5024 πξὴγ
2801 4955 2908 5024 qua
2932 4954 3034 5024 qurt
3065 4954 3120 5000 τὸ
3144 4953 3273 5024 Δ(ιιι)τρ
3301 4954 3477 5024 avena,
3527 4961 3626 5001 etc.
3675 4952 3808 5024 Nihil

2237 5011 2384 5069 video
2409 5015 2504 5064 nisi
2538 5011 2859 5075 esscriptoris
2898 5011 3207 5075 indiligentia
3254 5011 3432 5063 factum
3466 5011 3618 5070 resse,
3664 5015 3810 5075 utrad

2237 5093 2327 5128 nos
2380 5091 2549 5125 manca
2600 5073 2924 5137 pervenerint.
2969 5074 3370 5137 eloquentissimi
3430 5075 3607 5137 Patris
3639 5074 3811 5137 verba.

2237 5141 2440 5206 Scilicet
2461 5138 2576 5206 dum
2604 5135 2884 5206 ostendqu
2902 5136 3006 5183 vult
3024 5136 3180 5206 longe
3214 5139 3498 5206 ampliorem
3539 5135 3696 5203 fuisse
3737 5136 3812 5184 fa-

2238 5216 2364 5250 mam
2394 5195 2828 5248 Baltasarisludtei
2865 5196 2986 5244 fama
3024 5194 3598 5254 BaltaSaris-liabylonii,
3633 5209 3810 5244 exem-

2274 5265 2370 5311 lum
2392 5258 2614 5324 ,Josephi‘
2629 5258 2900 5324 adduxerat
2927 5255 3355 5324 eximiusndoctor.
3396 5258 3613 5324 Uterque
3652 5254 3811 5311 enim.

2275 5277 2370 5311 lum
2403 5277 2604 5320 Josepnt
2629 5277 2900 5305 ειυιιυιυωι
2927 5277 3141 5305 υκιιιιιυδ
3168 5277 3355 5305 υυειυτ.
3396 5277 3613 5316 Uterque
3652 5277 3811 5311 Clin".

2237 5277 2480 5376 gosephus
2504 5333 2558 5368 ac
2584 5317 2789 5373 Daniel,
2819 5319 2946 5365 servi
2990 5332 3100 5366 cuni
3147 5319 3380 5375 fuissent,
3408 5331 3522 5364 eum
3569 5318 3812 5365 honorem

2237 5385 2490 5434 consecuti
2534 5387 2675 5436 sunt,
2722 5387 2774 5426 ut
2803 5380 3009 5435 adorari,
3055 5393 3190 5428 more
3221 5392 3387 5426 earum
3425 5377 3668 5438 gentium,
3703 5392 3814 5426 tne-

2241 5449 2456 5500 rneriut;
2483 5442 2557 5490 hic
2586 5455 2610 5486 a
2637 5453 2776 5499 rege,
2809 5441 2924 5486 Dan.
2956 5440 3000 5496 2,
3024 5441 3111 5498 t6;
3144 5438 3230 5486 ille
3255 5454 3280 5485 a
3314 5447 3470 5498 patre,
3502 5442 3625 5486 lien.
3652 5439 3730 5495 57,
3759 5443 3811 5498 9,

2238 5514 2292 5555 et
2312 5507 2386 5563 l7,
2410 5505 2463 5551 δι
2489 5517 2503 5569 _:
2527 5507 2577 5569 at
2604 5501 2826 5569 notarius
2844 5513 3132 5561 properans,
3156 5512 3258 5569 rem
3281 5501 3499 5547 indicare
3523 5505 3811 5569 contentus,

2241 5556 2384 5614 voces
2405 5561 2586 5612 omisit.
2623 5562 2735 5608 Hice
2760 5556 3024 5609 ρδι“ηι›ἑιι·ει
3068 5559 3312 5620 suspicio,
3356 5573 3446 5606 seu
3482 5556 3646 5620 potius
3680 5556 3815 5609 divi;

2239 5630 2386 5682 natio,
2422 5638 2563 5684 quam
2587 5625 2639 5684 in
2673 5623 2839 5684 inin
2875 5622 3219 5684 relinquimus.
3246 5621 3488 5684 Caeterum
3515 5620 3579 5684 de
3603 5622 3814 5682 JOsephi

2238 5681 2520 5737 adoratioue
2554 5683 2746 5731 abunde
2778 5681 3125 5730 Theodoretus
3151 5683 3334 5740 Quaest.
3372 5681 3431 5728 ιιι
3465 5681 3514 5728 in
3553 5681 3816 5741 Geuesini,

2238 5757 2291 5799 et
2323 5754 2491 5813 noster
2529 5743 2672 5813 initio
2702 5743 2949 5813 Oratio-iis
2990 5743 3051 5793 26
3085 5746 3135 5794 ιιι
3163 5742 3430 5805 Epistulam
3456 5743 3517 5793 ad
3554 5742 3818 5806 Hebraeos,

2241 5822 2292 5861 ct
2317 5807 2525 5858 llomilia
2558 5807 2618 5856 66
2645 5807 2702 5855 in
2721 5807 2968 5856 ticuesim.
