4112 6482
178 429 268 485 197

180 542 347 611 peccati
380 541 626 610 voluptate
650 539 771 607 frui,
816 538 1030 607 maiores
1060 535 1276 605 ngypti
1311 535 1552 587 thesauris
1593 531 1719 582 divi-

179 636 259 686 tias
302 650 404 687 esse
447 642 584 685 ratus
625 630 809 686 Christi
849 629 1085 699 probrum
1125 626 1308 698 (Hebr.
1351 627 1436 679 11.
1475 624 1564 677 25.
1607 620 1720 690 26).

180 723 222 775 8.
265 721 322 774 Et
361 721 518 788 posuit
565 718 745 771 Daniel
785 719 836 771 in
881 717 1031 770 corde
1072 732 1182 774 suo.
1223 732 1283 768 ne
1328 712 1633 782 pollueretur
1671 710 1722 762 in

181 829 328 864 mensa
352 812 495 880 regis,
524 818 565 863 et
590 811 641 861 in
667 809 777 861 vino
799 808 859 858 de
891 816 1008 874 potu
1030 806 1156 874 ejus,
1188 814 1232 855 et
1266 803 1452 871 ragavit
1478 799 1721 871 prwposi-

183 914 268 953 tum
305 901 631 955 cunuchorum
672 914 734 950 ne
759 897 1200 949 contaminaretur.
1237 893 1290 947 9.
1336 891 1401 944 Et
1427 892 1561 943 dedit
1589 888 1722 941 Deus

186 992 416 1044 Danielem
440 991 493 1042 in
519 988 913 1040 misericordiam
952 995 997 1038 et
1024 986 1077 1037 in
1120 983 1484 1035 miserationem
1510 981 1561 1032 in
1597 996 1717 1031 con-

181 1090 327 1148 specta
355 1078 587 1147 principis
608 1078 970 1129 cunuchorum.
1000 1073 1189 1140 Aspice
1214 1072 1478 1125 Danielem
1506 1084 1535 1122 a
1566 1068 1717 1121 bonis

179 1169 400 1236 operibus
440 1168 692 1236 incipere.
727 1165 800 1219 lta
848 1180 909 1219 ex
952 1178 1017 1217 eo
1062 1173 1299 1230 tempore
1341 1158 1571 1213 ostendit
1613 1172 1722 1210 ma-

179 1276 319 1328 gnum
362 1275 415 1314 se
445 1274 584 1323 esse,
614 1267 770 1327 atque
810 1255 1191 1309 admirabilem.
1236 1254 1409 1319 Quare
1453 1249 1720 1316 Scriptura

183 1351 505 1417 prrestantiori
546 1363 665 1403 eum
705 1348 917 1401 nomine
956 1344 1231 1416 (Daniclis)
1276 1341 1525 1409 appellat.
1556 1339 1720 1392 Porro

181 1442 224 1493 in
248 1441 424 1508 quibus
452 1446 674 1506 poterat,
704 1437 875 1506 legem
898 1435 1159 1489 servabat.
1187 1434 1312 1499 Quis
1334 1432 1488 1495 alius,
1514 1443 1714 1499 qumso,

181 1544 391 1583 mensam
435 1528 630 1597 regiam
683 1528 978 1582 censuisset
1024 1539 1141 1579 esse
1186 1522 1486 1593 piaculum?
1532 1521 1722 1589 Aspice

180 1620 418 1687 quomodo
462 1620 637 1674 statim
683 1618 749 1672 ab
790 1617 1009 1673 exordio
1054 1631 1204 1669 suum
1251 1630 1371 1683 erga
1410 1611 1718 1681 sapientiam

180 1728 390 1766 amorem
428 1711 771 1765 demonstret.
820 1708 887 1761 Et
926 1708 1133 1777 rogavit,
1173 1706 1357 1774 inquit,
1404 1703 1721 1772 pmpositum

179 1802 514 1863 cunuchorum,
557 1816 618 1853 ne
663 1798 1102 1853 contaminaretur.
1150 1793 1521 1848 Animadverte
1565 1807 1719 1860 quain

183 1906 271 1944 non
309 1890 374 1943 sit
407 1889 733 1942 ambitiosus.
776 1886 889 1940 Non
930 1884 1081 1949 dixit,
1115 1884 1355 1938 Animam
1397 1882 1523 1935 mihi
1552 1880 1721 1948 potius

184 1979 322 2032 adimi
355 1979 513 2046 patiar
544 1996 557 2031 :
587 1976 679 2031 sed
710 1976 931 2045 rogavit,
958 1982 1033 2039 ut,
1075 1975 1116 2026 si
1150 1974 1259 2026 fieri
1291 1979 1485 2040 posset,
1513 1969 1717 2023 lateret.

182 2070 326 2135 Quam
358 2070 421 2121 ob
445 2083 676 2133 causam,
707 2067 892 2134 inquit,
924 2066 1150 2118 honores
1187 2062 1488 2116 ambit-em?
1522 2062 1589 2114 At
1616 2075 1719 2112 non

182 2160 246 2211 sic
265 2158 533 2225 Josephus,
577 2172 673 2211 nec
717 2156 942 2226 Moyses.
972 2154 1104 2221 Quid
1136 2153 1327 2219 igitur?
1365 2150 1556 2203 lllosne
1585 2160 1720 2200 con-

184 2247 559 2300 demnabimus?
592 2246 761 2298 Absil.
796 2243 1102 2297 Nescierunt
1132 2242 1270 2295 enim
1299 2239 1549 2308 quidnam
1593 2235 1719 2290 illud

182 2347 321 2391 ρειαί.
350 2336 585 2389 Nondum
626 2334 883 2403 siquidem
924 2332 1191 2386 existebat
1221 2332 1303 2384 illa
1336 2345 1451 2400 quae
1480 2339 1660 2400 postea
1691 2345 1720 2381 a

183 2428 280 2496 lege
314 2440 391 2481 est
418 2429 650 2481 instituta
681 2427 918 2479 ciborum
951 2424 1263 2492 repudiatio.
1299 2423 1429 2476 Vide
1457 2423 1625 2490 ipsum
1671 2431 1723 2474 et

183 2527 466 2585 arguentem
524 2526 577 2571 et
629 2516 1109 2584 pltiloSOpliaiitetii,
1156 2523 1209 2567 et
1253 2514 1304 2566 in
1345 2512 1519 2580 parvis
1563 2512 1722 2563 rebus

184 2608 425 2671 Specimen
464 2606 733 2676 sapientia:
768 2620 879 2658 sua:
924 2603 1281 2658 exhibentem.
1323 2604 1496 2670 Atque
1545 2601 1593 2653 id
1641 2608 1724 2653 est

183 2696 302 2761 quod
342 2695 580 2749 dicebant
620 2695 843 2763 apostoli
874 2694 949 2762 (a)
976 2710 990 2746 :
1026 2691 1148 2745 Hac
1184 2691 1437 2759 oportebat
1468 2691 1609 2758 prius
1638 2689 1721 2755 [a-

183 2802 294 2848 rere,
335 2794 377 2837 et
419 2784 507 2837 illa
546 2800 646 2837 non
692 2784 917 2836 omittere
946 2781 1090 2853 (Luc.
1130 2782 1216 2835 11.
1253 2780 1363 2849 4‘2).
1398 2779 1520 2832 llaec
1548 2788 1721 2831 autent

187 2876 342 2929 Daniel
386 2877 622 2939 faciebat,
676 2888 777 2929 non
826 2873 964 2943 quod
1007 2872 1159 2927 idolis
1207 2870 1499 2925 sacriﬁcate
1545 2879 1725 2924 essent

184 2980 283 3032 qua:
326 2966 735 3034 apponebantnr,
781 2963 874 3017 sed
918 2962 1057 3031 quod
1095 2979 1123 3015 a
1170 2962 1282 3029 lege
1329 2969 1507 3014 essent
1547 2958 1725 3028 prohi-

187 3055 276 3108 bita
313 3058 405 3123 (b).
434 3055 708 3121 Quomodo
738 3055 894 3123 igitur
924 3052 1282 3107 cunuchorum
1325 3052 1575 3119 magistro
1607 3066 1722 3118 pcr-

186 3146 364 3198 suasit?
408 3146 635 3199 Adverte
684 3154 741 3198 ut
787 3144 963 3197 statim
992 3144 1083 3196 tibi
1123 3144 1287 3195 solvat
1320 3142 1720 3195 dubitationem.

187 3233 330 3299 Dedit,
376 3237 559 3305 inquit,
612 3234 746 3287 Deus
792 3233 1048 3286 Danielem
1076 3233 1127 3285 in
1167 3232 1555 3284 misericordiam
1584 3238 1629 3283 et
1671 3231 1723 3284 in

186 3326 519 3379 miserationem
556 3327 608 3379 in
646 3335 909 3394 conspectu
936 3325 1175 3393 principis
1200 3324 1561 3376 cunuchorum.
1593 3322 1721 3375 Illud

187 3417 323 3467 etiam
349 3415 577 3484 ,Ιοεεριιο
616 3415 804 3469 accidit
837 3432 848 3466 :
880 3416 929 3467 in
959 3413 1187 3483 Egypto
1217 3428 1427 3482 quoque
1462 3411 1723 3480 .losephus

187 3507 573 3561 misericordiam
628 3515 983 3575 consequutus
1024 3515 1124 3567 est,
1178 3514 1228 3559 et
1270 3505 1489 3574 gratiam
1526 3504 1726 3557 invenit

185 3596 302 3662 apud
336 3612 621 3665 coquorum
648 3595 951 3665 pncfectum
979 3612 991 3647 :
1019 3610 1176 3664 porro
1215 3596 1423 3663 utrique
1463 3595 1626 3658 servi,
1672 3602 1724 3647 et

188 3685 230 3735 in
254 3686 513 3741 barbarico
547 3687 663 3740 solo
688 3686 969 3755 degebant.
999 3685 1160 3738 Erant
1191 3700 1319 3738 sane
1348 3683 1504 3738 verba
1533 3685 1723 3737 Danie-

188 3776 243 3829 lis
276 3778 451 3830 idonea
502 3777 569 3831 ad
621 3776 995 3831 exsolvendam
1036 3777 1132 3844 (vel
1162 3772 1550 3844 attrahendam)
1594 3774 1724 3827 iram

188 3867 325 3934 regis.
350 3867 477 3935 Quid
507 3866 625 3921 ais?
654 3866 849 3920 domini
882 3880 1113 3919 mensam
1141 3864 1515 3918 exsecrabilem
1544 3866 1723 3932 appel-

187 3954 434 4012 las?annc
482 3958 664 4027 purior
694 3957 846 4010 nobis
901 3965 953 4008 tu
1001 3954 1324 4024 apparuisti?
1371 3969 1545 4007 nonne
1588 3953 1724 4007 nosti

188 4046 289 4101 ideo
315 4064 403 4103 vos
428 4050 659 4118 linguam
703 4063 765 4101 ac
800 4047 980 4100 literas
1004 4045 1371 4099 Chaldaeorum
1402 4045 1625 4108 discere,
1671 4055 1727 4097 ut

186 4139 241 4191 ad
267 4153 488 4194 nuSIrum
530 4140 773 4194 ordinem
818 4138 1135 4192 transeatis?
1164 4138 1313 4192 Unde
1354 4152 1479 4191 vero
1512 4138 1727 4190 omnino

187 4232 434 4283 etniucbus
456 4232 602 4284 illum
632 4230 890 4283 reveritus
918 4229 1032 4282 est?
1061 4228 1197 4283 Puer
1225 4237 1337 4281 erat
1361 4228 1727 4297 contemptibi-

188 4315 241 4370 lis
264 4333 320 4372 ac
354 4319 616 4389 captivus.
644 4317 773 4372 Nam
802 4318 899 4372 etsi
927 4316 1245 4371 reverendus
1269 4316 1470 4383 fuisset,
1512 4326 1566 4369 at
1592 4316 1731 4385 peri-

188 4408 338 4461 culum
361 4425 459 4463 non
486 4408 697 4463 sinebat
717 4408 883 4477 ipsum
912 4406 1262 4461 venerabilem
1293 4406 1478 4459 videri.
1512 4406 1575 4459 Et
1605 4422 1729 4473 pro-

189 4506 288 4564 pter
315 4500 407 4554 hoc
436 4510 715 4569 postquam
745 4496 877 4551 dixit
898 4514 910 4550 :
930 4495 1080 4551 Dedit
1100 4512 1209 4549 eum
1240 4497 1291 4548 in
1318 4496 1727 4557 misericordiam,

192 4588 348 4641 subdit
390 4590 545 4643 verba
598 4586 847 4649 eunuchi,
901 4596 955 4639 et
1000 4586 1219 4639 multum
1268 4586 1509 4638 timorem
1567 4585 1727 4637 illius.

189 4674 479 4742 Quomodo?
518 4678 575 4731 Id
623 4677 948 4745 impossibile
974 4675 1157 4729 fuisset
1199 4685 1357 4743 atque
1387 4676 1729 4744 prohibitura,

192 4768 275 4820 nisi
312 4770 534 4823 caelestis
563 4768 732 4837 gratia
764 4768 939 4821 omnia
979 4766 1359 4835 dispensassct.
1399 4769 1482 4821 11.
1514 4766 1577 4819 Et
1606 4770 1731 4820 dixit

197 4854 352 4912 Daniel
375 4859 439 4911 ad
463 4858 829 4925 Amelasarem,
863 4873 1005 4927 quem
1032 4859 1349 4910 constituerat
1388 4861 1620 4927 magister
1656 4875 1735 4913 eu-

214 5045 221 5053 _
244 4984 307 5043 (a)
337 4985 435 5053 Ima
457 4987 642 5053 Domini
670 4992 746 5033 est
761 4985 887 5053 istud
910 4985 1170 5034 oraculum.
1197 4987 1285 5035 Sed
1306 4986 1561 5053 aliquando
1578 4988 1736 5053 Eccle-

192 5046 262 5093 size
282 5049 540 5108 magistros,
559 5046 676 5094 dum
698 5047 774 5093 vel
796 5048 953 5095 minus
970 5060 1077 5095 cum
1092 5060 1205 5096 cura
1226 5046 1453 5105 scribunt,
1480 5048 1558 5097 vel
1576 5050 1735 5099 calore

192 5107 370 5169 dicendi
394 5109 718 5169 abripiuntur,
761 5110 991 5169 memoria
1021 5108 1294 5169 destituit,
1318 5110 1388 5156 sic
1420 5108 1539 5157 infra
1564 5111 1737 5159 eodem

196 5165 441 5227 hor-capite
465 5165 616 5217 verba
640 5165 859 5219 Tertulli.
886 5166 990 5227 Act.
1015 5167 1094 5225 24,
1118 5168 1164 5224 3,
1191 5168 1330 5216 Paulo
1354 5170 1691 5221 attribuuntur.

248 5226 311 5285 (ὁ)
344 5226 436 5277 Non
460 5234 627 5277 tamen
654 5226 980 5291 improbabilia
1017 5235 1094 5291 est
1130 5228 1417 5291 Theodoreti
1442 5230 1738 5291 aliorumque

194 5291 431 5350 sententia.
456 5296 585 5350 Lege
609 5286 814 5350 Judithte
841 5287 915 5342 12,
940 5287 987 5350 2,
1015 5288 1109 5350 19,7
1135 5290 1343 5337 Estherze
1372 5290 1444 5346 li,
1470 5292 1545 5338 17.
1572 5286 1738 5340 Credi-

199 5344 329 5414 ierim
345 5344 669 5414 sanctissimos
686 5348 892 5414 iuvenes
908 5344 1147 5414 trib_us_'de
1170 5350 1324 5414 causis
1345 5344 1453 5398 cibo
1474 5352 1611 5412 regio
1634 5352 1743 5398 abs-

200 5407 405 5456 tinuisse:
434 5418 532 5458 tum
551 5410 614 5457 ob
639 5407 908 5456 solemnem
950 5407 1245 5455 ethnicorum
1286 5411 1332 5456 in
1367 5407 1741 5459 tuensis'suoer-

199 5467 445 5531 stitioncm;
487 5478 590 5518 tum
637 5468 764 5529 quod
811 5466 1031 5531 plerique
1083 5469 1439 5531 Babyloniorum
1490 5473 1583 5519 cibi
1630 5466 1743 5531 lege

200 5528 527 5592 Mosaicagvetiti
572 5528 773 5588 essent;
798 5536 897 5577 tum
921 5528 1153 5592 denique.
1174 5528 1281 5589 Quia
1302 5531 1503 5592 jejunio,
1529 5539 1577 5580 ct
1600 5528 1745 5580 absti-

203 5590 341 5635 nentia
357 5590 417 5637 ab
438 5592 679 5644 animalis,
697 5596 849 5636 Deum
866 5590 1127 5649 promereri
1148 5590 1444 5649 satagebant.
1464 5599 1514 5640 Et
1534 5592 1622 5638 hoc.
1636 5592 1747 5639 ulti-

201 5660 309 5694 nium
332 5647 1178 5713 eonﬁrniant_.losepbusAntiq._Jud_.
1206 5647 1286 5713 lib.
1312 5653 1383 5704 10,
1414 5665 1516 5713 cap.
1545 5654 1618 5707 11,
1641 5653 1743 5699 0ῐὶ-

201 5719 337 5777 κρηιξς
356 5711 381 5759 7
405 5718 567 5759 contra
593 5708 806 5777 gelatur),
833 5715 885 5757 et
903 5708 1086 5777 _Homil.
1109 5710 1137 5757 4
1160 5711 1207 5757 in
1246 5708 1483 5762 diversos'
1502 5721 1523 5741 “
1566 5722 1746 5775 "Ngo-

205 5770 287 5816 rius
303 5776 413 5833 Papa
436 5770 640 5833 Epistula
665 5771 723 5819 ad
746 5771 1056 5820 Theotistam.

1529 420 1591 474 IN
1632 416 1992 475 DANIELEM.

3277 439 3387 494 198

1836 535 2107 586 nuc/torum
2137 552 2285 603 super
2308 535 2582 598 Danielum,
2616 536 2878 592 Ananimn.
2912 534 3165 602 Asariam,
3208 548 3254 590 et
3286 538 3394 591 Mi-

1831 625 2009 677 saelem
2032 642 2050 678 :
2082 626 2165 679 12.
2191 626 2366 690 Tenta,
2394 628 2611 690 obsecro,
2640 642 2801 678 servus
2824 638 2929 678 tuos
2951 644 3038 695 per
3064 628 3168 681 dies
3186 628 3390 691 decem;

1832 726 1878 767 et
1914 715 2030 767 dent
2077 718 2215 769 nobis
2260 717 2321 769 de
2367 718 2631 769 seminibus
2673 726 2835 781 terrm,
2881 728 2926 769 et
2972 718 3305 781 comedamus,
3346 728 3391 771 et

1829 822 2009 871 aquam
2044 806 2262 858 bibamus
2289 821 2305 857 :
2332 806 2413 859 13.
2443 815 2487 857 et
2513 816 2785 873 appareant
2815 822 2980 857 coram
3006 815 3052 859 te
3093 808 3252 860 vultus
3296 824 3386 860 ηοι

1829 897 1939 960 stri,
1973 907 2018 947 et
2045 898 2207 948 vultus
2236 912 2500 963 puerorum
2526 896 2610 963 qui
2638 895 2901 947 comedunt
2939 910 2966 947 e
3011 912 3180 949 mensa
3220 898 3349 965 regis
3372 913 3391 950 :

1830 996 1875 1039 et
1912 989 2039 1041 sicut
2083 987 2283 1052 videris,
2305 987 2461 1053 facito
2503 1002 2616 1040 cum
2657 988 2822 1053 pueris
2862 989 2977 1040 tuis.
3012 988 3097 1041 14.
3130 987 3197 1039 Et
3232 1004 3391 1042 exau-

1829 1078 1949 1129 divit
2002 1094 2143 1138 eum,
2195 1088 2241 1129 et
2282 1078 2487 1130 tentavit
2537 1093 2619 1131 eos
2670 1093 2757 1144 per
2802 1078 2905 1129 dies
2946 1078 3132 1130 decem.
3184 1079 3269 1133 15.
3325 1079 3391 1132 Et

1830 1177 1938 1235 post
1968 1168 2116 1233 ﬁnem
2146 1168 2311 1220 decem
2350 1168 2541 1219 dierum
2572 1166 2663 1219 visi
2704 1177 2819 1219 sunt
2857 1166 3017 1219 vultus
3050 1184 3216 1221 eorum
3250 1166 3386 1232 boni,

1830 1266 1876 1308 et
1915 1257 2011 1324 ipsi
2036 1273 2241 1324 corpore
2282 1257 2584 1324 pinguiores,
2612 1272 2760 1325 quam
2789 1256 2929 1325 pueri
2957 1257 3038 1325 qui
3073 1258 3389 1311 comedebant

1830 1348 1891 1398 de
1916 1363 2083 1399 mensa
2107 1348 2254 1415 regis.
2288 1347 2467 1414 Magna
2496 1346 2729 1410 libertas,
2764 1347 2988 1400 maxima
3020 1347 3179 1401 animi
3202 1349 3389 1402 alacri-

1830 1445 1929 1499 tas,
1958 1436 2118 1488 multa
2152 1434 2447 1503 prudentia,
2484 1435 2665 1503 ingens
2702 1434 2851 1488 ﬁdes.
2884 1434 3039 1489 Tenta
3077 1453 3255 1505 pueros
3281 1446 3389 1490 tuos

1829 1542 1916 1595 per
1942 1526 2045 1578 dies
2075 1526 2260 1579 decem.
2301 1524 2500 1578 Deinde
2543 1534 2599 1577 ut
2639 1538 2706 1577 ne
2747 1526 3015 1580 existimes
3066 1541 3096 1579 a
3130 1527 3386 1581 seminum

1830 1625 2013 1667 natura
2056 1614 2184 1667 oriri
2227 1613 2375 1666 faciei
2422 1614 2761 1676 hilaritatem,
2809 1615 3013 1683 respice
3060 1631 3269 1686 quoque
3321 1616 3386 1671 ad

1827 1719 2036 1772 aquam,
2061 1719 2180 1771 qua:
2210 1704 2427 1757 minime
2453 1704 2633 1757 nutrit.
2666 1704 2731 1756 Et
2758 1719 2859 1756 non
2904 1704 3060 1757 modo
3091 1706 3225 1759 bona
3265 1722 3389 1761 cor-

1828 1795 1971 1862 poris
2013 1792 2319 1847 habitudine
2358 1793 2561 1861 praediti
2595 1803 2981 1861 apparuerunt,
3030 1794 3121 1848 sed
3150 1805 3203 1847 et
3229 1811 3384 1865 vege-

1828 1884 1988 1937 tiores
2028 1884 2090 1937 iis
2116 1883 2203 1951 qui
2250 1884 2391 1952 regia
2432 1898 2611 1938 mensa
2638 1882 2969 1937 fruebantur.
3014 1882 3162 1948 Quod
3209 1896 3385 1939 autem

1826 1987 2010 2026 carnes
2028 1981 2082 2025 et
2099 1973 2275 2026 vinum
2297 1973 2461 2040 magis
2485 1973 2715 2026 nutriant
2731 1988 2885 2040 quam
2908 1984 3094 2026 cretera
3116 1972 3386 2038 alimenta,

1828 2063 2107 2130 unicuique
2142 2071 2223 2116 est
2250 2061 2605 2115 manifestum.
2633 2061 2803 2116 Cerne
2833 2072 2886 2115 ut
2929 2065 3106 2115 statim
3149 2063 3214 2116 ab
3244 2064 3391 2117 initio

1826 2151 1991 2220 gratia
2022 2165 2086 2205 ex
2116 2151 2385 2205 voluntate
2412 2165 2696 2219 puerorum
2715 2160 2767 2205 et
2793 2167 2854 2205 ex
2887 2151 3028 2206 dono
3057 2152 3146 2207 Dei
3176 2152 3389 2207 eﬁlure-

1827 2251 1957 2297 seat.
1994 2242 2247 2296 Voluntas
2264 2243 2520 2311 siquidem
2551 2251 2650 2307 cst,
2681 2242 2819 2311 quod
2852 2243 3113 2296 noluerint
3147 2261 3159 2296 :
3193 2243 3388 2298 donum

1828 2352 1974 2399 vero,
2008 2335 2147 2405 quod
2178 2336 2463 2403 potuerint.
2493 2333 2558 2387 Et
2583 2344 2878 2403 appareant,
2913 2335 3098 2402 inquit,
3126 2351 3291 2386 corum
3322 2345 3388 2389 te.

1830 2425 2091 2479 Judicium
2115 2426 2205 2478 tibi
2246 2426 2617 2492 permittimus.
2659 2423 2816 2476 Levis
2842 2433 3016 2476 autem
3045 2433 3095 2476 et
3129 2422 3289 2476 facilis
3310 2434 3391 2477 est

1827 2515 1991 2585 gratia
2030 2530 2187 2583 quam
2240 2514 2618 2582 petimus:res
2666 2513 2757 2565 tibi
2809 2514 2962 2566 fidem
3010 2512 3222 2566 faciant.
3280 2515 3389 2583 Ego

1828 2607 2025 2674 quippe
2061 2614 2306 2658 eventura
2350 2604 2622 2672 perspicue
2654 2604 2771 2655 novi
2803 2620 2814 2655 :
2848 2614 2901 2655 at
2931 2617 3143 2671 propter
3182 2614 3232 2658 te
3261 2605 3390 2659 nihil

1828 2706 1950 2750 ante
1996 2696 2152 2749 ﬁnem
2195 2694 2422 2747 afﬁrmo.
2468 2693 2639 2747 Cerne
2674 2694 2938 2762 quomodo
2966 2696 3123 2748 etiam
3162 2696 3386 2751 famulos

1828 2789 2005 2840 statim
2032 2785 2306 2850 erudierit,
2339 2800 2399 2838 ac
2439 2785 2677 2838 docuerit
2714 2799 2771 2837 se
2817 2800 2936 2839 esse
2968 2785 3057 2840 Dei
3103 2798 3388 2841 amantem.

1829 2877 1897 2931 Et
1934 2891 2037 2930 non
2085 2875 2396 2944 simpliciter
2418 2874 2567 2938 dicit,
2599 2873 2776 2928 Facito
2807 2874 3098 2936 nobiscum,
3144 2876 3255 2940 sed,
3290 2875 3395 2929 Fa-

1828 2969 1925 3019 cito
1963 2984 2075 3019 cum
2123 2967 2286 3035 pueris
2328 2966 2469 3018 tuis:
2497 2967 2675 3034 sicque
2715 2980 2941 3019 exorsus
2983 2968 3154 3019 aiebat
3189 2986 3199 3018 :
3237 2966 3391 3022 Tanta

1829 3075 2004 3126 pueros
2030 3068 2159 3109 tnos.
2192 3056 2305 3109 Non
2350 3056 2664 3109 recusabant
2692 3055 2952 3108 humanos
2982 3056 3209 3110 honores
3239 3059 3391 3111 exhi-

1833 3150 1976 3213 bere,
2006 3148 2093 3201 ubi
2123 3147 2251 3200 nihil
2277 3157 2417 3200 esset
2441 3147 2577 3215 quod
2604 3148 2849 3214 pietatem
2874 3147 3088 3202 laederet
3114 3168 3126 3202 :
3151 3152 3390 3219 quando-

1829 3239 2039 3309 quidem
2070 3248 2122 3291 et
2150 3237 2341 3291 Paulus
2368 3237 2503 3290 idem
2533 3238 2674 3290 facit.
2700 3238 2827 3290 Nam
2852 3238 3102 3293 inchoatis
3129 3241 3392 3294 defensio-

1833 3346 1953 3383 nem
2000 3344 2170 3391 suam,
2209 3344 2235 3380 a
2278 3327 2732 3396 landibusjudieis
2772 3328 2970 3398 incipit,
3021 3331 3087 3384 ita
3135 3331 3389 3401 loquens:

1829 3420 1895 3474 In
1922 3420 2077 3473 multa
2107 3436 2228 3489 pace
2246 3429 2444 3489 agentes
2470 3434 2558 3486 per
2574 3428 2618 3470 te
2646 3419 2777 3485 (Act.
2800 3418 2887 3472 25.
2916 3418 2992 3489 2).
3021 3420 3158 3473 Idem
3183 3432 3392 3488 aposto-

1829 3513 1909 3567 lus
1948 3511 2104 3565 rebus
2146 3510 2384 3565 civilibus
2414 3524 2538 3563 usus
2569 3519 2667 3562 est.
2698 3508 2901 3563 Nathan
2928 3526 3137 3578 quoque
3164 3514 3393 3579 prophe-

1831 3612 1946 3657 tans
1984 3603 2168 3655 adorat
2209 3600 2491 3665 Davidem;
2531 3599 2756 3653 Iacobus
2789 3601 3028 3654 similiter
3067 3602 3389 3656 Pharaonem

1830 3691 2034 3755 adorat,
2057 3699 2109 3743 ct
2134 3688 2464 3743 Abrahatnns
2490 3687 2909 3742 contubernales.
2942 3690 3118 3742 Daniel
3143 3690 3388 3759 denique.

1830 3782 1895 3835 de
1916 3796 2019 3850 quo
2038 3795 2177 3835 nunc
2203 3794 2378 3833 sermo
2405 3788 2504 3841 est,
2534 3779 2638 3847 regi
2661 3777 2814 3831 dicit:
2834 3776 2897 3830 In
2926 3787 3163 3832 teternum
3188 3781 3293 3833 vive
3313 3782 3388 3851 (a)

1832 3871 1991 3940 (Dan.
2026 3871 2077 3924 6.
2107 3867 2219 3938 21).
2270 3868 2641 3923 Animadverte
2680 3867 2897 3921 verbum
2942 3867 3256 3922 adulationis
3281 3872 3389 3937 pluo

1832 3979 1978 4016 num.
2011 3964 2078 4015 At
2116 3977 2213 4031 ego
2244 3976 2347 4013 non
2390 3960 2439 4012 id
2484 3959 2705 4012 dixerim
2738 3957 3109 4018 adulationem.
3142 3960 3232 4013 sed
3266 3976 3390 4027 pm-

1833 4054 2060 4107 dentiam
2091 4064 2140 4105 et
2168 4051 2495 4120 sapientiam.
2528 4049 2599 4103 Ita
2629 4058 2681 4103 et
2702 4049 2892 4102 Paulus
2919 4049 2988 4101 ait
3015 4068 3025 4101 :
3058 4048 3120 4101 In
3149 4052 3393 4119 sapientia

1834 4144 2081 4195 ambulate
2106 4142 2173 4193 ad
2195 4158 2277 4195 eos
2304 4142 2388 4211 qui
2418 4142 2539 4211 [oris
2574 4149 2708 4204 sunt,
2738 4150 2930 4209 tempus
2954 4142 3247 4195 redimentes
3271 4143 3392 4213 (Co-

1834 4232 1954 4284 loss.
1987 4233 2039 4285 4.
2069 4230 2144 4301 5).
2191 4230 2261 4284 Ita
2304 4231 2460 4284 etiam
2507 4230 2749 4284 Christus
2789 4229 2964 4283 docuit
2996 4246 3008 4281 :
3044 4230 3257 4283 Reddite
3286 4247 3397 4300 qua

1833 4333 1947 4374 sunt
1982 4321 2193 4375 Cwsoris
2221 4319 2427 4385 Ccesari,
2469 4330 2512 4372 et
2555 4334 2664 4389 qua:
2699 4328 2815 4371 sunt
2847 4318 2939 4370 Dei
2992 4318 3097 4371 Deo
3126 4318 3270 4387 (Luc.
3304 4321 3389 4375 10.

1834 4413 1945 4483 25).
1978 4411 2112 4479 Quid
2144 4411 2331 4481 igitur?
2377 4410 2576 4464 semina
2622 4410 2884 4461 iuununda
2931 4426 3033 4463 non
3065 4412 3248 4463 erant?
3294 4410 3392 4465 Mi-

1836 4509 1975 4559 nime
2004 4522 2017 4558 ε
2045 4504 2137 4557 sed
2170 4519 2266 4557 nec
2295 4518 2447 4571 aqua.
2478 4501 2540 4554 Et
2570 4501 2668 4554 hoc
2692 4516 2785 4569 per
2806 4511 2910 4555 tres
2938 4517 3103 4556 annos
3134 4505 3390 4558 fecerunt.

1837 4600 1921 4653 18.
1960 4598 2021 4650 Et
2046 4596 2320 4663 completis,
2350 4594 2532 4660 inquit,
2560 4593 2748 4655 diebus,
2784 4603 2891 4661 post
2917 4610 3039 4656 quos
3062 4594 3254 4647 dixerat
3280 4612 3388 4657 rex,

1836 4699 1889 4741 ut
1928 4686 2255 4739 introduceret
2282 4685 2438 4751 ipsos,
2476 4683 2871 4735 archieunuclms
2898 4684 3175 4737 introduxit
3216 4702 3296 4737 eos
3327 4690 3393 4737 ad

1840 4775 2399 4830 Nabuc/todonosorent.
2433 4773 2515 4827 19.
2552 4772 2615 4825 Et
2658 4790 2755 4826 non
2782 4776 2963 4828 inventi
2999 4786 3110 4828 sunt
3138 4794 3198 4830 ex
3232 4781 3389 4830 omni-

1905 4932 1973 4991 (a)
2008 4929 2062 4976 In
2081 4935 2258 4991 (Ergeco,
2286 4940 2345 4983 ne
2367 4938 2428 4976 τὸν
2458 4941 2568 4976 una...
2592 4937 2687 4991 ωε.
2713 4930 2899 4976 Grotius
2924 4931 3265 4989 interpretatur
3289 4946 3300 4979 :
3329 4935 3371 4981 ri

1840 4988 1920 5041 vas
1944 4988 2042 5039 diu.
2070 4988 2217 5035 Malim
2237 4996 2395 5036 tamen
2414 5001 2520 5035 cum
2538 4997 2579 5049 s.
2601 4990 2884 5049 Hieronymo
2904 4988 3149 5048 exponere
3168 4992 3229 5038 de
3253 5008 3277 5037 ιι
3296 5002 3369 5040 11⁸1⁹

1841 5055 2008 5101 nitate.
2036 5049 2088 5097 Id
2115 5051 2241 5095 enim
2269 5050 2500 5110 exigebat
2541 5048 2651 5095 olim
2677 5048 2787 5109 qutc
2818 5062 2874 5096 se
2908 5050 2998 5097 diis
3022 5063 3203 5109 aequam
3231 5055 3368 5100 existi

1840 5113 1998 5161 mahat
2020 5118 2231 5176 potestas
2255 5123 2265 5155 :
2289 5108 2549 5176 rga:q{_ippe
2586 5108 2764 5176 est,_:ait
2792 5116 2837 5155 Β.
2862 5108 3301 5176 Severus_,st_uttitiu
3325 5130 3359 5159 μ
3440 5128 3469 5137 ·η

1840 5186 1952 5236 gum
1970 5168 2194 5236 nomium,
2219 5177 2265 5236 ut
2284 5169 2372 5236 sibi
2392 5168 2553 5219 dicina
2572 5168 2820 5236 tindicent.
2844 5171 3034 5236 Baruchi
3060 5172 3105 5228 1,
3135 5174 3183 5236 fl
3215 5186 3226 5219 :
3255 5179 3331 5236 οη
3355 5186 3367 5220 t

1842 5228 1931 5295 pro
1952 5232 2042 5295 vita
2068 5230 2485 5295 Nabuchodonosor
2509 5228 2633 5289 regis
2667 5230 2932 5295 Babylonis,
2963 5238 3007 5279 et
3026 5245 3111 5295 pro
3126 5233 3218 5281 vita
3242 5233 3387 5281 nutu.-

1843 5290 1923 5343 sar
1946 5291 2033 5355 ﬁlii
2057 5292 2177 5350 ejus,
2202 5298 2251 5339 ut
2278 5290 2493 5355 siutdies
2525 5303 2687 5339 eorum
2709 5290 2828 5355 sicut
2862 5290 2963 5340 dies
2996 5290 3103 5341 ctuti
3138 5307 3277 5353 super
3300 5301 3394 5341 ter-

1846 5350 1964 5402 rani.
1992 5362 2087 5410 Quo
2120 5356 2264 5400 etiam
2304 5350 2393 5399 loci
2431 5359 2641 5399 mentem
2684 5353 2931 5411 Scriptura:
2968 5366 3059 5400 non
3091 5350 3396 5413 asse'quutum

1846 5416 1992 5462 fuisse
2009 5414 2215 5460 Grotium
2249 5420 2377 5472 puto.
2413 5413 2647 5472 Superbas
2690 5425 2835 5459 voces
2873 5413 3113 5461 humilitas
3136 5413 3396 5463 Christiana

1909 5474 2068 5521 ulatitn
2093 5470 2391 5533 compressit,
2415 5470 2773 5533 modestiusque
2815 5472 3066 5523 Catltolicis
3102 5474 3397 5533 imperaturi-

1884 5548 1939 5581 us
1961 5530 2266 5581 acclamatum
2292 5533 2335 5578 in
2362 5530 2581 5580 Conciliis
2604 5545 2616 5577 :
2646 5530 2809 5581 inultos
2848 5548 3005 5582 erant».
3068 5530 3196 5581 mnos
3224 5534 3395 5583 David.

1850 5595 2017 5644 Multos
2034 5606 2177 5641 atinas
2201 5600 2467 5652 eeternaque
2508 5590 2751 5647 memoria.
2787 5600 2880 5641 etc.
2918 5596 2995 5643 uis
3032 5594 3093 5641 de
3118 5596 3264 5641 rebus
3285 5594 3398 5652 lege

1851 5654 2054 5725 Concilio
2075 5653 2533 5725 generalialrassim,
2552 5652 2811 5725 .t-lplistolain
2834 5654 3136 5725 S..Athanasii
3160 5656 3221 5702 de
3237 5668 3397 5725 _§yno-

1850 5716 1925 5763 dis
1947 5713 2144 5761 Arimini
2178 5719 2229 5761 et
2262 5713 2509 5771 seleucie,
2551 5713 2699 5771 initio,
2746 5714 3045 5761 Ammianum
3087 5713 3398 5767 Marcellinum

1853 5776 1987 5825 initio
2012 5773 2118 5822 libri
2148 5774 2217 5832 13,
2241 5775 2564 5835 Symmachum
2587 5774 2826 5824 hclatione
2846 5774 3074 5824 adversus
3095 5774 3403 5843 Christianos,
