4112 6498
679 542 765 595 bus
785 537 888 594 illis
907 536 1100 593 similes
1130 538 1350 600 Danieli.
1379 547 1426 591 et
1458 536 1687 600 Ananic,
1715 545 1762 589 et
1793 533 2010 598 Misaeli,
2040 542 2085 586 et
2105 532 2239 586 Aza-

678 633 787 685 ric.
828 631 917 686 20.
964 630 1029 686 Et
1057 638 1296 686 steterunt
1337 632 1392 683 in
1427 637 1692 696 conspectu
1732 626 1897 696 regis;
1935 634 1983 678 et
2014 625 2068 677 in
2102 623 2240 677 omni

676 721 823 776 uerbo
858 720 1117 788 sapientia:
1138 735 1199 774 ac
1231 719 1470 774 scientia.
1497 716 1632 787 quod
1657 716 1936 770 sciscitatus
1978 725 2048 768 est
2083 714 2145 768 ab
2169 715 2240 768 eis

677 826 788 874 rex,
827 811 1011 864 invenit
1029 826 1112 865 eos
1131 808 1341 878 decuplo
1371 809 1739 878 prastantiores
1762 807 1986 860 omnibus
2008 805 2236 860 incanta-

677 900 868 952 toribus
891 908 940 952 et
969 899 1149 969 magis,
1175 899 1260 969 qui
1295 907 1436 951 erant
1473 897 1526 950 in
1551 897 1780 950 universo
1821 910 1975 966 negito
2012 895 2140 964 ejus.
2174 893 2239 947 Et

683 997 795 1054 post
821 988 971 1055 linem
994 987 1209 1052 dierum,
1239 986 1426 1055 inquit,
1456 985 1548 1039 visi
1571 992 1684 1038 sunt
1705 982 1868 1037 vultus
1893 998 2063 1036 eorum
2088 981 2200 1036 boni
2217 996 2237 1037 :

676 1087 732 1134 et
753 1077 1140 1147 pulchritudine
1159 1093 1222 1132 ac
1246 1077 1380 1132 bona
1402 1077 1640 1146 corporis
1664 1073 1972 1130 babitudine
1992 1072 2234 1145 proiece-

673 1175 813 1222 rant.
844 1166 1037 1237 Aspice
1075 1182 1162 1222 res
1189 1181 1307 1236 quae
1342 1173 1536 1238 prater
1576 1172 1818 1220 naturam
1866 1172 1991 1220 sunt
2019 1180 2032 1218 :
2057 1163 2235 1231 aspice

673 1256 856 1312 mundi
879 1255 1130 1327 Opificem
1152 1257 1238 1326 qui
1262 1254 1549 1311 efﬁcaciam
1579 1268 1728 1309 suam
1757 1253 2013 1324 adaperit.
2036 1252 2237 1320 Quemu

671 1347 954 1404 admodum
993 1348 1136 1402 enim
1159 1347 1313 1403 lictor
1344 1345 1572 1401 maxime
1595 1344 1857 1400 videbitur
1896 1345 1960 1409 is,
2002 1344 2091 1413 qui
2129 1358 2233 1398 non

675 1438 832 1494 modo
868 1453 944 1494 aes
983 1437 1216 1493 conﬂare
1253 1451 1316 1492 ac
1342 1436 1676 1492 conlormare
1700 1434 1914 1500 valebit,
1943 1433 2036 1488 sed
2063 1441 2117 1488 et
2145 1433 2235 1488 illo

675 1543 782 1583 non
823 1528 1002 1584 minus
1044 1529 1088 1583 is
1113 1526 1202 1597 qui
1222 1527 1331 1598 jam
1358 1525 1549 1581 factam
1582 1535 1806 1581 statuam
1845 1524 2039 1595 poterit
2064 1523 2233 1578 corri-

673 1631 837 1687 gere:
860 1617 999 1673 idem
1028 1631 1237 1687 quoque
1266 1617 1319 1671 in
1363 1616 1473 1671 Deo
1517 1623 1572 1670 et
1604 1615 1782 1685 pueris
1818 1615 1921 1669 illis
1964 1614 2236 1684 agnoverit

676 1709 958 1778 quispiam.
983 1708 1115 1764 Nam
1135 1723 1356 1778 corpora
1379 1715 1493 1777 post
1518 1707 1672 1762 talem
1699 1705 2000 1760 alimoniam
2027 1706 2232 1775 pinguia

675 1800 1006 1869 przrstitisse,
1038 1815 1142 1854 non
1187 1799 1361 1855 minus
1386 1798 1649 1854 facultatis
1690 1796 1959 1853 creatricis
1986 1796 2233 1852 indicium

671 1898 807 1956 erat,
835 1904 992 1960 quam
1019 1889 1286 1944 hominem
1311 1904 1343 1943 e
1380 1897 1518 1943 terra
1546 1887 1819 1943 formasse.
1855 1886 2005 1943 Unde
2040 1887 2234 1942 nitidus

671 1979 862 2034 color?
887 1978 1028 2034 unde
1055 1978 1152 2034 llos
1194 1993 1256 2034 ac
1279 1978 1442 2033 decor
1469 1975 1724 2046 fulgorem
1770 1977 2054 2032 eminens?
2094 1976 2235 2032 unde

671 2066 866 2121 robur?
888 2067 1065 2122 Nostis
1100 2067 1239 2121 enim
1269 2081 1418 2136 aqua:
1455 2075 1583 2136 potu
1624 2074 1678 2122 et
1705 2066 1963 2120 seminum
2003 2079 2097 2120 esu
2140 2065 2235 2120 de-

670 2157 804 2212 strui
836 2157 1074 2226 corporis
1117 2156 1276 2212 vires.
1319 2155 1452 2210 Nam
1496 2169 1563 2209 ne
1609 2169 1798 2225 panem
1836 2153 2047 2224 quidem
2088 2168 2235 2208 com-

670 2244 830 2301 edere
856 2244 1167 2300 sustinebat.
1202 2245 1314 2301 Non
1341 2255 1422 2300 est
1445 2252 1621 2299 autem
1653 2257 1808 2312 parva
1830 2243 2074 2297 distantia
2097 2243 2233 2298 inter

672 2333 989 2389 frumentum
1036 2335 1310 2388 subactum
1355 2347 1418 2388 ac
1456 2331 1774 2398 coniectum,
1823 2341 1878 2387 et
1911 2331 2230 2389 frumentum

671 2423 918 2478 inlectum
955 2438 1018 2478 ac
1041 2438 1146 2478 non
1176 2432 1545 2494 prmparatum.
1572 2422 1687 2478 Non
1729 2423 1869 2477 enim
1895 2438 1959 2476 ex
1995 2424 2109 2477 solo
2137 2439 2230 2478 esu

668 2515 829 2569 robur
871 2516 1056 2580 oritur,
1102 2514 1196 2570 sed
1243 2515 1401 2571 etiam
1453 2529 1520 2570 ex
1570 2515 1811 2569 coctione
1853 2514 2093 2569 ciborum
2139 2518 2228 2584 qui

669 2603 1090 2669 manducantur;
1116 2613 1172 2658 at
1212 2604 1414 2659 semina
1461 2605 1718 2674 concoqui
1754 2614 1948 2673 praeter
1987 2614 2225 2660 naturam

667 2702 768 2748 est.
794 2693 1022 2749 Adverte
1059 2693 1174 2749 haec
1201 2694 1349 2764 signa
1387 2708 1492 2748 non
1522 2709 1586 2748 ex
1615 2694 1901 2748 ambitione
1939 2697 2225 2763 petentium

668 2782 870 2838 initium
907 2798 1139 2850 sumere,
1166 2783 1260 2840 sed
1302 2798 1333 2837 a
1377 2784 1678 2838 necessario
1704 2798 1801 2838 usu
1831 2799 2042 2838 causam
2067 2794 2226 2855 atque

666 2873 997 2929 Occasionem
1028 2872 1239 2927 habere.
1283 2872 1398 2927 Non
1427 2873 1567 2926 enim
1611 2873 1852 2928 absolute
1879 2888 1942 2928 ac
1982 2874 2122 2928 nulla
2167 2891 2226 2930 re

664 2964 868 3032 objecta
907 2965 1107 3019 insiluit
1131 2963 1184 3018 in
1210 2965 1651 3032 experimentum,
1683 2963 1774 3018 sed
1815 2965 2127 3018 necessitate
2165 2964 2226 3018 il-

665 3057 771 3111 lmn
804 3055 869 3110 ad
900 3055 1002 3110 hoc
1033 3064 1277 3110 vocante.
1308 3054 1488 3124 Itaque
1505 3053 1686 3122 procul
1713 3054 1779 3108 ab
1803 3054 2088 3109 ambitione
2110 3063 2224 3109 erat

661 3145 868 3200 animus
912 3160 1212 3215 puerorum.
1262 3145 1589 3214 Quamquam
1638 3145 1755 3214 quis
1792 3153 1935 3198 tanta
1974 3145 2223 3215 praeditus

665 3237 788 3302 ﬁde,
817 3247 869 3291 et
895 3237 1034 3292 inter
1060 3237 1312 3293 barbaros
1335 3237 1553 3308 degens,
1584 3251 1690 3290 non
1721 3237 1971 3306 cupiisset
1993 3236 2222 3292 dominis

661 3333 928 3380 Ostentare
970 3325 1062 3380 Dei
1102 3340 1223 3395 erga
1267 3341 1326 3380 se
1364 3325 1827 3380 benevolentiam?
1871 3328 1938 3380 At
1966 3342 2070 3380 non
2115 3327 2222 3382 isti.

664 3414 887 3483 Respice
911 3423 966 3468 et
1003 3415 1068 3468 ad
1098 3415 1561 3483 reprehensionem
1603 3431 1810 3479 senum,
1840 3425 1896 3469 ut
1924 3417 2084 3470 etiam
2111 3418 2222 3487 ipsa

659 3520 727 3561 ex
756 3506 1066 3562 necessitate
1093 3508 1410 3577 provenerit.

1288 3636 1509 3692 CAPUT
1539 3637 1602 3692 ll.

732 3763 784 3817 1.
813 3762 876 3816 lu
900 3780 1032 3817 anno
1059 3765 1273 3818 secundo
1299 3767 1438 3835 regni
1483 3765 1996 3822 Nabucltodouosoris
2017 3810 2034 3835 ,
2083 3785 2220 3823 som-

667 3855 820 3906 niauit
846 3852 1308 3908 Nabuchodonosor
1330 3857 1600 3920 somnium,
1648 3865 1691 3909 et
1731 3858 1982 3925 obstupuit
2010 3861 2220 3926 spiritus

664 3944 793 4012 ejus,
822 3952 866 3996 et
893 3959 1098 3996 somnus
1131 3945 1240 4013 ejus
1264 3944 1386 3996 abiit
1419 3946 1481 3997 ab
1510 3961 1586 3998 eo.
1612 3943 1679 3998 At
1717 3945 1814 3998 iste
1835 3960 2004 3999 annus
2025 3947 2223 4001 duode-

660 4032 831 4086 cinius
850 4043 931 4087 est
958 4030 1054 4103 (α).
1078 4033 1210 4087 Nam
1239 4034 1284 4088 si
1309 4048 1414 4088 tres
1439 4033 1563 4087 anni
1602 4049 1629 4087 a
1660 4044 1810 4103 capta
1843 4035 1973 4090 urbe
1998 4045 2217 4105 prmter-

661 4160 994 4223 Hieronymum
1026 4159 1085 4207 ad
1108 4159 1270 4208 Ezeeb.
1294 4161 1384 4223 28,
1408 4160 1454 4223 2,
1479 4162 1829 4210 Theodoretnm
1852 4162 1908 4211 ad
1933 4171 2042 4215 nan.
2068 4164 2116 4212 ὕ.
2145 4165 2217 4223 10,

662 4229 715 4268 et
734 4221 789 4277 6,
813 4221 903 4278 21,
939 4228 1218 4282 Symeoneni
1254 4221 1727 4270 Thessalonicensem
1755 4226 1817 4269 de
1854 4226 2004 4271 sacris
2030 4221 2216 4274 onlinaé

662 4281 870 4388 ti‘qlqélius
889 4281 993 4343 cap.
1020 4281 1097 4341 10,
1124 4281 1337 4344 denique
1378 4289 1590 4330 nostrum
1612 4283 1736 4331 hunc
1760 4282 1877 4330 infra
1900 4286 1954 4332 ad
1980 4293 2121 4347 caput
2142 4300 2219 4334 se-

662 4355 688 4388 c
788 4355 884 4388 um.

661 4353 864 4389 cundum
873 4378 884 4389 .

724 4403 796 4464 (τι)
829 4402 1080 4464 1³1111⁵1111111Ϊ1
1101 4415 1127 4450 a
1152 4403 1356 4452 veritate
1378 4402 1605 4451 aberrant
1626 4416 1746 4464 quos
1770 4403 1848 4452 hic
1864 4409 2034 4464 noster
2057 4414 2218 4455 aucto-

662 4473 745 4510 res
766 4462 927 4524 habet.
953 4466 1151 4510 Primum
1169 4464 1294 4524 enim
1308 4462 1689 4524 deportationein
1713 4463 1916 4512 tianielis
1933 4479 2023 4513 non
2051 4478 2219 4513 nume-

661 4523 845 4571 rantab
866 4534 991 4584 anno
1014 4524 1158 4572 tertio
1177 4522 1454 4581 desinente,
1481 4531 1531 4571 et
1565 4533 1734 4584 quarto
1779 4527 1979 4573 ineunte
2009 4529 2219 4584 Joacitni,

660 4596 751 4632 seu
775 4583 1239 4645 Nabuchodonosoris
1260 4585 1428 4645 primo,
1452 4592 1506 4632 ut
1527 4583 1826 4645 computatur
1862 4593 1975 4633 nan.
1997 4586 2040 4644 1,
2066 4589 2112 4643 1,
2137 4595 2218 4636 Je-

661 4656 783 4691 rem.
807 4644 888 4701 25,
913 4644 936 4692 1
978 4657 1000 4707 :_
1024 4644 1110 4693 sed
1134 4647 1179 4707 in
1206 4644 1270 4693 ea
1289 4651 1503 4707 tempora
1526 4644 1793 4707 conferunt,
1825 4647 1998 4707 quibus
2043 4649 2218 4697 iterum

664 4711 798 4812 coma
821 4712 932 4754 sunt
953 4704 1289 4768 Hierosolyma,
1317 4704 1491 4767 nempe
1514 4706 1605 4753 sub
1631 4704 1874 4754 Jeebonia.
1902 4708 2082 4756 Deinde
2104 4709 2218 4756 dum

664 4777 720 4811 nr
787 4778 832 4811 ιιι
855 4777 977 4812 anno
993 4779 1118 4812 nono
1139 4773 1319 4812 cautam
1347 4778 1458 4812 esse
1477 4766 1655 4812 dicunt.
1669 4779 1695 4812 a
1716 4779 1847 4812 sacra
1871 4770 2103 4812 Scriolum
2121 4771 2218 4812 dis.

664 4766 832 4829 urbem
855 4777 977 4813 anno
993 4779 1118 4829 nono
1139 4766 1319 4828 captam
1339 4766 1458 4829 esse
1477 4766 1655 4829 dicunt,
1669 4779 1695 4815 a
1716 4779 1847 4816 saera
1871 4770 2104 4829 Scriptura
2121 4771 2219 4817 dis-

661 4825 863 4890 cedu’nt,
883 4837 991 4885 qua:
1025 4827 1071 4874 id
1109 4825 1232 4890 anno
1276 4826 1738 4890 Nabuchodonosor-is
1782 4825 2216 4890 partim'septimo,

724 4841 863 4883 Olllll,
883 4841 991 4885 quae
1025 4841 1071 4874 ια
1109 4841 1232 4875 anno
1276 4841 1738 4876 nauucnoaonosorts
1781 4841 1952 4936 [Zagrum
1993 4841 2216 4890 septimo,

724 4887 832 4934 rtim
855 4893 1021 4951 octavo
1043 4888 1465 4951 contigisserel'ert
1483 4894 1661 4951 Jcrem.
1680 4888 1754 4951 52,
1845 4927 1856 4945 ,
1883 4889 1913 4936 4
1936 4896 2047 4951 Reg.
2066 4890 2220 4949 24,12

686 4947 1013 5010 nequeenim
1052 4947 1156 5010 haec
1176 4946 1269 5010 duo
1294 4946 1415 5005 loca,
1469 4948 1594 5010 quod
1619 4950 1862 4998 existimat
1884 4946 2220 5010 usserius.’se-

680 5006 903 5071 ungenda
927 5019 1035 5071 esse
1051 5008 1292 5071 arbitror).
1317 5006 1723 5071 lterum'errorum
1747 5009 1969 5071 exempla
1994 5012 2040 5060 in
2063 5011 2218 5060 'rbeo-

659 5067 830 5115 doreto
853 5067 1137 5133 [tralatione
1152 5069 1199 5115 in
1224 5067 1620 5133 Fueliiclem,_in
1647 5077 1805 5119 Graeca
1832 5067 2095 5132 temporum
2119 5075 2221 5133 Epi-

664 5135 813 5202 tome,
827 5141 966 5202 quam
984 5129 1218 5202 Josepli_us
1238 5129 1447 5202 scaliger
1465 5130 1519 5202 ad
1539 5129 1766 5202 Chronica
1790 5129 1974 5202 Eusebii
1992 5129 2214 5202 attexuit,

660 5195 709 5236 et
735 5189 781 5234 in
822 5189 1036 5248 ejusdem
1067 5189 1292 5249 Sealigevi
1322 5189 1826 5238 animadversionilms.
1862 5199 2095 5241 Praeterea
2128 5189 2219 5241 He-

663 5249 820 5295 brmos
845 5246 1013 5297 eadem
1049 5257 1157 5312 nota
1178 5246 1436 5312 designare
1474 5249 1640 5298 solitos
1668 5264 1917 5298 numerum
1938 5253 2218 5312 secundum,

665 5314 716 5373 et
753 5320 1009 5373 numerum
1042 5309 1118 5365 12,
1153 5317 1234 5358 aut
1255 5309 1408 5366 fallor,
1432 5319 1514 5358 aut
1554 5323 1720 5373 verum
1753 5325 1847 5359 non
1873 5320 1948 5359 est
1973 5326 1984 5359 :
2005 5309 2221 5373 quamvis

663 5370 762 5416 lteri
790 5372 998 5427 potuerit
1021 5377 1071 5418 ut
1105 5375 1163 5422 ει·
1199 5379 1460 5419 mutaretur
1486 5375 1530 5419 in
1566 5380 1622 5432 :1,
1641 5372 1801 5420 deleta
1825 5381 1905 5420 aut
1922 5370 2094 5421 detrita
2113 5373 2221 5422 lite-

660 5436 760 5483 rnla
787 5440 823 5486 τ.
851 5439 1066 5501 Denique
1081 5438 1144 5487 de
1166 5441 1508 5499 exscriptorum
1535 5447 1692 5489 errato
1711 5441 1990 5488 incredibile
2015 5442 2127 5489 mibi
2149 5442 2215 5501 fit,

660 5510 769 5544 cum
795 5507 844 5547 et
873 5506 1040 5548 textus
1058 5501 1316 5548 Hebraicus
1339 5508 1388 5548 et
1425 5514 1592 5549 omnes
1632 5503 1878 5549 versiones
1900 5504 2215 5551 consentiant.

661 5561 838 5607 Nemini
874 5571 992 5621 ergo
1026 5561 1238 5622 dubium,
1264 5572 1373 5608 esse
1413 5569 1569 5622 potest
1609 5563 2111 5611 Rabuchodonosorem
2131 5564 2220 5612 hoc

657 5622 891 5682 somnium
915 5631 1037 5682 anno
1064 5621 1274 5670 secundo
1297 5621 1441 5682 regni
1459 5623 1531 5669 sui
1572 5623 1745 5669 vidisse
1769 5637 1780 5670 :
1810 5636 1902 5669 non
1926 5623 2118 5682 quidem
2146 5625 2218 5682 (ιιι

658 5679 959 5752 Tlieodereto
983 5679 1169 5752 placet)‘
1183 5679 1541 5752 secundoillius
1561 5686 1820 5752 regnique
1842 5679 2107 5752 cnni‘patre
2131 5679 2217 5730 ini-

659 5740 862 5812 peravit,
887 5751 980 5790 nec
999 5740 1073 5809 (ut
1097 5740 1234 5812 vetns
1258 5740 1472 5790 sebolion
1494 5740 1676 5812 liabet)
1698 5740 1824 5812 illius
1850 5740 1985 5812 quod
2001 5752 2104 5803 post
2128 5759 2216 5812 cv-

658 5803 1001 5861 pugnationem
1033 5804 1234 5852 civitatis
1269 5815 1324 5850 ac
1361 5801 1524 5863 templi
1570 5801 1850 5857 obtinuerit,
1871 5801 1975 5854 sed
2001 5801 2217 5853 securum

1398 423 1456 480 S.
1494 421 1769 480 JOANNIS
1791 417 2256 477 CIIRYSOSTOMI
2294 419 2610 481 ARCHIEP.
2646 422 3176 481 CONSTANTINOP.

3809 439 3923 494 200

2345 533 2539 601 lerant,
2566 541 2621 590 et
2649 534 2734 588 illa
2761 549 2902 589 anno
2929 548 3071 590 nono
3095 543 3392 608 expugnata
3430 535 3525 593 fuit
3556 555 3569 591 :
3599 540 3700 596 iste
3739 555 3911 599 anuus

2341 622 2690 678 duodecimus
2736 634 2835 679 est.
2877 623 3102 691 Quidam
3140 625 3322 681 dicunt
3370 628 3554 684 eadem
3604 641 3728 686 nota
3771 635 3908 702 apud

2343 711 2594 766 llebrseos
2617 711 2758 767 hunc
2787 722 2842 767 et
2875 713 3025 768 illum
3053 728 3332 770 numerum
3373 720 3606 773 exarari.
3646 719 3908 778 Fortassis

2339 801 2498 854 etiam
2529 810 2760 855 erratum
2785 810 2866 856 est
2891 802 3272 871 exscriptorum
3304 827 3317 861 :
3348 807 3432 861 vel
3455 808 3690 863 secundo
3723 825 3904 865 revera

2339 903 2479 942 anno
2508 888 2655 958 pueri
2685 890 2903 947 exhibiti
2941 901 3085 946 sunt.
3138 892 3246 947 Sed
3294 894 3394 948 hoc
3427 898 3668 953 ultimum
3698 901 3906 958 ratione

2338 987 2504 1032 caret.
2548 977 2808 1034 Cmterum
2846 995 2934 1035 res
2960 981 3152 1037 accidit
3178 983 3462 1040 difﬁcilior.
3502 987 3750 1053 Quaenam
3775 1006 3904 1045 vero

2341 1067 2425 1120 illa
2471 1069 2592 1122 est?
2626 1068 2868 1124 Nescisse
2907 1085 3085 1140 regem
3127 1072 3393 1141 quodnam
3449 1075 3602 1131 fuerit
3637 1081 3900 1135 somnium

2337 1172 2513 1211 suum.
2543 1158 2610 1213 Et
2632 1158 2734 1213 hoc
2753 1159 3095 1228 providenter
3119 1163 3361 1233 contigit.
3391 1164 3497 1220 Nisi
3528 1167 3668 1223 enim
3699 1169 3750 1223 id
3778 1185 3902 1226 eve-

2339 1249 2527 1312 nisset,
2551 1263 2658 1303 non
2687 1250 3021 1318 apparuisset
3061 1251 3291 1309 Danielis
3337 1256 3613 1324 sapientia.
3651 1258 3901 1318 Videmus

2335 1339 2476 1393 enim
2502 1339 2642 1409 quod
2671 1340 2784 1411 ipse
2826 1348 3044 1396 vocatus
3081 1341 3285 1406 luisset,
3317 1353 3369 1401 et
3398 1344 3450 1400 id
3486 1348 3625 1418 quod
3665 1348 3898 1406 futurum

2336 1439 2451 1484 erat
2476 1430 2730 1495 dixisset;
2761 1430 3024 1488 dixissent
3059 1431 3219 1488 etiam
3250 1432 3502 1491 Chaldmi.
3549 1437 3744 1496 Verum
3773 1457 3898 1499 cum

2339 1530 2559 1575 eventus
2590 1533 2822 1590 praesens
2860 1535 2968 1574 non
2999 1529 3175 1586 esset,
3207 1523 3326 1591 quis
3374 1538 3563 1591 verax,
3593 1529 3710 1596 quis
3748 1546 3900 1586 men-

2336 1610 2440 1665 dax
2493 1611 2725 1666 creditus
2762 1610 2991 1666 fuisset?
3041 1613 3110 1667 Et
3159 1612 3262 1668 hoc
3318 1630 3414 1686 per
3465 1617 3563 1671 alia
3598 1622 3900 1679 examinare

2335 1709 2566 1770 oportet.
2596 1700 2770 1774 Ipsum
2809 1709 2986 1756 autem
3011 1703 3273 1757 somnium
3301 1705 3354 1759 in
3386 1707 3612 1762 medium
3642 1711 3900 1779 produca-

2337 1797 2460 1842 tur:
2493 1790 2633 1844 dicat
2683 1789 2866 1845 Daniel
2915 1805 3034 1861 qua
3062 1793 3373 1862 respondit;
3417 1800 3678 1853 contraria
3718 1800 3900 1860 dicant

2333 1878 2588 1933 Chaldaei.
2613 1879 2765 1935 Unde
2791 1881 3127 1936 manifestum
3159 1883 3248 1941 (iet
3278 1884 3546 1941 Danielem
3574 1890 3656 1944 vel
3683 1893 3896 1948 mentiri

2332 1969 2414 2022 vel
2443 1982 2566 2022 vera
2592 1969 2774 2024 dicere
2799 1969 2822 2024 ?
2862 1968 2978 2024 Jam
3008 1970 3170 2040 igitur
3196 1973 3558 2042 probationem
3583 1978 3688 2033 dat.
3728 1984 3798 2036 At
3841 1984 3895 2039 in

2333 2056 2567 2126 Josepho
2588 2073 2674 2115 res
2696 2073 2763 2114 eo
2795 2059 2956 2114 modo
2985 2072 3201 2130 peracta
3230 2077 3335 2117 non
3364 2074 3464 2131 est,
3495 2067 3589 2121 sed
3629 2072 3895 2128 somnium

2337 2150 2570 2205 narravit
2599 2150 2806 2206 Pharao
2831 2169 2845 2206 :
2892 2167 3057 2222 prope
3084 2154 3227 2207 enim
3274 2164 3389 2210 erat
3415 2166 3620 2227 tempus
3643 2170 3890 2216 eventus.

2331 2239 2695 2295 Admiratione
2717 2250 2893 2296 autem
2922 2242 3140 2312 dignum
3167 2252 3270 2308 est,
3289 2246 3557 2314 quomodo
3579 2247 3630 2302 in
3660 2248 3895 2320 Egypto

2333 2331 2531 2399 lingere
2555 2331 2753 2400 aliquid
2793 2332 3062 2387 noluerint
3092 2334 3357 2401 sapientes
3375 2335 3894 2406 [Egyptiorummnm

2332 2420 2533 2476 nullum
2574 2423 2696 2477 inde
2741 2424 3033 2491 periculum
3061 2425 3188 2478 oriri
3216 2427 3486 2494 potuisset,
3514 2429 3606 2484 sed
3631 2429 3758 2485 fassi
3783 2432 3895 2486 sint

2329 2524 2389 2564 se
2419 2510 2640 2565 hmrere.
2674 2511 2823 2578 Quod
2867 2514 2911 2567 si
2950 2515 3157 2568 somnia
3201 2515 3489 2583 dijudicare
3530 2519 3807 2584 nesciant,
3838 2522 3892 2575 in

2327 2615 2431 2670 qua
2462 2616 2520 2656 re
2540 2603 2640 2656 aiia
2671 2603 2773 2658 illis
2797 2605 3122 2659 credendum
3153 2607 3272 2662 est?
3296 2609 3542 2676 Alioquin
3573 2620 3748 2666 autem
3780 2612 3892 2668 illic

2328 2708 2431 2747 non
2457 2694 2736 2763 oportebat
2775 2695 2826 2749 id
2854 2695 2967 2750 ﬁeri
3000 2710 3015 2747 :
3046 2706 3101 2751 at
3142 2697 3192 2753 in
3230 2700 3502 2767 prophetia
3535 2702 3749 2773 Josephi
3777 2721 3894 2759 ma-

2327 2783 2517 2838 nifesto
2555 2785 2742 2838 factum
2774 2794 2877 2851 est,
2907 2793 2962 2840 et
2989 2787 3221 2842 maxime
3259 2789 3309 2842 in
3336 2791 3610 2846 eunuchis.
3651 2794 3888 2848 Observa

2327 2883 2504 2926 autem
2539 2873 2680 2941 quod
2709 2873 2940 2927 Chaldmi
2972 2889 3078 2928 non
3128 2887 3388 2934 vocarunt
3437 2878 3746 2945 Danielem;
3792 2887 3889 2937 Sed

2327 2964 2629 3018 maluerunt
2655 2964 2789 3018 mori
2815 3005 2830 3028 ,
2857 2980 3016 3033 quam
3048 2967 3194 3019 illum
3223 2983 3470 3023 sermone
3500 2973 3768 3025 hominum
3799 2989 3891 3025 (τικ-

2325 3052 2584 3107 lebratum
2634 3055 2850 3108 intueri.
2899 3054 3160 3124 Numquid
3211 3055 3329 3111 ideo
3376 3065 3574 3113 tantum
3624 3063 3889 3117 somnium

2324 3145 2492 3201 visum
2535 3144 2738 3211 fuerat,
2780 3154 2836 3198 ut
2883 3146 3065 3200 Daniel
3107 3149 3502 3215 suspiceretnr?
3546 3150 3597 3204 Id
3639 3155 3887 3221 equidem

2325 3250 2428 3290 non
2474 3235 2720 3290 dixerim.
2776 3235 3101 3306 Quamquam
3146 3237 3269 3291 licet
3316 3253 3376 3292 ea
3416 3238 3686 3296 dumtaxat
3725 3259 3886 3298 causa

2325 3324 2546 3390 fuisset,
2579 3341 2823 3394 magnum
2869 3336 3013 3380 certe
3055 3333 3108 3379 et
3151 3326 3633 3383 admirabileesset
3659 3329 3884 3397 facinus,

2324 3423 2519 3468 tantam
2552 3415 2646 3470 Dei
2684 3415 3003 3484 agnitionem
3044 3417 3350 3486 contigisse.
3387 3418 3454 3472 At
3483 3435 3586 3473 non
3620 3421 3731 3475 hate
3770 3424 3886 3477 sola

2325 3503 2457 3558 ratio
2486 3504 2598 3558 fuit.
2625 3503 2874 3570 Qurenam
2900 3504 3058 3572 igitur
3076 3505 3220 3558 alia?
3249 3504 3313 3559 Ut
3335 3515 3388 3560 et
3405 3506 3890 3565 Nabuchodonosor

2324 3593 2613 3647 modestius
2654 3593 2720 3647 de
2749 3608 2808 3648 se
2836 3595 3088 3660 sentiret,
3120 3595 3337 3649 edoctus
3366 3611 3468 3650 non
3495 3612 3702 3665 semper
3729 3614 3887 3655 suum

2320 3700 2484 3754 genus
2501 3684 2891 3738 dominaturum
2922 3683 2998 3756 (si
3027 3687 3168 3740 enim
3197 3686 3356 3741 etiam
3388 3698 3502 3756 post
3531 3689 3614 3742 illa
3639 3705 3755 3758 qure
3783 3691 3887 3760 ipsi

2319 3775 2458 3828 dicta
2487 3783 2630 3838 sunt,
2656 3773 2781 3827 nihil
2803 3772 2966 3828 iustus
2991 3774 3215 3839 remisit,
3242 3774 3406 3829 multo
3429 3777 3592 3846 magis
3619 3779 3662 3831 si
3686 3793 3747 3832 ea
3784 3779 3886 3848 ipsi

2320 3866 2459 3920 dieta
2483 3880 2584 3919 non
2615 3864 2891 3935 fuissent);
2923 3876 3180 3934 praeterea
3211 3875 3267 3920 ut
3309 3867 3467 3920 Deum
3497 3869 3730 3922 omnium
3762 3883 3889 3925 esse

2324 3954 2600 4008 Dominum
2647 3963 2972 4022 agnosceret.
3021 3953 3453 4025 Quandoquidem
3481 3958 3620 4010 enim
3663 3959 3889 4011 somniis

2319 4047 2583 4116 praecipue
2610 4044 2910 4110 studebant,
2935 4044 3130 4098 idcirco
3156 4044 3250 4098 ista
3274 4056 3581 4100 evenerunt.
3607 4046 3737 4101 lline
3765 4048 3889 4101 illus

2320 4137 2390 4190 de
2418 4136 2604 4191 futuris
2632 4135 2912 4206 persuadet
2940 4145 3033 4190 :et
3061 4137 3308 4206 quoniam
3340 4141 3564 4192 maxime
3587 4139 3656 4192 ob
3679 4138 3887 4193 futuro.

2319 4241 2433 4280 rum
2462 4227 2842 4294 przescientiam
2865 4226 2996 4280 deos
3015 4225 3421 4282 venerabantur.
3453 4226 3661 4282 Etenim
3688 4243 3881 4284 omnes

2319 4317 2528 4371 illorum
2554 4317 2829 4385 prmstigia:
2859 4317 2907 4369 in
2935 4331 3000 4371 eo
3028 4317 3237 4386 negotio
3263 4317 3623 4372 versabantur.
3651 4319 3735 4373 13.
3760 4337 3778 4368 ι
3814 4319 3883 4374 lit

2319 4407 2577 4461 sententia
2601 4421 2808 4474 egressa
2828 4415 2930 4469 est,
2957 4415 3012 4458 et
3038 4407 3303 4475 sapientes
3325 4406 3885 4478 interiiciebantur(a);

2321 4509 2374 4553 et
2405 4498 2582 4552 Daniel
2610 4497 2872 4566 amicique
2911 4495 3028 4564 ejus
3065 4497 3436 4566 quaerebantur
3453 4498 3518 4552 ad
3554 4513 3758 4553 necem.
3789 4500 3884 4554 14.

2319 4591 2467 4647 Tune
2485 4590 2663 4644 Daniel
2686 4588 2957 4657 respondit
2981 4589 3264 4643 consilium
3291 4599 3346 4643 et
3371 4591 3685 4644 sententiam
3720 4590 3885 4644 Ario-

2322 4683 2421 4736 cho
2451 4681 2671 4750 principi
2705 4693 2993 4749 coquorum
3030 4680 3190 4749 regis,
3219 4679 3309 4749 qui
3339 4694 3583 4750 egressus
3620 4680 3789 4735 fuerat
3813 4681 3886 4736 ad

2319 4770 2710 4825 interﬁciendos
2735 4769 3006 4838 sapientes
3029 4767 3335 4840 Babylonis.
3366 4771 3453 4825 15.
3496 4770 3564 4824 Ει
3593 4770 3887 4840 interroga-

2319 4863 2408 4918 bat
2446 4878 2565 4918 eum
2589 4862 2770 4916 dicens
2794 4878 2808 4915 :
2833 4861 3088 4931 Princeps
3116 4861 3278 4931 regis,
3299 4862 3644 4932 quamobrem
3665 4876 3886 4932 egressa

2320 5014 2605 5064 monarcbim
2626 5015 2670 5078 in
2695 5011 2921 5074 plurimas
2942 5019 3118 5078 gentes
3136 5014 3374 5064 exstincto
3392 5015 3756 5078 sabopolassaro
3778 5027 3890 5077 par-

2320 5085 2411 5134 un;
2437 5088 2545 5136 quae
2568 5075 2821 5122 multorum
2844 5074 3084 5121 sententia
3109 5081 3200 5122 est.

2383 5137 2453 5197 (α)
2485 5136 2860 5184 Theodoretus:
2907 5147 3127 5196 τυραννικὸν,
3172 5147 3252 5183 ἀλλ’
3276 5147 3317 5184 οὗ
3357 5148 3535 5195 βασιλικὸν
3587 5148 3630 5184 τι
3676 5147 3889 5198 ινχιιριμ,

2319 5205 2443 5248 ἆδυην
2465 5215 2643 5258 προφανῶς
2671 5208 2730 5243 ιαὶ
2752 5203 2974 5253 δικαιοσύνης
2998 5205 3137 5256 lpqpav'
3170 5205 3360 5258 ἆλαζᾳσιιίι
3382 5209 3446 5258 γὰρ
3467 5213 3526 5258 ut
3673 5209 3891 5258 προσλαϐὸν

2321 5255 2505 5312 Edwin,
2541 5255 2681 5318 me”.
2713 5271 2908 5318 μηχανιξται
2942 5255 3027 5318 Δ«ωῒιξ
3069 5266 3233 5314 inquam;
3273 5255 3461 5313 Ῐωδιίοιξ.
3504 5256 3576 5303 ΑΩ
3597 5255 3892 5318 ξιεςειιάιιηι

2320 5327 2524 5375 ωνδαεοις
2560 5314 2859 5378 cogitemus?
2895 5315 3102 5364 Fdietmn
3136 5318 3314 5378 quippe
3339 5330 3430 5364 nun
3455 5319 3503 5364 in
3524 5314 3709 5365 Judaaos
3732 5319 3893 5378 prola-

2321 5389 2420 5446 tum
2446 5387 2566 5446 erat,
2586 5378 2671 5425 sed
2696 5378 2742 5423 in
2765 5377 3011 5436 sapientes
3036 5377 3490 5446 galiylonios,_iiiter
3511 5387 3632 5446 quos
3649 5377 3787 5439 pauci
3809 5387 3895 5428 Ju-

2319 5439 2428 5488 dzei.
2454 5441 2702 5498 sapientes
2723 5435 2882 5484 autem
2906 5435 3066 5498 Strculi
3102 5435 3261 5498 dictos
3289 5437 3437 5498 fuisse
3461 5435 3671 5494 nam
3701 5448 3892 5491 constat

2322 5503 2466 5561 etiam
2492 5497 2552 5546 ex
2579 5499 2785 5561 Origene
2810 5497 3003 5561 Humilia
3023 5506 3162 5561 sexta
3182 5503 3228 5545 et
3249 5497 3307 5545 14
3332 5500 3375 5561 in
3393 5499 3632 5545 Genesim.
3651 5499 3892 5561 Quidquid

2320 5562 2399 5616 sit,
2428 5560 2558 5620 locus
2601 5557 2887 5620 Theodoreti
2924 5559 2994 5606 sic
3026 5559 3428 5620 interpretandus
3455 5566 3560 5606 est:
3588 5557 3896 5620 Proposiitmt

2323 5618 2601 5679 tyrannicar,
2623 5630 2722 5679 non
2745 5618 2891 5679 regite
2914 5617 3129 5679 potestati
3146 5615 3526 5679 adscribeudimt,
3546 5615 3770 5679 aequitate
3792 5621 3895 5669 eri-

2358 5675 2487 5727 entes
2512 5678 2782 5727 destitutum
2798 5675 2820 5727 ’ὲ
2840 5675 3021 5726 vanitas
3043 5677 3168 5725 enim
3191 5675 3478 5738 et_superbiu
3501 5675 3777 5738 potestatem
3809 5683 3887 5730 Im

2324 5743 2481 5789 ventes
2512 5738 2812 5804 .odjttnctam,
2853 5738 3111 5804 perniciem
3150 5736 3407 5804 moliuntur
3446 5736 3647 5790 subditis
3685 5740 3900 5804 Jttda't's,

2329 5808 2409 5850 aut
2431 5796 2620 5858 melius,
2644 5796 2939 5849 subditorum
2957 5796 3263 5863 sapientibus.
