4112 6482
290 435 394 490 201

291 558 380 603 est
413 547 679 603 sententia
716 544 995 619 impudens
1048 548 1159 601 haec
1196 562 1224 601 a
1268 546 1398 601 facie
1428 546 1602 616 regis?
1639 564 1656 595 ι
1704 544 1860 600 Vides

298 638 610 691 libertatem
632 637 658 688 ?
688 637 835 691 vides
876 636 1275 690 fortitudinem?
1318 637 1381 691 ad
1413 637 1555 690 illum
1587 636 1671 703 qui
1718 634 1859 689 occi-

294 730 465 783 dendi
488 738 802 798 potestatem
832 728 1052 782 habebat
1071 728 1239 797 qualia
1260 728 1519 796 loquitur?
1543 728 1708 780 Etiam
1731 727 1862 779 alio-

303 834 429 872 rum
472 818 641 873 vicem
672 818 834 871 dolet.
880 817 992 871 Non
1023 817 1179 871 habet
1225 818 1508 881 rationem,
1541 816 1733 885 inquit,
1765 831 1860 869 nec

298 925 561 973 causam;
604 924 775 978 neque
805 909 940 963 ullus
965 909 1111 963 color
1147 909 1316 963 edicto
1338 909 1538 975 adjacct
1577 924 1590 958 :
1623 908 1860 960 homines

297 1003 448 1056 enim
476 1002 734 1069 ejusmodi
795 1000 1120 1070 impudentes
1166 1002 1393 1054 solemus
1432 999 1712 1067 appellare.
1771 997 1855 1051 16.

302 1111 324 1143 ε
381 1094 626 1147 lndicavit
667 1102 839 1146 autem
884 1092 1136 1147 Ariochus
1156 1092 1355 1147 Danicli
1378 1090 1607 1145 verbum.
1639 1089 1702 1142 Et
1756 1089 1853 1141 Da-

298 1186 417 1238 niel
461 1199 702 1253 egressus
747 1193 867 1246 est;
896 1193 948 1237 et
991 1182 1189 1251 rogavit
1216 1196 1411 1249 regem,
1446 1191 1501 1233 ut
1528 1194 1730 1249 tempus
1759 1178 1856 1231 sibi

296 1276 478 1340 daret,
506 1286 559 1329 et
577 1276 932 1343 conjecturam
958 1273 1145 1327 somnii
1174 1272 1507 1325 annuntiaret
1536 1271 1663 1339 regi.
1698 1289 1716 1321 ι
1749 1270 1854 1323 Ad-

296 1366 500 1420 ntirare
526 1366 920 1433 permissionem
961 1362 1117 1431 regis.
1144 1361 1332 1429 Aspice
1359 1370 1415 1413 ut
1442 1375 1626 1413 omnes
1666 1360 1856 1427 ubique

297 1454 509 1509 Danieli
536 1455 917 1521 obtemperent.
964 1453 1029 1504 At
1061 1452 1196 1504 unde
1225 1466 1314 1503 rex
1351 1450 1643 1517 suSpicatus
1677 1458 1755 1503 est
1790 1449 1865 1501 il-y

294 1544 417 1599 lum
448 1558 566 1597 vera
592 1544 808 1597 dicere?
838 1557 997 1612 quare
1044 1557 1146 1595 non
1187 1540 1317 1594 dixit
1349 1555 1364 1593 :
1398 1540 1631 1594 Universi
1666 1538 1854 1606 depre-

296 1634 458 1687 hensi
489 1641 608 1687 sunt
635 1648 698 1689 ac
724 1634 969 1698 convicti,
998 1632 1122 1686 fassi
1155 1639 1275 1684 sunt
1304 1645 1413 1683 rem
1441 1644 1557 1684 esse
1584 1643 1740 1696 supra
1764 1642 1854 1681 na-

294 1732 475 1776 turam
514 1722 829 1788 humanam;
864 1731 918 1777 et
942 1731 999 1775 tu
1026 1722 1114 1791 qui
1150 1721 1405 1775 barbarus
1430 1735 1487 1775 es
1509 1758 1524 1785 ,
1548 1719 1686 1773 unde
1707 1728 1853 1788 putas

296 1822 357 1866 te
400 1827 551 1881 posse
579 1813 895 1865 incolumem
923 1826 983 1865 ac
1010 1811 1331 1879 superiorem
1371 1809 1631 1863 evadere?
1661 1808 1852 1863 Verum

292 1901 397 1955 ubi
450 1902 585 1953 Deus
623 1915 711 1953 res
754 1900 1023 1968 dispensat
1059 1908 1111 1952 et
1135 1906 1412 1967 praeparat,
1440 1896 1569 1951 nihil
1597 1897 1848 1966 ambigas.

291 1991 546 2058 Alioquin
574 2000 626 2043 et
669 1990 797 2043 citra
848 1989 1136 2057 periculurn
1184 1996 1297 2043 erat
1345 1988 1410 2042 ad
1461 2003 1634 2057 regem
1673 1998 1852 2056 postea

291 2080 500 2133 venire.
554 2080 657 2133 Cur
701 2090 873 2133 autem
918 2094 1019 2132 non
1073 2079 1213 2133 illico
1266 2078 1408 2132 Deus
1453 2078 1649 2133 Danieli
1706 2093 1850 2132 som-

291 2169 447 2221 nium
494 2169 778 2222 revelavit?
828 2168 1052 2221 Primum
1097 2166 1303 2238 quidem
1348 2176 1404 2221 ut
1450 2182 1535 2222 res
1581 2168 1850 2222 manifesta

293 2260 490 2320 fieret,
535 2268 586 2310 et
609 2257 759 2309 utilli
803 2257 853 2309 in
894 2272 1075 2327 magna
1115 2259 1425 2313 necessitate
1469 2260 1850 2313 constitueren~

292 2359 408 2400 tur.
458 2347 586 2400 Nam
641 2348 738 2401 etsi
785 2347 1034 2416 propheta
1085 2357 1254 2412 esset,
1302 2357 1533 2402 attamen
1590 2350 1849 2404 somnium

296 2436 601 2505 ignorabat.
653 2436 853 2490 Rursus
906 2438 994 2492 tibi
1037 2454 1093 2492 se
1139 2454 1230 2505 per
1275 2440 1415 2493 viros
1473 2440 1642 2510 jUleS
1696 2456 1849 2496 excu-

290 2535 405 2590 sat,
444 2526 726 2580 ostendens
760 2527 898 2596 quod
935 2529 979 2581 si
1027 2528 1129 2583 illis
1158 2529 1525 2597 periclitaturis
1566 2532 1691 2586 nihil
1733 2547 1850 2586 con-

290 2617 458 2671 cessit
490 2617 685 2686 absque
730 2632 881 2685 prece
928 2620 1301 2686 perseveranti,
1332 2622 1495 2674 multo
1544 2622 1715 2675 minus
1757 2623 1847 2675 tihi

290 2708 461 2762 dabit.
511 2709 729 2775 Pmptcr
780 2708 878 2763 hoc
920 2711 1110 2779 ubique
1157 2711 1344 2764 Paulus
1385 2713 1613 2778 postulat
1644 2727 1844 2779 preces,

293 2798 532 2850 Orationi
551 2801 823 2851 msistentes
843 2800 1010 2868 (Rom.
1045 2801 1128 2855 12.
1150 2802 1256 2871 12),
1281 2803 1534 2856 scribens.
1564 2802 1675 2857 Non
1706 2805 1844 2858 enim

288 2884 491 2939 sufﬁcit
540 2886 641 2938 vita
691 2902 839 2953 pura,
886 2888 982 2941 nisi
1035 2890 1190 2942 etiam
1239 2889 1375 2943 adsit
1419 2892 1605 2945 oratio.
1656 2892 1845 2960 Aspice

286 2974 487 3027 iterum
510 2974 725 3028 multam
756 2975 893 3029 illius
921 2978 1092 3032 ﬁdem.
1125 2978 1420 3035 Secundum
1453 2993 1715 3037 certamen
1747 2987 1844 3040 hoc

287 3071 413 3115 est:
442 3072 493 3115 et
518 3062 690 3117 adhuc
732 3065 909 3118 Daniel
958 3076 1144 3133 praeest
1181 3083 1242 3120 ac
1275 3072 1534 3138 negotium
1584 3072 1741 3133 ducit.
1791 3086 1844 3128 et

288 3159 501 3217 tempus
524 3152 649 3220 petit
672 3151 743 3223 (a)
772 3162 947 3221 aptum
979 3156 1039 3209 ad
1072 3158 1286 3210 multam
1309 3159 1630 3214 tolerantiam
1685 3174 1843 3233 atque

286 3243 604 3296 orationem.
637 3245 897 3312 PrOpheta
932 3262 1032 3299 non
1084 3250 1375 3316 postulabat
1404 3252 1575 3304 statim
1631 3256 1796 3308 audiri
1828 3274 1839 3309 :

285 3347 389 3386 rex
416 3332 720 3387 beneﬁcium
766 3336 978 3404 largitus
1026 3348 1127 3404 est,
1161 3340 1390 3408 illudque
1440 3343 1845 3399 commnuicwit

283 3436 412 3476 cum
453 3423 632 3477 amicis
661 3439 722 3478 ac
761 3426 916 3479 sociis
968 3427 1212 3483 Danielis.
1273 3431 1355 3485 l9.
1392 3451 1408 3483 ‹
1445 3432 1592 3486 Tunc
1640 3435 1837 3489 Danieli

281 3512 597 3581 mysterium
620 3514 903 3569 revelatum
933 3525 1011 3571 est
1036 3520 1085 3570 in
1117 3520 1313 3575 visione
1337 3506 1521 3577 nocti§.
1556 3525 1619 3578 Et
1663 3526 1839 3581 Daniel

282 3598 560 3653 benedixit
590 3601 748 3656 Deum
779 3605 911 3669 caeli,
967 3607 1052 3660 20.
1094 3623 1154 3663 ac
1198 3609 1329 3663 dixit
1357 3629 1368 3663 :
1396 3612 1472 3666 Sit
1506 3630 1696 3669 nomen
1746 3617 1836 3670 Dei

282 3688 619 3744 benedictum
649 3707 676 3744 a
705 3695 915 3757 smculo,
945 3706 995 3750 ct
1025 3712 1186 3767 usque
1208 3700 1258 3753 in
1281 3703 1548 3768 swculum,
1574 3705 1692 3773 quia
1725 3706 1840 3774 ejus

280 3785 371 3829 est
392 3778 639 3844 sapientia
658 3789 709 3833 et
739 3782 1073 3854 intelligentia
1100 3796 1151 3841 et
1188 3788 1456 3844 fortitudo.
1493 3792 1581 3845 21.
1619 3794 1687 3849 Et
1724 3796 1836 3864 ipse

281 3872 457 3917 mutat
482 3874 713 3935 tempora
757 3881 808 3924 et
828 3882 1026 3939 aetates,
1058 3877 1325 3931 constituit
1351 3896 1499 3949 reges
1545 3898 1607 3937 ac
1642 3885 1832 3951 aufert,

279 3956 422 4009 dans
445 3960 747 4027 sapientiam
779 3964 1118 4031 sapientibus,
1149 3975 1199 4020 et
1250 3970 1575 4035 prudentiam
1617 3974 1719 4028 illis
1744 3978 1835 4044 qui

280 4058 470 4116 petunt
500 4052 836 4106 intellectum.
860 4054 950 4107 22.
978 4055 1093 4124 ipse
1118 4059 1310 4113 revelat
1347 4063 1596 4129 profunda
1636 4074 1689 4119 et
1710 4067 1833 4121 abs-

277 4138 514 4204 condita,
561 4155 880 4208 cognoscens
926 4159 1043 4213 quae
1096 4148 1147 4200 in
1198 4150 1423 4204 tenebris
1464 4154 1833 4211 exsistuntzet

279 4226 375 4279 lux
403 4241 516 4280 cum
547 4230 661 4297 ipso
688 4240 784 4284 est.
827 4233 915 4286 25.
966 4234 1117 4299 Tibi,
1150 4237 1285 4290 Deus
1329 4249 1531 4306 patrum
1572 4258 1829 4309 meorum,

277 4317 558 4383 conﬁteor,
588 4330 640 4375 te
668 4321 839 4385 laudo,
869 4324 989 4392 quia
1013 4326 1319 4394 sapientiam
1347 4339 1401 4383 et
1439 4331 1828 4402 intelligentiam

276 4405 473 4460 dedisti
497 4408 621 4461 mihi
651 4427 663 4462 :
688 4419 894 4467 etnunc
919 4423 1037 4467 nota
1058 4414 1222 4469 fecisti
1249 4416 1372 4469 mihi
1399 4434 1513 4485 qua:
1537 4424 1832 4490 rogavimus

279 4508 353 4553 te.
394 4516 413 4549 ι
458 4498 699 4554 Nondum
744 4503 1017 4559 manifeste
1068 4506 1168 4575 ipsi
1214 4510 1497 4565 revelatum
1550 4523 1678 4579 erat,
1738 4517 1828 4570 sed

274 4587 453 4641 adhuc
506 4590 557 4643 in
584 4592 784 4647 visione
814 4609 828 4646 :
859 4609 976 4648 nam
1007 4608 1386 4664 prmexercetur
1404 4602 1672 4670 propheta.
1704 4605 1831 4661 Vide

272 4690 457 4732 autem
499 4681 634 4735 illius
664 4681 925 4747 fiduciam,
977 4686 1219 4750 Quanam
1265 4699 1336 4741 est
1360 4693 1617 4757 sententia,
1641 4695 1826 4763 inquit,

272 4771 541 4839 impudens
577 4773 724 4826 tunc?
752 4774 873 4827 Mihi
919 4777 1126 4845 quidem
1170 4777 1375 4831 videtur
1407 4782 1562 4835 etiam
1605 4794 1724 4838 ante
1752 4799 1830 4838 so.

273 4862 481 4917 mnium
504 4863 765 4917 inventum
788 4881 814 4917 a
838 4867 979 4921 caede
993 4868 1287 4922 cohibuisse
1308 4870 1610 4937 magistrum
1636 4888 1830 4943 coquo—

272 4966 421 5016 rum,
446 4962 549 5005 tum
578 4953 859 5023 inemptum
884 4955 1193 5021 accusando,
1214 4965 1321 5010 tum
1349 4958 1638 5025 pollicendo
1663 4976 1721 5016 se
1747 4979 1829 5017 re-

272 5052 549 5111 perturum
572 5042 880 5096 calamitatis
904 5045 1237 5099 solutionem.
1261 5046 1367 5100 Cur
1392 5061 1517 5115 ergo
1539 5050 1824 5105 revelatum

271 5139 360 5185 est
415 5129 646 5183 Danieli?
674 5130 803 5196 Quia
830 5132 969 5186 enim
1009 5144 1091 5188 est
1127 5137 1283 5189 etiam
1319 5136 1454 5190 inter
1507 5139 1649 5191 viros
1698 5154 1823 5194 sau-

270 5232 396 5277 ctos
444 5223 773 5286 excellentia,
816 5223 933 5278 ideo
986 5225 1169 5280 Daniel
1242 5228 1536 5296 prtefertur.
1573 5230 1639 5283 Et
1696 5248 1828 5300 quo-

270 5311 435 5367 modo
456 5313 616 5367 vidit?
636 5312 702 5366 In
731 5314 932 5379 visione,
979 5315 1172 5383 inquit;
1197 5330 1298 5369 non
1325 5317 1607 5371 secundum
1638 5319 1817 5372 huma-

271 5405 745 5474 namsapientiam.
791 5403 857 5457 Et
906 5405 1124 5473 pulchre
1175 5407 1228 5462 id
1271 5418 1420 5463 vocat
1474 5412 1820 5479 mysterium,

330 5599 399 5663 (a)
430 5601 697 5671 Prudenter
736 5598 1096 5671 Chrysostomtts
1128 5611 1179 5652 et
1215 5604 1539 5671 Theodoretus
1570 5609 1622 5671 ln_
1658 5618 1715 5655 ea
1738 5620 1819 5666 re,

361 5678 402 5712 ω
417 5676 552 5713 sacer
578 5667 846 5711 contextus
860 5662 1067 5716 reticuit.
1086 5667 1330 5725 negotium
1349 5667 1529 5715 habere
1546 5662 1819 5716 noluerunt.

264 5674 571 5772 ruentam;
590 5732 790 5772 temnis
810 5718 991 5772 deﬁnit.
1010 5734 1150 5771 unam
1169 5732 1383 5772 noctem:
1408 5728 1720 5772 Tertullinus
1743 5730 1819 5772 tri-

513 5740 571 5775 ιιε
590 5732 797 5785 tempus
810 5718 991 5777 deﬂuit.
1002 5718 1383 5785 unam'noctem;
1408 5728 1720 5777 Tcrtulliaaus
1743 5730 1821 5777 tri-

267 5726 323 5772 At
343 5726 571 5836 loco:th
590 5732 797 5789 ιεωικιε,
810 5726 991 5777 oetion,
1010 5734 1121 5769 Ima!

267 5789 401 5837 unum
469 5786 661 5846 osepbo
681 5781 850 5832 malim
869 5783 1121 5837 accedere.

1659 430 1719 485 ΙΝ
1761 428 2115 484 ΒΑΝΙΕΙΕΜ.

3416 451 3527 506 202

1967 542 2103 614 quod
2171 545 2235 599 ab
2274 546 2515 602 omnibus
2572 551 2921 619 ignorabatur.
2965 554 3030 608 Et
3075 556 3316 611 benedixit
3360 557 3518 611 Deum

1961 633 2088 685 cwli.
2158 633 2585 704 Qntnipotentcm
2658 640 2896 710 intelligit
2943 661 2955 695 :
3004 645 3051 698 id
3105 656 3217 709 est,
3259 662 3376 702 eum
3428 650 3515 717 qui

1962 722 2117 775 etiam
2142 724 2265 787 illic,
2317 726 2366 777 in
2398 726 2740 782 barbarorum
2792 733 3037 789 videlicet
3069 737 3300 805 regione,
3334 746 3515 805 potens

1960 820 2090 864 erat.
2144 812 2408 882 Nusquam
2462 818 2795 883 sacriﬁcium,
2850 832 2902 875 et
2954 826 3225 893 templum.
3273 837 3327 880 et
3380 828 3515 881 alta-

1961 914 2038 960 re,
2063 901 2152 954 sed
2174 903 2281 954 sola
2307 904 2439 959 bona
2463 908 2700 961 voluntas
2730 912 2907 964 aderat
2932 933 2944 979 ;
2981 924 3027 966 et
3074 916 3245 969 omnia
3294 932 3515 986 perage-

1962 987 2164 1043 bantur.
2190 993 2417 1048 Adverte
2443 1010 2560 1048 cum
2594 1008 2711 1065 pest
2732 1002 3032 1066 petitionem
3062 1016 3351 1072 acceptam,
3408 1022 3514 1061 non

1960 1079 2103 1147 prius
2131 1080 2193 1133 ad
2225 1083 2394 1136 aulam
2429 1087 2565 1154 regis
2591 1090 2903 1156 cucurrisse,
2948 1108 3101 1159 quam
3134 1094 3368 1149 beneﬁcii
3424 1098 3517 1151 da-

1958 1168 2057 1221 turi
2086 1172 2337 1225 maximas
2359 1174 2548 1243 egisset
2568 1178 2762 1245 gratias
2790 1195 2803 1231 :
2830 1195 2929 1233 non
2961 1182 3093 1236 sicut
3127 1198 3222 1237 nos
3243 1200 3383 1254 saepe
3407 1201 3516 1255 prre

1956 1257 2143 1325 gaudio
2168 1274 2540 1329 prosperorum
2584 1279 2919 1321 successuum
2942 1271 3097 1323 etiam
3145 1274 3322 1341 gratiae
3377 1275 3515 1329 refe—

1958 1335 2133 1398 reudze
2162 1348 2537 1406 obliviscimur.
2567 1355 2633 1408 At
2668 1370 2770 1409 non
2799 1358 2868 1410 ita
2902 1359 2999 1413 iste
3034 1376 3045 1412 :
3077 1377 3255 1415 verum
3302 1364 3515 1429 benedi-

1956 1434 2030 1487 xit
2059 1437 2240 1503 Deum,
2261 1448 2313 1492 et
2339 1441 2469 1495 dixit
2492 1461 2505 1497 :
2525 1444 2603 1498 Sit
2626 1448 2906 1501 nomenDei
2931 1451 3237 1506 benedictum
3258 1471 3288 1507 a
3308 1458 3505 1523 sweula,

1955 1535 1999 1578 et
2023 1544 2173 1595 usque
2195 1530 2243 1582 in
2266 1533 2517 1586 swcnlum.
2550 1534 2656 1590 Nos
2707 1539 2983 1607 siquidem,
3018 1541 3204 1611 inquit,
3249 1554 3508 1615 tempora-

1954 1619 2016 1669 ι·ἰὶ
2043 1628 2095 1672 ct
2125 1635 2406 1688 paucorum
2424 1640 2679 1681 annorum
2705 1644 2917 1695 sumus;
2948 1648 3049 1686 non
3074 1644 3244 1689 autem
3265 1653 3357 1705 pro
3377 1648 3509 1693 tem-

1955 1721 2083 1774 pore
2126 1710 2223 1766 hoc
2281 1722 2476 1768 tantum
2518 1731 2722 1771 sursum
2768 1720 3020 1776 mittimus
3071 1723 3504 1792 benedictionem,

1958 1797 2047 1849 sed
2079 1812 2172 1865 pro
2198 1800 2442 1856 universo
2468 1812 2706 1874 tempore
2739 1824 2751 1860 :
2783 1824 2883 1862 non
2913 1824 3006 1879 pro
3034 1826 3097 1866 eo
3124 1814 3238 1867 solo
3260 1830 3361 1883 quo
3378 1817 3509 1871 vivi-

1954 1900 2088 1950 mus,
2122 1887 2212 1941 sed
2258 1891 2415 1944 etiam
2454 1908 2549 1961 pro
2592 1895 2689 1949 hoc
2736 1897 2964 1965 quidem,
2994 1910 3045 1953 et
3087 1916 3181 1969 pro
3235 1904 3319 1956 illo
3367 1908 3504 1974 quod

1955 1979 2221 2043 prmteriit,
2252 1990 2303 2034 et
2343 1996 2439 2049 pro
2484 1982 2672 2037 futuro.
2726 1986 2943 2055 Semper
2987 1989 3149 2044 Deum
3198 1992 3505 2049 bent-dicere

1952 2076 2176 2135 oportet,
2207 2071 2316 2123 sive
2345 2072 2429 2125 ille
2450 2085 2715 2141 appareat,
2746 2079 2853 2130 sive
2881 2095 2981 2132 non
3008 2092 3270 2148 appareat.
3301 2084 3503 2154 Ubique

1950 2159 2088 2209 enim
2121 2159 2255 2212 illius
2276 2162 2598 2229 providentia
2625 2175 2837 2220 extensa
2885 2178 2980 2223 est.
3016 2170 3143 2224 Vide
3166 2181 3220 2225 ut
3262 2188 3354 2242 per
3379 2190 3501 2244 gra-

1952 2246 2137 2299 tiarum
2192 2251 2451 2304 actionem
2501 2254 2740 2308 ostendat
2783 2272 2989 2327 quoque
3041 2260 3148 2315 Deo
3203 2276 3501 2332 competere

1949 2336 2220 2391 scientiam
2238 2341 2579 2395 somniorum.
2603 2344 2733 2410 Quia
2753 2346 2857 2414 ejus
2877 2357 2945 2400 est
2967 2350 3207 2416 sapientia
3236 2362 3281 2404 et
3319 2355 3503 2407 intelli-

1948 2426 2113 2492 gentia
2136 2436 2181 2478 et
2199 2428 2434 2493 fortitudo
2460 2445 2478 2482 :
2506 2431 2603 2485 hoc
2650 2442 2748 2496 est,
2796 2436 2967 2509 omnia
3022 2440 3157 2492 scire
3205 2455 3267 2495 ac
3299 2457 3503 2511 praeno-

1950 2526 2115 2566 scere.
2145 2514 2239 2568 llic
2266 2518 2404 2569 enim
2433 2518 2556 2571 illud
2595 2521 2667 2573 ait
2696 2539 2709 2573 :
2742 2512 2899 2591 quod'
2930 2526 3127 2580 scilicet
3175 2529 3285 2597 ipse
3326 2534 3498 2588 omnia

1950 2604 2109 2668 novit,
2143 2614 2197 2658 et
2246 2608 2374 2660 nihil
2405 2610 2624 2678 ignorat.
2676 2612 2808 2679 Quid
2854 2616 3045 2684 igitur?
3095 2619 3215 2674 illud
3262 2627 3501 2678 tantum?

1947 2693 2182 2748 solamne
2211 2695 2367 2751 habet
2392 2702 2813 2767 prmscientiam?
2841 2707 2907 2759 Et
2954 2724 3059 2762 nun
3103 2710 3251 2778 dixit,
3288 2713 3453 2769 liabet
3483 2734 3496 2768 :

1948 2785 2060 2847 sed,
2095 2783 2266 2854 Ipsius
2313 2798 2404 2855 est,
2436 2792 2687 2848 exhibere
2737 2796 2887 2851 nobis
2917 2800 3099 2855 volens
3153 2817 3214 2856 ca
3262 2807 3499 2861 naturale

1947 2873 2084 2927 illius
2138 2876 2329 2932 bonum
2362 2884 2663 2952 esse:quia
2690 2900 2753 2939 ex
2794 2897 2973 2942 natura
3022 2892 3094 2944 illi
3144 2893 3255 2947 hmc
3299 2897 3491 2952 insunt.

1945 2963 2077 3028 Quid
2129 2968 2292 3034 ergo?
2345 2972 2667 3037 przevidetne
2717 2984 2935 3044 tantum,
2976 2995 3078 3034 non
3119 2992 3291 3038 autem
3338 2987 3495 3041 etiam

1945 3054 2103 3106 facit?
2129 3054 2283 3121 Sane,
2312 3066 2363 3111 et
2390 3060 2525 3113 facit.
2561 3060 2725 3116 Mutat
2744 3074 2909 3120 (etates
2928 3079 2974 3121 et
2992 3080 3230 3141 tempora.
3270 3073 3381 3128 Non
3429 3078 3496 3131 de

1942 3159 2197 3199 annorum
2218 3152 2641 3206 conversionibus
2666 3169 2841 3210 sermo
2870 3169 2967 3224 est,
3002 3162 3089 3215 sed
3107 3163 3171 3217 de
3199 3180 3368 3219 rerum
3410 3169 3492 3222 vi-

1941 3239 2343 3294 cissitudinibus.
2368 3242 2625 3297 Constituit
2641 3264 2797 3316 reges,
2816 3260 2859 3302 et
2876 3255 3054 3321 aufert.
3080 3255 3203 3319 Quia
3226 3257 3498 3325 hujusmo-

1942 3326 1991 3378 di
2041 3330 2385 3383 mutationum
2432 3341 2513 3386 est
2572 3345 2774 3390 auctor.
2826 3338 2905 3390 An
2950 3340 3105 3408 igitur
3152 3343 3250 3397 hoc
3294 3356 3490 3403 tantum

1946 3416 2097 3480 Deus,
2131 3420 2380 3485 praevidet
2432 3437 2620 3492 nempe
2648 3440 2709 3478 ac
2742 3426 2902 3480 facit?
2926 3444 3028 3482 non
3070 3440 3122 3484 et
3162 3433 3302 3486 aliud
3331 3438 3493 3490 maxi.

1940 3520 2079 3559 mum
2129 3518 2388 3577 operatur,
2439 3514 2577 3581 quod
2628 3517 2784 3570 etiam
2818 3533 2935 3572 cum
2984 3520 3101 3574 aliis
3145 3527 3494 3581 communicat

1939 3611 2052 3649 cant
2082 3600 2390 3655 scientiam?
2418 3603 2560 3658 Dan:
2583 3608 2875 3674 sapientiam
2920 3614 3217 3680 sapientibus
3245 3630 3263 3667 :
3284 3631 3384 3669 non
3430 3618 3493 3671 iis

1938 3689 2023 3755 qui
2052 3698 2200 3743 antea
2247 3693 2508 3759 sapientes
2534 3710 2702 3761 erant,
2751 3700 2842 3752 sed
2888 3701 2952 3754 iis
2997 3703 3183 3771 quibus
3233 3708 3487 3774 sapientia

1939 3778 2107 3833 datur.
2143 3780 2195 3834 Si
2223 3782 2338 3851 quis
2368 3786 2579 3853 sapiens
2603 3803 2704 3842 non
2734 3792 2799 3843 ab
2825 3791 2912 3843 illo
2957 3796 3263 3862 sapientiam
3308 3798 3483 3865 habet,

1936 3869 2143 3937 sapiens
2168 3887 2269 3924 non
2298 3882 2395 3926 est.
2416 3874 2489 3929 Ne
2510 3878 2821 3933 existimetis
2838 3881 3145 3949 sapientiam
3162 3901 3208 3938 at
3228 3897 3328 3940 tem
3368 3904 3487 3942 0:56

1937 3961 2231 4016 Cbaldaica:
2260 3966 2506 4033 regionis.
2545 3966 2607 4020 Et
2655 3972 2987 4036 prudentiam,
3024 3974 3212 4043 inquit,
3260 3978 3360 4030 illis
3402 3981 3486 4045 qni

1936 4062 2105 4119 petunt
2138 4054 2454 4107 intellectum.
2494 4058 2689 4111 Deinde
2740 4060 3009 4114 videamus
3048 4078 3113 4115 au
3137 4079 3198 4116 ex
3242 4068 3479 4131 scicntia,

1934 4157 1999 4193 an
2027 4156 2088 4193 ex
2118 4152 2299 4195 natura
2330 4144 2528 4199 Danicli
2576 4147 2626 4199 id
2656 4147 2899 4202 adfuerit.
2934 4152 3133 4206 Etenim
3178 4156 3332 4209 etiam
3384 4157 3484 4211 hoc

1934 4231 2060 4284 dicit
2092 4230 2152 4285 :l
2160 4249 2244 4301 pse
2269 4237 2450 4288 revelat
2472 4240 2722 4307 profunda
2749 4250 2792 4293 et
2813 4242 3119 4301 abscondita.
3173 4246 3284 4301 Non
3328 4249 3478 4316 dixit,

1932 4320 2133 4375 Invenit
2161 4342 2172 4376 :
2201 4325 2314 4389 sed,
2348 4327 2548 4380 Revelat
2591 4330 2705 4385 aliis
2729 4346 2844 4399 quae
2873 4336 3124 4402 profunda
3165 4338 3313 4393 nobis
3353 4351 3482 4394 sunt

1933 4420 1977 4464 et
2004 4414 2310 4479 abscondita,
2343 4432 2460 4485 quae
2489 4419 2642 4487 longo
2672 4432 2903 4489 tempore
2927 4424 3224 4490 dissociata,
3257 4443 3481 4498 quaeque

1930 4502 2129 4554 occulta
2152 4513 2318 4555 crant.
2348 4505 2656 4574 Cognoscens
2676 4524 2784 4576 qua:
2804 4510 2855 4562 in
2886 4510 3094 4565 tenebris
3130 4516 3407 4570 exsistunt:
3435 4528 3481 4571 et

1931 4592 2018 4643 lux
2042 4608 2151 4643 cum
2176 4609 2231 4645 eo
2253 4604 2342 4647 est.
2377 4595 2502 4648 Vide
2544 4599 2665 4665 quid
2706 4598 2864 4653 dicat.
2906 4603 3351 4667 Quemadmodum
3408 4611 3483 4664 ait

1933 4680 2089 4733 David
2123 4698 2134 4732 :
2167 4682 2308 4735 Sicut
2347 4687 2555 4738 tenebrat
2574 4689 2699 4756 ejus,
2725 4690 2794 4741 ita
2837 4701 2883 4743 et
2921 4692 3086 4745 lumen
3126 4695 3231 4763 ejus
3278 4696 3297 4767 (
3332 4696 3478 4752 Psal.

1933 4770 2048 4822 158.
2099 4769 2182 4840 2).
2238 4772 2640 4842 Magnitudinem
2688 4780 2997 4846 cognitionis
3045 4784 3325 4853 signiﬁcat,
3380 4803 3474 4843 seu

1928 4860 2047 4927 quia
2074 4861 2195 4913 licet
2229 4862 2447 4916 obscura
2470 4864 2606 4931 sint,
2648 4867 2717 4919 illi
2748 4868 2901 4921 nulla:
2929 4880 3049 4924 sunt
3074 4876 3300 4929 tenebrae
3321 4917 3335 4939 ,
3385 4893 3476 4933 seu

1928 4952 2045 5019 quia
2077 4953 2187 5019 ipse
2216 4968 2396 5006 eorum
2429 4955 2599 5009 lumen
2633 4968 2731 5011 est.
2759 4959 3030 5025 Quomodo
3072 4968 3336 5032 cognoscit
3362 4984 3477 5035 qua:

1929 5042 1980 5096 in
2032 5043 2259 5096 tenebris
2300 5047 2633 5112 sunt?Qnasi
2675 5050 2759 5116 qui
2808 5064 2983 5104 secum
3035 5053 3208 5107 lumen
3266 5056 3472 5113 habeat.

1930 5132 2050 5188 Cum
2072 5152 2127 5187 ro
2152 5149 2220 5189 cst
2243 5153 2450 5206 semper.
2483 5141 2713 5193 llumano
2741 5142 2897 5195 modo
2928 5144 3173 5213 loquitur.
3226 5147 3370 5203 Sicut
3399 5154 3476 5205 ni-

1928 5224 1998 5277 hil
2026 5236 2104 5279 est
2132 5228 2463 5281 tenebrosum
2498 5229 2566 5280 illi
2596 5231 2679 5296 qui
2708 5229 2971 5286 lucernam
3000 5250 3271 5293 accensam
3296 5241 3473 5309 habet,

1930 5316 1999 5368 ita
2038 5332 2205 5385 neque
2232 5318 2368 5381 Deo;
2402 5319 2504 5371 imo
2529 5334 2671 5383 vero,
2700 5322 2874 5390 siquid
2892 5327 3112 5394 amplius
3142 5329 3241 5384 dici
3268 5342 3471 5400 potest:

1927 5425 2113 5477 nempe
2134 5411 2265 5463 sicut
2289 5413 2333 5462 ei
2357 5412 2443 5476 qui
2473 5412 2642 5464 lumen
2667 5410 2823 5467 habet
2842 5414 2889 5467 in
2905 5418 3089 5483 oculis,
3107 5428 3157 5472 et
3174 5422 3218 5475 ei
3238 5425 3323 5489 qui
3344 5425 3471 5479 illud

1925 5515 2132 5570 semper
2147 5501 2463 5561 circumfert,
2486 5499 2593 5569 ipsa
2611 5502 2697 5554 lux
2718 5513 2816 5557 est.
2835 5504 2963 5571 Tibi,
2982 5507 3113 5561 Deus
3129 5521 3322 5577 patrum
3342 5531 3475 5567 meo-

1925 5611 2053 5658 rum,
2084 5594 2265 5662 inquit,
2288 5594 2541 5658 con/iteor,
2561 5603 2605 5645 te
2622 5594 2790 5657 laudo,
2806 5598 2919 5663 quia
2934 5599 3225 5665 sapientiam
3261 5612 3306 5654 et
3325 5606 3472 5658 intel—

1926 5686 2175 5754 ligentiam
2198 5684 2373 5735 dedisti
2403 5684 2540 5736 mihi.
2572 5684 2870 5753 Opportune
2888 5690 3188 5756 patrumhic
3216 5697 3468 5763 meminit,

1926 5792 2019 5848 per
2046 5776 2162 5831 illos
2195 5775 2356 5830 Deum
2384 5775 2610 5845 flectere,
2636 5791 2695 5833 ac
2734 5778 2888 5834 veluti
2927 5779 3118 5848 pudore
3134 5781 3342 5841 afﬁcere
3378 5802 3467 5843 cu-
