4112 6488
606 429 718 487 203

614 534 767 600 piens
795 546 808 585 :
840 523 1277 599 quemadmodum
1317 523 1361 577 si
1389 521 1502 590 quis
1534 520 1584 573 in
1611 516 1916 572 memoriam
1954 511 2171 580 alicujus

610 619 751 676 acris
763 617 1029 681 amatoris,
1042 628 1248 669 amores
1264 611 1556 667 reduceret.
1572 606 1838 675 Conﬁteor,
1859 600 2038 670 inquit,
2054 614 2172 668 gra-

617 711 715 765 tizts
728 724 844 780 ago,
862 717 906 763 et
924 705 1092 773 laudo,
1105 704 1221 776 quia
1240 700 1532 770 sapientiam
1548 709 1590 751 et
1607 692 1980 764 intelligentiam
1994 688 2172 742 dedisti

618 800 760 853 mihi.
803 797 969 862 Quam
995 804 1148 848 antea
1183 790 1408 846 habebat
1444 788 1663 843 scilicet.
1694 782 1759 836 Et
1784 797 1913 836 nunc
1938 788 2053 833 nota
2092 782 2169 848 fe-

616 889 725 943 cisti
751 888 871 941 mihi
894 901 1004 956 qua:
1031 883 1306 952 rogauimus
1332 890 1395 934 te.
1440 876 1731 932 Verisimile
1760 872 1964 927 videtur
1985 870 2172 924 Danie-

616 981 721 1035 lem
749 979 905 1035 etiam
939 977 1038 1030 alia
1064 975 1294 1045 petiisse,
1336 970 1467 1025 adeo
1502 977 1557 1021 ut
1582 967 1937 1035 conjecturam
1968 975 2171 1031 quoque

615 1072 693 1125 illi
716 1071 853 1126 Deus
876 1068 1135 1123 indicarit.
1158 1064 1246 1119 25.
1272 1082 1288 1115 t
1317 1062 1469 1129 Quia,
1499 1079 1519 1111 ›
1554 1060 1737 1128 inquit,
1766 1075 1784 1108 t
1812 1057 2070 1111 scmnium
2089 1070 2173 1108 re—

614 1164 697 1233 gis
759 1158 1100 1216 maniiestasti
1138 1157 1285 1212 mihi.
1332 1155 1423 1211 24.
1483 1154 1548 1208 Et
1586 1154 1759 1206 statim
1807 1150 1948 1205 venit
1992 1146 2173 1201 Daniel

617 1254 682 1307 ad
714 1252 1026 1317 Ariochum,
1071 1263 1228 1319 quem
1260 1246 1619 1309 constituerat,
1654 1262 1673 1295 ι
1713 1240 1913 1310 inquit,
1951 1258 1969 1289 t
1997 1253 2086 1291 rex
2118 1244 2175 1290 ut

622 1343 865 1411 perderet
891 1341 1152 1411 sapientes
1186 1336 1486 1408 Babylonis,
1530 1344 1583 1388 et
1620 1332 1749 1387 dixit
1788 1332 1837 1386 ei
1863 1349 1875 1384 :
1903 1330 2174 1398 Sapientes

618 1432 899 1504 Babylonis
928 1446 993 1485 ne
1020 1428 1245 1500 perdas;
1277 1425 1518 1480 introduc
1546 1432 1719 1478 autem
1749 1436 1832 1476 me
1868 1421 1917 1473 in
1947 1432 2173 1488 conspe-

619 1535 761 1579 ctum
802 1523 960 1593 regis,
1006 1531 1059 1575 et
1102 1518 1421 1573 annuntiabo
1473 1516 1582 1585 regi
1619 1514 1977 1582 conjecturam
2012 1509 2173 1561 visio-

621 1620 722 1671 nis.
759 1635 777 1668 ι
806 1613 1050 1669 Cucurrit
1074 1611 1138 1665 ad
1160 1626 1300 1677 eum,
1331 1618 1385 1664 et
1404 1608 1507 1662 ait:
1539 1606 1802 1677 Sapientes
1822 1601 2091 1673 Babylonis
2117 1616 2177 1654 ne

622 1708 824 1779 perdas.
870 1706 1121 1773 Quisnam
1154 1703 1221 1759 de
1273 1702 1375 1757 illis
1419 1714 1596 1755 curam
1639 1695 1947 1752 habuisset?
1988 1692 2177 1762 Aspice

621 1796 890 1869 propheta:
920 1793 1296 1848 humanitatem
1339 1805 1401 1845 ac
1440 1786 1915 1844 mansuetudinem.
1959 1782 2063 1839 Sed
2087 1798 2180 1836 au-

621 1887 764 1942 ditus
787 1899 890 1943 non
928 1885 1130 1947 luisset,
1170 1880 1272 1936 nisi
1297 1888 1350 1935 et
1388 1878 1513 1934 illud
1540 1877 1860 1932 addidisset:
1891 1893 1909 1926 t
1935 1873 2179 1928 Introduc

624 1992 731 2044 me,
761 1994 781 2029 ›
815 1975 1000 2044 inquit,
1034 1991 1052 2026 t
1079 1982 1132 2028 et
1160 1970 1479 2026 annuntiabo
1503 1969 1613 2038 regi
1638 1966 1995 2036 conjecturam
2023 1964 2180 2019 visio.

624 2067 727 2121 nis.
751 2065 841 2122 25.
868 2064 1013 2119 Tunc
1047 2061 1324 2126 Ariocbus,
1358 2079 1378 2113 ι
1411 2061 1595 2130 inquit,
1630 2077 1649 2111 t
1677 2056 1962 2112 introduxit
1987 2056 2177 2109 Danie-

626 2159 731 2216 lem
755 2157 807 2212 in
836 2155 1170 2211 festinatione
1199 2153 1252 2208 in
1293 2160 1628 2220 conspectum
1657 2149 1794 2219 regis
1822 2157 1875 2203 et
1901 2146 2067 2200 dixit:
2099 2145 2181 2198 ln-

623 2250 745 2306 veni
767 2249 939 2304 virum
967 2246 1033 2302 de
1062 2245 1181 2300 [iliis
1216 2242 1530 2312 captivitatis
1557 2239 1774 2302 Judaeae,
1804 2237 1892 2306 qui
1913 2235 2180 2304 conjectu-

624 2358 738 2401 ram
766 2339 1092 2397 annuntiabit
1119 2337 1252 2406 regi.
1282 2336 1356 2391 De
1405 2332 1528 2388 ﬁliis
1567 2328 1898 2401 captivitatis,
1921 2346 1940 2380 ι
1991 2326 2177 2396 inquit,

631 2450 655 2486 ι
685 2430 857 2488 inveni
886 2430 1074 2485 virum.
1113 2445 1132 2480 ι
1165 2425 1277 2481 Non
1318 2422 1502 2494 puduit
1528 2421 1756 2492 generis.
1794 2418 1894 2473 Ubi
1935 2416 2074 2471 enim
2102 2416 2183 2469 in-

625 2521 828 2578 cumbit
849 2518 1135 2575 necessitas
1159 2515 1344 2585 major,
1378 2513 1505 2569 nihil
1533 2513 1715 2565 horum
1747 2508 2060 2579 requiritur;
2088 2505 2179 2559 sed

629 2613 812 2677 fastus,
843 2609 931 2680 qui
969 2608 1101 2663 solet
1139 2605 1376 2660 comitari
1416 2600 1829 2673 prosperitatem,
1864 2607 2002 2652 totus
2039 2611 2182 2651 com-

626 2703 888 2776 primitur.
917 2701 1015 2768 Qui
1045 2698 1184 2754 enim
1210 2703 1447 2766 aegrotat,
1471 2693 1658 2747 medici
1691 2690 2015 2744 nobilitatem
2032 2702 2182 2741 num-

626 2811 780 2867 quam
819 2794 1023 2848 curiose
1049 2789 1303 2859 inquiret;
1344 2793 1397 2839 et
1437 2784 1540 2837 alio
1573 2783 1624 2837 in
1655 2780 1887 2852 periculo
1924 2780 2180 2833 exsistens

628 2886 787 2940 homo
815 2899 919 2937 non
947 2888 1148 2947 sataget
1170 2894 1235 2931 an
1262 2876 1470 2937 nobilis,
1499 2890 1564 2928 an
1590 2888 1714 2927 vero
1734 2872 1800 2926 de
1829 2870 1979 2939 plebe
1999 2870 2067 2922 sit
2093 2868 2182 2921 ille

626 2976 715 3047 qui
729 2988 850 3030 eum
866 2985 891 3023 a
906 2968 1156 3037 periculis
1174 2968 1241 3021 sit
1269 2975 1564 3034 erepturus,
1604 2961 1697 3016 sed
1732 2975 1893 3015 unum
1916 2959 2185 3012 dumtaxat

626 3044 847 3137 qumret,
878 3060 1124 3116 nimirum
1154 3056 1533 3110 liberationem.
1567 3051 1693 3119 Quis
1728 3065 1832 3104 non
1874 3047 2071 3117 pudore
2101 3044 2181 3098 af-

627 3156 796 3212 fectus
845 3153 1045 3218 fuisset,
1086 3150 1205 3220 quis
1242 3162 1347 3202 non
1384 3145 1697 3207 erubuisset,
1741 3154 1962 3195 cernens
1999 3149 2183 3190 omnes

630 3245 810 3316 patrite
850 3259 959 3299 sua:
994 3241 1259 3310 sapientes
1300 3234 1545 3300 interfici,
1575 3231 1810 3301 captivos
1838 3243 1964 3283 vero
1992 3225 2180 3288 inﬂari,

628 3315 682 3390 et
708 3335 776 3390 de
796 3350 853 3389 se
873 3330 1145 3403 magniﬁce
1172 3326 1405 3383 sentire?
1441 3324 1801 3393 Nequaquam.
1830 3319 2028 3373 ilorum
2056 3315 2185 3369 nihil

628 3430 743 3499 ipse
768 3424 1014 3495 cogitavit
1045 3439 1058 3476 :
1090 3421 1184 3477 sed
1214 3418 1435 3474 festinus
1460 3423 1515 3470 et
1542 3415 1629 3469 ille
1657 3411 1879 3474 vocavit,
1913 3418 1965 3463 et
1992 3408 2077 3461 hic
2109 3407 2188 3459 in-

629 3497 933 3588 terrogavit,
963 3528 1067 3569 non
1094 3510 1317 3580 amplius
1346 3522 1466 3562 cum
1492 3504 1673 3560 eadem
1704 3499 2019 3570 arrogantia.
2048 3497 2189 3550 Post-

626 3622 788 3679 quam
825 3605 965 3661 enim
1007 3617 1097 3658 rex
1142 3598 1410 3654 convictus
1452 3603 1534 3649 est
1575 3608 1669 3663 per
1693 3588 2095 3659 experientiam,
2132 3600 2189 3640 se

629 3675 882 3754 inutiliter
928 3710 990 3750 ac
1026 3691 1185 3747 stulta
1216 3687 1541 3759 perquirere,
1587 3681 1710 3752 quid
1743 3680 1847 3734 ait?
1888 3678 1977 3732 es
2012 3675 2073 3729 Et
2106 3692 2187 3728 re-

631 3788 832 3857 spondit
861 3801 947 3838 rea:
969 3824 983 3849 ,
1014 3792 1060 3837 et
1094 3782 1220 3834 dixit
1250 3775 1449 3829 Danieli
1469 3816 1484 3837 ,
1525 3776 1668 3841 cujus
1708 3785 1885 3822 nomen
1915 3766 2146 3819 Baltasar
2173 3779 2191 3817 :

634 3880 850 3934 Potesne
891 3873 1011 3927 mihi
1054 3870 1340 3925 renuntiare
1377 3865 1620 3919 somnium
1645 3859 1776 3930 quod
1813 3857 1931 3918 uidi,
1955 3865 1998 3910 et
2024 3855 2191 3922 conje-

634 3983 827 4026 cturam
855 3966 1007 4037 ejus?
1035 3963 1232 4032 Majore
1252 3974 1370 4013 cum
1392 3957 1604 4012 lenitate
1624 3951 1853 4007 disserit.
1884 3947 2000 4002 Non
2019 3945 2149 3999 dixit
2175 3961 2188 3974 ’

637 4064 694 4117 Si
724 4076 828 4116 non
855 4056 1105 4127 petueris,
1132 4052 1315 4108 eadem
1341 4063 1459 4119 qua:
1487 4046 1573 4099 alii
1619 4041 1852 4113 patieris.
1875 4037 2009 4105 Quid
2040 4037 2197 4105 igitur

642 4151 819 4207 Daniel
842 4124 979 4201 iam
1014 4162 1033 4197 t
1068 4144 1135 4198 Et
1156 4139 1425 4209 respondit
1453 4134 1635 4191 Daniel
1660 4146 1838 4187 coram
1868 4142 2011 4197 rege,
2038 4134 2092 4180 et
2118 4124 2197 4179 di-

642 4243 716 4297 xit
742 4259 760 4295 :
785 4236 1109 4310 Mysterium,
1146 4229 1283 4302 quod
1314 4243 1405 4282 rex
1432 4224 1704 4295 perquirit,
1738 4236 1841 4274 non
1876 4228 1957 4273 est
1985 4217 2197 4285 sapien-

644 4344 777 4396 tum,
803 4340 1094 4396 magorum,
1127 4324 1531 4380 incantatorum,
1558 4327 1655 4368 nec
1694 4311 2078 4366 Gazarenorum
2108 4320 2200 4374 po-

648 4394 808 4478 testas
833 4394 1143 4473 atiituntiare
1172 4409 1281 4480 regi
1312 4425 1325 4461 :
1351 4406 1439 4463 28.
1469 4404 1561 4458 sed
1588 4410 1667 4456 est
1696 4400 1829 4454 Deus
1866 4397 1916 4450 in
1939 4394 2089 4459 caelo,
2112 4394 2200 4462 qui

648 4512 846 4572 revelat
870 4506 1117 4579 mysteria
1149 4520 1161 4556 :
1194 4512 1245 4555 et
1270 4509 1391 4554 nota
1428 4496 1547 4550 fecit
1574 4492 1684 4561 regi
1705 4484 2203 4545 Nabuchodonosori

652 4622 769 4678 qua:
811 4609 1048 4674 oporwat
1096 4595 1207 4650 lieri
1250 4594 1299 4647 in
1336 4588 1631 4645 novissimis
1681 4581 1885 4639 diebus.
1922 4601 1940 4633 ›
1974 4580 2203 4635 Observa

654 4672 977 4769 prudentiam
1016 4687 1299 4760 prophetae.
1325 4681 1435 4736 Non
1456 4679 1585 4733 dixit
1618 4676 1814 4736 statim,
1852 4672 2070 4725 Possum
2110 4682 2207 4721 an.

657 4760 897 4843 nuntiare
925 4781 1014 4834 tibi
1041 4794 1053 4830 :
1090 4776 1182 4829 sed
1208 4771 1346 4843 quod
1384 4779 1505 4822 ante
1533 4765 1705 4821 omnia
1734 4760 2005 4832 oportebat
2030 4772 2205 4825 regem

654 4877 813 4939 scire,
841 4870 891 4926 id
918 4868 1066 4923 dicit.
1092 4862 1407 4933 Mystetium,
1434 4858 1617 4926 inquit,
1645 4853 1775 4920 quod
1800 4868 1886 4905 rea:
1913 4851 2205 4917 interrogat,

650 4964 916 5035 sapientes,
950 4954 1101 5025 magi,
1133 4954 1480 5011 incantatores,
1520 4942 1763 4998 ωηατ·εηὶ
1794 4947 2035 5007 nequeunt
2074 4936 2209 4988 indi-

656 5029 771 5110 care
797 5050 940 5121 regi:
967 5057 1035 5101 est
1066 5045 1199 5115 Deus
1222 5042 1273 5093 in
1303 5038 1422 5091 creto
1447 5036 1531 5104 qui
1567 5034 1746 5087 revelat
1786 5029 2038 5102 mysteria.
2070 5029 2211 5096 Apo—

657 5146 847 5215 logiam
875 5140 993 5195 facit
1016 5153 1108 5206 pro
1128 5135 1192 5189 iis
1212 5131 1299 5201 qui
1321 5129 1511 5198 injuste
1536 5125 1691 5179 occisi
1720 5123 1944 5183 fuerant,
1967 5128 2019 5172 et
2037 5126 2211 5171 osten-

658 5207 738 5291 (Ιἰῖ
766 5248 869 5287 non
898 5244 955 5284 se
983 5243 1099 5282 esse
1135 5224 1222 5293 qui
1262 5236 1373 5276 rem
1406 5218 1649 5288 explicet.
1701 5212 1813 5267 Non
1857 5210 1992 5273 ideo,
2026 5207 2208 5277 inquit,

663 5327 770 5383 dixi
792 5320 929 5378 istud
952 5329 1223 5388 magorum
1250 5327 1354 5366 non
1381 5323 1519 5374 esse,
1549 5316 1604 5361 ut
1641 5319 1725 5359 me
1753 5304 1921 5370 ipsum
1963 5298 2068 5351 illis
2104 5297 2212 5349 ela-

662 5418 857 5472 riorem
885 5384 1108 5468 facerem
1134 5419 1149 5469 ;
1180 5402 1272 5457 sed
1302 5411 1355 5453 ut
1398 5398 1590 5462 discas,
1636 5392 1775 5463 quod
1816 5404 1983 5457 neque
2024 5400 2118 5454 ego
2163 5384 2214 5438 id

664 5502 951 5559 secundum
982 5499 1259 5549 humanam
1286 5500 1523 5543 naturam
1567 5482 1793 5554 profero.
1827 5480 1888 5531 At
1916 5487 1984 5529 est
2010 5473 2144 5527 Deus
2164 5476 2217 5524 in

662 5596 807 5650 etrlo.
830 5592 942 5646 Non
973 5590 1075 5643 illic
1102 5588 1264 5641 Deum
1293 5578 1587 5641 concludit;
1615 5574 1708 5630 sed
1727 5583 1991 5640 tamquam
2013 5566 2077 5621 ad
2101 5564 2219 5620 bar-

665 5688 849 5741 barum
874 5681 1083 5737 interim
1104 5677 1354 5746 loquitur.
1382 5683 1605 5738 eumque
1628 5682 1656 5721 a
1687 5675 1823 5719 terra
1843 5660 2052 5716 abducit
2074 5677 2088 5713 :
2115 5673 2217 5711 non

669 5778 800 5831 sicut
828 5774 899 5829 dii
929 5770 1086 5827 Vestri
1121 5768 1205 5838 qui
1250 5765 1385 5820 eirea
1418 5770 1613 5817 terram
1652 5754 1967 5810 volutantur.
2006 5748 2066 5801 Et
2104 5756 2219 5802 natst

1312 410 1366 465 S.
1408 404 1680 464 JOANNIS
1713 396 2181 459 CHRYSOSTOMI
2220 394 2533 455 ARCHIEP.
2571 390 3099 452 CONSTANTINOP.

3724 394 3837 449 204

2276 509 2391 577 fecit
2426 507 2529 577 regi
2572 505 3052 560 Nabuchodonosori
3090 518 3203 574 quae
3228 505 3397 573 futura
3423 501 3519 554 sint
3556 500 3608 553 in
3648 498 3834 552 ultimis

2277 597 2590 667 temporibus.
2640 595 2786 661 Vide,
2833 612 2925 665 per
2968 594 3242 663 aenigmata
3282 590 3557 653 edisserit;
3590 597 3645 642 et
3673 596 3831 641 totam

2276 702 2539 743 summam
2567 686 2780 740 visionis
2807 686 2857 740 in
2896 684 3113 740 exordio
3142 679 3560 749 comprehendit,
3592 679 3835 746 regisque

2274 786 2503 833 mentem
2547 785 2768 842 recreat,
2806 774 2931 830 dum
2959 773 3086 828 nihil
3130 786 3305 842 grave,
3345 784 3513 838 neque
3553 768 3834 822 molestum

2275 867 2481 922 eﬂ‘atur.
2518 883 2536 916 ι
2564 865 2839 920 Somnium
2877 872 3042 929 tuum,
3070 880 3087 913 ι
3116 861 3301 931 inquit,
3340 877 3357 911 t
3386 867 3438 913 et
3479 857 3711 911 visiones
3751 871 3838 909 ea-

2278 961 2398 1030 pitis
2427 959 2498 1012 tui
2526 959 2578 1012 in
2600 957 2757 1012 cubili
2785 966 2873 1011 tuo
2902 973 2915 1007 :
2944 954 3045 1008 hoe
3072 963 3154 1008 est
3185 970 3198 1007 :
3226 951 3316 1006 29.
3348 949 3701 1019 Cogitationes
3733 958 3835 1000 tum

2277 1052 2328 1104 in
2356 1050 2528 1105 cubile
2567 1058 2709 1102 tuum
2754 1045 3121 1110 ascenderunt,
3156 1043 3277 1113 quid
3308 1048 3547 1111 oporteat
3575 1038 3689 1092 ﬁeri
3717 1046 3835 1105 post

2279 1140 2410 1195 hmc.
2434 1140 2499 1193 Et
2523 1140 2609 1208 qui
2632 1137 2827 1191 revelat
2847 1134 3114 1206 mysteria,
3140 1131 3385 1187 indicavit
3411 1129 3503 1183 tibi
3533 1142 3651 1197 quae
3677 1139 3836 1194 opor-

2278 1241 2382 1287 teat
2408 1231 2539 1285 lieri.
2579 1248 2599 1282 »
2635 1229 2711 1283 Ex
2740 1228 2878 1297 vulgi
2908 1226 3153 1296 opinione
3176 1222 3426 1293 loquitur,
3458 1219 3605 1289 quasi
3636 1220 3835 1271 somnia

2279 1340 2434 1394 super
2462 1329 2616 1392 caput
2641 1329 2778 1375 stent
2818 1318 3051 1390 (Homer.
3081 1314 3155 1371 Il.
3196 1313 3259 1367 Β.
3286 1312 3393 1381 20)
3419 1352 3433 1378 ,
3468 1325 3558 1364 seu
3593 1307 3734 1378 quod
3768 1306 3839 1360 ibi

2279 1416 2347 1470 sit
2369 1410 2711 1469 ratiocinandi
2747 1411 2846 1475 vis,
2889 1423 2983 1464 seu
3021 1422 3118 1477 per
3151 1414 3309 1474 caput
3348 1402 3587 1471 designat
3611 1399 3791 1454 oculos
3822 1416 3840 1452 :

2277 1515 2337 1561 ut
2359 1506 2515 1570 dicat,
2539 1504 2616 1558 Tu
2642 1499 2909 1572 praebuisti
2936 1512 3167 1553 causam.
3205 1494 3312 1550 Nec
3354 1492 3663 1561 simpliciter
3687 1488 3839 1552 dixit,

2280 1596 2419 1650 Deus
2445 1593 2537 1648 tibi
2580 1589 2952 1655 manifestavit,
2990 1587 3102 1651 sed,
3144 1584 3420 1655 Cogitahas
3444 1579 3569 1651 quid
3609 1579 3843 1634 futurum

2280 1693 2418 1741 esset
2440 1694 2558 1753 p031
2583 1686 2712 1736 bare.
2736 1680 2864 1749 Quia
2888 1680 3025 1734 enim
3056 1676 3236 1731 orbem
3266 1684 3523 1729 terrarum
3552 1670 3842 1733 devicerat,

2279 1773 2556 1845 reputabat
2579 1786 2778 1836 secum,
2809 1784 2934 1823 num
2960 1766 3027 1821 ad
3066 1765 3259 1820 liberos
3298 1763 3409 1832 ipse
3440 1775 3659 1831 regnum
3702 1767 3847 1812 esset

2282 1862 2721 1926 transmissurus,
2757 1859 2867 1913 sive
2900 1872 2967 1910 an
3014 1855 3300 1909 moriturus
3336 1858 3494 1907 esset.
3547 1849 3678 1902 Nam
3711 1849 3850 1901 solet

2282 1950 2671 2025 quodammodo
2694 1947 2998 2019 magnitudo
3028 1943 3233 2015 imperii
3257 1944 3412 1998 etiam
3443 1955 3539 1995 nos
3569 1938 3765 1994 ducere
3790 1937 3849 1990 in

2281 2044 2595 2099 oblivionem
2627 2048 2844 2102 naturze,
2873 2046 2925 2092 et
2951 2034 3088 2105 quod
3133 2032 3369 2089 mortalis
3410 2046 3469 2086 ea
3516 2030 3602 2084 sit.
3648 2026 3850 2081 Verisi-

2281 2134 2405 2187 mile
2435 2132 2589 2201 igitur
2613 2137 2697 2184 est
2723 2128 2893 2193 illum,
2924 2141 3040 2180 cum
3069 2122 3338 2178 incidisset
3364 2120 3414 2173 in
3437 2119 3647 2188 pelagus
3678 2124 3731 2171 et
3763 2117 3849 2168 in-

2283 2222 2485 2276 ﬁnitam
2513 2218 2899 2275 multitudinem
2925 2214 3130 2269 fortiter
3158 2227 3220 2266 ac
3248 2209 3498 2279 praeclare
3526 2224 3555 2261 a
3587 2222 3645 2260 se
3671 2213 3851 2276 gesto-

2283 2328 2420 2377 rum,
2448 2325 2550 2364 non
2590 2307 2870 2362 admodum
2915 2303 3202 2358 credidisse
3243 2299 3550 2353 moriturum
3597 2308 3715 2348 esse
3763 2307 3849 2345 se.

2284 2401 2425 2456 idem
2455 2414 2659 2468 quoque
2686 2409 2871 2467 passus
2899 2403 2980 2447 est
3003 2392 3137 2445 alius
3168 2406 3256 2444 rex
3289 2386 3618 2459 (a).ldeoquc
3656 2392 3709 2437 et
3731 2381 3845 2449 qui-

2284 2491 2401 2544 dam
2432 2489 2496 2542 ad
2523 2489 2691 2557 ipsum
2719 2484 2923 2539 dicebat
2954 2500 2966 2534 :
3013 2481 3086 2535 Tu
3121 2496 3234 2533 vero
3269 2480 3415 2531 homo
3464 2492 3533 2540 es,
3576 2492 3675 2527 non
3709 2473 3857 2526 Deus

2287 2581 2497 2651 (Ezeclt.
2535 2580 2621 2633 ‘28.
2650 2578 2747 2647 2):
2785 2576 2849 2630 ad
2890 2574 3101 2645 Tyrium
3147 2585 3335 2640 nempe
3364 2568 3600 2637 loquens.
3633 2565 3699 2619 Et
3726 2563 3855 2617 vide

2283 2668 2545 2742 quomodo
2594 2669 2788 2736 alisque
2834 2665 3045 2719 vulnere
3093 2663 3259 2730 ipsum
3317 2654 3672 2727 reprehendit.
3729 2652 3850 2706 Non

2285 2764 2422 2817 enim
2443 2759 2592 2821 dixit,
2622 2758 2733 2811 lloc
2759 2756 3050 2825 suSpicatus
3085 2768 3141 2807 es
3175 2766 3236 2805 ac
3273 2748 3495 2818 sperasti
3522 2763 3535 2800 :
3566 2745 3678 2807 sed,
3714 2742 3857 2809 Quid

2285 2862 2472 2922 oportet
2496 2850 2602 2918 ﬁeri
2643 2858 2749 2918 post
2788 2846 2932 2899 haec?
2956 2848 3057 2898 Ista
3091 2852 3265 2897 mente
3294 2841 3547 2911 agitabas,
3576 2852 3636 2889 ac
3676 2843 3855 2888 tecum

2290 2940 2569 3010 reputabas
2594 2955 2609 2992 :
2639 2936 2885 3006 quidnam
2926 2934 3124 2989 scilicet
3154 2933 3381 2984 futurum
3410 2934 3571 2982 esset.
3609 2923 3673 2977 In
3700 2922 3862 2976 cubili

2289 3044 2390 3087 tuo.
2420 3030 2551 3085 Cum
2580 3030 2749 3083 nullus
2776 3038 2915 3083 esset
2941 3026 3029 3095 qui
3058 3024 3395 3085 obturbaret,
3427 3018 3519 3074 sed
3560 3018 3767 3070 animus
3795 3013 3856 3067 in

2286 3126 2461 3195 quiete
2520 3128 2854 3183 versaretur;
2906 3116 3115 3187 quando
3166 3113 3427 3182 praecipue
3475 3108 3858 3177 cogitationum

2288 3219 2437 3273 turba
2476 3230 2571 3269 nos
2610 3212 2831 3277 invadit,
2876 3210 3049 3279 quiete
3093 3216 3247 3276 atque
3287 3204 3398 3257 otio
3444 3201 3684 3257 abutens.
3729 3196 3863 3249 ldeo

2288 3306 2465 3362 multis
2492 3319 2605 3357 mos
2630 3312 2709 3357 est
2742 3310 2946 3369 tempus
2975 3296 3102 3352 illud
3141 3296 3191 3349 in
3221 3293 3457 3349 oratione
3489 3300 3804 3343 consumere
3837 3301 3853 3338 :

2289 3396 2407 3465 quia
2430 3394 2622 3447 scilicet
2652 3400 2771 3445 tunc
2792 3391 2994 3442 animus
3020 3386 3250 3448 otiatur;
3270 3393 3322 3437 et
3352 3392 3595 3448 magnum
3616 3375 3858 3445 capimus

2291 3485 2689 3545 detrimentum,
2708 3481 2749 3532 si
2789 3490 2911 3533 tunc
2949 3476 3148 3531 inertia:
3179 3488 3273 3527 nos
3313 3471 3635 3526 dederimus.
3680 3465 3741 3518 Et
3768 3466 3862 3534 qui

2291 3579 2473 3632 revelat
2501 3574 2751 3645 mysteria,
2781 3570 3015 3623 indicavit
3043 3568 3128 3621 tibi
3152 3581 3264 3636 quat
3293 3571 3514 3633 Oporteat
3539 3560 3666 3628 ﬁeri.
3698 3558 3860 3626 Aspi-

2293 3682 2375 3730 ec,
2406 3666 2592 3719 iterum
2615 3662 2724 3730 jam
2768 3660 2859 3714 Dei
2897 3658 3153 3712 meminit.
3180 3654 3287 3709 Nec
3326 3652 3377 3706 id
3420 3649 3722 3720 vulgttriter.
3753 3646 3869 3700 Sed

2295 3758 2400 3812 illic
2434 3754 2645 3825 quidem
2686 3753 2759 3805 ait
2797 3769 2812 3799 :
2851 3768 2869 3800 t
2899 3749 2996 3816 Qui
3034 3757 3113 3801 est
3162 3748 3212 3800 in
3258 3745 3418 3807 cazlo;
3452 3761 3469 3794 ι
3516 3740 3602 3795 hic
3639 3746 3811 3792 autem
3845 3756 3861 3791 :

2302 3866 2320 3897 t
2354 3848 2450 3911 Qui
2489 3843 2685 3898 revelat
2722 3839 3014 3911 mysteria.»
3040 3838 3122 3893 '50.
3137 3836 3199 3890 Et
3241 3832 3370 3888 mihi
3412 3839 3586 3885 autem
3634 3843 3739 3882 non
3768 3840 3865 3879 sa-

2299 3935 2510 4005 pientia,
2534 3950 2648 4002 qute
2669 3932 2725 3985 fit
2750 3932 2800 3984 in
2826 3946 2909 3984 me
2931 3945 3037 3998 pra:
3054 3926 3295 3981 omnibus
3320 3922 3632 3985 viventibus,
3660 3926 3866 3988 myste-

2297 4024 2431 4079 rium
2476 4022 2573 4074 hoc
2608 4019 2895 4074 revelatum
2939 4026 3020 4070 est
3061 4032 3072 4068 :
3116 4012 3208 4067 sed
3256 4023 3312 4063 ut
3350 4009 3708 4077 conjecturam
3750 4005 3865 4072 regi

2300 4115 2545 4175 indicem,
2600 4119 2651 4165 et
2695 4118 2752 4162 ut
2797 4116 3082 4176 cognOScas
3118 4100 3457 4172 cogitationes
3498 4095 3671 4151 cordis
3701 4094 3795 4145 tui.
3838 4110 3867 4143 ι

2301 4206 2523 4260 Tantum
2552 4216 2654 4255 non
2677 4200 2856 4253 dicens
2880 4214 2891 4249 :
2916 4195 3072 4264 Origo
3102 4190 3417 4247 inventionis
3443 4202 3545 4240 non
3573 4194 3653 4239 est
3682 4198 3709 4235 a
3733 4196 3817 4235 me
3845 4198 3860 4233 :

2302 4295 2396 4350 sed
2428 4306 2594 4362 neque
2624 4292 2675 4343 in
2714 4304 2777 4343 eo
2806 4288 2918 4355 ipso
2944 4284 3080 4353 quod
3117 4296 3229 4336 rem
3281 4284 3472 4349 praeter
3505 4275 3635 4329 alios
3667 4270 3873 4326 didice-

2306 4386 2425 4448 rim,
2454 4382 2658 4437 caeteris
2705 4375 3063 4448 praeferendus
3101 4387 3235 4425 sum.
3284 4369 3396 4423 Non
3438 4367 3577 4421 enim
3615 4364 3733 4432 quia
3779 4376 3873 4414 me

2307 4475 2597 4543 sapientem
2623 4484 2741 4524 esse
2778 4466 3005 4535 agnovit,
3043 4462 3097 4516 id
3125 4462 3265 4515 Deus
3296 4457 3433 4513 fecit.
3465 4454 3520 4510 Si
3549 4453 3688 4509 enim
3724 4458 3875 4520 post-

2307 4537 2463 4634 quam
2494 4562 2589 4615 ista
2629 4558 2847 4616 dixisset
2880 4553 3079 4617 Daniel,
3122 4551 3291 4619 ipsum
3339 4555 3394 4599 ut
3434 4546 3596 4599 Deum
3635 4537 3876 4594 adoravit

2309 4632 2437 4710 rex:
2465 4651 2585 4722 quid
2612 4652 2653 4704 si
2682 4648 2732 4702 id
2762 4647 3101 4717 proloquutus
3132 4657 3236 4696 non
3274 4636 3487 4692 luisset?
3522 4632 3626 4689 Sed
3655 4640 3877 4702 propter

2312 4755 2379 4806 te,
2414 4718 2596 4811 inquit.
2639 4739 2715 4792 Tu
2761 4736 2888 4789 mihi
2933 4735 3129 4804 gratias
3170 4730 3364 4784 habere
3403 4740 3506 4780 non
3551 4723 3730 4786 debes,
3775 4718 3876 4774 sed

2312 4849 2407 4904 ego
2431 4832 2519 4885 tibi
2549 4848 2560 4882 :
2589 4838 2645 4883 ut
2674 4826 2811 4881 enim
2840 4835 2891 4879 tu
2918 4823 3257 4891 intelligercs,
3285 4831 3383 4887 ego
3410 4814 3587 4869 didici.
3615 4812 3785 4866 Cerne
3816 4816 3880 4859 ut

2313 4925 2455 4977 illum
2494 4918 2735 4973 conciliet
2780 4916 2908 4977 Deo,
2950 4923 3003 4965 et
3039 4921 3095 4965 ut
3138 4910 3368 4963 futurum
3397 4904 3531 4959 circa
3564 4916 3681 4956 eum
3710 4898 3883 4951 mira-

2314 5014 2507 5075 culum,
2568 5012 2693 5064 item
2741 5018 2976 5059 amorem
3027 5001 3388 5055 vehementem
3431 5007 3552 5064 erga
3590 5003 3740 5051 eum,
3784 5000 3882 5053 per

2318 5102 2741 5171 anticipationem
2790 5098 2896 5149 Deo
2929 5093 3180 5161 assignet.
3227 5088 3327 5155 Qui
3350 5087 3490 5142 enim
3534 5081 3749 5138 edoctus
3775 5083 3884 5138 est,

2320 5194 2456 5264 quod
2482 5165 2627 5245 Deus
2649 5189 2699 5242 in
2729 5186 2981 5239 honorem
3010 5182 3169 5249 ipsius
3197 5179 3247 5233 id
3278 5178 3399 5246 egit,
3432 5168 3776 5242 proculdubio
3805 5165 3888 5217 illi

2318 5260 2624 5338 conciliatus
2646 5284 2746 5331 est.
2768 5273 2841 5327 Te
2861 5271 3051 5339 magis,
3070 5268 3253 5338 inquit,
3281 5260 3574 5325 honoravit,
3597 5270 3751 5325 quam
3775 5266 3884 5306 me.

2323 5373 2481 5427 Vides
2518 5381 2674 5439 quam
2721 5362 3027 5417 ambitiosus
3064 5374 3169 5413 non
3205 5356 3276 5411 sit
3309 5350 3537 5424 juvenis,
3577 5356 3733 5415 utque
3778 5358 3889 5397 non

2387 5568 2459 5641 (α)
2492 5562 2744 5616 Ithohalus
2783 5559 3020 5607 nimirum.
3060 5553 3283 5604 uernoria
3329 5548 3505 5596 labitur
3541 5542 3897 5611 Theodoretusc

2473 5628 2485 5641 ι
2510 5634 2563 5641 -μ
2648 5624 2676 5641 ea
2720 5619 2768 5641 In
2804 5618 3305 5641 u-t....a.,..:n.mcmmm
3322 5610 3687 5641 intarrmninhlr-
3705 5608 3897 5641 Rectum

2324 5604 3305 5691 quideiianLEEB,‘Saliitchodonosorem
3322 5604 3898 5691 ἱιῃξθφέςῇιὲἓὲεςιὶυξ

2321 5662 3153 5743 ξιξ
3180 5670 3411 5743 agripseit.
3432 5662 3600 5718 Amnis
3616 5675 3753 5715 error
3767 5662 3900 5727 apud

2327 5732 2591 5814 ari-geriem
2614 5732 2696 5795 lib.
2714 5732 2744 5792 ί
2764 5732 2828 5791 de
2851 5732 3109 5799 Principiis,
3130 5732 3232 5795 capi
3259 5732 3305 5779 2.
