4112 6476
294 371 406 427 205

293 486 417 532 ante
443 491 755 532 sermonem
786 476 1130 546 aggrediatur,
1153 488 1306 545 quam
1343 489 1517 545 regem
1537 474 1811 529 abduxerit
1838 487 1869 528 a

301 583 490 636 magna
516 584 681 633 quam
706 567 772 622 de
797 568 909 635 ipso
931 566 1121 620 habere
1148 565 1405 634 potuisset
1430 565 1712 634 opinione?
1730 563 1873 630 Quo-

302 658 463 710 modo
483 657 643 725 igitur
672 657 891 724 gloriam
920 664 1194 709 venaretur
1234 653 1435 718 Daniel,
1468 654 1555 721 qui
1584 654 1742 709 etiam
1769 652 1866 709 da-

305 754 423 799 tam
447 745 691 814 repellit?
717 746 784 799 Et
810 761 913 799 non
947 743 1078 799 dixit
1103 762 1117 797 :
1145 744 1399 810 Quoniam
1428 744 1589 797 Deum
1625 757 1866 808 veneror,

302 838 557 906 quoniam
591 838 660 889 illi
686 838 806 905 plus
826 850 979 904 quam
1018 834 1193 888 ca:teri
1220 835 1417 897 servio,
1457 832 1583 887 mihi
1618 834 1868 888 revelatio

303 928 451 981 facta
477 938 560 983 est
587 946 601 981 :
629 927 743 989 sed,
771 926 840 981 Ut
868 935 922 979 tu
951 926 1183 979 disceres
1210 924 1347 993 quod
1376 924 1709 978 utilissimum
1733 933 1864 978 erat.

305 1018 449 1073 Illud
475 1020 636 1082 enim,
663 1018 817 1071 etiam
858 1017 970 1085 ipso
996 1029 1098 1069 non
1125 1015 1349 1078 dicente,
1378 1018 1429 1068 in
1464 1025 1695 1069 mentem
1721 1014 1869 1069 audi-

304 1121 485 1167 torum
501 1112 712 1165 veniret.
735 1110 821 1163 3i.
848 1126 865 1159 ι
890 1109 965 1162 Tu
986 1123 1075 1162 rex
1094 1106 1325 1172 videbas,
1340 1116 1393 1161 et
1405 1121 1529 1161 ecce
1549 1108 1719 1173 imago
1737 1121 1860 1170 una,

304 1203 486 1271 imago
502 1201 586 1255 illa
606 1215 810 1269 magna,
829 1208 881 1253 et
896 1206 1134 1267 aspectus
1159 1198 1298 1251 illius
1321 1197 1557 1253 sublimis
1573 1207 1719 1251 stans
1735 1206 1857 1251 ante

305 1294 499 1349 faciem
517 1303 677 1357 tuam,
695 1302 747 1347 et
766 1276 981 1346 intuitus
1007 1291 1122 1359 ejus
1142 1290 1404 1345 terribilis.
1419 1288 1507 1344 52.
1524 1290 1698 1358 Imago
1718 1290 1865 1357 cujus

302 1394 470 1455 caput
492 1402 555 1439 ex
592 1400 719 1439 auro
746 1399 910 1454 puro;
942 1397 1128 1437 manus
1168 1382 1329 1450 ipsius
1357 1390 1411 1436 et
1446 1389 1629 1451 pectus
1661 1390 1709 1435 et
1740 1381 1863 1434 bra-

301 1476 431 1530 chia
460 1474 574 1544 ejus
596 1483 870 1543 argentea;
903 1480 1085 1528 venter
1110 1471 1249 1525 illius
1277 1480 1331 1525 et
1354 1469 1553 1525 femora
1577 1484 1713 1525 area
1734 1487 1748 1535 ;
1771 1469 1859 1524 35.

304 1566 457 1620 tibia:
496 1564 711 1627 ferrem;
738 1563 929 1634 pedes,
978 1576 1098 1630 pars
1142 1559 1351 1629 quidem
1388 1558 1627 1629 quaedam
1669 1558 1860 1621 ferrea,

301 1671 435 1726 pars
450 1663 621 1710 autem
637 1653 870 1723 quaedam
895 1660 1138 1706 testacea.
1170 1668 1189 1701 ι
1227 1648 1355 1704 Vide
1379 1650 1519 1719 quali
1550 1649 1749 1702 visione
1777 1646 1860 1701 di-

299 1754 501 1815 gnatus
526 1743 683 1797 fuerit
723 1740 1219 1796 Nabuchodonosor.
1260 1737 1693 1807 Quandoquidem
1721 1738 1860 1791 enim

302 1836 364 1889 in
390 1841 566 1903 gentes
590 1831 846 1900 evangelii
871 1829 1185 1899 praeconium
1210 1828 1556 1898 spargendum
1574 1836 1707 1893 erat,
1727 1827 1863 1881 visio

301 1925 479 1978 multo
511 1933 633 1978 ante
661 1922 903 1991 gentilem
946 1920 1278 1975 traditionem
1308 1917 1538 1984 inhibet;
1570 1926 1625 1972 et
1650 1918 1700 1971 in
1723 1926 1859 1971 term

298 2015 491 2086 gentili
538 2015 796 2070 somnium
842 2013 1079 2077 videtur,
1125 2011 1316 2078 templo
1349 2023 1569 2074 everso,
1610 2008 1861 2080 legalibus

300 2105 547 2159 sublatis.
588 2104 955 2157 Verumtamen
1000 2116 1091 2170 per
1123 2100 1371 2155 Hebraeos
1407 2099 1715 2168 explicatur.
1748 2098 1862 2155 Etsi

300 2196 451 2249 enim
474 2196 523 2248 in
551 2195 767 2263 gentiles
795 2191 1239 2247 disseminandum
1269 2199 1408 2246 esset
1426 2189 1776 2258 evangelium,
1802 2197 1859 2243 at

299 2299 407 2352 per
434 2284 675 2339 llebrmos
698 2283 858 2347 viros,
886 2296 1074 2349 nempe
1093 2281 1376 2349 apostolos,
1403 2281 1452 2335 id
1474 2280 1702 2335 futurum
1724 2290 1856 2334 erat.

302 2373 427 2427 Hoc
449 2381 502 2427 et
537 2373 587 2425 in
634 2371 879 2425 Cornelio
906 2371 1139 2440 contigit.
1185 2370 1493 2425 Praecedunt
1518 2377 1720 2439 gentes,
1753 2385 1857 2424 non

299 2471 489 2517 autem
536 2472 839 2531 sequuntur.
887 2462 959 2516 ita
997 2472 1049 2516 et
1088 2461 1172 2516 hic
1208 2462 1483 2532 imaginem
1513 2464 1710 2532 primus
1734 2464 1860 2517 vidit

299 2553 805 2617 Nabuchodmiosor,
854 2554 1087 2607 notitiam
1131 2568 1254 2607 vero
1296 2554 1495 2622 primus
1534 2554 1731 2623 accepit
1762 2555 1860 2607 Da-

300 2645 436 2698 niel.
472 2644 535 2697 Et
568 2653 623 2697 ut
660 2658 943 2712 cognoscas
985 2644 1120 2711 quod
1159 2652 1211 2698 et
1256 2644 1409 2712 primi
1456 2652 1510 2698 et
1543 2646 1859 2712 posteriores

299 2742 433 2789 sunt
460 2734 621 2788 Judzei
655 2752 666 2786 :
697 2736 847 2802 primi
888 2736 1077 2803 quippe
1112 2734 1245 2788 bona
1272 2744 1597 2804 acceperant,
1630 2735 1722 2790 sed
1762 2752 1858 2792 ne-

299 2825 543 2879 sciebant
566 2825 686 2893 quid
714 2826 1054 2892 accepissent,
1090 2834 1145 2879 ut
1176 2841 1266 2894 par
1303 2828 1544 2895 utrinque
1587 2826 1755 2882 fieret.
1783 2828 1857 2881 Ita

297 2927 363 2968 et
388 2915 492 2967 illic
519 2924 637 2968 ante
662 2915 973 2983 baptismum
1000 2916 1195 2985 Spiritu
1224 2916 1418 2983 dignati
1446 2928 1585 2971 sunt.
1614 2917 1700 2972 Sic
1728 2927 1782 2972 et
1808 2919 1859 2972 in

302 3004 610 3058 Abrahamo
648 3006 811 3073 prima
850 3004 945 3059 fuit
978 3006 1062 3059 illa
1094 3008 1374 3060 multitudo
1398 3008 1651 3079 gentium,
1680 3018 1857 3078 poste-

301 3096 422 3149 rior
441 3108 567 3148 vero
592 3094 916 3148 circumcisio
946 3112 958 3147 :
986 3094 1078 3148 sed
1100 3109 1193 3162 per
1216 3096 1671 3151 circumcisionem
1697 3099 1860 3152 salus.

303 3186 436 3239 "sec
458 3186 640 3239 millies
669 3185 931 3253 propheta:
970 3185 1163 3240 Judzeis
1195 3186 1456 3250 dixerunt,
1478 3198 1532 3242 et
1563 3188 1664 3242 nisi
1698 3190 1860 3243 multa

300 3274 449 3345 apud
480 3289 573 3329 vos
596 3283 735 3329 esset
758 3274 992 3341 tarditas,
1020 3275 1174 3329 etiam
1208 3275 1293 3329 ubi
1320 3285 1372 3330 et
1397 3276 1603 3345 quando
1622 3279 1861 3346 aperuis-

302 3381 447 3419 sem.
493 3364 771 3434 Postquam
815 3374 990 3418 autem
1038 3379 1140 3418 non
1185 3365 1539 3432 attenderunt,
1576 3368 1763 3421 transit
1796 3366 1861 3421 ad

301 3466 491 3524 gentes
517 3456 779 3524 deinceps.
808 3456 929 3510 Haec
948 3456 1103 3509 verba
1132 3454 1297 3510 Judmi
1323 3457 1613 3519 audientes.
1638 3456 1863 3528 despue-

302 3548 439 3600 bant
479 3563 490 3597 :
528 3545 738 3615 gentilis
772 3560 888 3599 cum
928 3545 1191 3610 audisset,
1231 3543 1484 3599 adoravit.
1526 3544 1755 3599 Adverte
1798 3560 1861 3601 ea

302 3636 469 3689 etiam
493 3650 604 3703 qua:
632 3634 728 3688 sub
764 3633 969 3687 Christo
994 3634 1323 3701 contigerunt
1346 3633 1570 3688 describi
1610 3649 1703 3702 per
1728 3634 1861 3703 ligu-

303 3739 419 3777 ras.
447 3723 737 3778 Chananaea
773 3722 953 3776 adorat
982 3738 995 3774 :
1022 3721 1186 3775 Judaei
1217 3732 1417 3786 contra,
1462 3722 1735 3775 Dominum
1763 3722 1865 3777 sei-

302 3816 432 3868 licet
456 3814 741 3882 expellunt.
779 3812 851 3865 ita
880 3821 932 3866 et
957 3811 1041 3865 hic
1071 3810 1236 3865 Judtei
1262 3811 1540 3866 Jeremiam
1578 3812 1629 3864 in
1658 3813 1862 3866 vincula

302 3906 700 3974 conjecerunt:
757 3903 1236 3959 Nabuchodonosor
1286 3901 1522 3957 adoravit
1572 3903 1859 3958 Danielem.

305 3998 515 4051 Rursus
563 3996 728 4051 Judaai
770 3995 1033 4063 apostolos
1066 3994 1317 4063 ejiciunt:
1357 3993 1525 4048 (Ξηοὶ
1572 4003 1747 4048 autem
1784 3995 1864 4048 di-

301 4096 436 4141 cunt
454 4085 561 4139 :Dii
584 4086 937 4139 descenderunt
956 4086 1023 4137 ad
1042 4100 1131 4138 nos
1154 4085 1288 4153 (Act.
1321 4085 1406 4138 Μ.
1436 4084 1543 4154 10).
1568 4085 1700 4138 Cum
1720 4087 1861 4140 enim

300 4178 562 4247 judicium
588 4178 700 4231 sine
728 4176 914 4230 affectu
936 4177 1120 4240 fertur,
1150 4176 1505 4244 incorruptum
1536 4184 1634 4239 est,
1668 4192 1729 4229 ac
1750 4177 1861 4230 sin-

304 4283 515 4325 cerum.
551 4266 707 4320 Vides
736 4274 885 4335 typos
917 4266 1229 4319 coruscare?
1267 4265 1321 4319 In
1351 4265 1619 4335 Babylone
1644 4281 1759 4333 qua:
1796 4265 1861 4319 ad

304 4359 581 4413 Christum
610 4366 848 4426 spectant
868 4357 1164 4420 audiuntur,
1197 4366 1249 4411 et
1276 4356 1527 4410 barbarus
1551 4357 1757 4411 auditor
1783 4358 1859 4424 fit,

304 4463 363 4506 ut
399 4450 650 4519 intelligas
684 4464 785 4503 non
815 4448 970 4501 modo
1002 4448 1241 4517 gentiles,
1278 4447 1369 4501 sed
1408 4457 1461 4502 et
1487 4448 1737 4503 barbaros
1765 4449 1862 4503 ista

304 4556 429 4597 esse
467 4541 754 4603 auditurus,
798 4537 1237 4608 quemadmodum
1280 4538 1470 4593 Paulus
1507 4540 1581 4592 ait
1618 4558 1629 4593 :
1662 4540 1864 4593 Debitor

303 4648 421 4685 sum
443 4639 497 4682 ut
518 4629 818 4697 evangelium
848 4628 1108 4695 prwdicem
1135 4625 1321 4679 Graecis
1349 4644 1407 4679 ac
1435 4626 1656 4679 barbaris
1685 4628 1859 4695 (Rom.

303 4724 364 4777 4.
396 4720 502 4788 Η).
554 4720 617 4773 Et
654 4733 719 4772 ne
759 4717 1033 4786 desperes,
1091 4732 1237 4786 spem
1275 4716 1500 4771 delineat
1537 4732 1599 4770 ae
1632 4718 1858 4785 subjicit.

304 4809 462 4875 Quod
500 4809 638 4863 enim
688 4807 867 4861 aberat
912 4805 1377 4874 impedimentum?
1423 4806 1609 4860 Fastus
1649 4808 1857 4876 regalis,

307 4899 516 4957 indoles
556 4900 666 4967 ipsa
704 4897 993 4962 barbarica,
1029 4896 1291 4964 loquentis
1333 4896 1535 4961 vilitas;
1564 4906 1677 4951 erat.
1722 4898 1859 4950 enim

307 4991 577 5058 captivus;
610 4998 738 5041 tetas
773 5002 786 5037 :
820 4995 933 5040 erat
960 4986 1197 5054 juvenis;
1238 4985 1421 5054 religio
1456 4984 1645 5039 aliena.
1682 4985 1863 5054 Neque

309 5094 406 5133 rex
434 5077 561 5131 dixit
587 5094 599 5130 :
635 5074 709 5129 Te
752 5083 834 5126 tua
864 5073 1148 5141 prmvidere
1192 5073 1441 5141 oportuit,
1485 5073 1628 5127 urbis
1658 5082 1758 5126 tua:
1786 5074 1863 5125 vi-

306 5169 498 5222 delicet
521 5168 872 5235 Captivitatem
909 5181 921 5216 :
954 5164 1037 5216 illa
1071 5164 1336 5231 ignorasti,
1367 5172 1420 5217 et
1447 5164 1558 5216 haec
1584 5164 1861 5231 praedicis?

303 5258 499 5326 ingrati
533 5258 675 5313 enim
719 5256 789 5308 ita
833 5253 970 5320 loqui
1012 5253 1181 5306 solent
1226 5270 1238 5305 :
1278 5251 1560 5319 Oportebat
1596 5251 1860 5305 Christum

308 5349 530 5419 Seipsum
559 5347 864 5401 suscitasse.
894 5340 1041 5406 Quod
1070 5340 1262 5393 dictum
1293 5340 1389 5392 fuit
1415 5340 1619 5393 eversio
1641 5348 1754 5393 erat
1779 5355 1863 5393 re-

305 5443 390 5509 gni
417 5436 739 5511 Babylonici,
772 5442 827 5488 et
852 5433 1228 5487 consummatio
1270 5434 1426 5486 totius
1451 5432 1609 5487 orbis.
1652 5432 1718 5486 Et
1745 5446 1860 5487 cre-

300 5534 425 5591 didit
460 5524 980 5589 Nabuchodonosor.
1012 5522 1188 5590 Neque
1213 5523 1373 5587 enim,
1414 5521 1512 5575 nisi
1533 5522 1860 5588 credidisset,

293 5628 639 5685 sacrificasset
668 5614 900 5673 Danieli.
928 5612 1105 5667 Credit
1132 5613 1609 5669 Nabuchodonosor
1636 5612 1705 5681 (ιθ.
1737 5613 1858 5684 46);

282 5722 486 5795 quidam
508 5724 697 5772 autem
720 5721 833 5763 non
850 5702 1079 5761 credunt.
1107 5703 1323 5775 Propter
1350 5703 1447 5759 hoc
1466 5703 1644 5760 multa:
1666 5702 1856 5769 ρι’ωώ-

1668 360 1733 416 IN
1774 359 2135 421 DANIELEM.

3426 390 3542 448 206

1974 481 2176 537 ctiones
2193 482 2403 539 flebant.
2423 484 2476 543 Si
2500 484 2602 543 illa:
2623 498 2866 546 eventum
2892 506 2995 548 non
3025 492 3336 561 habuerunt,
3370 508 3541 564 neque

1975 570 2056 626 his
2071 572 2248 628 crede.
2263 572 2337 629 Ne
2352 586 2525 631 autem
2546 579 2740 634 diutius
2760 596 3053 637 sermonem
3075 582 3352 638 obscurum
3380 585 3539 639 facia-

1974 676 2111 729 mus,
2134 678 2229 734 age
2253 680 2373 720 eum
2392 669 2537 724 vobis
2566 670 2988 741 interpretemur.
3007 674 3249 745 Quinque
3276 674 3405 729 vidit
3428 691 3539 728 ina-

1976 749 2152 817 terias,
2180 767 2386 821 aurum,
2415 766 2708 826 argentum,
2734 774 2827 821 ms,
2852 761 3067 827 ferrum,
3098 772 3306 818 testam.
3337 764 3535 818 Deinde

1974 849 2081 895 tota
2099 842 2268 912 imago
2286 854 2492 915 tempus
2511 856 2593 902 est
2611 856 2664 903 et
2683 852 2933 921 temporis
2943 854 3333 922 consequentia.
3360 853 3426 908 Et
3448 869 3534 908 re-

1971 942 2055 987 cte
2070 933 2199 987 dixit
2220 952 2232 987 :
2252 933 2449 1004 Imago.
2472 936 2687 1008 lmagini
2709 939 2965 1010 siquidem
2976 943 3172 997 similes
3192 952 3316 998 sunt
3337 958 3421 997 res
3439 956 3535 998 noo

1971 1030 2119 1086 strze,
2142 1023 2347 1093 imagini
2376 1025 2691 1081 inanimata.
2715 1026 2784 1082 Et
2800 1028 2932 1084 bene
2943 1030 3113 1101 imago
3136 1046 3202 1085 ex
3225 1046 3374 1086 auro.
3387 1032 3533 1087 Sicut

1971 1111 2111 1165 enim
2136 1127 2322 1167 aurum
2338 1115 2543 1171 etiamsi
2564 1116 2895 1186 splendidum
2926 1120 3015 1187 sit,
3033 1130 3248 1176 tamene
3270 1130 3407 1176 terra
3418 1123 3526 1177 ori-

1972 1209 2056 1254 tur
2075 1218 2090 1255 :
2108 1201 2183 1254 sic
2194 1203 2352 1257 etiam
2367 1214 2549 1259 natura
2572 1218 2771 1272 nostra,
2788 1218 2945 1278 atque
2955 1224 3040 1264 res
3055 1210 3315 1267 humanm.
3334 1213 3400 1267 Et
3413 1213 3531 1269 vide

1970 1300 2026 1344 ut
2046 1292 2214 1360 pulvis
2240 1292 2363 1355 ﬂat.
2402 1296 2544 1362 quod
2568 1296 2769 1351 scilicet
2792 1306 2905 1352 erat
2932 1308 3105 1355 antea.
3139 1300 3291 1370 Atqui
3319 1302 3371 1355 id
3398 1303 3531 1371 lapis

1970 1396 2253 1452 numquam
2299 1383 2500 1439 fecerit.
2555 1386 2844 1443 Conterere
2889 1391 3102 1459 quidem
3155 1402 3328 1461 potest
3374 1394 3525 1463 lapis,

1967 1471 2310 1529 substantiam
2351 1488 2475 1531 vero
2496 1489 2805 1535 convertere
2834 1495 2935 1535 non
2977 1490 3170 1551 potest.
3216 1483 3328 1539 Hoc
3354 1494 3526 1539 tamen

1966 1563 2204 1634 contigit.
2249 1563 2553 1636 Mysterium
2589 1571 2987 1626 resurrectionis
3015 1572 3181 1627 vides.
3223 1572 3354 1628 Cum
3384 1576 3525 1631 enim

1966 1669 2191 1723 corpora
2215 1665 2393 1709 nostra
2423 1656 2474 1711 in
2502 1658 2760 1713 elementa
2793 1660 3126 1715 resolvuntur
3147 1702 3162 1727 ,
3207 1672 3260 1717 et
3287 1663 3350 1717 ad
3390 1665 3527 1718 anti-

1965 1759 2120 1813 quam
2166 1743 2389 1813 redeunt
2431 1756 2705 1811 naturam,
2750 1758 2943 1803 terram
2973 1749 3122 1814 dico,
3162 1758 3285 1805 tunc
3313 1751 3526 1807 advenit

1964 1834 2253 1902 corruptio.
2287 1834 2411 1890 Haec
2438 1844 2610 1889 autem
2637 1839 2811 1891 omnia
2838 1839 2970 1907 lapis
2991 1839 3165 1893 efficit.
3198 1840 3375 1910 itaque
3403 1857 3521 1896 cum

1963 1922 2159 1978 videris
2184 1924 2460 1994 imaginem
2487 1942 2552 1981 ex
2582 1927 2803 1983 diversis
2833 1931 3065 1984 materiis
3093 1940 3437 1999 constantem,
3470 1942 3525 1987 et

1964 2013 2102 2068 illius
2128 2015 2336 2083 quidem
2363 2025 2518 2085 caput
2543 2019 2891 2085 splendidum,
2926 2030 3105 2088 peetus
3124 2037 3249 2076 vero
3265 2021 3517 2089 deterius,

1962 2112 2016 2158 et
2045 2114 2280 2159 ventrem
2321 2105 2683 2175 ignobiliorem
2702 2150 2716 2175 ,
2759 2118 2814 2163 et
2840 2109 2993 2164 tibias
3022 2111 3229 2165 viliores
3254 2151 3269 2175 ,
3300 2112 3521 2166 diversi-

1962 2200 2122 2249 tatem
2152 2193 2288 2249 hanc
2318 2195 2369 2248 in
2391 2195 2506 2250 solo
2528 2205 2741 2265 aspectu
2767 2197 2917 2251 sitam
2935 2213 3051 2253 esse
3071 2199 3333 2253 existima.
3355 2199 3519 2254 Unius

1962 2282 2153 2351 quippe
2197 2282 2537 2352 ejusdemque
2588 2284 2891 2341 substantia:
2941 2288 3115 2342 omnia
3161 2298 3309 2352 sunt;
3368 2290 3521 2358 idque

1962 2379 2188 2426 testatur
2215 2372 2352 2435 linis,
2380 2374 2469 2442 qui
2500 2373 2550 2428 in
2590 2373 2859 2443 pulverem
2888 2384 3070 2430 cuncta
3101 2375 3356 2430 dissolvit.
3403 2376 3516 2431 Non

1963 2476 2119 2531 parva
2146 2471 2228 2516 est
2251 2463 2350 2517 ista
2377 2463 2727 2533 philosophia.
2777 2464 3022 2518 Animum
3050 2466 3264 2521 adverte
3292 2465 3358 2520 ad
3385 2468 3519 2522 hanc

1963 2551 2366 2621 philosophiam,
2388 2561 2439 2605 et
2453 2568 2483 2606 a
2498 2553 2656 2607 rebus
2674 2569 2791 2623 qua:
2814 2563 2933 2609 ante
2954 2556 3134 2609 oculos
3154 2558 3518 2619 obversantur,

1960 2642 2028 2695 ab
2055 2642 2343 2711 imperante
2372 2642 2635 2697 deducens
2662 2657 2860 2712 regem,
2890 2643 3080 2700 deinde
3104 2644 3406 2715 prtefectum
3431 2648 3518 2716 qui

1962 2740 2081 2800 post
2106 2746 2280 2800 regem
2298 2739 2445 2787 estet
2466 2733 2557 2787 aeri
2586 2733 2886 2802 respondet,
2919 2734 3041 2787 item
3067 2749 3158 2789 eos
3178 2734 3266 2804 qui
3293 2750 3520 2805 sequun-

1963 2830 2064 2883 tur.
2084 2822 2274 2892 quique
2297 2830 2351 2877 ut
2374 2823 2561 2877 lictiles
2576 2838 2637 2879 ac
2662 2822 2816 2878 ferrei
2842 2834 3301 2892 reprazsentantur.
3329 2826 3516 2880 Verum

1962 2911 2006 2963 si
2030 2910 2095 2964 ad
2121 2911 2416 2980 sepulcrum
2446 2911 2653 2966 veneris
2674 2952 2686 2975 ,
2718 2911 2924 2966 etiamsi
2950 2912 3245 2967 sexcenties
3275 2914 3345 2967 ibi
3385 2930 3519 2983 quo-

1963 3016 2065 3070 que
2090 3002 2193 3055 vim
2225 3001 2397 3055 facere
2423 3002 2697 3056 videantur
2715 3044 2730 3068 ,
2760 3001 2883 3056 dum
2912 3016 3126 3057 auream
3154 3018 3339 3058 urnam
3366 3005 3520 3060 ador-

1964 3104 2123 3161 nant,
2163 3094 2385 3163 aspicies
2411 3103 2583 3149 tamen
2614 3096 2821 3150 illorum
2846 3095 3083 3149 eamdem
3114 3106 3520 3163 esseqnaturam.

1964 3186 2159 3241 lterum
2180 3186 2305 3239 mihi
2327 3185 2600 3240 considera
2621 3185 2835 3241 divitem
2863 3187 3007 3240 illum
3036 3196 3089 3242 et
3108 3188 3335 3242 vinctum
3354 3186 3521 3256 (Pau-

1966 3275 2086 3344 lus);
2108 3278 2230 3330 item
2265 3276 2408 3330 illum
2433 3276 2645 3329 divitem
2672 3286 2725 3331 et
2750 3276 2816 3330 ad
2839 3285 3022 3330 testam
3047 3291 3210 3346 usque
3240 3292 3521 3346 pauperem

1964 3366 2168 3435 (Jobtts)
2199 3385 2212 3419 :
2240 3375 2395 3435 atque
2445 3367 2687 3421 universa
2732 3366 3000 3435 pulverem
3045 3381 3162 3422 esse
3208 3370 3519 3437 conspicies.

1968 3456 2157 3511 Verum
2178 3455 2417 3509 observa.
2435 3455 2547 3509 Non
2571 3456 2713 3524 prius
2726 3462 2914 3511 cuncta
2942 3457 3108 3524 pulvis
3121 3471 3236 3511 esse
3253 3458 3361 3510 visa
3378 3470 3518 3521 sunt.

1963 3560 2120 3615 quam
2160 3543 2290 3613 lapis
2310 3545 2619 3599 decidisset.
2651 3545 2736 3598 δι.
2770 3561 2788 3594 ι
2816 3544 3039 3598 Videbas
3066 3544 3235 3599 donec
3259 3545 3523 3601 abscissus

1964 3643 2046 3688 est
2072 3635 2200 3703 lapis
2220 3633 2283 3688 de
2309 3644 2488 3688 monte
2508 3674 2521 3696 ,
2553 3635 2667 3687 sine
2706 3634 2946 3688 manibus
2971 3650 2986 3686 :
3015 3641 3069 3687 et
3095 3635 3355 3703 percussit
3392 3636 3523 3688 ima-

1964 3725 2161 3794 ginem,
2205 3733 2259 3777 et
2285 3723 2447 3793 pedes
2483 3722 2685 3777 ferreos
2713 3738 2775 3777 ac
2799 3732 3055 3778 testaceos
3086 3742 3098 3777 :
3138 3733 3190 3778 et
3214 3724 3523 3779 comminuit

1963 3830 2057 3871 eos
2081 3815 2132 3869 iu
2160 3816 2334 3869 tinem.
2359 3815 2444 3869 35.
2469 3814 2615 3869 Tunc
2634 3814 2951 3869 comminuta
2982 3824 3102 3869 sunt
3126 3816 3337 3869 omnino
3369 3824 3520 3878 testa.

1966 3902 2198 3968 ferrum,
2237 3918 2344 3969 tes,
2387 3910 2659 3971 argentum
2686 3943 2702 3968 ,
2729 3917 2913 3955 aurum
2946 3919 2959 3955 :
2988 3913 3042 3957 et
3065 3902 3198 3956 facta
3226 3911 3347 3956 sunt
3372 3906 3541 3971 quasi,

1963 3994 2135 4063 pulvis
2167 3993 2235 4046 de
2271 4007 2393 4045 area
2418 3992 2596 4045 aestiva
2628 4007 2641 4044 :
2667 3999 2721 4045 et
2756 3991 2941 4045 extulit
2965 4005 3024 4044 ea
3051 3992 3327 4045 multitudo
3355 3994 3520 4056 venti,

1964 4091 2019 4136 ct
2059 4083 2202 4135 locus
2242 4095 2346 4134 non
2386 4088 2467 4134 est
2509 4080 2750 4135 inventus
2797 4080 2917 4134 illis.
2952 4098 2969 4132 ι
3015 4080 3130 4136 Νοη
3159 4082 3299 4136 enim
3340 4097 3520 4138 earum

1965 4186 2140 4225 rerum
2181 4179 2366 4224 natura
2392 4170 2597 4238 cognita
2634 4169 2749 4235 fuit,
2789 4169 2956 4225 donec
2984 4172 3059 4224 sol
3084 4170 3299 4239 justilite
3320 4182 3399 4225 est
3427 4186 3522 4225 ex-

1964 4274 2112 4318 ortus
2143 4282 2155 4315 :
2185 4264 2301 4334 quia
2325 4278 2507 4316 aurum
2535 4278 2637 4316 non
2666 4278 2852 4316 aurum
2877 4271 2975 4317 est.
3028 4262 3155 4316 Vide
3189 4271 3365 4321 autem
3388 4273 3441 4315 ct
3469 4264 3520 4315 iu

1965 4354 2062 4407 hac
2084 4353 2192 4422 ipsa
2215 4368 2272 4406 re
2298 4368 2399 4405 non
2416 4360 2534 4421 post
2549 4352 2933 4413 contritioncm,
2963 4350 3055 4403 sed
3076 4352 3333 4410 stantibus
3350 4350 3522 4404 adhuc

1964 4443 2230 4509 omnibus,
2274 4442 2468 4495 nullam
2498 4442 2767 4495 materiam
2795 4441 2897 4495 alia
2934 4455 3050 4494 esse
3078 4441 3516 4510 praestantiorem.

1967 4534 2116 4598 Vide,
2143 4543 2195 4588 et
2224 4542 2457 4600 aspectu,
2488 4542 2540 4586 et
2567 4540 2816 4600 tempore,
2848 4543 2898 4586 et
2922 4532 3168 4600 qualitate
3194 4541 3396 4587 tantum
3426 4531 3521 4586 has

1966 4623 2066 4675 illis
2090 4635 2207 4675 esse
2234 4620 2498 4674 meliores.
2547 4620 2669 4674 ideo
2694 4621 2836 4675 enim
2855 4621 2990 4675 Dens
3016 4637 3199 4679 aurum
3224 4636 3430 4692 quoque
3454 4623 3521 4677 de

1966 4724 2103 4767 terra
2132 4711 2274 4774 fecit,
2297 4712 2500 4765 utnihil
2520 4727 2771 4781 magnum
2790 4712 2855 4767 de
2884 4713 2974 4768 illo
2999 4714 3317 4785 imagineris.
3349 4715 3521 4782 Quare

1964 4813 2138 4857 autem
2164 4817 2380 4871 regnum
2410 4802 2936 4858 Nabuchodonosoris
2956 4814 3107 4859 vocat
3135 4821 3371 4870 aureum,
3396 4806 3497 4859 Per

1964 4907 2138 4947 sarum
2164 4901 2338 4946 autem
2367 4902 2689 4962 argenteum,
2717 4893 3062 4949 Macedonum
3088 4911 3301 4958 :ereum,
3330 4896 3519 4949 Roma-

1966 4996 2151 5035 norum
2204 4981 2435 5037 ferreum
2492 4993 2651 5053 atque
2697 4987 3020 5038 testaceum?
3067 4985 3194 5037 Vide
3242 4984 3524 5055 dispositas

1964 5071 2341 5126 convenienter
2369 5074 2632 5126 materias.
2683 5072 2811 5126 Nam
2841 5088 3024 5127 aurum
3063 5074 3271 5130 divitias
3308 5076 3520 5144 quidem

1966 5170 2349 5229 repraesentat:
2382 5162 2663 5216 invalidum
2703 5172 2785 5216 est
2821 5172 3028 5227 autem,
3074 5173 3129 5219 et
3174 5165 3240 5219 ad
3283 5164 3520 5220 fraudem

1964 5263 2120 5321 atque
2146 5252 2211 5305 ad
2248 5260 2487 5305 ornatum
2516 5266 2578 5305 ac
2620 5252 3062 5321 magnificentiam
3102 5254 3269 5323 magis
3309 5270 3520 5309 accom-

1966 5342 2255 5395 modatum.
2297 5340 2384 5395 Sic
2417 5349 2469 5395 et
2507 5356 2721 5409 regnum
2754 5341 3096 5409 Babylonium
3125 5344 3329 5397 barbari
3360 5344 3519 5399 illius.

1966 5432 2182 5486 Multum
2205 5446 2367 5502 penes
2404 5431 2575 5501 ipsum
2603 5442 2657 5487 ct
2685 5433 2823 5501 apud
2851 5434 3099 5488 barbaros
3121 5444 3233 5489 erat
3259 5436 3369 5488 auri
3403 5453 3416 5487 :
3450 5436 3520 5489 ibi

1966 5537 2192 5592 namque
2238 5522 2475 5577 feruntur
2521 5538 2641 5577 esse
2698 5524 2926 5577 metalla.
2983 5525 3184 5578 Etenim
3234 5539 3266 5577 a
3301 5524 3519 5579 Scribus

1966 5614 2161 5668 divitia:
2187 5630 2387 5685 magum
2418 5622 2719 5683 portantur,
2757 5614 2849 5669 sed
2886 5615 3111 5669 inutiles.
3148 5614 3314 5683 Caput
3344 5624 3520 5670 autem

1972 5710 2229 5769 occupat,
2272 5704 2392 5773 quia
2419 5719 2635 5776 regnum
2676 5704 2800 5762 illud
2828 5704 2921 5760 fuit
2950 5704 3193 5777 primum.
3246 5704 3522 5768 Persarum
