4112 6486
309 365 430 426 209

310 472 581 543 originem
614 476 835 535 duxisse
875 494 938 534 ex
985 494 1182 550 genere
1232 483 1415 552 regio;
1459 483 1715 553 plurimos
1743 485 1899 539 etiam

312 563 481 621 fuisse
504 568 766 624 inﬁdeles.
789 572 877 626 44.
907 591 925 623 ι
958 572 1023 626 Et
1046 573 1097 626 in
1125 573 1309 627 diebus
1348 591 1530 645 regum
1555 576 1762 630 illorum
1783 590 1899 629 sns-

309 657 501 711 citabit
542 658 683 715 Deus
720 663 833 717 emli
867 677 1104 731 regnum,
1159 664 1298 734 quod
1340 666 1391 719 in
1433 666 1623 719 smcula
1658 682 1761 721 non
1785 681 1903 721 cor-

312 758 595 817 rumpetur
627 766 639 802 :
673 762 727 805 et
776 768 991 822 regnum
1035 754 1150 824 ejus
1195 756 1388 826 populo
1416 757 1569 812 alteri
1608 773 1711 811 non
1740 758 1902 813 relin-

315 848 554 907 quetur:
582 842 910 897 comminuet
958 854 1011 898 et
1038 846 1310 900 ventilabit
1346 847 1585 903 universa
1616 864 1775 919 regna
1808 866 1821 902 :
1850 858 1904 904 et

316 930 500 997 ipsum
529 941 779 1002 exsurget
808 934 858 987 in
896 936 1109 990 saecula.
1144 955 1163 988 ι
1195 938 1456 998 Adducito
1494 940 1624 995 mihi
1668 942 1771 996 huc
1804 941 1899 997 Ju-

311 1020 489 1075 dmos.
514 1021 648 1089 Quid
666 1023 731 1078 de
758 1024 856 1079 hac
873 1026 1144 1095 prophetia
1160 1028 1348 1083 dicturi
1366 1032 1520 1085 sunt?
1548 1030 1731 1102 Neque
1759 1034 1900 1088 enim

309 1111 561 1179 profecto
580 1113 647 1169 de
664 1114 892 1170 humano
918 1133 1081 1187 regno
1116 1119 1229 1175 hanc
1257 1122 1333 1175 fas
1358 1131 1439 1177 est
1464 1123 1663 1191 dicere,
1695 1126 1899 1181 scilicet

308 1218 541 1273 regnum
567 1206 830 1262 inﬁnitum
857 1210 1005 1265 fore:
1036 1211 1132 1266 sed
1157 1224 1366 1282 oportet
1391 1216 1622 1285 aliquem
1651 1233 1769 1273 esse
1787 1260 1802 1284 ,
1826 1218 1894 1275 de

308 1309 428 1364 quo
468 1296 581 1351 haec
608 1298 746 1353 dicta
775 1309 915 1354 sunt.
942 1301 1095 1367 Quod
1137 1305 1179 1357 si
1206 1304 1403 1360 dixeris
1422 1347 1438 1373 ,
1467 1307 1532 1362 de
1564 1309 1717 1364 Patre
1767 1326 1890 1378 pro-

308 1384 422 1439 lata
469 1386 662 1453 fuisse,
688 1399 742 1444 at
769 1391 890 1445 audi
931 1394 1055 1461 quid
1086 1394 1293 1450 dicatur
1327 1415 1340 1450 :
1368 1397 1436 1451 In
1487 1400 1659 1454 diebus
1723 1418 1896 1471 regum

306 1477 522 1531 illorum
551 1496 570 1533 :
600 1480 953 1537 Romanorum
979 1485 1240 1541 videlicet.
1263 1487 1412 1556 Quod
1437 1490 1481 1543 si
1508 1490 1685 1546 dicant
1708 1510 1721 1546 :
1748 1492 1894 1558 Quo-

306 1567 479 1622 modo
520 1584 703 1624 aurum
731 1580 1007 1628 conterere
1032 1576 1230 1642 potuit,
1257 1592 1447 1647 nempe
1470 1595 1687 1651 regnum
1717 1582 1892 1653 Baby-

307 1657 577 1713 loniorum
599 1700 614 1726 ,
646 1662 784 1731 quod
809 1661 917 1731 jam
939 1664 1067 1718 olim
1087 1674 1201 1719 erat
1226 1666 1598 1723 destructum?
1627 1672 1893 1741 quomodo

306 1751 477 1804 etiam
527 1763 836 1821 argentum,
897 1754 1148 1809 nimirum
1194 1772 1414 1827 regnum
1466 1759 1783 1815 Persarum?
1836 1772 1891 1817 et

303 1841 582 1910 quomodo
606 1857 710 1907 ais,
733 1843 933 1898 scilicet
958 1860 1174 1915 regnum
1194 1846 1577 1903 Macedonum?
1608 1851 1722 1905 haec
1747 1853 1889 1906 enim

305 1932 584 2001 quondam
609 1934 814 1988 fuerant
840 1944 894 1989 et
920 1935 1078 1989 ﬁnem
1106 1948 1441 2008 acceperant.
1477 1941 1668 1994 Verum
1701 1958 1767 1996 ne
1793 1944 1890 1996 mi-

304 2024 485 2086 reris,
541 2024 840 2080 carissime.
896 2025 951 2080 Si
1002 2028 1143 2081 enim
1196 2028 1391 2083 Paulus
1440 2045 1601 2085 ausus
1649 2047 1755 2087 non
1808 2043 1890 2088 est

303 2122 494 2180 aperte
517 2114 692 2183 loqui;
727 2115 817 2170 sed
858 2116 928 2170 ait
961 2136 973 2171 :
1017 2117 1185 2171 Donec
1206 2120 1294 2188 qui
1323 2128 1451 2173 tenet
1481 2122 1542 2174 de
1570 2124 1730 2175 medio
1757 2124 1845 2191 ﬁat
1869 2140 1888 2177 :

304 2206 482 2258 multo
511 2206 675 2276 magis
705 2208 980 2277 prepheta.
1021 2209 1273 2277 Quantam
1302 2212 1443 2267 enim
1464 2254 1478 2279 ,
1524 2230 1707 2284 quaaso
1728 2257 1741 2281 ,
1775 2217 1882 2269 uti-

307 2292 438 2346 litas
468 2310 534 2348 ex
562 2306 743 2364 aperta
789 2297 1097 2366 loquutione
1122 2308 1235 2353 orta
1265 2299 1485 2355 fuisset?
1512 2301 1566 2357 Si
1596 2312 1770 2358 autem
1801 2305 1885 2358 di-

302 2384 505 2451 xerint,
526 2386 642 2451 Quo
669 2397 821 2457 pacto
837 2390 1084 2443 contrivit
1099 2406 1172 2445 :cs
1193 2406 1255 2445 ac
1274 2391 1507 2446 ferrum?
1528 2392 1644 2448 haec
1663 2397 1884 2464 quaestio

304 2475 416 2528 erit
444 2478 762 2533 communis.
814 2478 1023 2534 Etenim
1067 2480 1133 2535 de
1182 2482 1308 2550 ipsis
1334 2483 1553 2551 perinde
1596 2496 1882 2553 quarretnr,

302 2565 576 2633 quomodo
593 2567 701 2635 jam
716 2569 976 2624 exstincta
1001 2585 1164 2639 regna
1191 2571 1611 2639 destruat?Quia
1635 2575 1883 2629 nimirum

301 2656 538 2711 destruit
559 2659 662 2711 alia
693 2674 854 2728 regna
877 2702 890 2725 ,
921 2662 973 2715 in
998 2663 1189 2731 quibus
1213 2661 1327 2718 bmc
1352 2664 1709 2719 continentur.
1739 2666 1883 2720 Alio-

302 2748 435 2815 quin
460 2757 634 2802 autem
668 2748 717 2802 id
745 2751 976 2805 latenter
1004 2752 1344 2820 Operabatur,
1372 2768 1493 2807 cum
1539 2756 1699 2809 etiam
1727 2768 1882 2811 antea

298 2840 452 2893 Deus
477 2849 651 2903 esset,
680 2842 775 2897 sed
808 2844 1038 2897 nondum
1068 2844 1188 2899 ideo
1219 2846 1363 2900 visus
1383 2886 1398 2909 ,
1445 2855 1502 2900 ut
1528 2861 1622 2900 vos
1643 2848 1761 2917 jure
1784 2849 1876 2904 du-

302 2928 567 2985 bitaretis.
594 2930 745 2997 Quod
776 2934 817 2985 si
841 2933 958 3002 quis
982 2934 1204 2988 voluerit
1228 2935 1385 2989 etiam
1409 2936 1461 2990 in
1485 2937 1727 3005 praesenti
1754 2948 1883 2991 tem-

301 3034 438 3090 pore
495 3022 738 3091 accipere
793 3024 1126 3093 pr0phetiam
1156 3067 1171 3091 ,
1219 3041 1549 3096 nequaquam
1596 3027 1877 3082 aberravit.

298 3111 576 3178 Siquidem
623 3129 766 3169 nunc
815 3131 1024 3185 quoque
1071 3119 1319 3171 contrivit
1343 3133 1537 3187 regna,
1581 3121 1880 3187 superbimn

300 3203 653 3260 Macedonum
681 3210 757 3278 (et
786 3208 1166 3280 Romanorum)
1217 3210 1530 3278 poteutiam.
1579 3211 1707 3265 Cum
1739 3213 1880 3266 enim

299 3297 502 3351 videris
556 3307 818 3369 martyres
862 3299 930 3354 ad
960 3300 1051 3355 Dei
1102 3299 1411 3354 mandatum
1458 3300 1782 3370 implendum
1828 3302 1882 3357 id

300 3385 599 3453 facientes,
648 3389 754 3444 imo
780 3400 835 3445 et
861 3402 1086 3446 mortem
1144 3392 1509 3447 sustinentes:
1554 3392 1755 3448 videbis
1794 3410 1882 3449 re-

298 3494 465 3547 gnum
516 3480 691 3542 illius,
737 3491 793 3537 et
835 3482 1104 3551 quomodo
1151 3492 1345 3538 terram
1390 3484 1696 3554 repleverit.
1732 3484 1883 3541 Nosti

300 3570 634 3638 proplietias.
663 3572 717 3627 Si
747 3588 865 3642 qum.
889 3573 955 3627 ab
982 3574 1085 3628 illis
1114 3574 1362 3643 praedicta
1392 3574 1603 3630 fuerant
1628 3591 1732 3630 non
1758 3592 1884 3632 eve-

302 3671 528 3725 nerunt,
558 3679 655 3718 nec
701 3666 1142 3720 consummationi
1197 3668 1376 3722 crede.
1428 3668 1626 3723 Deinde
1656 3670 1880 3739 adjicit:

300 3750 401 3805 65.
438 3767 455 3801 ι
493 3749 639 3805 Sicut
668 3752 845 3806 vidisti
866 3754 933 3808 de
961 3764 1139 3809 monte
1162 3757 1458 3811 abscissum
1488 3772 1606 3812 esse
1651 3759 1879 3828 lapidem

299 3841 425 3895 sine
480 3842 754 3907 manibus,
791 3844 879 3913 qui
907 3845 1220 3898 comminuit
1250 3855 1435 3899 testam
1458 3887 1473 3910 ,
1506 3846 1701 3901 ferrum
1724 3889 1739 3912 ,
1768 3863 1841 3902 tes
1861 3889 1878 3915 ,

299 3942 613 4000 argentum,
644 3948 829 3987 aurum
856 3973 871 3999 ,
898 3933 1038 3989 Deus
1070 3934 1319 3990 iudicavi:
1351 3937 1459 4005 regi
1490 3952 1609 4007 quae
1638 3946 1881 4007 Oporteat

302 4020 424 4075 ﬁeri
459 4031 576 4091 post
602 4024 735 4078 haec.
765 4024 830 4078 Et
852 4039 1033 4080 verum
1058 4035 1136 4079 est
1163 4027 1426 4081 somnium
1445 4069 1457 4092 ,
1482 4036 1536 4082 et
1560 4026 1727 4083 ﬁdelis
1753 4044 1883 4084 con-

293 4113 507 4183 jectura
534 4115 667 4184 ejus.
717 4116 847 4171 Vide
871 4118 1137 4186 quomodo
1177 4118 1331 4172 ﬁdem
1375 4118 1614 4173 adstruat
1657 4121 1720 4174 iis
1761 4135 1880 4190 qnte

298 4202 531 4257 dixerat.
566 4204 647 4257 Ex
689 4205 848 4259 rebus
883 4205 1178 4261 manufestis
1207 4206 1433 4261 obscura
1480 4208 1701 4276 probat,
1726 4210 1878 4277 quasi

297 4293 515 4348 diceret
565 4313 576 4348 :
614 4294 833 4349 Narravi
878 4297 1176 4363 somnium,
1234 4298 1655 4368 interpretationi
1694 4299 1877 4354 crede.

298 4383 441 4450 Quid
468 4383 623 4453 igitur
648 4385 773 4439 rex?
796 4385 884 4440 46.
919 4385 1087 4452 Tunc,
1120 4387 1319 4456 inquit,
1347 4404 1436 4442 rex
1468 4386 1877 4442 Nabuchodono-

296 4490 389 4527 sor
431 4476 604 4527 cecidit
634 4476 684 4529 in
713 4476 892 4547 faciem
929 4493 1098 4542 suam,
1125 4486 1168 4529 et
1208 4476 1466 4531 Danielem
1512 4479 1738 4532 adoravit
1766 4495 1784 4531 :
1830 4487 1877 4532 et

299 4580 494 4617 ntanna
519 4575 665 4637 alque
692 4566 875 4620 bonum
910 4568 1111 4622 odorem
1159 4568 1285 4622 dixit
1304 4578 1355 4621 ut
1399 4568 1606 4623 libarent
1651 4571 1714 4624 ei.
1746 4570 1877 4625 Tam

298 4655 414 4708 cito
444 4655 646 4709 Danieli
666 4657 926 4711 creditum
958 4667 1058 4712 est.
1088 4660 1165 4712 Ae
1191 4661 1379 4713 merito
1412 4661 1661 4729 pnccepit
1686 4675 1879 4715 manna

299 4754 363 4799 et
385 4744 579 4798 bonum
604 4745 821 4801 odorem
856 4747 1007 4802 libari
1027 4748 1101 4803 ei.
1129 4749 1287 4803 Vides
1325 4751 1609 4804 maximum
1649 4752 1878 4806 miracu-

303 4835 441 4888 lum.
480 4835 636 4890 Vides
658 4846 713 4890 ut
742 4852 857 4891 mos
888 4838 958 4891 sit
998 4839 1282 4908 gentilibus
1309 4854 1371 4893 ex
1406 4840 1705 4894 hominibus
1748 4841 1875 4897 deos

301 4925 504 4981 facere.
554 4924 732 4997 Itaque
760 4928 971 4997 quando
1012 4929 1287 4983 dixerint:
1343 4930 1495 4986 Unde
1540 4929 1874 4985 idololatria?

302 5017 623 5086 principium
654 5018 794 5071 illius
824 5018 989 5073 disce.
1016 5019 1102 5073 Sic
1128 5021 1396 5090 apostolos
1425 5035 1636 5090 quoque
1678 5036 1741 5075 es
1775 5022 1875 5076 ho-

301 5107 540 5163 minibus
564 5107 693 5163 deos
732 5107 992 5163 faciebant
1018 5110 1152 5179 (Act.
1181 5112 1266 5164 14.
1297 5112 1384 5165 Η.
1425 5121 1468 5165 et
1488 5110 1575 5166 28.
1600 5109 1675 5180 6).
1704 5112 1793 5167 Sic
1821 5121 1875 5168 et

301 5196 548 5251 diabolus
582 5198 649 5252 ab
671 5197 821 5252 initio
842 5199 1165 5268 impietatem
1193 5201 1529 5257 introducere
1564 5203 1871 5270 contendit,

301 5289 489 5344 dicens
512 5308 527 5344 :
552 5287 714 5346 Eritis
738 5290 864 5343 sicut
904 5290 974 5342 dii
1000 5290 1149 5359 (Gen.
1192 5293 1243 5346 5.
1269 5293 1343 5359 5).
1385 5292 1450 5346 Et
1475 5294 1721 5362 quoniam
1751 5302 1875 5348 tunc

304 5394 414 5435 non
440 5380 639 5445 valuit,
670 5387 792 5449 post
826 5379 915 5433 illa
946 5379 997 5433 id
1025 5388 1226 5448 tentat,
1257 5382 1450 5452 ubique
1474 5383 1723 5437 obnitens
1747 5382 1875 5437 deo-

303 5487 423 5527 rum
446 5470 837 5526 multitudinem
866 5468 1221 5525 tntrodueere.
1251 5474 1337 5526 47.
1365 5472 1431 5525 Et
1458 5474 1760 5542 respondens
1785 5488 1874 5527 rex

302 5564 431 5616 dixit
454 5561 663 5617 Danieli
685 5577 703 5613 :
730 5558 797 5613 In
818 5560 1021 5613 veritate
1044 5562 1156 5614 novi
1176 5564 1308 5631 quod
1335 5563 1467 5617 Deus
1490 5573 1643 5617 vester
1671 5566 1776 5633 ipse
1801 5574 1873 5619 est

300 5650 441 5707 Dens
481 5652 674 5715 vivens,
720 5658 767 5702 et
794 5648 1036 5703 Dominus
1058 5666 1247 5719 regum.
1290 5651 1399 5708 lloc
1428 5653 1543 5707 solo
1584 5653 1825 5707 inductus
1853 5678 1881 5717 ,-

292 5746 470 5801 statim
506 5738 742 5799 credidit
780 5756 872 5797 rex
902 5756 915 5794 :
943 5739 1109 5795 δυόωὶ
1138 5756 1290 5803 vero,
1338 5757 1457 5797 cum
1500 5743 1660 5798 millia
1690 5742 1867 5813 hujus-

1694 371 1758 426 IN
1800 369 2140 426 DANIELEM

3474 401 3589 459 210

2009 485 2151 539 modi
2172 485 2448 553 audirent,
2468 504 2570 543 non
2590 492 3117 553 attendebant.Vidcs
3136 515 3239 569 qua
3258 502 3461 558 ratione
3484 505 3577 557 tibi

2007 576 2251 630 ostendat
2295 580 2525 648 gentium
2569 592 2773 651 gratum
2820 588 3094 643 animum?
3137 590 3579 663 Quandoquidem

2007 669 2145 721 enim
2169 669 2609 734 aderatdeinct'ps
2626 684 2852 745 tempus,
2878 679 2928 732 in
2947 696 3050 748 quo
3066 684 3346 752 oportebat
3364 686 3430 740 ad
3445 702 3584 755 gen-

2007 758 2123 814 tiles
2151 760 2574 829 praadicationcm
2598 768 2852 837 evangelii
2878 774 3179 841 exportari,
3202 776 3501 846 anticipans
3520 794 3581 835 se

2005 861 2221 906 excusat
2238 869 2330 922 per
2347 854 2554 909 illorum
2576 860 2955 928 progenitores,
2983 865 3325 935 ostenditque
3343 883 3445 923 non
3472 868 3580 923 fru-

2005 949 2113 995 stra
2132 956 2229 997 nec
2247 950 2447 999 temere
2469 945 2691 1014 gentiles
2717 946 2911 1004 Ιυάειεὶε
2933 967 2960 1002 a
2977 967 3037 1007 se
3053 949 3217 1010 fuisse
3238 956 3575 1026 pmpositos.

2602 1078 2825 1138 CAPUT
2864 1083 2950 1138 Ill.

2075 1208 2127 1262 l.
2165 1226 2185 1260 ι
2221 1209 2373 1263 Anno
2396 1208 2602 1265 decimo
2626 1222 2812 1267 octavo
2840 1213 2917 1287 (α)
2956 1216 3451 1276 Nabuchodonosor
3479 1239 3574 1279 rex

2003 1296 2132 1354 fecit
2175 1300 2453 1371 imaginem
2484 1317 2695 1358 auream
2735 1322 2751 1359 :
2805 1306 3029 1362 altitudo
3092 1309 3209 1378 ejus
3266 1312 3571 1367 cubitorum

1999 1391 2305 1461 sexaginta,
2338 1401 2395 1447 et
2438 1392 2664 1450 latitudo
2702 1396 2816 1465 ejus
2852 1398 3151 1454 cubitorum
3190 1416 3283 1456 sex
3323 1420 3338 1457 :
3378 1413 3432 1458 et
3466 1415 3576 1459 sta-

2003 1483 2102 1536 tuit
2136 1498 2251 1537 eam
2294 1484 2345 1537 in
2383 1499 2569 1555 campo
2611 1487 2778 1542 Decra
2830 1489 2882 1543 in
2937 1492 3206 1560 provincia
3260 1495 3547 1566 Babylonis

1996 1570 2050 1625 2.
2115 1574 2179 1627 Et
2228 1574 2715 1633 Nabuchodonosor
2752 1581 2893 1634 misit
2952 1593 3329 1653 congregatum
3379 1602 3568 1644 omnes

1997 1671 2304 1729 summates,
2326 1673 2377 1719 et
2402 1675 2672 1735 pnetores,
2707 1670 2984 1739 przesidcs,
3017 1672 3181 1728 duces
3210 1684 3263 1730 et
3287 1683 3566 1748 tyrannos,

1995 1760 2048 1803 et
2078 1752 2128 1804 in
2175 1753 2525 1822 potestatibus
2569 1758 2923 1820 constitutos,
2962 1770 3016 1813 et
3052 1776 3239 1817 omnes
3288 1766 3563 1835 regionum

1998 1843 2351 1910 magistratus,
2382 1854 2437 1899 ut
2482 1847 2721 1901 venirent
2746 1850 2810 1901 ad
2850 1849 3238 1908 dedicationem
3279 1856 3561 1925 imaginis,

1995 1949 2152 2001 quam
2183 1944 2437 1990 statuerat
2461 1937 2947 1994 Nabuchodonosor
2969 1956 3082 1996 rex.
3120 1962 3138 1995 ι
3172 1945 3361 2013 Aspice
3388 1947 3571 2015 splen-

1999 2024 2210 2078 dentem
2243 2041 2420 2080 rerum
2451 2030 2726 2083 veritatem
2753 2048 2764 2080 τ
2801 2040 2855 2084 et
2882 2042 3025 2086 certe
3049 2050 3202 2101 quem
3231 2051 3333 2088 non
3363 2036 3575 2106 puduis«

1990 2122 2073 2169 set
2100 2114 2351 2184 ﬂagitium
2382 2118 2517 2186 regis
2544 2119 2847 2173 revelasse?
2873 2119 3006 2187 Quid
3037 2121 3204 2175 dicis?
3231 2123 3320 2177 ille
3353 2125 3441 2193 qui
3473 2126 3569 2180 ad-

1990 2206 2185 2270 oravit,
2217 2207 2303 2276 qui
2332 2222 2519 2263 manna
2548 2209 2759 2273 libavit,
2789 2212 2876 2279 qui
2918 2212 3080 2266 Deum
3110 2214 3244 2268 adeo
3266 2214 3566 2285 honoravit,

1989 2294 2074 2363 qui
2102 2295 2388 2351 admiratus
2411 2307 2522 2362 est,
2551 2308 2605 2353 et
2629 2314 2786 2368 supra
2815 2300 3029 2354 modum
3056 2302 3351 2372 obstupuit,
3378 2305 3563 2373 illene,

1989 2400 2087 2439 nec
2114 2386 2268 2455 longo
2297 2396 2529 2455 tempore
2570 2389 2751 2457 elapso
2770 2430 2783 2454 ,
2826 2391 3001 2444 statim
3031 2392 3097 2445 ad
3126 2394 3352 2461 priorem
3381 2411 3567 2452 rever-

1989 2478 2115 2531 titur
2154 2480 2433 2533 errorem?
2462 2480 2686 2534 Pulchre
2724 2496 2869 2536 sane.
2903 2482 3017 2539 Non
3059 2484 3200 2538 enim
3241 2502 3361 2541 eum
3402 2489 3569 2558 signis

1987 2567 2406 2638 obstupefeeistis
2430 2592 2442 2626 :
2470 2586 2589 2625 nam
2619 2571 2745 2625 nihil
2773 2572 2960 2627 horum
2986 2577 3562 2645 cogitaruntjuvenes;

1986 2669 2038 2711 at
2078 2675 2235 2713 unum
2275 2660 2605 2717 solummodo
2643 2676 3025 2732 respexerunt,
3071 2668 3336 2735 quomodo
3366 2670 3565 2725 verita-

1988 2758 2089 2803 tem
2114 2749 2303 2805 nudam
2326 2750 2670 2822 deponerent.
2694 2754 2975 2822 Postquam
2998 2756 3139 2810 enim
3161 2756 3247 2810 ille
3268 2758 3453 2814 urbem
3476 2775 3568 2815 ce-

1987 2849 2137 2909 perat
2175 2840 2193 2911 (
2219 2848 2341 2896 tunc
2367 2844 2559 2912 quippe
2587 2842 2969 2915 Jerosolymam
3004 2848 3353 2916 expugnavit,
3384 2858 3439 2904 et
3476 2850 3563 2905 illa

1986 2932 2178 3001 potitus
2218 2935 2374 3004 est),
2405 2936 2570 2989 erexit
2614 2935 2891 3005 imaginem
2917 2977 2932 3003 ,
2977 2938 3110 2992 forte
3161 2939 3211 2991 in
3259 2939 3564 3008 superbiam

1984 3024 2170 3077 elatus.
2195 3024 2415 3091 Quidam
2436 3025 2635 3087 dicunt.
2662 3026 2798 3095 quod
2819 3027 3057 3097 imaginis
3076 3028 3216 3083 illius
3235 3029 3561 3097 recordatus,

1984 3126 2102 3180 qua:
2131 3113 2229 3181 ipsi
2262 3114 2311 3166 in
2343 3116 2539 3167 somnis
2576 3123 2786 3169 ostensa
2814 3116 2983 3170 fuerat
3011 3134 3025 3171 :
3052 3117 3140 3170 alii
3169 3127 3347 3173 autem
3376 3119 3559 3184 aiunt,

1984 3202 2124 3270 quod
2145 3203 2371 3273 seipsum
2401 3205 2451 3258 in
2479 3203 2607 3259 deos
2637 3206 2835 3260 referre
2856 3206 3057 3260 volens.
3094 3207 3302 3261 Etenim
3332 3208 3433 3263 hoc
3461 3208 3563 3263 de-

1984 3294 2178 3349 siderio
2209 3295 2519 3351 tenebantur
2546 3298 2779 3365 antiqui,
2812 3306 2869 3351 ut
2909 3297 2980 3352 dii
3015 3309 3392 3364 censerentur,
3426 3300 3564 3356 sicut

1983 3384 2241 3438 diabolus.
2277 3384 2342 3439 Et
2370 3385 2489 3440 vide
2540 3387 2758 3441 exitum.
2789 3387 2921 3441 Cum
2949 3388 3216 3444 omisisset
3253 3388 3475 3459 jubere,
3505 3401 3564 3446 ut

1984 3474 2158 3544 ipsum
2185 3474 2492 3540 adorarent,
2521 3477 2694 3532 cﬁ'eeit
2722 3487 2777 3531 ut
2806 3478 2978 3549 imago
3002 3494 3097 3534 sua
3124 3479 3432 3535 adoreretur
3451 3523 3466 3547 ,
3494 3496 3562 3537 ex

1985 3566 2146 3619 multa
2175 3582 2348 3620 rerum
2379 3566 2693 3621 abundantia
2734 3567 2783 3621 id
2814 3570 3078 3624 conﬁcere
3119 3571 3337 3635 volens,
3368 3579 3422 3626 et
3450 3588 3565 3627 ma-

1982 3654 2256 3724 gnitudine
2284 3664 2439 3723 atque
2465 3656 2705 3723 corporis
2732 3657 2869 3712 mole
2894 3660 3112 3727 cupiens
3138 3660 3432 3728 pereellere
3456 3702 3471 3725 ,
3493 3676 3557 3717 ac

1983 3764 2165 3804 rursus
2185 3763 2213 3801 a
2240 3751 2377 3803 loco.
2404 3747 2469 3801 In
2490 3748 2599 3801 loco
2624 3748 2813 3813 Decra,
2846 3749 3033 3818 inquit.
3060 3750 3290 3821 Campus
3320 3762 3434 3808 erat
3456 3753 3560 3807 for-

1984 3850 2123 3895 tasse
2149 3840 2380 3895 acclivis.
2415 3838 2498 3893 l2.
2532 3858 2550 3892 ι
2584 3840 2718 3894 Sunt
2739 3838 2835 3892 viri
2858 3839 3023 3893 Judzei
3043 3882 3056 3902 ,
3082 3856 3213 3909 quos
3238 3844 3560 3897 constituisti

1983 3949 2143 4003 super
2182 3946 2339 4003 opera
2382 3932 2685 4003 Babylonis,
2715 3932 3033 3999 Sedracbus,
3063 3931 3351 3998 Misachus,
3382 3934 3559 3988 Abde-

1982 4039 2136 4093 nago.
2165 4023 2275 4077 Viri
2301 4024 2377 4077 illi
2420 4038 2521 4076 non
2546 4022 2860 4077 obedierunt
2884 4061 2899 4088 ,
2930 4038 3024 4077 rex
3046 4063 3061 4089 ,
3099 4022 3314 4078 decreto
3343 4032 3434 4078 tuo
3456 4065 3472 4089 ,
3504 4032 3559 4079 et

1982 4114 2110 4168 deos
2136 4122 2254 4167 tuos
2280 4128 2381 4167 non
2404 4113 2586 4167 colunt
2613 4153 2627 4175 ,
2654 4121 2708 4167 et
2734 4112 3013 4181 imaginem
3037 4127 3250 4166 auream
3275 4128 3431 4183 quam
3459 4122 3558 4167 sta-

1984 4203 2123 4258 tuisti
2154 4218 2257 4256 non
2281 4203 2521 4257 adorant.
2552 4203 2640 4256 i3.
2684 4202 2832 4256 Tunc
2872 4201 3357 4256 Nabuchodonosor
3386 4203 3439 4256 in
3478 4203 3561 4257 fu-

1980 4309 2102 4349 rore
2124 4303 2176 4348 et
2199 4294 2275 4347 ira
2296 4293 2448 4359 dixit,
2473 4301 2531 4347 ut
2549 4292 2873 4347 adducerent
2893 4291 3241 4357 Sedraehum,
3266 4292 3557 4348 Misaehum

1980 4395 2034 4439 et
2058 4384 2488 4455 Abdenagonem.
2518 4401 2537 4435 ι
2584 4382 2859 4449 Quomodo
2890 4382 2973 4436 hic
3001 4397 3105 4436 non
3144 4390 3416 4450 comparet
3445 4382 3553 4436 Da-

1981 4476 2115 4529 niel?
2144 4475 2268 4529 Mihi
2306 4474 2512 4529 videtur
2532 4514 2547 4538 ,
2578 4471 2854 4527 Chaldaeos
2894 4480 3191 4526 metuentes
3220 4486 3325 4525 non
3378 4472 3553 4540 ipsum

1980 4566 2351 4630 denuntiasse,
2395 4564 2476 4618 vel
2521 4576 2697 4632 regem
2742 4561 3037 4616 reverentia
3075 4559 3359 4616 adductum
3404 4560 3553 4616 illum

1981 4672 2083 4710 non
2122 4655 2393 4723 coegisse,
2434 4668 2500 4707 ne
2536 4651 2873 4707 manifestum
2910 4650 3128 4704 haberet
3165 4660 3551 4705 accusatorem.

1980 4745 2198 4811 Quidam
2226 4757 2351 4798 vero
2377 4743 2586 4807 dicunt,
2610 4742 2731 4810 quia
2756 4740 3039 4795 vocabatur
3060 4739 3301 4793 Baltazar
3322 4740 3340 4808 (
3362 4738 3427 4811 b)
3456 4760 3468 4795 :
3499 4740 3553 4795 id

1979 4850 2154 4889 autem
2188 4850 2374 4888 nomen
2418 4843 2529 4887 erat
2561 4833 2682 4886 idoli
2712 4831 2851 4900 quod
2882 4831 3019 4899 apud
3052 4830 3367 4902 Babylonios
3404 4832 3553 4885 cole-

1978 4927 2147 4981 batur.
2184 4926 2319 4980 Deus
2346 4924 2499 4994 igitur
2527 4923 2753 4991 providit
2780 4931 2836 4975 ut
2864 4922 2913 4974 in
2942 4920 3211 4975 fornacem
3239 4936 3346 4973 non
3371 4920 3552 4974 mitte-

1979 5030 2142 5082 retur,
2167 5033 2232 5073 ne
2254 5017 2454 5071 scilicet
2477 5016 2662 5079 virtus,
2686 5028 2786 5084 qua
2812 5013 3101 5079 periculum
3124 5012 3384 5066 vitaturus
3411 5023 3547 5074 erat,

1978 5112 2026 5167 ei
2052 5108 2249 5165 nomini
2269 5107 2675 5163 adscriberetur.
2701 5103 2837 5172 Quid
2864 5101 3019 5173 igitur
3044 5110 3153 5157 tres
3174 5101 3361 5173 pueri?
3386 5101 3548 5156 Maxi-

2044 5258 2113 5328 (α)
2129 5257 2269 5328 Anno.
2288 5262 2644 5328 (προέερεερει.
2658 5255 3205 5328 Ηίενοερῖξιηε-Ιιεσῄἀίὲ
3223 5258 3355 5328 eeim
3379 5273 3537 5328 expa-

2046 5317 2144 5369 atio
2166 5317 2365 5387 u_rbis_’i_n
2386 5318 2867 5387 Nabu'chodonosoris
2882 5317 2960 5387 ‘18,
2985 5324 3035 5387 et
3062 5318 3122 5387 1ηῆ
3148 5332 3159 5366 :
3184 5320 3213 5365 4
3242 5321 3365 5387 ηοω
3383 5317 3460 5377 23,
3482 5321 3533 5378 8,

2046 5334 2144 5369 atto
2166 5334 2297 5367 lJl'DIS
2318 5334 2365 5367 in
2386 5334 2867 5366 nanucnooonosons
2887 5334 2960 5373 ιδ,
2985 5334 3035 5365 ει
3062 5334 3121 5365 1-3
3148 5334 3159 5366 :
3184 5334 3213 5365 4
3242 5334 3357 5380 neg.
3383 5334 3460 5377 za,
3482 5334 3531 5378 δ,

1980 5334 2163 5430 ςὲτεηι.
2190 5380 2267 5436 52,
2293 5379 2367 5438 l2,
2390 5380 2465 5426 29.
2490 5378 2661 5438 Neque
2687 5377 2956 5440 audiendus
2989 5377 3203 5440 Grotius.
3229 5379 3314 5440 qui
3344 5382 3531 5429 Jerem.

1981 5442 2069 5508 b2,
2096 5442 2186 5508 29,
2213 5442 2549 5508 corrigendum
2583 5450 2692 5508 esse
2716 5451 2840 5489 anno
2873 5438 2938 5508 19_
2961 5438 3533 5508 suspicaturLJosephus

1980 5502 2064 5574 l_tb.
2136 5508 2297 5574 contra
2310 5500 2357 5574 ..ἱ
2368 5502 2556 5571 pionem
2580 5512 2595 5574 ί
2614 5501 2871 5574 Γέγραπξαι
2883 5500 2978 5574 γὰρ
2990 5501 3206 5574 diagonii;
3222 5500 3530 5574 germanis)

1981 5566 2051 5610 ὅτι
2086 5562 2549 5622 Ναϐουχοδονόσορος
2577 5561 2968 5620 ὀκτωκαιδεκάτῳ
2995 5568 3077 5618 τῆς
3111 5561 3255 5608 αὐτοῦ
3296 5561 3537 5621 βασιλείας

1981 5625 2073 5672 ἔτει
2093 5623 2171 5669 τὸν
2191 5624 2298 5684 παρ’
2319 5623 2428 5682 ἡμῖν
2451 5623 2562 5669 ναὸν
2578 5622 2822 5683 ἠρήμωσε,
2844 5623 2923 5668 καὶ
2938 5623 2995 5681 ἠν
3017 5624 3191 5683 ἀφανὴς
3215 5623 3289 5669 ἐπὶ
3309 5622 3388 5677 ἔτη
3414 5622 3533 5671 ἑπτά

1985 5683 2057 5751 (ι.
2072 5684 2446 5751 ῥὸᾷομῄκονταγ
2474 5685 2672 5751 δευτξέριῳ
2769 5690 2859 5751 si;
2876 5684 3307 5751 litigauﬁaatiqe‘iae,
3334 5689 3430 5729 etc.

2045 5746 2111 5807 (ιθ)
2134 5742 2195 5795 ea
2222 5743 2307 5794 fuit
2326 5752 2490 5806 postea
2508 5742 2672 5805 opinio
2697 5744 2868 5794 lsidor't
2888 5742 3153 5794 Pelusiotae
3176 5742 3262 5794 lib.
3283 5746 3324 5801 ι,
3344 5756 3424 5805 ep.
3450 5742 3526 5793 19.
