4112 6488
636 396 740 449 211

630 522 715 561 me
742 507 983 576 equidem
1014 507 1110 576 ipsi
1140 521 1347 577 quoque
1377 521 1490 561 rem
1527 504 1843 561 confutaturi
1870 510 2038 558 erant.
2069 500 2189 556 Ca:-

628 605 798 649 terum
845 597 895 650 in
949 597 1035 651 illa
1085 596 1420 665 pracdictione
1453 595 1708 666 superiori
1744 593 2009 664 quomodo
2056 593 2193 647 Deus

628 687 768 742 idem
800 704 902 742 non
932 689 1229 757 disposuit?
1277 690 1705 744 Criminabantur
1750 689 1869 743 illos
1920 687 2190 743 Chaldtei:

627 780 908 847 plurimum
940 781 1079 833 enim
1128 790 1298 849 potest
1338 780 1548 834 invidia.
1598 780 1759 834 Ferre
1803 794 1905 833 non
1953 788 2193 847 poterant

625 870 865 935 captivos
894 872 1017 938 ipsis
1045 872 1363 925 imperantes
1390 870 1643 937 aspicere.
1668 869 1770 923 Sed
1800 869 1935 924 vide.
1966 870 2109 924 Sicut
2138 870 2189 924 in

627 955 842 1009 thnielc
862 998 877 1022 ,
924 962 1065 1025 prius
1092 958 1386 1013 didicerunt
1428 960 1564 1012 illius
1593 973 1766 1014 mores
1791 973 1852 1013 ac
1891 969 2185 1015 mansuetu-

626 1045 837 1109 dinem,
868 1056 920 1099 et
952 1057 1075 1101 tunc
1115 1049 1261 1117 signa
1288 1048 1565 1104 viderunt:
1596 1050 1663 1103 ita
1692 1048 1845 1103 etiam
1880 1050 1961 1103 hic
2001 1050 2050 1103 in
2078 1065 2190 1104 me-

625 1134 765 1186 dium
814 1135 1075 1189 ducuntur
1101 1141 1274 1203 pueri,
1302 1147 1354 1191 et
1385 1139 1605 1205 primum
1644 1153 1825 1192 eorum
1867 1138 2189 1208 propositum

624 1222 907 1275 denudavit
936 1224 1072 1278 Deus
1104 1242 1117 1278 :
1149 1235 1200 1278 et
1231 1226 1302 1278 ilii
1333 1226 1401 1279 ita
1435 1227 1706 1294 praeparati
1740 1242 1841 1280 non
1875 1228 1925 1280 in
1959 1226 2187 1281 medium

626 1313 941 1366 insilierunt.
972 1314 1126 1367 Scitis
1156 1326 1328 1368 autem
1358 1316 1623 1369 hominem
1642 1357 1656 1378 ,
1684 1317 1770 1385 qui
1800 1318 2041 1384 praesenti
2071 1317 2191 1371 vita:

625 1405 943 1457 renuntiavit
965 1447 978 1470 ,
1008 1406 1201 1475 quique
1242 1406 1393 1461 facile
1424 1418 1646 1461 mortem
1674 1410 1927 1475 sustinet,
1959 1424 2061 1464 non
2092 1410 2188 1464 de-

625 1502 967 1549 trectalurum
1007 1497 1265 1564 quidlibet
1300 1498 1527 1562 audere,
1569 1500 1725 1553 etiam
1756 1514 1938 1554 eorum
1969 1516 2083 1570 qua:
2116 1509 2191 1556 te-

624 1586 848 1639 meraria
871 1601 988 1641 esse
1011 1588 1269 1641 videntur.
1294 1592 1536 1644 Attamen
1559 1591 1641 1644 isti
1664 1632 1677 1655 ,
1702 1592 1799 1644 etsi
1822 1601 2042 1646 mortem
2064 1607 2190 1647 con-

625 1685 923 1732 temnerent
943 1721 957 1739 ,
990 1682 1245 1734 mansueti
1277 1690 1462 1745 erant;
1494 1696 1590 1736 nec
1620 1682 1735 1737 illos
1762 1682 2023 1738 ullatenus
2054 1684 2190 1739 laesit

624 1764 875 1821 fortitudo
896 1810 909 1832 ,
942 1784 1036 1823 nec
1062 1770 1113 1822 in
1151 1770 1417 1824 audaciam
1458 1772 1708 1837 adduxit;
1741 1789 1910 1843 neque
1940 1775 1990 1828 id
2022 1775 2189 1830 ambi«

624 1858 766 1911 tione
809 1859 1087 1913 faciebant.
1121 1860 1210 1915 25.
1259 1879 1279 1913 ι
1328 1861 1393 1914 Et
1432 1862 1527 1915 viri
1568 1864 1639 1917 illi
1680 1872 1820 1929 tres,
1853 1864 2182 1932 Sedrachus,

624 1944 888 2000 Misachus
947 1959 1000 2003 et
1025 1948 1308 2019 Abdenago
1328 1989 1344 2013 ,
1371 1950 1672 2005 ceciderunt
1696 1954 1746 2006 in
1774 1953 1998 2007 mediam
2023 1955 2188 2008 fornao

622 2050 738 2090 cem
770 2037 902 2106 ignis
936 2040 1237 2106 ardentem,
1270 2042 1432 2110 ligati.
1472 2044 1561 2098 24.
1609 2044 1673 2098 Et
1708 2044 2107 2101 deambulabant
2134 2048 2185 2102 in

621 2125 799 2179 medio
850 2127 1105 2193 llammze,
1155 2130 1427 2186 laudantes
1474 2133 1674 2200 Deum,
1716 2144 1770 2189 et
1812 2134 2186 2193 benedicentes

621 2213 922 2270 Dominum.
956 2217 1084 2272 Vide
1112 2235 1284 2273 nonne
1312 2222 1564 2276 mirabilis
1592 2238 1653 2277 ac
1678 2224 1939 2293 inopinata
1968 2236 2046 2280 est
2073 2227 2185 2282 hare

620 2317 737 2371 res,
765 2306 1031 2361 ambulare
1056 2308 1211 2363 simul
1232 2324 1295 2364 ac
1320 2310 1549 2377 laudare,
1574 2313 1722 2382 quasi
1748 2324 1923 2368 essent
1944 2316 1995 2368 in
2018 2330 2184 2385 aqua-

619 2408 735 2448 rum
767 2396 1013 2452 lavacro?
1050 2398 1372 2470 Quamquam
1405 2403 1530 2455 nihil
1569 2403 1637 2457 ibi
1674 2414 1786 2458 erat
1808 2445 1823 2470 ,
1852 2405 1988 2475 quod
2020 2407 2187 2476 impe-

623 2484 799 2541 diret:
843 2489 1263 2559 quandoquidem
1299 2493 1436 2547 Deus
1465 2494 1719 2550 voluerat.
1751 2496 1875 2551 Tale
1903 2496 2025 2567 quid
2056 2499 2183 2553 mihi

618 2576 829 2632 videtur
871 2579 1035 2635 fuisse
1061 2590 1114 2635 et
1141 2582 1227 2636 ille
1269 2584 1403 2652 ignis
1423 2627 1438 2649 ,
1472 2600 1577 2654 quo
1600 2586 1855 2641 combusti
1886 2597 2006 2641 sunt
2032 2588 2065 2642 ii
2095 2589 2185 2658 qui

619 2678 765 2720 extra
794 2667 1060 2724 fornacem
1090 2681 1240 2727 erant
1266 2689 1278 2724 :
1305 2684 1358 2727 et
1385 2672 1470 2727 hic
1497 2675 1629 2742 ignis
1654 2685 1766 2730 erat
1785 2717 1799 2741 ,
1823 2684 1875 2730 et
1902 2678 1989 2731 ille
2014 2677 2181 2747 ignis;

617 2768 670 2811 et
699 2759 810 2813 haec
854 2776 1075 2831 corpora
1098 2803 1113 2827 ,
1160 2772 1213 2817 et
1241 2764 1325 2817 illa
1350 2779 1570 2834 corpora
1598 2782 1611 2828 ;
1642 2774 1696 2820 et
1724 2774 1894 2821 tamen
1931 2769 2043 2824 hate
2070 2770 2183 2823 atti-

616 2848 725 2917 git,
754 2851 855 2904 illis
876 2867 1001 2905 vero
1020 2854 1289 2908 abstinuit.
1317 2856 1474 2911 Vides
1497 2868 1747 2926 quantum
1775 2860 1841 2912 sit
1867 2860 2063 2915 bonum
2088 2877 2182 2916 vo-

616 2940 790 2995 luntas
820 2945 1051 3012 optima?
1080 2946 1365 3001 admiratus
1394 2963 1451 3003 es
1478 2964 1660 3003 eorum
1692 2952 2053 3006 voluntatem?
2082 2954 2178 3008 Mi-

614 3046 736 3086 rare
759 3034 965 3087 Domini
992 3035 1436 3103 benevolentiam,
1463 3049 1515 3094 et
1540 3040 1790 3095 honorem
1813 3058 1968 3111 quem
1992 3044 2041 3097 in
2066 3044 2182 3099 illos

613 3124 870 3179 exhibuit.
898 3125 1247 3195 Gloriﬁcantes
1276 3146 1354 3183 me
1375 3132 1664 3199 gloriﬁcabo
1718 3133 1801 3203 (1.
1833 3132 1957 3203 Reg.
1980 3134 2032 3188 2.
2064 3136 2180 3204 50),

613 3215 801 3285 inquit.
832 3217 1059 3273 Steterat
1100 3222 1397 3276 universum
1430 3222 1709 3277 theatrum.
1743 3224 1908 3295 Supra
1940 3235 2177 3281 naturam

611 3306 813 3375 loquuti
840 3317 998 3373 sunt;
1028 3324 1184 3378 supra
1217 3320 1455 3366 naturam
1485 3313 1601 3367 illos
1633 3314 1871 3369 honorat.
1906 3316 2095 3384 Aspice
2126 3326 2181 3371 ut

612 3395 790 3451 famuli
818 3398 1001 3452 eadem
1031 3415 1146 3470 qua:
1173 3400 1423 3456 Dominus
1452 3403 1671 3471 possint.
1702 3404 1837 3471 Quid
1868 3408 2074 3459 miraris
2094 3446 2106 3469 ,
2135 3408 2179 3461 si

612 3501 790 3556 regem
820 3488 1130 3557 derideant,
1159 3507 1277 3545 cum
1306 3492 1423 3546 illos
1463 3493 1722 3548 elementa
1752 3506 2092 3550 revereautur
2117 3512 2179 3552 ac

612 3580 919 3646 suspiciant.
943 3579 1190 3637 Caminus
1218 3581 1384 3637 factus
1428 3592 1507 3637 est
1532 3584 1766 3638 Ecclesia
1798 3585 1873 3656 (a)
1902 3604 1915 3639 :
1946 3587 2041 3655 ipsi
2073 3603 2177 3642 ca:-

612 3666 668 3721 lo
696 3677 810 3722 erat
836 3669 1044 3723 similis.
1073 3670 1167 3725 Hic
1189 3672 1297 3739 jam
1328 3672 1734 3741 incorruptionis
1758 3676 2175 3745 experimentum

612 3766 887 3826 ceperunt.
936 3758 1367 3829 Quandoquidem
1399 3771 1452 3816 et
1479 3763 1545 3815 ab
1573 3764 1721 3818 initio
1750 3780 1969 3833 corpora
2000 3776 2177 3820 nostra

612 3848 878 3917 passibilia
901 3858 1169 3918 peccatum
1198 3851 1349 3905 fecit:
1381 3867 1498 3906 cum
1527 3851 1681 3922 igitur
1702 3853 1841 3922 justa
1868 3866 2173 3923 operantur,

611 3937 802 3991 iterum
828 3939 1163 4007 impassibilia
1187 3939 1333 3995 fiunt.
1359 3941 1419 3993 Et
1440 3942 1841 4010 deambulabam,
1865 3946 2047 4014 inquit.
2073 3946 2176 4001 Sed

611 4027 884 4079 videamus
904 4027 1027 4097 quid
1049 4028 1359 4097 loquantur;
1389 4030 1661 4085 audiamus
1691 4048 1872 4087 vocem
1902 4036 2175 4105 mysticam

610 4132 730 4171 eum
761 4119 937 4187 quiete
969 4120 1148 4171 multa.
1179 4120 1365 4173 Vidisti
1388 4137 1568 4176 vocem
1599 4123 1947 4178 inordinatam
1970 4134 2022 4179 et
2046 4140 2172 4180 con-

609 4205 779 4264 fusam
808 4207 1075 4261 samhuete
1106 4218 1152 4261 et
1185 4210 1445 4277 psalterii,
1479 4220 1531 4264 et
1556 4214 1806 4267 musice?
1834 4214 1965 4268 Audi
1991 4229 2173 4271 vocem

609 4298 676 4350 ab
701 4298 820 4366 igne
845 4299 1112 4352 emissam.
1143 4299 1329 4355 Nonne
1355 4302 1545 4356 mirum
1577 4304 1670 4357 tibi
1699 4305 1970 4359 videbatur
1991 4323 2171 4363 vocem

609 4388 703 4442 Dei
733 4389 799 4442 ab
831 4390 948 4459 igne
978 4391 1099 4444 edi?
1132 4393 1264 4447 Ecce
1294 4394 1449 4448 etiam
1479 4396 1647 4449 servis
1676 4398 1783 4450 suis
1814 4396 1915 4451 hoc
1940 4398 2170 4453 donavit.

606 4479 739 4543 Quis
764 4495 857 4534 aer
885 4496 1163 4550 percussus
1204 4499 1386 4537 vocem
1424 4500 1539 4539 eam
1579 4484 1872 4541 efficiebat?
1909 4487 2095 4543 Nonne
2123 4491 2173 4545 id

609 4584 823 4640 semper
846 4585 938 4624 eos
962 4573 1051 4641 qui
1078 4573 1421 4627 comburendi
1452 4584 1573 4629 sunt
1616 4576 1932 4643 admonent,
1964 4589 2020 4632 nt
2046 4594 2172 4649 ape-

604 4660 749 4717 riant
793 4674 921 4725 ora,
981 4662 1121 4732 quod
1172 4666 1247 4719 sic
1277 4678 1345 4717 ne
1392 4665 1601 4733 paulum
1648 4668 1853 4734 quidem
1883 4671 2050 4739 possit
2097 4672 2173 4725 vis

607 4752 859 4819 deinceps
897 4753 947 4806 in
1002 4769 1223 4823 corpore
1265 4758 1655 4824 permanere"?
1685 4758 1812 4813 Vide
1858 4773 2170 4817 concentum

607 4840 887 4906 musicum,
915 4857 1102 4897 omnes
1140 4845 1383 4898 nimirum
1424 4848 1567 4914 quasi
1616 4862 1677 4901 ex
1720 4864 1823 4903 uno
1867 4866 1959 4905 ore
2008 4851 2170 4907 Deum

605 4930 903 4985 laudantes.
931 4932 1019 4987 25.
1054 4932 1119 4984 Et
1145 4944 1281 4986 stans
1313 4936 1518 4987 Azarias
1544 4938 1702 4990 oravit
1728 4939 1797 4991 sic
1827 4956 1843 4991 :
1873 4949 1920 4992 et
1946 4944 2171 5011 aperiens

606 5034 663 5070 os
686 5036 834 5073 suum
861 5022 911 5073 in
938 5022 1101 5075 medio
1128 5024 1257 5092 ignis
1284 5024 1430 5076 dixit.
1458 5024 1522 5079 Ut
1552 5042 1652 5079 non
1685 5028 1954 5083 exiStimes
1981 5045 2072 5084 eos
2106 5032 2169 5085 de

608 5112 957 5179 praesentibus
988 5113 1142 5165 rebus
1171 5113 1367 5181 gratias
1393 5129 1568 5182 agere.
1605 5116 1724 5171 ideo
1751 5118 1815 5171 de
1844 5120 2167 5187 captivitate,

606 5210 661 5255 et
701 5202 961 5255 molestiis
995 5203 1061 5256 iis
1098 5219 1215 5272 qua:
1254 5204 1380 5272 ipsis
1418 5208 1768 5276 contigerant,
1816 5209 1978 5264 Deum
2031 5210 2169 5265 invo-

668 5359 686 5391 ι
721 5364 964 5422 sentimus
985 5356 1119 5405 locus
1148 5358 1195 5422 in
1226 5362 1458 5422 Parmnesi
1498 5361 1645 5422 prima
1683 5360 1740 5409 ad
1767 5361 2063 5411 Theodorum
2099 5362 2167 5413 la-

604 5430 742 5479 psum
771 5432 880 5485 cap.
904 5419 961 5477 5,
988 5419 1170 5485 “remot
1196 5432 1208 5465 :
1235 5418 1391 5467 Sciunt
1414 5418 1570 5470 autem
1593 5434 1766 5485 omnes,
1786 5422 1874 5485 qui
1896 5424 2165 5485 adfuerunt,

604 5477 715 5541 cum
730 5477 880 5541 aliqui
904 5478 1335 5541 comburebantur,
1352 5494 1427 5529 eos
1451 5482 1678 5541 quamdiu
1714 5477 1907 5541 quidem
1937 5477 2060 5532 labia
2083 5477 2168 5533 ha;

601 5537 991 5606 buerintrlausa,
1010 5539 1248 5606 paulisper
1266 5540 1430 5588 saltem
1455 5537 1683 5606 sustinere
1707 5537 2009 5602 incendium;
2025 5544 2068 5594 si
2089 5559 2165 5595 ve-

602 5613 657 5707 ἳο
680 5600 918 5707 εοηιὶηςιαι
943 5608 991 5647 ut
1012 5600 1065 5648 ω
1087 5600 1323 5663 aperiunt,
1364 5600 1523 5651 statim
1558 5603 1765 5652 animam
1788 5616 1815 5653 e
1836 5600 2033 5666 corpore
2056 5620 2166 5655 avo.

623 5671 681 5706 ar
714 5695 723 5705 .

623 5670 723 5709 are.

665 5721 736 5781 (a)
768 5720 889 5781 Quia
906 5719 1113 5771 Ecclesia
1136 5727 1219 5783 est,
1247 5721 1326 5771 ubi
1345 5726 1456 5782 tm,
1485 5723 1637 5785 inquit
1658 5724 1992 5775 Tertullianus.

1301 388 1357 446 S.
1398 385 1670 444 JOANNIS
1705 378 2176 442 CllRYSOSTOMl
2213 378 2525 437 ARCHIEP.
2566 380 3089 441 CONSTANTINOP.

3747 406 3866 460 212

2303 508 2441 554 eant.
2475 498 2602 555 Vide
2630 509 2687 556 ut
2714 501 2982 571 incipiant.
3018 503 3107 556 26.
3142 521 3159 554 ι
3193 503 3508 561 Benedictus
3535 521 3613 576 es,
3642 506 3874 562 Domine

2303 589 2437 643 Deus
2476 599 2679 659 patrum
2719 601 3040 654 nostrorum,
3074 600 3127 647 et
3153 593 3411 650 laudabile
3436 604 3487 650 et
3512 596 3873 665 glorificamus

2298 695 2489 735 nomen
2520 692 2664 736 tuum
2691 683 2741 737 in
2771 684 2984 737 saecula.
3018 685 3107 739 49.
3154 687 3387 755 Angelus
3428 696 3605 742 autem
3654 688 3872 744 Domini

2297 771 2571 827 descendit
2606 788 2725 827 cum
2763 775 2946 828 Azaria
2976 783 3030 829 et
3060 776 3217 828 sociis
3249 776 3364 846 ejus
3392 778 3442 830 in
3475 778 3740 833 fornacem
3768 795 3783 831 :
3814 787 3876 833 et

2297 861 2528 914 excussit
2554 860 2816 914 ﬂammam
2846 862 2977 930 ignis
3019 862 3085 917 de
3117 862 3350 928 fornace,
3393 865 3475 919 50.
3512 874 3566 920 et
3595 866 3718 919 fecit
3746 880 3871 919 me-

2296 950 2438 1003 dium
2479 950 2728 1015 fornacis,
2777 952 2927 1020 quasi
2981 962 3196 1007 ventum
3245 954 3383 1007 roris
3430 955 3760 1019 sibilantem;
3812 964 3876 1009 et

2297 1052 2397 1093 non
2426 1040 2592 1108 tetigit
2624 1054 2717 1093 eos
2750 1041 2966 1093 omnino
3004 1042 3158 1110 ignis,
3187 1051 3239 1096 et
3266 1057 3368 1095 non
3393 1044 3716 1097 contristavit
3745 1058 3870 1108 eos,

2295 1139 2349 1184 et
2376 1130 2670 1184 molestiam
2708 1146 2811 1185 non
2845 1131 3040 1185 intulit.
3067 1151 3092 1192 ›
3144 1132 3214 1185 lta
3246 1149 3348 1185 non
3382 1133 3593 1187 fortuito
3639 1135 3732 1187 ista
3773 1134 3874 1189 (ie.

2296 1221 2442 1275 bant.
2478 1222 2544 1274 Et
2568 1238 2672 1275 non
2706 1222 2876 1276 solum
2907 1238 3009 1275 non
3042 1232 3166 1277 sunt
3193 1224 3488 1287 combusti;
3522 1223 3612 1277 sed
3642 1240 3734 1278 nec
3758 1225 3873 1279 illis

2294 1313 2587 1366 molestiam
2626 1312 2862 1366 exhibuit
2904 1313 3060 1382 ignis,
3104 1328 3200 1367 nec
3227 1314 3308 1367 vel
3336 1314 3612 1366 minimum
3657 1316 3867 1379 nocuit,

2294 1417 2467 1471 neque
2510 1402 2737 1457 calorem
2769 1412 3075 1458 senserunt.
3125 1404 3191 1457 Et
3235 1414 3515 1473 eapropter
3559 1404 3690 1458 adeo
3739 1420 3873 1459 sese

2293 1491 2554 1545 extulerat
2580 1492 2812 1557 ﬂamma,
2841 1503 2894 1546 ut
2928 1493 3071 1546 etab
3112 1493 3174 1546 iis
3205 1494 3289 1562 qui
3332 1493 3457 1546 foris
3499 1503 3650 1548 erant
3676 1508 3872 1548 cerne-

2292 1591 2457 1636 retur.
2507 1582 2571 1636 Et
2607 1596 2734 1636 vero
2764 1582 2978 1636 materia
3008 1582 3241 1636 immissa
3271 1581 3567 1636 sufﬁciebat
3608 1582 3669 1635 ad
3702 1582 3871 1637 ﬁdem

2292 1673 2394 1727 illis
2425 1672 2737 1736 faciendam,
2781 1672 2999 1743 etquod
3028 1673 3163 1743 ignis
3194 1687 3297 1727 non
3324 1671 3597 1739 deficeret,
3628 1682 3677 1727 et
3716 1672 3871 1741 quod

2290 1764 2379 1819 ditt
2415 1763 2609 1818 ardens
2644 1772 2943 1834 appareret,
2990 1773 3043 1819 et
3076 1763 3215 1832 quod
3264 1778 3347 1818 res
3388 1778 3567 1817 coram
3615 1764 3873 1817 omnibus

2292 1854 2459 1909 ﬁeret.
2490 1854 2579 1909 9|.
2611 1854 2676 1907 Et
2716 1854 3184 1907 Nabuchodonosor
3224 1855 3413 1907 audivit
3457 1853 3716 1907 laudantes
3744 1870 3871 1919 eos;

2289 1952 2335 1997 et
2368 1944 2646 1997 admiratus
2685 1955 2775 2010 est,
2807 1953 2853 1998 et
2880 1946 3090 1997 surrexit
3132 1961 3358 2013 propere,
3385 1956 3430 1997 et
3457 1946 3579 1997 dixit
3604 1946 3869 2013 optimati-

2290 2033 2378 2089 bus
2406 2036 2529 2089 suis.
2576 2035 2630 2089 Id
2670 2036 2842 2105 ipsum
2872 2044 3046 2089 autem
3109 2045 3167 2089 ut
3202 2035 3427 2097 audiret.
3476 2036 3613 2090 unde
3641 2035 3873 2104 contigit

2290 2124 2826 2180 Nabuchodonosori?
2869 2130 2937 2179 At
2976 2142 3070 2195 per
3112 2136 3280 2182 totum
3321 2136 3527 2196 tempus
3567 2128 3866 2182 assederat.

2291 2213 2414 2269 Ideo
2456 2215 2593 2269 Deus
2640 2231 2743 2269 non
2787 2216 3024 2284 permisit
3068 2224 3123 2269 ttt
3153 2216 3328 2269 statim
3375 2216 3462 2269 ille
3500 2215 3721 2281 audiret,
3750 2232 3870 2285 quo

2291 2306 2463 2373 ipsum
2516 2306 2674 2360 etiam
2738 2314 2944 2372 tempus
2998 2306 3357 2359 testimonium
3421 2306 3719 2374 perhiberet
3778 2306 3867 2358 rei

2288 2404 2484 2466 gestze;
2514 2396 2651 2465 quod
2680 2396 2879 2450 scilicet
2923 2411 3014 2463 per
3058 2396 3279 2449 multum
3326 2405 3528 2464 tempus
3568 2396 3617 2449 in
3648 2394 3870 2448 camino

2290 2487 2630 2551 commorati,
2680 2487 2809 2540 nihil
2852 2487 2975 2539 mali
3021 2487 3157 2555 passi
3195 2494 3391 2541 essent.
3444 2505 3462 2538 ι
3494 2486 3674 2540 Nonne
3712 2486 3869 2539 viros

2292 2584 2398 2630 tres
2452 2576 2728 2643 injecimus
2767 2577 2815 2628 in
2850 2576 3078 2629 medium
3114 2575 3246 2645 ignis
3283 2574 3645 2642 compeditos?
3675 2574 3737 2627 Et
3764 2588 3866 2627 re-

2288 2665 2605 2731 spondentes
2628 2665 2805 2718 dicunt
2826 2666 2969 2734 regi:
3000 2665 3153 2729 Vere,
3182 2680 3213 2718 ο
3235 2680 3347 2719 rex.
3373 2664 3459 2719 92.
3487 2665 3547 2717 Et
3570 2664 3697 2717 dixit
3719 2678 3812 2717 rex
3847 2679 3864 2716 :

2289 2754 2383 2810 llic
2408 2770 2507 2824 ego
2535 2755 2689 2810 video
2718 2754 2859 2809 viros
2900 2763 3125 2823 quatuor
3167 2754 3390 2821 solutos,
3435 2763 3488 2809 et
3525 2753 3866 2808 ambulantes

2289 2842 2342 2896 in
2366 2843 2541 2897 medio
2568 2844 2703 2911 ignis
2724 2860 2737 2899 :
2756 2852 2809 2897 et
2837 2845 3105 2912 corruptio
3131 2859 3232 2897 non
3256 2852 3339 2897 est
3364 2843 3416 2896 in
3435 2842 3513 2898 eis
3538 2859 3551 2895 :
3581 2850 3633 2897 et
3652 2842 3868 2910 species

2287 2932 2456 3002 quarti
2480 2933 2661 2986 similis
2685 2932 2789 2986 lilio
2813 2932 2922 2987 Dei.
2955 2951 2972 2983 ›
2996 2933 3075 2986 Ab
3091 2934 3225 2987 ostio
3241 2932 3443 2987 viderat
3461 2947 3644 2987 eorum
3663 2930 3857 2987 facies.

2286 3024 2373 3079 95.
2406 3042 2424 3076 ι
2459 3023 2605 3077 Tunc
2630 3023 2853 3078 accessit
2879 3023 3364 3078 Nabuchodonosor
3388 3022 3453 3078 ad
3474 3023 3664 3078 osdum
3685 3022 3865 3076 fornao

2285 3117 2362 3171 eis
2391 3116 2525 3186 ignis
2552 3132 2669 3186 qua:
2699 3116 2936 3180 ardebat,
2967 3126 3018 3170 et
3046 3116 3117 3170 ait
3151 3133 3162 3169 :
3200 3116 3243 3171 Ο
3280 3115 3565 3179 Sedracbe,
3594 3114 3855 3179 Misache,

2286 3206 2595 3276 Abdenago,
2624 3207 2761 3261 servi
2791 3206 2885 3259 Dei
2926 3206 3189 3270 altissimi,
3231 3205 3561 3275 egredimini,
3601 3214 3653 3260 et
3679 3206 3865 3259 venito

2287 3295 2410 3351 huc.
2438 3296 2505 3349 Et
2529 3297 2727 3366 egressi
2755 3308 2875 3351 sunt
2907 3296 3226 3363 Sedrachus,
3258 3296 3537 3360 Misachus,
3564 3294 3860 3362 Abdenago

2284 3385 2351 3439 de
2400 3384 2575 3439 medio
2616 3386 2769 3453 ignis.
2808 3403 2826 3435 ι
2872 3385 3047 3452 Quare
3093 3394 3266 3439 autem
3315 3400 3417 3439 non
3467 3386 3611 3454 prius
3654 3384 3861 3453 egressi

2285 3482 2426 3538 sunt,
2457 3489 2613 3543 quam
2640 3476 2854 3528 vocavit
2882 3474 3013 3529 eos?
3048 3476 3111 3528 Et
3143 3476 3361 3543 pulchre
3394 3475 3539 3543 prius
3569 3475 3861 3543 interrogat

2284 3567 2562 3635 primores,
2594 3574 2649 3618 ut
2672 3565 3019 3633 responsione
3048 3579 3139 3618 sua
3166 3564 3535 3634 praeoccupati,
3568 3563 3691 3617 nihil
3723 3578 3860 3618 eon-

2286 3656 2431 3709 trarii
2498 3655 2879 3723 reSpondeant,
2932 3670 3100 3723 neque
3160 3656 3437 3709 occasione
3503 3654 3853 3723 abripiantur.

2282 3744 2735 3810 Quemadmodum
2766 3745 2930 3815 Moysi
2959 3745 3167 3800 dicebat
3206 3745 3344 3799 Deus
3370 3761 3382 3797 :
3418 3742 3550 3808 Quid
3578 3754 3649 3798 est
3676 3745 3765 3797 hoc
3797 3745 3856 3797 in

2282 3853 2433 3890 manu
2460 3845 2543 3889 tua
2570 3834 2760 3906 (Exod.
2784 3836 2836 3891 4.
2858 3836 2953 3903 2)?
2976 3836 3051 3890 sic
3071 3836 3230 3890 etiam
3249 3834 3729 3889 Nabuchodonosor
3748 3834 3855 3889 hos

2284 3925 2691 3993 interrogatione
2720 3926 2985 3992 anticipat.
3016 3923 3169 3990 Ecce,
3198 3926 3382 3994 inquit,
3409 3926 3549 3978 video
3575 3926 3702 3977 oiros
3725 3941 3855 3994 qua-

2286 4025 2398 4067 tuor
2426 4015 2613 4067 solutos
2642 4022 2687 4067 et
2716 4014 3029 4067 ambulantes
3054 4015 3106 4067 in
3132 4015 3293 4067 medio
3324 4015 3452 4084 ignis
3479 4030 3497 4069 .°
3524 4026 3570 4068 et
3596 4016 3855 4082 corruptio

2282 4120 2381 4157 non
2406 4114 2478 4157 est
2504 4104 2553 4156 in
2576 4104 2648 4157 eis
2672 4118 2691 4158 :
2714 4113 2759 4157 et
2785 4113 3012 4171 aspectus
3041 4104 3206 4173 quarti
3232 4104 3410 4157 similis
3437 4104 3543 4171 ﬁlio
3572 4102 3683 4155 Dei.
3712 4104 3855 4157 Plu-

2282 4194 2469 4248 rimam
2500 4194 2634 4247 forte
2665 4192 3104 4262 pulchritudinem
3132 4207 3241 4261 pra:
3270 4206 3328 4245 se
3365 4192 3586 4245 ferebat.
3617 4190 3783 4255 Unde,
3816 4207 3853 4245 ο

2280 4286 2786 4351 Nabuchodonosor,
2819 4286 2954 4339 nosti
2986 4284 3151 4339 filium
3182 4286 3313 4340 Dei?
3341 4285 3530 4353 Aspice
3561 4285 3697 4336 hunc
3725 4284 3852 4335 bar-

2280 4377 2464 4430 barum
2492 4376 2806 4444 pr0pbetarc
2834 4391 2896 4429 ex
2920 4385 3133 4443 aspectu
3162 4375 3293 4429 solo.
3327 4374 3395 4427 Et
3423 4375 3648 4438 accessit,
3680 4383 3726 4425 et
3753 4390 3852 4425 so-

2280 4470 2404 4521 cavit
2434 4484 2516 4522 eos
2548 4484 2565 4521 :
2599 4467 2641 4519 0
2666 4467 2939 4528 Sedraclie,
2979 4466 3222 4527 Misache,
3265 4465 3553 4534 Abdenago,
3584 4464 3708 4517 servi
3748 4462 3852 4517 Dei

2278 4557 2529 4621 altissimi,
2553 4555 2864 4625 egredimini,
2888 4564 2931 4607 et
2954 4555 3129 4607 venite.
3156 4554 3303 4608 Vide.
3332 4552 3445 4608 Non
3464 4552 3621 4622 jussit
3639 4553 3848 4607 exstin-

2277 4646 2363 4715 gui
2405 4646 2667 4700 fornacem
2712 4662 2724 4698 :
2768 4646 2861 4700 sed
2902 4644 3064 4714 quid?
3098 4645 3311 4699 Vocavit
3356 4659 3469 4710 eos,
3506 4656 3565 4698 ut
3607 4644 3839 4699 exirent.

2281 4734 2439 4789 Vides
2455 4734 2756 4789 miraculum
2778 4749 3019 4804 magnum
3039 4741 3089 4788 et
3108 4732 3432 4787 incredibile.
3447 4732 3596 4799 Quod
3616 4732 3848 4788 maxime

2278 4834 2494 4879 noverat
2521 4840 2612 4879 eos
2638 4824 2995 4887 deliniturum,
3034 4823 3085 4876 id
3130 4824 3244 4877 illos
3268 4826 3491 4877 vocavit.
3540 4822 3678 4878 Nihil
3719 4822 3847 4878 huic

2277 4916 2532 4970 nobilitati
2559 4931 2653 4986 par
2680 4925 2779 4970 est.
2814 4914 2945 4968 Audi
2978 4914 3116 4968 enim
3149 4914 3314 4967 Deum
3338 4913 3602 4968 dicentem
3628 4930 3641 4966 :
3672 4912 3845 4965 Moses

2274 5024 2441 5060 servus
2465 5022 2601 5059 meus
2630 5015 2853 5057 mortuus
2881 5015 2947 5056 est
2974 5002 3110 5071 (los.
3146 5004 3195 5057 l.
3223 5002 3301 5075 2).
3332 5002 3418 5067 Et,
3448 5002 3618 5067 Isaac,
3656 5002 3843 5069 inquit,

2275 5111 2440 5147 servus
2466 5104 2577 5147 tuus
2603 5092 2753 5161 (Gen.
2784 5093 2870 5147 24.
2904 5092 3013 5159 14).
3048 5092 3155 5145 lIac
3194 5092 3545 5161 appellatione
3574 5090 3848 5146 exsultant

2275 5184 2466 5252 angeli,
2497 5193 2549 5237 et
2571 5182 2878 5247 Cherubini,
2907 5191 2958 5236 et
2982 5181 3281 5251 Seraphini.
3308 5181 3416 5236 Nec
3438 5181 3591 5236 sicuti
3620 5192 3846 5235 conten-

2276 5273 2438 5328 tiosus
2464 5273 2651 5342 aliquis
2682 5272 2910 5336 fecisset,
2951 5272 3007 5325 in
3038 5270 3249 5326 fornace
3295 5278 3603 5326 manserunt
3633 5268 3778 5336 pueri
3824 5286 3839 5323 :

2274 5362 2366 5417 sed
2394 5362 2566 5416 statim
2593 5360 2906 5415 obedierunt
2934 5378 2945 5414 :
2974 5370 3029 5415 et
3055 5360 3120 5416 ad
3150 5359 3494 5430 spectandum
3525 5357 3839 5414 miraculum

2273 5468 2457 5509 omnes
2481 5466 2795 5508 convenere.

2874 5585 3095 5642 CAPUT
3135 5586 3221 5640 lV.

2344 5720 2394 5773 ί.
2438 5717 2544 5787 Ego
2594 5717 3057 5775 Nabuchodonosor
3100 5718 3359 5772 abundans
3403 5732 3540 5772 erant
3588 5716 3643 5771 in
3702 5722 3847 5779 dom
