4066 6492
207 437 299 491 211

203 546 328 616 άπερ
357 544 444 599 ἐπὶ
473 546 570 600 τοῦ
603 547 836 617 Δανιὴλ,
885 547 1140 618 πρότερον
1172 545 1372 616 ἔμαθον
1402 543 1560 599 αὐτοῦ
1609 545 1733 605 τοὺς

202 633 410 702 τρόπους
448 635 544 688 καὶ
568 635 666 705 τὴν
705 636 1026 700 ἐπιείκειαν,
1056 636 1149 688 καὶ
1175 635 1295 687 τότε
1323 633 1393 686 τὰ
1417 635 1614 704 σημεῖα
1636 631 1733 683 ἐώ-

207 734 317 786 ρωνο
334 718 467 772 οὕτω
493 722 589 773 καὶ
609 720 840 774 ἐνταῦθα
861 722 1078 788 ἄγονται
1101 721 1177 783 εἰς
1204 720 1384 788 μέσον,
1409 719 1500 771 καὶ
1523 717 1733 788 πρῶτον

203 804 361 856 αὐτῶν
389 804 483 873 τὴν
509 806 826 877 προαίρεσιν
851 805 1241 875 άπεγύμνωσεν
1263 808 1290 858 ὁ
1314 804 1442 867 Θεός
1461 822 1474 835 ο
1494 800 1729 856 κάκεῖνοί

201 906 252 941 τε
277 889 406 943 οὔτω
436 893 939 961 παρεσκευασμένοι
966 894 1062 946 οὐκ
1083 892 1427 960 ἐπεπήδησαν
1453 893 1530 952 εἰς
1556 889 1615 942 τὸ
1641 889 1733 959 μέ-

202 991 300 1029 σον.
335 976 474 1028 Ἰστε
503 977 560 1030 δέ
599 978 679 1029 ὅτι
727 977 1007 1050 ἄνθρωπος
1030 978 1126 1046 τῆς
1159 976 1431 1047 παρούσης
1462 976 1602 1044 ζωῆς
1629 976 1732 1027 ἀπ-

201 1060 454 1126 εγνωκὼς,
486 1061 581 1114 καὶ
604 1062 798 1132 ῥαδίως
814 1063 990 1132 φέρων
1018 1062 1114 1131 τὴν
1134 1061 1404 1131 τελευτὴν,
1420 1061 1566 1113 οὐδὲν
1589 1077 1731 1129 παρ-

202 1149 458 1217 αιτήσαιτο
528 1148 820 1218 τολμῆσαι,
871 1149 964 1201 καὶ
1027 1147 1134 1200 τῶν
1183 1148 1384 1218 σφόδρα
1442 1145 1731 1199 δοκούντων

203 1230 334 1304 [219]
361 1234 644 1304 τολμηρῶν
677 1232 830 1288 εἶναι.
870 1234 1005 1287 Ἀλλ’
1036 1236 1182 1304 ὅμως
1208 1235 1302 1288 καὶ
1340 1228 1478 1287 οὗτοι
1505 1233 1729 1286 Θανάτου

201 1318 556 1388 ὑπερορῶντες
585 1322 840 1382 ἐπιεικεῖς
864 1315 1019 1390 ἦσαν,
1042 1321 1192 1373 οὐδὲν
1225 1319 1331 1373 ἀπὸ
1358 1320 1456 1388 τῆς
1484 1319 1729 1388 ἀνδρείας

200 1404 270 1465 εἰς
305 1404 611 1474 θρασύτητα
649 1405 1105 1475 παραϐλαϐέντες,
1133 1405 1250 1458 οὐδὲ
1281 1405 1555 1474 φιλοτιμίᾳ
1578 1404 1731 1456 τοῦτο

201 1487 478 1551 ποιοῦντες.
509 1490 615 1542 Καί
647 1494 699 1543 οί
733 1490 946 1557 ἄνδρες
959 1490 1172 1544 ἐκεῖνοι
1205 1493 1257 1543 οι
1276 1491 1449 1557 τρεῖς,
1482 1489 1724 1557 Σεδρὰχ,

198 1573 404 1642 Mla-az,
441 1575 774 1645 Ἀϐδεναγώ,
794 1577 1013 1630 ἔπεσον
1027 1578 1112 1640 εις
1135 1576 1328 1644 μέσον
1353 1575 1460 1642 τῆς
1479 1575 1727 1643 καμίνου

198 1659 292 1713 τοῦ
318 1659 504 1727 πυρὸς
530 1659 639 1727 τῆς
671 1661 1004 1730 καιομένης,
1040 1660 1454 1729 πεπεδημένοι.
1494 1661 1600 1714 Kal
1631 1675 1727 1713 πε·

191 1750 501 1815 ριεπάτουν
541 1749 613 1802 ἐν
655 1751 822 1818 μέσῳ
848 1749 957 1816 τῆς
999 1749 1239 1818 φλογὸς,
1267 1747 1592 1818 ὑμνοῦντες
1624 1748 1730 1801 τὸν

201 1838 353 1902 Θεὸν,
383 1837 479 1891 καί
518 1838 910 1907 εὐλογοῦντες
936 1837 1040 1890 τὸν
1063 1838 1296 1908 Κύριον.
1331 1838 1490 1907 Ὅρα,
1523 1838 1578 1888 οὐ
1603 1837 1730 1890 00.0-

203 1925 389 1993 μαστὸν
411 1923 568 1978 τοῦτο
605 1928 697 1979 καὶ
725 1925 1042 1996 παράδοξον,
1075 1925 1134 1978 τὸ
1159 1926 1251 1977 καὶ
1292 1929 1606 1994 περιπατεῖν
1639 1926 1728 1977 καὶ

199 2011 408 2080 ὑμνεῖν,
455 2011 706 2080 καθάπερ
749 2013 806 2064 ἐν
856 2011 1207 2082 κολυμϐήθρᾳ
1253 2009 1489 2071 ύδάτων;
1540 2011 1728 2063 Καίτοι

197 2096 337 2149 οὐδὲν
384 2096 587 2150 κωλύον
635 2094 703 2168 ἦν
765 2100 915 2162 ἐκεῖ,
973 2099 1201 2169 ἐπείπερ
1255 2097 1384 2161 Θεὸς
1437 2097 1724 2168 ἠϐουλήθη.

197 2181 432 2236 Τοιοῦτον
477 2179 618 2236 εἶναι
651 2183 772 2251 ἐμοί
805 2184 950 2235 δοκεῖ
980 2184 1195 2235 κάκεῖνο
1235 2183 1291 2235 τὺ
1321 2183 1446 2253 πῦρ,
1501 2183 1560 2235 τὸ
1606 2183 1730 2246 τοὺς

196 2267 292 2330 ἔξω
321 2267 664 2321 κατακαῦσαν
688 2283 702 2296 ⁵
736 2269 829 2320 καὶ
871 2267 1026 2320 τοῦτο
1063 2268 1192 2338 πῦρ,
1239 2270 1453 2321 κάκεῖνο
1490 2269 1549 2321 τὸ
1588 2267 1724 2339 πῦρ·

196 2355 284 2405 καί
327 2353 488 2406 ταῦτα
534 2353 782 2422 σώματα,
817 2355 1042 2406 κάκεῖνα
1077 2356 1146 2407 τὰ
1193 2354 1446 2425 σώματαο
1483 2357 1574 2408 καὶ
1622 2356 1729 2408 τῶν

199 2439 290 2507 μὲν
345 2439 533 2508 ἥψατο,
579 2440 688 2492 τῶν
731 2439 787 2492 δὲ
834 2440 1117 2509 ἀπέσχετο.
1171 2436 1320 2503 Εἶδες
1365 2442 1485 2493 ὅσον
1532 2440 1728 2507 ἀγαθὸν

196 2525 494 2595 προαίρεσις
533 2525 825 2594 καλλίστη;
859 2526 1168 2595 ἐθαύμασας
1199 2526 1372 2579 αὐτῶν
1402 2527 1498 2596 τὴν
1544 2527 1730 2595 προαί-

196 2626 368 2680 pem;
401 2611 688 2680 Θαύμασον
713 2611 806 2662 τοῦ
835 2613 1101 2665 Δεσπότου
1126 2613 1222 2681 τὴν
1253 2612 1478 2675 εὐνοιαν,
1520 2616 1612 2666 καὶ
1632 2614 1728 2683 τὴν

195 2697 368 2768 τιμὴν,
391 2699 453 2766 ῆν
496 2697 574 2759 εις
617 2696 810 2758 αὐτοὺς
836 2697 1163 2761 ἐπεδείξατο.
1196 2696 1340 2762 Τοὺς
1378 2695 1730 2762 δοξάζοντάς

191 2800 260 2851 με
298 2782 544 2846 δοξάσω,
576 2780 724 2852 φησί.
755 2780 1006 2851 Είστηκει
1031 2783 1090 2834 τὸ
1123 2782 1342 2852 θέατρον
1375 2781 1534 2835 ἅπαν.
1561 2783 1729 2852 ’Υπὲρ

195 2871 285 2940 τὴν
308 2869 458 2938 φύσιν
487 2867 833 2936 ἐφθέγξαντο,
866 2869 1003 2936 ὑπὲρ
1025 2869 1124 2924 τὴν
1160 2871 1318 2937 φύσιν
1348 2871 1542 2932 αὐτοὺς
1573 2872 1724 2940 τιμᾷ.

198 2958 329 3028 Ὅρα
353 2958 417 3011 τά
441 2956 536 3010 τοῦ
573 2955 840 3008 Δεσπότου
880 2955 1204 3025 δυναμένους
1235 2957 1360 3021 τούς
1387 2958 1621 3020 οἰκέτας.
1665 2958 1728 3010 Τί

197 3043 499 3114 θαυμάζεις,
543 3042 592 3094 εἰ
644 3041 902 3110 βασιλέως
942 3041 1327 3108 καταγελῶσιν,
1364 3043 1491 3094 ὅταν
1537 3043 1731 3104 αὐτοὺς

195 3130 259 3185 τὰ
299 3132 529 3200 στοιχεῖα
567 3128 778 3196 αἰδῆται
819 3128 908 3180 καὶ
955 3127 1239 3197 θαυμάζῃς
1313 3128 1600 3196 Ἐκκλησία
1642 3131 1732 3196 γέ-

196 3219 393 3286 γονενὴ
427 3216 677 3284 κάμινος.
726 3213 871 3282 αὐτῷ
904 3213 1062 3282 ἐῴκει
1101 3213 1179 3281 τῷ
1203 3213 1430 3282 οὐρανῷ.
1473 3214 1732 3268 Ἐνταῦθα

198 3303 288 3373 ῆδη
324 3303 416 3372 τῆς
456 3299 761 3369 ἀφθαρσίας
792 3301 980 3367 πεῖραν
1027 3298 1230 3350 ἔλαϐον.
1279 3299 1428 3350 Ἐπεὶ
1461 3301 1551 3353 καὶ
1585 3301 1733 3371 παρὰ

198 3391 288 3458 τὴν
315 3390 484 3459 ἀρχὴν
513 3386 729 3456 παθητὰ
776 3386 841 3438 τὰ
881 3385 1103 3455 σώματα
1131 3385 1337 3456 ήμῶνή
1375 3386 1613 3458 ἁμαρτία
1642 3405 1733 3440 πε-

199 3476 408 3544 ποίηκεν
433 3491 444 3504 ·
475 3475 604 3527 ὅταν
637 3472 764 3541 γοῦν
804 3472 870 3524 τὰ
890 3473 1070 3526 δίκαια
1099 3474 1330 3544 πράττῃ,
1366 3473 1524 3525 πάλιν
1550 3476 1731 3545 ἀπαθῆ

199 3561 411 3629 γίνεται.
455 3562 565 3614 Καί
615 3560 1024 3628 περιεπάτουν,
1075 3559 1225 3628 φησί.
1273 3560 1408 3612 Ἀλλ’
1445 3561 1638 3630 ἴδωμεν
1681 3564 1732 3614 τί

201 3647 530 3715 φθέγγονται*
551 3646 646 3716 τῆς
668 3645 927 3715 μυστικῆς
948 3643 1261 3714 ἀκούσωμεν
1284 3645 1462 3715 φωνῆς
1479 3645 1598 3715 μεθ’
1612 3648 1735 3716 ησυ-

199 3735 309 3805 χίας
335 3735 550 3803 πολλῆς.
575 3730 723 3796 Εἶδες
752 3733 979 3786 ἄτακτον
1009 3733 1186 3803 φωνὴν
1215 3733 1306 3785 καὶ
1331 3734 1732 3806 συγκεχυμένην

199 3822 290 3891 τῆς
320 3819 623 3890 σαμϐύκης,
643 3817 846 3872 καὶτοῦ
867 3818 1182 3887 ψαλτηρίου,
1209 3819 1413 3887 καὶτῆς
1443 3819 1729 3889 μουσικῆς;

202 3908 457 3960 Ἀκουσον
486 3905 664 3974 φωνῆς
693 3905 797 3956 ἀπὸ
823 3905 1010 3973 πυρός.
1035 3905 1108 3957 Οὐ
1127 3903 1434 3974 θαυμαστὸν
1461 3905 1629 3958 ἐδόκει
1653 3923 1732 3958 σοι

197 3993 254 4045 τὸ
283 3993 458 4062 φωνὴν
489 3991 594 4044 ἀπὸ
623 3990 791 4061 πυρὸς
835 3990 1091 4060 φέρεσθαι
1120 3991 1287 4054 Θεοῦς
1341 3991 1466 4044 Ἰδοὺ
1506 3993 1596 4045 καὶ
1621 3995 1732 4055 τοῖς

198 4079 390 4143 δούλοις
417 4076 581 4132 αὐτοῦ
611 4077 764 4130 τοῦτο
789 4076 1095 4146 ἐχαρίσατο.
1131 4077 1284 4138 Ποῖος
1305 4076 1412 4147 ἀὴρ
1439 4077 1735 4150 πληττόμε-

197 4181 280 4227 νος
312 4167 408 4235 τὴν
451 4162 629 4234 φωνὴν
658 4159 936 4228 ἀπετέλει;
963 4162 1095 4232 Οὐχὶ
1130 4160 1286 4214 τοῦτο
1314 4163 1399 4214 ἀεὶ
1422 4175 1446 4203 ι
1467 4166 1577 4224 τοῖς
1609 4165 1736 4233 μέλ-

199 4251 339 4304 λουσι
374 4247 760 4304 κατακαίεσθαι
796 4248 1137 4317 παραινοῦσι,
1189 4247 1472 4316 διανοίγειν
1515 4249 1582 4302 τά
1618 4250 1734 4303 01:6-

201 4353 360 4406 ματα,
385 4336 460 4398 ὡς
481 4335 597 4387 ούδέ
635 4335 825 4404 μικρὸν
865 4333 1164 4404 δυναμένης
1201 4333 1298 4403 τῆς
1344 4333 1620 4404 δυνάμεως
1653 4338 1728 4388 ἐν·

198 4425 479 4492 απμεῖναι
497 4419 574 4489 τῷ
595 4419 800 4488 σώματι
828 4418 1040 4484 λοιπόν;
1063 4420 1198 4490 Ὅρα
1215 4420 1527 4489 συμφωνίαν
1550 4438 1734 4491 μουσι-

197 4511 314 4580 κὴν,
342 4506 529 4575 ὥσπερ
557 4504 614 4568 ἐξ
638 4505 752 4567 ἐνὸς
779 4505 1039 4573 στόματος
1061 4506 1262 4567 πάντας
1289 4505 1603 4576 ὑμνοῦντας.
1625 4508 1737 4562 Kal

198 4596 429 4661 συστὰς
464 4591 713 4659 Ἀζαρίας
729 4592 1109 4658 προσηύξατο
1131 4592 1314 4656 οὕτως
1337 4609 1350 4622 ο
1375 4594 1468 4644 καί
1491 4593 1737 4660 ἀνοίξας

196 4683 256 4736 τὸ
287 4683 480 4749 στόμα
506 4677 688 4734 αὑτοῦ
724 4679 791 4730 έν
821 4677 986 4746 μέσῳ
1026 4678 1128 4731 τοῦ
1176 4677 1362 4743 πυρὸς
1401 4674 1586 4731 εἶπεν.
1622 4681 1736 4731 Ἷνα

200 4768 270 4838 μὴ
295 4767 540 4837 νομίσῃς,
567 4767 649 4820 ὅτι
669 4765 808 4835 ὑπὲρ
831 4763 936 4816 τῶν
959 4763 1232 4835 παρόντων
1254 4763 1623 4832 εὐχαριστοῦσι
1646 4767 1738 4834 p.6-

196 4874 299 4924 νον,
337 4855 473 4922 ὺπέρ
500 4853 597 4922 τῆς
619 4851 985 4922 αἰχμαλωσίας
1003 4891 1016 4916 ,
1056 4850 1147 4901 καὶ
1173 4849 1278 4901 τῶν
1309 4849 1492 4904 δεινῶν
1523 4851 1738 4903 ἐκείνων

195 4943 296 4995 τῶν
319 4937 730 5010 συμϐεϐηκότων
751 4939 926 4999 αὐτοῖς
947 4935 1312 5006 παρακαλοῦσι
1331 4935 1418 4988 τὸν
1437 4937 1585 4990 Θεὸν.
1601 4937 1738 5006 Ὅρα

195 5031 306 5092 πῶς
328 5027 602 5098 ἄρχονται.
623 5024 952 5092 Εὐλογητὸς
978 5019 1048 5084 εἷ,
1077 5023 1248 5088 Κύριε
1271 5024 1302 5074 ό
1332 5021 1470 5088 Θεὸς
1491 5022 1606 5074 τῶν
1631 5033 1739 5074 πα-

195 5115 377 5183 τέρων
428 5109 612 5178 ήμῶν,
659 5107 756 5160 καί
791 5107 1028 5160 αἰνετὸν
1059 5107 1157 5159 καὶ
1197 5106 1631 5176 δεδοξασμένον
1675 5109 1741 5162 τὸ

193 5200 380 5270 ὄνομά
407 5214 521 5253 σου
544 5199 629 5262 εὶς
648 5195 784 5259 τοὺς
817 5194 1052 5259 αἰῶνας.
1086 5196 1146 5248 '0
1174 5194 1240 5247 δὲ
1263 5195 1507 5264 ἄγγελος
1529 5197 1741 5263 Κυρίου

192 5287 524 5358 συγκατέϐη
546 5284 662 5349 τοῖς
686 5282 813 5351 περί
831 5283 938 5334 τὸν
967 5280 1228 5349 Ἀᾱιριαν
1245 5285 1329 5347 είς
1344 5283 1456 5350 τὴν
1474 5283 1738 5352 κάμινον,

192 5379 284 5431 ιαί
316 5371 618 5438 ἐξετίναξε
647 5369 758 5437 τὴν
782 5367 976 5437 φλόγα
1002 5367 1107 5420 τοῦ
1134 5371 1317 5435 πυρὸς
1346 5369 1412 5422 ἐκ
1440 5369 1549 5437 τῆς
1573 5371 1740 5431 καμι-

250 5512 272 5539 ³
303 5509 495 5558 Pareti.
532 5518 605 5567 pr.
631 5503 689 5553 ad
709 5499 894 5553 Theod.
923 5501 1042 5562 laps.
1078 5511 1182 5606 δερ.
1225 5499 1254 5548 5
1282 5515 1292 5547 :
1317 5500 1476 5549 Ἵσασι
1508 5502 1558 5550 δὲ
1579 5502 1744 5557 πάντες

250 5588 290 5606 Α.
321 5569 416 5606 τοῖν
434 5567 694 5606 tamab-rm:
731 5560 1116 5606 παραγεγόνασιν.
1163 5577 1225 5606 ως
1252 5562 1330 5606 μὲν
1354 5563 1408 5606 ἂν
1429 5563 1574 5606 [γωσι
1599 5579 1744 5606 nauu-

191 5575 294 5619 δσοι
321 5569 418 5623 τοῖς
434 5560 700 5628 καιομένοις
731 5560 1116 5628 παραγεγόνασιν,
1140 5560 1225 5628 {me
1249 5562 1408 5628 pl»_&v
1429 5563 1582 5628 ἐχωινιΔ
1599 5579 1744 5628 μεμυ-

339 5618 502 5676 ἐιέῖνοι
532 5618 590 5673 τὸ.
616 5618 786 5686 χείληκ
912 5618 1068 5686 ςβραχὺ
1091 5618 1201 5686 γοῦν
1240 5618 1488 5686 ἀντέχουσί
1505 5618 1623 5686 πρὸςΔ

190 5688 480 5753 ἐμπρησμὸν·
513 5688 552 5753 εἰ
573 5680 1059 5753 δῖξσυμϐαίηβιᾶραι
1097 5680 1151 5727 τὸ
1188 5680 1353 5742 στόμα
1368 5680 1552 5742 αὐτῶν,
1582 5682 1746 5735 εὐθέως

191 5744 444 5810 {gi-{tuin
473 5744 558 5795 τοῦ
581 5744 800 5805 σώματος
809 5744 848 5797 εὴ
872 5744 1013 5802 ψυχή.

1557 425 1624 482 ΙΝ
1657 424 2012 482 DANIELEM.

3283 447 3397 501 212

1833 560 1962 610 νου,
1983 547 2076 599 καί
2097 547 2342 616 ἐποίησε
2365 558 2426 604 τὸ
2441 555 2633 621 μέσον
2655 554 2759 622 τῆς
2780 555 3030 623 καμίνου
3051 553 3130 618 ὡς
3149 550 3380 620 πνεῦμα

1831 629 2049 696 δρόσου
2069 633 2403 702 διασυρίζον
2421 655 2433 668 '
2459 639 2553 692 καί
2584 641 2693 707 οὑχ
2725 640 2918 707 ἥψατο
2947 637 3139 692 αὐτῶν
3165 638 3229 690 τὸ
3250 640 3381 691 καθ⁸

1833 717 1976 772 όλου
2002 721 2065 773 τὸ
2093 723 2210 790 πῦρ
2231 764 2244 787 ,
2283 727 2377 777 καί
2414 729 2522 780 οὑκ
2562 728 2868 794 ἐλύπησεν
2899 726 3117 791 αὑτοὺς
3139 764 3155 789 ,
3181 730 3277 778 κσί
3305 727 3376 779 οὐ

1831 807 2316 875 παρηνώχλησεν.
2387 811 2567 876 Οῦτως
2638 814 2735 866 οὐκ
2817 815 3132 882 αὐτομάτως
3207 809 3376 863 ταῦτα

1831 891 2060 959 ἐγένετο.
2115 895 2222 947 Καὶ
2267 897 2326 949 οὐ
2373 897 2527 964 μόνον
2555 899 2613 949 οὐ
2647 899 3074 967 κατεκαύθησαν,
3114 897 3223 950 ἀλλ’
3258 896 3375 950 ούδέ

1834 978 2248 1049 παρηνώχλησεν
2280 980 2472 1044 αὐτοὺς
2516 985 2576 1034 τὸ
2603 983 2729 1053 πῦρ,
2758 985 2874 1036 οὐδέ
2903 983 3052 1055 [220]
3086 983 3371 1052 ἐλύπησεν,

1831 1065 1949 1117 οὐδὲ
1992 1065 2052 1116 τὸ
2116 1068 2273 1136 τυχὸν
2328 1063 2466 1135 οἷον,
2551 1069 2669 1122 οὐδὲ
2729 1071 2932 1139 θέρμην
2987 1069 3228 1138 ᾔσθοντο.
3277 1069 3372 1121 Διὰ

1830 1149 1984 1201 τοῦτο
2011 1151 2064 1203 δὲ
2095 1153 2184 1204 καὶ
2232 1154 2321 1206 ἐπὶ
2369 1153 2617 1206 τοσοῦτον
2676 1156 2707 1224 ἠ
2760 1154 2888 1222 φλὸξ
2931 1155 3191 1223 ἀνῆλθεν,
3237 1154 3373 1206 ὥστε

1830 1236 1922 1288 καί
1966 1239 2076 1299 τοῖς
2120 1237 2313 1302 ἔξωθεν
2353 1241 2651 1306 φαίνεσθαι.
2690 1240 2796 1292 Καὶ
2831 1241 2862 1310 ὴ
2911 1240 3275 1310 ἐμϐαλλομένη
3318 1239 3374 1291 δέ

1831 1321 1926 1390 ὕλη
1962 1322 2115 1398 ἱκανὴ
2147 1320 2172 1375 οἶ
2241 1327 2444 1392 ,αὐτοὺς
2489 1326 2875 1388 πιστώσασθαι,
2922 1327 3014 1378 καὶ
3047 1326 3104 1376 τὸ
3151 1326 3222 1395 μὴ
3259 1326 3374 1377 δια-

1828 1405 2050 1472 λείπειν,
2079 1409 2170 1460 καὶ
2209 1421 2266 1460 το
2295 1410 2386 1460 ἐπὶ
2426 1409 2556 1462 πολὺ
2607 1411 2883 1477 φαίνεσθαι
2930 1409 3252 1479 καιομένην,
3282 1410 3376 1463 καὶ

1829 1493 2042 1546 πάντων
2068 1495 2241 1564 ἔμπριι
2257 1497 2369 1548 εθεν
2390 1496 2544 1549 τοῦτο
2582 1497 2844 1564 γενέσθαι.
2875 1499 2978 1551 Kal
3005 1497 3376 1564 Ναϐουχοδο-

1829 1582 2009 1648 νόσορ
2037 1581 2111 1648 ἦν
2157 1599 2299 1635 υσεν
2325 1584 2671 1650 ὑμνούντων
2698 1583 2910 1647 αὐτῶν,
2935 1585 3029 1636 καί
3059 1584 3373 1651 ἐθαύμασε,

1830 1667 1921 1719 καί
1949 1667 2070 1719 έὲτι.
2155 1684 2239 1734 ἰη
2262 1669 2330 1720 ὲν
2349 1668 2604 1734 σπουδῇ,
2631 1671 2724 1721 καὶ
2746 1665 2872 1722 εἷπε
2893 1669 3013 1734 τοῖς
3026 1667 3377 1736 μεγιστᾶσιν

1827 1753 2030 1805 αὑτοῦ.
2060 1769 2196 1805 Αυτυ
2234 1753 2288 1805 δέ
2327 1753 2478 1806 τοῦτο
2518 1755 2713 1823 ἐπῆλθε
2744 1755 2904 1807 πόθεν
2942 1755 3016 1824 τῷ
3044 1754 3376 1823 Ναϐουχοδο-

1827 1838 1982 1907 νόσορ
2016 1838 2271 1905 ὰκοῦσαι;
2300 1841 2438 1909 Ἀρα
2463 1841 2634 1893 πάντα
2673 1840 2760 1892 τὸν
2792 1840 2974 1910 χρόνον
3012 1839 3372 1909 παρεκάθητο.

1826 1922 1921 1973 Διά
1944 1921 2049 1991 γὰρ
2089 1923 2242 1975 τοῦτο
2275 1924 2472 1987 εὐθέως
2496 1928 2591 1978 οὐκ
2621 1928 2796 1978 εἴασεν
2823 1926 2980 1978 αὐτὸν
3007 1925 3229 1976 ἀκοῦσαι
3253 1962 3268 1986 ,
3289 1925 3375 1976 ἴνα

1827 2010 1921 2062 καὶ
1952 2012 1978 2062 ὁ
2006 2011 2190 2079 χρόνος
2213 2012 2370 2075 αὐτὸς
2399 2016 2713 2083 μαρτυρήσῃ
2748 2014 2824 2083 τῷ
2846 2013 3133 2083 γενομένῳ,
3163 2013 3244 2064 δτι
3282 2011 3376 2064 καὶ

1828 2095 1990 2148 πολὺν
2014 2096 2382 2166 διατρίψαντες
2402 2098 2608 2168 χρόνον,
2630 2100 2777 2151 οὐδὲν
2805 2099 2998 2151 ἔπαθον
3017 2097 3204 2150 δεινόν.
3230 2095 3376 2163 Οὑχί

1827 2182 2045 2250 ἄνδρας
2066 2184 2217 2252 τρεῖς
2239 2185 2594 2254 ἑνεϐάλομεν
2614 2189 2700 2253 είς
2718 2185 2908 2254 μέσον
2935 2185 3037 2239 τοῦ
3071 2184 3256 2252 πυρὸς
3279 2199 3379 2237 πε-

1828 2268 2193 2339 πεδημένους
2210 2287 2229 2334 ;
2249 2273 2354 2325 Kal
2386 2271 2799 2340 ἀποκριθέντες
2821 2271 3068 2341 λέγουσι
3099 2269 3178 2335 τῷ
3199 2271 3380 2334 ,βασι-

1826 2355 1955 2409 λεῖ’
1999 2356 2278 2424 Ἀληθῶς,
2311 2358 2592 2421 βασιλεῦ.
2645 2358 2749 2410 Kal
2780 2352 2944 2409 εἶπεν
2978 2360 3011 2411 ό
3043 2357 3338 2420 ,βασιλεύς
3361 2372 3376 2387 ’

1828 2433 1964 2492 Ὧδε
1979 2440 2091 2508 ἐγὼ
2123 2440 2236 2507 ὁρῶ
2277 2440 2495 2509 ἄνδρας
2536 2443 2831 2508 τέσσαρας
2860 2439 3242 2509 λελυμένους,
3283 2441 3380 2494 καί

1827 2526 2294 2592 περιπατοῦντας
2321 2527 2388 2579 ἐν
2411 2527 2576 2595 μέσῳ
2597 2526 2700 2580 τοῦ
2733 2530 2946 2594 πυρός·
2980 2527 3073 2580 καὶ
3099 2526 3382 2594 διαφθορὰ

1829 2613 1938 2664 οὐκ
1972 2610 2138 2664 ἔστιν
2164 2612 2232 2664 ὲν
2264 2612 2494 2677 αὑτοῖς·
2529 2612 2624 2666 καί
2650 2613 2685 2679 ἠ
2725 2613 2930 2679 ὅρασις
2962 2612 3066 2666 τοῦ
3102 2612 3381 2679 τετάρτου

1830 2698 2000 2764 ὁμοία
2018 2696 2123 2762 υίῷ
2152 2698 2256 2751 τοῦ
2277 2700 2442 2753 Θεοῦ.
2475 2699 2602 2750 Ἀπὸ
2621 2700 2716 2768 τῆς
2745 2698 2912 2768 θύρας
2939 2697 3071 2751 εἶδεν
3093 2698 3188 2759 τὰς
3210 2698 3378 2766 ὄψεις.

1836 2787 1970 2838 Τότε
1992 2786 2294 2854 προσῆλθε
2331 2787 2855 2855 Ναϐουχοδονόσορ
2883 2787 3031 2854 πρὸς
3067 2786 3178 2854 τὴν
3197 2787 3383 2853 θύραν

1829 2869 1938 2937 τῆς
1961 2871 2210 2938 καμίνου
2239 2873 2342 2926 τοῦ
2364 2873 2551 2940 πυρὸς
2580 2871 2684 2938 τῆς
2708 2871 3040 2939 καιομένης,
3065 2871 3159 2923 καί
3184 2867 3377 2924 εἷπεν·

1831 2955 2052 3025 Σεδρὰχ
2073 2997 2087 3020 ,
2122 2956 2321 3025 Μισὰχ
2341 2997 2354 3018 ,
2398 2957 2710 3027 Ἀϐδεναγώ
2734 2998 2749 3020 ,
2779 2960 2831 3010 οἰ
2858 2957 3062 3010 δοῦλοι
3093 2957 3197 3010 τοῦ
3233 2956 3379 3010 Θεοῦ

1829 3043 1933 3096 τοῦ
1960 3043 2241 3110 ὑψίστου,
2263 3043 2552 3108 έξέλθετε,
2579 3045 2674 3098 καί
2706 3044 2875 3097 δεῦτε
2897 3039 3028 3099 ὧδε.
3074 3043 3178 3096 Kal
3203 3041 3383 3110 ἐξῆλ-

1833 3133 1939 3183 θον
1963 3128 2208 3197 Σεδρὰχ,
2237 3130 2453 3197 Μισὰχ,
2498 3130 2816 3198 Ἀϐδεναγώ
2841 3130 2909 3182 ἐκ
2929 3130 3122 3198 μέσου
3142 3130 3246 3182 τοῦ
3273 3144 3385 3180 πυ-

1823 3215 1952 3280 ρός.
1983 3213 2080 3266 Διά
2102 3214 2152 3266 τί
2176 3215 2219 3266 δ’
2248 3215 2308 3267 οὐ
2336 3216 2591 3285 πρότερον
2613 3215 2830 3284 ἐξῆλθον
2859 3215 2959 3276 ἕως
2995 3214 3246 3268 ἐκάλεσεν
3278 3215 3378 3266 aﬂ-

1832 3299 1954 3362 τούς
1981 3319 1994 3365 ;
2030 3301 2136 3353 Καὶ
2157 3301 2332 3365 καλῶς
2368 3302 2620 3372 πρότερον
2643 3304 2816 3371 ἐρωτᾷ
2843 3301 2964 3360 τοὺς
2991 3301 3271 3370 ἄρχοντας,
3293 3301 3383 3353 ἵνα

1834 3390 1898 3458 τῇ
1934 3389 2214 3458 ἀποκρίσει
2258 3387 2781 3459 προκατασχεθέντες
2820 3387 2980 3455 μηδὲν
3003 3387 3234 3440 ἐναντίον
3256 3387 3384 3439 ἀπο-

1835 3473 2141 3543 κρίνωνται,
2173 3473 2302 3543 μηδὲ
2331 3473 2432 3526 ὑπὸ
2452 3473 2545 3526 τοῦ
2567 3472 2752 3543 καιροῦ
2784 3471 3217 3542 συναρπαγῶσιν.
3253 3472 3385 3523 Ὠσ-

1834 3576 1936 3628 περ
1968 3558 2043 3628 τῷ
2073 3561 2294 3612 Μωῦσεῖ
2321 3560 2540 3627 ἔλεγενό
2567 3561 2695 3620 Θεός
2714 3574 2727 3589 ·
2761 3559 2820 3611 Τί
2849 3559 3021 3610 τοῦτο
3040 3559 3106 3610 έν
3135 3557 3209 3624 τῇ
3233 3559 3387 3625 χειρί

1833 3659 1947 3697 σου
1969 3661 1988 3708 ;
2035 3644 2175 3696 οὕτω
2216 3644 2309 3697 καὶ
2349 3645 2568 3706 τούτους
2609 3644 3069 3713 Ναϐουχοδονόσορ
3108 3661 3387 3714 προκατα-

1833 3729 2088 3800 λαμϐάνει
2115 3733 2181 3800 τῇ
2227 3731 2501 3801 ἐρωτήσει.
2554 3729 2707 3782 Ἰδοὺ
2733 3768 2748 3792 ,
2796 3731 2975 3798 φησιν,
3004 3729 3118 3797 ὁρῶ
3161 3729 3382 3797 ἄνδρας

1832 3817 2125 3884 τέσσαρας
2141 3815 2523 3884 λελυμένους,
2544 3815 2637 3867 καί
2657 3815 3119 3883 περιπατοῦντας
3137 3815 3204 3867 έν
3216 3815 3382 3882 μέσῳ

1833 3903 1936 3957 τοῦ
1966 3905 2182 3970 πυρός·
2221 3903 2317 3954 καί
2351 3901 2636 3969 διαφθορὰ
2672 3904 2779 3954 οὑκ
2824 3901 2992 3952 ἔστιν
3026 3901 3094 3952 ἐν
3135 3902 3336 3965 αὑτοῖς
3360 3918 3375 3932 ·

1834 3989 1929 4042 καί
1958 3990 1994 4055 η
2021 3989 2226 4055 ὅρασις
2255 3987 2356 4041 τοῦ
2387 3986 2659 4052 τετάρτου
2697 3986 2865 4054 όμοία
2900 3985 3004 4050 υἱῷ
3034 3986 3200 4040 Θεοῦ.
3240 3987 3380 4039 Πολὺ

1834 4077 2024 4138 κάλλος
2051 4076 2174 4137 ἴσως
2192 4076 2454 4142 ἐνέφαινε.
2475 4073 2640 4125 Πόθεν
2657 4069 2819 4138 οἶδας,
2840 4069 2883 4127 ὦ
2903 4075 3378 4145 Ναϐουχοδονόσορ,

1834 4162 1944 4215 υἰὸν
1973 4160 2136 4224 Θεοῦς
2163 4162 2302 4230 Ὅρα
2326 4159 2507 4212 τοῦτον
2539 4159 2939 4228 προφητεύοντα
2972 4161 3060 4213 τὸν
3114 4160 3380 4230 βάρϐαρον

1835 4249 1942 4302 ἀπὸ
1970 4249 2067 4318 τῆς
2091 4246 2262 4316 δψεως
2301 4247 2483 4315 μόνης.
2514 4246 2624 4298 Καὶ
2652 4246 2917 4314 προσῆλθε
2944 4285 2958 4308 ,
2995 4249 3086 4299 καὶ
3128 4247 3381 4299 ἐκάλεσεν

1835 4334 2051 4396 αὐτούς·
2078 4333 2321 4400 Σεδρὰχ,
2349 4333 2566 4399 Μισὰχ,
2612 4331 2943 4400 Ἀϐδεναγὼ,
2965 4334 3017 4383 οί
3044 4331 3244 4384 δοῦλοι
3275 4334 3380 4385 τοῦ

1839 4421 1982 4475 Θεοῦ
2022 4418 2124 4471 τοῦ
2161 4418 2420 4485 ὑψίστου
2443 4456 2458 4480 ,
2500 4415 2765 4480 ὲξέλθετε
2788 4457 2803 4480 ,
2846 4416 2940 4468 καί
2971 4416 3168 4469 δεῦτε.
3218 4417 3381 4486 Ὅρα.

1837 4509 1950 4559 Οὐκ
1978 4505 2150 4558 ἐκέλει
2174 4521 2223 4556 τε
2247 4502 2528 4570 σϐεσθῆναι
2556 4503 2651 4572 τὴν
2677 4502 2916 4571 κάμινον,
2943 4501 3074 4554 ἀλλὰ
3097 4502 3177 4568 τί;
3222 4501 3383 4554 Ἐκά-

1836 4594 1986 4646 λεσεν
2015 4592 2204 4652 αὐτοὺς
2233 4588 2479 4654 ἐξελθεῖν.
2510 4585 2658 4650 Εἶδες
2698 4589 2876 4658 θαῦμα
2907 4590 3044 4658 μέγα
3083 4591 3175 4641 καὶ
3201 4591 3382 4660 παρά-

1837 4679 2000 4743 δοξον.
2048 4679 2109 4729 ’Ὀ
2145 4676 2375 4746 μάλιστα
2402 4673 2515 4745 ᾔδει
2559 4673 2906 4744 θεραπεῦσον,
2930 4673 3083 4726 τοῦτο
3107 4674 3382 4727 ἐκάλεσεν.

1839 4765 1998 4818 Οὐδὲν
2013 4762 2212 4829 ταύτης
2229 4762 2328 4830 τῆς
2346 4761 2614 4827 εὐγενείας
2643 4760 2770 4812 ῐσον.
2797 4760 2988 4812 Ἀκουε
3006 4759 3112 4829 γὰρ
3131 4760 3223 4812 τοῦ
3246 4759 3375 4812 Θεοῦ
3414 4767 3417 4770 ’

1837 4852 2103 4919 λέγοντοςο
2146 4847 2398 4915 Μωυσῆς
2439 4851 2470 4901 ό
2525 4846 2787 4914 θεράπων
2815 4865 2927 4915 μου
2980 4848 3377 4913 τετελεύτηκε.

1839 4939 1945 4992 Kal
1990 4937 2202 4997 Ἰσαὰκ,
2237 4936 2383 5004 φησὶ,
2433 4937 2464 4986 ό
2506 4932 2719 4996 δοῦλός
2748 4947 2878 4985 σου.
2912 4932 3094 5003 Ταύτῃ
3131 4933 3180 4983 οἰ
3213 4931 3380 4997 ἄγγε-

1839 5023 1919 5074 λοι
1966 5025 2028 5091 τῇ
2085 5017 2414 5090 προσηγορίᾳ
2449 5015 2781 5083 ἀγάλλονται
2819 5016 2909 5066 κ²ῖ
2963 5015 3029 5066 τὰ
3081 5005 3384 5084 Χερουϐὶμ

1841 5116 1932 5166 καί
1947 5114 2012 5165 τὰ
2033 5109 2292 5182 Σεραφίμ.
2323 5110 2430 5161 Καὶ
2468 5107 2564 5176 οὐχ
2596 5107 2668 5168 ὡς
2693 5107 2756 5159 ἀν
2785 5123 2866 5168 τις
2901 5105 3193 5173 φιλόνεικος
3226 5105 3380 5172 1:011};-

1837 5217 2012 5266 σειεν,
2055 5201 2416 5271 ἀναπέμειναν
2458 5197 2520 5267 (1.
2568 5193 2978 5266 ἐναπέμειναν),
3022 5192 3136 5245 ἀλλ’
3179 5191 3384 5252 εὐθέως

1837 5290 2167 5359 ὑπήκουσαν·
2200 5289 2291 5341 καὶ
2321 5284 2576 5355 συνῆλθον
2605 5284 2836 5343 ἀπαντες
2869 5281 2994 5333 ἰδεῖν
3021 5277 3081 5329 τὺ
3105 5277 3306 5344 θαῦμα.

2437 5478 2687 5531 ΚΕΦᾹΛ.
2716 5479 2787 5528 Δ’.

1924 5639 2085 5707 Ἐτὼ
2129 5631 2652 5701 Ναϐουχοδονόσορ
2685 5630 2949 5697 εὐθηνῶν
2998 5630 3157 5696 ἥμην
3195 5629 3265 5681 έν
3307 5627 3388 5695 τῷ

1845 5731 1984 5792 οῐκῳ
2017 5745 2151 5798 μου,
2185 5725 2280 5780 καί
2315 5722 2581 5779 εὐθαλῶν
2613 5723 2704 5775 ἐπὶ
2737 5722 3080 5791 τοῦηθρόνου
3104 5736 3254 5789 μου,
3287 5721 3385 5776 ενιεί
