4066 6488
631 431 742 481 213

633 537 784 588 ,τίων
818 536 888 588 ἐν
918 537 996 602 τῷ
1035 538 1158 604 λαῷ
1179 557 1315 607 μου.
1349 541 1501 602 Τίνος
1535 541 1717 592 ἐνεκεν
1758 537 1896 592 οὕτω
1936 536 2087 588 τοῦτο
2131 534 2177 586 ἔ.-

631 638 863 708 γραψεν,
888 642 980 693 καὶ
1012 641 1133 710 οὐχὶ
1170 643 1420 713 ἔγραψεν·
1445 642 1901 711 Ναϐουχοδονόσορ
1927 635 1992 709 ἦν
2028 637 2184 706 εὐθη-

633 746 760 808 νῶνο
780 746 893 800 ἀλλ’
919 748 993 810 ὡς
1016 750 1078 801 ἐκ
1107 750 1393 820 προσώπου
1415 753 1650 818 ἐκείνου;
1683 751 1831 820 Ἐμοὶ
1853 749 1997 801 δοκεῖ
2017 747 2186 800 ταῦτα

632 857 702 909 τὰ
729 857 878 929 [221]
927 861 1145 929 ῥήματα
1189 861 1347 913 αὐτοῦ
1393 857 1531 915 εἶναι
1559 862 1650 914 τοῦ
1705 860 2180 930 Ναϐουχοδονόσορ.

648 961 861 1032 Ἐπειδὴ
885 960 990 1033 γάρ
1019 965 1308 1033 ἀνήνεγκεν
1338 965 1430 1018 ἀπ’
1475 964 1685 1032 ἐκείνης
1724 964 1821 1032 τῆς
1847 962 2078 1033 πλάνης,
2129 965 2186 1014 ἐν

631 1075 910 1144 δημοσίοις
951 1075 1089 1128 αὐτά
1127 1075 1379 1129 κατέθετο
1411 1077 1708 1145 γράμματα
1741 1074 1887 1137 ἴσως.
1917 1074 2052 1126 Αὐτὸ
2095 1067 2187 1124 οῦν

640 1179 940 1248 σύνταγμα,
969 1179 1105 1233 ὥστε
1140 1181 1441 1244 ἀξιόπιστον
1471 1179 1737 1247 γενέσθαι,
1765 1178 1997 1249 παράγει
2027 1180 2053 1229 δ
2089 1179 2189 1227 Δα-

637 1289 774 1358 νιήλ.
802 1290 878 1358 Τῇ
910 1290 1017 1360 γάρ
1039 1290 1143 1342 τῶν
1165 1290 1459 1359 ἀνθρώπων
1487 1289 1642 1358 φύσει
1673 1291 1828 1352 αὐτὸς
1853 1291 1880 1340 6
1913 1288 2188 1351 πεπονθὼς

636 1397 958 1465 διαλέγεται.
987 1399 1094 1452 Καὶ
1126 1399 1219 1452 θέα
1246 1418 1335 1470 μοι
1358 1401 1494 1471 πόση
1526 1403 1796 1464 παίδευσις
1819 1401 2021 1467 γίνεται
2052 1401 2188 1452 κατά

637 1497 746 1550 τῶν
796 1499 1170 1568 ὑπερηφάνων.
1222 1502 1350 1553 Ἀπὸ
1389 1502 1494 1572 γὰρ
1521 1503 1886 1572 ὑπερηφανίας
1933 1501 2189 1554 πέπονθεν

639 1609 784 1678 ἅπερ
823 1608 1040 1673 ἔπαθεν,
1075 1611 1166 1663 καὶ
1197 1612 1427 1664 δείκνυσι
1459 1613 1556 1683 τὴν
1591 1615 1764 1666 αἰτίαν
1793 1612 1890 1682 τῆς
1915 1612 2190 1682 ὑπερηφα-

639 1711 758 1774 νίας
778 1713 882 1764 ἀπό
905 1730 962 1765 τε
979 1713 1071 1766 τοῦ
1095 1715 1277 1777 τέλους
1294 1714 1498 1783 καὶτῆς
1517 1714 1688 1785 ἀρχῆς
1707 1731 1719 1743 ·
1762 1715 1817 1765 ἐν
1837 1714 1932 1783 μέν
1949 1715 2023 1782 τῷ
2049 1715 2190 1767 τέλει

641 1812 838 1882 λέγων,
873 1816 993 1868 Ὀτι
1043 1816 1267 1882 πάντας
1309 1815 1450 1882 τοὺς
1490 1815 1906 1884 ὑπερηφάνους
1949 1815 2192 1867 δύναται

641 1920 1000 1974 ταπεινῶσαι
1019 1939 1032 1952 ·
1057 1923 1114 1974 ἐν
1133 1923 1272 1992 ἀρχῇ
1297 1922 1350 1974 δὲ
1377 1923 1470 1975 καὶ
1491 1921 1556 1974 ὲκ
1583 1921 1874 1991 προοιμίων
1898 1920 1990 1988 τὴν
2017 1920 2192 1971 αίτίαν

641 2021 741 2090 τῆς
771 2023 1138 2094 ὑπερηφανίας
1176 2023 1454 2076 διδάσκων.
1518 2023 1661 2075 Ἐκεῖ
1699 2022 1794 2091 μὲν
1821 2021 1956 2090 γὰρ,
1994 2021 2074 2073 ὅτι
2108 2021 2194 2073 διὰ

643 2120 796 2174 τοῦτο
828 2121 1179 2192 ἐταπεινώθη,
1211 2121 1471 2191 ἐδήλωσεν
1493 2138 1506 2152 ·
1537 2121 1766 2174 ἐνταῦθα
1809 2121 1864 2172 δὲ
1892 2119 2050 2172 πόθεν
2088 2137 2194 2172 τοι-

642 2220 768 2274 οῦτο
798 2221 1044 2289 ἐγένετο,
1081 2223 1143 2274 ἐκ
1167 2222 1256 2274 τοῦ
1286 2223 1482 2288 πολλῆς
1531 2221 1831 2275 ἀπολαῦσαι
1857 2221 2190 2290 εὐπραγίαςο

644 2325 832 2396 ὥσπερ
860 2326 952 2379 καὶ
975 2328 1003 2379 6
1026 2326 1183 2380 Δαυῖδ
1211 2326 1386 2392 λέγει’
1417 2325 1515 2378 Διὰ
1543 2324 1714 2378 τοῦτο
1740 2323 2068 2390 ἐκράτησεν
2096 2325 2196 2376 αὐ·

645 2427 766 2482 τῶν
797 2430 834 2498 ἠ
870 2430 1278 2497 ὑπερηφανίαο
1320 2427 1460 2482 οὕτω
1506 2428 1566 2497 δὴ
1595 2429 1686 2480 καὶ
1732 2426 1959 2480 ἐνταῦθα
2001 2426 2196 2488 πολλὰς

647 2532 857 2601 τίθησιν
901 2533 1224 2602 εὐπραγίας.
1284 2533 1371 2584 Ἐν
1397 2535 1460 2601 τῇ
1512 2533 1650 2601 ἀρχῇ
1703 2548 1885 2600 φησιν·
1916 2530 2200 2596 Εὐθηνῶν

647 2633 810 2702 ἢμην
829 2635 898 2688 ἐν
921 2633 998 2699 τῷ
1025 2636 1164 2698 οἴκῳ
1198 2652 1336 2702 μου,
1370 2634 1464 2686 καί
1490 2632 1758 2687 εὑθαλῶν
1804 2633 1903 2684 ἐπὶ
1937 2631 2041 2684 τοῦ
2072 2632 2201 2697 θρό-

648 2753 758 2789 νου
776 2753 914 2803 μου,
952 2735 1047 2788 καὶ
1081 2737 1230 2788 πίων
1258 2737 1325 2789 ἐν
1355 2735 1431 2800 τῷ
1465 2733 1588 2797 ,1αῷ
1639 2753 1770 2802 μου.
1813 2735 1885 2787 Οὐ
1939 2734 2044 2804 γὰρ
2089 2733 2201 2785 ἔστι

651 2837 826 2891 πάντα
876 2836 1010 2902 ὁμοῦ
1081 2839 1414 2907 συνδραμεῖν.
1479 2840 1689 2891 Ἐνεστι
1737 2837 1876 2891 κατά
1941 2837 2036 2904 μὲν
2107 2837 2201 2906 τὴν

652 2940 826 3010 ἀρχὴν
853 2941 1165 3008 εὐπραγεῖν,
1201 2940 1342 2991 κατά
1378 2941 1433 2991 δὲ
1482 2941 1578 3009 τὴν
1627 2941 1800 2992 οἰκίαν
1843 2939 2199 3008 δυσπραγεῖν,

655 3042 904 3110 καθάπερ
965 3043 994 3093 6
1052 3041 1325 3110 Ἡρώδηςο
1383 3041 1628 3111 καθάπερ
1679 3043 1706 3092 6
1767 3041 1959 3092 Δαυῖδο
2031 3040 2203 3092 ἔνεστι

655 3143 816 3196 πάλιν
856 3142 1156 3197 τούναντίον
1207 3145 1263 3195 ἐν
1319 3144 1414 3211 μέν
1451 3141 1527 3212 τῷ
1573 3141 1684 3210 λαῷ
1728 3143 2068 3211 δυσπραγεῖν,
2101 3141 2205 3192 ἀπὸ

654 3243 712 3295 δέ
743 3243 838 3312 τῆς
873 3243 1047 3304 οἰκίας
1087 3243 1248 3312 μηδὲν
1289 3243 1514 3312 πάσχειν
1546 3241 1711 3293 δεινόν
1736 3259 1747 3269 ·
1787 3241 1988 3293 ἔνεστιν
2028 3243 2084 3293 ἐν
2110 3241 2205 3308 μὲν

655 3347 722 3414 τῇ
750 3345 898 3396 πόλει
924 3345 1241 3417 εἰρηνεύειν,
1268 3346 1362 3414 τὴν
1395 3345 1450 3397 δέ
1477 3345 1645 3415 ἀρχὴν
1663 3343 2036 3413 ταράττεσθαι.
2069 3344 2204 3396 Ἀλλ’

657 3439 808 3507 οὗτος
836 3444 1090 3496 πάντοθεν
1117 3445 1404 3514 εὐπραγεῖν
1445 3440 1616 3512 εἶχενο
1655 3444 1800 3497 οὐδὲν
1820 3440 1885 3513 ἦν
1920 3445 2077 3496 αὐτὸν
2120 3445 2208 3496 λυο

660 3543 815 3597 ποῦν.
864 3544 1022 3614 Ὁρᾷς
1072 3543 1234 3596 πόσον
1273 3543 1435 3600 κακὸν
1477 3544 1654 3607 ἄδειας
1683 3543 1942 3613 Καθάπερ
1970 3543 2075 3613 γάρ
2118 3544 2203 3596 ἐπὶ

660 3647 768 3699 τῶν
817 3646 1102 3716 σωμάτων,
1134 3647 1259 3699 ὅταν
1308 3646 1379 3714 μὴ
1424 3645 1674 3713 γίνωνται
1704 3647 1751 3697 οί
1791 3646 1927 3697 κατὰ
1970 3646 2208 3714 ἀνάγκην

665 3749 850 3820 μόχθοι
873 3751 966 3803 καί⁵
985 3749 1260 3818 ἀσχολίαι,
1296 3749 1666 3818 ἐπιτηδευτούς
1702 3767 1847 3812 τινας
1885 3749 2207 3819 ἐπιχειροῦσι

664 3853 856 3914 ποιεῖν,
890 3851 1024 3920 πρὸς
1059 3852 1359 3921 γυμνασίαν
1393 3852 1484 3902 τοῦ
1523 3854 1763 3919 σώματος
1792 3867 1805 3880 ο
1855 3850 1992 3903 οὐτω
2043 3852 2133 3903 καὶ
2181 3852 2209 3902 6

661 3955 793 4019 Θεὸς
821 3959 990 4009 ποιεῖν
1016 3956 1188 4018 είωθε,
1219 3955 1354 4006 ὥστε
1387 3955 1445 4006 τὸ
1493 3954 1700 4007 εὐτονον
1739 3955 2026 4024 περιελεῖν.
2077 3957 2208 4006 Ἔν-

661 4056 875 4108 ὐπνιον
902 4051 1081 4120 εἶδον,
1109 4055 1204 4107 καί
1223 4053 1564 4121 ἐφοσέρισέν
1606 4069 1682 4121 με
1701 4092 1716 4116 ,
1736 4053 1832 4105 καί
1880 4053 2210 4119 ἐταράχθην

661 4160 758 4212 ἐπὶ
790 4159 896 4227 τῆς
921 4160 1119 4223 κοίτης
1142 4174 1279 4225 μου,
1307 4157 1402 4209 καί
1437 4159 1494 4209 αι
1524 4157 1758 4223 ὁράσεις
1795 4156 1904 4223 τῆς
1942 4157 2209 4224 κεφαλῆς

660 4279 776 4331 μου
821 4259 1233 4328 συνετάραξάν
1283 4277 1376 4328 με.
1438 4261 1545 4312 Καί
1600 4261 1731 4326 παρ’
1782 4260 1924 4328 ἐμοῦ
1973 4260 2206 4327 ἐξετέθη

662 4365 848 4433 δόγμα
869 4407 885 4429 ,
925 4364 1078 4418 ὥστε
1123 4362 1457 4432 εἰσαγαγεῖν
1497 4362 1747 4414 ἐνώπιον
1788 4363 1930 4429 ἐμοῦ
1985 4362 2209 4427 πάντας

663 4468 807 4530 τοὺς
855 4468 1085 4536 σοφοὺς
1121 4466 1502 4532 Βαϐυλῶνος,
1551 4465 1705 4531 ὅπως
1749 4463 1858 4531 τὴν
1897 4467 2210 4533 σύγκρισιν

664 4573 771 4626 τοῦ
827 4571 1114 4625 ἐνυπνίου
1169 4569 1498 4637 τνωρίσωσί
1548 4586 1668 4636 μοι.
1703 4569 1842 4639 Ὅρα
1891 4567 2005 4630 πῶς
2051 4568 2210 4620 αὐτὸν

665 4673 1007 4727 καταστεῖλαι
1043 4671 1302 4741 βούλεται,
1339 4671 1456 4738 οὐχὶ
1503 4673 1566 4738 τῇ
1619 4670 1781 4739 πείρᾳ
1826 4669 1932 4721 τῶν
1959 4669 2211 4738 πραγμά-

663 4793 790 4839 των,
836 4775 970 4830 άλλά
1004 4778 1069 4845 τῇ
1112 4775 1406 4844 προρρήσει
1450 4772 1558 4824 τῶν
1607 4771 2082 4841 συμϐαινομένων·
2118 4773 2211 4822 καὶ

663 4880 811 4942 ὅπως
835 4875 901 4948 ἦν
931 4879 1155 4947 φοϐερὸν
1182 4878 1240 4929 τὸ
1275 4878 1550 4940 ἐνύπνιονς
1576 4877 1727 4938 τίνος
1754 4871 1842 4927 οὖν
1876 4875 2056 4927 ἕνεκεν
2093 4875 2211 4942 οὐχὶ

667 4981 758 5034 καὶ
797 4980 890 5033 νῦν
935 4981 1139 5049 ἀπέστη
1185 4978 1340 5031 αὐτοῦ
1388 4979 1447 5030 τὸ
1487 4977 1715 5046 πνεῦμα,
1744 4977 1859 5028 οὐδέ
1888 4978 2118 5045 ἠγνόησε
2149 4975 2210 5026 τὸ

668 5085 932 5149 ἐνύπνιον,
955 5083 1198 5152 καθάπερ
1226 5081 1317 5134 καὶ
1348 5082 1636 5148 πρότερον;
1665 5082 1784 5132 ’Ὁτι
1811 5079 1994 5148 ίκανὴν
2023 5081 2211 5147 πεῖραν

667 5186 950 5249 δεδωκότος
997 5184 1089 5238 τοῦ
1123 5183 1314 5252 Δανιὴλ
1361 5183 1650 5251 πρότερον,
1707 5182 1870 5250 ἡγουν
1903 5181 1957 5232 ἐν
1988 5179 2061 5247 τῷ
2107 5178 2212 5246 πρὸ

668 5293 854 5349 τούτου
887 5295 1134 5362 ἐνυπνίῳ,
1169 5292 1388 5360 οὐδεμία
1425 5289 1606 5340 λοιπὸν
1650 5287 1802 5356 χρεία
1848 5282 1915 5356 ἦν
1960 5284 2210 5352 δευτέραν

671 5402 1087 5472 προσενεχθῆναι
1111 5401 1444 5470 δοκιμασίαν.
1470 5399 1650 5450 Πάντα
1682 5394 1783 5462 γὰρ
1804 5394 1986 5463 χρείας
2009 5393 2208 5455 ἕνεκεν,

671 5507 731 5559 οὐ
764 5507 1086 5577 φιλοτιμίας,
1118 5508 1145 5558 6
1172 5505 1298 5567 Θεὸς
1319 5503 1774 5574 πραγματεύεται.
1803 5499 2005 5560 Ἀλλως
2032 5499 2085 5550 δὲ
2119 5500 2210 5549 καὶ

673 5616 806 5683 πρὸς
838 5617 1050 5686 ἔλεγχον
1071 5617 1274 5683 γίνεται
1298 5615 1404 5665 τῶν
1428 5614 1634 5681 μάγων.
1655 5612 1769 5663 Ἵνα
1785 5610 1891 5679 γὰρ
1919 5609 1993 5678 μὴ
2011 5610 2207 5675 λέγωσι

672 5723 850 5776 πάλινο
882 5722 1109 5776 Ειπάτω
1147 5725 1179 5776 ό
1214 5719 1508 5785 βασιλεὺς
1530 5719 1594 5772 τὸ
1621 5719 1922 5782 ἐνύπνιον,
1963 5717 2060 5770 καί
2098 5716 2210 5781 τὴν

1311 427 1368 484 S.
1402 424 1680 483 JOANNIS
1715 419 2191 480 CIIRYSOSTOMI
2229 419 2542 480 ARCIIIEP.
2582 425 3116 490 CONSTANTINOP.

3737 455 3857 506 214

2287 539 2604 607 σύγκρισιν
2643 546 2827 600 αὐτοῦ
2881 546 3322 616 ἁναγγελοῦμεν
3371 548 3557 615 ἡμεῖς’
3596 544 3857 613 ἐλέγχονο

2286 656 2376 691 ται
2409 643 2539 710 μηδὲ
2559 644 2711 699 τοῦτο
2744 648 2872 700 αὐτὸ
2902 650 3201 718 δυνάμενοι,
3235 651 3295 702 οὐ
3327 650 3486 718 μόνον
3511 651 3708 700 ἐκεῖνο.
3736 649 3858 705 Οὐκ

2291 747 2432 820 εἷχον
2457 751 2631 820 λέγειν
2659 756 2836 809 πάλιν
2862 760 2930 811 Τὸ
2939 757 3125 826 ῥῆμα,
3150 759 3180 811 ὃ
3206 762 3236 811 ό
3247 760 3536 822 βασιλεὺς
3558 754 3854 824 ἐπερωτᾷ,

2285 854 2464 922 βαρύ·
2501 857 2597 908 καὶ
2643 860 2752 911 οὐκ
2795 861 2964 912 ἐστιν
3009 861 3346 928 ἅνθρωπος,
3400 861 3466 926 ὃς
3515 861 3858 926 δυνήσεται

2290 955 2580 1022 διακρῖναι
2631 961 2816 1022 αὐτὸ,
2862 961 2996 1013 ἀλλ’
3031 962 3069 1028 ἢ
3119 961 3271 1026 θεοί,
3317 955 3404 1014 ὧν
3446 964 3554 1015 οὐκ
3604 961 3784 1013 ἔστιν
3816 959 3856 1025 ἠ

2291 1062 2558 1112 κατοικία
2579 1063 2726 1128 μετὰ
2764 1062 2964 1128 πάσης
2994 1065 3238 1130 σαρκός.
3273 1065 3596 1133 Ἐμάνθανεν
3633 1066 3700 1116 ἐκ
3730 1063 3860 1114 τού-

2291 1179 2418 1225 των,
2455 1164 2534 1216 ὅτι
2565 1165 2682 1217 οὐδέ
2712 1165 2776 1217 τά
2805 1168 3038 1237 πρότερα
3059 1170 3120 1219 ἐκ
3147 1167 3245 1234 τῆς
3266 1169 3452 1236 σοφίας
3475 1168 3676 1236 ταύτης
3700 1163 3859 1220 εἶπεν

2293 1275 2320 1326 6
2350 1276 2563 1344 Δανιήλ.
2591 1276 2832 1347 Ἐμαθεν
2851 1279 2931 1330 ὃτι
2964 1279 3081 1331 οὐδέ
3105 1281 3161 1331 ἐν
3181 1283 3289 1342 τοῖς
3313 1279 3612 1349 ἔμπροσθεν
3633 1279 3861 1347 χρόνοις

2295 1377 2474 1445 ἔλεγόν
2501 1396 2553 1430 τι
2583 1380 2751 1446 ὐγιές,
2789 1381 3037 1450 καθάπερ
3070 1383 3227 1444 αὐτός
3271 1399 3450 1452 φησιν,
3486 1382 3597 1434 ἀλλ’
3627 1382 3664 1450 ἦ
3715 1382 3859 1434 πάν-

2296 1500 2406 1534 των
2433 1482 2488 1533 ἐν
2512 1483 2718 1554 ἐρημίᾳ
2752 1484 2858 1536 τῶν
2889 1485 3209 1554 ἐλεγχόντων
3240 1486 3406 1548 ὅντες.
3636 1485 3772 1537 Ὀτε
3803 1485 3862 1538 δὲ

2294 1581 2455 1654 ἦλθεν
2483 1587 2661 1649 αὐτοῖς
2689 1589 2956 1654 ἀπόδειξις
2985 1590 3042 1655 ἐξ
3075 1589 3347 1651 Ἰουδαίας,
3372 1589 3398 1638 6
3424 1588 3635 1657 Δανιὴλ,
3669 1587 3862 1638 οὐκέτι

2299 1683 2564 1754 τολμῶσιν
2591 1686 2710 1738 οὐδὲ
2737 1686 3079 1740 πλάττεσθαι.
3113 1689 3271 1739 Ὥστε
3314 1687 3661 1756 οἰκονομικῶς
3696 1687 3863 1740 πάλιν

2297 1788 2580 1842 καλοῦνται
2601 1787 2762 1844 οῦτοι.
2782 1792 2890 1844 Καὶ
2912 1791 3017 1861 γάρ
3038 1790 3181 1855 ἀξιον
3199 1791 3492 1859 θαυμάσαι.
3512 1792 3652 1854 τίνος
3673 1792 3865 1844 ἕνεκεν

2297 1897 2473 1949 λαϐὼν
2505 1900 2698 1968 πεῖραν
2728 1900 2824 1969 τῆς
2846 1898 2938 1950 τοῦ
2959 1899 3151 1970 Δανιὴλ
3177 1899 3452 1969 δυνάμεως
3472 1901 3528 1952 ἐν
3554 1899 3861 1963 τοσούτοις,

2297 2010 2356 2061 οὐ
2390 2009 2600 2080 πρῶτον
2633 2012 2790 2063 αὐτὸν
2822 2012 3094 2068 ἐκάλεσεν.
3129 2015 3188 2065 '0
3210 2012 3338 2074 Θεὸς
3365 2013 3521 2075 αὐτὸς
3559 2014 3669 2081 γάρ
3697 2014 3858 2066 τοῦτο

2301 2114 2716 2172 κατεσκεύασεν.
2743 2115 2881 2167 ὥστε
2908 2116 3044 2184 μετά
3072 2115 3167 2186 τὴν
3189 2116 3407 2168 ἐκείνων
3435 2111 3597 2185 ἧτταν
3624 2118 3867 2184 φανῆναι

2299 2223 2398 2291 τὴν
2449 2224 2620 2292 νίκην.
2671 2223 3043 2292 Ἐςεοόέρισέν
3069 2242 3177 2292 με,
3209 2225 3374 2295 φησί·
3408 2225 3498 2277 καὶ
3529 2225 3645 2278 οὐδὲ
3689 2224 3867 2288 οὕτως

2304 2330 2516 2397 ἐγένετο
2544 2329 2782 2398 βελτίων,
2815 2329 2928 2384 ἀλλ’
2965 2333 3050 2382 ἐπ’
3083 2330 3250 2399 αὐτὴν
3287 2329 3509 2398 ἠθέλησε
3540 2329 3636 2398 τὴν
3666 2331 3868 2398 πεῖραν

2304 2433 2492 2485 ἐλθεῖν.
2525 2432 2707 2496 Οὕτως
2750 2433 2986 2494 ἀναίτιος
3026 2435 3053 2485 6
3099 2431 3227 2494 Θεὸς
3274 2430 3564 2499 πανταχοῦ.
3596 2430 3707 2484 Καὶ
3737 2433 3865 2483 εἰσ-

2304 2534 2656 2600 επορεύοντο
2687 2534 2740 2585 οί
2783 2531 3061 2594 ὲπαοιδοί,
3101 2532 3294 2600 μάγοι,
3338 2530 3682 2598 Γαζαρηνοί,
3708 2533 3866 2584 Χαλ-

2306 2635 2476 2686 δαῖοιο
2511 2634 2603 2686 καί
2637 2639 2700 2686 τὸ
2725 2633 3010 2686 ἐνύπνιον
3037 2630 3206 2686 εἷπον
3229 2633 3483 2685 ἐνώπιον
3509 2632 3726 2686 αὐτῶνθ
3771 2634 3868 2687 καί

2307 2736 2419 2801 τὴν
2442 2737 2759 2804 σύγκρισιν
2782 2734 2964 2788 αὑτοῦ
2999 2738 3108 2788 οὐκ
3148 2733 3476 2802 ἐγνώρισάν
3497 2752 3616 2802 μοι,
3656 2735 3771 2800 ἕως
3795 2731 3866 2788 εὖ

2306 2838 2504 2904 ἕτερος
2522 2835 2784 2902 εἰσῆλθε,
2803 2835 3042 2902 Δανιὴλ,
3069 2835 3322 2887 ἐνώπιόν
3335 2853 3473 2903 μου,
3499 2830 3568 2888 οὗ
3592 2835 3656 2886 τι¹>
3681 2835 3871 2901 ὄνομα

2310 2939 2626 3006 Βα.ῖτάσαρ
2646 2940 2791 2991 κατὰ
2819 2939 2882 2991 τὸ
2900 2940 3083 3006 ὄνομα
3101 2939 3203 2990 τοῦ
3231 2938 3368 2992 θεοῦ
3385 2954 3521 3005 μου,
3549 2937 3615 3001 ὃς
3631 2935 3872 3004 πνεῦμα

2313 3042 2458 3094 Θεοῦ
2507 3043 2630 3109 ἔχει
2677 3042 2746 3093 ἐν
2794 3041 3000 3104 ἐαυτῷ·
3043 3041 3139 3093 καί
3176 3041 3242 3093 τὸ
3297 3041 3577 3093 ἐνύπνιον
3611 3040 3872 3092 ἐνώπιον

2311 3144 2492 3196 αὑτοῦ
2551 3140 2739 3196 εἷπον.
2783 3144 2929 3206 Ἕως
2974 3140 3044 3198 οὗ
3092 3143 3323 3209 ἕτερος,
3367 3143 3528 3211 φησὶ,
3578 3142 3870 3209 εἰσῆλθεν

2310 3246 2561 3299 ἐνώπιόν
2581 3263 2718 3314 μου.
2763 3245 2848 3307 Ὠς
2874 3243 3252 3314 ἐπιλαθόμενος
3276 3243 3415 3296 οὕτω
3445 3243 3594 3312 φησί.
3624 3244 3736 3296 Καὶ
3764 3243 3870 3312 γάρ

2313 3347 2480 3398 πολλὰ
2536 3347 2627 3416 ἐτη
2678 3345 3068 3416 παρεληλύθει,
3108 3347 3200 3397 καὶ
3253 3345 3459 3414 ταχέως
3504 3344 3600 3413 τὴν
3649 3345 3869 3414 μνήμην

2312 3449 2596 3511 ἀπέϐαλεν,
2615 3449 2708 3500 ἅτε
2734 3451 2789 3500 ἐν
2813 3449 3094 3510 τοσαύταις
3115 3449 3384 3517 φροντίσιν
3405 3447 3498 3510 ὣν,
3518 3447 3610 3499 καὶ
3630 3447 3869 3516 τοσαύτη

2315 3550 2490 3612 συζῶν
2523 3552 2692 3620 τροφῇ
2723 3551 2784 3618 (ί.
2808 3552 3030 3618 τρυφῇ).
3066 3549 3138 3600 Τὸ
3169 3551 3342 3600 εἰπεῖν
3382 3549 3596 3617 ἓτερον,
3648 3548 3868 3616 σημεῖόν

2313 3653 2428 3703 ἐστι
2470 3651 2560 3702 τοῦ
2598 3653 2800 3721 σφόδρα
2845 3652 3002 3704 αὐτὸν
3049 3652 3277 3717 ἀγνοεῖν.
3328 3651 3486 3705 Κατὰ
3533 3651 3598 3702 τὸ
3651 3650 3869 3719 ὄνομα,

2316 3752 2469 3821 φησὶ,
2498 3753 2600 3805 τοῦ
2631 3753 2765 3806 θεοῦ
2797 3771 2934 3820 μου.
2965 3749 3040 3804 Ἦ
3080 3753 3235 3805 τοῦτο
3268 3752 3506 3821 βούλεται
3550 3753 3723 3804 εἰπεῖν
3745 3791 3759 3812 ,
3792 3752 3871 3803 ὅτι

2312 3856 2481 3918 οὕτως
2531 3857 2760 3926 ἐτίμησα
2809 3857 2884 3918 ώς
2933 3857 3024 3908 καὶ
3069 3856 3173 3908 ἀπὸ
3224 3856 3313 3907 τοῦ
3359 3855 3478 3907 θεοῦ
3524 3853 3680 3906 τοῦτο
3721 3849 3872 3905 εἶπεν

2315 3959 2378 4028 (f.
2415 3961 2626 4025 είπεῖν);
2661 3959 2766 4010 Καὶ
2787 3958 2892 4027 γάρ
2915 3958 3031 4020 ἐθος
3053 3959 3232 4020 αὐτοῖς
3254 3959 3337 4010 ἐπ’
3361 3957 3579 4026 ὀνόματι
3605 3957 3713 4009 τῶν
3735 3957 3870 4009 θεῶν

2314 4060 2437 4122 τούς
2484 4059 2673 4121 παῖδας
2727 4058 3026 4127 ὀνομάζεινο
3077 4059 3262 4129 ἐπειδὴ
3318 4061 3408 4111 καὶ
3464 4059 3521 4123 ἐξ
3572 4057 3869 4126 ἀνθρώπων

2313 4163 2522 4214 ἐποίουν
2553 4162 2723 4224 θεούς.
2759 4161 2940 4224 Οὕτως
2975 4164 3003 4214 6
3028 4163 3233 4227 ὸδελος,
3274 4162 3414 4214 οὕτω
3460 4163 3550 4214 καὶ
3583 4163 3610 4212 ὁ
3641 4162 3869 4231 Βήλαιος

2313 4265 2512 4334 ἐκλήθη
2543 4283 2627 4325 τις
2655 4266 2781 4334 παρ’
2811 4267 2958 4334 ἡμῖν.
2999 4265 3212 4333 Ἐπειδὴ
3245 4264 3348 4332 γάρ
3385 4259 3520 4317 εἶδον
3548 4266 3594 4315 οί
3623 4264 3869 4332 δαίμονες

2312 4369 2479 4438 ταύτῃ
2505 4369 2836 4437 τιμωμένους
2868 4370 2992 4428 τούς
3023 4365 3361 4436 ἀνθρώπους,
3393 4367 3484 4419 καὶ
3507 4367 3655 4429 θεοὺς
3683 4367 3869 4419 καλου-

2318 4472 2528 4540 μένους,
2560 4471 2652 4523 καὶ
2668 4469 2818 4522 αὐτοὶ
2836 4472 2994 4524 τοῦτο
3011 4470 3304 4539 ἐζήλωσαν.
3337 4470 3488 4531 Τίνος
3513 4470 3694 4521 ἕνεκέν
3717 4485 3866 4538 φησι,

2316 4575 2557 4640 Δανιὴλ,
2586 4569 2655 4627 οὗ
2689 4573 2754 4625 τὸ
2782 4573 2966 4640 ὄνομα
2988 4571 3296 4638 Βαλτάσαρ
3320 4569 3472 4634 ;”Οτι
3492 4571 3624 4623 Θεοῦ
3645 4570 3869 4640 δύναμιν

2314 4677 2445 4749 εἶχε.
2493 4679 2660 4730 Τοῦτο
2701 4679 2807 4747 γάρ
2859 4680 2986 4746 παρ’
3035 4676 3254 4737 ἐκείνοις
3304 4674 3530 4744 μεγίστη
3568 4676 3720 4744 τιμή.
3763 4674 3868 4726 Καὶ

2315 4782 2553 4850 ἠνείχετο
2582 4780 2772 4849 Δανιὴλ
2797 4780 2860 4831 δι’
2892 4779 3128 4839 ἐκείνους
3172 4777 3325 4828 τοῦτο
3371 4776 3668 4828 καλεῖσθαι⁸
3711 4776 3863 4827 οὐδα-

2318 4884 2417 4955 μοῦ
2443 4883 2497 4935 δὲ
2526 4881 2774 4944 ἐνταῦθα,
2800 4881 2960 4933 αὐτοῦ
2994 4881 3362 4948 μνημονεύων,
3395 4879 3676 4947 Βαλτάσαρ
3710 4876 3866 4930 αὐτὸν

2314 4987 2482 5041 καλεῖο
2513 4986 2643 5038 ἀλλά
2667 4987 2746 5048 τί;
2786 4985 2930 5050 Ἐγὼ
2971 4980 3209 5045 Δανιὴλ.
3246 4982 3417 5049 Ὀσης
3455 4980 3658 5048 ἠξιώθη
3706 4979 3865 5047 τιμῆς

2313 5090 2342 5140 6
2372 5089 2461 5140 τοῦ
2494 5087 2747 5156 βασιλέως
2777 5084 2918 5146 υίὸς,
2949 5083 3208 5150 τοσαύτης
3251 5083 3344 5134 καὶ
3387 5077 3538 5143 οὗτος
3562 5118 3577 5142 ,
3619 5081 3715 5132 καὶ
3762 5079 3864 5149 πρὸ

2316 5191 2413 5258 τῆς
2466 5190 2655 5252 πείρας
2704 5184 2875 5248 ἔδοξεν
2913 5179 3049 5234 εἷναι
3083 5182 3386 5251 θαυμαστὸς
3439 5183 3531 5233 ἀπ’
3574 5179 3742 5247 αὐτῆς
3771 5179 3863 5247 τῆς

2315 5294 2505 5362 ὂψεως,
2552 5291 2624 5342 Οὐ
2661 5288 2851 5357 μὴντῇ
2883 5285 3084 5338 ἐκείνου
3137 5284 3394 5353 δυνάμει,
3448 5281 3606 5349 φησὶ,
3659 5282 3859 5348 ἔλεγεν,

2318 5397 2448 5448 ἀ).λά
2475 5394 2705 5460 πνεῦμα
2735 5389 2878 5442 Θεοῦ
2911 5389 3079 5456 ἅγιον
3119 5384 3280 5454 εἶχεν
3309 5387 3378 5437 ἐν
3401 5382 3608 5446 ἐαυτῷ.
3638 5383 3856 5452 Πνεῦμα

2317 5505 2433 5572 οὐχὶ
2465 5502 2643 5564 τοῦτο,
2670 5500 2697 5551 ὃ
2729 5500 2950 5567 λέγομεν
2989 5499 3148 5566 ἡμεῖς
3199 5495 3291 5546 τὸν
3333 5493 3704 5562 Παράκλητον,
3751 5493 3857 5546 ἀλλ’

2316 5613 2388 5672 ὼς
2420 5610 2482 5662 ἂν
2511 5613 2650 5660 εῖποι
2689 5623 2770 5668 τις
2816 5605 3093 5656 ἐπίπνοιαν
3116 5643 3130 5666 ,
3177 5601 3356 5662 ἔνθους
3403 5594 3487 5667 ἦν.
3524 5601 3856 5664 Βαλτάσαρ,

2323 5716 2502 5784 φησὶν,
2532 5717 2561 5767 ό
2594 5713 2786 5780 ἅρχων
2833 5710 2950 5763 τῶν
2992 5705 3293 5761 ὲπαοιδῶν.
3328 5704 3543 5774 Πρῶτος
3576 5706 3753 5758 αὐτῶν
3773 5700 3856 5775 ἣν,
