4112 6480
274 432 390 484 213

274 545 411 591 mea,
442 539 486 583 et
516 529 705 597 ﬂorens
731 530 782 584 in
808 530 931 584 solio
958 546 1084 597 meo,
1121 540 1165 584 et
1197 532 1394 602 pinguis
1420 532 1473 585 in
1499 530 1685 600 populo
1708 544 1839 583 meo.

275 619 388 675 Cur
418 621 487 673 ita
516 620 618 674 hoc
636 622 864 690 scripsit,
886 632 939 677 et
964 638 1067 676 non
1092 622 1302 691 scripsit
1327 640 1341 676 :
1365 621 1843 677 Nabuchodonosor

278 717 395 761 erat
418 707 690 762 abundans
720 728 732 762 :
762 710 855 764 scd
882 710 1030 778 quasi
1058 725 1123 765 ex
1163 727 1384 779 persona
1414 711 1591 764 illius?
1618 710 1741 763 Mihi
1764 710 1841 762 vi-

277 794 473 849 dentur
497 797 611 852 haec
632 799 787 853 verba
811 800 971 868 ipsius
986 800 1515 855 Nabuchodonosoris
1539 815 1673 854 esse.
1693 801 1843 853 Post-

273 903 438 955 quam
465 889 604 942 enim
635 904 663 942 a
696 890 916 957 pristino
944 905 1127 944 errore
1150 891 1436 958 collegerat
1459 905 1534 954 se,
1560 891 1612 942 in
1634 889 1840 958 publica

265 980 402 1029 acta
439 992 529 1032 eas
551 979 727 1033 literas
754 980 1003 1034 retulerat
1028 980 1183 1036 forte.
1211 983 1381 1049 Ipsam
1410 983 1566 1051 igitur
1589 982 1841 1036 constitu-

274 1066 503 1131 tionem,
535 1077 591 1121 ut
616 1068 718 1123 fide
744 1069 931 1138 dignus
958 1070 1047 1134 sit,
1084 1070 1298 1125 adducit
1330 1072 1530 1125 Daniel.
1574 1072 1705 1125 Nam
1742 1071 1839 1124 ho-

275 1155 484 1209 minum
513 1167 713 1211 naturae
740 1159 850 1227 ipse
889 1163 975 1229 qui
1012 1175 1199 1228 passus
1226 1169 1308 1215 est
1335 1162 1586 1229 loquitur.
1617 1162 1682 1214 Et
1712 1161 1838 1215 mihi

276 1247 458 1313 aspice
492 1256 737 1315 quantum
768 1248 1141 1303 documentum
1176 1251 1245 1303 sit
1287 1250 1538 1305 adversus
1563 1252 1836 1318 superbos.

275 1338 325 1387 Α
355 1336 599 1404 superbia
626 1338 764 1392 enim
796 1353 981 1407 passus
1008 1348 1091 1393 est
1129 1355 1473 1408 qumcutnque
1501 1354 1681 1408 passus
1706 1348 1785 1393 est
1820 1356 1834 1393 :

270 1432 339 1476 et
366 1426 594 1481 ostendit
622 1443 830 1481 causam
858 1430 1138 1497 superbire,
1172 1440 1280 1484 tum
1308 1446 1337 1483 a
1372 1430 1477 1483 ﬁne
1495 1471 1511 1495 ,
1540 1439 1647 1484 tum
1672 1430 1739 1484 ab
1761 1431 1839 1484 in-

275 1514 378 1568 itio
408 1533 419 1568 :
450 1517 500 1569 in
529 1517 632 1571 fine
655 1517 863 1586 quidem
892 1519 1095 1583 dicens,
1120 1519 1369 1584 Quoniam
1397 1536 1564 1573 omnes
1602 1520 1839 1589 superbos

278 1615 442 1675 potest
488 1609 748 1662 humiliore
791 1609 860 1677 (v.
904 1608 1031 1675 34);
1079 1610 1131 1662 in
1174 1610 1430 1679 principio
1465 1620 1640 1665 autem
1680 1620 1732 1665 et
1775 1611 1838 1664 ab

272 1695 509 1749 exordiis
545 1711 759 1750 causam
803 1698 1064 1765 superbiae
1098 1698 1313 1752 docens.
1366 1699 1440 1755 lbi
1482 1701 1673 1754 etenim
1717 1715 1836 1755 eum

270 1783 399 1837 ideo
437 1784 595 1840 fuisse
634 1785 962 1839 bumiliatum
1006 1787 1237 1842 declarat
1278 1806 1290 1842 :
1330 1789 1415 1842 hic
1458 1803 1585 1844 vero
1634 1804 1735 1859 qua
1772 1790 1838 1843 de

270 1886 435 1925 causa
463 1874 717 1942 superbus
764 1876 1009 1941 evaserit,
1060 1892 1249 1945 nempe
1278 1893 1341 1931 ex
1384 1893 1450 1932 eo
1490 1879 1628 1947 quod
1672 1879 1836 1933 multa

270 1962 539 2023 frueretur
568 1965 850 2031 felicitate;
889 1969 964 2021 sic
991 1975 1045 2021 et
1077 1967 1238 2023 David
1275 1970 1403 2023 dicit
1450 1988 1461 2023 :
1502 1969 1627 2023 Ideo
1651 1987 1733 2023 eos
1759 1980 1832 2025 te-

270 2054 385 2106 nuit
428 2057 658 2123 superbia
683 2055 849 2125 (Psat.
879 2058 963 2110 72.
998 2057 1054 2123 6)
1085 2074 1097 2109 :
1132 2059 1200 2111 ita
1240 2059 1421 2112 et.hic
1460 2059 1654 2113 multas
1691 2060 1836 2127 ponit

269 2145 673 2213 prosperitates.
726 2146 781 2200 In
826 2147 1080 2215 principio
1127 2148 1201 2201 ait
1246 2148 1562 2202 :Abundans
1604 2165 1740 2201 eram
1784 2150 1835 2202 iu

266 2233 424 2284 doma
450 2248 576 2297 mea,
605 2242 649 2285 et
674 2234 858 2301 ﬂorens
884 2235 936 2286 in
963 2236 1087 2287 solio
1116 2251 1239 2299 meo,
1274 2246 1319 2288 et
1350 2238 1547 2305 pinguis
1572 2238 1622 2288 in
1650 2238 1834 2305 populo

266 2335 403 2372 meo.
431 2319 544 2373 Non
567 2322 707 2375 enim
735 2320 847 2376 ﬁeri
875 2332 1045 2390 potest
1070 2334 1128 2377 ut
1156 2325 1331 2377 omnia
1360 2324 1493 2378 bona
1530 2326 1683 2378 simul
1709 2340 1835 2379 con-

270 2419 508 2463 currant.
556 2409 819 2480 Contingit
858 2413 907 2465 in
941 2414 1160 2483 imperio
1190 2414 1399 2483 quidem
1444 2430 1561 2469 esse
1603 2413 1830 2481 felicem,

266 2499 413 2553 domi
441 2514 567 2555 vero
595 2500 874 2569 infelicem,
899 2506 1337 2571 quemadmodum
1368 2507 1621 2573 Herodes,
1649 2524 1831 2577 quem-

266 2589 554 2644 admodum
578 2592 739 2645 David
761 2610 773 2642 :
799 2594 987 2648 accidit
1004 2611 1189 2649 rursus
1204 2606 1405 2661 contra,
1436 2600 1486 2651 in
1506 2599 1697 2667 populo
1718 2600 1833 2668 qui-

266 2677 392 2734 dem
424 2678 680 2733 infelicem
702 2695 849 2747 esse;
872 2698 899 2734 a
922 2683 1080 2738 domo
1105 2692 1279 2738 autem
1305 2685 1432 2739 nihil
1457 2701 1615 2755 grave
1634 2702 1695 2740 ac
1718 2703 1833 2741 mo—

264 2768 464 2824 lestum
482 2770 743 2827 sustinere
767 2790 779 2825 :
806 2774 917 2828 fieri
936 2776 1091 2829 etiam
1117 2788 1289 2846 potest
1312 2787 1365 2831 ut
1390 2780 1439 2832 in
1463 2779 1590 2833 urbe
1616 2794 1712 2847 pax
1734 2781 1829 2843 sit;

262 2870 327 2914 at
352 2876 564 2929 regnum
596 2864 899 2918 tumultibus
937 2868 1218 2934 quatiatur.
1264 2868 1455 2922 Verum
1496 2872 1579 2924 isti
1628 2872 1831 2925 felicem

267 2948 500 3017 undique
525 2965 642 3005 esse
670 2954 885 3022 contigit
914 2972 926 3006 :
952 2956 1081 3008 nihil
1098 2966 1212 3009 erat
1232 2957 1371 3025 quod
1401 2959 1566 3027 ipsum
1590 2960 1828 3014 molestia

261 3036 520 3093 afﬁceret.
548 3039 710 3095 Vides
730 3053 980 3109 quantum
1008 3047 1201 3099 malum
1224 3048 1293 3100 sit
1320 3050 1520 3101 vacatio
1543 3064 1606 3102 ac
1634 3050 1831 3103 securi-

265 3128 387 3181 tas?
404 3128 551 3183 Sicut
576 3132 715 3185 enim
738 3132 790 3185 in
810 3135 1137 3203 corporibus,
1162 3150 1278 3189 cum
1306 3154 1407 3190 non
1431 3154 1494 3192 ex
1517 3140 1830 3194 necessitate

263 3217 602 3287 fatigationes
617 3228 670 3273 et
690 3222 1058 3289 occupationes
1079 3225 1451 3293 suscipiuntur,
1479 3227 1543 3281 de
1574 3227 1824 3282 industria

263 3306 518 3375 quasdam
549 3310 898 3377 aggredimur,
931 3312 997 3365 ad
1024 3315 1259 3382 corporis
1281 3318 1593 3371 exercitium
1622 3335 1637 3371 :
1678 3319 1745 3372 ita
1774 3328 1827 3374 et

262 3398 408 3451 Deus
430 3397 601 3454 facere
622 3400 777 3466 solet,
794 3412 852 3455 ut
872 3403 1011 3457 vires
1037 3404 1224 3458 nimias
1242 3405 1405 3459 tollat.
1424 3406 1478 3458 2.
1499 3425 1519 3457 ι
1552 3407 1825 3463 Somnium

264 3486 394 3553 vidi,
422 3497 475 3543 et
503 3492 789 3558 perterruit
815 3508 917 3557 me,
940 3502 994 3547 et
1022 3495 1261 3549 turbatus
1285 3513 1399 3551 sum
1432 3498 1482 3552 in
1507 3500 1661 3554 cubili
1683 3516 1821 3567 meo,

261 3585 321 3631 et
348 3578 572 3632 visiones
601 3581 788 3649 capitis
810 3584 911 3636 mei
940 3586 1387 3641 conturbaverunt
1419 3603 1524 3641 mc.
1551 3591 1603 3642 5.
1640 3591 1701 3643 Ει
1729 3606 1821 3658 per

260 3682 353 3721 me
405 3669 729 3737 propositum
769 3681 851 3725 est
888 3672 1184 3739 decretum,
1214 3681 1270 3729 ut
1316 3678 1712 3733 introducerent
1765 3681 1817 3733 in

252 3766 549 3825 conspectu
577 3773 698 3813 meo
737 3774 921 3815 omnes
959 3764 1228 3831 sapientes
1270 3765 1575 3836 Babylonis,
1603 3778 1659 3822 ut
1688 3784 1819 3823 con-

259 3844 519 3901 iacturam
568 3850 756 3902 somnii
810 3850 1104 3924 indicarent
1143 3853 1291 3908 mihi.
1332 3876 1350 3906 ι
1383 3857 1514 3911 Vide
1557 3859 1821 3927 quomodo

256 3936 407 3990 illum
432 3940 778 4007 comprimere
801 3941 932 4007 vult,
968 3958 1070 3995 non
1102 3959 1274 3998 rerum
1304 3949 1664 4015 experimento
1683 3989 1697 4014 ,
1725 3950 1817 4004 sed

257 4026 556 4081 futurorum
607 4030 979 4098 prtedictione;
1019 4042 1073 4088 et
1124 4038 1387 4104 quomodo
1428 4041 1660 4095 terribile
1706 4050 1820 4095 erat

256 4117 547 4171 somnium.
593 4116 698 4172 Cur
750 4120 905 4189 igitur
952 4139 1092 4177 nunc
1137 4140 1345 4194 quoque
1397 4144 1499 4181 non
1551 4129 1819 4197 obstupuit

252 4205 481 4271 spiritus
508 4207 642 4273 ejus,
680 4224 775 4262 nec
828 4211 1021 4263 somnii
1071 4212 1262 4267 oblitus
1294 4224 1395 4281 est,
1448 4218 1581 4270 sicut
1616 4220 1817 4271 antea?

252 4294 395 4359 Quia
421 4296 623 4350 scilicet
650 4312 768 4351 cum
800 4300 979 4354 Daniel
1011 4303 1159 4369 prius
1188 4304 1456 4359 sufficiens
1484 4309 1817 4376 experimen-

254 4394 372 4438 tum
401 4383 648 4449 dedisset,
680 4388 921 4443 videlicet
948 4390 1001 4443 in
1030 4393 1237 4445 somnio
1264 4395 1401 4461 quod
1424 4408 1810 4465 praecesserat,

251 4487 366 4525 non
398 4482 511 4527 erat
552 4474 799 4544 deinceps
830 4493 1049 4535 necesse
1090 4484 1375 4538 secundam
1416 4487 1649 4542 adhiberi
1693 4506 1814 4557 pro-

252 4561 543 4615 bationem.
570 4563 753 4618 Omnia
798 4569 990 4637 quippe
1037 4572 1175 4625 Deus
1228 4576 1558 4629 necessitatis
1606 4580 1809 4645 gratia,

252 4664 367 4703 non
415 4656 794 4721 ostentationis,
840 4668 1109 4725 operatur.
1163 4662 1407 4731 Alioquin
1450 4676 1623 4718 autem
1657 4676 1710 4719 et
1760 4668 1809 4721 id

251 4740 318 4793 fit
346 4739 411 4793 ad
445 4741 828 4812 redarguendos
855 4762 1056 4816 magos.
1088 4748 1218 4803 Nam
1265 4767 1329 4804 ne
1374 4754 1559 4807 iterum
1588 4755 1763 4811 dicant
1793 4775 1807 4811 :

253 4828 494 4899 Proferat
523 4848 609 4885 rex
634 4837 879 4889 somniant
902 4878 915 4899 ,
944 4846 991 4889 et
1031 4839 1169 4891 illius
1196 4841 1527 4909 conjecturam
1558 4846 1809 4897 renuntia-

250 4920 417 4972 bimus
468 4937 559 4975 nos
588 4922 740 4991 (Dan.
777 4925 829 4978 2.
859 4927 911 4994 7)
940 4946 953 4980 :
981 4939 1274 4997 arguuntur
1318 4945 1420 4984 non
1476 4932 1644 4986 solum
1682 4936 1806 4989 illud

250 5025 359 5063 non
384 5025 554 5079 posse,
584 5012 677 5067 sed
713 5029 882 5083 neque
907 5016 1026 5071 hoc.
1052 5018 1347 5088 Nequibant
1372 5022 1546 5076 dicere
1574 5024 1763 5077 iterum
1789 5044 1802 5079 :

253 5116 271 5149 ι
302 5098 545 5165 Verbum,
566 5101 706 5170 quod
730 5117 819 5156 rex
846 5105 1148 5176 interrogat,
1178 5124 1336 5177 grave
1366 5120 1446 5163 est
1473 5130 1485 5164 :
1514 5120 1567 5165 et
1596 5127 1697 5165 non
1726 5123 1807 5180 est

248 5191 437 5257 homo,
465 5194 552 5262 qui
597 5194 765 5262 possit
801 5193 1091 5261 diiudicare
1142 5197 1287 5261 illud,
1320 5201 1416 5252 nisi
1449 5200 1555 5265 dii,
1584 5216 1803 5269 quorum

247 5298 353 5334 non
376 5292 453 5336 est
472 5283 727 5338 habitatio
750 5298 870 5337 cum
898 5286 1041 5339 omni
1065 5300 1224 5341 carne
1246 5308 1264 5339 ι
1294 5288 1453 5357 (Ibid.
1479 5306 1522 5342 υ.
1546 5290 1651 5360 II).
1681 5290 1805 5345 Inde

239 5371 427 5426 didicit
460 5388 632 5442 neque
664 5374 841 5442 priora
885 5388 950 5426 ex
990 5374 1077 5427 illa
1105 5379 1301 5445 vulgari
1328 5379 1581 5446 sapientia
1611 5380 1801 5434 Danie-

244 5464 345 5517 lem
375 5466 679 5534 protulisse.
716 5463 903 5517 Didicit
930 5464 1208 5518 Chaldaeos
1237 5482 1404 5535 neque
1446 5468 1802 5537 superioribus

244 5559 561 5626 temporibus
588 5556 876 5627 quidquam
901 5556 1010 5607 sani
1029 5556 1227 5610 dixisse
1247 5575 1259 5608 :
1282 5561 1416 5611 sicut
1446 5559 1668 5627 ipsemet
1690 5561 1761 5611 ait
1785 5578 1797 5611 :

240 5657 287 5699 at
314 5650 481 5705 nullus
511 5656 629 5704 erat
654 5645 749 5713 qui
783 5645 902 5698 illos
932 5645 1362 5712 reprehenderet.
1383 5648 1513 5701 Cum
1542 5657 1714 5701 autem
1736 5648 1799 5702 ad

230 5754 315 5798 eos
339 5744 479 5799 venit
504 5757 569 5797 ex
595 5738 788 5795 Iudaea
817 5735 1218 5803 demonstratio,
1246 5738 1425 5794 Daniel
1448 5756 1658 5809 nempe,
1690 5755 1792 5795 non

1642 417 1708 474 IN
1747 413 2110 471 DANIELEM.

3390 446 3499 499 214

1946 526 2172 595 amplius
2213 527 2407 583 audent
2452 544 2516 584 ne
2543 531 2751 599 quidem
2799 532 3013 603 tingere.
3048 534 3207 603 Igitur
3237 549 3340 589 non
3386 542 3502 589 sine

1950 615 2273 683 providentia
2305 634 2484 672 rursus
2510 620 2581 673 illi
2615 632 2885 675 vocantur.
2918 623 3119 676 Etenim
3154 624 3499 681 admiratione

1946 703 2158 774 dignum
2189 714 2287 770 est,
2320 722 2476 775 quam
2505 707 2573 760 ob
2615 724 2724 761 rem
2772 726 2863 763 rex
2913 726 3029 764 cum
3064 714 3114 764 in
3144 714 3298 766 tantis
3344 715 3500 768 rebus

1946 795 2358 862 experimentum
2396 803 2624 865 cepisset
2669 803 2958 869 potestatis,
2990 818 3087 871 qua
3118 805 3343 871 pollebat
3390 807 3497 859 Da-

1948 884 2077 945 niel,
2109 900 2211 937 non
2244 897 2413 938 tamen
2446 888 2671 954 primum
2706 904 2824 941 eum
2850 893 3073 944 vocavit.
3106 893 3331 960 Ipseinet
3355 898 3497 949 enim

1948 969 2086 1025 Deus
2113 972 2161 1024 id
2190 973 2400 1026 molitus
2421 984 2521 1037 est,
2542 983 2595 1026 ut
2618 987 2736 1041 poSL
2763 989 3033 1044 magorum
3052 980 3253 1033 cladem
3276 983 3497 1036 victoria

1946 1070 2239 1127 appareret.
2270 1060 2548 1114 Perterruit
2587 1080 2681 1126 me,
2714 1065 2880 1132 inquit
2914 1085 2925 1118 :
2960 1076 3013 1119 et
3056 1085 3224 1137 neque
3271 1070 3346 1123 sic
3383 1087 3497 1125 me-

1947 1149 2046 1201 lior
2079 1149 2279 1213 evasit;
2316 1152 2409 1205 sed
2461 1154 2623 1205 voluit
2671 1154 2960 1221 perieulum
3009 1156 3199 1210 facere.
3250 1159 3320 1210 Ita
3360 1160 3498 1213 Deus

1944 1239 2170 1308 undique
2199 1241 2377 1294 insons
2407 1252 2481 1297 est
2510 1242 2606 1314 (a).
2630 1244 2682 1297 4.
2718 1262 2735 1293 ι
2768 1244 2834 1297 Ει
2861 1246 3287 1313 ingrediebantur
3316 1249 3497 1301 incan-

1947 1338 2172 1395 tatores,
2204 1331 2374 1401 magi,
2408 1332 2682 1397 Gazareni,
2716 1334 2945 1388 Chaldmi
2973 1353 2985 1387 :
3021 1346 3073 1389 et
3099 1339 3357 1390 somnium
3389 1340 3497 1393 dixi

1947 1417 1997 1471 in
2024 1430 2307 1487 conspectu
2346 1435 2526 1473 eorum
2560 1438 2571 1473 :
2602 1432 2655 1477 et
2681 1423 3037 1491 conjecturam
3073 1424 3187 1493 ejus
3228 1442 3331 1480 non
3360 1429 3496 1481 indi-

1947 1518 2199 1561 caverunt
2240 1509 2387 1573 mihi,
2414 1511 2466 1563 5.
2496 1510 2662 1565 donec
2688 1512 2821 1565 alius
2852 1514 3113 1580 ingressus
3141 1524 3256 1578 est,
3292 1517 3491 1583 Daniel,

1945 1595 1999 1649 in
2026 1608 2309 1666 conspectu
2344 1585 2462 1652 meo
2482 1639 2496 1664 ,
2528 1600 2677 1667 eujus
2702 1616 2890 1655 nomen
2922 1603 3155 1657 Baltasar
3173 1646 3186 1669 ,
3210 1609 3495 1662 secundum

1944 1700 2134 1740 nomen
2174 1687 2257 1741 dei
2302 1688 2536 1757 mei,qni
2574 1690 2811 1756 spiritum
2858 1691 2949 1744 Dei
2994 1692 3147 1747 habet
3193 1695 3243 1746 in
3290 1708 3498 1750 semet-

1943 1775 2056 1842 ipso
2080 1794 2093 1827 :
2121 1785 2173 1830 et
2201 1779 2458 1831 somnium
2486 1793 2661 1831 coram
2693 1795 2755 1833 eo
2785 1780 2910 1832 dixi.
2942 1780 3125 1847 Donec,
3157 1784 3341 1853 inquit,
3365 1788 3495 1839 alius

1941 1865 2189 1933 ingressus
2230 1876 2301 1919 est
2344 1868 2395 1919 in
2435 1878 2697 1935 conspectu
2739 1883 2864 1920 meo.
2904 1868 3059 1934 Quasi
3107 1872 3382 1927 innnemor
3426 1875 3494 1927 ita

1944 1954 2175 2023 loquitur
2204 1956 2297 2025 (b).
2325 1958 2532 2011 Etenim
2560 1959 2708 2010 multi
2734 1960 2855 2011 anni
2885 1960 3249 2027 prteterierant
3268 2004 3283 2025 ,
3311 1972 3362 2015 et
3387 1965 3493 2016 cito

1942 2045 2251 2100 memoriam
2280 2047 2550 2111 amiserat,
2606 2057 2785 2115 utpote
2836 2055 2913 2100 tot
2952 2050 3092 2102 curis
3136 2051 3401 2115 obsessus,
3441 2062 3494 2106 et

1940 2148 2060 2188 cum
2112 2137 2267 2189 tantis
2322 2136 2528 2190 deliciis
2585 2138 2787 2189 vivens.
2845 2138 3010 2190 Porro
3064 2139 3240 2194 dicere
3299 2142 3493 2207 alium,

1940 2226 2144 2293 signum
2176 2236 2254 2279 est
2286 2242 2405 2280 eum
2435 2226 2583 2279 valde
2627 2227 2762 2279 illius
2795 2228 3014 2281 oblitum
3042 2243 3176 2282 esse.
3210 2229 3495 2284 Secundmn

1938 2330 2115 2367 nomen
2138 2354 2150 2377 ,
2185 2316 2370 2384 inquit,
2404 2317 2481 2367 dei
2508 2317 2621 2367 mei.
2646 2320 2729 2369 An
2762 2316 2859 2370 hoc
2888 2316 3064 2371 dicere
3088 2320 3226 2371 vult:
3260 2321 3346 2374 Sic
3374 2338 3493 2377 eum

1941 2407 2190 2459 honoravi
2281 2418 2333 2460 ut
2365 2424 2390 2459 a
2421 2408 2521 2461 deo
2552 2423 2741 2460 nomen
2790 2407 2888 2460 hoc
2921 2410 2991 2461 illi
3039 2409 3313 2464 indiderim
3335 2414 3357 2465 ?
3383 2414 3495 2467 Mos

1939 2497 2076 2549 enim
2106 2506 2219 2549 erat
2250 2496 2349 2547 illis
2373 2538 2386 2558 ,
2419 2496 2484 2549 de
2515 2496 2732 2548 deorum
2775 2499 2988 2549 nomine
3025 2512 3215 2565 pueros
3243 2515 3365 2554 suos
3396 2517 3491 2555 no-

1938 2586 2141 2639 minare
2175 2604 2187 2637 :
2219 2586 2640 2654 quandoquidem
2673 2598 2725 2640 et
2753 2602 2814 2639 ex
2845 2587 3142 2642 hominibus
3171 2590 3297 2644 deos
3333 2590 3492 2646 facie-

1937 2677 2079 2731 bant.
2116 2678 2202 2732 Sic
2242 2679 2416 2743 Belus,
2441 2679 2516 2731 sic
2560 2687 2612 2732 et
2638 2680 2839 2733 Delatus
2873 2680 2942 2748 (ε)
2969 2681 3177 2748 quidam
3209 2684 3345 2749 apud
3390 2700 3487 2738 nos

1936 2768 2228 2836 appellatus
2258 2779 2357 2821 est.
2389 2768 2601 2822 Scilicet
2637 2777 2911 2837 postquam
2951 2770 3215 2831 dannpnes
3240 2773 3485 2826 viderunt

1936 2871 1995 2910 ea
2030 2858 2230 2910 ratiOnc
2258 2857 2498 2911 homines
2522 2858 2766 2910 honorari
2790 2872 2851 2910 ac
2874 2858 3000 2911 deos
3019 2861 3217 2921 vocari,
3237 2871 3289 2914 et
3316 2864 3412 2930 ipsi
3440 2864 3489 2916 id

1935 2948 2164 3001 tumulati
2206 2948 2525 3017 sunt.Cujtts
2556 2948 2723 3016 gratia
2750 2948 2843 3013 ait,
2891 2948 3101 3013 Daniel,
3129 2953 3273 3019 cujus
3313 2970 3491 3007 nomen

1934 3036 2212 3090 Baltasar?
2237 3038 2365 3104 Quia
2406 3038 2496 3089 Dei
2524 3039 2764 3090 virtutem
2801 3037 3044 3090 habebat.
3084 3039 3138 3090 Id
3164 3042 3304 3093 enim
3353 3044 3488 3111 apud

1934 3127 2051 3179 illos
2077 3128 2304 3179 maximo
2335 3126 2518 3179 honori
2550 3135 2681 3177 erat.
2718 3124 2781 3177 Et
2809 3126 3100 3179 sustinebat
3130 3128 3307 3181 Daniel
3339 3144 3396 3182 se
3422 3130 3487 3181 ab

1932 3217 2035 3271 illis
2060 3233 2121 3272 eo
2149 3217 2360 3271 nomine
2382 3217 2619 3285 insigniri
2660 3233 2675 3269 :
2716 3231 2971 3283 nusquam
3014 3226 3189 3269 autem
3219 3218 3332 3283 hic,
3363 3220 3485 3273 dum

1931 3310 2009 3362 sui
2057 3309 2375 3362 mentionem
2426 3308 2585 3372 facit,
2631 3307 2947 3360 Baltasarem
3015 3309 3244 3376 scipsum
3313 3313 3485 3363 nomi-

1931 3405 2039 3461 nat,
2068 3397 2159 3449 sed
2190 3396 2314 3464 quid
2338 3396 2360 3447 ’ἶ
2389 3394 2498 3465 Ego
2528 3394 2730 3447 Daniel.
2761 3394 2967 3460 Quanto
3013 3396 3213 3451 horiOre
3241 3398 3483 3467 dignatus

1929 3497 2008 3541 est
2038 3488 2173 3555 regis
2198 3487 2353 3549 filius,
2383 3493 2526 3538 tanto
2554 3494 2606 3538 et
2641 3486 2738 3537 iste
2762 3501 2777 3537 :
2805 3485 2961 3537 etiam
2992 3493 3112 3538 ante
3134 3487 3473 3552 experimen-

1929 3586 2057 3641 tum,
2083 3592 2145 3630 ex
2179 3576 2294 3644 ipso
2323 3584 2535 3643 aspectu
2565 3576 2705 3627 visus
2722 3582 2802 3627 est
2831 3573 3177 3627 admirabilis.
3203 3575 3309 3629 Nec
3331 3594 3478 3643 vero,

1927 3667 2190 3735 inquit,ex
2222 3666 2359 3717 illius
2380 3665 2569 3717 virtute
2599 3663 2897 3731 proferebat
2916 3678 2975 3717 ea
3000 3679 3113 3731 qum
3141 3665 3479 3733 loquebatur:

1985 3797 2056 3859 (a)
2088 3793 2414 3859 Pulcherrima
2443 3794 2547 3841 haec
2581 3795 2841 3859 sententia
2864 3793 3117 3859 desumpta
3161 3808 3220 3843 ex
3250 3796 3481 3859 Platone,

1924 3854 2009 3906 lib'.
2038 3854 2105 3905 ’10
2150 3857 2581 3920 Repub.,_in_ore
2630 3861 2706 3920 est
2748 3854 2907 3920 multis
2949 3854 3285 3920 ecclesiasticis
3333 3854 3481 3920 magi;

1923 3922 2049 3975 stris,
2075 3913 2256 3965 Justitio
2283 3914 2507 3979 Apologia
2529 3916 2754 3979 secunda,
2780 3913 2926 3979 Clem.
2953 3914 3094 3961 Alex.
3123 3917 3304 3979 Paedag.
3326 3913 3477 3979 iibfi,

1922 3992 2025 4040 cap.
2050 3980 2079 4026 8
2098 4013 2110 4036 ,
2138 3984 2185 4024 et
2209 3985 2374 4023 Strom.
2405 3976 2423 4022 1
2450 4008 2463 4031 ,
2490 3983 2539 4040 et
2563 3977 2624 4040 ὄλ
2646 3976 2871 4040 Gregorio
2906 3982 3003 4040 ΜΖ..
3044 3982 3168 4040 Orat.
3188 3977 3254 4040 ᾖ,
3280 3976 3479 4040 Eusebio

1923 4032 2023 4086 tuin
2050 4032 2247 4097 Prmpar.
2277 4048 2447 4095 evang.
2490 4034 2570 4080 lib.
2597 4033 2627 4080 6
2647 4072 2659 4090 ,
2686 4032 2782 4082 c.76
2800 4066 2813 4090 ,
2854 4040 2950 4081 tum
2986 4036 3034 4082 in
3068 4032 3161 4081 fine
3187 4034 3291 4084 libri
3316 4047 3479 4089 contra

1962 4097 2203 4145 ieroclem.

1922 4106 2343 4217 Ηιῖῖῗοέῗιωέτωοο,
2467 4160 2506 4203 οὗ
2526 4166 2639 4225 iugo;-
2654 4195 2664 4209 ,
2688 4179 2783 4225 ﬂat,
2800 4166 2961 4225 clo-iiii."
2988 4169 3127 4204 ἰνὼπιόν
3146 4182 3222 4215 μου.
3247 4160 3475 4225 deinde”.

1920 4215 2019 4277 μινξς
2037 4215 2133 4265 ὀὓτω
2156 4231 2250 4277 φησι.
2277 4216 2485 4277 Legebat
2518 4216 2639 4274 apud
2677 4215 3062 4271 'Ibeodotioncni,
3097 4228 3210 4275 ῖτιρος
3230 4257 3240 4271 ,
3262 4217 3399 4277 alius,
3426 4228 3476 4267 ut

1923 4276 1972 4340 et
1992 4276 2170 4339 legisse
2193 4276 2539 4340 'l'heodoretum
2563 4282 2759 4340 constat.
2788 4281 2871 4321 Eos
2895 4276 3020 4340 enim
3046 4278 3158 4322 nihil
3184 4290 3367 4340 moror,
3393 4283 3471 4340 qui

1918 4338 2029 4385 dum
2045 4334 2293 4385 'conantur
2331 4337 2622 4389 emendare,
2662 4336 2938 4389 depravant.
2965 4334 3033 4381 Ac
3064 4345 3199 4382 certe
3235 4352 3292 4383 ea
3329 4334 3473 4388 leciio

1920 4400 2113 4468 propius
2134 4398 2315 4444 accedit
2335 4397 2391 4443 ad
2418 4397 2667 4443 veritatem
2692 4394 3000 4444 Chaldaicam.
3025 4407 3165 4499 quam
3188 4394 3295 4452 alia,
3321 4409 3471 4460 ιταιρος,

1920 4472 2085 4499 mam-
2113 4457 2259 4499 Mirari
2292 4458 2452 4499 itaque
2476 4456 2589 4499 satis
2608 4467 2699 4499 non
2724 4466 2909 4499 possum
2933 4466 3039 4499 αιιοι
3080 4454 3155 4499 hic
3178 4457 3399 4499 observat
3422 4467 3469 4499 ιι-

1917 4454 2085 4508 Satius.
2113 4457 2259 4505 Mirari
2292 4458 2452 4515 itaque
2476 4456 2589 4501 satis
2608 4467 2699 4500 non
2724 4466 2909 4515 possum
2933 4454 3055 4513 quod
3080 4454 3155 4502 hic
3178 4454 3470 4506 observata.

1917 4472 2085 4508 socrus.
2113 4468 2259 4505 Mll‘al‘l
2292 4468 2452 4515 itaque
2476 4468 2589 4501 satis
2608 4468 2699 4500 non
2724 4468 2909 4559 possunt
2933 4468 3055 4513 qnou
3080 4468 3155 4502 me
3178 4468 3399 4506 onservat
3422 4468 3470 4506 ιι.

1917 4522 2240 4579 Hieronymus,
2268 4526 2441 4579 praeter
2465 4521 2567 4560 LXX
2595 4521 2723 4579 trans
2741 4522 2900 4579 atores
2919 4552 2931 4569 ,
2955 4515 3033 4574 qui
3058 4514 3159 4562 haec
3177 4519 3328 4564 omnia
3351 4532 3471 4579 prte-

1917 4573 2176 4634 terieraiit,
2204 4573 2305 4623 tres
2335 4576 2546 4634 reliquos
2583 4573 2807 4633 collegam
2845 4573 3179 4635 interpretatos
3204 4588 3329 4625 esse.
3351 4573 3467 4635 'Quid

1916 4638 2095 4699 igitur?
2117 4649 2175 4683 an
2199 4636 2438 4699 codicibus
2458 4636 2689 4699 corruptis
2710 4635 2933 4699 utebatur
2950 4635 3244 4699 doctissimus
3262 4640 3466 4699 Scriptu-

1915 4692 1982 4746 ra:
2020 4696 2296 4755 interpres?
2322 4695 2370 4742 Id
2397 4707 2512 4741 vero
2532 4692 2773 4755 afﬁrmare
2804 4694 2974 4740 durum
3011 4692 3189 4755 fuerit,
3233 4710 3338 4745 cum
3361 4692 3465 4749 'dici

1914 4766 2058 4818 queat
2084 4754 2191 4803 ideo
2215 4755 2457 4818 Danielem
2478 4768 2506 4801 a
2530 4754 2980 4818 babuchodonosoro
3001 4754 3288 4814 appellatum
3322 4759 3466 4807 colle-

1912 4815 2039 4876 gam,
2065 4818 2173 4886 quia
2195 4816 2318 4862 alter
2350 4817 2562 4886 ipsech
2590 4815 2827 4886 secundus
2850 4826 2875 4860 a
2898 4828 3020 4874 rege
3035 4823 3192 4883 esset.
3220 4818 3375 4878 Atque
3402 4822 3464 4869 ita

1914 4872 2094 4937 ἔχῃσιιὶ
2113 4884 2270 4936 potest
2302 4872 2389 4922 vox
2415 4880 2561 4954 υτιιαι
2584 4915 2597 4938 ,
2625 4882 2675 4921 et
2699 4881 2741 4921 S.
2769 4872 3327 4934 Hieronyindsacensura
3346 4887 3461 4928 Dru-

1912 4972 1967 5018 sii
1994 4969 2533 5029 vindicari.Quamquam
2556 4970 2715 5012 autem
2734 4964 2800 5029 de
2815 4975 2948 5019 voce,
2963 4963 3201 5029 ιταιγρςώιο
3218 4965 3462 5018 disserere

1912 5039 2048 5079 extra
2071 5041 2174 5075 rem
2199 5021 2307 5074 esse
2333 5021 2563 5081 videatur,
2590 5023 2793 5069 monebo
2818 5030 2991 5083 tamen,
3020 5021 3142 5069 illius
3165 5025 3461 5083 ignoratione

1910 5089 2081 5137 factum
2107 5100 2242 5145 esse,
2270 5094 2323 5134 nt
2365 5084 2703 5132 disertissimus
2722 5083 2795 5145 vir
2818 5081 3051 5145 Antonius
3076 5081 3278 5132 Muretus
3300 5088 3346 5133 in
3372 5088 3461 5136 Va.

1910 5152 2084 5198 riarum
2106 5142 2363 5212 lectionum
2387 5146 2467 5212 lib:
2484 5145 2514 5212 ut
2543 5178 2555 5200 ,
2581 5157 2682 5201 cap.
2712 5144 2729 5211 ι
2756 5180 2768 5197 ,
2796 5143 2986 5212 tertium
3012 5142 3267 5212 Isocratem
3290 5160 3461 5212 magno

1912 5222 2077 5257 errore
2111 5208 2412 5269 procederet.
2438 5204 2643 5269 Aderam
2668 5204 2808 5249 etiam
2849 5202 3000 5269 locum
3038 5204 3253 5269 Origenis
3271 5240 3285 5262 ,
3312 5202 3459 5269 Heini-

1910 5269 1971 5317 lia
1997 5269 2052 5316 18
2090 5262 2139 5329 in
2183 5276 2408 5329 Numeros
2432 5278 2443 5312 :
2472 5264 2741 5329 Relegamus
2762 5274 2946 5328 etiam:
2978 5262 3025 5309 in
3056 5262 3248 5329 Daniele
3282 5266 3458 5327 scripta

1908 5336 2013 5378 sunt
2038 5329 2096 5377 de
2120 5325 2435 5391 ipsoADam'ele
2457 5325 2670 5391 attribus
2692 5325 2857 5370 amicis
2881 5325 2998 5381 ejus.
3024 5326 3133 5384 seri;
3149 5333 3278 5372 serat
3298 5325 3459 5387 Orige-

1908 5403 2013 5447 nes,
2042 5402 2201 5446 ἱταὶροις,
2222 5389 2266 5435 id
2293 5395 2383 5441 est,
2407 5389 2559 5432 sociis.

1971 5450 2040 5509 (ε)
2074 5448 2128 5495 In
2150 5456 2335 5509 Graeco,
2364 5455 2481 5509 osi...
2505 5454 2523 5489 ὁ
2548 5454 2684 5509 senos.
2709 5454 2797 5509 ὡς..
2820 5455 2876 5509 ξιαὶ
2905 5454 2923 5491 δ
2948 5457 3107 5509 ωας-ος.
3129 5450 3296 5509 Magno
3312 5457 3457 5509 cupe-

1906 5504 2031 5568 rem,
2042 5511 2189 5568 inquit
2206 5505 2482 5557 Cotelerius,
2507 5504 2564 5549 ad
2588 5504 2726 5568 hujus
2748 5504 2835 5551 loci
2858 5506 3206 5568 restitutionem
3222 5506 3332 5568 mihi
3349 5504 3455 5568 dari

1906 5561 2148 5629 antiquum
2167 5567 2382 5631 Codicem
2408 5577 2467 5611 ex
2492 5576 2586 5631 quo
2604 5561 2875 5631 istenoster
2894 5564 3160 5631 descriptus
3179 5561 3277 5631 fuit.
3303 5565 3456 5631 aliter

1908 5622 2035 5676 enini
2057 5631 2132 5675 vix
2157 5640 2209 5674 ac
2231 5639 2294 5673 ne
2318 5627 2393 5672 vix
2422 5622 2613 5683 quidem
2631 5624 2822 5684 videtur
2842 5636 2950 5670 esse
2969 5622 3203 5684 sanabilis.
3224 5622 3454 5684 conjicie-

1906 5690 2030 5745 bam,
2053 5700 2072 5736 δ
2092 5693 2299 5751 memet,
2327 5696 2345 5731 ὁ
2364 5682 2642 5751 campum
2668 5691 2957 5751 postremum
2984 5682 3256 5751 vocabulum
3279 5682 3455 5746 legitur

1905 5742 2029 5810 apud
2051 5742 2408 5805 Tertullianum,
2436 5752 2484 5794 et
2506 5745 2553 5792 in
2577 5742 2987 5805 Pseudosibyllinis
3008 5744 3308 5793 carminibus.
