4112 6492
590 437 704 493 215

583 541 679 597 sed
710 541 959 613 Spiritum
984 541 1082 597 Dei
1114 549 1340 595 sanctum
1370 536 1582 595 habebat
1626 538 1680 592 in
1725 536 2007 604 semetipso.
2051 530 2165 584 Non

586 634 735 688 illum
767 634 1019 704 Spiritum
1045 675 1060 701 ,
1089 649 1243 704 quem
1274 649 1374 688 nos
1413 644 1666 686 vocamus
1708 628 2036 684 Paracletum
2061 623 2164 693 (a),

586 723 682 778 sed
714 725 854 780 velut
884 725 928 780 si
957 725 1076 796 quis
1103 724 1299 780 dixerit
1339 723 1738 794 inspirationem
1761 761 1776 786 ,
1806 729 1920 775 erat
1950 714 2168 771 numine

589 814 818 871 afﬂatus.
865 817 919 872 6.
966 816 1235 882 Baltasar,
1267 818 1468 888 inquit,
1497 817 1728 886 princeps
1772 814 2165 865 incantatorum.

593 909 804 964 Primus
836 911 1068 980 ipsorum
1095 921 1240 976 erat,
1274 911 1465 981 inquit.
1506 909 1639 964 Vide
1667 916 1795 978 quot
1842 907 2033 960 indicia
2076 905 2170 960 de-

586 1001 794 1056 clarent
837 1018 960 1057 eum
1008 1003 1220 1057 cazteris
1274 1003 1700 1072 praestantiorem
1750 1015 1887 1055 esse.
1934 999 2170 1054 Baltasar

588 1092 818 1160 princeps
832 1092 1223 1158 incantatorum,
1245 1110 1388 1162 quem
1414 1094 1641 1164 cognovi,
1663 1093 1799 1161 quod
1824 1091 2046 1161 Spiritus
2072 1090 2168 1146 Dei

590 1194 793 1238 sanctus
816 1185 868 1239 in
896 1195 964 1240 te.
993 1185 1094 1252 Qui
1135 1187 1342 1253 melior,
1373 1187 1689 1257 cmterisque
1714 1189 1888 1258 potior
1915 1200 1994 1249 es,
2026 1200 2170 1254 quem

593 1291 683 1346 ego
710 1278 937 1347 cognovi.
967 1277 1101 1332 Nam
1137 1294 1204 1334 ne
1234 1280 1428 1334 iterum
1457 1279 1720 1349 redigeret
1745 1293 1866 1334 eum
1895 1279 1960 1333 ad
1987 1295 2172 1334 neces-

593 1367 810 1421 sitatem
833 1367 1081 1423 dicendi:
1103 1369 1168 1422 Et
1194 1387 1284 1441 ego
1309 1380 1594 1424 autemnon
1622 1373 1671 1424 in
1700 1372 1946 1440 sapientia
1973 1385 2084 1442 qua
2112 1372 2170 1439 ﬁt

593 1459 648 1512 in
677 1476 754 1513 me
781 1459 941 1527 (Dan.
974 1461 1029 1515 2.
1062 1463 1154 1532 50)
1189 1481 1202 1517 :
1235 1463 1317 1518 his
1347 1463 1522 1518 verbis
1569 1463 1800 1518 maxime
1847 1478 1966 1517 eum
2009 1471 2173 1516 attra-

592 1563 735 1606 ctum
760 1553 821 1606 iri
849 1556 1082 1623 speravit
1102 1595 1116 1616 .
1139 1564 1192 1610 et
1219 1554 1272 1609 id
1298 1564 1424 1611 ante
1455 1555 1557 1609 alia
1583 1554 1736 1610 dixit.
1766 1554 1896 1609 Nam
1929 1570 2015 1619 ne,
2040 1570 2168 1623 quo.

593 1643 736 1697 niam
753 1653 802 1699 te
817 1646 994 1702 vocavi
1013 1647 1301 1717 principem
1321 1648 1731 1705 incantatorum.
1751 1648 2025 1702 existimes
2053 1646 2171 1700 ideo

596 1748 684 1788 me
710 1733 928 1802 dixisse,
963 1738 1113 1806 quasi
1142 1745 1366 1792 teStarer
1397 1738 1497 1791 ista
1531 1753 1622 1806 per
1646 1737 1930 1792 humanam
1964 1737 2174 1806 sapien-

596 1825 722 1880 tiam
748 1829 1030 1883 enarrari:
1074 1831 1320 1900 princeps
1373 1830 1583 1900 quidem
1630 1845 1687 1884 es
1739 1830 2170 1895 ineantatorum;

597 1919 721 1973 novi
742 1930 922 1974 autem
957 1935 1007 1976 te
1042 1938 1068 1974 a
1097 1923 1276 1976 divina
1309 1923 1358 1978 vi
1388 1933 1612 1988 motuin,
1643 1923 1820 1977 omnia
1849 1922 2030 1978 dicere
2059 1939 2073 1976 :
2103 1937 2170 1977 ex

597 2022 776 2062 rerum
811 2013 1139 2080 experientia
1176 2015 1419 2085 cognovi.
1451 2014 1516 2068 Et
1539 2031 1687 2068 omne
1720 2014 2047 2084 mysterium,
2089 2013 2174 2067 in-

598 2101 737 2170 quit,
767 2119 868 2156 non
908 2114 979 2157 est
1027 2105 1334 2176 impossibile
1381 2106 1488 2162 tibi.
1534 2107 1846 2176 Hujusmodi
1879 2107 2018 2160 enim
2051 2116 2176 2161 sunt

603 2205 694 2244 res
719 2192 938 2247 divinas.
982 2194 1239 2252 Humana:
1269 2197 1465 2267 quippe
1501 2214 1588 2254 res
1635 2199 1956 2267 imperfecta:
2008 2209 2172 2252 sunt:

607 2279 700 2334 Dei
729 2291 904 2337 autem
934 2300 1039 2338 non
1082 2286 1232 2340 item.
1266 2305 1286 2341 r
1323 2289 1462 2343 Audi
1501 2290 1661 2360 igitur
1688 2290 1946 2344 visionem
1982 2289 2175 2344 somnii

599 2370 730 2435 mei,
757 2372 901 2441 quod
955 2377 1090 2441 vidi,
1134 2386 1189 2432 et
1236 2379 1599 2447 conjecturam
1643 2383 1760 2451 ejus
1807 2381 1892 2435 die
1945 2380 2095 2444 mihi,
2123 2390 2176 2435 et

597 2465 834 2522 visiones
871 2470 1060 2539 capitis
1087 2474 1188 2528 mei
1222 2474 1272 2526 in
1303 2474 1464 2528 cubili
1495 2489 1636 2529 meo.
1664 2494 1682 2527 ι
1719 2476 1852 2543 Quid
1880 2477 2038 2545 igitur
2068 2478 2174 2531 ait:

601 2553 655 2609 7.
687 2573 706 2608 ι
740 2557 1017 2628 Videbam,
1050 2571 1104 2618 et
1132 2579 1257 2620 ecce
1281 2567 1442 2620 arbor
1482 2567 1535 2622 in
1567 2568 1744 2622 medio
1773 2578 1947 2634 terrae,
1973 2579 2026 2622 et
2056 2570 2177 2622 alti-

602 2651 731 2707 tudo
748 2653 864 2722 ejus
888 2657 1051 2711 multa
1079 2657 1172 2730 (b).
1200 2659 1252 2713 8.
1273 2660 1602 2731 Magnificam
1631 2673 1714 2718 est
1741 2662 1917 2728 arbor,
1957 2672 2011 2719 et
2034 2667 2184 2719 inva-

603 2744 722 2814 luit,
749 2755 804 2801 et
840 2749 1064 2806 altitudo
1121 2751 1235 2819 ejus
1284 2755 1522 2821 pervenit
1553 2769 1718 2826 usque
1757 2754 1822 2809 ad
1870 2754 2057 2810 cmlum
2084 2800 2099 2821 ,
2128 2768 2183 2814 et

605 2842 774 2896 moles
804 2842 918 2911 ejus
947 2844 1011 2897 ad
1041 2845 1298 2899 terminos
1339 2846 1605 2901 universa:
1650 2858 1837 2913 terrm,
1869 2848 1920 2902 9.
1953 2857 2009 2904 et
2055 2851 2181 2905 folia

607 2933 724 3002 ejus
754 2936 1000 3003 pulchra,
1025 2945 1081 2990 et
1116 2937 1321 2992 fructus
1351 2938 1468 3006 ejus
1512 2941 1732 3004 multus,
1766 2949 1820 2993 ct
1857 2939 2009 2994 cibus
2061 2942 2183 2995 uni-

608 3039 887 3080 versorum
915 3027 969 3081 in
991 3042 1075 3090 ea,
1104 3037 1157 3082 et
1185 3028 1369 3083 subter
1395 3043 1514 3083 eam
1542 3030 1724 3084 bestiae
1752 3041 1993 3100 agrestes
2013 3032 2181 3104 dege-

601 3112 762 3180 bant,
808 3125 862 3170 et
898 3117 950 3170 in
995 3118 1159 3172 ramis
1209 3119 1325 3187 ejus
1369 3119 1681 3175 habitabant
1723 3137 1851 3177 aves
1895 3122 2012 3178 αυῆ
2063 3142 2076 3177 :
2111 3140 2177 3179 ex

611 3218 674 3256 ea
701 3206 1016 3262 vescebatur
1043 3209 1218 3263 omnis
1244 3224 1389 3264 caro.
1414 3228 1434 3263 s
1459 3211 1592 3276 Quid
1624 3212 1723 3266 sibi
1748 3214 1863 3267 vult
1882 3214 2054 3268 visio?
2083 3215 2186 3271 ite-

609 3310 728 3351 rum
756 3300 1078 3368 temporaria
1109 3316 1286 3356 rerum
1319 3302 1672 3358 humanarum
1710 3305 1946 3360 conditio
1993 3317 2179 3364 osten-

609 3387 772 3441 ditur.
796 3388 852 3442 ln
881 3404 974 3454 ea,
1010 3391 1199 3461 inquit,
1227 3392 1472 3448 volucres
1500 3404 1555 3449 et
1593 3395 1778 3450 bestia:
1809 3397 1992 3452 umbra
2032 3398 2182 3453 frueo

611 3478 830 3543 bantur,
864 3490 919 3535 et
948 3482 1298 3548 habitabant;
1325 3494 1375 3539 et
1405 3485 1533 3553 ipsis
1558 3501 1680 3540 esca
1707 3485 1827 3542 inde
1853 3497 1984 3541 erat.
2015 3487 2184 3557 impe-

608 3569 749 3624 rium
780 3571 922 3626 illius
951 3572 1110 3640 dicit,
1143 3575 1284 3645 quod
1335 3577 1643 3631 universum
1687 3586 1945 3633 terrarum
1997 3579 2184 3634 orbem

609 3661 905 3718 obtinebat.
933 3664 1085 3720 Prius
1116 3667 1293 3737 itaque
1319 3683 1413 3737 per
1443 3670 1747 3739 imaginem,
1779 3685 1920 3725 nunc
1941 3686 2068 3727 vero
2091 3688 2186 3742 per

607 3751 854 3808 arborem
880 3756 980 3823 ipsi
1011 3758 1184 3812 futura
1211 3760 1583 3815 ostenduntur.
1613 3762 1720 3816 Cur
1749 3764 1891 3817 enim
1920 3779 2027 3817 non
2058 3766 2185 3819 mis-

608 3855 702 3895 sus
721 3853 804 3897 est
831 3844 1038 3913 Daniel,
1067 3849 1155 3916 qui
1185 3848 1299 3904 inec
1324 3850 1568 3906 diceret?
1588 3852 1721 3920 Quia
1748 3854 1823 3908 sic
1852 3854 1952 3908 [ide
1972 3855 2186 3925 dignior

609 3933 820 3988 t’uturus
849 3946 965 3990 erat
996 3952 1193 4004 sermo,
1224 3949 1278 3995 et
1309 3942 1630 4009 terribilior,
1663 3945 1822 4001 rebus
1851 3955 1975 4001 ante
2002 3949 2186 4002 oculos

609 4025 875 4094 adductis,
902 4039 960 4085 ut
1011 4032 1275 4103 intelligas
1304 4050 1426 4090 eum
1453 4078 1466 4102 ,
1497 4039 1586 4107 qui
1635 4040 1829 4108 plantis
1873 4040 1966 4094 dat
2009 4043 2186 4096 incre-

608 4129 870 4186 mentum,
905 4139 1122 4192 regnum
1155 4126 1382 4181 latenter
1417 4143 1480 4182 ac
1510 4145 1614 4182 non
1642 4131 2000 4185 sentientibus
2032 4134 2185 4190 nobis

609 4210 898 4281 adaugere.
933 4215 1018 4270 l0.
1051 4233 1070 4266 ‹
1103 4217 1352 4272 Videbam
1395 4219 1448 4273 in
1471 4221 1675 4276 visione
1718 4224 1889 4278 noctis
1932 4225 1982 4278 in
2024 4226 2186 4281 cubili

608 4319 754 4373 meo,
781 4315 834 4360 et
881 4323 1006 4363 ecce
1055 4309 1130 4374 ir,
1159 4319 1215 4365 et
1254 4321 1472 4366 sanctus
1517 4312 1584 4368 de
1631 4314 1766 4368 ctelo
1805 4317 2084 4373 descendit
2131 4317 2184 4370 in

609 4399 954 4468 fortitudine;
980 4411 1034 4457 et
1053 4404 1130 4457 sic
1152 4405 1322 4459 dixit:
1355 4404 1441 4460 11.
1467 4406 1707 4464 Excidite
1736 4411 2005 4478 arborem,
2035 4415 2185 4468 evel-

613 4492 705 4547 iite
735 4507 913 4546 ramos
939 4493 1054 4564 ejus
1074 4537 1089 4562 ,
1114 4507 1170 4552 et
1199 4500 1431 4555 excutite
1485 4500 1611 4556 folia
1639 4501 1773 4570 ejus,
1808 4513 1862 4559 et
1893 4505 2186 4576 dispergite

610 4583 815 4639 fructus
840 4587 976 4656 ejus.
1011 4589 1294 4661 Diffugient
1335 4594 1519 4649 bestias
1571 4612 1688 4666 qua:
1720 4599 1819 4653 sub
1849 4615 1910 4654 ea
1941 4609 2099 4665 sunt,
2128 4610 2186 4656 et

607 4690 738 4732 aves
777 4678 843 4734 de
884 4683 1043 4735 ramis
1073 4685 1208 4752 ejus.
1249 4686 1625 4743 Verumtamen
1674 4705 1891 4756 germen
1943 4692 2183 4748 radicum

610 4768 728 4838 ejus
752 4771 803 4826 in
828 4781 968 4828 terra
993 4775 1152 4832 sinite
1178 4795 1191 4831 :
1222 4786 1276 4832 et
1305 4778 1356 4832 in
1380 4780 1593 4835 vinculo
1622 4781 1802 4838 ferreo
1828 4794 1987 4855 atque
2019 4802 2180 4854 aereo,

611 4875 665 4919 et
693 4865 744 4919 in
769 4867 929 4923 herba
951 4887 1069 4939 qua:
1098 4871 1226 4927 foris
1251 4885 1355 4940 est,
1380 4886 1432 4932 et
1456 4879 1506 4933 in
1531 4893 1653 4933 rore
1671 4881 1783 4934 caeli
1812 4883 2183 4948 stabulabitur,

607 4967 666 5011 et
689 4972 809 5012 cum
835 4959 1020 5016 bestiis
1050 4979 1172 5032 pars
1195 4969 1310 5034 ejus
1339 4969 1390 5022 in
1424 4970 1586 5025 lierba
1612 4981 1767 5027 terrae
1795 4990 1807 5026 :
1840 4975 1922 5028 15.
1951 4989 2045 5028 cor
2069 4974 2186 5042 ejus

608 5049 679 5102 ab
733 5048 1040 5108 hominibus
1067 5059 1502 5124 commutabitur,
1532 5071 1586 5116 et
1614 5077 1707 5116 cor
1749 5061 1933 5117 bestia:
1970 5064 2188 5118 dabitur

609 5147 684 5211 ei,
709 5157 763 5203 et
791 5159 992 5217 septem
1017 5157 1256 5219 tempora
1277 5154 1621 5208 mutabuntur
1636 5170 1798 5224 super
1818 5171 1961 5211 eum.
1981 5157 2067 5210 ib.
2085 5157 2188 5211 Per

613 5239 974 5308 conjecturam
1007 5242 1055 5296 lr
1077 5257 1256 5297 sermo
1277 5251 1332 5298 et
1359 5243 1580 5298 verbum
1609 5257 1917 5300 sanctorum
1949 5246 2187 5301 interro-

613 5332 757 5402 gatio
787 5352 800 5386 :
834 5341 890 5387 ut
925 5344 1252 5404 cognoscant
1300 5335 1572 5403 viventes,
1615 5336 1758 5407 quod
1808 5337 2063 5392 Dominus
2107 5347 2190 5393 est

673 5512 1107 5580 (a)_1:lreodorettrs
1127 5515 1292 5580 hic,_et
1312 5518 1548 5580 Origenes
1569 5517 1653 5568 lib.
1670 5518 1693 5567 1
1709 5516 1774 5565 de
1792 5519 2050 5580 Principis,
2071 5533 2116 5568 e.
2137 5521 2185 5578 3,

614 5574 678 5622 de
907 5585 1072 5639 sancto
1110 5575 1369 5639 exjdicant.
1394 5574 1477 5627 ita
1517 5581 1564 5628 in
1601 5574 2003 5639 interpretatione
2027 5574 2184 5639 iuius,

613 5636 740 5686 Gen.
762 5637 812 5694 1,
838 5636 899 5704 2,
919 5637 1120 5697 Spiritus
1150 5636 1336 5687 nonani
1356 5639 1594 5702 ferebatur
1618 5636 1764 5704 super
1788 5653 1938 5704 aquas
1958 5676 1971 5700 ,
1996 5636 2187 5690 discre;

616 5710 729 5761 pant
751 5701 902 5747 sancti
928 5707 1090 5747 Patres

675 5759 758 5872 ab)t
780 5767 878 5809 Non
901 5762 1134 5812 absimilis
1160 5761 1381 5826 Astyagis
1405 5770 1457 5814 et
1480 5761 1657 5815 Xerxis
1687 5775 1870 5813 somnia
1896 5771 2057 5814 reteri
2093 5771 2183 5813 He-

675 5852 676 5862 ι
713 5839 742 5871 ο
768 5839 838 5872 υς.

619 5836 758 5873 rouot
768 5839 838 5873 US.

1333 419 1390 477 S.
1429 418 1706 477 JOANNIS
1745 406 2218 472 CHRYSOSTOMI
2259 404 2578 464 ARCIIIEP.
2610 409 3147 470 CONSTANTINOP.

3755 435 3886 490 216

2275 520 2566 578 altissimus
2612 526 2800 595 regni,
2833 533 2888 580 et
2926 531 3242 596 cuicumque
3284 525 3453 584 visum
3493 528 3680 595 fuerit,
3711 531 3868 587 dabit

2276 613 2402 668 illud
2425 629 2440 680 ;
2463 624 2518 669 et
2539 616 2680 685 quod
2705 632 2799 684 pro
2825 616 2992 671 nihilo
3013 617 3240 673 habetur
3263 618 3333 674 ab
3352 619 3668 683 hominibus,
3690 623 3868 693 eriget

2273 721 2435 773 super
2474 706 2624 761 illud.
2661 725 2680 760 ι
2717 708 2845 763 Vide
2879 726 2892 762 :
2923 708 2984 762 Ir
3031 719 3188 763 vocat
3239 711 3414 765 lumen
3464 727 3708 782 magnum
3734 754 3749 778 ,
3805 721 3868 769 es

2275 796 2613 863 splendorem
2643 803 2740 867 (a).
2770 798 2838 853 Et
2863 808 3068 854 sanctus
3093 817 3120 853 e
3146 802 3270 854 caelo
3299 801 3569 867 descendit,
3595 815 3640 856 et
3663 805 3869 858 clama-

2274 892 2341 941 vit
2383 890 2435 943 in
2490 892 2813 961 fortitudine,
2865 894 2936 947 ita
2986 903 3044 947 ut
3096 892 3244 946 illum
3285 897 3645 964 perterruerit.
3680 895 3746 948 Et
3785 898 3869 950 sie

2274 977 2404 1032 dixit
2425 995 2444 1033 :
2478 978 2710 1034 Excidite
2736 981 2966 1034 arborem
2987 995 3007 1035 :
3033 992 3374 1036 verumtamen
3403 999 3601 1052 germen
3625 985 3864 1038 radicum

2274 1070 2384 1139 ejus
2408 1071 2462 1123 in
2490 1080 2623 1123 terra
2647 1072 2812 1126 sinite.
2845 1071 2950 1127 Sed
2979 1071 3232 1142 quoniam
3263 1073 3544 1142 plurimum
3584 1079 3865 1146 corrumpi

2275 1163 2411 1217 solet
2445 1178 2684 1233 germen,
2718 1164 2807 1218 Sic
2833 1165 3013 1230 sinite,
3040 1165 3245 1234 inquit,
3270 1174 3326 1218 ut
3367 1166 3422 1220 in
3462 1167 3659 1221 vinculo
3687 1171 3866 1237 [erres

2275 1262 2320 1306 et
2345 1269 2494 1308 terea.
2522 1253 2589 1306 Et
2626 1264 2814 1322 septem
2835 1296 2849 1320 ,
2883 1255 3082 1323 inquit,
3111 1265 3337 1326 tempora
3362 1273 3512 1326 super
3551 1275 3660 1312 eum
3689 1270 3868 1312 muta-

2274 1343 2478 1409 buntur,
2507 1353 2554 1398 et
2594 1361 2708 1398 cum
2752 1346 2920 1399 bestiis
2949 1346 3192 1401 habitatio
3223 1350 3350 1417 ejus.
3379 1348 3530 1416 Quod
3569 1352 3706 1404 enim
3740 1350 3870 1406 base

2275 1435 2343 1490 de
2381 1436 2595 1489 homine
2625 1436 2963 1506 intelligenda
2995 1435 3130 1502 sint,
3164 1438 3437 1492 declarant
3463 1454 3581 1508 qua:
3619 1454 3868 1510 sequun-

2277 1536 2379 1580 tur.
2413 1525 2478 1580 Et
2506 1544 2611 1590 cor,
2642 1528 2837 1596 inquit,
2872 1529 3038 1583 bestia:
3073 1528 3276 1584 dabitur
3317 1531 3381 1585 ei.
3405 1530 3535 1598 Quia
3566 1550 3650 1602 per
3676 1535 3867 1604 conje-

2276 1629 2469 1672 σιω-ατη
2498 1617 2554 1672 Ir
2572 1635 2732 1672 sermo
2759 1637 2778 1673 :
2807 1635 2901 1689 per
2921 1635 2980 1675 se
3017 1636 3121 1675 non
3147 1629 3324 1691 potest
3347 1623 3621 1689 illustrari,
3655 1625 3863 1694 inquit;

2277 1707 2370 1763 sed
2395 1709 2686 1778 interprete
2707 1724 2840 1778 opus
2873 1718 2976 1764 est.
3001 1709 3067 1764 Et
3089 1711 3294 1764 verbum
3313 1753 3328 1775 ,
3354 1713 3540 1779 inquit,
3569 1724 3868 1768 sanctorum

2278 1799 2604 1870 interrogatio
2630 1815 2649 1853 .'
2675 1811 2729 1855 et
2757 1801 2923 1854 sancti
2967 1809 3214 1868 poterunt
3242 1802 3373 1857 illud
3399 1803 3596 1860 dicere.
3625 1805 3720 1860 Vel
3753 1806 3870 1862 hoc

2278 1889 2447 1954 dicit,
2481 1891 2562 1944 vel
2607 1891 2743 1944 istud
2776 1908 2788 1944 :
2821 1891 2960 1961 quod
3000 1907 3194 1961 nempe
3242 1895 3443 1963 possint
3490 1895 3870 1966 interrogatio—

2280 1996 2399 2035 nem
2423 1981 2666 2044 reddere,
2696 1992 2749 2036 et
2777 1997 2992 2037 causam
3020 1993 3239 2052 propter
3265 1999 3422 2054 quam
3459 1985 3557 2040 ista
3596 1986 3727 2041 ﬁunt
3749 2028 3763 2053 ,
3807 1998 3872 2043 et

2281 2089 2376 2144 per
2404 2075 2803 2144 responsionem
2836 2075 3155 2145 patefactum
3185 2085 3288 2130 est.
3325 2075 3394 2132 Ut
3420 2090 3749 2148 cognoscant,
3779 2081 3874 2135 in.

2279 2166 2426 2235 quit,
2459 2167 2672 2220 viventes
2695 2207 2709 2233 ,
2742 2167 2875 2236 quod
2907 2165 3152 2220 Dominus
3189 2175 3262 2220 est
3288 2169 3559 2223 attissimus
3597 2172 3738 2240 regni
3767 2172 3875 2226 ho-

2283 2257 2494 2310 minum.
2527 2258 2649 2312 ":00
2679 2266 2760 2312 est
2789 2273 2969 2312 causa.
2996 2258 3156 2313 Vides
3192 2269 3250 2314 ut
3279 2260 3420 2316 Deus
3449 2262 3717 2331 provideat
3757 2265 3873 2318 ho-

2281 2349 2548 2402 minibus?
2599 2358 2759 2419 utque
2812 2366 2916 2404 non
2959 2350 3096 2404 intra
3146 2350 3360 2408 Judzros
3402 2355 3704 2408 conclusum
3747 2367 3878 2410 erat

2282 2441 2448 2510 ipsius
2498 2437 2820 2510 imperium?
2852 2443 2939 2497 i5.
2969 2460 2989 2494 ε
3025 2442 3138 2498 lloc
3181 2445 3445 2498 somnium
3491 2445 3594 2499 vidi
3635 2461 3733 2516 ego
3767 2462 3876 2502 rex

2338 2635 2413 2697 (a)
2433 2635 2486 2684 In
2498 2635 2962 2698 ϐτωοο,ὁοι,γησὶν,ειρ
2976 2650 3045 2698 ,σε
3060 2648 3164 2697 etp,
3179 2649 3238 2686 ul.
3250 2643 3471 2697 λαμπηδόνι
3493 2635 3548 2686 In
3565 2637 3689 2687 hunc
3705 2638 3881 2690 locum

2285 2706 2446 2747 notam
2465 2705 2757 2759 sequentem
2779 2697 3008 2746 Cotelerii
3034 2698 3404 2758 exscripsimus,
3431 2701 3647 2759 quamvis
3668 2701 3726 2748 ad
3751 2709 3878 2750 tex-

2285 2767 2385 2809 tum
2396 2766 2607 2822 (gruum
2627 2759 2866 2820 praecipue
2885 2759 3166 2822 ordinatam,
3181 2766 3234 2808 ut
3249 2771 3358 2822 qum
3371 2761 3523 2822 ipsum
3535 2763 3768 2810 versionis
3789 2768 3882 2812 La-

2285 2823 2399 2869 tina:
2425 2819 3009 2884 lectioniincurnbentem
3026 2821 3197 2884 juvare
3223 2819 3434 2880 posse.
3459 2821 3528 2870 Ita
3544 2823 3695 2870 Suidte
3721 2836 3770 2884 ιιρ
3791 2833 3884 2875 est

2284 2890 2490 2940 uanas».
2516 2884 2653 2938 Quasi
2677 2883 2726 2929 in
2749 2881 2971 2930 Chaldaeo
2993 2881 3223 2941 scriptum
3248 2890 3400 2941 esset,
3419 2890 3508 2937 me
3531 2923 3541 2943 ,
3579 2896 3677 2932 non
3701 2881 3883 2935 autem

2284 2957 2396 3010 Ἴης.
2424 2953 2568 3002 Certe
2607 2960 2650 3000 s.
2687 2953 2944 3012 Gregorius
2976 2953 3182 3000 Nazianz.
3209 2989 3222 3007 ,
3248 2960 3303 3000 ut
3323 2953 3387 3000 de
3409 2953 3514 3001 aliis
3535 2953 3652 3000 nihil
3673 2953 3838 3004 dicam
3860 2990 3879 3014 ,

2287 3021 2488 3084 angelos
2511 3022 2686 3070 lumina
2709 3020 2921 3081 appellat
2943 3022 2989 3069 in
3011 3027 3141 3069 Orat.
3169 3021 3248 3078 40,
3277 3027 3327 3069 et
3348 3021 3424 3070 45.
3451 3021 3524 3070 Ab
3545 3028 3638 3077 Ἴης
3659 3025 3762 3072 Job.
3784 3027 3880 3084 36,

2285 3093 2364 3151 50,
2392 3092 2572 3154 legitur
2593 3097 2705 3147 mn
2731 3105 2742 3138 :
2769 3090 2891 3152 apud
2917 3097 3024 3139 Lxx
3047 3090 3271 3151 quasdam
3305 3091 3599 3154 exemplaria
3624 3093 3881 3147 habebant

2285 3173 2403 3220 τόξον,
2425 3163 2552 3224 quod
2576 3162 2640 3210 de
2661 3173 2777 3224 arcu
2800 3161 2982 3224 czelesti
3005 3168 3259 3224 exponunt
3278 3162 3442 3220 Graeci,
3468 3170 3519 3211 et
3542 3171 3705 3212 auctor
3729 3164 3878 3215 Com-

2286 3221 2771 3288 mentarii_in_.tobu_m
2793 3221 2916 3288 apud
2938 3221 3234 3288 Origenem:
3254 3224 3340 3288 qui
3375 3230 3435 3288 et_
3463 3224 3509 3272 in
3543 3231 3655 3288 Dan.
3681 3225 3710 3272 4
3726 3264 3742 3283 ,
3771 3228 3836 3277 10
3858 3264 3876 3288 ,

2287 3297 2374 3346 pro
2398 3285 2470 3342 Ir,
2504 3283 2656 3346 legit,
2678 3285 2781 3342 lris,
2814 3283 2875 3331 ab
2894 3282 3177 3347 mmiunde
3201 3282 3293 3333 Iris
3315 3284 3436 3346 apud
3460 3292 3502 3332 S.
3528 3282 3882 3350 Hieronymum

2287 3356 2380 3405 hic.
2407 3355 2494 3403 Sed
2522 3363 2572 3404 et
2595 3367 2685 3402 vos
2724 3360 2776 3412 ιῐρ
2801 3353 3103 3404 restituenda
3137 3362 3213 3403 est
3248 3355 3298 3402 in
3333 3361 3376 3402 s.
3413 3353 3595 3404 Isidoro
3627 3357 3879 3409 Pelusiota

2288 3416 2598 3478 Epistolarum
2622 3417 2704 3463 lib.
2729 3418 2778 3472 2,
2805 3415 2950 3478 epist.
2977 3414 3086 3472 177,
3111 3427 3209 3478 quo
3233 3414 3323 3463 loci
3349 3417 3590 3477 interpres
3612 3418 3882 3470 admodum

2286 3476 2449 3526 snavis
2472 3486 2566 3526 est.
2591 3485 2733 3525 Porro
2755 3476 2979 3524 seniores
3000 3481 3109 3524 LXX
3131 3476 3211 3525 hic
3235 3476 3498 3535 verterant,
3511 3484 3672 3538 ἆττιλθν,
3694 3482 3877 3531 ueteri

2288 3549 2473 3602 ιτριςτορον
2489 3580 2499 3597 ,
2516 3539 2722 3602 νοριὶιῐιε.
2746 3543 2813 3585 De
2835 3549 3030 3602 ιτῃτόφοις
3053 3538 3212 3602 omnia
3236 3544 3348 3585 nota
3372 3545 3490 3602 sunt
3512 3539 3773 3602 ex_’_l'hren.
3804 3542 3838 3590 4
3856 3580 3872 3601 ,

2290 3553 2499 3649 ιγῖήτορον,
2521 3553 2722 3601 opume.
2747 3553 2813 3585 ue
2835 3553 3030 3646 Inﬁma;
3053 3553 3212 3608 omnia
3236 3553 3348 3585 nou
3378 3553 3490 3587 sunt
3512 3553 3576 3587 ex
3600 3553 3773 3588 'Inren.
3804 3553 3838 3590 4
3856 3580 3872 3601 ,

2290 3602 2312 3651 1
2365 3601 2529 3664 ,apud
2551 3606 2658 3664 txx
2677 3634 2692 3657 ,
2718 3605 2856 3664 etes
2882 3597 2914 3645 Ii
2974 3610 3004 3646 ο
3039 3598 3211 3664 pacem
3233 3632 3247 3657 ,
3285 3597 3546 3660 Paadagogo
3567 3598 3838 3664 Clementis
3857 3640 3876 3664 ,

2287 3658 2708 3730 auida,"_Cedreno,
2734 3658 3108 3730 Chronograpbo
3129 3672 3382 3730 anonymo,
3405 3658 3552 3730 quém
3571 3658 3878 3730 ttteschelins

2288 3726 2336 3772 in
2360 3727 2489 3783 notis
2505 3721 2564 3770 ad
2590 3723 2809 3783 Origenis
2833 3719 2980 3770 libras
3002 3719 3167 3770 contra
3193 3719 3385 3772 Celsum
3403 3719 3543 3782 citat;
3567 3729 3618 3771 et
3636 3736 3696 3772 ex
3715 3727 3879 3779 sacris

2287 3782 2665 3832 ordinationibus
2676 3782 3050 3844 ’Syrorum,rcum
3074 3783 3419 3844 Maronitarum,
3444 3787 3545 3832 tum
3568 3786 3879 3836 Nestoriano-

2287 3857 2415 3904 rum,
2437 3858 2557 3907 quas
2591 3845 2639 3893 in
2677 3842 2834 3907 lucem
2871 3843 3026 3907 edidit
3060 3845 3132 3892 vir
3171 3842 3439 3907 linguarum
3471 3844 3773 3895 orientalium
3818 3856 3878 3898 et

2289 3905 2592 3956 historiarum
2616 3905 3048 3968 ecclesiasticarum
3071 3906 3387 3965 peritissimus
3407 3913 3612 3968 Joannes
3635 3909 3876 3968 ttorinus,

2290 3967 2346 4014 ad
2371 3970 2508 4029 cujus
2522 3968 2854 4029 adoptationes
2878 3964 3110 4029 lectorem
3134 3968 3440 4016 remittimus.
3463 3966 3552 4015 sed
3581 3975 3632 4016 et
3653 3967 3746 4017 buc
3769 3964 3876 4018 for;

2290 4041 2375 4076 san
2398 4026 2686 4098 referendus
2720 4027 2966 4098 estumiris
2987 4026 3141 4098 modis
3174 4033 3427 4098 corruptus
3449 4040 3503 4077 ac
3526 4029 3876 4098 peneiconcla-

2291 4095 2448 4137 matus
2485 4088 2619 4136 locus
2657 4089 2705 4136 in
2741 4086 2992 4136 utilissimo
3029 4088 3234 4136 Pastoris
3267 4086 3389 4137 libro
3427 4103 3439 4136 :
3474 4086 3598 4138 Misit
3639 4091 3877 4144 Dominus

2290 4151 2513 4219 angelum
2536 4162 2690 4219 suurn,
2716 4149 2798 4219 qui
2819 4155 2885 4197 est
2905 4161 3050 4219 super
3073 4149 3261 4219 bestias,
3287 4149 3367 4198 cui
3388 4162 3555 4219 nomen
3572 4155 3640 4219 est
3665 4153 3871 4213 Περι-ὑί.

2289 4209 2404 4269 Quid
2432 4213 2563 4261 enim
2583 4211 2675 4274 sibi
2700 4209 2801 4259 vult
2824 4209 3025 4274 monstri
3047 4209 3217 4274 similis
3241 4223 3352 4274 vox,
3377 4211 3558 4273 Hegrin
3577 4209 3602 4261 ?
3634 4209 3836 4263 Hermas
3855 4255 3871 4274 ,

2289 4249 2801 4336 ὄιῖίῖοἶῗέὶιὲξὼὲιῖζ
2822 4249 2997 4336 ait}???
3011 4249 3558 4336 Βῖεέἱίἶὲίιᾶιῖἑῖεέὦιῗ
3577 4249 3873 4336 ὶόὲεἶὲἓὲῐῖζ

2291 4331 2473 4396 um...
2492 4374 2502 4390 ,
2524 4331 2650 4397 quod
2673 4331 2857 4397 scilicet
2881 4331 3082 4393 legisset
3108 4331 3243 4397 apud
3267 4333 3511 4397 Danieiem
3529 4371 3542 4394 ,
3569 4347 3752 4397 ιτρητάρςδ
3775 4331 3875 4386 ιι]ἱὲ

2291 4394 2492 4444 ni'sterio
2535 4394 3041 4442 Nabuchodonosorem
3083 4395 3143 4441 ad
3187 4395 3449 4442 bestiarum
3487 4394 3668 4445 sortem
3696 4394 3876 4450 fuisse

2291 4456 2575 4517 redactum:
2602 4455 2836 4517 idgautem
2873 4456 3077 4517 nominis
3096 4493 3109 4511 ,
3133 4467 3242 4503 cum
3263 4469 3288 4517 a
3310 4454 3600 4517 calligrapbo
3633 4469 3876 4517 compen-

2291 4517 2420 4564 diosa
2446 4515 2686 4579 scribendi
2709 4518 2896 4579 ra-tione
2919 4514 3047 4579 hunc
3086 4515 3368 4579 inmodum
3408 4514 3656 4579 exaratum
3697 4514 3874 4579 esset,

2293 4589 2409 4638 ιτρήγ.
2434 4577 2704 4647 exscriptor
2727 4575 2866 4634 alter,
2893 4575 2970 4624 vel
2995 4584 3132 4647 certe
3157 4577 3544 4647 interpres-ipse,
3570 4590 3662 4647 non
3687 4575 3877 4647 intelli}

2290 4637 2433 4698 gens,
2457 4644 2539 4686 aut
2562 4639 2706 4687 etiam
2731 4649 2984 4698 perperam
3007 4637 3199 4698 legens.
3220 4641 3419 4688 mutavit
3435 4637 3482 4686 in
3501 4639 3675 4698 Ilegrin
3699 4651 3716 4687 :
3737 4644 3873 4698 quod

2291 4651 2433 4698 gens,
2457 4651 2539 4686 aut
2562 4651 2706 4687 etiam
2731 4651 2984 4698 perperam
3007 4651 3199 4698 tegens.
3220 4651 3419 4688 mutavit
3435 4652 3482 4686 in
3501 4651 3675 4749 Hean
3699 4651 3716 4687 :
3737 4651 3871 4748 quod

2291 4712 2432 4760 quam
2456 4701 2505 4747 in
2532 4698 2725 4770 proclivi
2757 4696 2934 4770 fuerit,
2969 4711 3120 4770 nemo
3160 4699 3551 4770 nonkintelligit.
3591 4709 3635 4770 ta
3671 4703 3871 4770 main),

2290 4759 2433 4822 quam
2455 4759 2582 4824 quod
2603 4759 2855 4824 aliquando
2877 4760 3223 4824 conjectabam,
3257 4760 3388 4819 Evin,
3413 4759 3561 4811 id'est
3576 4797 3592 4819 ,
3615 4759 3872 4824 bellumue,

2290 4821 2348 4885 ut
2367 4821 2719 4885 interpretatur
2733 4821 2979 4885 uigenes
2991 4828 3127 4870 Hom.
3151 4821 3213 4870 25
3238 4824 3285 4870 in
3309 4830 3553 4872 numeros.
3582 4825 3686 4872 Scio
3709 4821 3873 4885 videri

2291 4883 2432 4954 aliter
2526 4897 2615 4954 suo
2633 4883 2800 4954 codice
2839 4881 3067 4954 habuisse
3094 4890 3144 4953 s.
3172 4885 3530 4954 Hieronymum,
3549 4885 3629 4954 qui
3653 4885 3699 4954 in
3725 4882 3871 4933 00m-

2291 4947 2529 5011 aleatorio
2552 4945 2609 4993 ad
2633 4945 2865 5011 Habacuci
2898 4945 3283 5011 caputprimum
3320 4945 3384 4992 ita
3424 4945 3636 5011 scribat:
3667 4952 3738 5011 Ba:
3772 4957 3874 5004 quo

2290 5005 2410 5076 liber
2430 5005 2530 5076 ille
2566 5005 2865 5076 apocrypltus
2899 5004 3112 5076 stultitia
3147 5005 3532 5076 condemnandus
3566 5011 3635 5056 est
3664 5004 3754 5052 :in
3772 5017 3874 5076 quo

2291 5067 2520 5131 scriptum
2535 5064 3126 5131 est,quentdam__a_ngetmn
3361 5065 3472 5131 Tyri
3494 5077 3696 5129 prcesse
3717 5068 3872 5131 repti-

2295 5125 2433 5196 libuls.
2462 5135 2515 5196 et
2558 5125 2615 5196 in
2639 5125 2761 5194 hanc
2785 5125 3589 5196 siqnlitudinemyiscibnsguoque
3610 5125 3869 5196 etftrbori.

2291 5190 2378 5240 bus
2395 5196 2444 5240 et
2645 5187 2876 5258 mriversy's
2910 5189 3130 5258 proprios
3151 5185 3205 5237 in
3235 5185 3724 5258 custodiant’angelos
3745 5186 3872 5258 assi-

2385 5259 2471 5300 tos.
2497 5250 2682 5300 Verum
2703 5249 2807 5298 huic
2824 5248 2973 5310 lectio
3002 5248 3128 5298 forte
3163 5252 3322 5298 sanior
3345 5262 3440 5298 non
3474 5254 3550 5299 est
3583 5248 3762 5310 priore.
3787 5248 3868 5299 An

2313 5314 2391 5375 egi
2405 5314 2579 5382 possit,
2594 5324 2745 5382 metu»,
2759 5308 2856 5369 vel,
2873 5323 3019 5382 οημη,
3041 5311 3164 5382 adeo
3180 5319 3233 5361 ut
3249 5311 3294 5382 id
3315 5310 3523 5382 nominis
3543 5305 3782 5382 referatur

2291 5370 2514 5434 reptilia,
2555 5370 2748 5439 nonad
2787 5370 3015 5434 angelum
3027 5372 3266 5439 _._videant
3297 5371 3443 5439 dorsi.
3481 5370 3712 5439 Suspicari
3752 5371 3869 5439 guis

2292 5428 2455 5496 posset
2495 5428 2558 5483 ex
2596 5428 2977 5496 Origeneuﬁom.
3008 5434 3078 5496 15
3115 5435 3171 5496 in
3200 5429 3518 5496 rnediielem,
3549 5428 3604 5496 et
3635 5428 3720 5496 lib.
3748 5428 3867 5480 l'de

2292 5489 2554 5567 i'rincipiis,
2578 5489 2739 5556 capis
2757 5533 2768 5548 ,
2795 5493 2937 5566 alludi
2962 5494 3021 5542 ad
3044 5493 3305 5542 Ezechielis
3320 5491 3615 5564 .pmpbetias
3634 5489 3700 5538 de

2292 5567 2390 5600 nuo
2429 5559 2588 5600 obiter
2625 5561 2804 5600 annoto
2829 5569 2841 5600 :
2870 5568 3071 5600 nmmum
3108 5564 3215 5600 est.
3254 5561 3514 5600 Oriaenem
3547 5557 3680 5600 Hom.
3717 5551 3740 5599 1
3814 5552 3866 5600 in

2291 5567 2390 5607 Duo
2429 5551 2588 5606 obiter
2625 5551 2804 5603 annoto
2829 5569 2841 5603 :
2870 5557 3071 5616 primum
3108 5564 3215 5611 est,
3254 5551 3514 5616 Origen‘em
3547 5557 3680 5600 Hom.
3717 5551 3778 5600 1b
3814 5552 3866 5602 in

2290 5627 2551 5686 Numeros,
2583 5617 2646 5686 ὦ
2677 5618 2724 5665 in
2750 5615 2967 5686 Josuam,
2995 5622 3046 5665 et
3057 5616 3097 5686 _8
3120 5617 3168 5664 in
3191 5615 3485 5686 Jeremiam,
3501 5624 3781 5686 respexisse
3800 5617 3868 5686 ad

2290 5681 2441 5728 verba
2465 5679 2682 5727 Pastoris.
2708 5679 2971 5726 secundum
2990 5716 3002 5735 ,
3028 5677 3089 5724 ab
3112 5677 3414 5724 accusatione
3425 5675 3708 5735 _ttieronymi
3725 5676 3869 5726 facil-

2291 5741 2455 5788 limum
2488 5738 2592 5788 fore
2627 5746 2845 5800 ﬁerinam
2867 5733 3137 5800 defendere
3159 5774 3172 5793 ,
3197 5737 3239 5785 si
3274 5747 3401 5800 nunc
3422 5733 3469 5784 id
3492 5733 3754 5800 sumemus
3769 5773 3783 5800 ,
3807 5744 3868 5788 et

2291 5802 2382 5851 nisi
2407 5813 2436 5850 e
2457 5798 2738 5852 diverticulo
2769 5800 2814 5849 in
2841 5801 2962 5850 viam
2986 5799 3125 5848 nobis
3144 5804 3278 5847 esset
3300 5794 3614 5847 redeundum.
3647 5811 3672 5842 ιι
