4112 6486
631 412 743 468 219

628 514 716 573 50.
769 517 961 572 Eadem
1008 516 1134 570 hora
1183 529 1357 568 sermo
1393 511 1686 581 completus
1723 516 1803 562 est
1826 521 1984 574 super
2005 503 2181 559 Nabuo

629 606 1072 666 chodonosorem,
1102 612 1157 658 et
1189 602 1255 656 ab
1283 600 1580 654 hominibus
1604 598 1853 666 expulsus
1878 603 1978 659 est,
2010 602 2063 648 et
2091 591 2187 646 fte-

632 711 756 748 num
797 705 852 749 ut
882 696 978 749 bos
1004 691 1254 757 comedit,
1284 699 1338 744 et
1362 705 1391 744 a
1419 703 1537 744 rore
1578 687 1691 742 cmli
1718 700 1909 754 corpus
1955 684 2069 753 ejus
2101 684 2183 736 in-

631 784 826 838 fectum
854 792 955 850 est,
983 782 1151 836 donec
1189 779 1362 848 capilli
1390 778 1503 848 ejus
1528 788 1586 830 ut
1609 776 1818 830 leonum
1868 773 1957 843 pili
2000 788 2184 827 creve-

631 881 774 937 runt,
802 881 856 928 et
899 885 1101 938 ungues
1135 869 1248 938 ejus
1277 869 1440 922 instar
1484 865 1735 935 unguium
1780 863 1911 915 avis.
1947 881 1965 913 ι
1998 861 2187 930 Aspice

629 961 944 1016 scntcntiam
974 975 1089 1030 quae
1115 958 1340 1027 desuper
1375 956 1537 1012 fertur
1557 955 1622 1008 ad
1649 956 1814 1024 ipsum
1844 951 2186 1005 Nabuchodo-

633 1067 898 1107 nosorem.
926 1053 990 1106 Et
1009 1051 1073 1104 ad
1101 1049 1257 1104 finem
1286 1047 1544 1102 devenere
1574 1061 1676 1100 res.
1697 1042 1973 1113 Ignorasti,
1997 1041 2183 1109 inquit,

633 1141 916 1196 humanam
973 1141 1314 1204 nobilitatem,
1363 1140 1413 1192 in
1467 1138 1752 1191 bestiarum
1809 1133 2186 1203 ignobilitatem

634 1231 893 1286 decidisti.
938 1230 1078 1284 Nihil
1119 1229 1515 1299 ignominiosius
1558 1227 1656 1280 ista
1709 1240 1765 1278 re
1808 1223 1920 1278 ﬁeri
1963 1230 2184 1292 potcmt,

636 1338 807 1393 neque
844 1323 888 1376 si
913 1322 978 1376 ad
1002 1329 1380 1391 paupertatem,
1410 1333 1576 1388 neque
1601 1317 1645 1370 si
1673 1315 1738 1368 ad
1765 1313 1990 1378 vincula,
2021 1326 2189 1380 neque

636 1413 678 1466 si
710 1411 774 1466 ad
816 1412 1138 1476 servitutem,
1174 1424 1340 1479 neque
1388 1407 1432 1462 si
1470 1407 1534 1461 ad
1581 1404 1722 1460 aliud
1764 1403 1886 1473 quid
1934 1401 2188 1472 ejusmodi

637 1501 783 1556 illum
816 1501 1121 1572 redegisset.
1162 1500 1326 1554 Porro
1358 1499 1500 1551 nullo
1544 1496 1699 1551 modo
1736 1509 1854 1550 eum
1894 1508 1924 1546 a
1968 1491 2190 1546 naturali

637 1593 909 1647 nobilitate
947 1592 1100 1660 ejecit
1135 1609 1148 1645 :
1191 1605 1288 1645 nec
1328 1603 1516 1658 corpus
1557 1589 1700 1642 illius
1743 1586 1793 1639 in
1831 1584 2012 1640 bestia:
2041 1591 2192 1636 natu-

639 1696 753 1735 ram
793 1681 1014 1734 mutavit
1043 1697 1056 1733 :
1097 1679 1188 1734 sed
1231 1679 1354 1732 illud
1383 1693 1486 1746 quo
1514 1676 1580 1731 ab
1621 1672 2008 1729 irrationalibus
2030 1670 2192 1724 dista-

639 1770 751 1834 bat,
780 1770 830 1823 in
859 1768 1118 1823 feritatem
1151 1768 1448 1823 transtulit?
1479 1764 1754 1833 Quomodo
1798 1762 1993 1832 igitur?
2037 1759 2105 1816 Ut
2139 1768 2194 1815 et

643 1859 830 1928 reliqui
875 1858 1078 1913 discant
1105 1874 1169 1913 ex
1219 1859 1355 1913 illius
1397 1857 1534 1922 cibo,
1562 1867 1614 1912 et
1662 1871 1724 1910 cx
1769 1854 1908 1910 illius
1954 1861 2190 1922 aspectu.

639 1949 775 2016 Quid
800 1961 973 2005 autem
1005 1965 1099 2020 per
1127 1949 1238 2004 haec
1265 1949 1559 2004 docemur?
1587 1948 1785 2014 Nempe
1813 1943 1953 2015 quod
1980 1942 2079 1999 etsi
2107 1957 2196 1997 ea-

639 2041 761 2095 dem
801 2040 952 2095 nohis
980 2055 1082 2095 non
1112 2040 1380 2105 eveniant,
1413 2050 1584 2092 tamen
1626 2036 1815 2091 melius
1856 2035 1945 2089 illo
1974 2049 2078 2088 non
2107 2048 2196 2087 su-

642 2145 760 2186 mus
788 2130 982 2198 affecti,
1017 2130 1226 2201 quando
1255 2131 1306 2184 in
1345 2129 1643 2198 superbiam
1689 2134 1780 2181 aut
1821 2127 1873 2180 in
1912 2125 2195 2180 belluinam

641 2223 1087 2293 perturbationem
1116 2224 1425 2279 delabimur.
1456 2217 1593 2289 Quot
1643 2237 1783 2277 nunc
1825 2236 1929 2276 non
1958 2235 2109 2277 secus
2132 2234 2197 2276 ac

643 2311 1124 2369 Nabuchodonosor
1153 2315 1258 2381 ille,
1290 2314 1470 2367 bestia:
1518 2321 1746 2367 mentem
1782 2311 2010 2368 habent!
2062 2311 2196 2366 Audi

644 2401 820 2471 itaque
840 2402 1093 2457 Joannem
1125 2402 1385 2457 dicentem
1417 2419 1430 2455 :
1461 2400 1744 2470 Serpentes,
1767 2401 2018 2471 genimina
2057 2400 2197 2470 vipe-

645 2507 818 2544 rarum
839 2491 1045 2562 (Mattlt.
1070 2493 1120 2547 3.
1148 2493 1199 2545 7.
1231 2502 1276 2545 et
1303 2491 1390 2545 25.
1432 2491 1553 2560 ’55);
1585 2500 1637 2544 et
1667 2504 1848 2544 rursus
1875 2489 2035 2544 alium
2077 2504 2198 2559 pro-

649 2582 861 2651 phetam
891 2584 1116 2639 aienlem
1146 2602 1158 2636 :
1193 2582 1323 2652 Equi
1350 2584 1564 2651 furentes
1594 2582 1646 2634 in
1675 2582 1886 2652 feminas
1907 2582 2027 2652 facti
2052 2591 2199 2648 sunt;

647 2674 983 2742 unusquisque
1015 2674 1081 2726 ad
1102 2690 1306 2727 uxorem
1341 2673 1553 2742 proximi
1579 2673 1863 2726 [tinniebant
1885 2672 2014 2742 (Jer.
2040 2673 2090 2728 5.
2113 2673 2198 2743 8);

647 2772 702 2816 et
728 2763 884 2815 alium
913 2763 1080 2817 adhuc
1103 2780 1116 2816 :
1145 2760 1304 2816 Canes
1332 2763 1452 2815 muti
1483 2779 1580 2815 non
1605 2763 1815 2816 valentes
1837 2762 2021 2816 latrare
2049 2761 2198 2832 (Isai.

647 2853 885 2922 56.10):
912 2864 959 2907 et
992 2854 1149 2907 alium
1182 2869 1362 2907 rursus
1388 2853 1567 2922 vulpes
1597 2853 1945 2922 appellantem
1993 2853 2200 2920 (Ezeclt.

651 2946 739 2999 15.
766 2944 844 3013 4),
872 2954 924 2998 et
945 2945 1102 2996 alium
1132 2944 1387 2999 dracones
1407 2959 1468 2998 ac
1495 2944 1767 2998 basiliscos
1791 2942 1956 3015 (Psal.
1985 2944 2199 3014 90.13).

650 3033 815 3088 Multo
840 3042 1013 3086 autem
1063 3033 1293 3087 deterius
1333 3043 1414 3088 est
1443 3049 1560 3089 cum
1608 3033 1658 3087 in
1703 3033 1801 3089 hac
1849 3034 1955 3089 vita
1998 3049 2202 3102 sumus,

652 3123 876 3186 efferari,
904 3138 1057 3192 quam
1079 3123 1266 3178 eadem
1291 3139 1409 3177 cum
1436 3123 1949 3180 Nabuchodonosore
1975 3123 2206 3194 pati.llle

651 3211 909 3279 siquidem
951 3213 1080 3266 nihil
1120 3213 1244 3266 mali
1273 3215 1323 3266 in
1351 3213 1582 3268 animum
1606 3213 1912 3268 admittebat
1943 3231 1956 3268 :
1990 3229 2085 3268 nos
2110 3229 2204 3268 au-

651 3311 756 3355 tem
782 3302 906 3355 dum
960 3303 1028 3357 ita
1077 3304 1347 3359 innumera
1390 3314 1600 3373 peccata
1649 3306 1961 3374 colligimus,
2011 3315 2207 3376 quanto

655 3393 862 3461 pejores
889 3407 1069 3447 sumus
1085 3394 1215 3463 jam,
1243 3396 1378 3448 sicut
1404 3395 1597 3448 dictum
1627 3405 1724 3449 est.
1750 3396 1845 3460 Qui
1873 3406 2044 3449 autem
2069 3395 2204 3464 apud

652 3483 889 3536 ethnicos
913 3485 1175 3552 sapientes
1205 3485 1544 3547 habebantur,
1576 3486 1843 3538 mutabant
1880 3485 2118 3538 homines
2153 3485 2205 3538 in

657 3573 865 3626 bestias.
898 3574 1002 3627 Sed
1042 3575 1311 3629 videamus
1339 3575 1621 3644 quomodo.
1681 3575 1965 3629 Gentilium
1993 3575 2204 3643 quidem

653 3663 1107 3730 metamorphOses
1133 3664 1320 3716 fabula:
1348 3674 1530 3728 erant;
1564 3665 1660 3717 ista
1705 3673 1879 3718 autem
1915 3679 2036 3718 vera
2063 3674 2204 3718 sunt.

652 3754 763 3819 Qua
788 3753 925 3808 enim
949 3753 1012 3807 de
1032 3767 1185 3806 eausa
1210 3753 1449 3807 homines
1472 3755 1590 3807 illos
1625 3757 1996 3809 mutaverunt?
2023 3756 2203 3811 Nulla:

654 3855 705 3896 at
747 3843 1010 3912 Scriptura
1041 3859 1248 3897 causam
1276 3860 1485 3914 quoque
1531 3843 1764 3914 profert:
1800 3845 1865 3900 Ut
1903 3857 2206 3917 cognoscant

656 3949 842 3994 omnes,
860 3935 974 4003 quia
997 3935 1280 3986 dominatur
1296 3935 1576 3990 Altissimus
1598 3953 1748 4006 regno
1769 3937 2210 3994 hontinuitt.Vides

656 4032 714 4076 ut
742 4025 914 4076 omnia
967 4024 1073 4078 Deo
1126 4025 1394 4093 possibilia
1423 4027 1565 4080 sint?
1614 4027 1768 4080 etiam
1814 4042 1876 4080 ex
1910 4027 2209 4085 hominibus

656 4114 849 4168 bestias
876 4114 1065 4181 facere,
1098 4126 1150 4170 et
1175 4126 1401 4171 mentem
1431 4119 1667 4173 mutare?
1695 4119 1876 4188 Cogita
1907 4129 2098 4189 quanta
2126 4135 2210 4174 res

657 4212 800 4258 esset
824 4219 964 4268 eum,
991 4207 1076 4273 qui
1105 4216 1257 4260 antea
1285 4209 1335 4259 in
1358 4215 1502 4261 tanto
1526 4208 1807 4276 splendore
1839 4209 2072 4273 vixisset,
2095 4225 2211 4264 cer-

658 4308 787 4348 nere
808 4309 922 4348 cum
953 4294 1132 4348 bestiis
1152 4295 1448 4364 degentem,
1482 4296 1698 4354 nudum.
1725 4296 1837 4351 Non
1865 4299 2003 4352 enim
2033 4300 2212 4368 utique

658 4383 882 4438 formam
915 4386 1165 4449 mutavit;
1197 4386 1615 4455 quandoquidem
1653 4387 1703 4441 id
1747 4388 2066 4442 horrendum
2106 4405 2210 4442 non

657 4473 864 4528 fuisset.
904 4475 1006 4529 Cor
1034 4486 1206 4530 autem
1233 4477 1413 4530 bestia:
1441 4479 1706 4546 accepisse
1754 4495 1856 4532 non
1901 4479 2018 4533 ideo
2061 4479 2207 4542 dicit,

659 4562 798 4630 quod
846 4573 1021 4617 mente
1071 4565 1227 4620 fuerit
1278 4567 1553 4635 alienatus,
1601 4569 1690 4624 sed
1737 4569 1873 4638 quod
1929 4569 2211 4622 humanum

659 4651 892 4704 animum
927 4651 1138 4714 habens,
1181 4665 1368 4709 cuncta
1413 4663 1646 4711 sentiret.
1691 4657 1819 4711 Nam
1851 4657 1893 4710 si
1925 4673 2212 4712 conversus

661 4741 844 4794 fuisset
872 4741 920 4793 in
951 4741 1190 4802 bestiam,
1219 4759 1279 4795 ea
1308 4761 1422 4811 quae
1463 4749 1772 4802 eveniebant
1809 4765 1908 4801 non
1933 4750 2209 4818 cognovis-

659 4839 758 4885 set.
784 4830 916 4896 Quid
950 4831 1104 4899 igitur
1131 4833 1407 4902 signilicat,
1437 4833 1534 4886 Cor
1560 4838 1722 4889 bestia:
1748 4838 1918 4890 datum
1945 4847 2015 4892 est
2041 4841 2084 4892 ei
2106 4841 2213 4909 (a)?

661 4917 716 4974 ld
747 4929 846 4983 est,
876 4923 1094 4991 agrestis
1122 4938 1182 4976 ac
1223 4922 1361 4977 ferus
1396 4924 1578 4987 evasit,
1608 4939 1705 4978 nec
1736 4927 1940 4982 volebat
1965 4944 2081 4985 cum
2116 4931 2211 4984 ho-

660 5010 890 5065 minibus
917 5015 1112 5067 versari
1141 5031 1153 5078 ;
1203 5014 1282 5067 vel
1327 5013 1503 5077 etiam,
1531 5014 1745 5067 timebat
1765 5031 1883 5068 cum
1917 5018 2212 5074 hominibus

659 5099 885 5167 degere;
930 5103 1037 5167 vel,
1067 5102 1305 5156 homines
1341 5111 1399 5155 ut
1425 5101 1561 5156 feras
1592 5106 1876 5160 metuebat.
1923 5105 2056 5172 Quid
2103 5108 2212 5163 fieri

657 5191 825 5259 possit
868 5192 958 5244 illo
986 5193 1302 5246 sublimius?
1327 5193 1447 5262 quid
1476 5193 1660 5248 eodem
1706 5195 1990 5250 humilius?
2034 5195 2102 5250 Et
2128 5215 2213 5251 ex-

659 5281 834 5349 pulsus
862 5291 933 5334 est
957 5281 1016 5333 ab
1042 5283 1339 5336 hominibus.
1377 5283 1642 5352 Nusquam
1686 5286 1822 5339 illius
1864 5290 2088 5355 potentia
2120 5289 2213 5343 de-

663 5371 829 5424 fendit
875 5373 1037 5425 illum.
1084 5372 1196 5425 Non
1225 5383 1338 5425 erat
1366 5376 1638 5429 carnivora
1683 5377 1867 5440 bestia,
1901 5378 1990 5430 sed
2020 5381 2212 5432 Renum

659 5461 968 5515 comedebat
1018 5471 1070 5515 et
1099 5472 1210 5515 erat
1257 5464 1427 5531 imago
1472 5464 1629 5518 bruti.
1665 5465 1731 5519 Ut
1769 5468 1973 5530 credas,
2015 5470 2211 5538 inquit:

660 5550 805 5602 velut
831 5565 924 5618 pro
946 5560 1196 5604 consueto
1228 5550 1414 5617 pabulo
1446 5551 1660 5607 habebis
1688 5555 1922 5608 herbam.
1945 5557 2216 5620 Quomodo

720 5683 794 5745 (a)
827 5691 932 5734 tunc
956 5687 1002 5734 in
1038 5687 1268 5749 scriptura
1309 5697 1400 5733 non
1440 5685 1708 5749 habentur,
1749 5689 1836 5738 sed
1879 5689 1970 5739 huc
2007 5692 2216 5742 traducta

657 5755 767 5793 sunt
791 5759 853 5794 ex
879 5760 1019 5796 versu
1047 5747 1123 5795 15.

1346 402 1398 457 S.
1436 393 1707 456 10thle
1741 389 2204 450 CIIRYSOSTOMI
2244 388 2552 444 ARCIIIEP.
2591 386 3105 446 CONSTANTINOP.

3739 398 3870 454 220

2291 501 2415 555 forte
2457 503 2599 556 illum
2645 519 2748 556 non
2779 503 3130 556 devorarant't
3170 499 3438 568 quomodo
3483 513 3676 566 corpus
3709 499 3866 553 illius

2286 594 2432 649 cibos
2482 594 2742 663 ejusmodi
2796 595 2962 662 potuit
3016 593 3385 660 concoquere?
3429 591 3693 660 quomodo
3743 605 3866 644 non

2292 686 2481 754 periit?
2523 685 2701 754 Neque
2729 685 2868 738 enim
2913 684 3073 738 breve
3121 693 3330 751 tempus
3373 682 3669 736 intercessit
3698 699 3711 734 :
3739 682 3866 735 cir-

2289 776 2481 838 cuibat,
2511 776 2755 830 omnibus
2787 769 2954 829 factus
2979 776 3275 842 exemplum
3303 773 3629 836 humilitatis,
3663 773 3714 825 in
3759 787 3865 826 se-

2291 867 2406 934 ipso
2437 866 2609 919 ferens
2636 865 2824 920 indicia
2852 865 3158 933 punitionis,
3187 863 3628 931 quemadmodum
3659 875 3863 915 servas

2291 956 2429 1010 nctis
2463 965 2822 1023 compunctus.
2855 958 2923 1009 At
2954 962 3096 1008 certe
3136 955 3484 1023 prazstitisset,
3511 952 3702 1006 dixerit
3738 952 3863 1005 for-

2295 1054 2431 1099 tasse
2455 1046 2662 1114 aliquis,
2688 1061 2806 1099 cum
2843 1044 3144 1099 hominibus
3184 1043 3326 1097 illum
3354 1043 3573 1105 versari,
3603 1053 3758 1111 atque
3797 1043 3865 1096 id

2293 1137 2435 1205 pati:
2469 1137 2559 1191 sed
2583 1148 2638 1189 ut
2667 1151 2818 1205 pmna
2860 1137 2958 1204 ipsi
2987 1135 3354 1204 adaugcrctur,
3387 1134 3488 1186 hoc
3517 1133 3704 1187 factum
3745 1143 3867 1186 est.

2291 1228 2420 1282 Nam
2443 1230 2716 1297 castigatio
2755 1229 2970 1299 perinde
3007 1228 3273 1292 manebat,
3300 1241 3417 1281 cum
3444 1241 3561 1295 quae
3602 1226 3696 1293 ipsi
3722 1240 3866 1279 eve-

2293 1331 2501 1382 nerant,
2521 1334 2707 1374 omnes
2729 1320 3082 1384 enuntiarent,
3100 1332 3324 1386 cumque
3348 1318 3516 1385 ipsum
3535 1331 3681 1384 teque
3705 1315 3863 1369 vidc-

2292 1420 2408 1463 rent
2430 1410 2576 1474 foris,
2597 1410 2644 1462 id
2669 1420 2842 1464 autem
2860 1424 3076 1464 cernere
3099 1408 3264 1462 multo
3292 1407 3577 1462 terribilius
3598 1415 3726 1460 erat.
3743 1405 3866 1460 Nec

2292 1508 2499 1568 tempus
2516 1500 2673 1555 breve
2691 1499 2803 1562 fuit,
2819 1500 2908 1554 sed
2924 1512 2973 1554 et
2991 1502 3159 1568 ipsum
3177 1497 3653 1553 sabbatieum.Nani
3666 1507 3866 1566 septem

2294 1598 2534 1657 tempora,
2551 1590 2733 1659 inquit,
2749 1589 3097 1643 mutabuntur:
3119 1589 3170 1643 id
3187 1597 3286 1650 est,
3310 1596 3416 1642 tres
3433 1589 3552 1642 anni
3569 1603 3683 1640 cum
3707 1587 3870 1640 dimi-

2293 1677 2588 1748 dio(a).3l.
2610 1699 2628 1731 ε
2656 1680 2719 1734 Ει
2737 1691 2850 1748 post
2870 1679 3020 1733 finem
3041 1679 3245 1734 dierum
3259 1694 3408 1746 ego,»
3431 1677 3614 1747 inquit,
3641 1695 3658 1726 ε
3683 1676 3871 1730 Nabu-

2295 1770 2628 1825 chodonosor
2656 1773 2836 1825 oculos
2854 1785 2998 1825 meos
3019 1772 3068 1823 in
3093 1770 3278 1824 caelum
3302 1769 3545 1833 lcvavi,et
3567 1782 3710 1820 mens
3738 1781 3868 1820 mea

2297 1876 2504 1914 reversa
2518 1872 2598 1916 est
2615 1861 2679 1915 ad
2704 1877 2808 1924 me,
2831 1871 2881 1916 et
2897 1859 3223 1914 Altissimum
3249 1860 3512 1924 benedixi,
3529 1868 3582 1913 et
3598 1859 3870 1912 viventem

2300 1953 2355 2007 in
2381 1951 2571 2006 sarcula
2604 1951 2830 2016 laudavi,
2859 1959 2913 2005 et
2961 1949 3267 2017 glorificavi,
3308 1950 3427 2017 quia
3481 1957 3712 2018 potestas
3739 1948 3871 2016 ejus

2299 2049 2529 2111 potestas
2550 2049 2766 2106 aeterna,
2781 2051 2833 2095 et
2847 2055 3063 2110 regnum
3083 2039 3195 2108 ejus
3223 2040 3273 2094 in
3299 2040 3683 2109 generationem
3697 2047 3748 2092 et
3761 2053 3872 2106 ge-

2297 2130 2650 2185 nerationem.
2693 2129 2780 2185 52.
2812 2130 2875 2183 Et
2899 2144 3083 2184 omnes
3111 2128 3429 2183 habitatores
3479 2137 3664 2190 terrae,
3704 2127 3869 2195 quasi

2299 2219 2520 2276 nihilum
2547 2220 2773 2289 reputati
2793 2229 2933 2274 sunt.
2959 2219 3186 2288 Etjuxta
3208 2220 3526 2273 voluntatem
3557 2233 3703 2272 suam
3729 2216 3870 2272 facit

2299 2310 2352 2366 in
2375 2311 2568 2365 virtute
2593 2310 2726 2377 caeli,
2750 2317 2803 2365 et
2823 2311 2872 2364 in
2901 2309 3222 2363 habitatione
3241 2318 3425 2364 terras:
3455 2318 3507 2364 et
3536 2323 3637 2363 non
3657 2321 3736 2364 est
3761 2308 3864 2378 qui

2299 2401 2701 2456 resistatmanui
2724 2401 2856 2470 ejus,
2879 2407 2933 2454 et
2955 2400 3094 2454 dicat
3119 2399 3165 2454 ei
3190 2398 3394 2466 :Quare
3424 2398 3631 2453 fecisti?
3666 2416 3681 2449 I
3716 2398 3867 2452 Ocu-

2300 2493 2376 2548 los
2404 2510 2571 2560 meos,
2605 2493 2803 2563 inquit,
2829 2493 2882 2545 in
2931 2492 3105 2546 caelum
3147 2491 3320 2545 levavi.
3359 2491 3468 2546 Hoc
3510 2500 3622 2552 est.
3653 2491 3779 2545 adiit
3809 2500 3874 2548 et

2302 2595 2547 2656 precatus
2567 2593 2646 2641 est
2671 2585 2855 2648 Deum,
2883 2591 2935 2638 ct
2959 2582 3078 2638 inde
3107 2581 3356 2636 auxilium
3376 2583 3629 2652 quaesivit.
3661 2581 3872 2649 Quam—

2303 2691 2460 2745 quam
2482 2684 2685 2744 tempus
2702 2673 3187 2743 completumforet,
3217 2688 3320 2726 non
3347 2671 3640 2727 confidebat
3661 2680 3866 2726 tamen.

2305 2766 2454 2820 Sicut
2479 2767 2616 2820 enim
2651 2766 2700 2819 in
2732 2765 2894 2834 ipsius
2942 2773 3202 2833 potestate
3256 2773 3391 2830 erat,
3424 2772 3478 2817 ut
3528 2778 3630 2816 non
3659 2764 3873 2816 sineret

2309 2871 2395 2910 res
2428 2857 2478 2908 in
2507 2856 2748 2909 effectum
2777 2855 3022 2910 devenire
3055 2873 3066 2909 :
3093 2856 3163 2909 ita
3190 2854 3370 2917 etiam,
3390 2855 3433 2909 si
3459 2863 3692 2923 tempore
3721 2853 3872 2922 quod

2305 2945 2575 2999 deﬁnitum
2607 2945 2774 3000 fuerat
2800 2947 3080 3014 completo,
3111 2946 3432 3001 incorrectus
3453 2946 3745 3005 mansisset.
3770 2946 3863 2998 ni-

2307 3036 2380 3089 hil
2418 3037 2514 3107 ipsi
2543 3037 2817 3104 profuisset
2858 3037 2940 3091 illa
2989 3038 3240 3108 temporis
3284 3036 3537 3091 definitio.
3572 3036 3696 3090 Nam
3727 3051 3861 3089 sen-

2310 3129 2470 3180 tentia
2500 3126 2590 3179 Dei
2641 3141 2742 3180 non
2773 3125 2836 3180 ad
2869 3128 3228 3182 necessitatem
3251 3168 3264 3190 ,
3298 3127 3390 3182 sed
3426 3127 3491 3180 ad
3523 3142 3607 3182 res
3651 3137 3873 3180 nostras

2309 3216 2636 3284 exprimitur.
2668 3214 2740 3270 Ita
2771 3224 2824 3271 et
2849 3216 3050 3282 Daniel,
3079 3217 3318 3286 quamvis
3348 3229 3551 3284 tempus
3593 3216 3872 3285 impletum

2307 3315 2465 3369 esset,
2499 3307 2686 3359 merito
2717 3313 2850 3371 orat,
2904 3321 2967 3360 ne
2997 3306 3282 3360 accedente
3307 3306 3526 3370 malitia,
3548 3305 3716 3357 adhuc
3739 3319 3869 3372 pos-

2306 3409 2388 3448 nze
2435 3411 2497 3450 ac
2537 3397 2758 3464 tempori
2804 3396 3114 3465 adjungatur
3154 3398 3280 3466 quid
3326 3396 3506 3466 (Dan.
3541 3397 3593 3451 9.
3625 3398 3700 3463 ι).
3731 3397 3874 3451 Nam

2309 3487 2446 3540 sicut
2493 3501 2556 3540 ex
2587 3486 2911 3541 humanitate
2943 3487 2990 3540 id
3018 3487 3308 3554 contingit,
3340 3486 3778 3556 quemadmodum
3815 3489 3876 3543 in

2309 3574 2496 3630 Ezekia
2529 3593 2541 3629 :
2571 3577 2638 3628 ita
2678 3575 2802 3630 etin
2832 3577 3097 3644 punitione
3127 3576 3237 3629 fieri
3272 3593 3367 3646 par
3389 3586 3490 3640 est,
3521 3588 3578 3631 ut
3603 3587 3655 3631 et
3695 3578 3745 3630 in
3771 3577 3879 3632 Ju-

2309 3667 2438 3720 daeis
2465 3686 2476 3719 ι
2503 3667 2708 3720 volebat
2729 3681 2821 3721 eos
2853 3667 2989 3721 Deus
3013 3668 3187 3721 statim
3209 3668 3261 3720 in
3291 3666 3624 3721 Palaestinam
3657 3668 3874 3724 redire:

2313 3759 2386 3812 illi
2438 3758 2780 3828 quadraginta
2825 3773 2990 3813 annos
3043 3758 3142 3812 sibi
3195 3757 3348 3824 adjici
3398 3775 3491 3826 per
3537 3759 3877 3828 iniquitatem

2312 3864 2459 3903 suam
2481 3858 2783 3904 meruerunt
2804 3850 2879 3918 (4.
2911 3849 3036 3919 Reg.
3062 3848 3176 3917 20).
3201 3848 3333 3902 Vide
3357 3859 3532 3902 autem
3561 3849 3705 3902 illum
3732 3864 3873 3902 con-

2312 3937 2489 4007 fugere
2517 3938 2579 3992 ad
2611 3939 2790 3992 Deum.
2815 3940 3056 4006 Suspexi,
3081 3939 3268 4009 inquit,
3293 3939 3344 3992 in
3372 3939 3580 4000 ett-lum.
3608 3948 3661 3992 et
3687 3952 3881 3994 rursus

2312 4026 2478 4081 factus
2524 4043 2639 4080 sum
2687 4027 2863 4082 homo.
2919 4027 2984 4080 Et
3012 4032 3171 4098 {arma
3206 4045 3315 4082 mea
3341 4045 3530 4082 reversa
3560 4039 3628 4081 est
3664 4029 3729 4081 ad
3764 4045 3875 4082 me.

2374 4181 2444 4243 (α)
2478 4180 2579 4229 Imo
2595 4189 2783 4242 septem
2805 4184 2932 4230 anni.
2950 4184 3101 4232 Potior
3125 4196 3253 4243 enim
3271 4185 3510 4232 sententia
3525 4181 3732 4243 Josephi,
3747 4189 3878 4231 Ter-

2313 4241 2490 4291 tulliani
2512 4280 2525 4298 ,
2552 4241 2851 4304 Hieronymi,
2877 4246 3054 4292 Severi.
3088 4242 3238 4292 Valde
3273 4245 3416 4292 miror
3445 4242 3508 4290 de
3537 4241 3842 4290 Theodoreti)
3860 4281 3877 4302 ,

2313 4305 2392 4364 qui
2415 4317 2520 4364 cum
2549 4310 2660 4350 Dan.
2684 4303 2735 4360 7,
2755 4303 2830 4360 25,
2865 4312 2914 4351 et
2941 4303 3012 4364 12,
3037 4304 3081 4357 7.
3109 4317 3244 4364 καιροίκ
3265 4342 3277 4360 ,
3301 4316 3478 4364 annos.
3498 4304 3879 4364 interpretetur,

2313 4329 2392 4364 ιμιι
2415 4329 2520 4350 υυιιι
2550 4329 2660 4350 υιιιι-
2691 4329 2730 4360 Ι,
2757 4329 2830 4360 ἐκ),
2865 4329 2914 4351 ει
2944 4329 3012 4360 l6,
3045 4329 3081 4357 ι,
3109 4330 3166 4353 και
3265 4342 3277 4360 ς
3301 4329 3474 4355 unum“
3500 4329 3614 4350 ιιιιει
3628 4329 3668 4364 In
3683 4329 3879 4364 U|C|ur,

2313 4364 2389 4425 hic
2411 4363 2744 4424 Cbrysostomo
2767 4365 2908 4410 lavet.
2949 4363 3002 4410 ln
3037 4329 3481 4425 PseutrbV-‘Epipbanii
3513 4363 3634 4411 libro
3667 4363 3727 4411 de
3752 4371 3880 4412 Pro-

2314 4424 2470 4483 phetis
2495 4436 2506 4469 Σ
2535 4435 2581 4470 τὰ
2604 4435 2692 4470 ἑπτὰ
2714 4435 2788 4481 In,
2810 4433 2834 4472 ἃ
2857 4431 2946 4472 εἶπεν
2968 4435 3062 4484 αὑτῷ
3085 4437 3211 4482 Δανιὴλ
3234 4424 3322 4474 iniri
3344 4436 3505 4485 καιροὺς,
3529 4437 3686 4483 εποίησεν
3708 4438 3882 4485 Ms

2313 4495 2402 4532 ἑπτὰ
2423 4501 2531 4542 μῆνα-ς
2548 4521 2559 4536 .
2581 4490 2743 4542 διόμινος
2766 4499 2842 4545 περὶ
2862 4497 2970 4533 αἰοτοῦ
2992 4498 3074 4546 πρὸς
3108 4498 3246 4546 Κὺριον.
3268 4498 3316 4534 Τὸ
3336 4499 3524 4547 μυστήριον
3545 4503 3613 4534 tam
3633 4497 3719 4534 ἑπτὰ
3741 4505 3884 4547 ιιιρν

2314 4557 2475 4603 ιτιλίσθη
2499 4557 2550 4593 ix’
2577 4557 2693 4601 εἰπὸν,
2716 4556 2773 4594 ὅτι
2792 4558 3076 4602 ἁποιστίστησιν
3099 4557 3187 4595 iuni
3209 4559 3363 4605 μσὶης.
3388 4546 3434 4600 ἐξ
3459 4551 3522 4594 οὖν
3539 4556 3598 4603 In
3622 4562 3678 4599 ul
3699 4557 3735 4599 ιε
3757 4546 3884 4606 βήξας

2312 4615 2498 4655 ἷικίπικτιν
2523 4620 2637 4666 Κυρίῳ
2657 4624 2707 4668 τῷ
2729 4622 2803 4668 ese
2821 4645 2830 4662 ,
2853 4621 2913 4656 καὶ
2933 4617 3177 4668 ιξωμολογιῖτο
3198 4621 3261 4666 τὴν
3283 4619 3448 4656 deum”
3470 4617 3592 4655 uincit.
3615 4620 3673 4656 ul
3694 4619 3781 4666 μτὰ
3809 4624 3886 4668 τήν

2312 4674 2434 4727 detaut
2457 4683 2517 4724 τῆς
2539 4678 2683 4726 inopia;
2707 4680 2828 4721 αὺτοῦ,
2849 4675 3023 4728 inﬁmis
3046 4680 3139 4728 αὐτῷ
3161 4679 3180 4716 ὀ
3203 4681 3289 4725 Θιὸς
3307 4681 3371 4727 τήν
3393 4679 3586 4728 pacticiam
3610 4675 3721 4723 Quae
3741 4680 3887 4717 πιιη-

2314 4728 2560 4776 daciorum
2591 4727 2906 4788 loquacissimi
2941 4727 3182 4788 scriptoris
3219 4730 3365 4776 verba
3399 4741 3459 4776 eo
3491 4727 3694 4789 protuli,
3720 4737 3771 4776 nt
3797 4728 3882 4777 lo-

2315 4802 2441 4845 cum,
2463 4789 2632 4836 Petavii
2652 4789 2826 4849 judicio
2852 4797 3122 4848 corruptum
3143 4826 3155 4846 ,
3184 4789 3507 4836 eniendarem.
3535 4790 3606 4837 sic
3629 4789 3884 4849 interpre-

2315 4856 2438 4897 tatur
2484 4852 2554 4897 vir
2601 4850 2794 4909 ingenio
2839 4857 2889 4909 et
2931 4850 3142 4896 doctrina
3197 4850 3612 4910 praestantissimus
3657 4862 3669 4896 :
3725 4849 3885 4910 Igitur

2314 4917 2488 4971 septem
2511 4910 2639 4965 anni,
2667 4922 2772 4968 qua:
2794 4916 3002 4971 tempora
3025 4916 3198 4971 septem
3220 4923 3250 4958 a
3277 4909 3470 4958 Daniele
3494 4909 3806 4971 vocantnam
3828 4910 3886 4959 in

2315 4969 2507 5016 totidem
2524 4977 2762 5018 menstrua
2783 4969 2934 5030 spatia
2957 4969 3342 5017 contraherentur
3357 5003 3371 5026 ,
3397 4970 3614 5030 precibus
3636 4971 3733 5020 suis
3754 4971 3886 5019 obti-

2315 5030 2430 5076 nuit.
2473 5035 2651 5092 Septem
2672 5029 3086 5092 ergo’temporum
3116 5031 3392 5092 mysterium
3413 5029 3463 5079 in
3486 5029 3567 5079 illo
3588 5031 3884 5092 completum

2314 5096 2400 5147 est,
2425 5089 2549 5148 quod
2572 5089 2803 5137 mediator
2826 5098 3002 5147 septem
3039 5089 3255 5140 restituit.
3285 5099 3356 5140 Ita
3376 5104 3462 5140 sea:
3485 5104 3628 5139 mutos
3652 5089 3883 5139 totidem-

2315 5162 2405 5216 que
2441 5161 2620 5216 menses
2661 5158 2757 5198 Deo
2782 5150 3101 5216 supplicans,
3141 5152 3293 5216 scelus
3327 5166 3467 5202 suum
3507 5153 3742 5216 confessus
3777 5159 3880 5204 est.

2322 5209 2499 5256 Deinde
2522 5221 2739 5274 concesso
2758 5209 3072 5274 detictivenia
3092 5246 3105 5270 ,
3142 5211 3191 5260 in
3229 5226 3426 5274 regnum
3446 5227 3478 5262 a
3502 5209 3603 5260 Deo
3626 5211 3884 5264 restitutus

2315 5277 2398 5317 est.
2426 5275 2518 5327 Ego
2543 5269 2636 5329 legi
2660 5271 2843 5320 debere
2868 5269 3320 5332 arbitror,dxomta¥q
3345 5287 3378 5323 ιν
3397 5286 3484 5323 tua
3505 5287 3614 5332 μησίε
3638 5279 3687 5319 et
3704 5281 3883 5332 postea

2316 5342 2351 5383 εξ
2383 5341 2442 5386 tm
2475 5345 2531 5379 nl
2559 5343 2660 5379 πίνει
2696 5349 2814 5390 μῆνας.
2854 5333 3205 5382 Correctionem
3241 5335 3481 5383 conﬁrmat
3520 5333 3784 5381 οοτουιευε
3829 5337 3884 5385 iu

2315 5391 2522 5458 Sy_noisi.
2568 5392 2734 5458 Daniel
2771 5393 2941 5458 igitur,
2985 5396 3165 5454 inquit,
3203 5397 3440 5455 precando
3478 5395 3540 5442 ad
3581 5391 3884 5446 Altissimm

2317 5453 2494 5512 effecit,
2533 5457 2583 5499 ut
2615 5453 2805 5519 septeni
2828 5455 2939 5502 anni
2979 5453 3091 5516 quos
3127 5453 3302 5516 septem
3343 5464 3552 5519 tempora
3591 5463 3880 5514 vocaverat,

2317 5519 2604 5578 mutarentur
2627 5516 2674 5561 in
2697 5520 2871 5573 septem
2895 5529 3098 5568 menses.
3124 5522 3167 5563 et
3197 5516 3469 5578 mysterium
3490 5521 3664 5578 septem
3689 5522 3884 5576 tempo-

2317 5573 2494 5640 rttniin
2509 5573 2591 5640 illo
2607 5584 3024 5640 cormunurtarctur.
3044 5573 3443 5640 septemnamque
3467 5573 3696 5622 mensium
3721 5573 3886 5636 spatio

2318 5633 2404 5700 sibi
2427 5633 2517 5690 ipsi
2540 5635 2804 5691 restitutus.
2829 5649 2914 5700 sex
2937 5649 3080 5684 annos
3101 5633 3182 5696 'qni
3206 5633 3596 5700 desiderabantur
3620 5642 3663 5684 et
3689 5633 3884 5689 menses

2319 5695 2520 5755 quinque
2533 5707 2699 5762 coram
2723 5695 2914 5745 Domino
2933 5703 3194 5762 prostratus
3217 5699 3302 5758 fuit
3322 5731 3335 5756 ,
3361 5695 3646 5757 impietatem
3674 5711 3815 5747 suam
3842 5709 3894 5753 et

2322 5766 2501 5803 onmem
2525 5756 2812 5816 iniquitatem
2835 5757 3086 5818 confessus,
3108 5765 3199 5806 etc.
