4112 6496
255 403 358 459 221

253 505 704 573 Quemadmodum
755 504 918 560 forma
945 505 1081 558 illius
1109 502 1325 556 multum
1356 501 1566 570 quidem
1593 500 1658 553 ab
1705 498 1803 552 huc

250 611 410 650 mana
441 606 556 652 erat
582 607 814 660 mutata;
844 612 946 649 non
979 605 1149 648 tamen
1199 595 1248 646 iu
1280 593 1499 646 bestiam
1527 604 1812 644 conversus

251 687 422 742 fuerat
453 707 467 742 :
498 689 566 741 ita
598 699 649 741 et
675 704 823 742 mens
845 688 1000 741 illius.
1037 687 1098 739 Et
1123 684 1284 755 quid?
1315 683 1544 738 Laudavi
1569 692 1622 737 et
1648 683 1810 752 glori-

255 775 428 832 licavi.
464 778 735 845 Quodnam
768 774 1056 831 indicium?
1086 775 1416 834 Altissimum,
1452 773 1640 841 inquit,
1665 773 1810 824 bene-

255 870 382 934 dixi,
415 878 465 922 et
489 871 723 922 uiuentem
747 869 797 921 in
816 868 999 921 sarcula
1025 867 1243 931 laudavi,
1267 882 1324 917 ac
1345 863 1642 933 gloriﬁcari.
1673 863 1810 918 Nihil

250 959 392 1014 enim
442 959 513 1013 ita
573 959 786 1028 dignum
839 959 946 1012 Deo
1003 972 1120 1012 esse
1163 967 1392 1025 putatur,
1444 966 1501 1010 ut
1553 964 1810 1024 perpetuo

249 1050 529 1103 exsistere.
559 1047 690 1115 Quia
724 1056 938 1118 potestas
966 1047 1094 1115 ejus,
1128 1045 1313 1116 inquit,
1343 1056 1559 1113 potestas
1601 1055 1808 1109 (eterna,

249 1149 296 1193 et
333 1157 546 1210 regnum
569 1141 676 1211 ejus
701 1141 751 1193 in
785 1140 1147 1210 generationem
1185 1146 1230 1191 et
1259 1137 1648 1206 generationem.
1671 1136 1811 1203 Quo.

249 1229 388 1283 niam
418 1230 473 1282 in
496 1243 562 1284 eo
584 1228 910 1298 potissimum
954 1227 1111 1282 homo
1138 1227 1204 1281 ab
1230 1226 1322 1280 illo
1350 1227 1684 1295 distinguitur
1716 1245 1729 1280 :
1759 1235 1811 1280 et

248 1318 348 1372 hoc
389 1327 510 1373 erat
535 1319 672 1387 quod
719 1317 857 1386 apud
909 1317 1148 1371 homines
1201 1315 1412 1370 beatum
1488 1316 1803 1371 habebatur.

253 1408 384 1474 Quia
430 1416 644 1476 potestas
673 1409 801 1476 ejus,
849 1407 1032 1476 inquit,
1064 1414 1278 1477 potestas
1313 1416 1520 1469 aeterna,
1573 1408 1624 1459 in
1653 1421 1810 1461 omne

259 1511 467 1568 tempus
491 1499 713 1554 exsistit.
745 1498 870 1553 Sine
895 1497 1032 1562 cibo,
1056 1498 1148 1560 ait,
1177 1511 1262 1551 me
1291 1497 1508 1550 nutrivit
1535 1514 1548 1551 :
1575 1497 1690 1550 sine
1720 1511 1809 1551 ve-

255 1591 542 1656 stimentis,
573 1590 687 1644 sine
729 1590 844 1642 aliis
872 1588 1118 1642 omnibus
1161 1586 1321 1642 rebus
1365 1595 1670 1656 corruptum
1705 1601 1809 1641 non

249 1692 327 1736 est
351 1697 532 1736 meum
560 1694 769 1750 corpus.
798 1679 979 1748 Cogita
1008 1676 1176 1747 qualis
1201 1685 1349 1742 erat,
1379 1677 1503 1730 dum
1525 1691 1554 1730 a
1597 1677 1810 1731 deserto

244 1772 307 1827 ad
335 1787 557 1843 regnum
582 1770 753 1826 rediit.
780 1770 865 1824 33.
904 1787 922 1819 ι
953 1768 1029 1822 Eo
1053 1767 1214 1830 enim,
1255 1786 1273 1818 ι
1307 1767 1492 1836 inquit,
1515 1783 1533 1817 ‹
1572 1775 1810 1835 tempore

251 1879 400 1919 mens
445 1878 563 1918 mea
601 1877 808 1918 reversa
855 1869 936 1916 est
964 1879 975 1914 :
1001 1868 1053 1912 et
1105 1858 1170 1912 ad
1210 1861 1468 1913 honorem
1520 1858 1666 1928 regni
1705 1859 1808 1911 mei

249 1953 365 2007 veni
400 1971 414 2007 :
443 1963 500 2007 et
525 1953 690 2007 forma
717 1966 831 2006 mea
857 1950 1011 2004 rediit
1034 1948 1100 2002 ad
1133 1965 1217 2002 me
1245 1967 1257 2002 :
1282 1959 1334 2002 et
1361 1948 1566 2019 tyranni
1601 1948 1737 2011 mei,
1757 1955 1811 2001 et

251 2044 536 2112 optimates
561 2044 664 2098 mei
691 2042 1014 2112 quaesierunt
1042 2056 1126 2094 me
1155 2059 1166 2093 :
1197 2049 1249 2093 et
1275 2041 1325 2092 in
1375 2054 1593 2106 regnum
1633 2053 1806 2093 meum

255 2133 597 2188 confirmatus
638 2141 868 2186 sumzet
911 2130 1213 2199 magnitudo
1239 2129 1461 2197 amplior
1503 2127 1676 2182 addita
1730 2137 1810 2181 est

253 2225 398 2279 mihi.
433 2243 454 2277 ι
494 2224 557 2277 Et
587 2224 889 2293 quaesierunt
909 2238 1003 2283 nte,
1033 2221 1232 2290 inquit,
1265 2220 1526 2285 aptimates
1556 2220 1690 2282 mei;
1721 2220 1808 2287 qui

245 2315 606 2369 dominantem
654 2328 716 2367 ac
761 2321 1063 2382 regnantem
1114 2309 1422 2379 expulerant
1463 2318 1520 2364 et
1567 2308 1805 2363 oderant.

249 2406 405 2476 quue
433 2420 499 2460 ex
527 2405 738 2459 decreto
766 2403 876 2458 Dei.
908 2401 1029 2455 ideo
1053 2401 1190 2455 enim
1220 2409 1426 2469 tempus
1451 2398 1717 2460 definitur,
1743 2414 1809 2453 ne

247 2496 517 2550 existimes
533 2494 814 2565 quidquam
840 2493 1058 2547 fortuito
1079 2492 1340 2547 evenisse.
1371 2491 1439 2544 Et
1448 2508 1652 2562 regnum
1675 2490 1809 2543 illius

249 2587 297 2639 iu
338 2587 712 2656 generationem
755 2593 801 2638 et
829 2585 1192 2653 generationem
1228 2597 1245 2635 :
1276 2592 1319 2634 et
1345 2596 1512 2634 omnes
1557 2590 1702 2663 teri-te
1733 2585 1808 2631 in-

247 2676 384 2736 colae,
416 2675 564 2743 quasi
615 2673 826 2726 nihilum
865 2673 1078 2742 reputati
1117 2681 1252 2724 sunt.
1296 2670 1426 2724 Nam
1471 2670 1515 2724 si
1570 2684 1668 2738 ego
1719 2669 1806 2736 qui

248 2764 490 2818 omnibus
521 2762 840 2832 imperabam
867 2802 881 2823 ,
910 2762 1056 2832 quasi
1098 2761 1313 2815 nihilum
1368 2767 1640 2828 reputatus
1667 2773 1806 2823 sum,

249 2854 408 2907 multo
438 2853 606 2922 magis
638 2851 842 2921 reliqui.
873 2851 1086 2906 Scilicet
1131 2851 1218 2920 qui
1266 2849 1398 2904 adeo
1426 2859 1694 2918 potentem
1741 2849 1808 2904 de

250 2958 409 3012 regno
451 2943 663 3011 dejecit,
698 2943 875 2996 multo
914 2943 1080 3012 magis
1125 2941 1409 3011 subjectos.
1441 2940 1503 2994 Et
1533 2940 1806 2994 secundum

248 3033 552 3086 voluntatem
577 3049 718 3086 suam
745 3034 864 3103 facit
891 3033 942 3085 in
974 3034 1148 3086 virtute
1173 3033 1306 3097 ca‘li,
1339 3042 1383 3085 et
1408 3033 1459 3086 in
1501 3033 1801 3085 habitatione

258 3133 416 3178 teme.
447 3123 606 3187 Illud,
649 3124 803 3187 Quasi
849 3123 1058 3176 nihilum
1104 3123 1321 3191 reputati
1368 3133 1504 3186 sunt,
1535 3139 1638 3176 non
1667 3123 1804 3191 quod

251 3223 556 3269 contemnat
584 3214 720 3278 illos,
748 3213 902 3274 absit,
926 3213 1017 3266 sed
1043 3213 1161 3280 quia
1192 3221 1376 3280 potens
1405 3221 1504 3276 est,
1535 3221 1586 3265 et
1616 3227 1802 3280 quem-

248 3306 526 3361 admodum
557 3307 685 3369 vult,
727 3306 843 3358 illos
864 3306 988 3374 agit.
1036 3304 1143 3358 Hoc
1174 3304 1327 3373 igitur
1373 3303 1642 3372 sequentia
1677 3319 1806 3372 quo-

246 3412 343 3463 que
371 3397 644 3450 declarant
675 3414 687 3448 :
718 3394 783 3446 Et
812 3394 1082 3447 secundum
1109 3395 1409 3446 voluntatem
1434 3410 1574 3445 suam
1607 3393 1726 3460 facit
1752 3394 1803 3446 in

247 3489 418 3542 virtute
440 3488 573 3550 caeli,
593 3495 635 3540 et
656 3487 708 3539 in
730 3486 1032 3538 habitatione
1055 3494 1216 3537 terra'.
1240 3483 1366 3536 Esto
1393 3497 1540 3547 sane,
1569 3482 1634 3537 de
1666 3491 1802 3536 terra

249 3580 378 3632 nosti
411 3595 426 3632 :
456 3588 512 3631 at
543 3578 608 3631 de
635 3577 783 3637 cat-lo,
811 3575 948 3629 unde
973 3575 1115 3628 scis?
1138 3575 1178 3628 A
1209 3575 1433 3628 somnio.
1461 3573 1640 3626 Jussit.
1662 3572 1801 3640 Quo-

247 3667 396 3720 modo
445 3666 795 3720 obedierunt?
839 3664 915 3717 Ex
954 3664 1071 3732 igne
1103 3661 1349 3715 fornacis.
1397 3661 1463 3714 Et
1493 3679 1590 3714 non
1619 3672 1687 3714 est
1717 3664 1802 3732 qui

245 3757 432 3808 resistat
462 3755 639 3808 manui
684 3755 812 3823 ejus,
845 3763 890 3805 et
917 3754 1048 3804 dicat
1099 3753 1141 3804 ei
1175 3768 1191 3803 :
1224 3751 1388 3815 Quare
1433 3753 1589 3820 fecisti
1609 3753 1632 3804 ?
1680 3752 1792 3806 Non

247 3853 440 3898 tantum
466 3885 480 3909 ,
513 3843 718 3911 inquit,
751 3856 852 3894 non
907 3840 1268 3894 adversabitur
1314 3857 1326 3891 :
1360 3840 1452 3894 sed
1485 3856 1582 3895 nec
1630 3841 1801 3894 verbis

246 3941 389 3988 tenus
414 3931 780 4001 interrogabit.
814 3931 1073 3984 Omnibus
1103 3930 1192 3984 ille
1216 3930 1456 3998 imperat,
1489 3932 1663 3986 omnia
1689 3932 1799 4000 ipse

242 4033 334 4075 cst.
365 4021 442 4076 Eo
461 4064 474 4086 ,
517 4022 718 4088 inquit,
747 4031 966 4089 tempore
991 4035 1128 4073 mens
1157 4036 1265 4072 utea
1295 4037 1488 4073 reversa
1515 4030 1584 4073 est
1609 4021 1674 4071 ad
1702 4037 1796 4073 me.

245 4113 313 4166 lio
346 4114 534 4182 :quo?
565 4111 678 4180 Quo
708 4112 843 4165 Deus
866 4111 1093 4164 dixerat.
1128 4110 1278 4165 Unde
1319 4111 1462 4164 illum
1512 4121 1566 4165 et
1615 4112 1664 4162 in
1711 4126 1795 4165 re-

240 4216 387 4268 gnum
419 4202 790 4256 reduxerunt?
839 4201 926 4268 qui
958 4201 1098 4254 enim
1127 4199 1259 4252 adeo
1291 4209 1554 4266 potentem
1585 4199 1796 4266 dejece-

239 4303 346 4345 mut
370 4332 383 4354 ,
425 4291 699 4362 quomodo
733 4290 996 4345 infirmum
1051 4291 1240 4343 factum
1296 4291 1650 4343 revocarunt?
1684 4309 1699 4340 (
1733 4291 1796 4343 Et

236 4381 295 4434 ad
325 4381 590 4436 honorem
618 4382 762 4452 regni
795 4382 896 4434 mei
925 4380 1042 4434 veni
1079 4398 1090 4433 :
1123 4389 1176 4433 et
1205 4379 1374 4434 forma
1404 4395 1518 4433 mea
1545 4381 1696 4434 rediit
1728 4381 1792 4434 ad

237 4485 350 4526 me:
380 4482 434 4528 et
463 4472 676 4544 tyranni
706 4471 804 4525 mei
827 4481 879 4526 et
909 4471 1189 4538 eptimates
1214 4471 1311 4523 mei
1343 4472 1650 4539 qttznt'ebant
1669 4487 1751 4525 me
1777 4487 1790 4524 :

234 4574 280 4617 et
301 4564 347 4617 in
387 4579 562 4634 regno
592 4577 709 4616 meo
732 4562 1068 4616 continuatus
1089 4577 1226 4624 sum,
1255 4571 1307 4616 et
1346 4564 1649 4633 magnitudo
1675 4580 1790 4618 am-

235 4655 357 4721 plior
380 4655 566 4710 addita
611 4664 692 4707 est
720 4653 867 4706 mihi.
916 4673 934 4704 ι
976 4653 1132 4707 Vides
1163 4662 1216 4706 ut
1245 4655 1380 4707 Deus
1412 4666 1462 4708 et
1487 4665 1716 4710 statuere
1741 4666 1793 4709 et

231 4753 458 4798 evertere
483 4743 658 4812 possit
685 4744 943 4811 regnem?
975 4743 1260 4810 Oportebat
1285 4745 1540 4812 siquidem
1567 4745 1677 4798 hzec
1699 4761 1790 4814 per

229 4850 304 4902 ea,
329 4852 446 4906 quae
498 4843 662 4890 antea
702 4834 1050 4903 contigerant,
1083 4835 1352 4903 explorata
1406 4836 1599 4890 habere
1632 4855 1644 4890 :
1695 4839 1788 4890 sed

228 4928 462 4995 quoniam
497 4936 562 4981 tu
587 4925 829 4995 ignorasti
861 4940 943 4989 ea,
974 4941 1191 4993 regnum
1226 4927 1471 4981 Dominus
1493 4929 1700 4992 evertit,
1735 4939 1786 4983 et

230 5014 344 5073 illud
370 5017 570 5072 iterum
596 5015 789 5068 erexit.
840 5016 924 5070 34.
958 5033 975 5066 ς
1008 5015 1152 5069 Nunc
1202 5016 1356 5084 igitur
1382 5033 1477 5086 ego
1508 5017 1788 5072 Nabucho-

229 5106 447 5163 donosor
476 5106 640 5162 laudo
661 5115 715 5159 et
736 5106 909 5159 exalto
930 5117 980 5160 et
1007 5106 1242 5175 gloriﬁco
1276 5105 1471 5175 Regem
1499 5110 1634 5171 cmli,
1666 5111 1785 5178 quia

225 5198 384 5252 omnia
424 5212 596 5268 opera
649 5196 785 5249 illius
813 5211 953 5259 vera,
996 5205 1047 5247 et
1076 5196 1276 5248 semine
1314 5196 1425 5264 ejus
1465 5197 1680 5264 judicia,
1734 5209 1786 5251 et

223 5296 394 5342 omnes
421 5285 737 5343 incedentes
764 5286 813 5338 iu
836 5284 1075 5352 superbia
1107 5293 1277 5352 potest
1301 5284 1595 5338 humiliore.
1630 5306 1646 5337 ι
1672 5287 1780 5340 Dici

225 5381 426 5446 nequit,
458 5395 585 5435 eum
643 5385 952 5445 potestatem
997 5376 1205 5443 quidem
1253 5377 1470 5442 habere,
1520 5376 1611 5430 sed
1645 5378 1780 5446 inju-

225 5477 347 5524 stam
379 5489 392 5524 :
424 5471 569 5524 illius
599 5469 793 5538 quippe
822 5481 1006 5534 magna
1032 5475 1111 5519 est
1134 5466 1354 5533 justitia.
1387 5467 1450 5519 Et
1477 5484 1666 5531 omnes,
1698 5469 1781 5534 qui

223 5560 510 5626 gradiuntur
534 5561 588 5612 in
640 5555 902 5621 superbia,
949 5564 1108 5623 potest
1137 5555 1420 5610 Inouiliare.
1475 5556 1588 5609 Non
1626 5555 1774 5622 dixit,

227 5647 478 5714 ilumiliat,
511 5658 568 5702 ut
597 5643 695 5700 tibi
741 5647 875 5700 illius
904 5647 1060 5701 etiam
1113 5649 1556 5714 aequanimitatem
1602 5659 1778 5703 osten—

225 5740 375 5810 deret,
409 5754 461 5803 ct
482 5753 538 5798 ut
569 5740 918 5812 intelligercs,
945 5738 1084 5810 quod
1113 5754 1215 5794 non
1247 5755 1310 5795 cx
1337 5741 1656 5811 infirmitate,
1677 5745 1770 5798 sed

1619 388 1680 444 ΙΝ
1725 384 2078 444 DANIELEM.

3383 415 3497 473 222

1923 496 2061 565 quod
2087 513 2178 565 per
2205 515 2364 554 unum
2398 502 2529 557 alios
2557 505 2823 560 emendat.
2860 507 3016 563 \‘idcs
3044 511 3332 578 potentiam
3361 514 3384 566 ?
3412 515 3490 569 vis

1922 588 2018 641 des
2063 589 2356 656 justitiam?
2387 595 2534 649 vides
2580 612 2703 665 erga
2756 598 2996 655 homines
3045 608 3515 663 amorem?viiles.

1920 679 2033 734 haec
2053 681 2118 735 ab
2147 697 2239 737 ore
2266 684 2488 739 barbaro
2519 692 2883 755 pronuntiari?
2913 693 3164 762 Quisnam
3198 697 3268 752 ita
3312 700 3482 767 philo-

1919 769 2171 837 saphatus
2201 774 2320 826 est?
2341 774 2438 840 Qui
2464 779 2733 845 prophetis
2765 793 2913 834 erant
2943 786 3177 840 innutriti
3204 829 3216 849 ,
3250 789 3378 844 nihil
3406 792 3483 845 si-

1921 862 2044 915 mile
2075 863 2447 932 loquebantur,
2497 869 2594 923 sed
2628 876 2891 927 contraria
2921 878 3148 944 penitus.
3184 879 3302 934 Non
3330 883 3483 952 faciet

1918 951 2038 1006 bene
2067 954 2332 1020 Dominus,
2357 960 2523 1024 aiunt,
2550 971 2720 1015 etnon
2741 967 2890 1032 faciet
2915 970 3044 1022 male
3070 970 3257 1040 (Soph.
3284 951 3336 1028 l.
3365 974 3476 1043 12).

1917 1043 1981 1096 Et
2008 1046 2195 1098 ilerutn
2222 1065 2234 1099 :
2262 1048 2314 1100 Ν
2318 1067 2446 1103 onne
2461 1052 2509 1102 in
2522 1053 2814 1121 fortitudine
2838 1069 3007 1112 nostra
3019 1061 3278 1118 habuimus
3295 1081 3483 1120 cornua

1920 1136 1936 1199 (
1964 1135 2112 1189 Amos
2141 1137 2192 1190 6.
2219 1140 2282 1192 li
2306 1139 2369 1208 )‘l
2396 1140 2463 1193 Et
2494 1160 2506 1195 :
2538 1141 2712 1198 Omnis
2727 1147 2811 1214 qui
2830 1147 2948 1213 facit
2977 1150 3180 1215 malum,
3209 1153 3390 1207 bonum
3407 1165 3483 1212 est

1917 1228 1968 1280 in
1993 1242 2258 1299 conspectu
2289 1231 2509 1300 Domini,
2540 1246 2586 1289 et
2609 1237 2661 1289 in
2676 1239 3064 1309 hiscomplacait
3083 1245 3129 1296 ei
3141 1244 3386 1311 (Malae/1.
3417 1248 3476 1301 ‘2.

1917 1320 2027 1389 l7).
2051 1322 2111 1374 lit
2136 1339 2150 1376 :
2181 1323 2328 1388 Quod
2339 1326 2718 1382 emolumentum
2738 1370 2754 1393 ,
2782 1331 2900 1400 quia
2927 1333 3183 1387 serviimus
3211 1334 3289 1390 illi
3315 1336 3477 1406 (ibid.

1916 1411 1968 1464 3.
2002 1411 2132 1481 ΗΠ
2159 1413 2322 1469 Vides
2373 1416 2426 1470 in
2473 1417 2753 1475 Palaestina
2802 1422 3047 1492 dogmata
3086 1428 3318 1482 satanica
3344 1429 3367 1482 ?
3393 1430 3475 1483 vi.

1915 1499 2009 1554 des
2049 1501 2101 1554 in
2150 1503 2427 1559 barbarico
2465 1506 2582 1561 solo
2624 1509 3009 1580 philosonhiam
3064 1516 3422 1585 propheticam
3454 1520 3478 1572 1'

1917 1591 2040 1646 llazc
2063 1593 2241 1661 figura
2261 1605 2385 1650 sunt
2402 1599 2585 1665 gratiae
2613 1602 2750 1669 apud
2789 1614 2977 1672 gentes
3001 1607 3187 1662 futura:
3212 1627 3226 1673 ;
3258 1619 3310 1665 et
3338 1611 3480 1679 quod

1913 1683 2138 1750 gentiles
2165 1685 2394 1742 debeant
2420 1700 2753 1746 antevenere
2776 1694 2988 1750 Judzeos
3014 1737 3028 1759 ,
3058 1714 3118 1752 ac
3146 1701 3476 1767 prmsultare.

1917 1772 2102 1827 Postea
2134 1774 2374 1832 Baltasar
2401 1779 2503 1848 (α),
2549 1797 2668 1836 cum
2722 1784 2772 1837 in
2801 1785 2889 1837 illo
2919 1788 3161 1842 convivio
3191 1791 3368 1849 ebrius
3396 1807 3478 1847 es-

1916 1874 2017 1927 si-t,
2045 1863 2196 1931 jubet
2226 1883 2349 1920 vasa
2378 1869 2528 1924 educi
2563 1891 2574 1924 :
2606 1875 2752 1941 quasi
2794 1875 2849 1930 in
2889 1877 3108 1933 victoria
3160 1882 3320 1947 patris
3365 1883 3480 1950 glo-

1916 1950 2077 2018 rians,
2110 1957 2276 2024 magis
2302 1973 2427 2012 vero
2448 1962 2742 2028 petulanter
2771 1965 3024 2022 inSultans
3050 1990 3061 2023 :
3091 1985 3205 2036 seu,
3231 1973 3476 2040 quoniam

1913 2043 2148 2097 convivae
2173 2061 2357 2101 eorum
2386 2065 2503 2118 qua:
2532 2055 2860 2123 contigerant
2889 2057 3096 2113 fuerant
3121 2071 3476 2131 spectatores;

1913 2141 1969 2184 ut
1993 2133 2204 2189 tolleret
2228 2151 2343 2190 eam
2371 2153 2527 2207 quam
2548 2142 2613 2195 de
2633 2143 2738 2198 Deo
2771 2146 3030 2204 habebant
3054 2151 3477 2212 admirationem.

1915 2222 1980 2275 Et
2011 2222 2112 2277 hoc
2135 2239 2200 2279 ex
2227 2229 2468 2295 superbia
2496 2242 2550 2284 et
2579 2232 2836 2290 ebrietate
2861 2236 3146 2297 faciebant.
3187 2243 3479 2298 Caveamns

1915 2313 2290 2380 temulentiam,
2347 2318 2542 2377 dilecti.
2595 2322 2751 2377 Multa
2807 2327 2946 2380 enim
2995 2330 3220 2385 absurda
3270 2333 3335 2385 ah
3376 2335 3475 2387 hae

1914 2403 2063 2459 tiunt.
2088 2405 2191 2460 Sed
2213 2417 2267 2461 et
2290 2423 2508 2480 magnos
2529 2414 2666 2468 viros
2695 2429 2905 2486 superat
2937 2421 3186 2476 ebrietas.
3221 2424 3348 2476 Nam
3375 2426 3472 2480 iste

1912 2507 2029 2546 cum
2062 2495 2237 2548 viuum
2255 2508 2538 2566 gustasset,
2571 2518 2693 2557 vasa
2736 2506 2912 2561 efferri
2938 2509 3112 2576 jussit.
3145 2513 3344 2578 Quibus
3386 2530 3477 2582 pe-

1918 2596 2157 2654 percerat
2179 2590 2509 2657 paterillius,
2530 2596 2616 2662 qui
2641 2611 2702 2649 ea
2730 2613 2760 2651 e
2791 2601 2986 2668 templo
3025 2603 3424 2673 deprompserat
3460 2627 3473 2660 :

1916 2685 1969 2727 et
1999 2675 2041 2727 is
2061 2690 2181 2730 cum
2205 2679 2433 2747 cepisset
2453 2682 2860 2754 Jerosolymam,
2892 2705 2994 2742 non
3021 2706 3180 2746 ausus
3206 2704 3286 2750 est
3314 2695 3362 2747 in
3391 2696 3478 2750 lm-

1912 2782 2124 2820 manmn
2161 2771 2509 2826 ministerium
2554 2775 2639 2829 illa
2663 2777 2958 2846 deducere;
2988 2787 3086 2838 iste
3134 2801 3235 2839 non
3265 2788 3361 2841 sibi
3386 2803 3474 2842 so-

1913 2857 2199 2923 lummodo,
2247 2863 2339 2916 sed
2369 2875 2422 2918 et
2459 2869 2806 2934 optimatibus
2861 2872 2973 2928 suis
3020 2884 3071 2928 et
3104 2878 3383 2944 pollicibus
3423 2892 3479 2939 et

1910 2951 2219 3005 concubinis
2247 2953 2297 3006 in
2330 2969 2478 3009 usum
2522 2958 2752 3015 tradidit.

2533 3092 2755 3149 CAPUT
2810 3095 2871 3152 V.

1981 3223 2031 3277 1.
2079 3241 2096 3273 ε
2137 3224 2375 3280 Baltasar
2405 3244 2494 3282 rex
2521 3230 2643 3286 fecit
2672 3233 2973 3289 convivium
3005 3238 3202 3304 grande
3244 3241 3476 3309 optima-

1909 3312 2048 3366 tibus
2078 3317 2187 3370 suis
2209 3318 2352 3373 mille
2388 3339 2398 3373 :
2430 3329 2482 3374 et
2522 3336 2553 3376 e
2590 3324 2805 3393 regione
2833 3327 3066 3395 ipsorum
3118 3331 3262 3386 mille
3298 3333 3476 3389 vimtm

1908 3412 2038 3458 erat.
2071 3405 2124 3459 2.
2160 3407 2353 3462 Bihens
2376 3410 2616 3466 Baltasar
2637 3429 2727 3468 rex
2753 3419 3002 3485 prtecepit
3034 3417 3084 3471 iu
3127 3431 3282 3488 gustu
3322 3425 3424 3476 vini
3453 3467 3469 3489 ,

1907 3506 1967 3550 ut
1991 3499 2245 3554 afferrent
2273 3518 2397 3556 vasa
2430 3519 2588 3560 aurea
2629 3516 2682 3561 et
2706 3520 2951 3577 argentea
2975 3551 2988 3570 ,
3014 3528 3130 3580 quae
3156 3526 3469 3585 aSportave-

1906 3599 1985 3642 rat
2007 3589 2491 3648 Nabuchodonosor
2521 3607 2668 3664 pater
2692 3600 2807 3666 ejus
2834 3601 2900 3654 de
2953 3603 3166 3671 templo,
3225 3605 3363 3674 quod
3416 3607 3471 3663 in

1904 3678 2360 3750 .lerosolymis:et
2386 3684 2627 3740 biberent
2678 3689 2727 3741 iu
2767 3689 2870 3744 illis
2918 3707 3009 3746 rex
3048 3734 3062 3755 ,
3094 3704 3146 3748 et
3193 3697 3476 3762 optimates

1901 3768 2040 3834 ejus,
2067 3780 2119 3822 et
2145 3772 2426 3826 concubini
2466 3776 2601 3844 ejus,
2647 3786 2701 3831 et
2727 3779 2944 3847 pellices
2972 3782 3108 3850 ejus.
3144 3785 3196 3839 3.
3218 3785 3282 3838 Et
3311 3788 3471 3841 allata

1904 3869 2027 3913 sunt
2056 3875 2178 3914 vasa
2211 3874 2461 3932 argentea
2505 3877 2558 3921 et
2587 3882 2767 3934 aurea,
2811 3886 2929 3939 quae
2969 3885 3331 3942 asportaverat
3368 3877 3469 3931 Na-

1904 3948 2312 4007 buchodonosor
2351 3969 2415 4009 ex
2451 3958 2646 4026 templo
2676 3959 2790 4024 Dei,
2822 3961 2960 4028 quod
2990 3963 3040 4016 iu
3080 3964 3425 4037 Jerosolymis
3454 3987 3468 4021 :

1902 4052 1954 4095 et
1981 4043 2227 4099 bibebant
2252 4046 2302 4099 iu
2325 4047 2403 4100 eis
2429 4063 2544 4113 rex,
2577 4057 2630 4103 et
2654 4052 2934 4119 Optimatcs
2952 4054 3087 4122 ejus,
3112 4065 3165 4110 et
3190 4061 3468 4114 concubini

1901 4133 2034 4200 ejus,
2059 4144 2110 4187 et
2141 4135 2354 4212 pellices
2381 4137 2516 4206 ejus.
2541 4139 2594 4193 6.
2625 4139 2691 4193 Εῑ
2720 4142 3186 4212 bibebantvinum,
3210 4158 3263 4202 et
3289 4149 3470 4205 lauda-

1901 4232 2090 4274 veruut
2119 4223 2248 4278 deos
2278 4240 2486 4289 aureos,
2521 4237 2575 4281 et
2622 4240 2923 4299 argenteos,
2957 4243 3009 4288 et
3039 4252 3237 4303 amcos,
3269 4248 3321 4292 et
3367 4239 3470 4293 fer-

1899 4327 2017 4365 reos
2037 4353 2050 4376 ,
2079 4321 2130 4366 et
2151 4314 2372 4384 ligneos,
2401 4326 2454 4371 et
2479 4318 2733 4388 lapideos.
2768 4342 2786 4374 ι
2819 4323 2978 4378 Vides
3005 4342 3126 4381 vasa
3162 4331 3318 4396 capi?
3362 4331 3466 4385 Sed

1897 4403 2015 4456 vide
2040 4419 2222 4458 eorum
2256 4407 2522 4472 virtutem,
2549 4411 2708 4463 etiam
2742 4425 3015 4481 postquam
3043 4426 3192 4484 capta
3223 4429 3344 4472 sunt
3366 4461 3378 4479 ,
3407 4438 3467 4475 at:

1899 4496 2068 4562 posita
2103 4501 2154 4548 in
2208 4496 2466 4550 idolorum
2502 4501 2717 4568 templo.
2752 4503 2876 4558 ESto
2901 4505 3048 4560 deiis
3074 4507 3160 4561 ille
3194 4525 3288 4577 pro
3316 4511 3467 4564 libito

1897 4585 2160 4638 statuerit.
2192 4585 2303 4650 Qua
2342 4587 2406 4641 de
2433 4602 2589 4642 causa
2620 4590 2711 4643 id?
2762 4594 2926 4662 Capta
2978 4607 3099 4650 sunt
3128 4610 3342 4666 prepter
3374 4601 3466 4654 Ju-

1895 4673 2128 4726 dazorum
2158 4687 2370 4742 peccata
2405 4695 2416 4731 :
2448 4678 2518 4731 illi
2555 4694 2736 4748 poenas
2765 4683 3044 4747 dederunt.
3075 4687 3297 4754 Quinam
3342 4690 3463 4746 linis

1895 4768 2052 4821 etiam
2087 4779 2203 4836 post
2228 4773 2475 4825 ostenta?
2501 4789 2606 4842 quo
2653 4784 2808 4843 pacto
2848 4778 2976 4831 nihil
3015 4782 3151 4846 passi
3194 4791 3315 4836 sunt
3361 4784 3466 4838 ma-

1892 4870 2099 4925 guates,
2124 4859 2217 4912 sed
2241 4861 2384 4915 solus
2414 4864 2548 4917 rex?
2571 4865 2702 4929 Quia
2745 4868 2948 4922 scilicet
2972 4871 3060 4924 ille
3085 4871 3336 4940 jusserat,
3376 4874 3463 4928 ille

1892 4949 2096 5002 cancris
2125 4959 2310 5004 auctor
2339 4951 2531 5006 fuerat.
2564 4953 2879 5022 Laudarunt,
2915 4959 3102 5028 inquit,
3134 4963 3250 5014 deos
3285 4980 3462 5017 aureos

1891 5049 1935 5091 et
1961 5049 2235 5108 argenteos.
2267 5041 2442 5107 Quare
2470 5043 2582 5097 haec
2621 5046 2758 5113 apud
2792 5047 2910 5100 illos
2939 5048 3156 5102 deorum
3205 5051 3460 5106 differen-

1891 5132 1958 5184 tia
1995 5131 2145 5184 erat?
2177 5131 2424 5185 Diabolus
2451 5133 2668 5201 cupiens
2696 5135 2812 5188 illos
2842 5136 2984 5189 omni
3031 5139 3182 5192 venia
3206 5142 3414 5208 privare
3439 5184 3456 5210 ,

1888 5237 2028 5292 saepe
2058 5226 2305 5294 prmcepit
2332 5236 2389 5278 ut
2417 5225 2544 5280 deos
2588 5226 2786 5295 ligneos
2835 5229 3099 5295 facerent,
3154 5247 3220 5287 ne
3245 5236 3312 5290 ab
3345 5235 3456 5304 ipsa

1949 5380 2019 5440 (ιι)
2055 5378 2126 5425 Ab
2160 5380 2236 5429 his
2257 5380 2486 5454 vocibus,
2514 5386 2681 5453 Postea
2692 5383 2938 5454 pallasar,
2964 5387 3279 5438 inchoandum
3313 5404 3459 5454 caput

1885 5445 2100 5502 quintum
2121 5451 2349 5515 putarem
2379 5442 2440 5501 (si
2475 5448 2634 5515 tamen
2672 5444 2734 5491 ita
2758 5445 3072 5515 distribuerat
3096 5460 3287 5500 sanctus
3310 5442 3456 5515 (ἶιὶιγ-

1884 5507 2154 5572 sostomusj,
2183 5505 2268 5551 nisi
2296 5516 2403 5562 quae
2428 5509 2698 5572 sequuntur
2720 5506 2778 5553 ad
2803 5507 3105 5572 doxologiam
3131 5514 3280 5571 magis
3310 5505 3457 5572 perfi-

1884 5578 2006 5613 nere
2063 5566 2359 5629 viderentur.
2389 5572 2538 5629 _S_an_e_
2583 5566 2622 5612 is
2667 5580 2692 5613 a
2737 5580 2833 5629 quo
2877 5566 3004 5617 hunc
3050 5566 3454 5627 Commentarium

1883 5629 2166 5685 accepimus,
2188 5625 2299 5672 dtnn
2328 5624 2402 5673 vel
2429 5624 2951 5696 indiligentius'dictata
2974 5633 3186 5692 magistri
3212 5624 3451 5696 excerpit,

1886 5687 1957 5736 vel
1987 5695 2290 5745 perorantem
2307 5689 2506 5756 assequi
2535 5702 2624 5756 non
2650 5689 2808 5749 valet,
2837 5689 2914 5756 vel
2940 5694 2986 5756 in
3011 5687 3256 5756 epitomen
3283 5687 3454 5751 cuncta

1883 5751 2016 5812 tedig
2026 5754 2076 5810 it,
2103 5763 2222 5810 opus
2249 5746 2386 5797 valde
2412 5746 2743 5811 imperfectum
2777 5746 2988 5814 reliquit.
