4112 6486
603 383 716 440 223

607 485 828 541 materia
855 500 1104 554 magnum
1135 494 1404 554 sumptum
1433 485 1483 536 iu
1510 481 1906 537 excusationem
1935 478 2169 535 adduce-

606 588 743 634 rent.
767 576 1034 632 Laudibus
1063 576 1401 632 celebrabant
1417 575 1569 630 deos.
1592 572 1722 628 Vide
1735 573 1898 627 Deum
1919 584 2176 640 nusquam

607 669 860 736 incipere,
890 667 984 721 sed
1013 667 1180 736 sequi.
1219 666 1396 732 Quare
1422 680 1580 734 poena
1609 663 1930 732 subsequuta
1955 671 2038 716 est
2077 675 2176 716 ve-

607 759 819 823 lociter,
850 773 911 813 ac
940 758 1126 814 eadem
1173 757 1350 812 hora?
1379 757 1447 813 Ut
1475 772 1607 826 .qum
1637 771 1703 811 ex
1727 753 1990 825 prioribus
2018 753 2178 807 mirae

609 852 743 905 culis
768 862 884 904 acta
914 851 1123 906 fuerant
1150 865 1254 905 non
1289 851 1729 906 dissolverentur.
1764 849 1898 903 Dum
1943 849 2081 902 Deus
2122 847 2175 901 in

609 943 751 998 vasis
778 942 1007 997 afﬁcitur
1032 942 1370 1008 contumelia,
1397 941 1564 996 voluit
1591 940 1831 996 homines
1857 940 2174 996 contumelia

607 1032 839 1087 allicere.
875 1032 944 1086 Et
989 1031 1110 1086 vide
1155 1032 1282 1100 quid
1317 1033 1425 1085 tiat.
1459 1031 1634 1101 Cupiit
1657 1046 1782 1085 vasa
1814 1048 1827 1084 :
1858 1039 1914 1087 et
1958 1045 2023 1085 eo
2057 1030 2177 1099 ipso

609 1133 851 1192 tempore
871 1121 1077 1191 punitio
1105 1122 1289 1176 adfuit.
1316 1123 1423 1177 Cur
1449 1136 1553 1176 non
1582 1121 1809 1175 mittitur
1835 1119 2093 1190 propheta
2116 1120 2182 1173 il-

611 1212 720 1267 lum
753 1211 1198 1281 reprehensurus,
1247 1211 1342 1266 sed
1366 1211 1621 1266 articulus
1649 1210 1882 1265 manus?
1910 1209 1980 1266 Ut
2009 1210 2178 1280 major

609 1301 838 1355 oriretur
883 1300 1262 1355 consternatio.
1317 1301 1370 1356 5.
1417 1318 1436 1351 ι
1471 1299 1526 1354 In
1569 1300 1756 1355 eadem
1805 1301 1936 1354 hora
1977 1298 2178 1369 egressi

608 1400 734 1445 sunt
783 1390 932 1460 digiti
962 1405 1148 1445 manus
1203 1390 1455 1457 hominis,
1485 1399 1543 1446 et
1569 1390 1874 1446 scribebant
1903 1403 1933 1444 e
1962 1388 2180 1458 regione

612 1481 870 1550 lampadis
916 1481 971 1534 in
1001 1481 1223 1535 tectorio
1265 1480 1483 1550 parietis
1528 1480 1721 1536 domus
1745 1479 1906 1550 regia:
1935 1497 1949 1533 :
1976 1488 2032 1533 et
2085 1493 2180 1533 rex

611 1573 902 1642 aspiciebat
928 1573 1181 1628 articulos
1220 1588 1408 1627 manus
1437 1573 1743 1628 scribentis.
1775 1591 1793 1624 ι
1824 1571 1975 1627 Adde
2000 1581 2053 1626 et
2082 1586 2178 1626 ve-

612 1680 825 1732 speram
857 1663 1038 1720 fuisse.
1071 1663 1363 1735 Oportebat
1383 1673 1646 1719 tumorem
1677 1679 1741 1717 ex
1773 1661 2078 1718 temulentia
2095 1675 2182 1714 or-

611 1765 720 1808 tum
752 1753 1050 1824 comprimi.
1084 1752 1284 1808 Deinde
1322 1752 1586 1807 debebant
1633 1765 1820 1806 omnes
1847 1752 1936 1820 qui
1962 1750 2184 1804 aderant

611 1844 846 1910 edoceri,
884 1859 1060 1912 regem
1087 1857 1270 1912 poenas
1293 1842 1441 1897 dare.
1468 1840 1579 1896 Cur
1602 1855 1706 1895 non
1749 1840 1888 1896 Deus
1934 1838 2130 1894 fulmen
2153 1853 2185 1894 e

611 1934 741 1988 melo
780 1934 956 1987 statim
1007 1931 1228 1987 emisit?
1271 1932 1336 1987 llt
1387 1933 1575 1985 iterum
1619 1946 1804 1986 servus
1844 1944 1971 1985 suus
2014 1928 2182 2000 gloria

613 2024 919 2078 aflieerctur
953 2039 966 2075 :
995 2029 1053 2076 ut
1079 2021 1318 2075 Baltasar
1367 2021 1574 2075 audiret
1622 2035 1719 2074 cur
1743 2019 1841 2074 ista
1888 2027 2181 2088 pateretur.

618 2115 750 2169 Nam
800 2115 979 2168 Daniel
1007 2113 1276 2182 ingressus
1303 2129 1410 2168 non
1441 2121 1645 2167 tantum
1675 2112 1991 2180 scripturam
2018 2109 2183 2164 inter-

619 2212 876 2274 pretatur,
906 2203 1000 2257 sed
1024 2214 1077 2258 et
1104 2203 1290 2272 longos
1314 2202 1472 2257 habet
1495 2216 1791 2267 sermones,
1825 2214 2022 2269 eosque
2057 2213 2182 2254 sua-

613 2298 804 2360 sorias,
837 2311 941 2350 non
969 2305 1238 2363 tamquam
1287 2294 1397 2363 regi
1437 2292 1741 2363 profuturus
1764 2333 1778 2358 ,
1820 2291 1915 2346 sed
1957 2299 2015 2344 ut
2053 2290 2186 2345 alios

618 2386 1014 2440 emendaturus.
1040 2386 1128 2441 15.
1156 2403 1174 2435 ι
1208 2384 1359 2439 Tunc
1379 2383 1560 2438 Daniel
1587 2384 1855 2452 ingressus
1878 2390 1961 2436 est
1979 2381 2030 2434 in
2060 2395 2188 2435 cun-

615 2487 853 2545 spectum
884 2477 1041 2546 regis.
1063 2476 1131 2530 Et
1155 2475 1290 2530 dixit
1315 2490 1408 2530 rex
1438 2473 1640 2529 Danieli
1663 2492 1675 2526 :
1725 2472 1805 2527 Tu
1827 2487 1888 2527 es
1914 2472 2097 2526 Daniel
2121 2487 2188 2526 ex

621 2569 739 2621 tiliis
797 2568 1114 2635 captivitatis
1159 2566 1390 2621 Judaiczn
1423 2607 1438 2630 ,
1469 2580 1626 2634 quam
1655 2563 1873 2618 deduxit
1903 2578 1996 2618 rex
2041 2571 2193 2630 pater

621 2674 773 2714 meus
801 2674 865 2712 ex
900 2657 1081 2712 Juda‘a
1105 2658 1127 2709 ?
1173 2657 1345 2711 Veluti
1375 2657 1623 2710 territans
1642 2670 1762 2710 eum
1792 2663 1847 2707 et
1866 2653 1932 2707 ad
1960 2652 2188 2708 necessi-

619 2759 779 2804 tatem
816 2748 1079 2817 redigeus,
1113 2747 1226 2800 btee
1249 2747 1342 2801 ait.
1372 2745 1503 2800 Cum
1523 2754 1698 2798 autem
1727 2743 1886 2798 dicit:
1915 2742 2074 2810 Quem
2097 2741 2193 2794 ad-

622 2841 765 2894 duxit
790 2856 880 2892 rex
900 2850 1040 2906 pater
1065 2855 1198 2891 meus
1225 2855 1287 2891 ea:
1311 2837 1593 2906 captivitate
1615 2834 1833 2900 Judww,
1865 2833 1980 2888 htec
2005 2842 2192 2888 contra

620 2931 963 2998 semetipsum
1000 2928 1162 2982 verba
1210 2928 1458 2996 loquitur,
1494 2927 1538 2979 si
1586 2925 1838 2979 nimirum
1862 2924 2191 2992 captivorum

621 3021 817 3088 ubique
840 3019 1088 3086 indigeat.
1116 3017 1202 3072 14.
1243 3036 1261 3069 ι
1300 3017 1489 3070 Audivi
1513 3015 1580 3070 de
1601 3025 1672 3080 te,
1688 3012 1831 3082 quod
1851 3012 2079 3082 Spiritus
2100 3012 2193 3067 Dei

623 3120 837 3163 sanctus
862 3111 912 3162 in
937 3119 985 3162 te
1014 3118 1094 3162 est
1113 3149 1128 3174 ,
1157 3117 1210 3161 et
1231 3106 1517 3176 vigilantia,
1545 3114 1599 3159 et
1627 3105 1989 3174 intelligentia,
2021 3112 2074 3156 et
2092 3117 2182 3157 sa-

626 3200 822 3269 pientia
851 3199 1074 3267 amplior
1103 3198 1312 3252 inventa
1338 3206 1419 3251 est
1447 3197 1497 3249 iu
1524 3205 1598 3250 te.
1618 3195 1704 3250 15.
1720 3194 1787 3248 Et
1807 3208 1947 3248 nunc
1965 3191 2192 3262 ingressi

626 3299 752 3344 sunt
799 3289 852 3341 in
874 3299 1159 3356 conspectu
1199 3301 1318 3340 meo
1348 3285 1638 3353 sapientes,
1678 3283 1836 3353 magi,
1883 3280 2142 3337 Gazareni
2175 3320 2192 3347 ,

626 3380 881 3442 Chaldzni,
901 3389 956 3432 ut
982 3379 1294 3447 scripturam
1322 3377 1456 3430 hanc
1479 3375 1736 3445 legerent,
1759 3382 1812 3428 et
1835 3373 2192 3439 conjecturam

630 3475 750 3543 ejus
803 3471 1098 3525 indicarent
1148 3469 1318 3524 mihi:
1364 3482 1462 3523 nec
1500 3474 1788 3536 potuerunt
1837 3464 2196 3532 conjecturam

630 3566 894 3622 sermonis
925 3564 1063 3618 illius
1083 3563 1384 3616 renuntiare
1410 3561 1560 3616 mihi.
1593 3559 1680 3614 16.
1713 3559 1779 3614 Ει
1803 3572 1903 3628 ego
1930 3557 2105 3612 audivi
2132 3555 2199 3611 de

629 3669 705 3724 te,
733 3658 856 3727 quia
891 3663 1042 3725 potes
1069 3654 1405 3723 conjecturas
1431 3653 1720 3722 conjicere,
1751 3661 1807 3706 et
1831 3649 1998 3705 nodos
2025 3649 2199 3704 solve-

631 3763 713 3804 re.
752 3749 818 3802 Et
847 3760 989 3800 nunc
1032 3746 1076 3799 si
1121 3744 1320 3812 poteris
1354 3744 1669 3812 scripturam
1706 3743 1904 3812 legere,
1938 3751 1991 3796 et
2016 3740 2198 3809 conje-

631 3849 832 3892 cturam
853 3835 966 3904 ejus
981 3833 1213 3889 indicare
1229 3832 1376 3899 mihi,
1396 3847 1627 3902 purpura
1642 3833 1903 3894 vestieris.
1917 3843 1970 3887 ct
1986 3841 2200 3900 torques

632 3943 791 3982 aurea
821 3926 918 3980 erit
949 3926 1000 3979 in
1029 3927 1166 3980 col.o
1196 3934 1286 3978 tuo
1305 3965 1320 3991 ,
1349 3934 1404 3978 et
1431 3926 1617 3978 tertius
1636 3919 1694 3977 in
1714 3938 1879 3992 regno
1894 3935 2013 3976 meo
2035 3922 2203 3990 impe-

635 4019 776 4074 rabis
797 4015 895 4088 (a).
923 4035 941 4068 ›
972 4016 1186 4073 Fatetur
1210 4029 1336 4070 suos
1357 4014 1522 4068 victos
1537 4028 1674 4076 esse,
1697 4015 1870 4067 etait:
1902 4011 2016 4076 Dic,
2045 4020 2204 4080 atque

701 4194 772 4254 (α)
804 4192 896 4241 Vel
916 4194 1210 4254 tertiuspost
1227 4204 1416 4253 regem,
1435 4190 1705 4254 sicut‘lj‘sth.
1723 4189 1798 4238 10.
1819 4191 1868 4247 5,
1887 4188 2205 4254 Itardochaeus

636 4250 879 4304 secundus
902 4260 976 4302 est
998 4255 1058 4301 ab
1083 4250 1313 4307 Assuero',
1337 4260 1387 4300 et
1407 4259 1522 4299 Gen.
1549 4251 1624 4300 41.
1652 4252 1710 4311 45
1728 4285 1742 4309 ,
1768 4250 2000 4311 Josephus
2027 4251 2071 4297 in
2094 4263 2205 4298 cur-

637 4330 744 4365 rtnn
769 4315 1020 4364 Pharaonis
1039 4313 1303 4374 secundum
1323 4312 1596 4374 imponitur.
1623 4310 1715 4374 Vel
1742 4310 1930 4374 tertius,
1955 4311 1999 4357 id
2026 4317 2125 4367 est,
2153 4317 2206 4359 ut

639 4378 839 4438 exponit
859 4382 902 4423 S.
926 4374 1138 4438 Isidorus
1161 4371 1401 4438 Pelusiota‘
1421 4372 1501 4422 lib.
1527 4373 1557 4419 2
1575 4410 1590 4438 _,
1625 4372 1766 4438 epist.
1787 4371 1852 4438 96
1869 4406 1882 4429 ,
1911 4378 2015 4430 post
2035 4383 2207 4430 regem

639 4451 696 4488 ac
711 4432 954 4494 reginam.
984 4433 1076 4481 Vel
1100 4436 1257 4482 tertia:
1279 4435 1427 4494 partis
1447 4433 1590 4494 regni
1625 4432 1980 4494 administrator
2000 4464 2013 4486 ,
2040 4442 2208 4490 quem-

641 4491 892 4548 admodum
935 4497 1191 4555 Josephum
1239 4491 1426 4543 videtur
1480 4491 1727 4555 explimre
1777 4499 1821 4555 ει.
1877 4493 2207 4555 Hieronymus.

645 4559 813 4609 Tertia:
834 4557 959 4616 parti
983 4551 1223 4616 imperans
1244 4589 1257 4612 ,
1281 4557 1345 4603 ait
1370 4555 1497 4603 idem
1520 4551 1755 4614 tusephus
1775 4552 1838 4601 de
1871 4553 2045 4616 Jorami
2069 4551 2211 4616 regis

641 4620 783 4675 duce,
811 4611 843 4666 Ι
864 4627 974 4680 neg.
1003 4611 1060 4666 τί
1075 4616 1166 4666 Vel
1202 4611 1414 4680 denique
1447 4627 1572 4680 unus
1595 4611 1667 4680 ex
1703 4616 1857 4662 tribus
1881 4611 2205 4680 principibus,

642 4684 725 4742 qui
744 4673 955 4741 satrapis
969 4686 1225 4740 praeerant,
1249 4673 1362 4742 nati.
1387 4676 1432 4722 ϐ.
1459 4676 1507 4733 2,
1525 4675 1706 4742 quique
1725 4673 2211 4742 fquat‘dicebautur

644 4734 700 4789 ac
723 4734 893 4803 τριιρχοιξ
915 4734 1130 4803 ut'patet
1149 4734 1512 4803 exttieronvmo
1535 4734 1591 4782 ad
1616 4734 1780 4803 tlzecli.
1910 4734 1968 4782 23
1996 4747 2007 4780 :
2041 4734 2214 4803 Triste-

643 4795 940 4857 tasfiiii'iu'it,
977 4795 1213 4861 principes
1251 4797 1528 4861 principum,
1555 4795 1850 4857 interpretati
1882 4807 2075 4861 sumus,
2115 4801 2210 4861 etc.

651 4853 864 4912 nisum
900 4853 1055 4909 autem
1093 4853 1261 4907 namen'
1294 4866 1362 4907 est
1397 4853 1755 4919 ἁριιώσιάξὲοε
1794 4855 1992 4919 secuudi
2015 4853 2214 4919 gradus

645 4931 747 4986 post
771 4920 952 4986 regiam
976 4920 1286 4986 dignitatem,
1311 4927 1405 4966 etc.
1431 4914 1444 4978 ξ
1470 4927 1521 4966 et
1544 4931 1608 4965 ex
1630 4917 1893 4977 't‘heOphilo
1916 4914 2215 4986 Antiocheno

653 4978 740 5034 lib.
884 4978 1163 5044 Αυιοιῇςιιιιι
1201 4993 1213 5027 2
1252 4995 1314 5029 τοΰ
1338 4987 1621 5044 δὶ-Σινναχιριὶμ.
1654 4993 1816 5040 spiens;
1842 4990 1975 5040 ιγίνιτο
2011 4978 2217 5044 Adrastus;

647 5057 789 5107 Αιιιιψ,
811 5057 849 5101 δς
866 5056 924 5094 ut
943 5041 1116 5107 Αιτῡὲιτω
1140 5053 1346 5107 ιεωιλιυσι
1360 5080 1370 5095 ,
1384 5041 1476 5107 hoc
1499 5048 1592 5107 est,
1611 5046 1775 5107 Factus
1799 5046 1867 5107 est
1884 5041 2212 5107 autem_:li‘iar-

649 5105 740 5154 cita
760 5098 1113 5154 'Sennaclzerim
1130 5141 1143 5159 ,
1170 5099 1479 5151 Adi-amatae]:
1508 5099 1710 5158 Ait/iiops
1731 5137 1744 5155 ,
1777 5098 1860 5158 qui
1883 5098 2068 5160 AIgypti
2106 5109 2218 5160 quo-

686 5180 741 5215 ue
776 5176 870 5226 rea;
905 5166 1077 5226 fuerat.
1112 5158 1318 5226 suslicig
1343 5162 1465 5226 mihi
1492 5168 1566 5209 est
1589 5161 1678 5226 (_ut
1714 5161 1760 5208 id
1791 5158 1958 5226 obiter
1985 5158 2214 5218 notem),

686 5181 741 5215 ue
776 5181 867 5214 rex
905 5181 1077 5226 meret.
1112 5181 1318 5224 bllSjJClU
1352 5181 1465 5208 Iltttu
1492 5181 1566 5209 υδι.
1589 5181 1602 5217 ι
1627 5181 1678 5209 ιιι
1716 5181 1760 5208 ιιι
1791 5181 1948 5208 υυιιυι-
1985 5181 2214 5218 ιιυιυιιι),

650 5181 1050 5276 Kdramelechum
1099 5238 1209 5273 esse
1263 5223 1534 5282 Ethiopem
1589 5221 1720 5270 illum
1774 5220 1961 5282 {Egypti
2016 5230 2218 5282 regem,

652 5290 735 5350 qui
777 5289 824 5335 in
861 5285 1327 5350 Chronicisgrlusebii
1369 5278 1563 5350 vocatur
1601 5282 1741 5350 modo
1777 5278 2034 5350 Amer-res,
2072 5278 2220 5350 [modo

655 5339 864 5406 a'tet'res,
922 5347 1061 5394 modo
1114 5348 1284 5406 Ᾱρευιες.
1312 5345 1451 5392 modo
1492 5346 1664 5405 Ᾰμμιριςς.
1700 5348 1835 5406 lj‘orte
1883 5341 2025 5406 etiam
2065 5339 2220 5406 _(nihil

657 5413 797 5474 eam:
810 5402 958 5474 ausim
982 5402 1235 5474 afﬁrmare)
1260 5405 1323 5453 de
1347 5409 1435 5474 isto
1461 5402 1782 5474 exponendas
1801 5411 1878 5450 est
1900 5402 2031 5474 locus
2054 5402 2083 5446 4
2106 5406 2218 5474 ιιθε.

660 5473 712 5518 17
734 5505 746 5526 ,
771 5472 820 5516 51
857 5485 868 5516 :
893 5469 932 5515 Η
942 5464 958 5515 i
968 5473 1120 5516 autem
1154 5461 1233 5528 qui
1267 5473 1402 5528 erant
1438 5464 1498 5514 de
1521 5461 1868 5528 Sepharuaiur,
1893 5461 2223 5528 comparebant

656 5521 781 5593 ﬁlios
803 5543 907 5593 suos
930 5528 1050 5593 igni,
1076 5521 1758 5593 Adrantelech_et_.41tautelerh
1895 5521 2220 5593 Sep/iaruaim.

660 5582 802 5638 i‘avct
822 5582 1151 5638 Theodoretus
1173 5593 1352 5644 Qtimst.
1377 5588 1436 5633 48
1459 5588 1505 5633 in
1530 5594 1750 5647 quartum
1775 5592 1972 5647 Regum.
1997 5582 2227 5630 Diodorus

659 5665 853 5716 quoque
876 5650 1055 5716 siculus
1075 5689 1086 5705 ,
1111 5648 1192 5697 lib.
1218 5650 1247 5697 35
1266 5684 1289 5716 ,_
1307 5655 1358 5696 et
1389 5645 1556 5716 suam
1576 5647 1661 5716 lib.
1690 5646 1765 5716 i7,
1780 5645 2111 5716 go-ttjectttram
2135 5656 2229 5690 non

660 5705 966 5767 tiietliocriter
1003 5710 1220 5769 ﬁrmant,
1261 5709 1373 5755 dum
1413 5709 1724 5769 rel'erunt__ah
1760 5705 2058 5769 Aithiopibtts
2082 5716 2230 5762 reges

667 5790 779 5825 suos
807 5772 983 5822 Morari
1025 5767 1214 5820 solitos.
1250 5768 1583 5820 Adranielevhi
1610 5767 1845 5828 xlithiojis
1879 5767 1924 5814 in
1963 5773 2228 5814 temporum

1347 373 1402 428 S.
1443 371 1718 429 JUANNIS
1753 364 2226 426 CllRYSOSTOMI
2267 365 2577 425 ARCUIEP.
2617 368 3146 428 CONSTANTINOP.

2287 401 2553 425 lllUlJlDr
2565 409 2577 422 ο
2617 401 2786 426 υυυσ
2800 401 2820 426 ι
2836 401 2923 427 ωλι
2939 401 2958 427 Ι
2974 401 3146 428 quro

2287 480 2384 535 ista
2405 483 2604 551 accipe.
2625 482 2728 537 Sed
2748 485 3025 540 considera
3045 482 3374 554 prophetam,
3401 486 3452 540 in
3475 497 3622 556 patre
3638 489 3871 557 quidem

2285 571 2428 626 illius
2462 573 2726 642 quomodo
2767 576 2999 628 animum
3039 575 3356 645 despondit;
3390 576 3474 630 bic
3510 587 3680 632 autem
3724 581 3869 634 nihil

2287 663 2428 717 tale:
2461 664 2553 718 sed
2583 665 2706 734 quid
2736 666 2846 719 ait?
2874 668 2962 721 l7.
3005 685 3024 718 ι
3057 667 3204 721 Tunc
3237 670 3509 737 respondit
3551 670 3770 734 Daniel,
3808 683 3871 725 et

2285 753 2416 807 dixit
2441 769 2616 809 coram
2649 772 2772 826 rege
2797 775 2810 811 :
2840 758 3027 813 Munus
3053 769 3196 812 tuum
3229 760 3316 815 tibi
3345 761 3431 824 sit,
3457 771 3510 816 et
3535 761 3728 814 donum
3759 763 3872 814 do-

2285 859 2404 901 mus
2433 855 2535 900 tum
2561 846 2712 902 alteri
2740 847 2804 902 da
2836 865 2848 902 :
2879 863 2977 919 ego
3005 864 3130 903 vero
3169 851 3476 920 scripturam
3506 850 3671 919 legam
3706 852 3864 920 regi,

2285 945 2336 992 et
2359 938 2716 1006 conjecturam
2743 938 2858 1008 ejus
2886 939 3127 994 indicabo
3157 940 3270 1006 tibi,
3296 955 3329 993 o
3354 955 3464 994 rex.
3494 959 3513 990 ι
3537 941 3709 1006 Quare
3735 957 3870 992 mu—

2285 1043 2411 1082 nera
2439 1027 2788 1098 deprecatur?
2819 1030 2884 1085 Ut
2913 1030 3172 1100 intelligas
3191 1070 3206 1095 ,
3236 1045 3356 1084 eum
3387 1046 3490 1084 non
3521 1040 3734 1101 pronter
3763 1032 3868 1085 illa

2287 1119 2545 1188 proloqui.
2585 1119 2736 1184 Quod
2765 1119 2904 1174 enim
2949 1134 3052 1174 non
3088 1120 3252 1173 iratus
3289 1120 3596 1188 simpliciter
3624 1120 3737 1174 haec
3765 1119 3867 1172 di-

2286 1210 2452 1274 xerit,
2481 1208 2587 1279 Ega
2615 1219 2807 1275 autem,
2839 1210 3036 1279 inquit,
3068 1211 3364 1278 srripturam
3396 1211 3586 1280 legam,
3611 1221 3654 1263 et
3681 1226 3867 1275 conje-

2284 1310 2479 1355 cturam
2503 1304 2611 1371 ejus
2637 1303 2930 1355 renuntiabo
2960 1304 3084 1373 regi.
3117 1301 3277 1356 Vides
3311 1303 3456 1356 illum
3487 1302 3701 1372 pecunia
3731 1315 3869 1355 esse

2284 1405 2346 1446 su
2357 1393 2652 1459 periorem?
2679 1392 2879 1446 honore
2903 1392 3183 1446 altiorem?
3209 1391 3400 1446 nullius
3423 1407 3486 1444 ex
3515 1390 3668 1460 regiis
3694 1390 3868 1444 rebus

2286 1483 2643 1554 indigentem?
2669 1483 2823 1538 Tales
2861 1499 2979 1538 esse
3017 1492 3224 1552 oportet
3249 1497 3341 1537 eos
3366 1484 3451 1551 qui
3480 1483 3762 1552 loquuntur
3790 1497 3867 1536 ea

2286 1589 2404 1644 qua:
2434 1575 2526 1629 Dei
2565 1583 2707 1628 sunt.
2751 1573 2827 1628 Ne
2859 1574 3183 1628 existimaret
3219 1589 3310 1627 rex
3355 1573 3502 1626 illum
3536 1588 3596 1628 ea
3627 1572 3705 1625 via
3735 1587 3764 1625 a
3796 1585 3870 1627 se

2285 1679 2406 1721 esse
2433 1673 2733 1727 attractum,
2761 1664 2840 1719 vel
2873 1663 3066 1731 aliquid
3094 1679 3157 1716 ex
3184 1663 3246 1716 iis
3275 1678 3392 1730 quae
3420 1663 3486 1716 ab
3513 1678 3577 1715 eo
3601 1662 3868 1716 diceban-

2289 1765 2406 1821 tur,
2438 1755 2723 1810 humanum
2754 1771 2891 1809 esse.
2923 1755 3055 1820 Quid
3102 1754 3257 1823 igitur
3291 1753 3399 1807 ait?
3428 1753 3688 1808 Omittens
3716 1754 3868 1807 scri-

2286 1856 2495 1916 pturam
2524 1844 2840 1909 edisserere,
2866 1845 3009 1898 illum
3037 1844 3270 1913 pluribus
3297 1843 3473 1897 verbis
3499 1842 3764 1908 admonet,
3788 1857 3870 1898 ex

2291 1936 2417 2004 ipsis
2453 1935 2685 1990 exordiis
2713 1951 2773 1990 ea
2801 1951 2919 2004 quae
2951 1935 3080 2003 patri
3115 1934 3416 1988 acciderant
3452 1934 3504 1987 in
3546 1934 3869 1988 memoriam

2288 2027 2338 2080 ei
2369 2039 2644 2078 revocans.
2683 2025 2769 2078 18.
2805 2043 2821 2075 ι
2859 2025 2994 2078 Deus
3017 2025 3301 2077 altissimus
3330 2039 3546 2091 regnum
3574 2033 3627 2077 et
3650 2025 3872 2092 magni-

2290 2115 2559 2181 tudinem,
2591 2125 2643 2169 et
2675 2116 2926 2168 honorem
2949 2156 2964 2176 ,
2993 2124 3046 2168 et
3077 2115 3297 2183 gloriam
3325 2114 3471 2168 dedit
3507 2113 3872 2168 Nabuchodo—

2291 2207 2469 2260 nosori
2506 2207 2638 2275 patri
2669 2214 2777 2258 tuo.
2815 2206 2898 2260 l9.
2933 2206 3000 2259 Et
3026 2221 3053 2258 a
3086 2206 3468 2274 magnificentia
3488 2245 3503 2269 ,
3533 2221 3687 2274 quam
3715 2204 3876 2258 dedit

2291 2297 2362 2360 ei,
2387 2312 2570 2350 mnncs
2601 2296 2796 2365 populi,
2823 2297 3007 2360 tribus,
3042 2297 3230 2365 lingua.-
3259 2297 3555 2350 tremebant
3582 2305 3632 2348 et
3658 2305 3878 2348 metuc-

2296 2384 2473 2441 banta
2501 2387 2631 2442 facie
2657 2388 2790 2457 ejus.
2822 2388 2966 2454 Quos
3003 2387 3217 2441 volebat
3253 2387 3363 2456 ipse
3402 2386 3774 2447 interficiebat,
3814 2395 3879 2440 et

2293 2495 2425 2546 quos
2454 2481 2666 2535 volebat
2707 2480 2818 2548 ipse
2859 2478 3214 2548 percutiebat,
3247 2489 3301 2532 et
3336 2494 3470 2548 quos
3509 2476 3710 2530 volt-bat
3747 2477 3878 2545 ipse

2294 2568 2640 2636 deprimebat.
2673 2570 2761 2624 ει).
2795 2571 2859 2623 Et
2881 2569 3089 2636 quando
3118 2569 3377 2622 clevatum
3409 2579 3490 2623 est
3512 2584 3603 2622 cor
3630 2568 3778 2636 ejus,
3815 2577 3882 2622 et

2293 2659 2511 2727 spiritus
2540 2661 2654 2728 ejus
2682 2660 2990 2714 oblirmatus
3017 2671 3096 2714 est
3130 2660 3192 2713 ad
3225 2659 3629 2728 superbiendum
3655 2676 3669 2723 ;
3699 2659 3879 2728 depo-

2294 2746 2427 2800 situs
2453 2757 2535 2801 est
2562 2748 2629 2802 de
2655 2749 2788 2802 solio
2817 2764 2960 2819 regni
2991 2750 3105 2812 sui,
3137 2758 3190 2803 et
3217 2750 3385 2803 honor
3412 2749 3525 2818 ejus
3549 2749 3752 2803 ablatus
3780 2758 3881 2802 est

2295 2835 2362 2890 ab
2390 2850 2474 2900 eo,
2506 2837 2594 2890 2|.
2627 2847 2681 2891 ct
2707 2839 2773 2893 ab
2805 2838 3102 2892 hominibus
3139 2839 3389 2906 expulsus
3416 2848 3516 2903 est,
3549 2850 3598 2891 et
3627 2853 3719 2891 cur
3746 2837 3882 2904 ejus

2295 2939 2416 2979 cum
2447 2925 2631 2981 chtiis
2658 2927 2837 2980 datum
2871 2937 2969 2990 est,
3001 2937 3193 2982 etcum
3223 2929 3383 2982 asinis
3409 2926 3698 2996 agrestibus
3723 2925 3885 2980 habi-

2299 3014 2427 3067 tatio
2447 3015 2582 3080 eius,
2604 3024 2658 3068 et
2678 3015 2818 3070 ταξιιο
2844 3025 2900 3068 ιιι
2923 3017 3107 3070 bovem
3133 3016 3440 3070 cihavcrunt
3459 3031 3599 3079 cum,
3623 3026 3672 3068 et
3693 3031 3722 3067 a
3745 3030 3882 3070 mro

2296 3104 2411 3157 αειί
2440 3119 2633 3174 corpus
2660 3106 2775 3173 ejus
2801 3107 3014 3160 tinctum
3043 3115 3141 3169 est,
3174 3105 3341 3159 donec
3365 3106 3608 3175 cognovi:
3633 3107 3750 3174 quia
3778 3106 3884 3159 do-

2300 3192 2531 3248 minatur
2559 3195 2694 3248 Deus
2724 3194 3011 3249 altissimus
3035 3209 3195 3263 super
3225 3209 3442 3263 regnum
3480 3193 3783 3256 hominum;
3819 3205 3884 3248 et

2297 3287 2382 3343 cui
2411 3287 2577 3340 visum
2607 3288 2760 3340 fuerit
2783 3286 2928 3340 dabit
2959 3286 3104 3340 illud.
3145 3304 3163 3337 ι
3203 3285 3330 3338 Nam
3360 3286 3402 3338 si
3431 3285 3538 3346 ille.
3564 3284 3748 3352 inquit,
3771 3299 3883 3338 vc-

2301 3380 2385 3432 nia
2409 3378 2652 3446 indiguus
2681 3375 2795 3439 fuit,
2823 3386 2872 3429 tu
2900 3375 2986 3445 qui
3016 3384 3132 3444 post
3158 3374 3415 3442 ejusmodi
3437 3373 3734 3441 exemplum
3760 3389 3882 3426 non

2302 3467 2586 3534 resipuisti,
2609 3481 2763 3536 quam
2789 3481 3013 3533 pinnam,
3037 3479 3238 3532 qumso,
3262 3465 3511 3518 mereris?
3529 3463 3705 3532 Neque
3724 3464 3884 3516 enim

2303 3557 2368 3612 ad
2415 3559 2760 3627 ignorantiam
2807 3566 2957 3626 putes
2994 3555 3297 3623 confugere.
3327 3553 3511 3609 Nonne
3550 3553 3662 3606 hsce
3690 3553 3887 3606 omnia

2303 3648 2561 3702 noveras?
2587 3647 2850 3714 Quasnam
2881 3646 3090 3700 cuinam
3131 3643 3392 3712 prmfers?
3418 3658 3508 3697 eos
3537 3645 3622 3711 qtti
3650 3657 3752 3695 non
3784 3657 3890 3695 au-

2303 3739 2453 3794 diunt
2473 3779 2488 3802 ,
2519 3753 2688 3806 neque
2718 3735 2933 3790 vident?
2960 3734 3049 3788 22.
3084 3753 3104 3786 ι
3134 3734 3198 3787 Et
3231 3741 3284 3786 tu
3323 3733 3458 3787 filius
3489 3732 3604 3801 ejus
3632 3731 3889 3786 Baltasar

2305 3847 2408 3885 non
2452 3829 2732 3884 bumiliasti
2772 3843 2865 3882 cur
2913 3836 3056 3880 tuum
3098 3840 3275 3880 coram
3311 3824 3435 3879 Deo.
3467 3823 3651 3878 Nonne
3692 3825 3888 3878 oninia

2308 3921 2420 3974 hate
2449 3920 2645 3973 noras?
2669 3919 2759 3972 23.
2788 3919 2851 3972 Et
2877 3931 3036 3985 super
3063 3915 3338 3969 Dominum
3366 3914 3528 3967 Deum
3559 3913 3670 3966 caeli
3698 3913 3888 3966 clevao

2310 4021 2391 4065 tus
2419 4025 2496 4072 es,
2527 4021 2579 4063 et
2603 4010 2792 4063 domus
2821 4008 2936 4075 ejus
2965 4021 3089 4060 vasa
3129 4004 3347 4058 attulisti
3374 4017 3549 4056 coram
3582 4011 3632 4055 te
3662 4019 3674 4052 :
3707 4013 3758 4054 ct
3793 4012 3884 4068 tu,

2308 4110 2361 4156 et
2387 4100 2667 4168 Optimatcs
2697 4098 2794 4164 tui,
2823 4106 2877 4151 ct
2911 4095 3187 4150 concubini
3215 4093 3310 4157 tui,
3340 4101 3392 4146 et
3423 4092 3634 4161 pellices
3663 4098 3762 4142 tua:
3793 4089 3890 4143 bi-

2307 4190 2458 4244 bistis
2488 4191 2666 4242 vinum
2699 4188 2748 4240 in
2779 4188 2856 4241 eis
2882 4203 2895 4240 :
2919 4185 3152 4254 deosque
3177 4197 3384 4246 aureos,
3413 4191 3467 4235 et
3494 4189 3792 4250 argenteus,
3828 4191 3892 4235 et

2309 4295 2518 4344 tenens,
2552 4289 2604 4332 ct
2642 4277 2839 4333 ferreos
2859 4319 2873 4341 ,
2905 4284 2954 4330 et
2995 4277 3225 4345 ligneos,
3256 4284 3310 4328 et
3351 4272 3616 4342 lapideos,
3648 4271 3734 4339 qui
3766 4287 3892 4327 non

2312 4373 2508 4434 vident,
2540 4379 2595 4425 et
2623 4385 2730 4422 non
2765 4369 3005 4430 audiunt,
3035 4375 3090 4421 et
3123 4380 3226 4420 non
3253 4371 3596 4432 cognoscunt,
3628 4360 3892 4425 laudasti,

2312 4473 2365 4516 et
2396 4463 2580 4523 Deum,
2612 4460 2760 4527 cujus
2787 4459 2838 4511 in
2865 4473 3020 4510 manu
3047 4467 3126 4509 est
3153 4456 3301 4507 flatus
3325 4464 3462 4515 tuus,
3495 4463 3549 4506 et
3574 4465 3756 4504 omnes
3775 4452 3896 4506 vix

2315 4562 2416 4606 tua:
2437 4591 2452 4618 ,
2484 4551 2654 4619 ipsum
2700 4563 2802 4601 non
2845 4545 3167 4616 glorificasti.
3196 4543 3282 4597 24.
3318 4541 3514 4596 Idcirco
3543 4556 3571 4592 a
3604 4541 3733 4592 facie
3760 4539 3898 4606 ejus

2317 4646 2508 4699 missus
2533 4651 2614 4695 est
2651 4639 2904 4694 articulus
2933 4651 3136 4700 manus,
3167 4644 3220 4689 et
3251 4636 3383 4688 hanc
3410 4633 3718 4700 scripturam
3747 4645 3898 4685 exa-

2316 4737 2472 4791 ravit.
2498 4734 2587 4789 25.
2621 4734 2684 4787 Et
2715 4733 2824 4786 lure
2853 4739 2934 4785 est
2958 4737 3174 4783 exarata
3201 4727 3456 4793 scriptura
3487 4741 3500 4777 :
3532 4722 3709 4785 Mane,
3736 4719 3899 4775 The-

2317 4828 2418 4889 cel,
2448 4826 2647 4880 Phares
2675 4823 2798 4877 :26.
2826 4831 2878 4876 et
2906 4821 3018 4874 lucc
3042 4828 3122 4873 est
3149 4814 3508 4884 interpretatio
3535 4812 3657 4867 visi:
3684 4811 3849 4865 Mane
3873 4820 3917 4884 :3

2319 4930 2534 4972 mensus
2559 4923 2636 4969 εει
2668 4915 2804 4967 licus
2848 4925 3065 4980 regnum
3108 4919 3290 4971 tuum,
3317 4915 3369 4960 et
3402 4903 3679 4972 complevit
3707 4899 3848 4954 illud
3883 4917 3900 4954 :

2319 5008 2408 5061 27.
2435 5005 2627 5060 Thecel
2654 5019 2666 5052 τ
2690 5015 2980 5070 appensum
3008 5008 3086 5051 est
3115 4999 3164 5049 in
3191 5005 3402 5057 statera,
3432 5003 3485 5048 et
3512 4993 3775 5045 inventum
3808 4999 3908 5044 cst

2322 5098 2589 5150 delieiens.
2618 5094 2706 5146 28.
2741 5091 2938 5144 l'harcs
2972 5107 2984 5141 :
3014 5086 3236 5140 divisum
3263 5092 3344 5138 est
3370 5097 3586 5153 regnum
3621 5089 3804 5142 tuum,
3846 5088 3910 5135 et

2325 5273 2553 5334 Epitomc,
2578 5281 2720 5334 quam
2739 5265 2887 5334 edidit
2905 5261 3140 5334 scaliger,
3163 5261 3344 5334 meptio
3366 5257 3465 5334 fit:
3481 5258 3911 5334 vgrtluzntelmpgra

2327 5313 3174 5381 ἱίὸἶῗέὀῖιζσὲίίῇὶὲιιζιιχιδιιιηειϊρι-ιιη
3214 5321 3260 5369 id
3299 5331 3471 5367 nomen
3496 5315 3764 5374 Ethiopum
3801 5313 3913 5364 duo

2326 5409 2380 5443 ac
2403 5395 2603 5454 regibus
2620 5392 2768 5454 fuisse
2785 5398 3053 5454 commune,
3075 5383 3339 5454 pra-serum
3355 5391 3461 5427 cum
3477 5388 3647 5454 regem
3666 5386 3912 5454 uagitum

2327 5435 2382 5503 ΞΕ
2403 5435 2928 5515 po'ieiiieiiisigniticet.
2956 5435 3098 5515 gerte
3121 5445 3242 5515 quia“
3263 5442 3375 5489 olim
3413 5435 3646 5515 regesin

2329 5495 2818 5573 BSdiItFS‘j.i‘¢i-isaue
2844 5508 3099 5573 gentibus,
3127 5495 3188 5552 eo
3221 5503 3414 5573 faetiim_
3427 5495 3536 5573 est,
3572 5503 3626 5566 nt
3663 5495 3765 5573 hzcc
3799 5495 3913 5573 duo

2331 5563 2520 5625 nomina
2548 5563 2641 5620 Rea:
2667 5579 2717 5618 et
2742 5563 2878 5617 'I:eus
2903 5580 2988 5628 pro
3007 5567 3182 5628 eadem
3216 5577 3278 5628 re
3313 5563 3358 5608 in
3393 5563 3644 5628 §c_ript_uris
3666 5563 3912 5628 usurpata

2332 5617 2654 5697 ἶεέίὶέέἑίξὶιὲιὶίιὶ.
2675 5617 2848 5697 confer
2867 5617 2981 5697 ist-.3
3005 5627 3066 5697 1s.
3093 5627 3153 5673 56
3170 5661 3197 5697 ,_
3211 5625 3375 5697 tiihet
3396 5621 3488 5697 .37..
3503 5620 3557 5697 ιδ
3580 5617 3790 5697 ἱβριυᾶ
3820 5618 3908 5697 ri,

2334 5677 2657 5752 sitast-uit;
2670 5677 2720 5739 ι’.
2750 5677 2796 5738 ει
2824 5691 2898 5745 in,
2930 5689 3013 5752 1.3,;
3041 5689 3067 5732 it
3081 5701 3155 5733 em
3173 5677 3453 5752 immunes,
3477 5679 3626 5752 l§,_.et
3643 5678 3678 5752 ιδ
3692 5711 3719 5747 ,,
3732 5677 3790 5724 ea
3808 5711 3825 5735 ,
3854 5687 3912 5752 ει

2339 5741 2390 5807 il
2448 5741 2510 5814 Si;
2538 5741 2679 5816 atque
2704 5741 2953 5802 Selii-31mm
2979 5749 3090 5811 lege
3113 5744 3398 5810 syntagmgl
3425 5741 3485 5790 de
3512 5741 3606 5788 uiis
3627 5741 3770 5802 agris,
3791 5742 3908 5791 (λϐ.
