4066 6470
231 383 332 442 223

224 490 504 559 ᾝιτσαν,
541 491 703 559 φησὶ.
763 490 900 556 τοὺς
945 490 1118 556 θεοὺς
1163 491 1304 554 τοὺς
1358 491 1622 559 χρυσοῦς
1662 492 1761 545 καὶ

219 579 515 647 ἀργυροῦς.
547 581 701 643 Τίνος
741 582 924 634 ἕνεκεν
967 584 997 652 ή
1029 583 1258 652 διαφορὰ
1301 583 1437 652 αὕτη
1485 582 1589 634 τῶν
1629 582 1764 635 θεῶν

220 670 339 738 παρ’
371 670 546 732 αὐτοῖς
573 665 676 739 ἦνς
718 671 774 722 '0
804 671 1044 733 διάϐολος
1080 671 1396 740 βουλόμενος
1426 672 1618 734 αὐτοὺς
1656 671 1764 723 πά-

221 775 310 826 σης
344 760 706 830 ἀποστερῆσαι
739 760 1084 830 συγγνώμης,
1116 762 1368 825 πολλάκις
1397 763 1645 814 ἐκέλευσε
1677 761 1766 825 ξυ-

221 849 381 912 λίνους
413 853 681 917 γενέσθαι,
712 853 794 906 ἵνα
823 855 956 922 μηδὲ
985 854 1092 906 ἀπὸ
1119 857 1217 924 τῆς
1258 855 1385 924 ὕλης
1415 856 1761 908 πολυτέλειαν

220 938 401 1007 ἔχωσιν
432 942 508 1002 είς
547 941 857 1008 ἀπολογίαν.
881 943 1121 1014 ’Υμνουν
1158 946 1237 1006 είς
1267 945 1479 1007 αὐτούς.
1507 945 1645 1014 Ὀρα
1674 946 1756 998 οὐ.

219 1027 375 1098 δαμοῦ
405 1029 495 1082 τὸν
528 1031 655 1084 Θεὸν
685 1033 936 1103 ἄρχοντα,
961 1035 1074 1087 ἀλλ’
1106 1036 1553 1105 ὲπόμενον.Τίνος
1578 1038 1760 1090 ἕνεκεν

219 1120 637 1192 ἐπηκολούθησεν
662 1127 694 1194 ή
715 1124 834 1194 δίκη
859 1126 1085 1196 ταχέως.
1110 1130 1202 1180 καὶ
1226 1128 1357 1196 αὐτῇ
1392 1131 1455 1197 τῇ
1484 1129 1598 1198 ὥρα
1618 1130 1760 1192 ;”1να

221 1213 287 1281 μή
309 1213 373 1264 τὰ
405 1215 665 1283 γενόμενα
706 1220 767 1268 ἐκ
799 1218 903 1269 τῶν
941 1218 1218 1288 προτέρων
1265 1220 1550 1290 θαυμάτων
1590 1239 1757 1274 κατα-

219 1302 342 1373 λυθῇ
383 1305 731 1375 ὑϐριζομένου
766 1308 857 1360 τοῦ
895 1308 1028 1361 Θεοῦ
1071 1309 1157 1362 διὸ.
1196 1311 1301 1362 τῶν
1341 1311 1579 1377 σκευῶν,
1609 1313 1760 1365 ὲϐου-

220 1392 348 1462 λήθη
368 1393 560 1465 ἄνδρας
583 1396 876 1467 ἐνυϐρίσαι.
903 1401 1011 1452 Καὶ
1024 1401 1124 1469 ὅρα
1150 1401 1200 1452 τί
1226 1401 1449 1468 γίνεταί.
1468 1403 1755 1473 Ἐϐουλήθη

221 1485 413 1556 σκεύηο
456 1489 546 1540 καὶ
584 1489 716 1560 αὐτῇ
755 1494 820 1561 τῇ
855 1491 972 1562 ὥρᾳ
1013 1495 1045 1562 ὴ
1088 1495 1344 1564 τιμωρία.
1384 1495 1538 1559 Τίνος
1578 1497 1758 1548 ἕνεκεν

217 1577 306 1628 οὐκ
324 1579 698 1633 ἀποστέλλεται
718 1583 744 1634 ό
765 1584 1045 1653 προφήτης
1070 1585 1393 1651 ὲγκαλέσων,
1411 1587 1543 1638 ἀλλὰ
1565 1585 1759 1658 ἁστρά-

217 1667 368 1730 γαλος
398 1669 610 1738 χειρός;
645 1671 801 1724 Ὥστε
840 1674 1007 1741 μείζω
1051 1676 1300 1742 γενέσθαι
1336 1677 1434 1748 τὴν
1477 1678 1754 1749 ἔκπληξιν.

229 1757 316 1810 Ἐν
346 1760 495 1828 αὐτῇ
535 1761 608 1829 τῇ
651 1761 768 1830 ὥρᾳ
805 1765 1066 1833 ἐξῆλθον
1108 1767 1388 1824 δάκτυλοι
1428 1771 1624 1838 χειρὸς
1653 1772 1758 1825 ἀν-

217 1847 469 1912 θρώπου,
513 1852 608 1904 καὶ
649 1852 906 1922 ἔγραφον
951 1856 1262 1911 κατέναντι
1299 1859 1409 1927 τῆς
1449 1860 1755 1927 λαμπάδος

216 1939 307 1991 ἐπὶ
343 1941 408 1992 τὸ
439 1943 689 2011 κονίαμα
719 1946 822 1998 τοῦ
849 1949 1052 2015 τοίχου
1097 1948 1204 2002 τοῦ
1244 1949 1408 2003 οἴκου
1455 1950 1559 2004 τοῦ
1583 1953 1756 2015 βασι-

216 2029 356 2096 λέως
375 2048 389 2062 ·
420 2033 513 2086 καὶ
552 2037 586 2087 ό
609 2035 903 2102 βασιλεὺς
929 2039 1156 2107 ἐθεώρει
1180 2041 1317 2106 τοὺς
1346 2042 1756 2110 ἀστραγάλους

220 2120 320 2187 τῆς
348 2124 541 2191 χειρὸς
578 2123 682 2192 τῆς
717 2131 1080 2197 γραφούσης.
1119 2132 1354 2202 Πρόσθες
1391 2135 1484 2186 καὶ
1521 2135 1755 2205 ἑσπέραν

218 2206 390 2265 οὖσαν.
415 2213 558 2265 Ἐδει
591 2215 687 2285 τὴν
722 2217 925 2286 οῖδησιν
952 2221 1050 2288 τὴν
1097 2222 1203 2273 ἀπὸ
1230 2225 1324 2292 τῆς
1378 2223 1544 2292 μέθης
1587 2241 1754 2276 κατα-

220 2302 484 2369 σταλῆναι.
516 2301 645 2357 Εἶτα
673 2306 776 2360 ἔδει
813 2309 1004 2376 μαθεῖν
1030 2314 1155 2374 τοὺς
1183 2314 1450 2382 παρόντας
1490 2315 1750 2377 ἃπαντας,

216 2391 290 2443 ὅτι
321 2393 470 2464 δίκην
488 2396 716 2451 δίδωσιν.
745 2402 841 2452 Διὰ
873 2402 924 2452 τί
959 2402 1032 2472 μὴ
1062 2405 1298 2472 σκηπτὸν
1323 2406 1530 2473 ἀφῆκεν
1555 2407 1754 2468 εὐθέως

217 2480 273 2532 ἐκ
298 2483 389 2534 τοῦ
426 2485 860 2554 οὑρανοῦ;”Ωστε
894 2492 1052 2544 πάλιν
1089 2495 1182 2546 καὶ
1227 2495 1315 2546 τὸν
1361 2497 1571 2565 οἰκέτην
1603 2497 1753 2562 δοξα-

218 2570 395 2639 σθῆναι
424 2574 512 2627 τὸν
538 2578 698 2630 αὑτοῦ
717 2595 728 2608 ⁸
770 2581 906 2633 ὥστε
941 2584 1101 2636 αὑτὸν
1129 2586 1354 2639 ἀκοῦσαι
1388 2589 1472 2640 διὰ
1501 2588 1552 2638 τί
1584 2589 1752 2640 ταῦτα

217 2662 419 2731 πάσχει.
461 2667 516 2718 'U
550 2667 656 2738 γὰρ
699 2671 891 2740 Δανιὴλ
939 2675 1190 2727 εἰσελθὼν
1235 2677 1352 2746 οὐχ).
1404 2678 1498 2748 τὴν
1539 2680 1751 2750 γραφὴν

216 2751 489 2822 ἑρμηνεύει
521 2756 698 2824 μόνον,
716 2760 847 2814 ἀλλὰ
876 2765 966 2815 καὶ
990 2767 1230 2836 μακροὺς
1253 2769 1519 2822 ἀποτείνει
1543 2771 1749 2839 λόγους,

216 2844 298 2894 καὶ
332 2847 828 2915 συμϐουλευτικοὺς,
869 2858 963 2926 οὐχ
994 2859 1069 2922 ώς
1104 2860 1397 2931 ὠφελήσων
1426 2866 1604 2930 αὑτὸν,
1636 2868 1750 2920 ἀλλ’

215 2933 282 3023 ώς
300 2936 420 2998 τοὺς
446 2938 632 3002 ἄλλους
659 2942 896 3010 βελτίους
924 2949 1181 3018 ποιήσων.
1222 2955 1355 3006 Τότε
1385 2956 1604 3023 Δανιὴλ
1630 2961 1754 3012 εισ-

215 3020 389 3085 ῆλθεν
412 3028 659 3083 ἐνώπιον
677 3034 779 3086 τοῦ
804 3036 1126 3104 βασιλέως.
1157 3043 1265 3094 Kal
1297 3041 1464 3097 εἶπεν
1502 3051 1534 3100 ό
1551 3020 1749 3111 “ﬁam-

212 3299 345 3364 .lu‘Jc
369 3303 400 3353 d
413 3303 600 3372 πατήρ
609 3323 726 3372 μου
745 3308 860 3362 ἀπὸ
883 3309 990 3377 τῆς
1014 3313 1299 3381 Ἰουδαίας
1313 3333 1332 3378 ;
1347 3318 1432 3379 Ὠς
1449 3320 1751 3391 καταπλητ-

211 3388 422 3455 τόμενος
443 3392 597 3444 αὑτὸν
613 3396 705 3447 καὶ
722 3399 796 3459 είς
813 3399 1054 3469 ἀνάγκην
1070 3403 1354 3467 καθιστῶν,
1378 3409 1544 3461 ταῦτά
1567 3428 1747 3481 φησιν.

212 3478 385 3570 εἰπὼν
399 3482 587 3541 δὲ,’ον
606 3486 824 3556 ἤγαγεν
840 3489 986 3563 [231]
1007 3497 1039 3547 ό
1056 3495 1351 3562 ,ϐασιλεὺς
1369 3503 1400 3552 ό
1418 3501 1608 3570 πατήρ
1628 3478 1748 3570 μου

210 3568 316 3621 ἀπὸ
333 3571 438 3639 τῆς
455 3576 855 3645 αἰχμαλωσίας
873 3580 983 3648 τῆς
1006 3583 1311 3650 Ἰουδαίας,
1330 3588 1499 3643 ταῦτα
1519 3568 1749 3645 κατ’-αὐ-

209 3659 293 3710 τοῦ
313 3662 377 3712 τὰ
399 3664 612 3732 ῥήματα
633 3665 830 3735 ἔλεγεν,
853 3672 900 3721 εί
923 3671 1030 3724 τῶν
1053 3675 1403 3744 αἰχμαλώτων
1423 3679 1596 3732 δέεται
1618 3700 1745 3734 παν-

209 3750 380 3818 ταχοῦ.
417 3756 672 3809 Ἤκουσα
704 3760 832 3825 περὶ
861 3762 995 3818 σοῦ.
1029 3763 1115 3816 ὅτι
1149 3767 1381 3835 πνεῦμα
1412 3770 1556 3822 Θεοῦ
1581 3771 1748 3839 ᾶγιον

206 3834 268 3884 ἐν
289 3839 403 3902 σοὶ,
438 3840 533 3892 καὶ
560 3843 871 3912 πρήγορσις
895 3849 993 3902 καί
1027 3853 1274 3919 σύνεσις
1309 3858 1406 3910 καὶ
1435 3834 1746 3926 σοφία-πε-

199 3927 378 3994 ρισσὴ
404 3931 609 3998 εὑρέθη
643 3933 711 3986 ὲν
740 3938 856 3990 σοί.
888 3940 998 3991 Kal
1031 3942 1146 3995 νῦν
1181 3943 1467 4012 εἰσῆλθον
1491 3949 1746 4004 ἐνώπιόν

199 4029 308 4078 μου
356 4020 407 4070 οί
441 4021 644 4088 σοφοί,
684 4023 857 4092 μάγοι
879 4066 892 4089 ,
928 4029 1279 4098 Γαζαρηνοί,
1314 4036 1609 4101 Χαλδαῖοι,
1646 4041 1743 4093 ἵνα

207 4105 307 4171 τὴν
328 4113 560 4178 γραφὴν
585 4116 804 4182 ταύτην
831 4117 1151 4187 ἀναγνῶσι,
1172 4125 1267 4175 καί
1288 4124 1399 4189 τὴν
1425 4128 1742 4196 σύγκρισιν

204 4198 379 4264 αὐτῆς
407 4205 740 4268 γνωρίσωσί
761 4224 888 4272 μοι·
938 4210 1036 4262 καὶ
1070 4213 1179 4264 οὐκ
1210 4213 1598 4283 ἠδυνήθησαν
1630 4219 1742 4286 τὴν

203 4289 510 4356 σύγκρισιν
535 4293 640 4346 τοῦ
667 4297 849 4364 λόγου
877 4300 1087 4355 τούτου
1116 4303 1458 4372 ἀναγγεῖλαί
1485 4325 1604 4374 μοι.
1631 4309 1738 4362 Kal

201 4377 304 4446 ἐπὶ)
341 4380 573 4448 ἤκουσα
607 4387 737 4454 περὶ
767 4389 911 4452 σοῦ,
954 4391 1042 4443 ὅτι
1074 4392 1328 4448 δύνασαι
1374 4400 1739 4467 συγκρίματα

200 4475 514 4540 συγκρῖναι,
563 4477 656 4530 καί
689 4479 858 4532 λύειν
905 4481 1301 4551 συνδέσμους.
1343 4488 1450 4541 Kal
1482 4490 1596 4542 νῦν
1631 4491 1739 4544 ἐὰν

199 4557 451 4630 δυνηθῇς
470 4565 800 4635 ἀναγνῶναι
830 4570 943 4636 τὴν
961 4572 1214 4640 γραφὴν,
1237 4576 1331 4629 καί
1352 4577 1464 4642 τὴν
1498 4581 1737 4648 σύγκρι-

197 4664 291 4702 σιν
317 4652 499 4719 αὐτῆς
521 4659 795 4724 γνωρίσαι
825 4677 940 4728 μοι,
971 4665 1278 4730 πορφύραν
1295 4668 1539 4735 ἐνδύσῃ,
1577 4671 1672 4723 καὶ
1704 4675 1735 4724 ό

189 4742 474 4810 μανιάκης
504 4748 537 4798 ό
563 4749 826 4813 χρυσοῦς
852 4751 1130 4807 ἔσταιέπὶ
1152 4757 1256 4808 τὸν
1276 4758 1572 4826 τράχηλόν
1594 4776 1730 4824 σου,

195 4833 283 4884 καὶ
311 4837 502 4902 τρίτος
528 4838 594 4889 έν
627 4839 703 4907 τῇ
740 4842 1027 4911 ,βασιλείᾳ
1051 4865 1170 4914 μου
1196 4849 1413 4916 ἄρξεις.
1458 4852 1736 4922 Ὁμολογεῖ

194 4923 278 4975 καὶ
303 4925 397 4995 τήν
444 4927 548 4979 τῶν
584 4929 794 4983 οἰκείων
837 4928 1034 5003 ἧτταν,
1073 4938 1167 4991 καί
1212 4957 1402 5010 φησιν·
1448 4945 1564 4996 είπὲ
1589 4985 1604 5010 ,
1638 4947 1731 4999 καὶ

191 5012 312 5068 λαϐὲ
337 5016 478 5070 τάδε.
517 5017 651 5070 Ἀλλ’
677 5021 776 5092 δρα
804 5023 890 5076 τὸν
925 5031 1225 5100 προφήτην,
1250 5033 1340 5085 ἐπὶ
1375 5033 1472 5102 μὲν
1498 5036 1589 5088 τοῦ
1624 5055 1729 5090 πα·

190 5106 304 5173 τρὸς
333 5108 493 5160 αὑτοῦ
523 5109 635 5173 πῶς
661 5111 952 5183 ήθύμησεν,
973 5119 1202 5173 ἐνταῦθα
1223 5123 1276 5174 δὲ
1304 5125 1452 5177 οὐδὲν
1471 5127 1724 5181 τοιοῦτονο

189 5195 314 5249 ἀλλὰ
354 5198 406 5250 τί
443 5217 605 5268 φησι;
645 5203 778 5255 Τότε
823 5206 1106 5277 ἀπεκρίθη
1148 5215 1388 5281 Δανιὴλ,
1431 5219 1526 5270 καὶ
1559 5216 1728 5273 εἶπεν

186 5287 426 5344 ἐνώπιον
453 5293 555 5346 τοῦ
600 5295 936 5362 βασιλέως⁶
991 5302 1060 5355 Τὸ
1092 5303 1242 5372 δόμα
1279 5323 1392 5360 σου
1420 5309 1513 5361 σοί
1548 5314 1723 5375 ἔστω,

187 5381 274 5432 καὶ
301 5382 413 5450 τὴν
436 5383 656 5451 δωρεὰν
678 5386 786 5454 τῆς
809 5391 995 5456 οἰκίας
1016 5410 1128 5448 σου
1156 5396 1330 5464 ἑτέρῳ
1352 5399 1454 5464 δός
1476 5418 1486 5428 ·
1514 5403 1625 5470 ἐγὼ
1656 5404 1722 5456 δὲ

186 5471 288 5562 τήν
329 5475 564 5543 γραφὴν
612 5477 1021 5547 ἀναγνώσομαι
1063 5486 1141 5551 τῷ
1167 5489 1429 5553 βασιλεῖ,
1471 5494 1564 5547 καὶ
1609 5496 1721 5562 τὴν

184 5561 485 5649 σύγκρισιν
531 5563 716 5631 αὐτῆς
760 5571 1024 5635 γνωρίσω
1066 5588 1193 5637 σοι,
1234 5578 1514 5640 βασιλεῦ.
1567 5561 1720 5649 Τίνος

185 5648 358 5707 ἔνεκεν
379 5657 755 5728 παραιτεῖται;
794 5658 903 5713 Ἵνα
934 5661 1128 5735 μάθῃς,
1152 5667 1231 5720 ὅτι
1261 5670 1318 5722 οὐ
1345 5671 1410 5723 δι’
1433 5673 1611 5728 ἐκεῖνα
1643 5648 1717 5731 λὲέ

1559 377 1625 433 ΙΝ
1663 375 2021 435 οΑΝιΕιεδι.

3300 413 3411 472 224

1862 507 1968 558 γει.
2001 493 2120 547 Ὀτι
2158 497 2267 566 γὰρ
2304 509 2402 553 οὐκ
2453 502 2796 573 ὀργιζόμενος
2828 506 3013 570 ἁπλῶς
3045 508 3209 564 ταῦτα
3235 512 3409 577 εἶπεν,

1876 584 2011 650 Ἐγὼ
2038 585 2123 648 δὲ,
2161 591 2311 657 φησὶ,
2335 591 2447 657 τὴν
2467 594 2701 661 γραφὴν
2721 597 3153 667 ἀναγνώσομαι.
3176 603 3272 655 καί
3299 602 3412 670 τὴν

1859 676 2177 743 σύγκρισιν
2224 680 2412 747 αὐτῆς
2458 684 2761 754 ἀναγγελῶ
2809 687 2888 752 τῷ
2926 690 3190 752 βασιλεῖ.
3251 694 3407 766 Ὁρᾷς

1858 766 2019 818 αὐτὸν
2049 771 2341 837 χρημάτων
2383 775 2640 843 κρείττω;
2675 778 2837 847 τιμῆς
2867 780 3164 850 ἀνώτερον;
3199 785 3405 850 οὐδενὸς

1857 854 2100 924 δεόμενον
2133 860 2238 911 τῶν
2274 861 2600 929 βασιλικῶνς
2633 865 2784 918 Οὕτω
2806 868 2886 919 δεῖ
2907 871 3028 932 τοὺς
3062 867 3128 925 τὰ
3153 871 3284 924 Θεοῦ
3317 873 3403 926 λέ⁹

1855 960 2045 1010 γοντας
2083 943 2236 1002 εἶναι.
2279 949 2392 1002 Ἵνα
2424 952 2497 1022 μὴ
2527 953 2714 1024 νομίσῃ
2767 957 2846 1009 ὅτι
2887 959 3054 1029 ταύτῃ
3106 963 3264 1017 αὑτὸν
3308 966 3405 1016 ὲπ-

1856 1037 2204 1107 εσπάσατο,ῆ
2239 1040 2571 1110 ἀνθρώπινόν
2608 1062 2658 1096 τι
2697 1047 2803 1100 τῶν
2832 1047 3134 1117 λεγομένων
3167 1053 3299 1107 ἐστί.
3339 1055 3403 1108 Τί

1855 1122 1945 1178 οὖν
1972 1142 2128 1195 φησις
2159 1128 2338 1194 Ἀφεὶς
2363 1131 2532 1183 εἰπεῖν
2557 1133 2654 1203 τὴν
2683 1136 2913 1204 γραφὴν,
2939 1137 3240 1209 συμϐουλὴν
3270 1143 3402 1194 ἀπο-

1853 1215 2032 1274 τείνει,
2059 1217 2114 1281 ὲξ
2136 1219 2311 1271 αὐτῶν
2340 1219 2444 1271 τῶν
2473 1223 2767 1290 προοιμίων
2794 1225 2952 1276 αὑτὸν
2979 1228 3400 1300 ἀναμιμνήσκων

1854 1307 1960 1358 τῶν
1985 1307 2061 1377 τῷ
2087 1312 2249 1379 πατρῖ
2273 1312 2705 1383 συμϐεϐηκότων.
2723 1316 2783 1368 '0
2809 1318 2950 1380 Θεὸς
2969 1321 2999 1370 ό
3020 1319 3270 1386 ὕψιστος
3288 1322 3400 1390 τὴν

1847 1397 2190 1463 βασιλείαν,
2219 1401 2312 1453 καὶ
2343 1402 2456 1467 τὴν
2471 1407 2926 1473 μεγαλωσύνην,
2951 1410 3045 1461 καί
3073 1411 3183 1476 τὴν
3203 1411 3395 1479 τιμὴν,

1853 1490 1947 1542 καὶ
1979 1488 2092 1557 τὴν
2122 1489 2305 1554 δόξαν
2343 1493 2523 1546 ἔδωκε
2565 1497 3086 1566 Ναϐουχοδονόσορ
3123 1499 3198 1564 τῷ
3225 1503 3398 1568 πατρί

1851 1594 1984 1634 σου.
2008 1581 2115 1636 Καὶ
2140 1582 2256 1637 ἀπὸ
2271 1582 2379 1650 τῆς
2405 1589 2852 1653 μεγαλωσύνης,
2881 1585 2955 1657 ἧς
2974 1590 3192 1644 ἔδωκεν
3215 1592 3394 1658 αὐτῷ,

1851 1670 2070 1736 πάντες
2099 1675 2151 1726 οἱ
2185 1676 2341 1739 λαοὶ,
2367 1677 2567 1742 φυλαὶ,
2591 1674 2858 1742 γλῶσσαι
2883 1676 3042 1746 ἦσαν
3070 1681 3393 1748 τρέμοντες,

1850 1765 1947 1817 καὶ
1975 1766 2323 1833 φοϐούμενοι
2361 1768 2477 1821 ἀπὸ
2512 1768 2826 1834 προσώπου
2856 1771 3056 1823 αὑτοῦ.
3091 1773 3204 1837 Οὓς
3231 1772 3396 1826 ἐϐού-

1849 1858 1986 1909 λετο
2015 1857 2196 1922 αὐτὸς
2224 1859 2446 1925 ἀνῄρει,
2479 1860 2576 1912 καί
2610 1861 2715 1926 οὓς
2741 1861 3018 1916 ἐϐούλετο
3054 1864 3230 1928 αὐτὸς
3261 1866 3395 1918 ἐτυ-

1851 1959 2013 2007 πτεν,
2038 1947 2134 1999 καὶ
2151 1948 2259 2010 οὓς
2283 1948 2557 2001 ἐϐούλετο
2583 1950 2760 2016 αὐτὸς
2780 1952 3086 2006 ὲταπείνου
3100 1967 3146 2006 ﬂ.
3166 1954 3272 2006 Kal
3297 1956 3397 2008 ὅτε

1849 2035 2056 2103 ὑψώθη
2093 2039 2130 2103 ἠ
2176 2037 2383 2104 καρδία
2432 2039 2643 2102 αὑτοῦ,
2692 2040 2788 2092 καὶ
2835 2043 2897 2094 τὸ
2953 2042 3179 2110 πνεῦμα
3211 2045 3394 2098 αὑτοῦ

1849 2124 2203 2194 ἐκραταιώθη
2243 2127 2347 2180 τοῦ
2390 2131 3022 2197 ύπερηςςανεύσασθαι,
3061 2135 3391 2202 κατηνέχθη

1848 2217 1964 2270 ἀπὸ
1995 2217 2097 2269 τοῦ
2137 2218 2347 2284 θρόνου
2375 2219 2481 2286 τῆς
2499 2221 2814 2287 βασιλείας
2831 2223 3031 2288 αὑτοῦ,
3061 2225 3155 2276 καί
3192 2226 3228 2290 η
3256 2226 3390 2295 τιμὴ

1847 2308 2028 2362 αὐτοῦ
2048 2309 2307 2377 ἀφῃρέθη
2333 2311 2431 2364 ἀπ’
2454 2310 2657 2374 αὺτοῦ,
2679 2312 2774 2364 καὶ
2802 2313 2916 2365 ἀπὸ
2937 2313 3051 2367 τῶν
3077 2315 3393 2383 ἀνθρώπων

1845 2395 2173 2464 ἐξεδιώχθη.
2203 2399 2299 2450 καὶ
2341 2399 2377 2465 ἠ
2409 2399 2616 2466 καρδία
2649 2401 2830 2453 αὑτοῦ
2852 2403 3000 2468 μετὰ
3039 2402 3153 2455 τῶν
3178 2407 3392 2472 θηρίων

1845 2488 2040 2554 ἐδόθη,
2093 2489 2187 2540 καὶ
2228 2490 2376 2556 μετὰ
2405 2491 2556 2542 ὄνων
2593 2492 2806 2560 ἀγρίων
2849 2493 2885 2557 ἡ
2933 2491 3080 2564 [252]
3127 2497 3392 2549 κατοικία

1845 2577 2049 2640 αὑτοῦ,
2077 2579 2170 2630 καί
2204 2579 2419 2645 χόρτον
2447 2580 2526 2644 ὠς
2562 2579 2722 2643 ,ϐοῦν
2755 2580 3037 2649 ἐψώμιζον
3063 2582 3263 2646 αὐτὸν,
3294 2583 3391 2636 καὶ

1845 2667 1962 2719 ἀπὸ
2009 2667 2116 2735 τῆς
2161 2668 2380 2736 δρόσου
2428 2670 2531 2722 τοῦ
2581 2672 2834 2736 οἰριινοῦ
2878 2672 2942 2723 τὸ
2989 2670 3155 2740 σῶμα
3207 2674 3389 2728 αὐτοῦ

1844 2758 2050 2826 ἐδάφη,
2071 2759 2178 2824 ἕως
2201 2757 2268 2814 οὗ
2297 2761 2446 2828 ἔγνω
2469 2762 2555 2813 ὅτι
2584 2763 2836 2827 κυριεύει
2865 2764 2895 2814 ό
2913 2763 3048 2827 Θεὸς
3081 2767 3112 2816 ό
3137 2764 3390 2831 ὕψιστος

1844 2850 1953 2916 τῆς
1988 2851 2303 2914 βασιλείας
2336 2849 2450 2903 τῶν
2477 2851 2796 2918 ἀνθρώπων
2817 2891 2831 2913 ,
2869 2852 2964 2904 καί
3012 2845 3058 2918 ᾧ
3089 2852 3194 2905 ἐὰν
3242 2853 3388 2922 δόξῃ

1845 2937 2018 2991 δώσει
2049 2939 2257 3004 αὐτήν.
2305 2939 2366 2990 El
2403 2938 2509 3009 γὰρ
2548 2941 2767 3002 ἐκεῖνος,
2802 2940 2951 3008 φησὶ,
2993 2940 3386 3007 ἀσύγγνωστος,

1847 3029 1910 3080 σὺ
1954 3031 1981 3081 ὁ
2028 3029 2162 3098 μετὰ
2210 3031 2550 3100 παράδειγμα
2598 3029 2832 3083 τοιοῦτον
2867 3031 2938 3099 μὴ
2974 3031 3386 3101 σωφρονισθεὶς,

1843 3121 1984 3180 τίνος
2029 3118 2204 3182 ἄξιος,
2239 3121 2356 3172 εἰπέ
2392 3137 2506 3188 μοι;
2543 3121 2670 3173 Οὐδὲ
2719 3123 2824 3191 γὰρ
2871 3123 2946 3183 είς
2990 3122 3205 3189 ἄγνοιαν
3249 3123 3388 3191 ἔχεις

1732 3259 1752 3270 _
1846 3214 2195 3278 καταφυγεῖν.
2255 3211 2385 3263 Οὐδὲ
2422 3211 2593 3264 πάντα
2645 3211 2814 3263 ταῦτα
2865 3211 3033 3280 ᾔδειςς
3078 3213 3208 3264 Τίνα
3249 3213 3388 3275 τίνος

1845 3303 2146 3370 προτιμᾷςξ
2185 3304 2306 3362 τοὺς
2328 3302 2423 3352 οὐκ
2452 3301 2760 3365 ἀκούοντας,
2784 3302 2902 3353 οὐδὲ
2934 3301 3247 3369 βλέπονταςς
3281 3301 3387 3355 Kal

1844 3390 1924 3440 σὺ
1948 3393 1978 3441 ό
2000 3390 2123 3454 υίὸς
2143 3389 2343 3453 αὐτοῦ,
2371 3389 2701 3456 Βοςιλτάσαρ,
2730 3392 2836 3442 οὐκ
2854 3390 3252 3455 ἐταπείνωσας
3276 3390 3389 3457 τὴν

1843 3478 2090 3544 καρδίαν
2120 3493 2234 3531 σου
2281 3481 2403 3530 κατ’
2453 3477 2702 3530 ἐνώπιον
2730 3477 2834 3530 τοῦ
2866 3475 3028 3529 Θεοῦ.
3074 3477 3153 3528 Οὐ
3195 3475 3386 3528 πάντα

1842 3568 2024 3620 ταῦτα
2049 3569 2266 3634 ἕγνως;
2304 3567 2409 3620 Kal
2446 3568 2540 3619 ἐπὶ
2573 3568 2678 3619 τὸν
2719 3567 2934 3633 Κύριον
2970 3565 3073 3618 τὸν
3106 3565 3251 3618 Θεὸν
3280 3565 3384 3618 τοῦ

1842 3660 2094 3725 οὐρανοῦ
2126 3659 2385 3726 omam,
2422 3660 2518 3711 καὶ
2555 3661 2626 3712 τὰ
2650 3660 2835 3725 σκεύη
2866 3659 2968 3712 τοῦ
3007 3658 3174 3711 οτκου
3201 3659 3383 3712 αὑτοῦ

1840 3750 2094 3818 ἤνεγκας
2120 3749 2372 3805 ἐνώπιόν
2401 3767 2540 3804 σου·
2583 3749 2674 3802 καί
2708 3749 2808 3812 σὺ,
2841 3748 2936 3801 καὶ
2968 3752 3018 3801 οι
3035 3748 3384 3817 μεγιστιῐνές

1841 3857 1973 3901 σου,
1996 3841 2090 3893 καὶ
2124 3843 2176 3893 οἱ
2204 3841 2544 3908 παράκοιτοί
2563 3857 2698 3904 σου,
2735 3840 2828 3893 καὶ
2853 3843 2910 3892 αἱ
2939 3841 3238 3893 παλλακαί
3267 3855 3382 3892 σου

1837 3933 2066 3987 ἐπίνετε
2095 3930 2258 3986 οἶνον
2277 3935 2344 3986 ἐν
2364 3933 2583 3998 αὐτοῖς·
2610 3935 2702 3985 καὶ
2725 3932 2864 3996 τοὺς
2883 3931 3049 3995 θεοὺς
3080 3929 3219 3994 τοὺς
3242 3947 3382 3996 γρυ-

1837 4025 2005 4088 σοῦς,
2041 4024 2464 4092 καὶάργιψοῦς,
2504 4024 2597 4075 καὶ
2629 4021 2917 4091 χαλκοῦς,
2953 4020 3046 4072 καὶ
3079 4017 3378 4085 σιδηροῦς,

1837 4112 1932 4162 καὶ
1964 4111 2276 4176 ξυλίνους,
2312 4111 2406 4163 καὶ
2442 4109 2801 4175 λιθίνους,οτ
2832 4112 2900 4163 οὐ
2934 4110 3251 4172 βλέπουσι,
3281 4110 3377 4162 καί

1836 4203 1945 4254 οὐκ
1974 4202 2280 4266 ἀκούουσι,
2309 4202 2405 4253 καί
2449 4204 2519 4254 οὐ
2547 4201 2962 4269 γινώσκουσιν,
3000 4201 3240 4267 ᾔνεσας.
3281 4201 3376 4254 καὶ

1834 4293 1938 4345 τὸν
1958 4294 2122 4355 Θεὸν,
2137 4290 2205 4348 οὗ
2236 4297 2273 4360 ἡ
2299 4294 2450 4360 πνοή
2472 4309 2585 4347 σου
2606 4294 2674 4346 έν
2693 4293 2838 4361 χειρί
2860 4293 3060 4354 αὑτοῦ,
3075 4293 3169 4346 καὶ
3193 4293 3379 4346 πᾶσαι.

1833 4388 1891 4437 al
1930 4385 2054 4438 όδοί
2085 4403 2218 4447 σου,
2259 4386 2444 4437 αὑτὸν
2484 4387 2590 4438 οὐκ
2627 4385 2936 4448 ἐδόξασας.
2973 4383 3071 4438 Διά
3110 4383 3282 4437 τοῦτο
3309 4387 3376 4438 ἐκ

1834 4477 2150 4543 προσώπου
2185 4475 2369 4528 αὑτοῦ
2407 4475 2715 4541 ἀπεστάλη
2760 4474 3125 4542 ἀστράγαλος
3162 4476 3374 4543 χειρὸς,

1833 4567 1929 4619 καὶ
1970 4567 2082 4632 τὴν
2127 4565 2361 4632 γραφὴν
2411 4566 2629 4631 ταύτην
2684 4565 2940 4628 ἐνέταξε.
2983 4565 3091 4617 Καὶ
3139 4566 3286 4632 αῦτη
3337 4569 3373 4635 ἡ

1833 4656 2021 4723 ῃοαφὴ
2053 4657 2088 4721 ὴ
2115 4653 2500 4722 ἐντεταγμένη
2518 4673 2531 4686 ο
2555 4655 2746 4721 Μανὴ,
2788 4655 2990 4717 Θεκὲλ,
3033 4655 3216 4723 Φαρές
3237 4672 3250 4685 ’
3280 4657 3376 4710 καί

1832 4747 2002 4798 τοῦτο
2041 4747 2103 4798 τὸ
2135 4749 2426 4815 σύγκριμα
2446 4747 2549 4800 τοῦ
2580 4745 2886 4815 ὁράματος.
2919 4747 3085 4814 Μανή
3107 4765 3120 4780 ·
3141 4749 3376 4817 ἐμέτρη-

1830 4853 1940 4890 σεν
1969 4841 2000 4890 ό
2027 4837 2166 4902 Θεὸς
2197 4838 2309 4905 τὴν
2347 4839 2669 4901 βασιλείαν
2707 4855 2842 4901 σου,
2887 4839 2984 4892 καὶ
3028 4839 3375 4906 ἐπλήρωσεν

1829 4927 2034 4993 αὑτήν.
2063 4931 2244 4981 Θεκέλ
2268 4943 2282 4957 ·
2312 4928 2532 4995 ἐστάθη
2561 4929 2628 4981 ἑν
2654 4928 2818 4997 ζυγῷ,
2843 4930 2937 4981 καὶ
2969 4929 3171 4996 εὑρέθη
3197 4931 3373 4984 ὑστε-

1819 5015 2032 5082 ροῦσα.
2054 5017 2236 5082 Φαρές
2252 5033 2264 5045 ·
2290 5017 2522 5084 διῃρέθη
2557 5021 2594 5085 ἡ
2610 5020 2893 5081 ,ϐασιλεία
2917 5035 3050 5082 σου,
3077 5019 3170 5073 καὶ
3198 5021 3372 5089 ἐδόθη

1825 5107 2048 5172 Μήδοις
2069 5109 2161 5160 καὶ
2195 5109 2465 5176 Πέρσαις.
2485 5112 2581 5162 Διὰ
2603 5111 2793 5173 τοῦτο,
2817 5112 2966 5178 φησὶ,
2991 5110 3310 5178 ἐμέτρησεν
3339 5115 3372 5166 ὁ

1827 5197 1968 5262 Θεὸς
1999 5197 2109 5262 τὴν
2143 5198 2467 5260 ,βασιλείαν
2498 5214 2634 5261 σου,
2663 5197 2758 5249 καὶ
2787 5196 3043 5264 διῃρέθη.
3076 5199 3183 5251 Καὶ
3217 5199 3374 5252 τοῦτο

1823 5290 1900 5351 εἰς
1929 5289 2210 5358 τιμωρίαν,
2257 5290 2314 5341 τὸ
2346 5289 2696 5358 διαιρεθῆναι,
2733 5290 2822 5342 καὶ
2871 5290 2944 5360 μὴ
2993 5291 3170 5360 μένειν
3204 5291 3372 5361 αὐτὴν

1881 5507 1905 5533 ⁸
1932 5507 2021 5552 Καὶ
2047 5505 2122 5558 οὓς
2161 5503 2374 5554 ἐϐούλετο
2418 5503 2558 5558 αὐτὸς
2598 5504 2852 5552 ἐταπείνου.
2883 5503 2949 5551 Ita
2987 5503 3256 5559 explendas
3292 5508 3370 5552 est

1817 5567 1910 5614 iste
1942 5568 2090 5621 locus,
2119 5566 2198 5609 καὶ
2223 5565 2299 5617 οὓς
2337 5565 2553 5612 ἐϐούλετο
2577 5567 2713 5626 ὕψου.
2750 5567 2826 5611 καὶ
2848 5566 2942 5626 ,οὓς
2974 5565 3189 5611 ἐϐούλετο
3232 5564 3373 5626 αύτὸς

1817 5627 2074 5688 ξταπεξνου,
2115 5627 2170 5688 Eg
2191 5637 2306 5685 quos
2342 5625 2538 5686 volebat,
2558 5622 2656 5688 ἤμεε
2678 5625 2930 5685 exultabat,
2969 5631 3012 5675 ιιι
3035 5636 3149 5687 quos
3173 5622 3369 5686 volebat,

1816 5684 1915 5746 ipse
1937 5684 2241 5748 deprimebat.
