4112 6486
286 390 398 442 225

290 486 470 542 datum
507 499 605 553 est,
637 491 801 547 Medis
847 508 909 549 ac
954 495 1130 551 Persis
1168 498 1266 566 (α).
1290 525 1307 557 ι
1350 500 1563 565 Idcirco,
1597 502 1685 566 ait,
1718 500 1852 556 Deus

298 594 502 645 regnum
529 590 673 632 tuum
701 598 894 635 mensus
935 595 1037 647 est,
1078 596 1122 637 et
1168 589 1376 640 divisum
1412 600 1501 642 est.
1553 591 1617 644 Et
1663 591 1762 644 hoc
1805 591 1856 643 in

300 667 615 735 supplicium
649 668 777 734 fuit,
809 672 948 739 quod
981 674 1200 728 divisum
1228 687 1342 740 est,
1377 693 1471 732 nec
1501 681 1690 732 mansit
1720 681 1856 734 inte-

298 771 470 821 grum.
499 757 649 822 Quod
681 769 732 812 et
761 761 810 812 in
843 760 1126 818 Salomone
1154 767 1385 835 conligit.
1418 767 1530 821 Non
1560 768 1715 822 modo
1740 771 1857 837 quia

301 844 583 900 llaltasaris
613 847 750 902 ﬁlius
785 865 887 903 non
925 854 1133 921 excepit
1160 870 1398 924 regnum,
1428 857 1520 912 sed
1546 867 1598 913 et
1626 860 1744 929 (mia
1776 859 1859 914 di-

299 934 472 987 visum
502 948 601 990 est.
633 936 766 990 Vide
797 948 851 992 ut
881 941 1018 996 Deus
1046 957 1104 997 se
1131 944 1203 997 illi
1233 956 1447 1000 excuset
1475 964 1488 1000 :
1522 948 1640 1003 vide
1676 959 1730 1002 ut
1768 965 1859 1004 rex

301 1023 574 1077 infortunii
614 1027 694 1080 sui
738 1029 806 1082 sit
834 1041 1032 1085 auctor.
1074 1031 1138 1085 In
1177 1036 1352 1103 cujus,
1383 1037 1574 1104 inquit,
1607 1055 1756 1091 manu
1791 1048 1859 1092 est

299 1116 456 1182 ﬂatus
477 1125 610 1170 tuus.
637 1117 821 1173 Nonne
850 1122 988 1174 enim
1015 1132 1219 1191 poterat
1247 1125 1422 1179 statim
1446 1135 1496 1180 te
1522 1127 1859 1182 interimere?

299 1203 404 1260 Sed
432 1207 634 1274 patiens
663 1208 778 1261 fuit.
807 1209 971 1275 Quem
1000 1226 1103 1264 non
1137 1215 1246 1267 haac
1277 1228 1427 1281 poena
1467 1215 1857 1283 perterruisset,

298 1309 467 1361 eaque
496 1296 546 1348 in
583 1299 913 1367 propinquo?
940 1299 1098 1355 Vides
1126 1311 1434 1370 potestatem
1460 1305 1524 1357 ad
1553 1305 1860 1374 utrumque?

300 1384 462 1448 unde,
494 1400 692 1453 (ιυειξεο,
725 1389 874 1441 venia
904 1387 1094 1459 dignus
1119 1391 1216 1444 es?
1243 1400 1295 1445 et
1328 1403 1382 1446 tu
1418 1392 1555 1447 ﬁlius
1592 1393 1725 1462 ejus,
1754 1410 1859 1449 non

299 1473 471 1529 habeo
517 1475 692 1531 dicere
736 1493 896 1547 nepos
937 1480 1047 1548 (b),
1084 1497 1258 1536 nonne
1300 1484 1472 1536 omnia
1516 1483 1629 1539 hrec
1670 1486 1862 1539 noras?

299 1563 753 1628 Quemadmodum
782 1567 832 1620 in
863 1567 974 1622 foro
1006 1568 1236 1638 judiciali
1283 1572 1540 1625 sententia
1579 1572 1858 1639 scribitur,

299 1654 400 1707 iste
427 1669 489 1707 ea
513 1671 629 1723 qua:
657 1657 1058 1724 pronuntiantur
1085 1659 1474 1727 interpretatur.
1503 1660 1652 1717 Unde
1679 1664 1783 1732 regi
1811 1664 1860 1717 in

298 1752 534 1799 mentem
569 1747 713 1799 venit
750 1747 1012 1802 Danielem
1053 1749 1347 1807 honorare?
1379 1752 1445 1806 Ut
1478 1754 1604 1807 ntihi
1634 1755 1859 1822 videtur,

300 1852 365 1890 ne
393 1838 459 1891 ab
485 1838 547 1891 iis
573 1839 660 1907 qui
690 1839 905 1893 aderant
929 1842 1384 1909 condemnaretur,
1409 1855 1461 1899 ct
1487 1847 1620 1902 forte
1644 1861 1861 1916 sperans

300 1939 358 1979 se
390 1940 484 1994 per
513 1927 627 1982 haec
656 1927 1016 1983 liberationem
1045 1930 1399 1987 inventurum.

916 2085 1137 2143 CAPUT
1177 2086 1261 2141 Vl.

371 2241 423 2293 4.
472 2257 491 2290 t
538 2239 602 2293 Et
648 2254 738 2293 rex
776 2239 1046 2293 constituit
1084 2254 1202 2293 eum
1250 2255 1410 2308 super
1449 2257 1604 2298 omne
1645 2258 1861 2312 regnum

301 2343 480 2380 suum.
512 2329 574 2381 Et
601 2329 928 2383 ordinatores
965 2338 1016 2382 et
1049 2340 1272 2398 satrapze
1302 2333 1605 2398 quaerebant
1634 2333 1867 2387 invenire

301 2428 486 2471 centra
519 2418 787 2472 Danielcm
828 2420 1156 2473 occasionem
1179 2461 1192 2485 ,
1224 2436 1288 2473 ex
1323 2436 1504 2489 regno.
1551 2421 1614 2474 Et
1655 2437 1863 2476 omnem

306 2518 617 2574 prartextum
643 2524 704 2562 ac
729 2508 978 2562 offensam
1009 2524 1108 2563 non
1139 2511 1450 2564 invenerunt
1478 2512 1527 2563 iit
1559 2511 1722 2576 illum,
1747 2512 1865 2579 quia

305 2599 475 2653 ﬁdelis
499 2609 613 2652 erat
650 2618 668 2650 ι
705 2617 717 2651 :
750 2599 796 2651 id
823 2606 923 2664 est,
948 2599 1058 2667 regi
1082 2610 1196 2653 erat
1224 2601 1561 2654 benevolus’.
1590 2601 1705 2663 Vel,
1738 2601 1866 2667 Quia

303 2689 468 2753 ﬁdelis
498 2697 601 2739 erat
633 2703 650 2738 :
680 2688 776 2741 hoc
813 2698 922 2753 est,
963 2689 1258 2741 conﬁdebat
1296 2690 1431 2752 Deo;
1472 2699 1524 2742 et
1564 2690 1651 2743 ille
1691 2691 1866 2744 omnia

303 2775 562 2843 gubernat
587 2792 598 2826 :
627 2775 732 2828 Deo
754 2785 924 2830 autem
946 2775 1302 2845 gubernante,
1317 2778 1454 2845 quod
1477 2777 1724 2832 damnum
1749 2793 1867 2832 eve-

306 2865 420 2917 nire
455 2864 684 2931 poterit?
713 2864 846 2929 Quid
879 2867 1033 2935 igitur
1067 2868 1172 2919 ait?
1198 2869 1249 2920 5.
1288 2866 1535 2920 Dixerunt
1564 2870 1867 2921 ordinatores

303 2955 361 3015 ii,
396 2951 514 3006 Non
542 2954 840 3008 inveniemus
862 2967 1034 3008 contra
1061 2954 1317 3009 Dauiele'n
1345 2958 1669 3022 occasionem,
1697 2957 1792 3010 nisi
1816 2958 1868 3010 in

305 3045 534 3114 legitimis
560 3043 654 3098 Dei
682 3046 776 3096 sui.
806 3045 962 3107 Nihil,
993 3046 1252 3113 inquiunt,
1277 3047 1498 3100 inveniri
1526 3055 1716 3115 potest.
1743 3047 1869 3100 Pro-

305 3147 424 3205 pter
449 3135 612 3208 quid?
640 3135 823 3189 Nonne
861 3137 1016 3190 homo
1043 3137 1160 3189 est?
1189 3153 1252 3189 an
1287 3136 1336 3188 in
1368 3137 1608 3191 omnibus
1652 3146 1868 3204 peccato

304 3228 398 3280 fuit
437 3227 721 3279 immunis?
764 3227 1014 3279 Futurum
1058 3227 1312 3280 incertum
1353 3235 1433 3280 est
1469 3244 1480 3279 :
1513 3236 1565 3279 et
1601 3226 1668 3280 de
1712 3225 1868 3279 rebus

305 3317 492 3370 futuris
522 3331 624 3384 qua
663 3316 864 3370 ratione
893 3315 1205 3368 afﬁrmatis?
1229 3317 1294 3369 Et
1317 3317 1460 3369 aiunt
1484 3333 1497 3370 :
1524 3316 1866 3382 Experimen-

307 3415 415 3458 tnm
442 3421 508 3458 ex
542 3404 667 3472 ipsis
708 3405 862 3458 rebus
901 3405 1239 3471 sumpsimus.
1271 3403 1389 3456 Nisi
1415 3404 1465 3455 in
1493 3404 1720 3472 legitimis
1744 3443 1757 3467 ,
1786 3404 1868 3455 iit--

304 3495 512 3561 quiunt,
542 3492 637 3544 Dei
657 3494 753 3555 sui,
788 3509 881 3544 non
906 3492 1202 3544 inveniemus
1227 3492 1552 3544 occasionem.
1575 3492 1730 3558 Atqui
1755 3491 1870 3545 istic

307 3585 474 3637 multo
505 3584 672 3652 magis
701 3592 779 3636 cst
813 3582 1311 3649 irrepreltensibilis.
1344 3581 1706 3635 Tentationem
1747 3597 1868 3649 per-

307 3674 466 3726 mittit
495 3673 631 3725 Deus
660 3671 725 3724 ad
756 3671 1133 3738 probationem.
1159 3670 1340 3724 Nonne
1366 3670 1504 3724 enim
1536 3678 1736 3738 poterat
1763 3671 1869 3724 illo-

309 3777 424 3814 rnm
451 3760 700 3814 cohibere
730 3759 1018 3810 malitiam?
1047 3757 1241 3811 Verum
1270 3767 1323 3810 ut
1343 3772 1436 3825 per
1461 3757 1511 3811 id
1538 3759 1786 3823 disceres,
1817 3768 1870 3812 et

310 3851 448 3903 hunc
494 3849 793 3914 mirareris,
832 3863 936 3901 non
979 3847 1176 3901 invidet
1215 3847 1422 3901 famulis
1461 3848 1567 3900 suis
1595 3864 1864 3902 coronam.

309 3940 360 3992 fi.
400 3957 415 3987 ι
453 3938 600 3990 Tune
635 3937 964 3991 ordinatores
1001 3947 1054 3990 et
1090 3947 1313 4004 satrapae
1341 3937 1621 3990 astiterunt
1645 3939 1751 4007 regi
1774 3980 1786 4002 ,
1817 3949 1870 3992 et

309 4030 554 4082 dixerunt
579 4027 627 4080 ei
655 4043 667 4079 :
699 4028 816 4079 Dari
844 4042 954 4088 rex,
982 4025 1032 4078 in
1060 4037 1310 4080 aiternnm
1339 4027 1473 4081 vive.
1502 4028 1554 4081 7.
1584 4029 1868 4082 Consilium

310 4121 544 4175 inierunt
569 4133 750 4172 omnes
779 4118 868 4186 qui
892 4132 1049 4185 super
1076 4133 1292 4186 regnum
1328 4127 1468 4170 tuum
1496 4117 1676 4182 duces,
1709 4125 1763 4171 et
1787 4133 1870 4171 sa-

377 4333 392 4363 ι
429 4330 755 4392 Theodoretus
784 4330 851 4376 sic
885 4329 1064 4392 habet:
1086 4327 1314 4392 Pietatem
1337 4327 1460 4392 enim
1481 4326 1730 4378 observans
1755 4343 1870 4392 erga

313 4400 468 4455 Deum
492 4389 638 4455 muth
656 4402 787 4455 reges
811 4386 1122 4455 benevolentia
1147 4387 1551 4455 complectebatur.

375 4454 446 4511 (η)
481 4459 574 4498 Non
597 4449 741 4511 dicit,
770 4451 958 4496 Dabitur
983 4450 1127 4496 Medis
1150 4462 1204 4511 ac
1229 4449 1409 4508 Persis;
1446 4462 1565 4511 nec,
1595 4457 1761 4498 Datum
1794 4459 1871 4499 est

311 4508 619 4569 Nabdanido;
644 4510 755 4567 sed,
782 4517 954 4558 Datum
976 4516 1042 4571 est
1067 4508 1214 4557 Medis
1249 4521 1304 4556 ac
1329 4509 1502 4567 Persis,
1523 4518 1575 4557 ut
1597 4511 1657 4558 de
1695 4525 1750 4571 re
1778 4513 1874 4571 jam

312 4573 490 4630 futura;
519 4579 679 4618 errant
697 4572 840 4631 igitur
864 4571 950 4617 viri
972 4569 1094 4617 docti
1119 4572 1199 4631 qui
1222 4571 1310 4617 hoc
1334 4572 1602 4618 vaticinium
1629 4569 1874 4631 impletum

311 4635 451 4679 annis
474 4629 579 4690 post
604 4629 948 4690 septemdecim
973 4629 1277 4691 contendunt.
1319 4631 1487 4677 Eadem
1511 4629 1703 4691 quippe
1736 4640 1874 4680 nocte

311 4688 502 4740 occisus
525 4699 600 4738 est
623 4688 824 4739 Baltasar
843 4725 857 4746 ,
885 4698 936 4738 et
957 4688 1156 4750 Babylon
1195 4699 1484 4750 expugnata.
1511 4688 1604 4738 Nec
1625 4688 1779 4739 obstat
1803 4692 1873 4740 lo-

311 4766 400 4801 cus
425 4752 446 4798 1
476 4758 589 4811 Reg.
618 4752 692 4805 15,
712 4751 787 4808 ‘28,
809 4740 952 4811 quem
971 4740 1132 4811 objicit
1154 4740 1437 4811 clarissimus
1461 4753 1679 4811 Petavius
1699 4766 1708 4798 :
1730 4751 1874 4800 Scidit

314 4809 763 4873 Dornmus'regnnm
790 4809 934 4873 Israel
953 4825 985 4873 ar
998 4809 1040 4858 te
1062 4809 1216 4873 hodie,
1236 4818 1278 4857 et
1298 4809 1498 4873 tradidit
1518 4810 1638 4859 illud
1656 4812 1875 4873 proximo

315 4881 412 4928 tito,
425 4870 607 4919 meliori
624 4879 682 4931 te.
701 4869 1048 4931 Intelligendus
1069 4871 1196 4918 enim
1215 4877 1290 4917 est
1307 4870 1373 4931 de,
1385 4869 1870 4931 inunctione'Davidis,

314 4945 424 4993 quae
451 4945 542 4979 non
567 4929 715 4978 multo
739 4929 942 4993 post_E:st
967 4933 1102 4979 facta.
1127 4937 1241 4993 sunt
1263 4930 1425 4993 etalia
1450 4945 1542 4979 non
1560 4945 1712 4992 pauca
1737 4929 1873 4992 argu-

314 4990 475 5042 menta
496 5031 508 5054 ,
533 4993 720 5054 quibus
742 4990 897 5054 fabula
939 4994 1058 5054 Darii
1091 4991 1342 5054 Nabonnidi
1376 4990 1614 5051 jugulatur
1637 5007 1650 5054 ;
1675 4990 1872 5054 quorum

318 5052 538 5102 nonnulla
552 5051 663 5107 nos,
688 5053 724 5097 si
750 5052 934 5097 occasio
956 5051 1107 5105 feret,
1133 5064 1224 5099 non
1247 5053 1537 5100 omittemus.

377 5114 448 5174 (ὸ)
483 5121 578 5174 Lina
602 5113 808 5174 omnium
834 5110 1174 5174 verisimillima
1198 5114 1439 5160 sententia
1470 5121 1559 5169 est,
1589 5112 1872 5162 Baltasarem

312 5171 460 5221 fuisse
485 5173 628 5220 tilium
652 5171 1016 5231 Evilmerotlachi
1033 5205 1044 5224 ,
1071 5179 1294 5231 nepotem
1317 5185 1431 5220 vero
1454 5174 1873 5222 Nabuchodonoso-

311 5239 396 5290 ris,
421 5236 532 5295 quia
553 5240 734 5295 Jerem.
745 5230 832 5295 7‘27,
858 5230 904 5295 _7,
931 5239 1112 5295 gentes
1121 5230 1377 5295 servitura:
1399 5233 1618 5281 dicuntur
1642 5235 1874 5283 aabucbo-

310 5290 563 5360 dottosori,
605 5299 655 5341 et
692 5291 785 5339 ﬁlio
807 5292 962 5360 ejus,
1003 5298 1052 5338 et
1087 5290 1180 5338 ﬁlio
1219 5291 1298 5340 ﬁlii
1333 5294 1451 5354 ejus.
1487 5296 1682 5342 Omnino
1715 5303 1872 5360 tamen

310 5356 558 5415 rejiciendi
586 5367 679 5401 non
713 5357 822 5415 sunt
847 5355 875 5397 ii
902 5355 1193 5411 interpretes
1204 5390 1222 5415 Α,
1248 5362 1442 5401 veteres
1466 5367 1519 5402 ac
1542 5355 1839 5415 recentiores
1857 5390 1870 5414 ,

308 5411 484 5479 quibus
506 5413 1011 5479 Nabuchodouomrus"
1029 5419 1102 5458 est
1142 5411 1236 5479 vel“
1259 5427 1458 5472 proavus
1496 5414 1738 5479 Baltasaris
1756 5451 1768 5471 ,
1797 5411 1873 5479 vel

341 5486 445 5526 ater
467 5472 840 5524 Evilmerodachi
858 5485 918 5536 ac
940 5470 1182 5536 Baltasaris
1215 5470 1441 5536 fratrum;
1478 5475 1558 5523 vel
1593 5483 1724 5536 pater
1749 5470 1872 5524 unici

341 5538 386 5586 lii
413 5539 686 5594 binominis,
714 5541 767 5583 et.
787 5532 868 5593 qui
893 5533 1028 5580 modo
1051 5529 1456 5594 Evilmerodachus
1473 5570 1486 5594 ,
1513 5529 1650 5584 modo
1673 5536 1874 5585 Baltasar

305 5603 364 5647 sit
389 5593 709 5660 nuncupatus.
748 5601 904 5651 Quare
943 5593 1249 5660 temerarium
1289 5593 1691 5660 heterodoxorum
1727 5610 1872 5646 sacrae

303 5653 563 5722 scripturi
592 5653 1195 5722 interpretumconsilium
1230 5654 1415 5722 probari
1451 5667 1542 5704 non
1577 5665 1765 5718 potest,
1791 5662 1872 5722 qui

301 5714 570 5785 boc'captte
594 5721 644 5770 in
671 5714 832 5767 locum
856 5714 1023 5776 patris,
1049 5725 1187 5761 arum
1209 5714 1515 5767 substituunt.

1661 386 1726 442 IN
1765 385 2124 446 DANIELEM.

3392 424 3504 479 226

1958 509 2137 571 trapac,
2160 504 2458 572 optimates,
2485 515 2535 560 et
2560 507 2843 576 teparchte,
2871 516 3100 564 statuere
3116 518 3318 565 statuto
3349 508 3516 578 regio,

1956 602 2008 646 et
2033 596 2343 650 confirmare
2369 598 2795 652 constitutionem
2825 615 2838 650 :
2869 607 2924 653 ut
2947 601 3262 670 quicumque
3299 600 3510 669 petierit

1957 682 2023 735 ab
2051 684 2155 736 ullo
2178 684 2278 738 deo
2306 685 2384 740 vel
2425 685 2636 741 homine
2666 688 2971 756 petitionem
3000 703 3163 758 usque
3188 690 3255 743 ad
3280 689 3394 744 dies
3409 689 3512 742 .tri-

1957 773 2096 840 ginta
2121 777 2156 837 ⁸,
2187 775 2286 828 nisi
2311 790 2339 829 a
2366 785 2448 859 δε,
2476 791 2572 832 rex
2591 817 2605 842 ,
2636 779 2871 831 mittatur
2908 779 2959 832 in
2999 778 3168 833 lacum
3200 780 3430 834 leonum.
3454 779 3507 834 8.

1957 861 2104 916 Nunc
2133 865 2305 932 igitur,
2335 881 2426 919 rex
2449 906 2464 931 ,
2494 873 2663 920 statue
2700 868 3124 922 constitutionem
3146 909 3159 932 ,
3193 878 3246 922 et
3278 884 3512 938 propono

1959 953 2288 1022 scripturum,
2320 965 2504 1009 utnon
2537 957 2837 1011 immutctur
2865 957 3134 1013 decretum
3161 958 3427 1012 Medorum
3458 968 3513 1013 et

1963 1042 2236 1097 Persarum
2268 1043 2361 1113 (a),
2387 1055 2442 1099 ut
2466 1059 2532 1100 ne
2555 1045 2677 1114 quid
2706 1047 3073 1113 prtescribatur
3093 1047 3342 1101 adversus
3364 1047 3510 1101 illud.

1963 1133 2016 1188 9.
2046 1133 2192 1188 Tunc
2221 1149 2312 1188 rex
2340 1135 2524 1190 Darius
2554 1137 2796 1204 praecepit
2825 1137 2982 1190 scribi
3011 1137 3298 1192 decretura.
3329 1155 3349 1190 ι
3380 1138 3513 1192 Vide

1961 1224 2084 1293 quid
2112 1234 2292 1293 agant,
2319 1234 2479 1292 utque
2507 1226 2858 1280 inconsultum
2886 1227 3111 1281 edictum
3140 1236 3368 1282 statuere
3395 1237 3510 1281 stu-

1961 1315 2138 1371 deant.
2164 1315 2231 1369 Et
2249 1315 2432 1384 cupide
2461 1316 2562 1369 hoc
2592 1325 2790 1385 petunt.
2816 1317 2945 1370 Nam
2971 1318 3145 1371 dicere
3168 1335 3180 1370 :
3209 1318 3515 1386 Quicumque

1963 1405 2152 1473 petierit
2180 1404 2240 1456 ab
2271 1405 2465 1458 homine
2482 1446 2497 1470 ,
2525 1405 2772 1460 habuitne
2797 1406 3045 1459 causam?
3078 1406 3180 1461 Sed
3206 1407 3516 1461 videbantur

1961 1493 2215 1548 rationem
2263 1494 2525 1563 petitionis
2565 1510 2658 1563 per
2699 1495 3005 1550 brevitatem
3046 1497 3293 1565 temporis
3329 1496 3516 1551 callide

1960 1583 2241 1638 occultare.
2271 1584 2449 1651 Qualis
2466 1593 2546 1639 est
2573 1585 2671 1639 iste
2697 1594 2976 1653 praetextus
2997 1587 3019 1638 ?
3043 1602 3206 1654 quare
3230 1586 3278 1639 id
3300 1585 3516 1640 dixisti?

1961 1674 2140 1729 Visum
2163 1684 2261 1740 est,
2286 1675 2484 1744 inquit;
2505 1690 2686 1730 omnes
2705 1677 3071 1731 convenientes
3095 1678 3146 1730 id
3172 1678 3515 1741 firmavimus,

1963 1774 2020 1818 ut
2059 1766 2193 1818 intra
2236 1763 2443 1833 triginta
2472 1764 2586 1819 dies
2617 1780 2647 1817 a
2679 1775 2728 1818 te
2761 1765 2872 1818 solo
2903 1775 3094 1833 petant.
3117 1765 3160 1820 Ο
3189 1765 3517 1820 barbaricam

1964 1854 2265 1922 petitionem
2291 1853 2304 1905 !
2334 1867 2366 1907 ο
2395 1854 2570 1907 multae
2598 1852 3050 1907 inconsiderantiae
3080 1855 3288 1922 plenum
3320 1853 3518 1908 benefi-

1963 1945 2120 2005 cium,
2144 1959 2264 1997 eum
2286 1945 2373 2013 qui
2395 1945 2638 1998 honorari
2660 1943 2863 1997 videtur
2881 1944 3114 1998 afﬁciens
3139 1944 3360 2011 probro!
3384 1944 3516 1998 Nam

1963 2035 2006 2088 si
2034 2049 2117 2088 res
2142 2034 2358 2089 honesta
2379 2044 2508 2100 erat,
2530 2035 2801 2104 oportebat
2824 2045 3123 2102 perpetuam
3147 2048 3261 2088 esse
3287 2051 3300 2085 :
3325 2034 3368 2086 si
3390 2048 3516 2088 vero

1964 2127 2218 2196 improba,
2244 2141 2310 2180 ne
2329 2127 2536 2195 quidem
2554 2126 2616 2179 ad
2639 2127 2846 2195 triginta
2867 2125 2978 2178 dies
2998 2124 3204 2176 durare.
3231 2123 3450 2191 Rursus,
3469 2124 3515 2177 si

1963 2214 2098 2268 bona
2118 2256 2131 2279 ,
2163 2229 2259 2268 cur
2297 2213 2681 2268 multitudinem
2720 2213 3037 2268 obtenditis?
3064 2213 3268 2266 Etenim
3309 2212 3420 2265 sine
3450 2225 3515 2266 ea

1964 2318 2196 2357 annuere
2232 2304 2461 2372 oportuit
2489 2320 2501 2355 :
2531 2303 2574 2357 si
2603 2317 2728 2356 vero
2762 2303 2895 2355 mala
2918 2341 2932 2364 ,
2973 2317 3070 2354 nec
3109 2301 3347 2354 universo
3384 2300 3515 2354 orbe

1961 2393 2173 2460 jubente
2214 2392 2679 2461 obtemperandum
2721 2403 2849 2445 erat.
2898 2391 3082 2443 Dolum
3129 2405 3231 2442 non
3279 2387 3516 2456 przevidit

1968 2498 2054 2535 rex
2087 2498 2098 2533 :
2127 2491 2179 2536 et
2208 2482 2305 2535 hoc
2329 2497 2391 2535 ex
2420 2483 2482 2535 iis
2501 2497 2614 2550 qua:
2634 2490 2808 2549 postea
2830 2481 3158 2546 contigerunt
3183 2476 3510 2530 manifestum

1965 2579 2063 2622 est.
2095 2569 2374 2622 Constituit
2401 2569 2560 2633 enim,
2587 2578 2639 2621 et
2667 2567 3086 2621 constitutionem
3112 2565 3328 2632 publicis
3349 2563 3511 2616 literis

1967 2660 2257 2723 firmarunt,
2291 2667 2345 2710 ut
2373 2673 2540 2726 neque
2567 2658 2758 2710 volenti
2790 2658 2893 2723 regi
2921 2665 3124 2722 tempus
3153 2653 3402 2707 renuendi
3428 2667 3513 2705 es-

1967 2757 2046 2800 set
2069 2748 2332 2816 deinceps.
2357 2747 2489 2813 Quid
2515 2747 2686 2814 itaque
2706 2745 2774 2797 ait
2798 2744 2994 2807 Daniel,
3022 2759 3138 2797 cnm
3163 2745 3254 2795 ista
3283 2742 3514 2811 accepit?

1965 2835 2220 2889 Turbatus
2247 2852 2350 2888 non
2378 2845 2487 2899 est;
2515 2834 2743 2901 pristinae
2767 2833 3125 2885 consuetudini
3147 2831 3273 2886 nihil
3301 2830 3512 2898 adjecit,

1966 2924 2093 2976 nihil
2139 2923 2351 2977 ademit.
2398 2923 2584 2990 Aspice
2637 2924 2827 2974 virtute
2874 2922 3143 2988 praeditum
3193 2920 3517 2987 aequabiliter

1967 3027 2172 3079 semper
2201 3011 2482 3075 viventem,
2507 3011 2680 3064 omnia
2703 3011 2840 3063 velut
2861 3019 3232 3077 praetereuntes
3258 3010 3434 3072 flores,
3457 3022 3519 3061 ac

1968 3104 2108 3156 velut
2137 3104 2186 3155 in
2217 3101 2411 3154 umbris
2443 3111 2547 3154 tum
2576 3101 2845 3153 commoda
2876 3111 2982 3151 tum
3015 3100 3176 3150 tristia
3209 3098 3513 3148 intuentem.

1966 3192 2091 3245 Nam
2121 3191 2162 3244 si
2190 3191 2254 3242 ab
2281 3190 2424 3242 initio
2457 3188 2587 3242 adeo
2627 3188 3006 3254 imperterritus
3046 3186 3319 3249 manebat,
3353 3185 3517 3237 multo

1968 3283 2130 3350 magis
2160 3296 2295 3334 nunc
2317 3322 2330 3345 ,
2363 3290 2480 3349 post
2509 3279 2850 3333 certaminum
2893 3277 3180 3346 periculum
3210 3286 3284 3329 tot
3309 3276 3518 3329 coronis

1968 3370 2254 3424 redimitus.
2279 3368 2384 3423 Cur
2408 3385 2511 3421 non
2531 3370 2747 3422 accessit
2770 3368 2788 3416 ‘t
2810 3384 2901 3420 cur
2923 3379 3135 3435 questus
3155 3380 3258 3419 non
3279 3373 3378 3430 est,
3400 3380 3518 3418 cum

1969 3470 2162 3516 tantam
2205 3458 2450 3527 loquendi
2497 3457 2789 3511 libertatem
2830 3458 2964 3526 apud
3003 3472 3177 3525 regem
3219 3456 3520 3508 obtineret?

1969 3548 2185 3604 Nolebat
2219 3549 2268 3602 id
2308 3563 2462 3617 agere
2497 3547 2670 3602 verbis
2693 3586 2706 3608 ,
2738 3547 2830 3600 sed
2869 3547 3022 3600 rebus
3075 3545 3313 3613 Alioquin
3344 3553 3518 3598 autem

1969 3640 2157 3708 ubique
2185 3654 2301 3692 cum
2332 3637 2642 3701 invenimus,
2671 3652 2787 3690 cum
2815 3651 2938 3690 usus
2969 3646 3132 3697 vocat,
3170 3634 3409 3702 prosilire
3436 3644 3518 3687 at-

1969 3745 2069 3797 que
2098 3728 2362 3782 accedere.
2397 3727 2482 3781 10.
2517 3745 2535 3776 ‹
2571 3726 2635 3779 Et
2664 3726 2844 3779 Daniel
2869 3725 3076 3795 quando
3114 3725 3358 3793 cognovit
3390 3725 3524 3776 scri-

1970 3828 2112 3889 ptum
2143 3833 2259 3873 esse
2286 3817 2556 3872 decretum
2576 3859 2590 3883 ,
2619 3818 2882 3884 ingressus
2907 3825 2985 3870 est
3019 3816 3066 3868 in
3094 3815 3306 3868 domum
3337 3829 3481 3868 suam
3504 3855 3518 3880 ,

1969 3920 2022 3963 et
2049 3910 2290 3963 fenestrae
2317 3917 2513 3976 aperta:
2543 3909 2592 3960 in
2618 3907 2882 3960 ctenaculo
2910 3905 3020 3973 ejus
3049 3915 3228 3958 contra
3255 3904 3520 3973 Jerosoly-

1970 4015 2106 4052 mam
2139 4018 2151 4050 :
2179 4008 2232 4052 et
2272 3999 2437 4052 tribus
2473 3998 2790 4065 temporibus
2828 3997 2929 4049 dici
2966 3995 3203 4049 ﬂectebat
3234 4010 3400 4063 genua
3421 4035 3434 4057 ,
3466 4002 3522 4048 et

1970 4089 2149 4142 orabat
2177 4087 2273 4158 (b),
2300 4097 2351 4142 et
2379 4088 2721 4142 conﬁtebatur
2748 4102 2923 4140 coram
2965 4087 3074 4140 Deo
3112 4102 3206 4139 suo
3225 4127 3239 4150 ,
3280 4095 3336 4138 ut
3368 4096 3519 4139 antea

1969 4177 2150 4231 solitus
2169 4186 2278 4231 erat
2300 4177 2488 4231 facere.
2520 4194 2537 4226 ι
2560 4175 2731 4240 Quare
2753 4190 2845 4227 nos
2863 4175 3128 4228 admonuit
3150 4175 3516 4239 fenestrarum,

1971 4267 2106 4334 quod
2133 4276 2326 4334 apertae
2361 4275 2537 4319 essent
2569 4281 2746 4318 versus
2767 4263 3181 4333 Jerosolymam?
3204 4264 3330 4328 Quia
3353 4257 3522 4316 Judati

1971 4357 2264 4410 vehementi
2316 4355 2458 4408 urbis
2510 4355 2646 4407 illius
2691 4353 2918 4406 visenda:
2966 4354 3272 4406 tenebantur
3313 4352 3522 4405 deside-

1977 4448 2073 4501 rio.
2106 4447 2250 4502 Sicut
2291 4447 2444 4514 igitur
2470 4447 2555 4513 qui
2587 4453 2807 4497 amatam
2839 4444 2992 4495 habet
3016 4443 3283 4495 absentem
3305 4483 3318 4504 ,
3357 4441 3514 4495 etiam

1974 4540 2157 4592 itinera
2182 4552 2246 4590 eo
2272 4537 2510 4589 ducentia
2550 4536 2716 4603 diligit
2745 4551 2756 4584 :
2788 4535 2852 4584 ita
2885 4547 3010 4584 Sane
3040 4542 3091 4584 et
3117 4533 3233 4584 iste.
3263 4533 3361 4584 Alii
3394 4548 3520 4587 vero

1973 4626 2341 4681 desiderabant
2389 4625 2567 4677 urbem
2613 4631 2823 4689 propter
2876 4635 2960 4672 res
3004 4621 3304 4687 corporales
3356 4637 3369 4672 :
3415 4636 3517 4674 non

1974 4724 2145 4767 autem
2176 4714 2293 4776 hic,
2339 4721 2391 4763 at
2434 4720 2647 4780 propter
2686 4709 2902 4777 gloriam
2953 4709 3062 4760 Dei.
3094 4709 3515 4776 Quandoquidem

1975 4805 2023 4858 id
2051 4805 2120 4858 ita
2149 4819 2205 4856 sc
2235 4803 2427 4856 habere
2451 4800 2570 4854 inde
2600 4797 2930 4852 manifestmn
2958 4808 3036 4850 est
3061 4838 3075 4860 ,
3116 4797 3253 4866 quod
3300 4798 3527 4852 noluerit

2036 4997 2050 5026 ¹
2089 4995 2142 5043 In
2178 5001 2301 5042 Orat.
2336 4994 2486 5055 prima
2509 4993 2570 5040 de
2596 4992 2870 5055 Precatione
2907 5002 3145 5055 numerus
3173 4991 3410 5038 ternarius
3444 5004 3530 5051 pro

1974 5059 2153 5104 triceno
2187 5052 2420 5112 habetur,
2463 5061 2619 5102 errato
2659 5053 2879 5100 nimirum
2910 5052 3206 5111 scriptionis,
3246 5065 3336 5099 seu
3375 5055 3531 5113 potius

1973 5129 2230 5164 utemortte.

2038 5179 2107 5238 (α)
2143 5174 2314 5226 Confer
2352 5188 2457 5223 cum
2495 5174 2702 5238 Estheraa
2741 5173 2797 5226 l.
2841 5172 2923 5238 179,
2967 5179 3018 5220 et
3060 5171 3529 5238 intelliges__Da_r_ium

1973 5234 2156 5286 Medum
2180 5239 2440 5297 imperasse
2481 5235 2623 5282 Medis
2653 5247 2708 5281 ac
2741 5237 2926 5297 Persis.
2966 5246 3058 5280 non
3099 5241 3260 5297 autem
3298 5234 3530 5283 Chaldzeis

1973 5299 2110 5354 solis;
2131 5293 2424 5358 proitideque
2440 5308 2533 5342 non
2556 5307 2665 5342 esse
2681 5293 3018 5340 Nabonnidum.
3043 5293 3157 5349 Quid
3183 5296 3327 5352 enim,
3346 5307 3526 5385 quaeso,

1976 5360 2030 5385 ml
2058 5357 2352 5385 οηιπ-Ιηηίηηι
2378 5368 2547 5385 ranam
2593 5354 2832 5385 Morlnrnm
2858 5366 2909 5385 επ·
2935 5361 3178 5385 Dnrcnr-nrn
3206 5353 3344 5385 Ian-nc

1975 5360 2030 5407 ad
2058 5353 2358 5418 Babylonium
2378 5368 2565 5413 regem,
2583 5354 2833 5418 Medorum
2854 5366 2910 5418 ac
2935 5361 3180 5418 Persarum
3201 5353 3371 5418 leges?

2037 5419 2106 5478 (b)
2140 5411 2252 5478 titiuc
2274 5417 2402 5464 hora:
2428 5411 2810 5478 canonicaaapud
2849 5411 3167 5478 QbriStianos,
3195 5411 3291 5472 jam
3324 5414 3436 5478 inde
3466 5416 3528 5463 ab

1975 5473 2254 5538 Apostolicis
2278 5476 2582 5538 temporibus.
2606 5473 2749 5534 Cujus
2766 5473 3027 5538 traditionis
3043 5474 3250 5538 rationes
3266 5474 3528 5538 produntur

1975 5553 1999 5586 a
2020 5531 2273 5588 Clemente
2307 5531 2630 5584 Alexandrino
2661 5531 2923 5581 Stromaton
2961 5531 3040 5579 lib.
3067 5534 3112 5590 7,
3142 5541 3190 5581 et
3213 5546 3239 5579 a
3262 5531 3333 5582 SS.
3361 5534 3528 5585 Basilio

1975 5612 2029 5648 ac
2051 5601 2353 5659 Hieronymo.
2378 5593 2693 5644 Tertullianus
2715 5594 2776 5641 de
2794 5593 2992 5659 Jejuniis
3009 5592 3218 5659 decimo:
3239 5594 3367 5659 Quod
3387 5595 3528 5659 etiam

1974 5658 2139 5708 suadet
2168 5653 2373 5706 Da'niefis
2391 5667 2571 5717 quoque
2594 5659 2921 5717 argumentum
2944 5657 3013 5700 ter
3038 5653 3114 5699 die
3135 5654 3310 5717 orantis
3331 5667 3346 5712 ;
3369 5655 3528 5716 utique

1974 5732 2056 5782 per
2082 5718 2347 5782 aliquarum
2368 5709 2593 5768 horarum
2621 5709 2942 5777 ciceptionem
2962 5725 2980 5774 ;
3013 5723 3101 5760 non
3134 5709 3339 5764 altarum
3369 5709 3526 5769 autem
