4112 6488
616 432 727 487 227

614 539 789 596 redire
810 576 824 600 ,
851 549 970 590 cum
996 529 1171 587 evenit
1204 524 1342 597 quod
1381 522 1660 592 expetebat
1693 517 1791 588 (α).
1822 515 2042 583 Propter
2079 511 2180 565 hoc

614 641 669 688 et
687 643 819 693 nos,
857 629 992 680 sicut
1017 632 1191 692 patres
1221 617 1372 672 nobis
1398 612 1722 668 tradiderunt
1765 607 1868 679 (ὁ),
1910 605 1974 660 ad
2007 606 2180 657 orien-

616 731 721 777 tem
752 717 1068 787 aspicientes
1109 722 1387 780 precamur
1417 723 1429 758 :
1461 705 1726 758 civitatem
1755 713 1963 768 quoque
1993 708 2088 749 nos
2117 707 2180 748 ac

615 812 839 883 patriam
883 807 1152 875 antiquam
1194 799 1511 870 requirimus
1555 793 1788 849 :etenim
1823 803 2006 844 revera
2035 801 2180 855 qure-

614 878 722 961 situ
759 905 915 974 digna
945 916 1036 956 res
1064 908 1163 953 est.
1192 897 1309 964 Quo
1337 903 1487 964 pacto
1506 930 1521 956 ,
1554 904 1675 944 cum
1703 887 1840 939 Deus
1865 883 2058 950 ubique
2087 878 2174 942 sit,

615 1010 843 1064 cumque
864 993 1122 1064 propheta
1167 989 1306 1043 dicat
1337 1004 1348 1038 :
1381 984 1444 1038 Et
1490 982 1572 1051 qui
1611 977 1833 1033 ascendit
1870 990 2016 1043 super
2037 987 2184 1024 occa-

616 1104 722 1142 sum
792 1061 1037 1138 Dominus
1062 1095 1241 1134 nomen
1265 1076 1340 1129 illi
1365 1073 1530 1146 (Psol.
1562 1070 1650 1125 67.
1677 1067 1731 1136 5)
1754 1108 1768 1131 ,
1798 1074 1971 1119 tamen
1997 1061 2064 1115 ad
2098 1076 2186 1112 or-

616 1187 728 1232 tum
765 1172 1055 1229 vertimur?
1082 1168 1281 1236 Nempe
1310 1166 1379 1220 ibi
1406 1163 1549 1218 velut
1595 1157 1781 1212 medici
1812 1152 2024 1207 officina
2069 1157 2184 1204 erat

617 1268 761 1321 olim.
786 1267 852 1320 At
876 1264 1014 1317 illius
1040 1276 1141 1314 non
1169 1256 1350 1325 cepisti
1377 1244 1832 1319 experimentum?
1850 1241 1954 1297 Sed
1982 1252 2182 1310 quaire.

619 1355 672 1410 In
701 1355 1005 1422 captivitate
1042 1359 1092 1405 et
1127 1363 1225 1402 nos
1261 1341 1864 1398 habitabamuszveruni
1907 1340 2187 1399 antequam

620 1420 852 1502 venisset
879 1442 1138 1498 Christus.
1165 1437 1273 1492 Cur
1298 1443 1474 1488 autem
1498 1429 1665 1484 tribus
1690 1433 1888 1479 tantum
1917 1420 2022 1475 diei
2051 1430 2185 1474 tem-

622 1535 839 1608 poribus
866 1531 1110 1586 liectebat
1145 1523 1349 1596 genua?
1376 1520 1512 1588 Quid
1539 1516 1723 1570 enim?
1750 1528 1926 1568 nonne
1953 1513 2053 1565 hoc
2078 1510 2182 1564 mi-

623 1601 827 1678 rabile?
850 1621 1018 1675 Homo
1036 1626 1112 1670 tot
1141 1614 1404 1681 tantisque
1427 1606 1780 1664 circumdatus
1804 1603 1964 1666 curis,
1991 1601 2188 1671 quique

622 1731 690 1770 ne
744 1714 957 1784 paulum
1003 1707 1216 1779 quidem
1254 1702 1514 1771 respirare
1563 1697 1805 1752 habebat.
1839 1694 1971 1749 Vide
2011 1703 2189 1784 autem

621 1815 676 1860 et
721 1782 926 1872 impleri
974 1799 1101 1854 illud
1157 1794 1379 1865 apostoli
1421 1789 1530 1845 ειη
1559 1790 1694 1842 omni
1728 1785 1856 1850 loco,
1902 1782 2086 1872 inquit,
2119 1782 2190 1872 le-

622 1870 974 1962 vantes-puras
1013 1903 1191 1941 ntanus
1221 1885 1308 1956 (1.
1356 1881 1488 1935 Tim.
1527 1879 1582 1932 2.
1631 1875 1708 1948 8).
1742 1875 1809 1929 Ει
1848 1872 1987 1943 quod
2034 1870 2189 1962 Chri-

621 1995 735 2039 stus
771 1961 964 2054 jussit,
997 1981 1098 2033 hoc
1144 1974 1493 2044 complebant.
1545 1969 1613 2022 Et
1665 1965 1940 2025 claudens,
1983 1961 2185 2030 inquit,

619 2050 803 2131 ostium
845 2083 982 2125 tuum
1007 2110 1022 2135 ,
1050 2084 1140 2122 ora
1185 2065 1392 2119 Patrem
1441 2071 1580 2114 tuum
1618 2056 1826 2127 (Matth.
1859 2054 1911 2108 6.
1943 2050 2038 2123 6
2101 2051 2187 2104 15.

631 2184 651 2216 r
686 2164 835 2218 Tunc
886 2158 1306 2227 responderunt,
1351 2161 1402 2207 et
1444 2151 1624 2204 dicunt
1664 2159 1843 2202 coram
1897 2157 2059 2212 rege:
2091 2141 2192 2194 Da-

623 2253 746 2314 niel,
779 2251 866 2320 qui
904 2249 970 2302 de
999 2247 1120 2301 iiliis
1146 2242 1464 2312 captivitatis
1489 2238 1706 2301 Judiete,
1738 2249 1842 2288 non
1868 2231 2098 2287 subdidit
2131 2246 2190 2285 se

623 2345 841 2400 decreto
871 2353 959 2395 tuo
988 2349 1040 2394 et
1068 2333 1426 2392 constitutioni
1456 2344 1613 2400 quam
1638 2325 1869 2381 statuisti
1900 2342 1913 2378 :
1943 2331 1997 2378 et
2025 2321 2189 2375 tribus

623 2436 728 2491 diei
759 2430 1084 2502 temporibus
1115 2427 1296 2497 petita
1323 2424 1433 2478 Deo
1462 2435 1559 2474 suo
1597 2416 1898 2488 petitiones.
1924 2414 2010 2468 14.
2040 2413 2190 2466 Tunc

625 2544 723 2583 rex
746 2571 759 2593 ,
792 2536 850 2580 ut
887 2523 1102 2579 verbum
1129 2517 1346 2579 audivit,
1377 2513 1602 2569 multum
1625 2507 1963 2565 contristatus
1989 2513 2070 2558 est
2097 2517 2189 2557 su-

624 2633 716 2690 per
741 2631 844 2670 eo:
877 2625 928 2668 et
957 2627 1049 2682 pro
1085 2607 1299 2662 Daniele
1337 2601 1640 2667 contendit,
1663 2606 1721 2653 ut
1739 2595 1985 2650 liberaret
2010 2607 2132 2648 eum
2168 2611 2182 2647 :

623 2717 677 2762 et
703 2719 872 2775 usque
900 2702 967 2756 ad
993 2713 1236 2756 occasum
1260 2695 1385 2750 solis
1410 2691 1698 2752 dimicavit,
1728 2694 2011 2742 uterueret
2035 2699 2180 2750 eum,

621 2806 676 2851 et
703 2793 972 2864 satagebat
1005 2807 1098 2860 pro
1125 2790 1232 2843 illo.
1262 2787 1347 2841 15.
1377 2784 1526 2838 Tunc
1545 2781 1642 2834 viri
1674 2779 1750 2832 illi
1775 2777 2188 2831 observaverunt

624 2885 674 2939 in
695 2899 892 2954 regem,
911 2891 965 2935 et
988 2881 1166 2934 dicunt
1186 2877 1294 2945 regi
1317 2894 1327 2928 :
1350 2874 1512 2938 Scito,
1531 2886 1644 2933 rex,
1670 2869 1790 2939 quia
1813 2867 2077 2920 decretum
2108 2874 2191 2920 est

627 2973 791 3029 Medis
816 2982 869 3026 et
899 2969 1095 3032 Persis,
1127 2979 1337 3020 omnem
1365 2961 1793 3016 constitutionem
1828 2966 1880 3010 et
1907 2965 2185 3021 statutum,

623 3063 762 3134 quod
785 3077 879 3116 rex
908 3057 1168 3119 statuerit,
1221 3054 1475 3120 abrogare
1500 3063 1602 3102 non
1623 3057 1883 3115 oportere.
1915 3044 2000 3098 16.
2039 3042 2188 3097 Tunc

622 3171 717 3212 rex
743 3153 899 3222 jussit
930 3167 943 3202 :
969 3158 1018 3202 et
1045 3146 1373 3200 abduxerunt
1397 3139 1685 3200 Danielem,
1714 3145 1768 3190 et
1792 3134 2050 3188 miserunt
2065 3148 2186 3187 eum

623 3245 679 3300 in
704 3221 874 3298 lacum
898 3240 1130 3292 leonum.
1170 3252 1188 3286 ι
1214 3232 1416 3286 Forsan
1447 3225 1683 3282 nonnulli
1711 3233 1942 3278 vestrum
1972 3221 2186 3276 dicunt:

624 3333 809 3390 Nonne
845 3327 1010 3399 potuit
1034 3341 1125 3379 rex
1158 3323 1382 3375 liberare
1411 3316 1566 3372 eum?
1609 3314 1833 3369 Maxime
1861 3311 2070 3381 quidem
2098 3323 2191 3379 po-

624 3423 723 3476 tuit
744 3420 880 3473 Deus
911 3429 1088 3484 regem
1113 3413 1284 3465 facere
1308 3406 1677 3476 potentiorem,
1708 3401 1799 3457 sed
1823 3401 1889 3454 ad
1913 3410 2183 3455 certamen

627 3511 884 3566 athletam
922 3505 1088 3559 ducit.
1132 3501 1360 3555 Noverat
1392 3496 1548 3550 linem
1583 3535 1597 3559 ,
1627 3507 1732 3547 non
1782 3490 2057 3561 ignorabat
2092 3504 2187 3544 ex-

634 3605 788 3656 itum.
817 3601 884 3653 At
910 3612 1001 3651 rex
1031 3595 1075 3649 si
1110 3593 1267 3646 linem
1295 3587 1434 3642 hunc
1459 3585 1699 3642 scivisset
1721 3590 2052 3645 eventurum,
2083 3594 2188 3633 non

631 3693 924 3747 laborasset
962 3688 1177 3756 utique:
1206 3681 1297 3738 sed
1329 3695 1432 3734 non
1454 3678 1639 3748 potuit.
1672 3673 1971 3729 Laudabilis
2001 3681 2082 3726 est
2112 3671 2182 3726 oh

625 3780 878 3843 studium,
899 3777 1050 3830 venia
1082 3773 1268 3842 dignus
1294 3771 1364 3824 ob
1393 3767 1762 3838 ignorantiam.
1791 3763 1939 3818 Adeo
1965 3771 2187 3830 empta-

627 3881 712 3927 tus
737 3885 799 3925 ac
825 3865 1068 3922 amabilis
1103 3874 1217 3917 erat
1249 3859 1427 3914 Daniel
1464 3876 1476 3911 :
1522 3857 1614 3910 sed
1645 3854 1836 3908 invidia
1865 3868 1930 3906 ne
1975 3852 2190 3922 pulchra

628 3961 840 4033 quidem
863 3956 1052 4012 intueri
1083 3954 1209 4009 sinit
1240 3969 1252 4004 :
1283 3953 1388 4005 imo
1415 3947 1606 4002 intueri
1645 3945 1858 4016 quidem
1911 3941 2186 4011 permittit,

634 4031 687 4106 at
732 4064 836 4104 non
875 4046 1061 4102 iisdem
1103 4043 1291 4098 oculis.
1339 4039 1446 4094 Non
1475 4045 1719 4107 oportet,
1752 4033 2030 4102 inquiunt,
2060 4031 2192 4084 adeo

640 4137 939 4206 languidam
965 4148 1081 4188 esse
1107 4147 1286 4186 rerum
1309 4126 1833 4188 administrationem,
1863 4136 2030 4190 neque
2052 4122 2194 4189 leges

634 4237 845 4281 nostras
873 4221 1144 4277 instabiles
1171 4233 1310 4272 esse.
1340 4217 1470 4270 Tota
1496 4229 1623 4284 gens
1659 4211 1982 4267 centunielia
2021 4209 2190 4262 afﬁci-

637 4327 742 4372 tur.
781 4313 1073 4369 lmmittunt
1099 4309 1370 4364 Danielem
1400 4308 1450 4359 in
1483 4306 1676 4359 fossam
1709 4322 1722 4356 :
1763 4303 2034 4371 imponunt
2061 4298 2193 4368 lapi-

632 4439 774 4490 quam
805 4421 1112 4490 insigniorum
1132 4457 1144 4479 ,
1172 4412 1737 4490 erindepapostolicqruni
1754 4410 1987 4490 “tertia,
2002 4415 2191 4490 sexus,

632 4470 785 4537 B6565.
805 4470 1080 4545 ‘btagiSLrUIn
1101 4470 1316 4541 sequitur
1339 4470 1598 4537 discipulus
1621 4473 1740 4545 libro
1759 4472 1823 4542 de
1843 4470 2079 4545 Qratione,
2106 4470 2196 4545 nisi

635 4531 1030 4610 'ihéfr’mme
1054 4531 1209 4610 lapsu.
1229 4549 1329 4588 tres
1367 4531 1549 4606 pueros
1579 4547 1686 4610 cum
1712 4531 1909 4610 particle
1940 4531 2192 4610 consociat.

634 4592 815 4657 iiétiém
847 4592 1155 4656 Constantino
1190 4592 1470 4660 Imperatori
1491 4635 1503 4653 ,
1538 4598 1676 4644 istam
1712 4593 1951 4660 historiam
1979 4592 2195 4660 oratione

634 4652 986 4717 aii—Sanctorum
1024 4670 1198 4711 costum
1247 4652 1515 4714 referenti,
1561 4665 1654 4704 tam
1694 4653 1838 4701 multa
1877 4652 2192 4717 excidissent.

635 4711 950 4779 immissi
972 4723 1206 4774 Catholica
1229 4711 1549 4783 apostolorum
1571 4717 1852 4783 doctrinam
1865 4711 2092 4783 Δ111›.⁸7,Δο.
2116 4711 2194 4783 2E").

699 4772 1130 4849 (ej-Eumtudgeis
1152 4783 1207 4830 ad
1235 4772 1426 4843 p'atriam
1459 4778 1690 4849 redeundi
1711 4779 1934 4849 potestas
1952 4772 2078 4849 facta
2104 4779 2195 4849 est.

637 4834 915 4900 cuiauiém
935 4846 1056 4906 apud
1081 4834 1278 4906 exteros
1299 4843 1529 4906 manserit
1547 4835 1725 4906 _Daniel
1745 4870 1759 4892 ,
1783 4837 2017 4906 rationem
2041 4834 2199 4903 reddit

635 4895 976 4957 'izlieodoret'us'
992 4907 1076 4954 lib.
1105 4905 1163 4953 10
1185 4902 1518 4952 Oonunentarii
1545 4901 1593 4947 in
1612 4900 1737 4946 hunc
1758 4896 2058 4958 prophetam,
2076 4895 2198 4942 circa

638 4971 841 5020 initium.

701 5017 770 5091 (li)
803 5036 1141 5091 [lanchquoque
1174 5026 1298 5091 inter
1329 5034 1435 5091 non!
1454 5017 2202 5091 scriptasntraditionesrecenset

637 5098 681 5140 s.
705 5077 902 5138 basilius
925 5077 1007 5134 lib.
1032 5077 1093 5135 d'e
1117 5086 1290 5146 Spiritu
1312 5089 1490 5136 sancto,
1514 5077 1616 5140 cap.
1641 5081 1699 5127 27
1721 5092 1733 5136 ;
1757 5091 1898 5146 quam
1925 5083 1975 5146 et
1997 5077 2056 5123 ab
2084 5087 2201 5146 apo-

637 5136 1011 5202 stoli—s'nmnasse
1034 5136 1207 5194 asserit
1236 5147 1316 5206 qui
1341 5147 1471 5206 inter
1501 5136 1648 5206 opera
1687 5147 1742 5206 B._
1773 5136 1941 5186 lustini
1979 5136 2200 5206 martyris

640 5199 816 5275 legitur
856 5209 980 5256 liber
1020 5208 1075 5254 ad
1108 5199 1406 5275 prthtiiloxos
1422 5203 1506 5275 nde
1537 5199 1821 5275 quibusdam
1840 5199 2202 5275 nqumstionibus

644 5265 1044 5335 scriptuspttesp.
1069 5268 1124 5335 ad_
1150 5275 1320 5335 quast.
1362 5265 1483 5333 H8,
1515 5276 1609 5335 nec
1640 5276 1735 5309 non
1763 5267 1806 5307 S.
1837 5265 2095 5335 Germanus
2121 5269 2202 5316 pa-

643 5317 1430 5386 triarcha'l‘onstautinbpolitanus
1469 5317 1517 5372 in
1563 5330 1732 5370 iterum
1769 5317 2202 5386 ecclesiasticarum

643 5380 1061 5452 contemplatione.
1097 5380 1632 5452 _b_letninerunt_ctiam
1664 5380 1998 5452 _antiqiii_sslini
2043 5384 2207 5452 Patres

642 5439 872 5506 Ciéirién‘s
894 5449 1244 5499 Alexandrinus
1260 5454 1428 5493 Strom.
1450 5445 1496 5499 'l,
1517 5439 1833 5506 'rertullianus
1850 5439 2103 5506 Apologet.
2128 5439 2200 5493 16,

646 5503 699 5566 et
713 5503 956 5576 Origenes
979 5509 1172 5576 ttomilia
1197 5509 1225 5556 ὅ
1249 5508 1563 5576 ll1_".\_'illl"lct“0§_.
1588 5510 1639 5576 et
1664 5503 2204 5576 iutur_0rignenisl_(.)pera

642 5559 829 5626 hac}?
844 5559 1087 5622 Librorum
1128 5571 1174 5617 in
1199 5569 1283 5615 Job
1309 5567 1388 5613 lib.
1414 5566 1456 5613 l.
1474 5566 1560 5610 Adi
1585 5563 1886 5626 Clementem
1905 5559 2206 5626 Constitutio-

643 5615 939 5691 ἶῖιῖιῖιίίίιῖἕξ
1216 5635 1265 5676 et
1291 5628 1371 5674 lib.
1398 5627 1424 5673 7
1445 5661 1456 5680 ,
1483 5624 1672 5695 (ξιιμ-..16
1693 5615 2200 5695 {Dionysiumﬁctiles.

1073 5693 1132 5750 ‘2,
1157 5681 1411 5739 Auctorem
1446 5681 1763 5750 Quaestionum
1796 5681 1858 5750 ad
1891 5681 2173 5750 Antiochum
2192 5712 2206 5736 ,

645 5711 773 5747 Ulel‘.
807 5711 860 5746 ω
899 5732 912 5746 .
938 5711 960 5744 1
991 5711 1041 5743 ει
1073 5711 1132 5750 Ζ,
1157 5711 1411 5739 AUCIUI'mu
1446 5711 1763 5742 ψυικδιιυιιιιιιι
1796 5711 1852 5729 au
1891 5711 2206 5736 ιιιιιιυωιυιιι,

645 5767 816 5820 quaest.
841 5711 932 5812 5121,
957 5762 1007 5803 et
1027 5763 1304 5815 Symeonem
1327 5746 1799 5820 't'licssalouicensem
1825 5743 1886 5791 de
1909 5749 2208 5791 Sacramenta

648 5808 833 5870 Ordinis
855 5808 988 5878 cajp.
1017 5808 1186 5871 tertio,
1211 5819 1366 5868 sexto,
1397 5808 1661 5855 Undecimo.

1344 413 1400 470 S.
1441 406 1716 466 JOANNIS
1752 397 2218 460 CllllYSOSTOlll
2248 396 2562 454 ARCHIEP.
2592 395 3118 452 CONSTANTINOP.

3750 422 3865 477 228

2292 515 2412 564 dem
2472 530 2490 562 ι
2521 511 2585 564 Ει
2610 509 2741 564 dixit
2766 526 2856 565 rex
2887 510 3084 565 Danicli
3112 530 3125 565 :
3153 510 3314 576 Deus,
3345 512 3427 564 cui
3453 520 3506 564 tu
3532 511 3702 566 servis
3727 527 3864 567 cono

2290 602 2453 666 tinue,
2486 601 2596 670 ipse
2640 600 2885 656 liberabit
2923 611 2994 656 te.
3039 601 3125 654 17.
3185 601 3251 654 Ει
3297 601 3586 655 attulerunt
3627 602 3862 670 lapidem

2289 708 2448 746 unum
2474 734 2489 758 ,
2522 702 2574 746 et
2603 692 2968 761 imposuerunt
3012 707 3173 758 super
3199 707 3260 745 os
3299 692 3397 746 laci
3427 710 3439 746 :
3470 702 3524 746 et
3551 693 3857 762 obsignavit

2288 799 2379 836 rex
2415 784 2611 837 annulo
2645 797 2776 848 suo,
2819 792 2872 836 et
2901 783 3098 836 annulo
3142 784 3458 850 optimatum
3511 797 3730 836 suorum
3759 800 3773 837 :
3807 793 3862 835 ut

2289 873 2420 926 nihil
2445 872 2806 927 mutareturin
2833 872 3065 927 Daniele.
3099 872 3187 927 18.
3213 870 3281 927 Ει
3306 873 3613 928 ahiitrexin
3642 872 3862 927 domum

2288 979 2459 1028 suam,
2484 975 2536 1019 et
2565 965 2748 1020 cubuit
2771 965 3087 1030 incarnatus,
3113 974 3167 1019 et
3187 964 3335 1019 cibos
3366 980 3471 1019 non
3499 976 3865 1035 apposuerunt

2291 1056 2359 1120 ei,
2391 1064 2447 1110 et
2470 1069 2688 1110 somnus
2735 1055 2956 1111 recessit
2985 1055 3051 1110 ab
3076 1070 3162 1109 eo.
3196 1072 3216 1108 ι
3247 1054 3552 1110 Recordare
3579 1055 3713 1108 mihi
3745 1070 3862 1108 mo-

2291 1157 2601 1201 numentum
2631 1145 2824 1200 Christi
2854 1187 2868 1213 ,
2899 1145 2988 1200 ubi
3036 1144 3208 1200 Judaei
3252 1145 3420 1215 sigilla
3472 1145 3842 1214 imposuerunt

2289 1239 2535 1309 Alioquin
2565 1239 2704 1294 enim
2734 1237 2992 1293 dixissent
3018 1253 3133 1292 rem
3167 1252 3261 1306 per
3283 1236 3519 1291 fraudem
3547 1251 3610 1290 ac
3647 1237 3856 1305 praesti-

2287 1331 2398 1400 gias
2427 1345 2546 1386 esse
2567 1331 2776 1385 factam.
2803 1328 2909 1384 Sed
2937 1329 3134 1398 ubique
3158 1343 3276 1397 quae
3301 1327 3368 1381 ah
3397 1326 3626 1381 inimicis
3663 1325 3864 1379 nostris

2292 1429 2583 1489 patrantur,
2614 1436 2710 1492 pro
2737 1421 2889 1476 nobis
2916 1429 3058 1474 sunt.
3089 1419 3221 1473 Nam
3249 1427 3307 1472 ut
3329 1417 3656 1473 delatoribus
3684 1417 3862 1472 omnis

2289 1511 2556 1566 auferatur
2583 1521 2885 1581 przetextus,
2910 1511 2962 1565 id
2987 1510 3161 1565 evenit
3188 1526 3203 1565 :
3233 1518 3287 1566 et
3315 1526 3409 1564 rex
3433 1510 3580 1578 ponit
3599 1509 3748 1578 signa
3769 1550 3785 1572 ,
3806 1517 3865 1562 ut

2291 1601 2396 1657 illis
2423 1601 2643 1658 facultas
2670 1618 2771 1657 non
2802 1610 2945 1657 esset
2985 1601 3270 1671 quidquam
3313 1599 3573 1666 faciendi,
3604 1600 3687 1655 vel
3713 1599 3863 1652 illum

2289 1695 2636 1759 extrahendi,
2666 1703 2722 1750 et
2748 1696 2930 1750 leones
2957 1693 3208 1748 causandi
3249 1711 3263 1748 :
3293 1692 3366 1746 illi
3406 1707 3534 1747 vero
3573 1693 3732 1747 etiam
3765 1693 3865 1745 im»

2291 1795 2491 1856 ponunt
2515 1787 2684 1854 signa,
2713 1797 2764 1840 ut
2793 1800 2897 1840 non
2929 1784 3112 1839 liceret
3139 1783 3248 1854 regi
3271 1781 3496 1838 liberare
3525 1797 3668 1847 eum,
3695 1791 3861 1851 atque

2291 1879 2367 1932 sic
2409 1877 2464 1931 in
2507 1886 2618 1932 tuto
2643 1877 2913 1932 decretum
2938 1886 3105 1931 esset.
3133 1876 3202 1931 Et
3237 1889 3340 1930 non
3367 1874 3624 1938 emanavit,
3655 1873 3862 1943 inquit,

2291 1983 2414 2031 rex,
2447 1982 2618 2038 neque
2655 1967 2893 2022 dormiit.
2947 1965 3079 2021 Vide
3106 1976 3299 2036 quanta
3345 1964 3425 2018 vis
3449 1965 3524 2018 sit
3549 1964 3763 2018 amoris.
3798 1964 3867 2018 Et

2290 2058 2454 2128 quid?
2483 2058 2718 2113 Primum
2756 2057 2968 2127 quidem
3014 2056 3150 2111 bene
3191 2069 3408 2124 sperare
3431 2053 3584 2124 jubet
3611 2054 3796 2109 dicens
3847 2073 3862 2108 :

2293 2147 2426 2202 Deus
2449 2189 2464 2212 ,
2503 2148 2583 2201 cui
2613 2157 2666 2201 tu
2705 2147 2858 2202 servis
2893 2146 3141 2200 continue.
3180 2144 3373 2199 lterum
3402 2159 3612 2198 causam
3664 2144 3866 2212 justam

2293 2239 2455 2308 ponit.
2484 2253 2601 2307 quae
2627 2238 2794 2306 possit
2822 2236 2958 2291 illius
2979 2235 3214 2289 animum
3230 2235 3458 2303 erigere.
3485 2233 3684 2288 Forsan
3715 2232 3864 2287 enim

2293 2329 2558 2384 Danielem
2603 2327 2860 2384 audierat.
2899 2326 3100 2381 Deinde
3144 2325 3349 2381 accedit
3388 2326 3641 2396 hymnum
3681 2324 3864 2394 profe-

2293 2433 2434 2473 reus.
2458 2417 2549 2473 25.
2581 2436 2598 2470 ι
2619 2418 2767 2472 Tunc
2793 2433 2882 2472 rex
2914 2418 3134 2471 multum
3159 2416 3369 2485 gavisus
3389 2424 3471 2470 est
3498 2430 3655 2484 super
3675 2429 3740 2470 eo
3763 2432 3776 2468 :
3811 2424 3868 2469 et

2293 2511 2541 2580 praicepit
2582 2517 2641 2562 ut
2665 2507 2932 2562 Danielem
2975 2507 3265 2561 educerent
3292 2505 3358 2559 de
3387 2506 3525 2559 lacu.
3551 2504 3619 2558 Et
3641 2504 3866 2558 eductus

2291 2608 2373 2654 est
2401 2599 2580 2654 Daniel
2607 2598 2675 2652 de
2717 2598 2857 2663 lacu,
2888 2605 2941 2652 et
2966 2597 3106 2651 nulla
3134 2596 3283 2650 laesio
3311 2596 3521 2649 inventa
3559 2604 3638 2648 est
3666 2595 3718 2648 in
3746 2595 3864 2660 illo,

2291 2690 2412 2760 quia
2451 2689 2678 2744 credidit
2709 2688 2818 2742 Deo
2847 2703 2962 2741 suo.
2989 2685 3080 2740 24.
3112 2685 3178 2739 Et
3205 2685 3337 2739 dixit
3377 2699 3470 2739 rex
3496 2725 3511 2747 ,
3540 2693 3595 2738 et
3621 2683 3865 2738 adduxe-

2290 2788 2415 2834 runt
2442 2780 2583 2833 viros
2609 2778 2696 2848 qui
2724 2784 3102 2832 accusaverunt
3141 2774 3410 2830 Danielem
3444 2792 3456 2827 :
3492 2784 3546 2829 et
3584 2776 3637 2829 in
3685 2775 3864 2830 lacum

2290 2871 2499 2925 leonum
2524 2869 2699 2938 injecti
2727 2877 2852 2923 sunt
2879 2868 3000 2936 ipsi,
3029 2876 3081 2920 et
3105 2865 3196 2920 lilii
3226 2879 3433 2929 eorum,
3465 2875 3518 2919 et
3548 2879 3740 2918 uxores
3764 2879 3867 2919 eo-

2291 2979 2407 3016 rum
2437 2979 2450 3014 :
2481 2972 2532 3016 et
2563 2976 2665 3015 non
2694 2967 3045 3030 pervenerant
3076 2958 3144 3012 ad
3184 2957 3538 3026 pavimentum
3571 2957 3705 3020 laci,
3731 2971 3860 3010 cum

2289 3050 2542 3104 dominati
2580 3059 2700 3103 sunt
2732 3063 2915 3103 eorum
2958 3047 3137 3101 leones
3161 3087 3175 3109 ,
3221 3055 3276 3100 et
3313 3046 3486 3099 omnia
3525 3059 3645 3099 ossa
3672 3059 3865 3100 eorum

2289 3141 2731 3196 comminuerunt.
2763 3157 2782 3191 ι
2809 3139 2920 3206 Qua
2967 3137 3036 3193 de
3077 3151 3235 3192 eausa
3283 3137 3376 3190 lilii
3403 3145 3458 3190 et
3500 3150 3694 3190 uxores
3737 3152 3865 3205 per-

2291 3240 2417 3284 eunt
2442 3229 2560 3300 (a)?
2597 3229 2721 3299 quid
2759 3237 3116 3299 peccaverunt
3143 3227 3266 3281 isti?
3289 3225 3533 3281 Fortasse
3553 3227 3624 3282 illi
3647 3243 3865 3298 quoque

2291 3320 2524 3374 criminis
2549 3319 2834 3390 partit-ipes
2866 3327 3035 3374 erant.
3077 3316 3234 3372 Vides
3263 3317 3620 3386 improborum
3656 3318 3866 3387 suppli-

2291 3412 2469 3466 cium?
2498 3410 2645 3465 vides
2666 3411 2927 3483 justorum
2955 3411 3202 3481 pnemia?
3227 3409 3467 3479 Undique
3495 3408 3725 3472 erudire,
3761 3425 3866 3464 un-

2290 3501 2448 3571 dique
2485 3501 2768 3556 azdilicare.
2801 3499 2959 3555 Vides
2999 3499 3140 3577 quod
3179 3500 3419 3569 quamvis
3448 3499 3586 3554 Deus
3629 3499 3866 3567 deserat,

2290 3594 2357 3648 ad
2381 3594 2656 3648 utilitatem
2697 3600 2930 3646 nostram
2962 3589 3012 3644 id
3042 3589 3185 3644 facit.
3217 3588 3499 3657 Superavit
3527 3589 3701 3658 ignem
3732 3605 3747 3653 ;
3775 3603 3869 3643 su-

2292 3683 2494 3756 peravit
2527 3683 2682 3738 feras.
2725 3681 2800 3736 Ne
2836 3680 3086 3749 deinceps
3110 3678 3369 3748 inquiras,
3402 3677 3468 3732 ad
3496 3676 3619 3747 quid
3647 3677 3862 3745 leones,

2295 3786 2349 3830 et
2375 3774 2546 3844 pardi,
2575 3784 2627 3828 et
2645 3773 2862 3842 reliqua:
2890 3769 3014 3826 fera:
3029 3769 3053 3822 ἓ
3067 3768 3206 3824 Sunt
3223 3768 3366 3823 enim
3383 3767 3544 3823 veluti
3570 3767 3859 3822 carnifices

2292 3867 2502 3938 quidam
2534 3865 2598 3919 ad
2634 3864 2800 3918 latera
2838 3860 3071 3916 Danielis
3117 3869 3341 3924 stantes,
3391 3866 3656 3928 tamquam
3701 3857 3755 3912 in
3785 3857 3870 3911 di-

2295 3966 2416 4012 vino
2458 3955 2684 4025 quodam
2735 3967 2798 4007 ac
2844 3949 3110 4005 horrendo
3145 3949 3390 4004 tribunali
3416 3949 3467 4002 id
3508 3957 3766 4018 agentes:
3800 3947 3870 4001 ad

2297 4049 2435 4101 hunc
2462 4045 2674 4100 modum
2700 4059 2804 4096 non
2830 4041 2942 4095 ausi
2963 4050 3078 4094 sunt
3103 4038 3381 4108 perfodere
3401 4039 3562 4092 latera
3589 4037 3717 4106 justi
3740 4039 3868 4092 viri.

2295 4137 2407 4192 Non
2449 4136 2588 4191 enim
2633 4138 2945 4201 acceperant
2977 4129 3168 4198 judicis
3196 4128 3518 4183 mandatum.
3576 4127 3871 4197 Postquam

2299 4242 2422 4282 vero
2448 4226 2532 4278 alii
2561 4225 2610 4278 in
2643 4224 2812 4277 lacum
2845 4220 2990 4274 missi
3014 4227 3156 4283 sunt,
3186 4219 3294 4273 Deo
3315 4218 3553 4287 jubente,
3582 4231 3673 4273 eos
3693 4219 3870 4272 inter-

2299 4317 2556 4380 fecerunt,
2590 4313 2655 4366 Et
2685 4329 2797 4366 ossa
2835 4327 3030 4375 eorum,
3055 4309 3226 4379 inquit
3249 4349 3264 4374 ,
3292 4309 3704 4361 comminuerunt.
3739 4307 3875 4374 Quis

2298 4407 2533 4462 frenabat
2563 4405 2794 4474 ipsorum
2824 4401 2955 4455 ora?
3003 4401 3120 4469 quis
3160 4400 3409 4468 praecepit
3452 4398 3692 4467 apposito
3733 4396 3862 4451 cibo

2297 4498 2598 4554 abstinere?
2655 4496 2772 4565 quis
2829 4494 3175 4562 philosophus
3224 4491 3356 4546 adeo
3417 4501 3754 4557 temperans,
3814 4497 3874 4542 nt

2299 4604 2516 4660 pressus
2544 4587 2698 4650 fame,
2733 4583 2994 4638 solutione
3035 4591 3207 4635 autem
3238 4581 3387 4634 famis
3417 4589 3700 4649 prtesente,
3731 4577 3874 4630 nolit

2300 4697 2359 4736 se
2395 4681 2461 4734 ab
2487 4695 2551 4733 eo
2581 4678 2719 4731 malo
2749 4673 3010 4730 liberare?
3037 4672 3240 4725 Rursus
3277 4669 3467 4731 edicta,
3511 4682 3692 4722 rursus
3729 4667 3875 4721 divi-

2302 4787 2424 4826 num
2469 4769 2787 4840 praeconium
2813 4805 2829 4830 ,
2876 4777 3057 4820 rursus
3096 4761 3448 4817 testimonium
3476 4775 3570 4829 per
3593 4773 3678 4814 res
3707 4758 3876 4828 ipsas.

2899 4914 3120 4971 CAPUT
3163 4913 3272 4968 VII.

2377 5060 2466 5112 1.(
2495 5055 2551 5109 In
2598 5053 2766 5121 primo
2813 5062 2952 5101 anno
3001 5046 3286 5100 Baltasaris
3327 5050 3470 5115 regis
3496 5043 3876 5098 Chaldaaorum

2309 5146 2489 5202 Daniel
2521 5142 2781 5198 somnium
2811 5138 2940 5192 vidit
2970 5155 2982 5190 :
3010 5145 3062 5191 et
3092 5137 3322 5190 visiones
3343 5133 3530 5203 capitis
3560 5133 3671 5200 ejus
3699 5132 3757 5185 in
3785 5147 3864 5186 cu.

2308 5239 2397 5292 bili
2427 5237 2542 5305 ejus
2567 5253 2578 5288 :
2609 5245 2661 5287 et
2685 5232 2946 5287 somnium
2972 5227 3202 5294 scripsit.
3226 5225 3540 5294 Principium
3568 5237 3883 5277 sermonum

2309 5331 2440 5397 ejus.
2483 5327 2545 5380 Et
2584 5321 2910 5392 reSpondens
2939 5319 3069 5371 dixit
3094 5335 3106 5369 :
3127 5317 3184 5370 2.
3215 5315 3324 5385 Ego
3353 5315 3530 5368 Daniel
3556 5313 3886 5382 aspiciebam

2312 5424 2362 5475 iu
2393 5435 2506 5474 mea
2536 5418 2765 5480 visione,
2793 5421 2948 5468 nocte
2978 5429 2991 5464 :
3019 5419 3072 5466 et
3093 5423 3216 5463 ecce
3246 5416 3468 5476 quatuor
3489 5407 3633 5460 venti
3660 5405 3781 5459 caeli
3811 5407 3887 5460 ir-

2373 5553 2444 5612 (a)
2477 5548 2604 5612 Vera
2638 5557 2777 5593 causa
2815 5543 3052 5612 barbarus
3085 5545 3389 5612 tyrannorum
3419 5537 3630 5612 omnium
3666 5547 3810 5606 mos,
3838 5538 3890 5583 et

2318 5597 2461 5661 etiam
2489 5610 2827 5670 plerarumque
2852 5605 3070 5670 gentium
3109 5597 3264 5670 leges.
3305 5598 3531 5670 Exempla
3567 5597 3890 5670 passim_sup-

2315 5659 2596 5736 j‘iedituhunt
2610 5659 2830 5736 ‘histoi'ize
2850 5659 2997 5736 libri
3023 5659 3217 5736 Regum.
3238 5659 3890 5736 indultae,:tisth‘erfLi-erg-

2315 5717 2443 5789 hia-1
2465 5729 2748 5789 Herodotus,
2776 5737 2826 5784 ρ.
2851 5717 3059 5784 Curtius,
3081 5717 3309 5782 Iustinus,
3332 5717 3612 5769 Ammianus
3652 5717 3894 5768 ttat-celli-

2321 5807 2428 5852 uu5,
2455 5799 2548 5841 etc.
