4112 6484
241 441 353 499 229

255 554 477 609 ruebant
503 552 557 607 in
584 566 731 606 mare
759 564 1025 620 magnum.
1051 550 1103 603 5.
1127 549 1193 603 Et
1211 554 1436 617 quatuor
1465 538 1645 598 bestiaé
1668 556 1822 611 gran-

257 645 351 699 des
378 642 735 697 ascendebant
761 641 826 696 de
851 642 1005 704 mari.
1033 639 1257 694 diversa:
1291 637 1428 691 inter
1453 651 1532 690 se.
1563 636 1615 689 4.
1651 632 1824 687 Prima

258 733 448 789 similis
477 733 689 796 leaena,
718 739 772 787 et
798 731 894 785 alae
919 730 1033 799 ejus
1056 729 1197 783 velut
1224 728 1321 782 alte
1348 726 1555 796 aquilae.
1587 723 1827 794 Aspicie-

260 826 384 881 bam
409 866 423 891 ,
450 825 617 880 donec
646 824 839 878 evulsas
865 830 988 875 sunt
1013 821 1111 875 ala:
1147 819 1262 889 ejus
1286 836 1301 874 ε
1342 828 1395 873 et
1427 816 1629 871 sublata
1656 825 1737 870 est
1758 813 1826 869 de

261 924 423 978 terra,
475 923 532 969 et
577 916 627 967 in
673 911 892 982 pedibus
932 910 1159 964 hominis
1193 908 1359 973 stetit,
1402 916 1571 960 etcor
1598 902 1827 958 hominis

259 1009 441 1063 datum
469 1016 550 1061 est
572 1007 640 1061 ei.
669 1006 722 1060 5.
759 1006 825 1063 Et
850 1018 975 1058 ecce
1004 1002 1171 1057 bestia
1211 1001 1313 1055 alia
1362 998 1547 1053 similis
1591 1011 1747 1060 urso,
1772 1001 1826 1049 et

260 1102 315 1156 in
343 1111 542 1171 partem
570 1114 723 1154 unam
750 1097 914 1159 stetit,
937 1106 991 1151 et
1020 1095 1117 1148 tria
1148 1093 1309 1146 latera
1339 1092 1389 1144 in
1414 1106 1505 1144 ore
1530 1089 1664 1158 ejus,
1689 1088 1827 1142 inter

259 1193 451 1247 dentes
481 1192 660 1259 ipsius.
690 1190 759 1244 Et
781 1190 857 1244 sic
874 1188 1118 1242 dicebant
1144 1185 1192 1239 ei
1221 1203 1234 1238 :
1265 1181 1687 1252 Surge,comede
1712 1194 1828 1233 car-

261 1296 359 1334 nes
386 1280 594 1335 multas.
624 1278 678 1333 6.
711 1279 836 1333 Post
863 1278 962 1331 hoc
987 1273 1307 1345 aspiciebam
1329 1314 1344 1340 ,
1376 1283 1429 1327 et
1466 1286 1589 1326 ecce
1612 1270 1712 1323 alia
1735 1268 1826 1322 be-

261 1371 360 1425 stia
394 1379 657 1439 tamquam
687 1368 919 1439 pardalis
949 1384 962 1419 :
988 1374 1041 1421 et
1068 1366 1166 1434 ipsi
1208 1364 1304 1418 alte
1342 1373 1564 1434 quatuor
1594 1361 1826 1416 volucris

260 1474 425 1526 super
448 1474 563 1512 eam
583 1499 596 1520 ,
624 1466 678 1511 et
700 1465 926 1527 quatuor
950 1455 1119 1526 capita
1150 1454 1351 1518 bestiae,
1381 1463 1434 1507 et
1456 1463 1683 1522 potestas
1705 1451 1825 1505 data

262 1559 344 1601 cst
374 1548 470 1602 illi.
512 1550 562 1601 7.
594 1548 718 1602 Post
749 1548 847 1600 hoc
887 1545 1202 1615 aspiciebam
1232 1545 1283 1598 in
1311 1544 1511 1597 visione
1541 1542 1711 1596 noctis
1734 1582 1747 1604 ,
1772 1548 1827 1593 et

258 1654 387 1693 ecce
426 1638 591 1693 bestia
633 1647 835 1707 quarta,
874 1635 1140 1702 terribilis,
1168 1645 1220 1689 et
1260 1633 1513 1703 stupenda
1537 1672 1552 1697 ,
1584 1640 1635 1685 et
1676 1630 1826 1684 fortis

262 1729 423 1783 nimis
458 1746 471 1783 :
512 1739 563 1783 et
600 1729 784 1784 dentes
809 1729 920 1797 ejus
946 1727 1100 1783 ferrei
1152 1735 1206 1780 et
1232 1726 1404 1794 magni
1430 1740 1445 1789 ;
1469 1722 1752 1777 comedens
1774 1729 1826 1775 et

260 1820 624 1874 cumminuens
658 1836 672 1883 ;
704 1828 758 1873 et
796 1818 1003 1886 reliqua
1046 1802 1275 1885 pedibus
1299 1814 1409 1867 suis
1433 1812 1777 1866 conculcabat
1807 1828 1820 1864 :

265 1922 323 1965 et
350 1912 463 1980 ipsa
494 1911 697 1965 diversa
728 1909 881 1964 valde
920 1923 1028 1978 prie
1052 1906 1297 1961 omnibus
1326 1905 1509 1959 bestiis
1545 1919 1661 1973 quae
1703 1912 1825 1956 ante

259 2016 379 2052 eam
406 2018 417 2053 :
452 2010 505 2053 et
532 2013 727 2053 cornua
747 1998 860 2067 ejus
893 1997 1097 2051 decem.
1122 1995 1174 2050 8.
1194 1993 1599 2050 Considerabam
1627 2008 1822 2047 cornua

259 2091 461 2156 cjus,et
491 2090 614 2144 ecce
642 2104 808 2143 cornu
848 2086 989 2141 aliud
1026 2100 1241 2155 parvum
1284 2084 1600 2139 ascendebat
1628 2084 1678 2136 in
1707 2098 1821 2137 me-

258 2177 351 2231 dio
378 2192 585 2244 eorum,
607 2186 661 2233 et
682 2177 777 2231 tria
803 2191 999 2231 cornua
1025 2176 1160 2244 ejus,
1189 2175 1255 2230 de
1279 2175 1342 2229 iis
1369 2189 1486 2243 qua:
1504 2182 1676 2237 antea,
1701 2186 1820 2226 era-

260 2268 432 2323 dicata
469 2278 591 2323 sunt
618 2284 648 2323 a
674 2269 803 2323 facie
828 2268 963 2338 ejus.
1010 2266 1078 2321 Et
1122 2280 1247 2321 ecce
1292 2266 1451 2328 oculi,
1491 2264 1639 2334 quasi
1685 2262 1822 2317 oculi

260 2358 493 2414 hominis
524 2362 575 2414 in
602 2375 764 2415 cornu
794 2360 893 2414 isto
912 2400 928 2425 ,
968 2368 1023 2414 et
1047 2373 1109 2414 os
1134 2357 1357 2427 loquens
1386 2355 1621 2426 grandia.
1664 2374 1683 2406 ι
1718 2354 1823 2408 Cur

260 2468 367 2510 non
412 2453 541 2506 dixit
586 2468 643 2507 se
669 2452 863 2507 vidisse
904 2450 1197 2506 mulieres?
1223 2451 1291 2503 At
1318 2448 1527 2518 quidem
1557 2461 1676 2502 cum
1706 2460 1820 2514 po:-

261 2559 385 2599 nam
428 2555 483 2599 et
522 2542 943 2599 maledictionent
986 2540 1223 2610 oportuit
1263 2538 1534 2601 exhibere,
1574 2536 1821 2591 mulieres

260 2634 481 2689 adduxit
503 2634 771 2703 Scriptura
799 2651 812 2686 :
844 2647 962 2687 cum
993 2640 1168 2685 autem
1194 2644 1358 2699 regna
1386 2627 1700 2697 exprimere,
1725 2625 1819 2680 he-

260 2727 390 2781 stias
415 2727 645 2795 protulit.
670 2726 982 2794 lncorporea
1010 2737 1100 2777 res
1128 2732 1209 2776 est
1232 2736 1478 2790 regnum:
1504 2731 1695 2788 corpus
1722 2718 1819 2788 igi-

260 2824 349 2871 tur
368 2817 442 2870 illi
468 2816 665 2870 tribuit.
690 2816 772 2869 An
799 2830 901 2869 non
932 2812 1240 2881 oportebat?
1263 2811 1327 2864 Et
1351 2817 1512 2863 recte.
1534 2808 1663 2861 Nam
1684 2820 1819 2876 quo-

261 2908 404 2961 niam
451 2920 731 2975 regnorum
777 2905 1057 2973 qualitates
1105 2907 1366 2969 praecipue
1405 2901 1454 2951 in
1492 2900 1671 2952 bestiis
1706 2897 1820 2951 istis

261 2996 552 3059 exsistunt;
580 2993 698 3049 ideo
714 2994 776 3047 iis
800 3006 932 3061 opus
951 2990 1151 3044 habuit.
1173 2988 1464 3043 Ostendere
1493 2988 1656 3041 voluit
1675 2986 1819 3040 illam

260 3086 315 3140 in
346 3084 554 3139 feritate
589 3083 889 3153 superbiam
917 3090 1073 3150 atque
1100 3080 1355 3134 luxuriam
1383 3077 1481 3147 (a),
1514 3087 1567 3133 et
1595 3077 1818 3131 leaenam

263 3174 527 3244 produxit.
558 3173 738 3227 Voluit
761 3172 1042 3228 ostendere
1071 3170 1368 3224 tarditatem
1393 3210 1409 3236 ,
1434 3178 1487 3224 et
1513 3183 1691 3239 ursum
1723 3166 1817 3221 ad-

260 3265 430 3319 duxit.
477 3264 651 3318 Voluit
686 3262 962 3332 designare
987 3262 1321 3316 velocitatem
1352 3271 1404 3315 et
1434 3260 1816 3329 pernicitatem,

259 3354 479 3424 etquod
518 3354 666 3408 bellis
699 3353 873 3407 omnia
913 3351 1134 3420 imperia
1160 3351 1481 3404 everterint:
1511 3359 1667 3418 atque
1697 3363 1818 3418 par-

259 3444 419 3499 dalim
450 3446 682 3514 protulit.
706 3446 895 3514 Aspice
928 3452 984 3496 ut
1016 3443 1158 3513 prius
1188 3442 1405 3511 pulchre
1430 3440 1621 3495 viderit
1650 3454 1816 3504 mare,

258 3534 404 3604 quod
442 3542 785 3603 repraesentat
823 3533 1129 3588 universum
1168 3532 1349 3587 orbem
1398 3541 1679 3586 terrarum.
1712 3530 1819 3585 To-

260 3626 420 3680 tidem
459 3627 598 3681 enim
655 3626 839 3694 plenus
882 3633 965 3679 est
1003 3623 1332 3687 tumultibus,
1365 3630 1420 3676 et
1444 3621 1631 3677 eodem
1663 3619 1819 3675 modo

259 3716 509 3784 agitatur,
538 3715 683 3786 quasi
718 3715 947 3785 piscibus
968 3756 982 3780 ,
1012 3730 1117 3769 non
1146 3714 1447 3769 hominibus
1469 3714 1700 3783 repletus
1722 3713 1816 3783 (b).

261 3803 316 3857 ιιι
342 3806 501 3860 etiam
520 3802 757 3859 Christus
783 3806 1053 3871 declarat,
1084 3815 1398 3873 praesentem
1438 3818 1629 3873 nempe
1661 3803 1819 3857 vitam

260 3915 409 3953 mare
437 3914 586 3963 esse,
615 3899 737 3952 dum
766 3898 894 3953 dicit
923 3918 935 3951 :
972 3915 991 3948 ι
1025 3898 1207 3952 Simile
1247 3896 1439 3951 factum
1486 3904 1566 3952 est
1600 3910 1821 3965 regnum

260 3990 510 4042 caelorum
536 4003 744 4056 sagenae
772 3989 945 4042 missae
973 3988 1024 4040 in
1058 4003 1244 4052 mare,
1282 3995 1336 4040 et
1358 4002 1425 4041 ex
1450 3986 1593 4040 omni
1627 4000 1822 4055 genere

261 4076 626 4144 congreganti.
658 4094 676 4127 ι
722 4075 926 4145 (Matth.
960 4076 1046 4129 15.
1078 4074 1189 4145 Π.)
1240 4094 1257 4126 ι
1288 4074 1354 4128 Et
1391 4089 1540 4140 ecce,
1568 4092 1586 4125 ι
1621 4074 1818 4142 inquit,

268 4183 288 4214 s
317 4173 545 4233 quatuor
574 4165 718 4219 venti
771 4166 883 4219 caeli
922 4164 1200 4219 irruebant
1234 4166 1287 4218 in
1322 4180 1469 4218 mare
1498 4179 1770 4234 magnum.
1796 4182 1813 4214 ι

260 4255 509 4308 Declarat
530 4255 728 4309 bestias
746 4256 861 4310 illas
878 4256 1002 4311 inde
1026 4256 1318 4325 prodiisse:
1342 4254 1542 4309 iudicat
1559 4256 1717 4309 etiam
1740 4269 1824 4309 ce-

258 4343 528 4397 leritatem
545 4345 735 4399 divina:
749 4346 1116 4415 providentiae.
1135 4346 1343 4400 F-tenim
1360 4362 1478 4408 nos.
1502 4362 1625 4400 cum
1651 4346 1717 4399 de
1732 4359 1825 4399 ve-

260 4434 479 4488 locitate
521 4450 695 4489 sermo
723 4445 825 4500 est,
865 4444 1058 4492 ventos
1086 4436 1142 4491 in
1180 4438 1417 4491 medium
1453 4435 1821 4506 producimus.

258 4523 543 4578 lrruerunt
568 4524 623 4578 in
649 4540 824 4591 mare;
860 4533 916 4580 et
942 4534 1303 4587 emerserunt,
1338 4525 1532 4593 inquit,
1571 4522 1757 4578 bestia:
1790 4535 1826 4578 θ

264 4610 422 4663 mari.
464 4609 593 4664 Nam
628 4620 826 4665 naturae
856 4621 1052 4666 nostra:
1088 4612 1374 4681 participes
1407 4621 1529 4666 sunt
1560 4612 1823 4681 principes

263 4700 458 4754 nostri.
497 4701 583 4756 Sic
610 4703 765 4756 etiam
798 4716 976 4771 regem
1003 4701 1209 4756 leonem
1233 4716 1372 4771 saepe
1404 4711 1589 4769 vocat,
1625 4703 1823 4772 regiam

265 4790 579 4861 dignitatem
623 4800 677 4846 et
726 4792 922 4846 (crines
966 4806 1144 4847 mores
1190 4793 1423 4848 indicare
1463 4795 1701 4863 cupiens.
1729 4794 1825 4849 Vel

264 4878 391 4949 quia
412 4890 685 4935 ventorum
706 4879 793 4936 ille
817 4879 1029 4949 quidem
1058 4881 1332 4937 orientalis
1357 4890 1459 4949 est,
1492 4882 1576 4937 hic
1604 4897 1728 4938 vero
1754 4898 1823 4939 ex

1609 4960 1631 4985 ὑ

330 5031 405 5106 et
435 5031 492 5106 In
513 5038 670 5106 meo
686 5046 847 5106 ηερμε-
871 5036 1151 5106 mea
1178 5049 1272 5106 γοι
1292 5072 1307 5095 .
1330 5044 1459 5106 ιεειθ
1491 5038 1661 5106 sum.
1688 5051 1825 5087 arro-

513 5100 657 5169 atque
688 5096 895 5169 delicias
1184 5105 1341 5169 Quare
1364 5102 1826 5169 utrumqueinﬂver-

261 5160 404 5227 Itone
418 5156 775 5227 junxi,_d_uctus
796 5156 1076 5227 auctoritate
1106 5164 1152 5206 S.
1175 5160 1451 5227 ttieronymi
1471 5194 1485 5216 ,
1509 5156 1590 5227 qui
1610 5160 1670 5227 _i_u
1694 5160 1829 5209 Com-

266 5217 503 5284 mentario
541 5216 599 5263 ad
635 5217 761 5284 hunc
785 5216 951 5284 locum
988 5231 1144 5284 regno
1164 5216 1427 5284 pabylpiiio
1458 5216 1824 5284 crudelitatem,

267 5273 505 5345 luxuriam
529 5285 579 5326 et
601 5273 1459 5345 mperbiam_auribﬁit.__(1t'udelitatis
1474 5283 1720 5341 specimen
1743 5273 1827 5329 da;

266 5336 338 5384 bit
356 5344 497 5403 caput
529 5336 843 5403 praecedens;
880 5340 1083 5403 luxuria
1120 5339 1244 5403 liber
1281 5336 1515 5390 Judithae:
1562 5345 1822 5403 prtesertitn

266 5409 366 5465 cap:
386 5397 467 5465 ti,
483 5397 626 5465 __vers.
645 5397 708 5465 31
730 5397 1027 5465 ;_superbize,
1051 5408 1106 5450 ut
1126 5400 1218 5451 alia
1239 5408 1470 5461 omittam,
1494 5397 1586 5451 re'x
1609 5404 1829 5465 Assyrius

263 5456 442 5509 Ludis:
462 5460 621 5510 dictus
643 5456 708 5518 Is.
731 5456 812 5519 ⁷14,
827 5456 912 5509 ⁷12.

321 5520 389 5583 (b)
421 5523 638 5571 Piscibus
660 5532 719 5570 se
742 5522 949 5585 invicem
970 5521 1310 5585 devorantibus
1348 5523 1588 5585 improbos
1610 5523 1830 5573 homines

254 5591 557 5655 comparant,
720 5583 1019 5652 Habacucutn
1052 5584 1331 5655 prephetam
1351 5621 1363 5641 ,
1392 5583 1723 5691 Athenagoras
1746 5591 1829 5633 Le-

254 5652 443 5695 trsttone
467 5657 557 5695 pro
686 5642 889 5695 istiams.
910 5648 956 5688 Β.
984 5640 1199 5693 Irenaeus
1222 5643 1303 5693 hb.
1330 5647 1384 5695 5.
1410 5658 1514 5695 can.
1539 5644 1570 5691 2
1612 5682 1625 5695 .
1653 5654 1702 5693 et
1725 5658 1829 5693 om-

247 5640 443 5707 ειυόηθ
582 5640 889 5700 Christianis,
910 5648 956 5688 Β.
984 5640 1199 5693 Ιτείιιεῖιε
1222 5643 1303 5693 lib.
1330 5640 1384 5703 5,
1410 5658 1514 5706 cap.
1539 5640 1625 5697 ἓξ,
1653 5654 1702 5693 et,
1725 5658 1830 5693 om.

240 5707 371 5758 nium
403 5704 787 5769 elegantissime
817 5708 862 5750 8.
888 5701 1081 5751 Basilius
1262 5706 1463 5769 septima
1489 5708 1536 5755 in
1560 5712 1828 5756 Hexaeme-

231 5784 338 5825 ron.
360 5762 536 5822 καυῶ
563 5773 646 5820 ω
668 5775 732 5814 ea
754 5762 819 5812 de
848 5773 905 5812 re
929 5764 1249 5824 proverbium.

1647 424 1711 481 IN
1749 422 2111 482 DANIELEM.

1932 540 2309 607 septentrione,
2339 542 2473 597 alter
2496 557 2620 599 vero
2648 544 2715 600 ab
2734 556 2937 604 austro.
2964 550 3030 607 Ut
3059 553 3102 607 si
3133 555 3250 624 quis
3270 560 3485 617 dixerit:

1930 629 2131 684 Evertit
2168 646 2315 688 mare
2342 649 2357 698 ;
2399 634 2524 689 illud
2554 636 2621 691 de
2654 638 2786 692 caelo
2812 640 3094 709 agitarunt.
3119 642 3341 703 Diversa
3354 653 3485 705 inter

1928 734 2003 775 se.
2044 720 2241 787 Prima,
2284 724 2427 792 quasi
2464 724 2639 779 hanc.
2672 726 3123 792 Quemadmodum
3151 735 3203 790 iv
3231 736 3472 793 somnio:

1932 825 2035 865 non
2064 812 2205 867 enim
2232 812 2346 870 haec
2374 830 2549 870 rerum
2577 829 2760 871 natura
2783 829 2915 874 erat.
2946 821 3047 877 Per
3066 824 3171 879 duo
3193 826 3340 898 signa
3364 842 3478 882 ma-

1924 900 2090 970 jestas
2134 904 2274 973 regia
2321 905 2634 960 ostenditur.
2662 907 2882 975 Quidam
2924 926 3050 967 vero
3092 915 3292 983 dicunt,
3340 921 3479 990 quod

1928 993 2047 1061 quia
2075 993 2345 1064 Assyrium
2375 998 2659 1065 superavit,
2702 998 2820 1054 ideo
2852 1016 2969 1056 cum
3006 1004 3211 1063 duobus
3236 1009 3479 1067 animali-

1929 1081 2025 1137 bus
2062 1083 2348 1139 confertur.
2395 1084 2459 1138 Et
2494 1088 2819 1155 aspiciebam,
2848 1092 3006 1145 donec
3045 1097 3225 1152 erutus
3250 1112 3363 1155 sunt
3387 1105 3483 1158 alat

1929 1172 2036 1240 ejus
2056 1212 2070 1235 ,
2094 1172 2144 1226 id
2171 1182 2281 1240 est,
2315 1175 2591 1245 imperium
2609 1217 2624 1242 ,
2653 1186 2701 1230 et
2728 1180 2925 1233 sublata
2963 1192 3034 1235 est
3070 1186 3132 1240 de
3153 1195 3281 1243 terra
3311 1206 3331 1245 :
3359 1204 3405 1247 ct
3429 1197 3481 1249 in

1930 1260 2137 1328 pedibus
2161 1263 2373 1319 hominis
2399 1266 2568 1319 stetit:
2595 1276 2641 1319 ct
2664 1283 2748 1320 cor
2775 1270 2987 1325 hominis
3014 1274 3187 1330 datum
3214 1290 3282 1334 est
3302 1284 3365 1339 ei.
3385 1284 3480 1341 Fe-

1929 1366 2024 1405 rox
2052 1353 2265 1407 animal.
2296 1355 2549 1425 Utrinque
2595 1358 2823 1415 habebat
2862 1363 3149 1422 celeritatis
3189 1373 3292 1426 vim
3326 1392 3341 1428 :
3389 1391 3479 1431 su-

1930 1458 2093 1511 perne
2132 1446 2343 1515 quidem
2382 1449 2450 1504 ab
2477 1449 2572 1504 alis
2596 1491 2612 1516 ,
2646 1450 2848 1508 inferne
2876 1469 3003 1511 vero
3039 1473 3067 1512 a
3100 1460 3318 1529 pedibus
3346 1482 3361 1522 :
3390 1469 3480 1522 sed

1930 1547 2147 1607 utraque
2168 1539 2423 1595 velocitas
2452 1540 2625 1598 ablata
2656 1554 2757 1607 est.
2789 1545 2886 1601 alis
2914 1548 3126 1617 quidem
3147 1556 3359 1621 evulsis,
3386 1574 3481 1616 nec

1928 1629 2152 1696 amplius
2190 1632 2594 1699 apparentibus,
2632 1634 2853 1703 pedibus
2890 1653 3015 1693 vero
3042 1639 3484 1711 degenerautibu:

1929 1718 1980 1772 in
2007 1718 2306 1787 debiliores,
2338 1723 2595 1777 humanos
2623 1724 2841 1779 scilicet.
2876 1726 2944 1780 Et
2967 1745 3054 1783 cor
3082 1731 3293 1789 hominis
3310 1738 3483 1794 datum

1927 1817 1998 1862 est
2023 1808 2085 1862 ei.
2116 1808 2280 1863 Tanta
2308 1810 2359 1863 in
2386 1810 2477 1865 illo
2502 1812 2713 1868 animali
2738 1813 2908 1870 fuerat
2936 1820 3201 1887 superbia.
3233 1824 3477 1897 Humilis,

1928 1898 2125 1968 inquit,
2150 1899 2289 1954 mitis
2318 1909 2371 1956 et
2404 1910 2706 1958 mansuetus
2733 1902 2901 1961 factus
2924 1916 3005 1963 est
3030 1925 3146 1966 rex.
3176 1912 3245 1968 Et
3267 1933 3376 1972 ecce
3394 1921 3473 1974 be-

1926 1991 2020 2043 stia
2046 1990 2148 2043 alia
2174 1991 2350 2045 similis
2376 2008 2491 2045 urso
2518 2007 2538 2046 .'
2562 2002 2609 2048 et
2629 1995 2682 2047 in
2710 2008 2899 2063 partem
2924 2014 3074 2054 unam
3106 2005 3239 2057 stetit
3266 2017 3284 2054 :
3312 2013 3359 2056 et
3380 2008 3483 2063 tria

1927 2080 2084 2133 latera
2104 2080 2154 2132 in
2177 2096 2261 2134 ore
2280 2082 2407 2149 ejus,
2430 2082 2557 2135 inter
2581 2089 2748 2139 dentes
2767 2085 2942 2155 ipsius.
2974 2089 3042 2143 Et
3066 2093 3137 2144 sic
3156 2094 3378 2149 dicebant
3406 2108 3475 2161 ei;

1926 2171 2110 2242 Surge,
2140 2180 2338 2226 comede
2360 2190 2531 2228 carnes
2551 2175 2751 2230 multas.
2775 2177 2885 2232 Sub
2915 2179 3089 2237 Persis
3112 2182 3349 2241 homines
3369 2187 3467 2243 fue-

1926 2270 2048 2316 runt
2078 2264 2211 2317 tardi
2237 2278 2299 2318 ac
2322 2278 2533 2334 segnes.
2556 2265 2665 2320 Sub
2694 2266 2860 2323 Medis
2890 2279 2943 2324 et
2965 2270 3139 2328 Persis
3168 2278 3479 2338 exstiterunt

1928 2353 2025 2405 tria
2047 2353 2209 2408 latera
2235 2371 2248 2407 :
2277 2354 2326 2408 id
2354 2366 2461 2423 est,
2494 2357 2577 2411 vel
2605 2358 2749 2423 loca,
2775 2361 2855 2414 vel
2883 2376 3073 2432 regna,
3095 2380 3212 2435 qua:
3237 2368 3288 2422 in
3317 2385 3474 2425 unum

1926 2444 1999 2499 illi
2030 2455 2425 2501 contraxerunt.
2472 2446 2713 2504 Dicebant
2748 2452 2794 2505 ei
2815 2467 2835 2506 :
2869 2452 3048 2525 Surge,
3088 2463 3288 2514 comede
3306 2478 3479 2518 carnes

1925 2534 2125 2589 multas.
2148 2536 2213 2590 Hi
2252 2538 2392 2592 enim
2428 2550 2679 2608 ceperunt
2722 2551 2775 2596 et
2818 2542 3155 2615 Babylonem,
3192 2558 3246 2603 et
3287 2553 3478 2607 multas

1922 2628 2245 2683 calamitates
2272 2631 2576 2685 intulerunt.
2602 2650 2620 2683 ‹
2645 2632 2768 2688 Post
2793 2633 2892 2689 hoc
2916 2637 3251 2706 aspiciebam;
3274 2651 3326 2697 et
3353 2658 3479 2701 ecce

1922 2717 2024 2771 alia
2042 2718 2224 2785 bestia,
2241 2720 2389 2790 quasi
2407 2721 2634 2791 pardalis
2655 2739 2667 2775 :
2695 2732 2748 2778 et
2774 2725 2871 2793 ipsi
2897 2725 2991 2781 ala:
3012 2737 3236 2796 quatuor
3251 2731 3479 2788 volucris

1924 2823 2084 2877 super
2104 2826 2239 2874 eam,
2259 2822 2312 2868 et
2333 2814 2502 2883 capita
2532 2824 2757 2885 quatuor
2782 2818 2961 2873 bestiae
2984 2837 2997 2874 :
3020 2828 3073 2874 et
3100 2831 3330 2890 potestas
3356 2825 3474 2881 data

1923 2908 2004 2952 est
2024 2901 2115 2954 illi.
2151 2920 2169 2953 ι
2204 2901 2418 2969 Deinde,
2448 2904 2631 2973 inquit,
2677 2908 2899 2973 pardalis
2926 2924 2944 2962 :
2976 2910 3271 2969 Alexander
3307 2916 3478 2972 Mace-

1923 2987 2117 3045 donum
2147 3006 2257 3053 rex,
2285 2994 2372 3061 qui
2404 3002 2568 3048 totum
2597 2996 2775 3051 orbem
2795 3001 3101 3067 pervolavit.
3120 3003 3259 3060 Nihil
3282 3009 3478 3080 quippe

1922 3080 2015 3134 illo
2045 3080 2139 3136 fuit
2170 3083 2468 3149 terribilius,
2490 3100 2585 3141 nec
2610 3088 2869 3145 velocius:
2898 3101 2951 3145 at
2977 3094 3261 3152 vehemens
3282 3110 3395 3154 erat
3412 3116 3476 3157 ac

1923 3172 2084 3238 celer,
2098 3175 2250 3229 sicuti
2270 3174 2380 3229 haec
2394 3176 2578 3231 bestia.
2593 3178 2839 3246 Quatuor,
2860 3180 3041 3251 inquit,
3063 3186 3160 3239 ala:
3174 3187 3383 3243 volucris
3398 3208 3476 3245 su-

1923 3280 2010 3334 per
2029 3282 2156 3319 eam.
2180 3266 2283 3323 Hoc
2298 3275 2397 3333 est,
2418 3282 2625 3322 omnem
2649 3271 2934 3339 potentiam
2952 3274 3050 3328 sibi
3072 3276 3325 3344 adjuuxit.
3351 3280 3478 3336 Per-

1921 3369 2009 3408 sas
2035 3356 2172 3409 enim
2200 3357 2249 3410 in
2274 3357 2522 3411 tredecim
2557 3373 2716 3428 regna
2742 3359 2808 3414 ab
2835 3374 2893 3414 se
2920 3361 3115 3418 divisos
3140 3366 3238 3420 sibi
3255 3368 3478 3438 subjecit

1922 3445 2379 3501 universos.Vides
2403 3446 2539 3501 illius
2566 3447 2925 3503 celeritatem?
2947 3450 3011 3504 Et
3029 3466 3093 3505 ex
3111 3452 3293 3510 bestias
3318 3467 3474 3514 natu-

1923 3552 2001 3603 ra,
2029 3546 2081 3592 et
2105 3553 2170 3592 cx
2195 3536 2312 3592 alis.
2340 3536 2657 3593 Universum
2678 3540 2858 3595 orbem
2893 3544 3168 3611 percurrit.
3198 3546 3261 3600 Et
3288 3551 3479 3619 capita,

1922 3627 2106 3697 inquit,
2122 3639 2334 3698 quatuor
2354 3628 2533 3681 bestiis.
2551 3628 2613 3682 Et
2633 3646 2839 3700 regnum
2868 3640 2912 3684 et
2939 3642 3153 3701 potestas
3177 3638 3293 3689 data
3315 3649 3386 3692 est
3410 3641 3476 3694 ei.

1923 3718 2123 3773 Dehinc
2160 3729 2332 3773 narrat
2361 3727 2561 3790 quarta:
2590 3718 2774 3775 bestiae
2797 3721 3076 3777 adventum
3104 3726 3477 3785 multiformem

1923 3819 1976 3862 et
2006 3808 2361 3877 omnigenum,
2397 3818 2449 3863 et
2479 3823 2581 3864 non
2613 3820 2786 3879 potest
2820 3810 3008 3867 afferre
3036 3815 3429 3873 similitudinem
3462 3838 3476 3875 :

1922 3899 2053 3952 adeo
2081 3898 2245 3953 bestia
2264 3899 2346 3952 illa
2372 3899 2583 3954 varians
2599 3908 2732 3955 erat.
2759 3901 2870 3955 Alia
2892 3904 3081 3973 quippe
3095 3908 3266 3959 omnia
3290 3908 3481 3967 devicit

1927 4004 2107 4058 regna.
2148 3988 2367 4043 Czeteris
2410 3989 2619 4059 quidem
2660 3992 2895 4061 imperiis
2923 4009 2951 4047 a
2990 3995 3265 4053 velocitate
3312 4000 3480 4056 inerat

1922 4080 2003 4131 vis
2032 4096 2045 4131 :
2070 4078 2224 4147 hujus
2248 4093 2372 4133 vero
2396 4080 2637 4134 animalis
2664 4081 2802 4135 vires
2824 4083 2875 4137 in
2902 4081 3146 4139 dentibus
3168 4127 3181 4151 ,
3214 4089 3299 4157 qui
3323 4090 3479 4146 ferrei

1924 4178 2097 4223 erant.
2120 4168 2188 4222 Et
2210 4170 2398 4239 reliqua
2424 4171 2629 4239 pedibus
2653 4172 2756 4224 suis
2785 4174 3121 4228 conculcabat.
3148 4177 3303 4231 Multa
3328 4180 3482 4234 intel-

1922 4260 2034 4329 ligit
2060 4259 2214 4315 bella.
2254 4260 2475 4327 Quinam
2506 4269 2627 4314 sunt
2652 4260 2831 4316 decem
2860 4278 3010 4333 reges
3038 4265 3060 4318 ?
3094 4268 3233 4335 quod
3263 4282 3477 4337 parvum

1922 4350 2129 4405 cornu?
2154 4350 2265 4420 Ego
2286 4350 2371 4403 aio
2400 4351 2780 4405 Antichristum
2820 4353 2957 4409 inter
2980 4356 3179 4425 aliquot
3205 4374 3353 4428 reges
3381 4377 3479 4432 ap-

1924 4460 2130 4514 parere.
2156 4444 2222 4498 Et
2250 4446 2385 4499 oculi
2406 4486 2420 4510 ,
2449 4447 2593 4517 quasi
2617 4447 2749 4501 oculi
2768 4448 2981 4502 hominis
3000 4488 3014 4514 ,
3044 4451 3094 4503 in
3117 4467 3270 4506 cornu
3296 4455 3409 4523 isto,
3434 4468 3480 4511 et

1925 4554 1980 4591 os
1992 4538 2194 4607 loquens
2210 4536 2441 4608 grandia.
2460 4535 2590 4603 Quid
2612 4537 2751 4591 enim
2774 4536 2864 4592 illo
2883 4553 2976 4593 ore
2991 4540 3239 4608 grandius
3254 4556 3371 4599 esse
3388 4560 3483 4615 po-

1926 4635 2031 4681 test
2056 4626 2194 4695 quod
2223 4628 2480 4695 loquitur,
2514 4625 2683 4695 Supra
2710 4627 2953 4697 quidquid
2984 4629 3167 4682 dicitur
3196 4630 3327 4686 Deus
3348 4674 3362 4694 .
3397 4645 3483 4689 aut

1928 4734 2130 4781 numen,
2157 4717 2280 4771 adeo
2304 4724 2357 4769 ut
2381 4717 2432 4769 in
2460 4717 2645 4786 templo
2671 4716 2765 4770 Dei
2790 4719 2957 4771 sedeat
2978 4718 3054 4789 (ἓ.
3084 4719 3258 4774 Thess.
3290 4721 3346 4777 2.
3382 4725 3437 4795 6)
3462 4727 3485 4779 ?

1926 4806 1980 4861 Si
2023 4817 2195 4860 autent
2249 4806 2386 4860 oculi
2431 4805 2677 4869 hominis,
2730 4820 2796 4859 ne
2835 4807 3080 4861 mireris:
3120 4810 3315 4864 etenim
3362 4813 3485 4869 talia

1930 4899 2179 4969 loquitur.
2206 4898 2374 4953 Homo
2418 4906 2499 4951 est
2540 4897 2614 4965 (2.
2641 4894 2815 4951 Thess.
2847 4898 2902 4953 ἓ.
2928 4901 3005 4969 5),
3033 4899 3219 4970 inquit.
3252 4902 3358 4957 Cur
3387 4919 3484 4958 au-

1931 4997 2032 5042 tetu
2057 5004 2219 5043 cornu
2251 5002 2465 5057 parvum
2486 5026 2500 5048 ,
2542 4994 2597 5040 et
2630 5002 2735 5039 uun
2766 4988 2830 5041 ab
2861 4987 3010 5042 initio
3040 5005 3283 5060 magnum
3322 5008 3485 5063 appa-

1929 5078 2129 5133 ret?At
2151 5078 2368 5147 posthac
2388 5086 2619 5141 crescet,
2650 5087 2703 5131 et
2728 5079 3072 5147 quorumdam
3102 5095 3283 5150 regum
3313 5082 3488 5137 domi-

1930 5170 2155 5224 nabitur.
2199 5169 2335 5236 Quid
2367 5168 2565 5238 igitur?
2596 5168 2805 5223 Nullum
2842 5184 3057 5239 regnum
3087 5172 3315 5244 excipiet
3350 5174 3491 5231 hunc

1930 5278 2106 5332 regem
2142 5280 2155 5315 :
2184 5262 2274 5315 sed
2303 5260 2446 5314 illum
2475 5260 2610 5314 Deus
2636 5261 3123 5329 ipsemetdissolvet
3145 5278 3207 5318 ac
3232 5264 3488 5321 destruet.

1931 5357 1983 5411 9.
2020 5373 2038 5405 ‹
2069 5353 2420 5423 Aspiciebam,
2445 5351 2613 5406 donec
2640 5352 2811 5405 throni
2834 5352 2987 5421 positi
3011 5365 3153 5421 sunt,
3176 5366 3224 5410 et
3248 5359 3495 5427 antiquus

1931 5445 2133 5499 dierum
2152 5444 2305 5498 sedit:
2325 5452 2377 5497 et
2399 5442 2767 5497 vestimentum
2793 5444 2907 5511 ejus
2927 5445 3206 5499 candidum
3223 5448 3356 5501 sicut
3379 5449 3492 5502 nix:

1932 5545 1985 5589 et
2012 5534 2231 5603 capillus
2270 5534 2459 5603 capitis
2489 5531 2605 5601 ejus
2645 5532 2791 5601 quasi
2836 5533 2955 5587 lana
3000 5534 3189 5588 munda
3225 5552 3238 5589 :
3275 5536 3497 5590 thronus

1934 5625 2046 5694 ejus
2073 5624 2279 5678 ﬂamma
2307 5623 2439 5692 ignis
2473 5638 2486 5676 :
2527 5630 2657 5675 reue
2692 5620 2805 5689 ejus
2849 5621 2980 5692 ignis
3017 5623 3227 5679 ardens.
3257 5624 3347 5680 £0.
3371 5625 3496 5680 Flu-

1933 5719 2051 5775 vius
2094 5718 2226 5788 ignis
2256 5714 2500 5771 manabat
2528 5712 2803 5785 egrediens
2828 5727 2857 5767 a
2884 5728 2980 5769 con
3013 5721 3165 5783 pectu
3191 5714 3323 5786 ejus.
3355 5715 3496 5774 Mille
