4112 6498
605 436 710 492 231

595 538 759 594 millia
785 535 1150 591 ministrabant
1176 532 1225 588 ei
1249 573 1264 597 ,
1291 542 1342 586 et
1359 531 1494 586 dena
1525 530 1682 584 millia
1712 528 1908 582 denum
1935 525 2156 578 millium

598 629 914 684 assistebant
947 639 1067 681 ante
1095 640 1238 681 eum.
1265 622 1526 679 .ludicium
1554 619 1727 679 sedit,
1762 626 1814 671 et
1841 616 1958 670 libri
1992 614 2158 682 aperti

596 726 742 772 sunt.
802 736 823 770 ι
867 715 1262 772 Contendamus
1306 712 1506 777 animo,
1547 709 1826 764 carissimi.
1863 705 1979 760 Non
2016 704 2160 759 enim

595 809 772 881 parvis
798 808 864 862 de
891 807 1049 861 rebus
1073 806 1262 874 agitur.
1294 801 1509 866 Throni,
1541 799 1710 869 inquit
1729 838 1743 859 ,
1768 798 1918 866 positi
1943 803 2058 849 sunt
2075 835 2090 858 ,
2115 802 2162 846 et

596 899 832 969 antiquus
859 897 1054 950 dierum
1085 894 1231 948 sedit.
1261 891 1394 958 Quis
1418 899 1499 944 est
1528 890 1671 943 iste?
1703 885 1867 946 Sicuti
1907 899 2026 939 cum
2066 898 2160 936 au-

597 987 742 1043 diisti
769 1000 944 1041 ursum
967 1026 984 1050 ,
1015 998 1119 1038 non
1146 983 1212 1037 de
1237 997 1359 1036 urso
1390 979 1668 1051 cogitasti,
1697 986 1890 1031 etcum
1917 977 2158 1038 lernam,

598 1095 706 1134 non
749 1077 801 1132 id
829 1076 1022 1131 animal
1059 1073 1435 1144 suspicabaris,
1466 1069 1559 1126 sed
1580 1083 1739 1139 regna
1770 1086 1785 1133 ;
1815 1076 1868 1121 et
1896 1082 2014 1122 cum
2044 1080 2159 1117 ma-

597 1185 689 1235 re,
718 1185 823 1223 non
849 1182 992 1222 mare
1017 1207 1031 1230 ,
1057 1166 1150 1221 sed
1173 1165 1356 1220 orbem
1385 1173 1644 1218 terrarum
1664 1200 1680 1225 ,
1711 1161 1764 1212 in
1792 1159 1910 1213 aliis
1935 1158 2036 1211 alia
2066 1171 2162 1208 c0-

594 1261 770 1329 gitans
801 1276 815 1312 :
846 1259 915 1312 ita
944 1266 1000 1312 et
1026 1271 1182 1312 nunc.
1209 1256 1472 1322 Autiquus
1499 1251 1704 1306 dierum
1730 1250 1854 1319 quid
1883 1257 1964 1302 est
1990 1247 2014 1298 ‘t
2039 1246 2161 1300 Seni

599 1349 808 1404 cuidam
830 1349 1015 1403 similis
1036 1355 1170 1402 erat.
1189 1345 1318 1398 Nam
1336 1342 1401 1396 ad
1424 1355 1550 1395 usus
1576 1355 1775 1399 rerum,
1799 1346 2015 1408 propter
2035 1349 2165 1404 quas

601 1446 841 1506 apparet,
868 1437 1099 1506 seipsum
1141 1433 1332 1487 format
1360 1448 1374 1489 :
1401 1439 1557 1499 atque
1583 1429 1667 1482 hic
1683 1427 1915 1483 ostendit
1950 1425 2165 1479 senibus

597 1526 789 1597 judicia
809 1540 928 1580 esse
949 1521 1340 1579 committenda.
1368 1520 1519 1575 Sicut
1535 1519 1675 1574 enim
1704 1532 1822 1571 cum
1851 1515 2000 1569 audis
2023 1513 2168 1567 thro-

599 1633 725 1671 num
745 1657 762 1683 ,
787 1631 892 1671 non
916 1615 1217 1670 cathedram
1244 1611 1490 1679 intelligis
1521 1627 1534 1663 :
1567 1623 1753 1664 verum
1779 1607 1895 1676 quis
1927 1603 2059 1659 adeo
2084 1603 2164 1656 vi-

599 1707 704 1762 lem
729 1719 792 1761 ac
818 1705 1084 1775 vulgarem
1113 1716 1324 1758 sensum
1346 1699 1626 1769 arriperet,
1652 1712 1770 1751 cum
1802 1703 1855 1749 et
1881 1693 2004 1748 alibi
2029 1693 2166 1746 Deus

599 1806 835 1851 armatus
878 1795 1136 1856 videatur,
1166 1801 1218 1846 et
1269 1791 1390 1845 alibi
1433 1797 1739 1844 cruentatus
1784 1786 1799 1853 (
1831 1785 1961 1851 Sap.
1990 1783 2044 1838 5.
2075 1784 2161 1836 18.

600 1885 726 1941 lsai.
746 1886 833 1941 63.
857 1884 1075 1956 ὄνησο
1104 1884 1278 1952 itaque
1309 1881 1541 1934 indicztre
1568 1878 1710 1940 vult,
1741 1885 1950 1944 tempus
1984 1872 2165 1942 judicii

599 1992 738 2032 esse.
774 1975 1127 2030 Vestimentunt
1170 1974 1302 2044 ejus,
1331 1970 1472 2039 quasi
1498 1969 1607 2032 nix,
1645 1966 1933 2020 candidum.
1958 1963 2166 2030 Quare?

600 2067 857 2135 Quoniam
887 2082 989 2121 non
1028 2064 1186 2119 modo
1224 2073 1431 2133 tempus
1453 2068 1535 2116 est
1560 2058 1740 2128 jndicii
1768 2098 1784 2123 ,
1812 2056 1905 2112 sed
1941 2057 2169 2110 retribu-

599 2158 760 2213 tionis
785 2171 991 2227 qttoque
1017 2174 1030 2210 :
1058 2153 1303 2224 quoniam
1333 2160 1550 2206 cunctos
1574 2148 1671 2219 ipsi
1702 2147 1910 2201 adstare
1937 2155 2163 2215 oportet:

600 2247 844 2316 quoniam
883 2245 1139 2299 Iudicium
1174 2244 1340 2306 illius,
1385 2240 1585 2309 inquit,
1613 2239 1755 2308 quasi
1781 2238 1870 2292 lux
1895 2237 2169 2308 egredietur

604 2337 769 2410 (Osee
794 2338 843 2392 6.
871 2338 904 2392 5
931 2338 970 2406 ).
1001 2334 1198 2390 Deinde
1226 2333 1420 2387 Throni
1443 2331 1590 2400 positi
1617 2338 1752 2383 sunt.
1780 2328 1964 2382 Nonne
1991 2327 2167 2382 throni

600 2428 656 2484 in
701 2428 890 2498 quibus
931 2426 1196 2489 Sedebitis,
1243 2424 1438 2493 inquit,
1467 2437 1615 2491 super
1664 2421 1924 2474 duodecim
1967 2420 2169 2472 thronos

605 2517 813 2588 (Matth.
823 2520 845 2572 l
855 2517 906 2571 9.
923 2517 1038 2585 28)?
1054 2515 1115 2568 Et
1126 2514 1337 2585 capillus
1351 2513 1528 2578 capitis
1541 2512 1649 2582 ejus
1667 2511 1808 2580 quasi
1827 2511 1944 2563 luna
1959 2508 2166 2562 munda.

601 2607 743 2678 Ignis
763 2606 894 2661 nihil
913 2606 1273 2669 consumebat,
1309 2601 1733 2672 quandoquidem
1758 2599 1893 2655 lenis
1921 2607 2052 2654 erat.
2075 2599 2168 2651 Vi»

603 2697 700 2751 des
723 2695 906 2752 faciem
931 2705 985 2751 et
1004 2695 1237 2749 habitum
1255 2693 1462 2748 civilem
1480 2705 1542 2746 ac
1557 2690 1904 2760 popularem?
1923 2689 2170 2742 Thronus

605 2786 853 2852 terrebat,
870 2785 1009 2856 quod
1030 2787 1150 2855 igne
1165 2782 1487 2845 abundaret;
1507 2791 1560 2836 et
1580 2795 1682 2835 non
1702 2781 1818 2849 igne
1837 2779 2168 2847 simpliciter,

607 2878 698 2935 sed
725 2879 845 2948 igne
864 2878 1100 2933 ardente.
1130 2875 1259 2930 Nam
1283 2891 1349 2929 ne
1366 2874 1725 2933 existimares,
1750 2886 1843 2940 per
1868 2869 2165 2924 similitudi-

603 2984 725 3024 nem
742 2970 926 3024 lactam
944 2983 1062 3024 esse
1080 2967 1546 3036 comparationem,
1565 2963 1763 3018 addidit
1781 2963 1914 3033 ignis
1936 2963 2074 3016 illius
2091 2960 2171 3016 ef-

604 3058 858 3118 ﬁcaciam,
875 3073 977 3110 non
991 3058 1160 3111 solum
1177 3057 1349 3126 ignem
1363 3055 1563 3118 dicens,
1577 3054 1672 3109 sed
1691 3055 1860 3122 ignem
1873 3055 2165 3108 ardentem.

604 3145 812 3200 Flavius
827 3146 954 3215 ignis
971 3144 1202 3198 manabat
1218 3160 1249 3197 a
1264 3153 1527 3212 conspectu
1541 3143 1668 3211 ejus.
1689 3142 1830 3195 Mille
1845 3143 2004 3195 millia
2017 3143 2169 3195 mini-

603 3235 825 3290 strabant
853 3237 897 3289 ei
917 3277 932 3301 ,
963 3245 1008 3290 et
1045 3234 1174 3288 dena
1210 3234 1370 3288 millia
1408 3233 1590 3286 denum
1629 3232 1842 3285 millium
1874 3231 2166 3285 assistebant

606 3336 720 3381 ante
747 3343 858 3380 eum
879 3324 976 3398 (a).
1017 3325 1274 3379 Iudicium
1299 3324 1444 3379 sedit.
1490 3323 1599 3376 Hoc
1625 3330 1743 3386 est,
1776 3321 1895 3376 ideo
1923 3321 2169 3386 advenit,

607 3427 665 3472 ut
686 3417 937 3487 judicium
961 3417 1190 3471 daretur.
1217 3415 1278 3470 Et
1303 3415 1414 3469 libri
1438 3414 1597 3483 aperti
1620 3423 1734 3467 sunt
1761 3411 1918 3480 (Dan.
1944 3413 2030 3466 15.
2056 3411 2167 3481 12).

611 3507 745 3574 Quid
777 3506 892 3560 ais?
922 3507 1068 3561 libris
1109 3507 1246 3560 Deus
1274 3505 1499 3574 indiget,
1537 3505 1634 3568 Qui
1664 3504 1832 3556 omnia
1872 3504 2003 3556 novit
2034 3513 2172 3555 ante-

607 3614 755 3666 quam
781 3597 944 3665 ﬁant?
970 3596 1066 3662 Qui
1091 3596 1234 3664 ﬁnxit
1253 3596 1508 3665 stgillatim
1530 3594 1684 3648 corda
1703 3611 1872 3648 eorum
1896 3594 2059 3664 (Psal.
2079 3593 2169 3648 52.

610 3688 738 3755 15)?
766 3687 866 3741 Sed
892 3687 1038 3754 juxta
1068 3685 1498 3740 consuetudinem
1532 3686 1930 3755 magistratuum
1961 3695 2173 3740 nostro-

608 3794 724 3833 rum
753 3777 1011 3847 loquitur;
1049 3787 1101 3832 et
1127 3778 1202 3832 sic
1227 3786 1344 3830 acta
1370 3775 1498 3829 tiunt
1525 3775 1661 3844 apud
1695 3789 1811 3829 nos.
1857 3775 2002 3830 Sicut
2029 3775 2170 3830 enim

608 3877 723 3922 acta
754 3883 856 3920 non
885 3866 1001 3920 ideo
1031 3867 1293 3936 leguntur,
1322 3875 1377 3920 ut
1403 3867 1736 3936 magistratus
1760 3866 1930 3920 solum
1953 3865 2174 3921 edocea-

610 3967 728 4020 tur,
759 3956 851 4010 sed
879 3957 1034 4010 etiam
1061 3967 1116 4010 ut
1139 3965 1386 4024 appareat
1408 3957 1605 4026 justum
1636 3971 1752 4010 esse
1772 3956 2024 4024 judicium
2057 3975 2069 4008 :
2104 3957 2174 4010 ita

611 4055 665 4102 et
694 4055 815 4102 tunc
837 4047 1030 4102 evenit.
1063 4046 1190 4099 Nam
1218 4046 1341 4101 licet
1368 4046 1505 4100 Deus
1529 4047 1660 4100 sciat
1681 4061 1738 4100 se
1759 4047 1897 4113 juste
1917 4046 2173 4114 judicare,

612 4147 840 4193 attamen
870 4138 1032 4193 libros
1058 4138 1246 4207 aperit.
1279 4136 1439 4206 Cujus
1470 4138 1546 4194 rei
1573 4139 1779 4208 gratia?
1822 4138 1955 4204 Quid
1981 4140 2058 4193 ais
2077 4179 2092 4203 ,
2123 4147 2178 4194 et

612 4229 738 4298 quid
761 4229 850 4283 tibi
873 4229 986 4284 vis?
1011 4229 1118 4285 Cur
1137 4245 1240 4283 non
1264 4230 1475 4300 praemia
1501 4246 1708 4301 quoque
1729 4231 1896 4284 dixit?
1917 4235 1984 4286 At
2008 4231 2139 4286 dixit
2162 4250 2175 4287 :

615 4319 805 4373 Throni
822 4320 966 4389 positi
982 4329 1095 4372 sunt
1109 4335 1128 4383 ;
1142 4319 1561 4388 quandoquidem
1582 4320 1720 4375 Deus
1735 4331 1785 4375 et
1805 4320 1890 4373 illa
1909 4319 2174 4376 deﬁnivit:

612 4418 888 4480 postquam
915 4423 1040 4464 vero
1067 4423 1163 4463 nos
1185 4423 1288 4463 non
1318 4410 1605 4473 audiimus,
1630 4420 1754 4464 tunc
1774 4411 2097 4480 punitionem
2126 4421 2179 4467 et

676 4564 747 4626 (a)
779 4571 1010 4626 Numerus
1031 4569 1195 4613 certus
1216 4564 1524 4626 pro__incerto.
1553 4569 1706 4626 Quare
1739 4563 1841 4626 bzec
1875 4563 2023 4626 verba
2049 4566 2177 4612 varie

613 4623 918 4678 ab‘E'cclesiae
953 4623 1231 4673 doctoribus
1260 4623 1400 4672 allata
1439 4625 1660 4673 invenies
1679 4660 1691 4682 ,
1719 4629 1762 4670 S.
1790 4623 1975 4672 [remeo
1999 4624 2080 4672 lib.
2116 4626 2146 4671 2
2165 4659 2179 4683 ,

613 4700 721 4756 cap.
735 4686 774 4756 κϐ
792 4722 806 4744 ,
827 4685 1116 4756 't‘ertulliapo
1137 4686 1368 4756 adversus
1389 4692 1622 4756 Prattf’ani
1637 4697 1740 4756 cap.
1767 4686 1813 4756 if,
1840 4685 2044 4756 Auctore
2071 4685 2180 4733 libri

615 4745 681 4794 ad
713 4748 1014 4808 Novatianum
1050 4747 1176 4808 inter
1213 4754 1364 4807 Opera
1404 4753 1448 4794 s.
1488 4745 1704 4808 Cypriani
1727 4779 1740 4801 ,
1767 4747 1968 4794 Eusebio
2005 4752 2176 4808 Evattg.

616 4815 819 4869 Prtepar.
845 4805 925 4854 lib.
951 4809 998 4862 7,
1020 4819 1124 4867 cap.
1150 4807 1223 4864 l5,
1250 4805 1396 4868 atque
1421 4805 1567 4869 etiam
1587 4813 1632 4854 Β.
1651 4805 1982 4869 Chrysostomo
2001 4805 2184 4854 Homf6

616 4868 780 4916 contra
801 4869 1083 4926 Anomoaos;
1108 4880 1197 4916 nec
1220 4881 1312 4914 non
1346 4869 1393 4914 in
1416 4868 1800 4916 Ordinationibus
1834 4870 2177 4916 Maronitarum.

618 4927 680 4976 At
703 4928 940 4989 Editiooes
970 4935 1014 4977 s.
1055 4928 1321 4989 Hieronymi
1360 4928 1417 4989 ad
1458 4929 1584 4976 hunc
1618 4927 1772 4976 locum
1812 4931 1993 4977 vitiosa:
2030 4936 2178 4977 sunt:

619 4988 811 5050 Duplex
843 4996 999 5037 autem
1021 4986 1293 5050 angelorum
1314 4986 1520 5050 oﬂicium
1541 4995 1648 5038 est:
1684 4989 1890 5038 aliorum
1927 4989 2008 5050 qui
2034 4990 2182 5048 justis

618 5048 818 5111 prtemia
840 5050 1079 5108 tribuunt;
1098 5048 1299 5111 aliorum
1322 5048 1404 5110 qui
1425 5049 1854 5111 singulispra’sunt
1873 5048 2178 5099 cruciatibus.

617 5109 762 5158 Nemo
788 5124 882 5159 non
907 5111 1038 5158 videt
1074 5110 1381 5172 scribendum
1401 5123 1529 5169 esse,
1551 5109 1840 5164 civitatibus.
1868 5119 1918 5159 ut
1942 5119 1992 5157 et
2016 5120 2180 5172 postea

615 5173 827 5232 comperi
853 5172 1023 5232 legere
1046 5178 1092 5232 S.
1109 5170 1327 5220 Thomam
1353 5173 1400 5218 in
1424 5175 1726 5232 Exposuione
1752 5174 1798 5219 in
1826 5173 1950 5219 hunc
1971 5170 2182 5232 prophe-

619 5230 737 5293 tam.
757 5241 896 5280 Porro
909 5230 1142 5280 notabilis
1179 5233 1409 5292 imprimis
1444 5230 1763 5293 discrepantia
1801 5235 1928 5281 inter
1953 5239 1999 5278 Β.
2025 5230 2181 5282 'rlteo-

617 5292 840 5341 doretum
865 5301 916 5341 et
950 5301 992 5338 ξς.
1022 5293 1242 5339 Thomam
1261 5329 1278 5354 ,
1300 5306 1388 5340 seu
1407 5294 1566 5354 potius
1602 5292 1646 5341 ὲ.
1683 5297 1967 5354 Dionysium,
1993 5295 2038 5341 in
2065 5298 2182 5343 assi-

617 5354 804 5412 gnanda
855 5354 1086 5417 dignitate
1141 5353 1454 5417 angelorum,
1510 5356 1592 5416 qui
1648 5353 1948 5408 ministrant,
2008 5364 2057 5404 et
2101 5359 2181 5417 qui

617 5368 804 5412 gnanaa
855 5368 1086 5461 (Jlﬁlillale
1141 5368 1454 5414 angelorum,
1510 5368 1592 5416 qut
1648 5368 1948 5408 ministrant,
2008 5368 2057 5404 et
2101 5370 2181 5417 qm

616 5419 886 5477 assistunt.‘
939 5416 969 5461 b
1003 5413 1463 5477 utroque_disseutit
1497 5422 1539 5463 S.
1576 5418 1833 5477 Gregorius
1871 5424 2021 5477 Papa;
2049 5419 2183 5477 cujus

614 5475 826 5546 opinioni
865 5473 992 5546 favet
1025 5486 1170 5546 ver‘us
1200 5473 1425 5546 Clemens
1457 5473 1694 5546 nonianps'
1711 5473 1982 5546 iungistola
2008 5473 2063 5523 ad
2091 5473 2179 5526 Co-

618 5533 819 5599 rinthios
838 5549 856 5599 ί
884 5533 1317 5599 t'seudo-Clemens
1352 5544 1525 5599 autem,
1549 5538 1597 5584 in
1620 5533 2047 5599 Constitutionibus
2069 5551 2184 5599 apo-

613 5594 824 5652 stolicis,
849 5598 929 5657 lib.
963 5597 1019 5652 8,
1053 5609 1157 5657 cap.
1196 5596 1282 5652 12,
1311 5607 1336 5642 a
1368 5597 1670 5645 'rheodoreto
1693 5607 1786 5647 stat
1811 5613 1821 5645 :
1849 5599 1934 5646 sed
1958 5598 2020 5646 de
2046 5594 2187 5650 variis

614 5657 737 5717 circa
760 5656 959 5717 angelos
989 5656 1245 5704 sententiis
1278 5656 1507 5716 prteclare
1540 5658 1734 5706 disserit
1758 5667 1962 5708 Joannes
1982 5663 2186 5709 Morinus

615 5715 670 5822 τὶὲ
693 5715 1023 5822 ἓγτίὲιῐθὶίοιιεε
1057 5715 1291 5781 Syriacas.
1321 5723 1450 5778 Lege
1483 5720 1737 5781 Origeuem
1768 5721 1827 5769 ad
1854 5733 1958 5781 cap.
1984 5723 2015 5769 5
2038 5725 2182 5784 Epist.

617 5789 638 5822 3
726 5790 819 5822 Olli.

617 5789 670 5822 au
696 5789 819 5824 κομι.

1295 420 1352 477 S.
1391 417 1666 478 JOANNIS
1703 412 2171 473 CllllYSOS’l‘OMl
2209 410 2521 468 ARClllEP.
2561 410 3088 468 CONSTANTINOP.

3737 422 3852 477 232

2269 524 2581 592 supplicium
2613 525 2840 578 minatus
2867 534 2969 579 est.
3001 526 3063 580 Et
3090 540 3266 580 nonne
3287 526 3438 581 nobis
3459 531 3592 582 hanc
3615 529 3842 596 primam

2269 629 2452 668 vocem
2475 614 2688 667 emisit?
2717 613 2915 669 Exinde
2936 617 3101 684 coepit,
3129 617 3315 685 inquit,
3340 619 3612 684 prtedictm
3630 634 3840 689 regnum

2267 700 2504 755 caelorum
2533 701 2740 770 (Matth.
2773 704 2827 756 «1.
2868 705 2975 772 17).
3003 704 3145 758 Nihil
3175 720 3488 774 corporeum
3513 709 3800 776 suspiceris
3825 749 3842 773 ,

2267 789 2476 853 dilecte.
2506 806 2604 846 nec
2630 792 2900 848 existimes
2925 795 3086 848 Deum
3105 836 3120 860 ,
3147 796 3236 865 qui
3268 784 3552 853 immensus
3574 806 3676 866 est,
3705 801 3841 854 solio

2269 895 2387 935 esse
2413 882 2688 935 inclusum.
2732 882 2863 936 Nam
2905 884 2949 938 si
2987 884 3055 939 In
3081 903 3234 939 manu
3261 889 3367 958 ejus
3393 899 3509 942 sunt
3542 890 3666 954 lines
3694 900 3843 944 terra:

2271 969 2440 1036 (Psal.
2471 971 2559 1026 94.
2578 972 2632 1042 4)
2656 989 2669 1024 :
2695 973 2739 1026 si
2768 971 2968 1027 Montes
2992 976 3166 1028 statuit
3190 985 3372 1030 statera
3392 993 3414 1032 .°
3435 978 3479 1032 si
3507 978 3691 1032 Omnes
3711 996 3841 1049 gen-

2272 1068 2343 1112 tes
2370 1061 2513 1128 quasi
2537 1063 2694 1114 saliva
2721 1064 2774 1116 in
2803 1073 3067 1135 conspectu
3102 1067 3212 1134 ejus
3253 1078 3494 1136 reputate:
3529 1077 3644 1122 sunt
3666 1111 3678 1133 ,
3711 1080 3757 1123 et
3795 1071 3840 1124 si

2269 1159 2447 1203 cuncta
2485 1152 2610 1204 sicut
2650 1154 2810 1220 puluis
2847 1172 3019 1208 coram
3059 1172 3117 1210 eo
3160 1156 3179 1225 (
3201 1155 3327 1211 lsai.
3357 1158 3444 1213 40.
3476 1159 3732 1230 12.15),
3782 1170 3841 1215 ut

2270 1242 2382 1309 ipse
2410 1241 2482 1294 ait
2507 1258 2522 1292 :
2552 1243 2669 1310 quis
2697 1245 2840 1298 locus
2867 1254 3036 1300 totum
3071 1247 3227 1300 simul
3254 1247 3700 1316 comprehendere
3743 1265 3842 1318 po-

2269 1331 2430 1384 terit?
2458 1330 2562 1386 Sed
2592 1333 2757 1400 quid?
2783 1334 2888 1388 Res
2915 1351 3019 1389 non
3047 1336 3117 1390 ita
3140 1351 3198 1390 se
3224 1336 3380 1391 liabet
3410 1355 3423 1390 :
3452 1339 3584 1391 solio
3615 1354 3718 1393 non
3749 1341 3831 1394 in-

2270 1422 2498 1475 cluditur
2527 1422 2682 1476 Deus.
2714 1422 2768 1477 Si
2807 1435 2980 1479 autem
3021 1426 3391 1481 vestimentum
3420 1426 3674 1490 habebat,
3704 1443 3833 1496 quo-

2271 1511 2427 1564 modo
2475 1512 2608 1580 ignis
2654 1512 2782 1566 illud
2830 1529 2933 1572 non
2982 1517 3350 1586 consumpsit?
3394 1527 3447 1571 et
3486 1532 3586 1586 qua
3634 1518 3839 1573 ratione

2267 1604 2532 1673 Autiquus
2548 1602 2751 1660 dierum
2778 1604 2968 1659 dicitur
2996 1605 3085 1660 ille
3108 1645 3124 1671 ,
3158 1608 3246 1674 qui
3285 1616 3405 1662 ante
3442 1608 3616 1663 omnia
3644 1611 3840 1664 strcula

2270 1692 2505 1746 exstitit?
2524 1708 2627 1762 quo
2646 1702 2797 1762 pacto
2814 1702 2984 1748 autem
3001 1702 3055 1749 et
3073 1696 3352 1763 antiquus?
3371 1696 3449 1749 Tu
3469 1699 3627 1764 enim,
3648 1700 3839 1768 inquit,

2269 1780 2398 1833 idem
2421 1781 2527 1851 ipse
2550 1799 2600 1836 es
2622 1781 2792 1852 (Psal.
2824 1785 2943 1838 101.
2968 1784 3082 1854 28).
3114 1783 3220 1839 Cur
3248 1786 3401 1855 igitur
3423 1791 3684 1858 antiquus,
3716 1805 3840 1844 cum

2270 1869 2476 1926 dientur
2505 1871 2611 1924 :Et
2649 1875 2771 1926 anni
2812 1875 2882 1926 tui
2923 1891 3023 1928 non
3048 1875 3280 1943 deﬁcient
3308 1876 3668 1948 (lbid.)?'Qui
3713 1895 3842 1933 vero

2272 1961 2638 2014 vestimentum
2659 1978 2866 2032 quoque
2890 1963 3048 2018 fuerit
3072 1967 3210 2020 circa
3238 1967 3546 2027 immensum
3573 1985 3635 2024 ac
3663 1969 3844 2024 incor-

2271 2053 2529 2121 pureum?
2551 2053 2749 2108 Etenim
2772 2057 3129 2124 magnitudinis
3151 2061 3278 2128 ejus,
3303 2060 3488 2130 inquit,
3515 2078 3613 2115 non
3631 2073 3702 2115 est
3721 2063 3842 2130 ﬁnis

2271 2141 2442 2210 (Psal.
2474 2144 2592 2200 144.
2626 2145 2702 2213 5).
2736 2146 2804 2200 Ει
2830 2162 3010 2202 rursus
3039 2166 3051 2200 :
3083 2148 3143 2203 Si
3172 2152 3439 2204 ascendere
3465 2154 3514 2205 in
3539 2154 3715 2208 ctelum
3738 2195 3753 2220 ,
3788 2167 3843 2209 tu

2269 2235 2375 2288 illic
2403 2253 2489 2300 es;
2515 2239 2558 2290 si
2582 2238 2877 2292 descendere
2902 2241 2955 2293 in
2978 2241 3248 2310 infernum,
3273 2244 3391 2298 ades
3412 2243 3577 2314 (Psal.
3608 2249 3727 2302 151.
3756 2247 3840 2317 8).

2271 2327 2547 2393 Quomodo
2569 2330 2725 2398 igitur
2747 2341 2890 2386 veste
2915 2332 3447 2388 circumscribebatur
3472 2336 3716 2396 humana.
3741 2353 3844 2392 nec

2272 2416 2413 2469 illam
2453 2419 2839 2472 consumebat?
2879 2421 2945 2473 At
2991 2436 3117 2475 vero
3155 2431 3208 2476 et
3247 2423 3346 2477 alia
3376 2425 3631 2493 ejusmodi
3673 2427 3845 2478 multa

2275 2505 2457 2559 videre
2484 2521 2544 2560 ac
2575 2508 2746 2576 legere
2786 2518 2990 2576 poterat
3030 2513 3305 2580 propheta.
3351 2515 3624 2581 Quomodo
3660 2527 3845 2572 autem

2273 2595 2447 2663 capilli
2481 2596 2529 2649 in
2563 2597 2678 2666 igne
2709 2615 2810 2650 non
2838 2602 3288 2656 absumebantur?
3318 2604 3535 2673 Propter
3559 2605 3656 2659 hoc
3675 2607 3846 2676 siqui-

2272 2686 2391 2741 dem
2419 2687 2637 2755 subjecit
2660 2707 2674 2744 :
2700 2689 2931 2744 T/tronus
2952 2695 3061 2762 ejus
3082 2695 3212 2764 ignis
3233 2698 3430 2749 ardens.
3464 2697 3525 2749 Et
3551 2698 3662 2750 libri
3679 2710 3844 2767 aperti

2273 2787 2406 2831 sunt.
2442 2777 2510 2832 Ut
2537 2778 2623 2833 ille
2652 2780 2740 2848 qui
2770 2780 3079 2846 damnatur,
3109 2800 3206 2838 suo
3230 2785 3327 2839 sibi
3347 2785 3545 2854 judicio
3588 2788 3845 2844 condetu-

2275 2877 2451 2921 netur.
2484 2869 2568 2923 ll.
2606 2888 2623 2920 ι
2653 2871 2982 2938 Aspiciebam
3010 2881 3133 2926 tunc
3158 2889 3186 2926 a
3209 2889 3337 2930 voce
3360 2890 3658 2931 sermonum
3683 2894 3845 2946 grano

2272 2959 2436 3023 dium,
2466 2977 2599 3030 quos
2627 2978 2789 3016 cornu
2821 2963 2948 3017 illud
2979 2965 3306 3033 loquebatur.
3335 2970 3640 3036 Spectabam
3667 2970 3845 3024 donec

2275 3049 2547 3104 interfecta
2563 3061 2642 3104 est
2655 3053 2817 3106 bestia
2832 3054 2938 3112 illa,
2956 3058 3011 3103 et
3024 3052 3204 3120 periit,
3217 3056 3310 3110 iob
3324 3059 3842 3127 magniloquentiam.

2275 3140 2602 3208 Quamquam
2644 3141 2941 3195 Alexander
2984 3144 3146 3196 Deum
3194 3146 3448 3200 adorant.
3497 3168 3516 3199 ι
3555 3149 3619 3201 Et
3646 3165 3848 3220 corpus

2275 3229 2390 3296 ejus
2409 3228 2587 3282 datttm
2609 3229 2759 3283 estin
2784 3230 3200 3286 combustionem
3234 3233 3385 3302 ignis.
3418 3235 3501 3288 12.
3530 3237 3590 3289 Et
3610 3239 3848 3307 reliqua-

2277 3336 2393 3374 rum
2417 3321 2699 3375 bestiarum
2724 3323 3006 3377 translatus
3026 3334 3107 3378 est
3129 3326 3446 3394 principatus
3469 3347 3482 3382 :
3501 3339 3553 3382 et
3573 3330 3848 3399 longitudo

2277 3413 2397 3466 vita:
2420 3412 2538 3466 data
2565 3421 2644 3466 est
2665 3413 2740 3468 eis
2765 3428 2930 3483 usque
2955 3413 3022 3468 ad
3050 3423 3256 3484 tempus
3277 3427 3328 3470 et
3350 3426 3574 3486 tempu<.
3605 3437 3623 3470 ι
3647 3420 3850 3486 Quatu-

2277 3505 2357 3558 vis
2377 3505 2531 3559 linem
2551 3505 2845 3570 habuerint,
2866 3515 3097 3562 attamen
3117 3507 3216 3561 hoc
3233 3509 3420 3562 factum
3439 3521 3537 3563 est.
3559 3508 3623 3563 Et
3639 3514 3850 3565 combu-

2276 3606 2352 3650 sta
2374 3606 2442 3648 est
2472 3597 2697 3658 bestia,et
2713 3613 2890 3666 corpus
2911 3598 3048 3652 illius
3068 3599 3181 3668 igne
3208 3599 3543 3668 absumptum.
3587 3601 3852 3657 Funditus

2277 3690 2498 3757 periisse
2522 3689 2774 3743 declarat.
2808 3690 2893 3743 15.
2927 3690 3237 3757 Aspiciebam
3274 3692 3323 3744 iu
3359 3692 3541 3745 visione
3569 3695 3763 3757 noctis,
3807 3701 3870 3748 ei

2277 3797 2391 3835 ecce
2427 3797 2540 3833 cum
2583 3780 2789 3834 nubibus
2831 3781 2942 3834 certi
2976 3782 3117 3850 quasi
3163 3781 3326 3835 Filius
3366 3782 3578 3836 hominis
3602 3785 3849 3840 veniebat.

2279 3872 2406 3938 Quis
2433 3875 2545 3926 [nec
2571 3873 2814 3942 ignorat?
2841 3873 2957 3942 quis
2983 3873 3281 3942 pet-Spiccre
3309 3875 3538 3942 poterit?
3559 3890 3682 3928 num
3705 3878 3853 3931 enim

2279 3965 2466 4019 Petrus
2494 3973 2577 4019 est
2608 3964 2697 4034 qui
2728 3965 2823 4018 ista
2854 3964 3012 4027 dicit,
3051 3979 3084 4018 ο
3112 3963 3334 4019 Judme?
3373 3981 3494 4018 num
3522 3964 3756 4020 Paulus?
3784 3965 3856 4019 Et

2278 4071 2409 4119 ecce,
2435 4055 2622 4124 inquit,
2652 4055 2793 4123 quasi
2828 4053 2994 4107 Filius
3019 4055 3234 4108 hominis
3261 4055 3498 4120 vetuebat,
3527 4066 3571 4108 et
3597 4072 3754 4124 usque
3783 4059 3858 4110 ad

2280 4146 2540 4210 antiquum
2561 4145 2754 4197 dierum
2775 4145 3012 4212 pervenit.
3047 4145 3182 4198 Ecce
3207 4154 3257 4200 et
3287 4161 3380 4214 par
3404 4145 3627 4214 dignitas
3652 4147 3860 4202 utrius-

2281 4250 2401 4303 que.
2432 4233 2499 4286 Et
2524 4236 2575 4288 in
2605 4244 2870 4302 conspectu
2896 4236 3002 4304 ejus
3030 4235 3224 4288 oblatus
3248 4246 3317 4289 est
3341 4236 3435 4289 illi.
3467 4235 3532 4291 Ut
3557 4251 3675 4290 cum
3701 4237 3861 4293 vide-

2282 4328 2356 4380 ris
2385 4327 2480 4395 ipsi
2509 4342 2726 4396 regnum
2756 4327 2908 4390 tradi,
2939 4327 3089 4393 illud,
3123 4327 3276 4389 tradi,
3303 4326 3532 4383 humano
3557 4329 3718 4384 modo
3745 4346 3858 4386 non

2281 4432 2500 4471 censeas
2542 4417 2923 4486 accipiendum.
2968 4417 3100 4470 Nam
3132 4419 3170 4470 A
3202 4417 3410 4471 nubibus
3449 4420 3559 4472 caeli
3580 4460 3596 4484 ,
3633 4420 3810 4489 inquit
3840 4438 3856 4475 :

2283 4508 2452 4562 nubes
2491 4517 2664 4561 autem
2707 4523 2802 4576 pro
2843 4508 2973 4561 czelo
3014 4523 3226 4563 sumere
3261 4509 3395 4562 solet
3423 4509 3711 4578 Scriptura.
3764 4513 3859 4570 ib.

2288 4615 2306 4647 α
2341 4598 2405 4651 Ει
2435 4598 2528 4666 ipsi
2559 4598 2710 4652 datus
2731 4606 2813 4651 est
2840 4598 3182 4666 principatus,
3212 4608 3265 4651 et
3293 4597 3480 4662 honor,
3507 4608 3561 4653 et
3587 4614 3816 4667 regnum
3842 4621 3859 4658 :

2284 4697 2335 4740 et
2364 4702 2548 4740 omnes
2580 4688 2754 4755 pepuli
2780 4727 2793 4748 ,
2825 4688 2990 4740 tribus
3014 4725 3030 4751 ,
3059 4687 3251 4755 lingua:
3281 4687 3379 4755 ipsi
3410 4690 3656 4742 servient.
3692 4689 3862 4746 Pote-

2284 4786 2392 4830 stas
2422 4778 2535 4844 ejus
2565 4785 2798 4844 pmestas
2825 4787 3027 4831 aeterna
3048 4818 3063 4843 ,
3110 4792 3226 4846 qua:
3262 4794 3365 4833 nou
3394 4780 3733 4847 pertransibit
3752 4822 3769 4848 ,
3812 4794 3868 4838 et

2284 4883 2503 4937 regnum
2549 4868 2663 4937 ejus
2691 4884 2795 4922 non
2835 4881 3222 4938 corrumpetur.
3260 4889 3279 4923 s
3311 4871 3447 4937 Quid
3471 4913 3486 4936 ,
3522 4887 3702 4942 qutrso
3727 4912 3748 4938 ,
3781 4875 3869 4930 bis

2283 4960 2458 5013 verbis
2498 4960 2861 5012 manifestius?
2904 4959 2971 5012 Et
3010 4975 3180 5012 omnes
3219 4962 3411 5028 populi,
3443 4962 3628 5031 inquit,
3660 4964 3868 5030 tribus,

2285 5049 2472 5117 lingua:
2517 5049 2614 5116 ipsi
2657 5055 2884 5101 serrient.
2931 5048 3064 5102 Vide
3107 5059 3163 5101 ttt
3209 5065 3417 5103 omnem
3457 5051 3600 5105 orbis
3639 5063 3866 5122 gentem

2284 5141 2593 5206 complexus
2619 5141 2702 5193 sit.
2737 5140 2864 5192 Vide
2891 5149 2947 5192 ut
2973 5149 3026 5193 et
3043 5139 3236 5206 judicis
3259 5141 3521 5208 acceperit
3546 5141 3776 5196 tribunal
3803 5159 3871 5198 ac

2288 5239 2618 5299 potestatem.
2649 5230 2720 5282 Nc
2747 5232 2886 5282 enim
2918 5230 2966 5281 id
2998 5243 3116 5282 esse
3150 5231 3521 5296 temporarium
3552 5231 3867 5297 existimes,

2286 5321 2359 5372 ait
2390 5340 2400 5372 :
2435 5321 2560 5386 Qum
2599 5337 2694 5372 non
2737 5319 3053 5384 pertransibit
3092 5334 3112 5372 :
3151 5329 3194 5371 et
3221 5335 3428 5389 regnum
3459 5320 3590 5372 illius
3618 5337 3717 5372 non
3748 5338 3870 5375 cor-

2285 5423 2545 5480 rumpetur
2573 5427 2590 5463 :
2615 5410 2706 5462 sed
2736 5419 2836 5462 stat
2864 5425 2925 5462 ac
2955 5418 3152 5462 manet.
3189 5410 3336 5475 Quod
3367 5410 3409 5462 si
3443 5412 3595 5464 tidem
3628 5426 3733 5464 non
3768 5413 3870 5465 ba-

2288 5503 2380 5556 bes
2402 5547 2416 5564 ,
2447 5518 2473 5554 a
2502 5504 2658 5556 rebus
2690 5501 3028 5569 persuadere.
3059 5501 3218 5554 Vides
3253 5502 3601 5570 tequalitatem
3635 5501 3870 5561 honoris

2287 5610 2405 5649 cum
2440 5595 2629 5647 Patre?
2671 5593 2799 5645 Nam
2829 5593 2949 5661 quia
2986 5591 3153 5646 Filius
3191 5600 3309 5659 post
3338 5591 3542 5646 Patrem
3573 5596 3871 5660 apparuit,

2289 5695 2501 5754 propter
2529 5685 2628 5737 hoc
2659 5684 2729 5736 ait
2758 5698 2877 5737 eum
2906 5682 3113 5736 venisse
3143 5697 3261 5735 cum
3290 5682 3533 5737 nubibus.
3581 5683 3737 5751 Quod
3771 5699 3871 5740 au-

2295 5784 2400 5828 tem
2432 5773 2679 5827 existeret
2707 5782 2758 5827 et
2787 5781 2962 5840 antea,
2989 5772 3183 5826 clarum
3214 5782 3295 5826 est
3323 5785 3387 5827 ex
3429 5771 3558 5841 ipsis
3588 5772 3863 5832 nubibus:
