4066 6460
251 394 351 447 231

231 491 407 555 πυρὸς
436 486 630 543 εἷλκεν
669 492 1131 558 ἐκπορευόμενος
1171 493 1502 559 ἔμπροσθεν
1542 487 1742 542 αὑτοῦ.

231 576 407 625 Χίλιαι
452 575 711 639 χιλιάδες
762 576 1174 642 ἐλειτούργουν
1209 574 1386 637 αὐτῷ,
1416 574 1509 626 καί
1550 575 1745 640 μύριαι

226 660 490 724 μυριάδες
520 661 1019 727 παρειστήκεισαν
1040 662 1372 728 ἔμπροσθεν
1394 660 1595 713 αὑτοῦ.
1613 662 1745 724 Κρι-

230 743 415 811 τήριον
432 746 683 807 ἐκάθισε,
704 746 797 797 καί
819 747 889 806 ﬁl
892 748 1016 796 ὅλοι
1038 745 1439 811 ἀνεῴχθησαν.
1467 744 1746 794 Συντείνω-

228 850 327 899 μεν
350 834 437 901 τὴν
466 832 721 895 διάνοιαν,
752 832 1035 901 ἀγαπητοί.
1072 833 1142 884 Οὐ
1178 832 1283 901 γὰρ
1322 830 1445 899 περὶ
1482 829 1684 897 μικρῶν
1717 829 1745 878 6

225 918 369 983 λόγος
408 920 534 971 ἐστί.
572 921 808 985 Θρόνοι,
849 920 1028 986 φησὶν,
1063 918 1368 982 ἐτέθησαν,
1416 917 1512 968 καί
1550 920 1583 969 ό
1631 921 1745 969 Ha-

222 1004 381 1067 λαιός
424 1005 651 1072 ἡμερῶν
695 1006 962 1069 ἐκάθητο.
1016 1004 1107 1065 Τίς
1146 1006 1290 1055 ἐστιν
1322 1000 1505 1065 οὗτοςς
1537 1004 1742 1073 ’Ὠσπερ

224 1089 441 1150 ἀκούσας
471 1090 654 1159 ἄρκον,
687 1091 785 1141 οὐκ
818 1092 980 1158 ἄρκον
1012 1090 1253 1156 ἐνόησας,
1285 1090 1376 1140 καὶ
1408 1089 1639 1149 λέαιναν,
1681 1090 1739 1139 οὐ

223 1173 366 1224 τοῦτο
394 1173 721 1235 ὑπώπτευες,
748 1173 879 1224 ἀλλά
909 1172 1206 1240 βασιλείας’
1236 1175 1327 1223 καὶ
1362 1171 1647 1234 θάλασσαν,
1678 1172 1737 1222 οὐ

224 1258 494 1321 θάλασσαν,
538 1258 669 1309 ἀλλὰ
696 1259 792 1325 τὴν
836 1255 1174 1324 οἰκουμένην,
1207 1256 1271 1307 δι’
1302 1256 1496 1324 ἐτέρων
1544 1254 1701 1322 ἕτερα
1722 1270 1734 1283 ·

222 1341 354 1392 οὕτω
390 1344 475 1394 καὶ
511 1342 621 1394 νῦν.
657 1342 883 1401 Παλαιὸς
921 1341 1138 1408 ἡμερῶν
1171 1341 1221 1391 τί
1266 1342 1441 1402 ἐστιν;
1488 1341 1731 1407 Γεγηρα-

224 1429 329 1479 κὸτι
356 1430 452 1478 τινὶ
484 1428 659 1495 ἐῴκει.
693 1427 832 1495 Πρὸς
855 1427 960 1497 γὰρ
982 1430 1079 1488 τὰς
1108 1428 1289 1494 χρείας
1326 1427 1431 1478 τῶν
1486 1427 1738 1495 πραγμά-

221 1529 338 1574 των,
368 1514 427 1563 δι’
466 1512 526 1573 ἃς
564 1512 828 1578 φαίνεται,
872 1514 1028 1562 τυποῖ
1070 1512 1275 1572 ἑαυτὸν,
1334 1511 1480 1580 [939]
1530 1511 1737 1571 δεικνύς

220 1598 297 1647 ὅτι
344 1600 444 1658 τοῖς
502 1597 756 1658 τοιούτοις
804 1596 1142 1647 πιστεύεσθαι
1193 1596 1260 1647 τὰ
1305 1597 1554 1663 κριτήρια
1608 1597 1733 1663 χρή.

222 1683 413 1750 Ὠσπερ
456 1683 561 1750 γὰρ
605 1683 787 1751 θρόνον
833 1682 1039 1734 ἀκούων
1087 1682 1205 1749 οὐχὶ
1255 1681 1517 1749 καθέδραν
1565 1684 1731 1743 νοεῖς·

218 1766 342 1816 ἀλλά
372 1769 479 1827 πῶς
517 1767 605 1819 τὸν
649 1767 902 1835 χυδαῖόνι
948 1782 1030 1827 τις
1062 1765 1437 1829 ἐπισπάσαιτο,
1474 1766 1593 1817 ἐπεὶ
1644 1767 1735 1818 καὶ

216 1851 425 1918 ἀλλαχοῦ
452 1852 784 1918 ὡπλισμένος
809 1849 1071 1917 φαίνεται,
1095 1851 1184 1901 καὶ
1212 1851 1468 1919 ἑτέρωθεν
1490 1852 1735 1919 ᾑμαγμέ-

218 1952 329 1995 νοςς
360 1937 515 1987 Τοῦτο
542 1933 636 1989 οὖν
676 1936 914 2002 βούλεται
941 1935 1125 1998 δεῖξαι,
1157 1935 1234 1986 ὃτι
1266 1935 1493 2003 κρίσεως
1522 1937 1727 2003 καιρός.

224 2023 287 2071 Τό
334 2022 548 2087 ἔνδυμα
600 2022 809 2084 αὐτοῦ,
862 2021 1001 2072 ὡσεί
1056 2020 1217 2087 χιὼν,
1276 2022 1514 2073 λευκόν.
1578 2023 1730 2083 Τίνος

215 2104 382 2155 ἒνεκεν
407 2121 420 2167 ;
449 2106 569 2155 Ὀτι
615 2105 734 2171 οὐχὶ
782 2104 1010 2173 κρίσεως
1061 2104 1243 2175 καιρὸς
1275 2106 1448 2172 μόνον,
1480 2105 1611 2157 άλλά
1639 2108 1731 2158 καὶ

213 2190 630 2251 ἀνταποδόσεωςο
679 2191 758 2241 ὅτι
805 2189 1006 2250 πάντας
1051 2188 1127 2239 δεῖ
1176 2188 1321 2256 αὐτῴ
1366 2190 1729 2259 παραστῆναι⁶

212 2272 288 2321 ὅτι
323 2274 386 2324 Τὸ
425 2274 597 2340 κρῖμα
635 2273 837 2336 αὑτοῦ,
882 2274 1042 2341 φησὶ,
1076 2273 1155 2337 ὡς
1188 2273 1310 2340 φῶς
1338 2274 1729 2337 ἐξελεύσεται.

213 2354 331 2408 Εἶτα
365 2362 562 2425 Θρόνοι
614 2362 920 2424 ἐτέθησαν.
957 2361 1030 2412 Οὑ
1082 2361 1274 2430 θρόνοι,
1313 2364 1369 2415 ἐν
1431 2358 1508 2423 οἷς
1547 2364 1733 2425 Καθή-

210 2450 398 2505 σεσθε,
423 2448 571 2513 φησὶ,
597 2447 693 2497 ἐπὶ
722 2447 943 2499 δώδεκα
972 2446 1248 2511 θρόνους;
1280 2446 1383 2500 Kal
1405 2448 1441 2513 ἡ
1470 2448 1597 2513 θρίξ
1626 2450 1732 2515 τῆς

209 2530 456 2596 κεφαλῆς
486 2531 668 2583 αὐτοῦ
699 2532 839 2583 ὡσεί
866 2532 1025 2597 ἔριον
1049 2533 1320 2599 καθαρόν.
1352 2533 1423 2583 Τὸ
1453 2533 1562 2602 πῦρ
1581 2536 1730 2588 οὐδὲν

207 2615 494 2682 ἀνήλισκεν,
523 2616 705 2683 ἐπειδὴ
733 2618 837 2685 γὰρ
864 2618 1087 2687 ἥμερον.
1123 2616 1269 2679 Εἶδες
1292 2617 1410 2685 ὄψιν
1437 2620 1527 2671 καὶ
1550 2622 1728 2690 σχῆμα

206 2700 457 2752 πολιτικὸν
502 2703 595 2753 καὶ
648 2702 1055 2771 δημαγωγικόν;
1096 2704 1152 2754 '0
1186 2703 1364 2772 θρόνος
1409 2705 1622 2772 ἐφόϐει,
1654 2708 1731 2773 τῷ

208 2786 493 2854 πολύπυρος
520 2784 656 2839 εἶναι
675 2803 687 2817 ·
722 2787 829 2857 πῦρ
859 2789 954 2855 οὐχ
982 2788 1183 2850 ἁπλῶς,
1216 2789 1347 2840 ἀλλὰ
1376 2790 1591 2856 φλέγον.
1618 2793 1729 2843 ’Ὶνα

204 2872 305 2936 γὰρ
357 2873 425 2938 μή
484 2874 705 2939 νομίσῃς
752 2873 838 2923 διὰ
888 2874 984 2941 τὴν
1033 2874 1210 2925 είκόνα
1273 2874 1726 2944 παραϐεϐλῆσθαι,

208 2955 526 3023 προσέθηκεν
551 2956 712 3007 αὑτοῦ
755 2958 851 3023 τὴν
892 2958 1185 3024 ἐνέργειαν,
1218 2958 1382 3010 είπὼν
1421 2960 1516 3027 οὐχ
1548 2960 1729 3022 ἁπλῶς

207 3039 329 3107 πῦρ,
372 3040 520 3103 ἀλλὰ,
571 3042 694 3107 Πῦρ
741 3041 981 3107 φλέγεν.
1023 3043 1286 3108 Ποταμὸς
1317 3044 1501 3109 πυρὸς
1530 3041 1729 3097 εἷλκεν

206 3124 524 3191 ἔμπροσθεν
566 3127 768 3179 αὐτοῦ.
814 3128 1003 3179 Χίλιαι
1036 3127 1295 3193 χιλιάδες
1322 3129 1729 3196 ἐλειτούργουν

200 3210 365 3274 αὐτῷ,
406 3213 501 3263 καὶ
536 3214 734 3279 μύριαι
780 3213 1057 3279 μυριάδες
1096 3214 1590 3281 παρειστήκεισαν
1634 3218 1729 3284 ἐμ-

201 3303 445 3363 προσθεν
467 3302 670 3354 αὐτοῦ.
694 3302 996 3368 Κριτήριον
1022 3301 1314 3355 ἐκάθισεν.
1347 3303 1617 3364 Τουτέστι,
1644 3305 1727 3355 διὰ

199 3382 345 3433 τοετο
374 3385 713 3453 παρεγένετο,
751 3386 888 3437 ῶστε
926 3387 1197 3455 κριτήριον
1230 3386 1464 3438 καθίσαι.
1498 3389 1599 3439 Kal
1633 3390 1730 3449 βί-

200 3469 320 3518 ϐλοι
356 3470 756 3535 ἀνεῴχθησαν.
784 3470 845 3520 Τί
872 3470 1071 3536 λέγεις;
1103 3470 1316 3538 βιϐλίων
1340 3474 1367 3522 6
1391 3472 1517 3533 Θεὸς
1542 3473 1725 3535 δεῖται,

208 3551 265 3601 '0
291 3552 357 3602 τὰ
381 3553 571 3605 πάντα
593 3554 757 3618 εἰδὼς
782 3554 920 3621 πρίν
941 3554 1221 3622 γενέσεως
1248 3554 1472 3618 αὑτῶν;
1504 3556 1556 3606 '0
1586 3558 1729 3609 πλά-

197 3652 301 3700 σας
336 3639 475 3689 κατὰ
510 3639 699 3705 μόνας
735 3643 839 3702 τὰς
876 3639 1112 3706 καρδίας
1143 3640 1365 3703 αύτῶν;
1405 3643 1557 3693 Ἀλλά
1591 3644 1726 3695 κατὰ

197 3722 278 3771 τὸν
324 3723 477 3789 νόμον
526 3724 632 3775 τῶν
676 3726 944 3793 ἀρχόντων
984 3726 1181 3777 τούτων
1223 3726 1391 3793 λέγει,
1432 3728 1616 3797 ῶσπερ
1663 3730 1727 3781 τὰ

196 3808 543 3875 ὑπομνήματα
573 3810 860 3877 πράττεται
890 3814 1015 3879 παρ’
1046 3814 1195 3879 ἡμῖν.
1225 3813 1483 3882 Καθάπερ
1513 3815 1615 3885 γὰρ
1640 3817 1722 3865 ὲν-

194 3891 353 3941 ταῦθα
385 3893 443 3941 οὐ
472 3895 559 3944 διὰ
596 3893 748 3943 τοῦτο
776 3894 1207 3959 ἀναγινώσκεται,
1243 3896 1379 3947 ῶστε
1416 3897 1600 3964 μαθεῖν
1634 3898 1723 3949 τὸν

193 3975 411 4041 ἄρχοντα
451 3978 622 4043 μόνον,
656 3978 763 4028 ἀλλ’
786 3978 921 4029 ὥστε
950 3980 1174 4046 φανῆναι
1205 3980 1409 4031 δικαίαν
1436 3976 1594 4033 οὖσαν
1625 3985 1721 4051 τὴν

193 4060 362 4125 κρίσιν
390 4076 403 4089 ο
435 4061 571 4111 οὕτω
606 4064 695 4111 καὶ
721 4062 857 4124 τότε,
890 4065 933 4113 εί
969 4064 1061 4113 καὶ
1092 4060 1196 4115 οἶδε
1226 4064 1443 4127 δικαίως
1472 4067 1719 4130 δικάζων,

191 4143 295 4192 ἀλλ’
327 4146 470 4212 ὅμως
504 4147 699 4213 ἀνοίγει
728 4148 823 4209 τὰς
858 4149 1081 4216 βίϐλους.
1122 4151 1271 4211 Τίνος
1307 4153 1511 4215 ἓνεκεν;
1550 4154 1610 4204 Τί
1639 4154 1722 4203 λέ-

190 4244 241 4292 γε
252 4244 318 4288 ις,
333 4229 424 4279 καὶ
439 4232 487 4279 τί
506 4229 671 4291 θέλεις
690 4233 854 4284 εἰπεῖν
872 4249 885 4295 ;
903 4234 1054 4294 Τίνος
1070 4235 1245 4286 ἕνεκεν
1272 4237 1329 4285 ού
1348 4236 1486 4301 λέγει
1516 4238 1604 4289 καὶ
1625 4238 1719 4300 τὰς

189 4312 374 4378 τιμάςς
422 4310 583 4365 Εἶπεν
615 4331 626 4344 ·
660 4318 861 4383 Θρόνοι
904 4318 1208 4383 ἐτέθησαν,
1254 4321 1371 4370 ἐπεὶ
1406 4322 1495 4372 καὶ
1529 4324 1555 4371 6
1591 4322 1718 4383 Θεὸς

186 4396 377 4458 ταύτας
411 4397 603 4467 ῶρισεν
639 4414 652 4428 ⁹
691 4401 951 4469 ἐπειδὴδὲ
986 4403 1072 4452 καὶ
1108 4403 1204 4453 οὐκ
1240 4403 1563 4473 ἠκούσαμεν,
1599 4407 1715 4457 τότε

186 4482 278 4551 τὴν
309 4486 565 4552 τιμωρίαν
594 4488 681 4537 καὶ
714 4488 807 4554 τὴν
835 4487 1065 4539 κόλασιν.
1091 4488 1195 4540 Καὶ
1222 4488 1313 4555 οὐχ
1342 4491 1468 4557 ἡμῖν
1500 4491 1715 4558 πρώτην

187 4565 381 4632 ταύτην
406 4568 575 4635 ἀφῆκε
610 4572 815 4636 φωνήν;
862 4572 997 4622 Ἀπὸ
1020 4574 1146 4623 τότε
1176 4572 1409 4637 ἤρξατο,
1439 4577 1587 4643 φησὶ,
1616 4594 1716 4642 κη-

177 4653 428 4715 ρύσσειν
447 4654 555 4716 τὴν
570 4656 888 4715 βασιλείαν
907 4657 1021 4708 τῶν
1043 4657 1324 4723 οὐρανῶν.
1341 4662 1517 4728 Μηδὲν
1536 4679 1716 4730 σωμα-

181 4739 324 4790 τικὸν
354 4741 638 4809 ὑπολάϐῃς,
656 4743 918 4809 ἀγαπητὲ,
942 4745 1070 4812 μηδὲ
1088 4748 1531 4816 ἐμπεριειλῆφθαι
1549 4750 1715 4819 θρόνῳ

179 4824 264 4874 τὸν
283 4826 498 4893 ἄπειρον
519 4826 643 4877 Θεὸν
663 4826 901 4896 νομίσῃς.
928 4831 986 4880 El
1015 4830 1119 4899 γὰρ
1147 4834 1245 4883 Ἐν
1272 4832 1343 4898 τῇ
1374 4836 1516 4900 χειρί
1535 4837 1714 4889 αὑτοῦ

179 4910 242 4957 τὰ
289 4910 510 4974 πέρατα
547 4909 655 4976 τῆς
682 4911 791 4978 γῆς
823 4928 836 4943 ο
872 4914 918 4963 εί
952 4912 1027 4965 Τὰ
1060 4913 1162 4979 ὅρη
1200 4916 1418 4982 ἔστησε
1448 4919 1591 4985 ζυγῷ
1620 4938 1631 4949 ο
1669 4923 1713 4971 εί

176 4992 372 5044 Πάντα
411 4998 479 5047 τὰ
518 4997 659 5063 ἔθνη
690 4999 767 5061 ὡς
798 4999 1001 5063 σίελος
1035 5000 1283 5052 ἐνώπιον
1313 5005 1491 5056 αὑτοῦ
1524 5006 1715 5071 ἐλογίσ

172 5082 309 5143 σθη,
342 5083 435 5133 καί
464 5084 543 5146 ὡς
572 5085 867 5150 κονιορτὸς
905 5084 1155 5137 ἐνώπιον
1190 5088 1369 5140 αὐτοῦ
1402 5091 1472 5140 τὰ
1504 5092 1711 5153 πάντα,

168 5166 239 5228 ὡς
282 5168 438 5228 αὐτός
480 5186 608 5236 φησι
644 5187 657 5201 ·
702 5174 848 5233 ποῖος
883 5172 1042 5234 τόπος
1082 5174 1199 5225 ὅλον
1243 5175 1373 5242 ὁμοῦ
1415 5178 1714 5243 περιϐαλεῖν

163 5254 477 5321 δυνήσεταις
518 5256 673 5307 Ἀλλὰ
702 5258 783 5319 τίς
812 5260 923 5310 Οὐκ
955 5259 1067 5311 ἐστι
1101 5262 1272 5327 τοῦτο,
1308 5266 1401 5316 οὐκ
1438 5266 1714 5333 ἐναπεί).ηο

222 5531 323 5592 “Si
349 5531 570 5590 logamus
588 5532 641 5578 τὸ
663 5532 871 5592 χυδαῖον.
900 5534 1027 5583 clara
1068 5541 1211 5584 erunt
1234 5538 1405 5585 omnia.
1433 5537 1600 5587 Postea
1641 5554 1691 5589 re

163 5591 314 5641 scribo
338 5594 543 5652 ἑτέρωθι.

468 5665 737 5722 Ριτιιοι..
769 5660 885 5718 Gn.
931 5662 1079 5721 LVI.

1566 378 1631 432 1N
1666 377 2027 437 DANIELEM.

3288 391 3400 447 232

1848 508 1974 543 πται
1991 493 2175 562 θρόνῳ.
2200 493 2327 546 Είδέ
2344 493 2537 561 ἔνδυμα
2559 489 2689 560 εἶχε,
2713 492 2827 554 πῶς
2854 495 2950 545 οὐκ
2978 493 3244 562 ἀνήλωσεν
3266 494 3394 546 αὐτὸ

1843 577 1901 627 τὸ
1926 577 2066 644 πῦρ;
2098 578 2213 639 πῶς
2239 575 2287 628 εἴ
2309 578 2364 628 δὲ
2485 578 2589 645 εἴη)
2615 577 2843 638 Παλαιὸς
2872 576 3109 645 ἡμερῶν,
3141 580 3167 627 ὁ
3198 576 3278 645 [ί.
3300 577 3391 645 ὃςι

1842 662 1945 730 πρὸ
1966 665 2175 715 πάντων
2196 664 2301 715 τῶν
2323 664 2528 715 αίώνων
2553 665 2789 731 ὑπῆρχες
2815 663 2927 723 πῶς
2948 663 3000 713 δὲ
3024 663 3113 712 καὶ
3136 663 3390 721 παλαιός;

1838 746 1921 796 Σὺ
1942 746 2068 815 γὰρ,
2086 748 2234 813 φησὶ,
2254 747 2401 816 [240]
2427 750 2459 799 ό
2478 748 2651 810 αὐτὸς
2668 744 2735 797 εἷ.
2759 746 2878 807 Πῶς
2901 742 2991 797 οὖν
3015 746 3267 809 παλαιός;
3287 746 3391 796 Kal

1840 829 1908 879 τὰ
1932 830 2034 894 ἐτη
2052 844 2167 883 σου
2195 830 2320 899 γάρ,
2349 832 2497 898 φησὶ,
2524 832 2631 882 οὐκ
2653 830 3058 895 ἐκλείψουσιν.
3088 829 3207 889 Πῶς
3227 829 3279 879 δέ
3300 827 3392 880 καὶ

1838 912 2037 981 ἔνδυμα
2073 915 2262 979 γένοιτ’
2301 915 2365 966 ἂν
2403 915 2529 982 περὶ
2565 914 2653 965 τὸν
2692 913 2911 979 ἄπειρον
2948 914 3037 965 καὶ
3070 913 3385 981 ἀσώματον;

1843 996 1990 1047 Οὺδέ
2016 996 2126 1063 γὰρ
2154 996 2257 1061 τῆς
2277 998 2700 1065 μεγαλωσύνης
2727 998 2928 1059 αὑτοῦ,
2955 998 3105 1067 φησὶ,
3132 998 3257 1050 ἐστι
3283 1000 3387 1049 πέ-

1833 1095 1961 1143 ρας.
1996 1082 2101 1132 Καὶ
2130 1082 2287 1133 πάλιν
2314 1099 2327 1111 ·
2371 1082 2509 1133 Ἐὰν
2533 1082 2726 1135 άναϐῶ
2760 1085 2844 1145 εἰς
2878 1084 2978 1132 τὸν
3004 1084 3277 1149 οὐρανὸν,
3306 1083 3387 1135 σὺ

1835 1164 1959 1215 ἐκεῖ
1976 1162 2033 1216 εἴ
2051 1182 2063 1194 ·
2090 1166 2196 1217 ἐὰν
2219 1167 2444 1219 καταϐῶ
2478 1170 2562 1231 εὶς
2592 1168 2694 1218 τὸν
2718 1167 2887 1233 ᾅδην,
2920 1167 3106 1233 πάρει.
3149 1171 3268 1230 Πῶς
3297 1165 3388 1221 οὖν

1839 1250 2031 1318 ίματίῳ
2058 1256 2448 1323 περιεγράφετο
2477 1254 2810 1323 ἀνθρωπίνῳ,
2835 1254 2923 1305 καὶ
2963 1254 3081 1305 οὔτε
3118 1255 3269 1306 τοῦτο
3304 1258 3390 1307 ἀνι

1836 1336 2077 1403 ήλισκεν;
2120 1338 2274 1389 Ἀλλὰ
2305 1341 2408 1407 μὴν
2436 1341 2526 1391 καὶ
2556 1340 2714 1407 ἕτερα
2748 1339 2912 1390 πολλά
2936 1339 3160 1406 ἠδύνατο
3199 1340 3323 1390 ίδεῖν
3359 1343 3388 1392 6

1838 1423 2133 1490 προφήτης.
2179 1426 2298 1485 Πῶς
2326 1426 2380 1476 δὲ
2414 1427 2591 1493 τρίχες
2629 1428 2685 1476 ἐν
2719 1426 2849 1491 πυρὶ
2879 1427 2976 1477 οὑκ
3008 1425 3380 1493 ἁνηλίσγοντο;

1833 1506 1931 1558 Διά
1972 1507 2078 1575 γὰρ
2119 1507 2272 1559 τοῦτο
2318 1510 2587 1577 ἐπήγαγεν
2631 1528 2643 1539 ο
2687 1511 2749 1561 '0
2791 1511 3001 1575 θρόνος
3044 1510 3227 1562 αὐτοῦ
3268 1511 3385 1575 πῦρ

1831 1592 2069 1659 φλέγον.
2110 1594 2216 1645 Kal
2240 1594 2440 1656 βίϐλοι
2473 1594 2878 1661 ἀνεῴχθησαν.
2905 1597 3067 1646 Ὥστε
3097 1596 3387 1647 αὐτοκατά-

1832 1693 2013 1745 κριτον
2042 1678 2282 1743 γενέσθαι
2307 1679 2392 1729 τὸν
2418 1681 2748 1747 κρινόμενον.
2782 1680 3100 1745 Ἐθεώρουν
3120 1682 3247 1732 τότε
3269 1680 3383 1732 ἀπὸ

1828 1762 2031 1828 φωνῆς
2078 1762 2194 1814 τῶν
2239 1766 2433 1830 λόγων
2475 1762 2591 1815 τῶν
2627 1764 2918 1831 μεγάλων,
2966 1758 3051 1816 ὦν
3096 1765 3160 1815 τὸ
3210 1764 3384 1827 κέρας

1828 1847 2019 1898 ἐκεῖνο
2046 1847 2266 1900 ἐλάλει.
2307 1848 2543 1913 Θεωρῶν
2570 1848 2747 1917 ἥμην,
2774 1850 2881 1912 ἓως
2908 1849 3158 1915 ἀνῃρέθη
3186 1852 3249 1900 τὸ
3282 1854 3383 1914 θη-

1821 1932 1975 1997 ρίον,
2017 1933 2112 1984 καὶ
2157 1932 2439 1996 ἀπώλετο,
2480 1934 2584 1985 ἀπὸ
2618 1935 2712 2001 τῆς
2748 1935 3159 2002 μεγαληγορίας.
3194 1934 3381 1985 Καίτοι

1842 2015 2176 2083 Ἀλέξανδρος
2217 2018 2577 2087 προσεκύνησε
2622 2020 2711 2070 τὸν
2754 2018 2904 2070 Θεόν.
2946 2019 3050 2070 Kal
3100 2017 3164 2069 τὸ
3213 2018 3381 2084 σῶμα

1827 2101 2009 2153 αὐτοῦ
2048 2103 2221 2168 ἐδόθη
2256 2105 2341 2167 εις
2375 2103 2591 2156 καῦσιν
2628 2105 2830 2170 πυρός.
2873 2103 2976 2155 Kal
3012 2103 3127 2154 τῶν
3157 2102 3381 2154 λοιπῶν

1830 2187 2042 2251 θηρίων
2070 2186 2397 2253 μετεστάθη
2434 2190 2471 2254 ἡ
2509 2188 2658 2254 ἀρχή
2686 2204 2699 2217 ο
2738 2189 2831 2239 καί
2866 2186 3201 2255 μακρότηςιν
3235 2186 3381 2252 ζωῆς

1829 2271 1999 2335 ἐδόθη
2024 2273 2222 2336 αὐτοῖς
2249 2273 2356 2337 ἓως
2393 2274 2605 2338 καιρῶν
2637 2275 2729 2325 καί
2767 2274 2990 2339 καιροῦ.
3016 2274 3075 2324 Εἰ
3108 2272 3200 2323 καὶ
3232 2272 3381 2333 τέλος

1828 2356 1999 2422 ἔσχον,
2037 2357 2145 2407 ἀλλ’
2178 2359 2322 2424 ὅμως
2353 2358 2504 2410 τοῦτο
2545 2359 2772 2425 ἐγένετο.
2816 2360 2921 2411 Kal
2962 2360 3279 2422 κετεκαύθη
3314 2359 3379 2408 τὸ

1829 2444 2052 2507 θηρίον,
2083 2443 2269 2495 καὶτὸ
2295 2443 2461 2511 σῶμα
2494 2446 2675 2497 αὑτοῦ
2712 2446 2949 2511 ἐκαύθη.
2995 2445 3065 2496 Τὸ
3106 2442 3380 2504 παντελῶς

1826 2529 2123 2597 ἀνῃρῆσθαι
2139 2531 2300 2598 δηλοῖ.
2321 2532 2630 2597 Ἐθεώρουν
2649 2532 2717 2583 ἐν
2738 2531 2975 2597 ὁράματι
3006 2530 3109 2595 τῆς
3130 2530 3343 2591 νυκτός
3360 2544 3376 2559 °

1826 2615 1921 2665 καί
1951 2614 2076 2666 ἰδοὺ
2103 2616 2247 2682 μετὰ
2278 2618 2391 2667 τῶν
2418 2616 2683 2683 νεφελῶν
2715 2617 2819 2668 τοῦ
2854 2614 3107 2680 οὐρανοῦ
3135 2615 3214 2676 ὡς
3251 2612 3381 2676 Υίὸς

1824 2698 2130 2764 ἀνθρώπου
2169 2699 2483 2765 ἐρχόμενος
2513 2695 2608 2767 ἦν.
2651 2700 2744 2761 Τίς
2784 2700 2950 2752 ταῦτα
2984 2700 3190 2765 ἀγνοεῖ;
3237 2708 3258 2735 ο
3298 2697 3382 2758 τίς

1824 2781 2099 2847 διαϐλέψαι
2130 2782 2441 2851 δυνήσεταις
2479 2784 2551 2852 μὴ
2581 2784 2685 2850 γὰρ
2714 2783 2913 2854 Πέτρος
2945 2786 3111 2836 ταῦτα
3146 2783 3309 2850 λέγει,
3334 2776 3381 2833 ὦ

1826 2867 2069 2930 Ἰουδαῖε;
2109 2868 2180 2935 μὴ
2216 2868 2321 2937 γάρ
2348 2868 2585 2933 Παῦλος;
2617 2868 2721 2921 Kal
2761 2870 2906 2931 ίδοὺ,
2938 2871 3098 2939 φησὶ,
3132 2870 3211 2934 ὠς
3248 2869 3380 2933 mc

1825 2952 2129 3017 ἀνθρώπου
2152 2952 2463 3020 ἐρχόμενος
2488 2950 2583 3021 ἦν,
2606 2955 2698 3008 καί
2720 2954 2828 3019 ἓως
2847 2953 2951 3007 τοῦ
2976 2954 3238 3007 Παλαιοῦ
3262 2954 3379 3005 τῶν

1826 3039 2054 3105 ἡμερῶν
2080 3039 2356 3107 ἔφθασεν.
2405 3041 2531 3093 Ἰδοὺ
2563 3042 2653 3092 καὶ
2689 3042 2747 3093 τὸ
2776 3042 3054 3110 ὁμότιμον.
3101 3040 3378 3093 Ἑνώπιον

1824 3124 2005 3177 αὐτοῦ
2034 3126 2408 3192 προσηνέχθη
2449 3126 2623 3191 αὐτῷ.
2651 3129 2764 3179 Ἵνα
2793 3128 2918 3179 ὅταν
2950 3129 3061 3195 ίδῃς
3099 3128 3374 3195 διδομένην

1824 3209 1970 3277 αὐτῷ
1995 3210 2091 3278 τὴν
2118 3208 2406 3277 βασιλείαν,
2440 3210 2513 3279 μὴ
2535 3210 2879 3281 ἀνθρωπίνως
2910 3213 3131 3280 νομίσῃς
3153 3208 3285 3263 εἶναι
3312 3211 3374 3261 τὸ

1823 3293 2079 3346 δεδόσθαι.
2099 3294 2226 3345 Ἀπὸ
2249 3295 2354 3361 γὰρ
2374 3293 2489 3345 τῶν
2508 3296 2772 3361 νεφελῶν
2791 3295 2895 3347 τοῦ
2915 3296 3187 3360 οὐρανοῦ,
3208 3296 3371 3363 φησί’

1823 3376 1920 3437 τὰς
1935 3376 1988 3427 δὲ
2006 3377 2227 3443 νεφέλας
2253 3378 2370 3428 ἀντὶ
2386 3377 2475 3428 τοῦ
2490 3379 2714 3447 οὐρανοῦ
2732 3378 3171 3448 παραλαμϐάνειν
3190 3379 3373 3430 εῐωθεν

1826 3460 1857 3528 ἡ
1880 3461 2085 3528 Γραφή.
2116 3461 2222 3513 Kal
2249 3460 2405 3525 αὐτῷ
2431 3461 2603 3527 ἐδόθη
2633 3464 2670 3528 ἠ
2701 3463 2875 3530 ἀρχὴ.
2898 3464 2995 3515 καί
3021 3464 3059 3527 ἠ
3088 3462 3245 3530 τιμὴ,
3274 3462 3371 3514 καί

1824 3548 1861 3610 ἡ
1886 3546 2167 3607 βασιλεία
2192 3562 2205 3577 ·
2236 3546 2332 3597 καί
2357 3547 2572 3611 πάντες
2601 3550 2653 3599 al
2684 3550 2837 3610 λαοί,
2868 3549 3071 3615 φυλαὶ,
3100 3548 3369 3616 γλῶσσαι

1823 3630 1977 3693 αὐτῷ
2019 3630 2473 3683 δουλεύσουσιν.
2517 3631 2577 3683 Ἠ
2616 3633 2861 3693 ἐξουσία
2900 3633 3083 3685 αὐτοῦ
3123 3633 3370 3695 ἐξουσία

1821 3714 2069 3778 αἰώνιος,
2109 3714 2236 3779 ἥτις
2270 3718 2340 3767 οὐ
2374 3718 2794 3781 παρελεύσεται
2829 3733 2842 3746 ·
2886 3717 2983 3769 καί
3015 3716 3052 3782 ἠ
3086 3718 3371 3779 ,βασιλειά

1821 3802 2003 3853 αὑτοῦ
2045 3803 2115 3853 οὐ
2160 3801 2632 3868 διαφθαρήσεται.
2672 3803 2735 3853 Τί
2781 3802 2966 3855 τούτου
3010 3803 3365 3875 σαφέστερονς

1823 3887 1937 3937 είπέ
1965 3903 2071 3953 μοι.
2102 3888 2203 3938 Kal
2236 3886 2450 3949 πάντες
2483 3888 2637 3947 λαοί,
2673 3888 2821 3955 φησὶ,
2860 3890 3062 3955 φυλαὶ,
3101 3888 3369 3957 γλῶσσαι

1819 3971 1975 4034 αὐτῷ
2012 3972 2463 4025 δουλεύσουσιν.
2494 3974 2631 4041 Ὅρα
2674 3973 2786 4034 πῶς
2824 3974 2968 4026 ἅπαν
2996 3974 3055 4026 τὸ
3094 3974 3240 4036 ἔθνος
3270 3975 3369 4042 τῆς

1819 4059 2133 4127 οἰκουμένης
2168 4060 2545 4127 περιέγραψεν.
2578 4060 2729 4128 Ὀρα
2760 4060 2851 4111 καὶ
2882 4061 2940 4111 τὸ
2970 4061 3241 4129 κριτήριον
3270 4060 3367 4112 αὑ-

1818 4145 1907 4195 τὸν
1933 4144 2177 4197 λαϐόντα.
2200 4146 2314 4195 Ἵνα
2346 4144 2453 4213 γὰρ
2487 4144 2558 4213 μὴ
2583 4146 2768 4213 χρόνου
2791 4146 3013 4217 νομίσῃς
3032 4143 3167 4197 εῖναι
3190 4146 3364 4208 τοῦτο,

1820 4229 1949 4295 φησί
1976 4242 1989 4254 ’
2015 4230 2171 4291 Ἦτις
2192 4231 2261 4281 οὐ
2291 4230 2713 4295 παρελεύσεται
2738 4246 2751 4259 ·
2780 4231 2875 4281 καί
2904 4231 2941 4295 ὴ
2964 4232 3243 4293 βασιλεία
3262 4233 3365 4283 αὐ·-

1819 4315 1922 4366 τοῦ
1949 4317 2019 4366 οὐ
2050 4314 2504 4381 διαφθαρήσεται
2536 4332 2549 4345 ·
2589 4316 2699 4367 ἀλλ’
2738 4316 2929 4385 ἕστηκε
2971 4318 3064 4369 καὶ.
3107 4318 3272 4385 μένει.
3300 4314 3360 4366 Εί

1818 4400 1873 4451 δὲ
1904 4401 2165 4461 ἀπιστεῖς,
2189 4400 2293 4450 ἀπὸ
2324 4400 2651 4467 πραγμάτων
2685 4401 2887 4452 πείθου.
2913 4398 3060 4463 Εἶδες
3080 4404 3364 4471 δμοτιμίαν

1816 4483 1977 4534 αὑτοῦ
2009 4484 2137 4551 πρὸς
2168 4484 2254 4534 τὸν
2289 4484 2527 4552 Πατέρα;
2563 4484 2775 4553 Ἐπειδὴ
2802 4485 2908 4553 γὰρ
2945 4486 3163 4557 ὕστερος
3193 4488 3361 4557 ἐφάνη

1815 4567 1905 4619 τοῦ
1936 4568 2160 4635 Πατρὸς,
2192 4567 2277 4618 διὰ
2305 4568 2455 4618 τοῦτό
2480 4586 2626 4634 φησι,
2658 4571 2737 4621 ὃτι
2761 4566 2889 4637 ἦλθε
2921 4571 3053 4638 μετὰ
3079 4571 3182 4622 τῶν
3210 4588 3363 4638 νεφε-

1814 4653 1937 4706 λῶν.
1970 4654 2089 4703 ’Ὁτι
2128 4653 2182 4703 δὲ
2217 4647 2282 4720 ἦν
2318 4652 2407 4705 καὶ
2436 4653 2641 4720 πρώην,
2679 4654 2830 4720 δῆλον
2861 4656 2925 4706 ἐκ
2956 4655 3060 4707 τῶν
3088 4656 3321 4722 νεφελῶν
3342 4671 3359 4688 ⁸

1814 4738 1904 4787 ἐπὶ
1924 4737 2027 4787 τῶν
2050 4736 2279 4802 νεφελῶν
2300 4736 2404 4803 γὰρ
2426 4737 2655 4803 ἔρχεται.
2682 4738 2789 4789 Kal
2809 4738 2964 4802 αὐτῷ
2984 4741 3356 4808 προσηνέχθη

1816 4824 1849 4888 ἡ
1878 4822 2029 4889 τιμή.
2059 4824 2155 4871 Ἢν
2178 4818 2307 4888 εἶχε,
2332 4820 2590 4871 τουτέστι.
2616 4823 2722 4873 Kal
2745 4824 2899 4885 λαοὶ,
2930 4826 3132 4891 φυλαὶ,
3168 4825 3357 4894 γλῶσ-

1814 4923 1913 4958 σαι
1946 4904 2100 4967 αὺτῷ
2138 4905 2556 4957 δουλεύσουσι.
2604 4906 2710 4974 Τὴν
2748 4908 2845 4975 μὲν
2881 4910 2984 4978 γὰρ
3019 4912 3187 4980 ἀρχὴν
3216 4907 3357 4981 εἶχεν

1816 4992 1941 5053 ἀνω,
1974 4991 2088 5041 τότε
2120 4990 2173 5041 δέ
2206 4988 2389 5039 ἐλαϐεν
2419 4990 2586 5057 αὐτὴν
2617 4990 2681 5059 ἢν
2709 4987 2867 5060 εἶχεν.
2900 4995 3102 5065 Ὥσπερ
3135 4998 3239 5067 γὰρ
3268 5000 3358 5049 ἐπὶ

1815 5077 1902 5126 τοῦ
1933 5076 2137 5142 Πατρὸς
2162 5078 2295 5135 νοεῖς
2323 5076 2417 5135 τὰς
2441 5076 2647 5143 τρίχας,
2675 5079 2766 5129 καὶ
2788 5080 2853 5130 τὰ
2876 5079 3035 5132 λοιπά
3058 5099 3071 5111 ·
3102 5082 3239 5134 οὕτω
3266 5084 3357 5134 καὶ

1813 5162 1983 5210 τοῦτο.
2012 5161 2081 5210 Τὸ
2108 5160 2162 5210 δὲ
2194 5158 2401 5223 Ἐδόθη
2439 5158 2606 5228 [2M],
2636 5163 2725 5212 καὶ
2756 5163 2853 5214 ὅσα
2882 5166 3098 5218 τοιαῦτα
3127 5167 3354 5231 ἀκούων,

1872 5474 1899 5511 δ
1922 5473 1975 5520 1η
1994 5474 2301 5543 Τὴεοσοτειο
2319 5487 2568 5543 ρετρεςεω
2585 5477 2786 5543 ὴδδειυι·
2797 5484 3089 5543 μακαριότης.
3110 5484 3213 5532 Ilox
3233 5488 3351 5535 mal-

1814 5535 1909 5601 lerp
1924 5546 2048 5601 £9m_
2070 5535 2259 5601 σείετίε
2276 5534 2444 5601 ιςςετε
2464 5536 2550 5589 ἕως
2570 5537 2732 5601 καιροῦ
2753 5534 2831 5601 «ιιάὶ
2853 5534 3030 5601 καιροῦ.

1879 5596 1900 5620 ⁸⁵
1923 5594 2003 5646 Τίς
2026 5594 2264 5652 διαελέψαι
2288 5593 2545 5647 δυνήσεται.
2571 5593 2851 5647 Addeudum
2871 5593 2993 5648 for'le
3017 5604 3089 5661 οὐ,
3113 5605 3191 5652 vel
3213 5608 3272 5658 μέ
3278 5644 3287 5652 .

2964 5689 3035 5747 15
