4066 6464
657 413 770 469 233

655 514 817 583 μηδὲν
857 513 1185 583 ἀνθρώπινον
1215 512 1582 581 ὑποπτεύσῃς,
1630 513 1758 580 μηδὲ
1791 510 2035 564 ταπεινὸν
2072 508 2197 576 περὶ

652 603 744 656 τοῦ
766 604 912 655 Υίοῦ.
933 605 1137 672 ’Ὠσπερ
1163 603 1268 671 γὰρ
1291 602 1628 671 γεγηρακότα
1652 603 1809 670 όρῶν,
1835 601 1951 669 οὐχὶ
1975 600 2197 668 γέροντα

655 692 992 755 ὑποπτεύεις,
1031 691 1167 742 οὕτω
1203 695 1293 742 καὶ
1335 693 1401 742 τὰ
1439 690 1614 742 λοιπά.
1657 689 1745 758 Μὴ
1779 690 1883 758 γὰρ
1923 689 2070 755 ζήτει
2102 688 2198 755 τὴν

657 782 944 849 σαφήνειαν
973 782 1028 832 ὲν
1052 784 1167 842 ταῖς
1198 780 1563 848 προφητείαις,
1590 778 1712 831 ἔνθα
1745 779 1891 830 σκιαὶ
1917 778 2008 829 καὶ
2033 777 2199 842 αίνίγ-

662 886 802 940 ματα
833 886 847 899 ο
889 869 1073 938 ὥσπερ
1101 870 1188 920 ἐπὶ
1226 869 1324 936 τῆς
1351 869 1627 938 ἀστραπῆς
1654 868 1711 918 οὐ
1746 867 1924 937 ζητεῖς
1962 866 2197 935 διηνεκὲς

660 960 791 1026 φῶς,
822 960 953 1011 ἀλλὰ
973 961 1128 1030 ἀρκεῖ
1150 959 1376 1026 φανῆναι
1407 959 1578 1025 μόνον.
1607 958 1844 1024 Ἐφριξε
1873 956 1936 1008 τὸ
1971 954 2199 1022 πνεῦμα

655 1066 790 1116 μου,
827 1047 937 1115 ἐγὼ
968 1047 1187 1112 Δανιὴλ
1213 1049 1280 1099 ἐν
1308 1045 1378 1112 τῇ
1405 1047 1521 1108 ἕξει
1547 1063 1662 1113 μου
1686 1061 1698 1075 °
1732 1047 1831 1099 καὶ
1870 1047 1927 1097 al
1965 1044 2198 1110 ὀράσεις

660 1135 765 1203 τῆς
797 1135 1056 1202 κεφαλῆς
1079 1153 1194 1201 μου
1225 1135 1557 1200 ἐτάρασσόν
1581 1152 1673 1201 με.
1710 1134 1942 1196 Εἰκότως
1975 1134 2076 1186 ὑπὸ
2102 1136 2196 1202 τῆς

665 1225 831 1292 θῴιως
855 1224 955 1275 τῶν
977 1224 1275 1293 ὁρωμένων.
1298 1225 1509 1292 Πατέρα
1528 1224 1618 1274 καὶ
1635 1224 1758 1275 Υίὸν
1781 1217 1928 1283 οὗτος
1949 1224 2038 1274 καὶ
2053 1222 2197 1292 πρῶ-

661 1330 749 1377 τος
781 1317 869 1367 καὶ
900 1316 1053 1382 μόνος
1081 1317 1197 1382 ορᾷ,
1223 1315 1296 1374 ὼς
1324 1315 1377 1364 ὲν
1403 1314 1538 1381 ὄψει.
1575 1314 1637 1364 Τί
1672 1314 1735 1364 ἂν
1770 1313 1938 1382 ἔχοιεν
1961 1313 2198 1366 Ἰουδαῖοι

661 1402 794 1471 πρὸς
834 1402 987 1454 τοῦτο
1021 1405 1223 1465 είπεῖν;
1267 1402 1574 1469 Μελλούσης
1618 1402 1724 1470 γὰρ
1769 1402 1866 1468 τῆς
1905 1401 2199 1471 παρουσίας

660 1492 818 1545 αὑτοῦ
856 1494 1034 1545 λοιπὸν
1071 1493 1342 1560 ἐγγυτέρω
1379 1487 1534 1556 εἶναι,
1585 1492 1804 1553 εἰκότως
1837 1493 1928 1544 καὶ
1964 1493 2019 1544 al
2051 1491 2198 1558 ὄψεις

660 1581 962 1649 Θαυμασταὶ
1018 1581 1308 1647 φαίνονται.
1368 1579 1476 1632 Kal
1543 1578 1885 1645 προσῆλθον
1942 1579 2028 1632 ἐνί
2085 1578 2199 1632 τῶν

660 1666 1010 1731 ἑστηκότων,
1050 1667 1143 1717 καὶ
1186 1666 1298 1732 τὴν
1333 1667 1629 1731 ἀκρίϐειαν
1672 1663 1914 1730 ἐζήτουν
1938 1665 2070 1730 παρ’
2092 1666 2197 1717 αὑ-

658 1756 763 1809 τοῦ
797 1756 1004 1822 μαθεῖν
1043 1757 1172 1822 περὶ
1223 1757 1440 1809 τούτων
1493 1757 1747 1809 πάντων.
1790 1757 1894 1810 Kal
1941 1751 2066 1809 εἶπέ
2101 1772 2199 1823 μοι

659 1846 771 1913 τὴν
818 1846 1115 1910 ἀλήθειαν,
1163 1846 1261 1898 και
1321 1847 1436 1900 τῶν
1492 1849 1685 1915 λόγων
1731 1847 1844 1912 τὴν
1886 1847 2201 1913 σύγκρισιν

659 1935 935 2002 ἐγνώρισέ
972 1935 1312 2006 μοι.⁹Ερωτᾷ
1340 1938 1391 1988 τί
1429 1937 1554 1988 ποτέ
1591 1938 1701 1988 ἐστι
1750 1937 1814 1988 τὰ
1866 1935 2157 2005 φαινόμενα
2181 1951 2196 1966 ·

661 2025 751 2077 καὶ
793 2026 1042 2094 μανθάνει
1093 2026 1220 2096 περὶ
1259 2026 1350 2078 τοῦ
1397 2026 1774 2095 Ἀντιχρῑστου,
1807 2026 1898 2078 καὶ
1946 2025 2199 2094 μανθάνει

662 2114 930 2185 βασιλείαν
952 2116 1096 2179 τέλος
1125 2117 1222 2168 οὐκ
1249 2117 1491 2185 ἔχουσαν.
1527 2117 1732 2179 Ταῦτα,
1760 2116 1909 2184 φησὶ,
1933 2114 2004 2168 τὰ
2030 2116 2201 2182 θηρία

659 2201 732 2255 τὰ
772 2203 1018 2272 μεγάλα,
1054 2203 1340 2272 τέσσαρες
1381 2206 1682 2268 βασιλεῖαι
1737 2205 2196 2272 ἀναστήσονται.

662 2292 768 2344 Kal
793 2292 1239 2359 παραλήψονται
1263 2293 1374 2358 τὴν
1391 2294 1710 2356 βασιλείαν
1729 2293 1877 2360 ἅγιοι
1902 2294 2197 2360 Ὑψίστου,

661 2380 758 2433 και
797 2380 1150 2443 καθέξουσιν
1176 2382 1364 2446 αὐτὴν
1384 2383 1492 2446 ἕως
1510 2383 1736 2447 αίῶνος,
1755 2384 1848 2435 καί
1867 2383 1976 2445 ἕως
1992 2381 2202 2446 αἰῶνος

659 2465 900 2521 αἰώνων.
943 2469 1051 2521 Kal
1089 2468 1330 2534 ἐζήτουν
1374 2469 1620 2536 ἀκριϐῶς
1667 2471 1793 2537 περί
1843 2473 1946 2525 τοῦ
2000 2475 2200 2540 θηρίου

661 2557 764 2610 τοῦ
797 2557 1090 2625 τετάρτου,
1125 2559 1208 2614 ὅτι
1242 2557 1316 2628 ἦν
1347 2559 1620 2628 διαφέρον
1647 2561 1800 2628 παρὰ
1831 2560 1950 2615 πᾶν
1978 2563 2198 2629 θηρίον,

661 2647 759 2700 καὶ
785 2649 1033 2714 φοϐερὸν
1052 2649 1347 2716 περισσῶς
1367 2667 1379 2679 ·
1414 2654 1466 2703 οί
1490 2651 1724 2716 ὀδόντες
1744 2652 1924 2706 αὐτοῦ
1951 2651 2196 2720 σιδηροῖ,

659 2740 716 2793 οί
756 2738 966 2806 ὄνυχες
1015 2740 1197 2794 αὐτοῦ
1238 2741 1476 2808 χαλκοῖο
1512 2741 1715 2795 ἐσθίον
1743 2741 1840 2794 καὶ
1884 2740 2199 2806 λεπτῦνον,

662 2828 757 2881 καί
805 2830 874 2882 τὰ
919 2830 1193 2884 ἐπίλοιπα
1244 2832 1364 2894 τοῖς
1410 2832 1591 2884 ποσίν
1637 2833 1817 2885 αὐτοῦ
1864 2835 2197 2887 συνεπάτει.

662 2915 768 2968 Kal
796 2918 922 2982 περὶ
950 2919 1066 2969 τῶν
1088 2919 1342 2985 κεράτιον
1369 2921 1550 2974 αὑτοῦ
1578 2919 1694 2973 τῶν
1718 2920 1878 2982 δέκα,
1903 2920 2018 2975 τῶν
2035 2922 2103 2974 ἐν
2127 2921 2200 2991 τῇ

663 3003 894 3071 κεφαλῇ
929 3005 1130 3066 αὐτοῦ,
1171 3007 1264 3058 καὶ
1304 3005 1407 3061 τοῦ
1455 3008 1652 3075 ἐτέρου
1701 3008 1805 3061 τοῦ
1856 3011 2196 3076 ἀναϐάντος,

662 3093 759 3145 καὶ
803 3093 1214 3160 ἐκτινάξαντος
1236 3096 1352 3148 τῶν
1381 3099 1672 3165 προτέρων
1699 3101 1828 3166 τρία
1850 3117 1862 3130 ·
1891 3101 1987 3154 καί
2021 3103 2085 3154 τὸ
2109 3102 2201 3155 κέ-

656 3197 770 3247 ρας
794 3181 1002 3245 ἐκεῗνο,
1029 3177 1077 3248 ᾧ
1110 3185 1391 3252 ὀφθαλμοὶ
1419 3186 1594 3251 αὐτῷ,
1621 3188 1717 3239 καί
1752 3191 1940 3257 στόμα
1975 3191 2204 3244 λαλοῦν

659 3271 906 3338 μεγάλα,
935 3273 1030 3325 καί
1066 3274 1102 3339 ή
1133 3275 1337 3341 ὅρασις
1367 3275 1547 3327 αὐτοῦ
1570 3276 1776 3344 μείζων
1815 3277 1929 3331 τῶν
1959 3279 2198 3332 λοιπῶν.

679 3361 1002 3429 Ἐθεώρουν,
1033 3363 1126 3415 καί
1163 3363 1229 3416 τὸ
1267 3364 1439 3430 κέρας
1481 3366 1671 3418 ἐκεῖνο
1707 3367 1891 3420 ἐποίει
1940 3370 2203 3436 πόλεμον

659 3451 804 3515 μετά
827 3451 939 3503 τῶν
968 3453 1164 3519 ἁγίων,
1200 3455 1293 3505 καί
1324 3457 1540 3521 ίσχυσε
1567 3456 1713 3522 πρὸς
1737 3458 1971 3522 αὐτοὺς,
2002 3458 2110 3522 ἕως
2130 3453 2200 3513 οὗ

662 3533 845 3607 ἦλθεν
877 3544 907 3591 ό
939 3541 1192 3605 Παλαιὸς
1219 3541 1334 3593 τῶν
1363 3544 1607 3610 ἡμερῶν,
1643 3545 1738 3596 καὶ
1778 3547 1841 3596 τὸ
1866 3545 2038 3612 κρῖμα
2065 3546 2202 3598 ἔδω-

663 3645 768 3702 κεν
793 3631 977 3702 ἁγίοις
1019 3632 1324 3702 Ὑψίστουο
1360 3634 1455 3684 καὶ
1501 3637 1531 3686 ὀ
1578 3634 1776 3700 καιρὸς
1815 3635 2054 3702 ἔφθασε.
2105 3635 2201 3688 καί

663 3697 776 3764 τὴν
815 3697 1133 3761 ,ϐασιλείαν
1162 3699 1456 3768 κατέσχον
1497 3705 1548 3754 οί
1577 3697 1884 3769 ἅγιοιίκαι
1917 3700 2082 3756 εἷπεν
2108 3704 2205 3757 οὗ·

661 3799 800 3850 τως·
851 3787 918 3838 Τὸ
966 3787 1168 3852 θηρίον
1210 3786 1275 3838 τὸ
1318 3787 1592 3856 τέταρτον
1632 3790 1916 3852 ,Βασιλεία
1961 3790 2201 3857 τετάρτη

661 3875 827 3926 ἐσται
852 3874 921 3924 ἐν
953 3873 1026 3939 τῇ
1067 3874 1161 3942 γῇ,
1191 3874 1320 3938 ἣτις
1348 3876 1614 3941 ὑπερέξει
1646 3876 1842 3942 πάσας
1884 3881 1989 3944 τὰς
2023 3881 2204 3942 ,βασι-

660 3963 846 4024 λείας,
877 3961 972 4012 καί
1001 3961 1388 4029 καταφάγεταί
1414 3962 1616 4017 πᾶσαν
1635 3966 1744 4031 τὴν
1769 3966 1904 4033 γῆν,
1931 3969 2027 4020 καί
2053 3983 2204 4037 συμ-

663 4056 912 4121 πατήσει
958 4058 1166 4122 αὐτὴν,
1213 4059 1309 4111 καί
1354 4061 1670 4128 κατακόψει
1722 4061 1930 4126 αὐτήν.
1983 4062 2087 4114 Kal
2134 4063 2205 4116 τὰ

662 4143 807 4197 δέκα
831 4146 1043 4210 κέρατα
1063 4146 1242 4198 αὑτοῦ
1266 4146 1406 4198 δέκα
1423 4145 1700 4212 ,ϐασιλεῖς
1725 4149 2166 4215 ἀναστήσονται
2184 4166 2199 4182 ο

663 4232 760 4285 καί
801 4234 986 4286 ὀπίσω
1017 4233 1210 4285 αὐτῶν
1239 4235 1636 4300 ἀναστήσεται
1674 4237 1886 4303 ἔτερος,
1922 4238 1987 4302 ὃς
2024 4241 2202 4303 ὑπερ-

665 4322 814 4376 οίσει
849 4323 1051 4387 κακοῖς
1089 4322 1313 4387 πάντας
1354 4324 1491 4388 τοὺς
1523 4325 1872 4392 ἔμπροσθεν,
1913 4327 2008 4379 καὶ
2052 4328 2204 4395 τρεῖς

662 4412 934 4477 βασιλεῖς
966 4413 1327 4465 ταπεινώσει.
1353 4413 1458 4466 Kal
1489 4416 1704 4481 λόγους
1732 4416 1876 4482 πρὸς
1913 4417 2017 4469 τὸν
2038 4418 2202 4485 "nm-

665 4516 812 4554 στον
834 4499 1106 4564 λαλήσει,
1139 4500 1233 4551 καὶ
1262 4499 1398 4563 τοὺς
1423 4501 1626 4566 ἁγίους
1657 4501 1930 4567 Ὑψίστου
1953 4504 2203 4556 παλαιώ-

663 4601 777 4650 σει,
812 4589 907 4641 καὶ
941 4588 1262 4653 ὐπονοήσει
1312 4589 1415 4642 τοῦ
1461 4589 1784 4642 ἀλλοιῶσαι
1828 4591 2064 4656 καιροὺς
2107 4591 2204 4646 καί

663 4678 871 4743 νόμον·
899 4677 994 4729 καί
1018 4676 1325 4741 δοθήσεται
1350 4677 1417 4729 ἐν
1441 4677 1588 4744 χειρί
1615 4677 1797 4730 αὐτοῦ
1818 4678 1926 4743 ἕως
1945 4679 2144 4744 καιροῦ
2163 4682 2200 4729 ·.

664 4764 767 4815 Kal
791 4764 857 4817 τὸ
889 4765 1181 4831 κριτήριον
1214 4765 1449 4817 ἐκάθισε
1469 4783 1481 4795 '
1513 4765 1610 4818 καί
1646 4765 1757 4832 τὴν
1789 4766 1982 4834 ἀρχὴν
2022 4766 2204 4820 αὐτοῦ

656 4852 1124 4916 μεταστήσουσι,
1173 4853 1276 4905 τοῦ
1306 4853 1608 4919 -ἀφανίσαι
1639 4854 1733 4906 καί
1774 4854 2064 4908 ἀπολέσαι
2096 4856 2204 4920 ἕως

662 4937 890 5002 τέλους.
922 4940 1026 4990 Kal
1054 4943 1090 5006 ὴ
1115 4942 1413 5004 βασιλεία,
1443 4943 1536 4994 καί
1569 4944 1606 5007 ή
1637 4943 1904 5007 ἐξουσία,
1930 4944 2024 4996 καὶ
2049 4945 2086 5011 ή
2103 4961 2204 5012 με·

661 5028 973 5093 γαλωσύνη
1016 5027 1132 5078 τῶν
1172 5028 1476 5090 βασιλέων
1519 5029 1634 5082 τῶν
1673 5029 1943 5083 ὑποκάτω
1983 5032 2204 5098 παντὸς

657 5116 762 5169 τοῦ
789 5116 1040 5181 οὐρανοῦ
1072 5116 1244 5182 ἐδόθη
1274 5116 1458 5184 ἁγίοις
1491 5118 1765 5185 Ὑψίστου
1786 5136 1800 5150 ·
1839 5122 1935 5174 καὶ
1970 5124 2005 5189 ἠ
2028 5123 2204 5186 ,βασι-

657 5207 787 5258 λεία
818 5206 1020 5266 αὐτοῦ,
1051 5207 1335 5268 ,βασιλεία
1368 5205 1596 5271 αιώνὼς
1616 5227 1628 5238 ·
1657 5211 1753 5262 καί
1796 5209 1982 5264 πᾶσαι
2012 5216 2069 5264 al
2101 5213 2202 5278 ἀρ-

659 5295 756 5362 χαὶ
793 5296 948 5358 αὐτῷ
992 5297 1388 5350 δουλεύσουσι
1438 5297 1532 5350 καὶ
1573 5300 2033 5357 ὑπακούσονται.
2057 5303 2205 5368 Ἕως

708 5588 742 5622 ⁸
779 5585 978 5660 ρωιεςω
997 5593 1108 5634 sunt
1127 5602 1271 5637 voces
1289 5596 1661 5651 sequentes,xai
1687 5596 1969 5657 καιρῶν,κα(
1989 5613 2040 5656 γε
2063 5600 2208 5660 ἥμισυ

657 5664 839 5710 καιρου.

1323 400 1380 458 S.
1419 400 1693 455 JOANNIS
1730 393 2206 452 CIIRYSOSTOMI
2245 395 2556 453 ARCHIEP.
2595 397 3130 453 CONSTANTINOP.

3729 412 3839 466 234

2298 502 2410 561 ὦδε
2443 510 2506 562 τὸ
2534 510 2714 578 πέρας
2738 509 2842 562 τοῦ
2869 512 3069 576 λόγου.
3088 509 3232 575 Ἐγὼ
3260 508 3504 574 Δανιήλ·
3545 510 3598 561 οί
3642 507 3841 561 διαλο-

2295 596 2492 663 γισμοί
2521 612 2636 663 μου
2672 595 2766 647 ἐπὶ
2799 595 3006 648 πλεῖον
3048 594 3501 661 συνετάρασσόν
3539 609 3633 660 με,
3667 591 3764 643 καί
3799 593 3837 656 ή

2291 685 2484 754 μορφή
2511 701 2626 753 μου
2662 675 2973 748 ἠλλοιώθη,
3001 684 3094 736 καί
3131 684 3196 736 τὸ
3227 683 3390 750 ῥῆμα
3431 684 3498 734 ἐν
3527 680 3600 747 τῇ
3630 679 3838 745 καρδίᾳ

2292 792 2407 842 μου
2451 774 2844 842 συνετήρησα.
2875 774 2980 826 Καὶ
3007 774 3146 835 τίνος
3171 774 3352 825 ἕνεκεν
3397 774 3496 825 οὐκ
3538 767 3705 833 εἶπες,
3748 771 3839 820 dv-

2297 865 2506 934 θρωπε;
2545 866 2664 918 Ὅτι
2689 864 2836 917 οὐδὲν
2868 863 2999 932 πρὸς
3027 863 3305 925 Ἰουδαίους
3328 859 3396 932 ἦν
3416 880 3427 891 ·
3463 861 3595 914 ἀλλὰ
3623 861 3840 912 τούναν-

2295 953 2404 1005 τίον
2433 955 2488 1004 tv
2516 953 2610 1021 μὲν
2636 956 2745 1014 τοῖς
2777 952 2978 1020 ῥήμασι
3006 952 3093 1003 διὰ
3135 952 3230 1020 τῆς
3259 951 3518 1018 ἀσαφείας
3550 947 3684 1001 αὑτὰ
3712 963 3838 1000 συν-

2295 1041 2606 1105 εκάλυπτεν,
2634 1042 2689 1093 ὲν
2715 1040 2768 1092 δὲ
2796 1040 2872 1109 τῷ
2896 1042 3142 1110 προφήτῃ
3163 1040 3518 1109 συνετήρησεν
3546 1040 3599 1089 ὲν
3619 1039 3679 1105 τῇ
3701 1051 3837 1104 καρ-

2295 1131 2399 1199 δίᾳ.
2432 1130 2537 1182 Καὶ
2565 1131 2668 1196 γὰρ
2700 1131 2832 1199 πρδς
2872 1129 2948 1198 τῷ
2988 1129 3123 1180 τέλει
3158 1129 3344 1197 φησίν·
3389 1127 3541 1181 Ἰδοὺ
3587 1129 3640 1178 οι
3669 1127 3835 1193 λόγοι

2296 1218 2776 1287 ἐσφραγισμένοι·
2809 1219 2904 1270 καί
2939 1219 3221 1280 ,βούλεται
3269 1216 3484 1280 αὐτοὺς
3515 1214 3659 1285 [242]
3687 1215 3837 1265 ἀσα-

2297 1306 2425 1375 φεῖς
2451 1303 2620 1360 εἶναι.
2647 1305 2813 1359 Τοῦτο
2847 1311 2985 1358 ποιεῖ
3010 1308 3102 1360 καὶ
3122 1307 3277 1369 αὐτὸς
3305 1306 3391 1360 διὰ
3419 1304 3730 1374 παραϐολῶν
3757 1303 3842 1354 M-

2296 1397 2572 1467 γων.”ορα
2600 1395 2867 1466 πανταχοῦ
2913 1397 3026 1459 πῶς
3058 1398 3152 1466 τὴν
3191 1397 3461 1466 βασιλείαν
3493 1395 3721 1465 ἐπαίρει,
3750 1394 3841 1445 ἵνα

2300 1486 2460 1556 μηδὲν
2487 1485 2813 1556 ἀνθρώπινον
2838 1486 3194 1559 ὑποπτεύσῃς.
3219 1489 3280 1540 El
3306 1487 3411 1557 γὰρ
3431 1487 3523 1539 καὶ
3545 1487 3719 1538 πᾶσαν
3741 1485 3840 1552 τὴν

2296 1575 2398 1643 γῆν
2442 1576 2701 1643 κατέσχον
2744 1577 2793 1626 ol
2840 1575 3128 1646 ἄνθρωποι,
3171 1577 3406 1629 ἀλλὀὐκ
3455 1576 3559 1640 ἀεὶ,
3600 1575 3715 1628 οὐδὲ
3759 1576 3840 1635 είς

2296 1665 2513 1735 ἄπειρον
2558 1665 2742 1719 αίῶνα.
2774 1667 2881 1719 Καὶ
2915 1668 2988 1736 μή
3026 1684 3114 1736 μοι
3138 1667 3337 1733 λεγέτω
3379 1684 3481 1728 τις,
3511 1668 3590 1718 ὅτι
3637 1665 3840 1734 βραχὺν

2298 1753 2481 1824 χρόνον
2525 1753 2691 1821 λέγει.
2716 1755 2788 1806 Τὸ
2816 1755 3048 1824 γὰρ,οὑ
3085 1757 3522 1822 παρελεύσεται,
3551 1755 3603 1806 τί
3650 1756 3792 1806 ἐστιν
3820 1770 3837 1815 ;

2298 1846 2436 1898 οὐδέ
2467 1845 2619 1898 ἔθνει
2646 1844 2818 1910 ἑτέρῳ
2843 1845 3180 1910 δοθήσεταις
3228 1843 3330 1898 Καὶ
3354 1845 3452 1914 δρα
3478 1843 3546 1895 τὰ
3571 1843 3707 1895 κατὰ
3736 1847 3837 1894 Δα-

2301 1939 2438 2005 ρεῖον
2469 1937 2560 1988 καὶ
2601 1937 2932 1998 Μακεδόνας.
2969 1935 3120 1997 Τίνος
3151 1935 3331 1986 ἕνεκεν
3359 1933 3562 1997 ταῦτα;
3590 1931 3686 1984 Διὰ
3714 1932 3840 1992 τοὺς

2311 2025 2607 2088 Ἰουδαίους.
2634 2025 2729 2078 Διά
2767 2024 2920 2078 τοῦτο
2963 2026 3052 2076 καὶ
3094 2025 3427 2092 Ἀλέξανδρος
3473 2022 3840 2092 προσεκύνησε

2297 2117 2386 2170 τὸν
2413 2117 2555 2179 ναὸν,
2585 2115 2660 2178 ὥς
2683 2131 2831 2182 φασι,
2859 2113 2920 2166 τὸ
2946 2114 3140 2182 βιϐλίον
3169 2113 3319 2165 τοῦτο
3347 2111 3465 2164 ἰδών
3493 2129 3506 2141 ·
3534 2114 3626 2164 καὶ
3645 2111 3839 2178 Ἔλλη-

2298 2223 2385 2268 νες
2433 2204 2742 2275 ιθαύμασαν
2785 2203 2945 2256 αὐτοῦ
2989 2203 3084 2273 τὴν
3131 2203 3279 2271 ἰσχὺν
3324 2202 3421 2270 τῆς
3465 2203 3838 2271 προρρήσεως.

2299 2297 2431 2367 Περὶ
2453 2294 2653 2348 τούτων
2685 2294 2854 2356 οὐδεὶς
2886 2289 3052 2357 εἶπεν,
3080 2295 3191 2347 ἀλλ’
3219 2294 3250 2363 ἢ
3281 2290 3428 2356 οὗτος
3456 2294 3629 2362 μόνος.

2883 2428 3130 2480 ΚΕΦΑΛ.
3171 2428 3250 2479 H'.

2380 2535 2480 2588 Ἐν
2504 2534 2616 2588 ἔτει
2637 2537 2806 2602 τρίτῳ
2834 2535 2941 2602 τῆς
2963 2535 3279 2600 βασιλείας
3297 2533 3609 2599 Βαλτάσαρ
3639 2538 3848 2598 ὀρασις

2300 2625 2460 2694 ὤφθη
2499 2627 2645 2694 πρός
2685 2642 2780 2694 με,
2815 2624 2926 2691 ἐγὼ
2957 2624 3196 2689 Δανιὴλ,
3228 2624 3374 2692 μετὰ
3411 2623 3522 2689 τὴν
3561 2623 3852 2688 ὀφθεῖσαν

2295 2733 2392 2783 μοι
2420 2715 2488 2768 ἐν
2513 2714 2585 2781 τῇ
2611 2714 2783 2782 ἀρχῇ.
2813 2715 2918 2769 Kal
2948 2712 3108 2768 εἶδον
3141 2715 3210 2766 ἐν
3240 2712 3314 2781 τῇ
3340 2714 3542 2780 ὁράσει
3565 2727 3577 2740 ·
3610 2713 3703 2765 καὶ
3730 2713 3853 2779 ἑτέ.

2302 2820 2433 2858 νετο
2457 2805 2526 2857 ἐν
2546 2803 2623 2868 τῷ
2643 2805 2786 2857 ίδεῖν
2806 2821 2899 2873 με,
2935 2805 3030 2857 καὶ
3070 2803 3229 2873 ήμην
3268 2805 3335 2857 ἐν
3363 2806 3611 2868 Σούσοις
3635 2803 3708 2870 τῇ
3728 2803 3817 2865 ,ϐἀ

2292 2909 2404 2960 ρει,
2430 2893 2467 2959 ἦ
2489 2893 2657 2946 ἐστιν
2683 2894 2752 2945 ἐν
2772 2893 2927 2962 χώρᾳ
2961 2895 3156 2962 Ἐλάμ.
3179 2894 3286 2948 Kal
3310 2890 3471 2948 εἶδον
3490 2895 3557 2946 ἐν
3583 2892 3848 2961 ὁράματι,

2301 2982 2394 3036 καὶ
2419 2981 2575 3050 ήμην
2601 2982 2695 3034 ἐπὶ
2715 2982 2817 3034 τοῦ
2845 2983 3057 3036 Οὺϐάλ.
3083 2982 3187 3035 Kal
3208 2979 3319 3050 ἦρα
3346 2983 3483 3048 τοὺς
3512 2985 3854 3052 ὀφθαλμούς

2296 3088 2432 3141 μου,
2461 3071 2557 3123 καί
2583 3068 2743 3123 εἶδον
2763 3089 2774 3100 ·
2819 3071 2913 3123 καί
2959 3072 3084 3123 ίδοὺ
3114 3073 3274 3140 κριὸς
3307 3068 3393 3136 εἷς
3431 3073 3696 3138 έστηκὼς
3731 3073 3853 3140 πρὸ

2300 3160 2404 3214 τοῦ
2441 3160 2653 3214 Οὑϐάλ’
2674 3160 2767 3212 καὶ
2797 3159 2952 3222 αὺτῷ
2985 3160 3214 3226 κέρατα,
3240 3162 3333 3213 καί
3360 3162 3429 3214 τὰ
3457 3161 3666 3230 κέρατα
3687 3164 3852 3228 ὑψη-

2300 3247 2409 3302 λά⁶
2469 3248 2563 3300 καί
2606 3247 2671 3300 τὸ
2715 3247 2783 3300 ἐν
2813 3250 3184 3315 ὑψηλότερον
3224 3247 3326 3302 τοῦ
3371 3248 3593 3316 ἐτέρου,
3638 3250 3732 3301 καί
3779 3251 3855 3301 τὸ

2302 3338 2668 3405 ὑψηλότερον
2728 3335 3031 3390 ἀνέϐαινεν
3088 3337 3177 3388 ἐπ’
3207 3336 3492 3405 ἐσχάτων.
3535 3337 3640 3391 Kal
3684 3333 3858 3390 εἶδον

2301 3430 2404 3481 τὸν
2443 3428 2608 3495 κριὸν
2637 3425 3001 3494 κερατίζοντα
3036 3426 3183 3478 κατὰ
3228 3428 3559 3493 θάλασσαν,
3588 3427 3679 3479 καί
3701 3428 3856 3494 ,Βοί-

2293 3515 2429 3583 ριῑν,
2456 3516 2551 3568 καί
2581 3515 2777 3578 νότον,
2815 3515 2911 3570 καί
2941 3516 3076 3568 λίϐα
3095 3532 3108 3544 ·
3150 3515 3247 3568 καὶ
3276 3516 3467 3569 πάντα
3489 3517 3556 3568 τὰ
3577 3518 3744 3582 θηρία
3773 3519 3854 3570 οὐ

2301 3606 2621 3672 στήσονται
2653 3605 2901 3658 ἐνώπιον
2927 3606 3128 3669 αὑτοῦ,
3158 3607 3253 3658 καί
3282 3608 3390 3660 οὐκ
3421 3603 3496 3674 ἦν
3521 3611 3552 3659 ὀ
3583 3607 3855 3672 ἐξαιρού-

2299 3711 2476 3762 μενος
2505 3693 2571 3746 ἐκ
2601 3693 2793 3760 χειρὸς
2818 3693 2998 3745 αὑτοῦ
3019 3710 3031 3724 ·
3061 3693 3157 3746 καί
3182 3694 3427 3760 ἐποίησε
3455 3695 3598 3747 κατὰ
3622 3693 3857 3761 θέλημα

2302 3782 2504 3845 αὑτοῦ,
2540 3783 2633 3836 καί
2664 3783 3049 3850 ἐμεγαλύνθη.
3089 3782 3197 3835 Kal
3235 3782 3347 3850 ἐγὼ
3385 3782 3543 3849 ήμην
3583 3782 3813 3836 συνιιῖιν
3837 3803 3852 3814 ·

2303 3873 2397 3926 καί
2441 3873 2566 3926 ίδοὺ
2621 3872 2830 3940 τράγος
2889 3871 3066 3940 αἰγῶν
3113 3871 3324 3939 ήρχετο
3381 3873 3495 3926 ἀπὸ
3538 3874 3702 3937 λιϐὸς
3747 3873 3857 3926 ἐπὶ

2303 3958 2617 4024 πρόσωπον
2643 3955 2843 4024 πάσης
2866 3955 2972 4024 τῆς
2987 3956 3126 4024 m'c'
3161 3957 3256 4010 καί
3289 3961 3396 4012 οὐκ
3422 3955 3498 4027 ἦν
3521 3959 3858 4026 ἁπτόμενος

2303 4044 2410 4110 τῆς
2439 4043 2578 4114 γῆς·
2617 4045 2711 4097 καί
2751 4043 2831 4108 τῷ
2871 4044 3060 4114 τράγῳ
3098 4046 3303 4108 ἐκείνῳ
3341 4047 3516 4113 κέρας
3559 4048 3861 4114 θεωρητόν

2303 4132 2416 4186 ἀνὰ
2443 4131 2635 4200 μέσον
2683 4131 2799 4184 τῶν
2838 4132 3154 4202 ὀφθαλμῶν
3201 4135 3403 4188 αὐτοῦ.
3450 4135 3558 4188 Kal
3596 4131 3783 4204 ἦλθεν
3823 4141 3860 4190 ὀ

2302 4221 2515 4290 τράγος
2544 4222 2651 4286 ἕως
2677 4222 2782 4274 τοῦ
2814 4222 2979 4288 κριοῦ
3014 4223 3116 4276 τοῦ
3155 4225 3225 4276 τὰ
3250 4223 3460 4290 κέρατα
3492 4225 3753 4294 ἔχοντος,
3781 4226 3863 4280 ὃν

2303 4307 2463 4364 εἶδον
2504 4310 2729 4364 ἑστῶτα
2765 4310 3016 4365 ἐνώπιον
3062 4313 3163 4366 τοῦ
3211 4313 3404 4366 Οὺϐάλ
3427 4329 3440 4343 ο
3489 4315 3585 4366 καὶ
3635 4314 3862 4384 έδραμε

2303 4400 2449 4467 πρὸς
2475 4400 2658 4453 αὐτὸν
2685 4400 2761 4452 ἐν
2788 4399 2932 4467 ὀργῆ
2949 4412 2974 4441 ι
3007 4399 3113 4467 τῆς
3140 4401 3349 4467 ἰσχύος
3371 4401 3573 4456 αὐτοῦ.
3618 4403 3720 4454 Kal
3766 4404 3861 4456 εἷ-

2303 4488 2410 4541 δον
2424 4488 2604 4540 αὐτὸν
2623 4486 2932 4555 φθάσαντα
2951 4487 3058 4552 ἓως
3078 4488 3180 4541 τοῦ
3200 4489 3386 4556 κριοῦ,
3411 4490 3506 4542 καί
3526 4490 3860 4558 ἐξηγριώθη

2302 4578 2449 4645 πρὸς
2473 4577 2673 4641 αὑτὸν,
2703 4577 2798 4629 καί
2819 4578 3026 4629 ἔπαισε
3047 4579 3149 4629 τὸν
3167 4579 3352 4643 κριὸν,
3375 4581 3472 4631 καὶ
3494 4580 3864 4647 συνέτριψεν

2303 4669 2600 4735 ἀμφότερα
2624 4667 2693 4718 τὰ
2733 4665 2944 4732 κέρατα
2966 4667 3174 4720 αὐτοῦ’
3202 4668 3297 4720 καὶ
3320 4669 3428 4720 οὐκ
3456 4665 3533 4736 ἦν
3563 4669 3736 4735 ίσχὺς
3774 4671 3865 4737 τῷ

2306 4755 2444 4822 κριῷ
2474 4755 2576 4807 τοῦ
2603 4753 2819 4820 στῆναι
2835 4753 3085 4807 ἐνώπιον
3114 4756 3313 4809 αὐτοῦ.
3343 4759 3452 4809 Kal
3482 4759 3720 4824 ἔρριψεν
3744 4763 3864 4813 αὐ-

2305 4843 2410 4896 τὸν
2440 4843 2536 4896 ἐπὶ
2573 4843 2684 4908 τὴν
2725 4842 2860 4911 γῆν.
2908 4843 3006 4894 καί
3046 4844 3466 4910 συνεπάτησεν
3501 4848 3700 4908 αὐτὸν,
3754 4849 3866 4901 zal

2306 4933 2414 4983 οὐκ
2444 4927 2519 4997 ἦν
2548 4931 2579 4982 ὀ
2603 4928 3014 4996 ἐξαιρούμενος
3033 4930 3136 4982 τὸν
3157 4931 3322 4995 κριὸν
3341 4930 3408 4982 ἐκ
3431 4932 3624 4998 χειρός
3641 4933 3862 4988 αὐτοῦ.

2306 5017 2413 5070 Kal
2435 5019 2466 5068 d
2500 5015 2706 5082 τράγος
2733 5014 2849 5067 τῶν
2878 5014 3057 5082 αιγῶν
3080 5015 3446 5084 ἐμεγαλύνθη
3471 5017 3575 5083 ἕως
3596 5019 3861 5086 σφόδρα,

2305 5105 2412 5158 Kal
2454 5104 2521 5155 ἐν
2561 5103 2637 5166 τῷ
2676 5104 2922 5170 ἰσχῦσαι
2964 5105 3164 5168 αὐτὸν,
3212 5107 3528 5174 συνετρίϐη
3568 5108 3632 5160 τὸ
3674 5109 3867 5177 κέρας

2306 5192 2488 5245 αὑτοῦ
2519 5191 2580 5244 τὸ
2605 5192 2755 5260 μέγα
2775 5208 2786 5220 ·
2820 5192 2918 5245 καί
2959 5193 3137 5258 ἀνέϐη
3166 5193 3429 5262 τέσσαρα
3463 5197 3673 5264 κέρατα
3701 5200 3869 5253 ὐπο-

2309 5283 2565 5336 κάτωθεν
2605 5283 2786 5336 αὐτοῦ
2833 5285 2918 5348 είς
2951 5285 3089 5348 τοὺς
3123 5285 3414 5352 τέσσαρας
3453 5288 3704 5355 ἀνέμους
3754 5293 3877 5344 τοῦ

2374 5542 2397 5569 ⁸
2425 5541 2488 5589 lla
2509 5542 2556 5586 in
2578 5538 2796 5587 Hebrao.
2823 5541 2884 5586 At
2907 5553 3030 5589 nunc
3055 5544 3102 5589 in
3128 5543 3450 5591 Thendouone
3485 5557 3540 5592 ac
3560 5547 3608 5593 in
3632 5545 3880 5597 Theodoa

2312 5607 2418 5648 reto
2440 5597 2643 5661 legimus
2662 5603 2799 5661 ὁρμῇ.
2826 5599 3129 5659 Frequenler
3151 5615 3210 5650 ex
3236 5605 3340 5651 istis
3361 5604 3546 5653 duobus
3578 5603 3874 5658 nominibus

2313 5673 2459 5709 unum
2481 5657 2565 5721 pro
2587 5659 2678 5709 alio
2692 5657 2909 5708 's'cfibuut
2929 5657 3124 5710 librarii.
