4112 6500
321 472 433 531 233

325 567 585 637 siquidem
613 569 668 622 in
696 569 759 622 iis
787 568 943 621 venit.
976 566 1042 619 Et
1066 567 1139 619 illi
1168 565 1357 618 delatus
1384 574 1457 618 est
1484 564 1657 616 honor.
1705 562 1870 625 Quem

330 657 553 711 habebat
580 658 799 712 scilicet.
823 657 887 708 Et
914 657 1101 725 populi,
1126 655 1298 716 tribus,
1324 655 1505 721 lingua:
1529 653 1623 720 ipsi
1644 651 1867 703 servient.

329 745 685 814 Principatum
726 746 917 800 etenim
948 745 1170 797 habebat
1212 751 1360 795 antea
1384 780 1399 805 ,
1429 749 1551 793 tunc
1575 754 1700 793 vero
1730 738 1873 792 illum

329 835 498 901 ipsum
526 850 681 902 quem
710 834 975 888 obtinebat
999 832 1214 900 accepit.
1243 830 1368 882 Nam
1395 830 1527 883 sicut
1549 830 1600 881 in
1626 829 1777 881 Patre
1798 829 1876 880 in-

330 924 517 991 telligis
543 925 780 991 capillos,
808 932 859 977 et
884 924 1078 989 reliqua
1107 937 1119 972 :
1148 921 1215 973 ita
1245 929 1296 972 et
1326 918 1459 971 istud
1489 917 1870 984 accipiendum.

326 1009 458 1063 Cum
480 1019 653 1064 autem
685 1011 861 1073 audis,
892 1010 1076 1062 Datum
1103 1016 1201 1072 est,
1233 1016 1287 1061 et
1311 1009 1409 1060 alia
1440 1007 1489 1060 id
1518 1020 1681 1075 genus
1701 1046 1715 1069 ,
1746 1005 1874 1058 nihil

327 1097 613 1152 humanum
643 1099 942 1167 suspiceris,
974 1113 1069 1151 nec
1093 1097 1287 1150 humile
1312 1096 1376 1149 de
1396 1096 1544 1148 Filio.
1567 1095 1711 1149 Sicut
1733 1094 1870 1148 enim

325 1187 510 1239 videns
537 1202 654 1240 eum
684 1188 771 1256 qui
809 1188 978 1240 senuit
998 1226 1011 1247 ,
1046 1201 1147 1239 non
1186 1200 1367 1239 senem
1395 1184 1661 1239 arbitraris
1686 1202 1697 1237 :
1728 1186 1796 1239 ita
1822 1194 1876 1239 et

323 1284 539 1328 cetera.
564 1275 674 1329 Noli
696 1277 887 1344 quippe
909 1276 1326 1343 perspicuitatem
1352 1273 1403 1326 in
1426 1272 1707 1341 prophetiis
1728 1289 1870 1343 quaa-

324 1376 445 1415 rere
472 1403 485 1424 ,
517 1362 603 1414 ubi
633 1364 831 1415 umbra:
859 1371 978 1415 sunt
1004 1377 1064 1415 ac
1091 1362 1362 1430 aanigmata
1392 1378 1405 1411 :
1437 1361 1873 1428 quemadmodum

326 1451 378 1501 in
408 1450 612 1519 fulgure
636 1466 739 1504 non
767 1452 995 1519 exquiris
1021 1450 1193 1503 lumen
1220 1458 1541 1517 perpetuum,
1570 1449 1661 1503 sed
1687 1450 1875 1503 sulﬁcit

323 1539 366 1589 si
399 1539 555 1591 modo
582 1549 846 1607 appareat.
878 1541 964 1593 l5.
1002 1538 1204 1591 Horruit
1230 1539 1432 1605 spiritu:
1460 1554 1595 1591 meus
1615 1580 1628 1603 ,
1657 1554 1744 1607 ego
1772 1538 1873 1589 Da-

323 1627 423 1677 niel
452 1626 503 1678 in
525 1628 696 1679 habitu
722 1644 826 1679 meo
848 1646 866 1680 :
886 1638 930 1680 et
955 1628 1161 1679 visiones
1181 1627 1358 1693 capitis
1380 1628 1472 1678 mei
1496 1625 1755 1678 turbabant
1778 1643 1869 1677 me.

323 1713 511 1767 Merito
558 1716 655 1768 sub
693 1724 905 1783 aspectu
945 1729 1127 1769 eorum
1156 1730 1271 1781 qua:
1298 1714 1558 1767 videntur.
1592 1716 1794 1767 Patrem
1822 1725 1873 1768 et

326 1804 516 1856 Filium
564 1805 659 1857 iste
685 1814 739 1857 et
783 1805 977 1872 primus
1003 1813 1054 1856 et
1082 1804 1224 1855 solus
1251 1843 1263 1867 ,
1312 1812 1366 1855 ut
1410 1804 1460 1855 in
1489 1804 1871 1872 visione,videt.

323 1894 456 1959 Quid
482 1893 547 1946 ad
580 1894 680 1947 hoc
719 1894 1068 1961 respondeant
1094 1892 1303 1946 Judaei?
1347 1891 1475 1945 Cum
1502 1893 1639 1945 enim
1672 1893 1871 1945 Domini

324 1981 583 2034 adventus
620 1981 868 2049 deinceps
912 1982 1123 2049 propior
1161 1981 1363 2034 futurus
1395 1991 1567 2045 esset,
1598 1982 1785 2035 tncrito
1820 1994 1872 2035 et

324 2073 553 2125 visiones
580 2074 844 2126 mirabiles
863 2082 1133 2141 apparent.
1163 2074 1246 2126 16.
1278 2091 1295 2123 ι
1328 2074 1390 2125 Et
1408 2075 1603 2126 accessi
1628 2075 1691 2126 ad
1715 2090 1871 2126 unum

320 2162 697 2228 assistentium,
726 2173 780 2216 et
810 2164 1077 2217 veritatem
1106 2162 1172 2217 de
1204 2163 1284 2216 his
1309 2163 1549 2216 omnibus
1577 2165 1870 2232 qumrebam

322 2248 388 2300 ab
414 2263 475 2301 eo
504 2250 727 2304 discere.
760 2251 826 2303 Et
853 2251 982 2304 dixit
1010 2250 1137 2304 mihi
1163 2251 1430 2304 veritatem
1451 2292 1465 2316 ,
1493 2261 1545 2306 et
1570 2267 1869 2306 sermonum

320 2336 804 2405 interpretationem
833 2340 1075 2394 indicavit
1099 2340 1245 2392 mihi.
1276 2357 1295 2390 ›
1323 2340 1610 2409 lnterrogat
1633 2357 1871 2410 quaenam

321 2426 532 2479 tandem
565 2438 742 2481 essent
778 2445 893 2497 quae
930 2430 1249 2497 apparebant
1279 2448 1290 2482 :
1318 2440 1369 2484 et
1394 2432 1643 2485 edocetur
1668 2434 1734 2486 de
1760 2436 1869 2487 An-

320 2512 558 2566 tichristo
582 2556 595 2577 ,
647 2527 699 2568 et
729 2517 882 2569 discit
918 2533 1132 2585 regnum
1163 2518 1299 2587 quod
1331 2534 1433 2572 non
1477 2520 1633 2574 habet
1694 2521 1869 2576 ﬁnem.

320 2602 404 2654 l7.
439 2622 455 2653 ι
491 2604 615 2668 Ha),
656 2625 676 2658 ι
712 2608 902 2675 inquit,
943 2626 960 2658 ι
993 2608 1170 2661 bestia
1200 2624 1429 2677 magum,
1462 2620 1684 2678 quatuor
1714 2628 1870 2681 rcgna

318 2707 653 2763 consurgent.
677 2698 760 2750 18.
788 2698 851 2751 Ει
871 2700 1034 2752 sancti
1058 2699 1306 2752 Altissimi
1328 2702 1611 2767 suscipient
1630 2718 1865 2769 regnum,

317 2790 371 2834 et
408 2782 720 2837 obtinebunt
754 2786 876 2838 illud
913 2802 1077 2854 usque
1115 2788 1165 2839 in
1209 2789 1481 2854 smculum,
1522 2798 1575 2842 et
1616 2805 1779 2858 usque
1817 2793 1867 2843 in

314 2872 563 2925 saeculum
600 2874 929 2926 saeculorum.
966 2876 1047 2928 19.
1093 2877 1155 2928 Et
1180 2879 1475 2943 quaerebam
1504 2877 1778 2947 diligenter
1805 2880 1869 2931 de

316 2961 481 3015 bestia
517 2972 698 3031 quarta
722 3005 737 3028 ,
770 2967 885 3034 quia
918 2974 1029 3019 erat
1065 2966 1269 3020 diversa
1310 2969 1377 3021 ab
1415 2971 1555 3023 omni
1583 2971 1744 3023 bestia
1770 3012 1784 3034 ,
1816 2979 1869 3023 et

316 3052 563 3104 terribilis
611 3052 763 3107 valde
808 3071 821 3106 :
866 3055 1048 3108 dentes
1101 3056 1214 3122 ejus
1262 3055 1453 3119 ferrei,
1512 3072 1709 3126 ungues
1756 3060 1867 3126 ejus

315 3140 449 3193 πεηεί
483 3157 495 3190 :
526 3141 810 3196 comedens
836 3153 883 3196 et
911 3144 1270 3197 comminuens
1296 3185 1309 3207 ,
1340 3154 1392 3197 et
1420 3146 1614 3213 reliqua
1645 3147 1864 3215 pedibus

312 3228 423 3281 suis
464 3230 820 3283 conculcabat.
868 3231 953 3285 20.
1000 3232 1065 3284 Et
1106 3232 1171 3285 de
1198 3232 1443 3286 cornibus
1485 3233 1598 3300 ejus
1640 3234 1820 3288 decem
1847 3276 1860 3299 ,

311 3332 429 3383 qua:
460 3317 512 3369 in
543 3318 713 3385 capite
738 3319 905 3383 illius;
931 3320 1073 3374 etde
1094 3321 1198 3374 alio
1222 3360 1236 3383 ,
1268 3320 1406 3388 quod
1437 3322 1781 3387 ascenderat,
1812 3333 1864 3376 et

312 3404 867 3471 excusseratpriorum
899 3407 995 3459 tria
1026 3424 1037 3458 :
1067 3417 1117 3460 et
1146 3422 1306 3461 cornu
1332 3448 1345 3470 ,
1386 3409 1466 3460 cui
1504 3418 1654 3462 erant
1694 3410 1860 3475 oculi,

311 3498 365 3542 et
386 3505 444 3543 os
470 3492 687 3559 loquens
713 3494 945 3561 grandia,
972 3503 1025 3546 et
1046 3505 1287 3562 aspectus
1310 3495 1423 3562 ejus
1450 3497 1616 3564 major
1636 3500 1859 3551 caneris.

309 3577 399 3631 2i.
423 3581 751 3648 Aspiciebam
774 3622 787 3646 ,
818 3589 870 3635 et
906 3597 1067 3635 cornu
1108 3583 1233 3636 illud
1272 3584 1492 3638 faciebat
1518 3585 1710 3639 bellum
1740 3602 1859 3642 cum

309 3669 541 3734 sanctis,
574 3678 628 3722 et
672 3671 940 3737 praevaluit
977 3672 1227 3726 adversus
1270 3687 1379 3737 eos,
1409 3674 1497 3725 22.
1527 3674 1693 3730 donec
1717 3680 1861 3731 venit

308 3756 554 3823 antiquus
580 3757 805 3823 dierum,
834 3768 885 3812 et
908 3759 1158 3827 judicium
1186 3760 1327 3814 dedit
1352 3762 1545 3814 sanctis
1566 3763 1817 3818 Altissimi
1844 3782 1854 3817 :

306 3855 361 3897 et
394 3854 597 3914 tempus
627 3847 859 3913 advenit,
890 3856 943 3901 et
971 3864 1192 3917 regnum
1218 3850 1550 3905 obtinuerunt
1578 3854 1763 3906 sancti.
1795 3855 1859 3909 Et

308 3933 442 3985 dixit
477 3936 552 3988 sic
582 3953 595 3987 :
622 3937 711 3991 23.
742 3936 911 3990 Bestia
951 3946 1134 4005 quarta
1165 3954 1379 4007 regnum
1409 3950 1651 4009 quartum
1678 3944 1777 3996 erit
1806 3945 1855 3998 in

308 4030 487 4086 terra,
536 4024 676 4091 quod
718 4026 983 4092 superabit
1027 4027 1199 4079 omnia
1244 4043 1435 4096 regna.
1490 4038 1543 4083 et
1587 4030 1857 4086 devorabit

305 4126 519 4166 omnem
546 4123 761 4179 terram,
786 4123 838 4169 et
859 4116 1184 4170 conculcabit
1208 4133 1344 4183 eam,
1376 4129 1428 4173 et
1455 4121 1694 4177 concidet
1717 4138 1853 4177 eam.

303 4202 396 4257 24.
430 4203 497 4256 Et
523 4203 703 4259 decem
730 4220 919 4259 cornua
948 4207 1107 4275 ipsius
1132 4207 1313 4261 decem
1341 4224 1488 4278 reges
1508 4222 1853 4282 consurgent;

304 4302 361 4347 et
384 4301 502 4361 post
520 4308 611 4347 eos
630 4304 909 4364 consurget
927 4297 1079 4360 alius,
1105 4298 1190 4364 qui
1218 4299 1485 4364 superabit
1505 4301 1655 4354 malis
1674 4316 1855 4358 omnes

305 4382 543 4451 priores,
575 4391 628 4436 et
671 4390 776 4436 tres
816 4399 965 4452 reges
1004 4385 1313 4440 humiliahit.
1355 4387 1442 4440 25.
1492 4388 1558 4440 Et
1584 4404 1855 4446 sermones

303 4480 490 4524 contra
518 4472 841 4526 Altissimum
873 4474 1111 4542 loquetur
1134 4516 1147 4537 ,
1179 4484 1232 4529 et
1260 4485 1467 4530 sanctos
1494 4478 1745 4533 Altissimi
1772 4481 1853 4534 in-

303 4560 564 4613 veterabit
586 4600 601 4625 ,
632 4571 687 4614 et
720 4562 966 4630 cogitabit
997 4573 1197 4617 mutare
1231 4572 1462 4633 tempora
1492 4576 1545 4621 et
1574 4567 1771 4636 legem;
1804 4576 1857 4621 et

301 4646 545 4698 tradetur
585 4648 634 4699 in
666 4664 821 4702 manu
850 4651 963 4717 ejus
992 4666 1154 4719 usque
1193 4652 1255 4705 ad
1293 4662 1496 4722 tempus
1532 4654 1627 4723 (α).
1668 4656 1755 4709 26.
1788 4656 1855 4711 Et

301 4734 560 4801 judicium
596 4738 759 4801 sedit;
800 4748 852 4792 et
886 4741 1227 4807 principatum
1266 4744 1379 4809 ejus
1417 4744 1758 4809 trausl'erent,
1798 4757 1855 4800 ut

300 4822 513 4875 deleaut
532 4832 583 4875 et
615 4824 916 4891 disperdant
942 4843 1104 4895 usque
1126 4829 1176 4881 in
1200 4830 1375 4883 ﬁnem.
1405 4832 1489 4883 27.
1521 4833 1585 4885 Et
1604 4849 1849 4902 regnum,

300 4921 354 4965 et
388 4920 637 4979 potestas,
662 4922 714 4966 et
741 4915 1038 4982 magnitudo
1060 4932 1236 4984 regum
1263 4918 1352 4984 qui
1374 4918 1553 4973 subter
1572 4934 1725 4975 omne
1751 4937 1853 4975 caa-

300 5002 428 5063 lum,
464 5002 582 5054 data
608 5013 731 5056 sunt
755 5006 946 5058 sanctis
972 5006 1222 5059 Altissimi
1252 5024 1263 5057 :
1287 5018 1340 5060 et
1366 5023 1581 5076 regnum
1607 5011 1738 5078 ejus,
1768 5028 1850 5064 re-

298 5102 458 5155 gnum
508 5092 881 5158 sempiternum
911 5110 923 5144 :
954 5103 1007 5145 et
1044 5108 1225 5147 omnes
1268 5096 1585 5163 principatus
1624 5100 1852 5155 servient

299 5176 398 5242 ipsi
427 5190 488 5229 ac
514 5177 782 5230 obedient.
818 5179 905 5233 28.
936 5180 1045 5234 lluc
1074 5196 1237 5250 usque
1266 5184 1381 5237 ﬁnis
1413 5186 1573 5238 verbi.
1609 5188 1718 5257 Ego
1750 5190 1849 5243 Da-

298 5263 401 5316 niel
431 5278 445 5315 :
472 5264 817 5333 cogitationes
845 5282 974 5319 mea:
1008 5270 1227 5322 multum
1259 5274 1700 5330 conturbaverunt
1727 5294 1809 5333 me
1832 5323 1845 5346 ,

296 5362 348 5403 et
384 5352 548 5406 forma
583 5367 701 5405 mea
740 5363 934 5405 mutata
975 5364 1055 5407 est
1090 5370 1103 5407 :
1132 5366 1184 5409 et
1209 5360 1424 5413 verbum
1467 5365 1517 5415 in
1546 5366 1703 5421 corde
1733 5385 1849 5423 tneo

296 5442 625 5496 conservavi.
665 5459 685 5492 ι
718 5440 783 5493 Ει
819 5456 980 5509 quare
1010 5445 1222 5498 verbum
1266 5448 1391 5501 illud
1434 5466 1535 5504 non
1576 5454 1788 5520 dixisti,
1817 5474 1849 5510 ο

290 5532 481 5587 homo?
508 5533 643 5600 Quia
675 5530 740 5583 ad
770 5530 979 5585 Judaeos
1009 5533 1153 5587 nullo
1183 5537 1337 5591 modo
1364 5542 1630 5607 spectabat
1655 5560 1669 5598 :
1699 5548 1789 5599 sed
1818 5564 1847 5603 e

343 5665 415 5728 (a)
450 5663 665 5733 ιηοιινίιΔ
687 5662 990 5733 exsq-iptoris
1023 5660 1193 5733 factum
1229 5666 1417 5733 videtur
1436 5702 1449 5725 ,
1474 5675 1525 5716 ut
1548 5674 1731 5733 omissae
1754 5679 1847 5726 εξιιι

279 5726 416 5779 νοίιρέ
442 5729 746 5788 sequentes,
772 5726 817 5771 et
833 5727 1040 5782 tempora
1061 5729 1105 5771 et
1128 5726 1380 5777 dimidium
1400 5731 1637 5790 tempatis.

1682 448 1746 505 IN
1785 447 2140 502 DANIELEM.

3410 468 3519 523 234

1985 561 2246 611 contrario
2270 558 2321 611 in
2343 557 2513 611 verbis
2531 559 2736 627 quidem
2764 573 2824 611 ca
2852 572 2944 625 per
2963 557 3327 611 obscuritatem
3349 558 3523 609 occul—

1982 649 2156 713 tabat,
2186 649 2235 701 in
2281 648 2529 717 propheta
2560 659 2731 702 autem
2762 648 3089 702 conservavit
3124 648 3174 699 in
3204 646 3379 699 corde.
3424 643 3521 697 Et-

1980 738 2117 790 enim
2144 737 2241 789 sub
2263 737 2415 790 ﬁnem
2437 739 2540 790 ait:
2564 736 2694 789 Ecce
2712 754 2956 791 sermones
2976 739 3156 805 signati
3173 736 3418 804 (Dan.l2.
3439 738 3519 803 9);

1980 835 2033 879 et
2071 828 2177 879 vult
2221 827 2340 879 illos
2383 828 2631 879 obscuros
2656 841 2792 881 esse.
2838 827 2892 879 Id
2938 828 3057 879 facit
3099 828 3255 880 etiam
3302 826 3410 892 ipse
3449 824 3523 892 (η)

1982 915 2155 983 (Jesus
2182 916 2440 984 Christus)
2470 930 2561 984 per
2587 916 2857 984 parabolas
2885 917 3123 984 loquens.
3155 914 3281 968 Vide
3308 929 3525 982 quomo-

1981 1006 2047 1055 do
2088 1004 2277 1071 ubique
2305 1020 2519 1072 regnum
2559 1005 2771 1057 extollat
2808 1004 3019 1070 Daniel,
3051 1013 3109 1057 ut
3145 1004 3273 1057 nihil
3312 1003 3523 1055 humani

1981 1094 2280 1159 suspiceris.
2332 1094 2441 1146 Etsi
2479 1096 2615 1147 enim
2662 1095 2954 1147 universum
2996 1094 3174 1147 orbem
3206 1091 3525 1145 obtinuerint

1982 1180 2246 1241 homines;
2270 1191 2323 1234 at
2344 1198 2444 1235 non
2466 1198 2692 1250 semper,
2714 1198 2879 1250 neque
2897 1185 2946 1234 in
2972 1183 3229 1236 inlinitum
3253 1182 3521 1235 smculum.

1979 1269 2084 1323 Nec
2121 1271 2245 1323 mihi
2278 1273 2549 1340 quisquam
2576 1273 2745 1335 dicat,
2783 1272 2939 1327 breve
2978 1282 3181 1342 tempus
3220 1272 3521 1327 memorari.

1980 1361 2113 1427 Quid
2153 1363 2290 1415 enim
2327 1363 2423 1415 sibi
2465 1364 2574 1416 vult
2616 1364 2740 1416 illud
2779 1380 2791 1414 :
2834 1362 2950 1415 Non
2991 1364 3297 1429 pertransibil
3321 1404 3335 1426 ,
3373 1378 3527 1431 neque

1979 1452 2109 1518 genti
2138 1452 2280 1502 alteri
2308 1451 2528 1503 tradetur
2552 1452 2567 1519 (
2592 1450 2725 1503 Dan.
2754 1452 2807 1503 2.
2835 1450 2981 1519 44)?
3023 1453 3084 1504 Et
3109 1452 3224 1503 vide
3249 1467 3364 1519 qua:
3392 1452 3528 1503 inter

1980 1539 2190 1591 Darium
2235 1548 2287 1591 et
2325 1539 2630 1592 Macedonas
2668 1549 2809 1607 gesta
2841 1550 2978 1592 sunt.
3026 1540 3189 1604 Quam
3220 1540 3285 1593 ob
3313 1555 3525 1594 causam

1981 1626 2128 1679 haec?
2170 1627 2390 1693 Pr0pter
2429 1627 2656 1681 Judazos.
2705 1628 2824 1681 Ideo
2867 1637 2919 1681 et
2960 1628 3253 1682 Alexander
3294 1629 3530 1682 adoravit

1980 1715 2228 1782 templum
2259 1715 2350 1783 (ὁ),
2384 1724 2440 1767 ut
2462 1716 2626 1781 aiunt,
2658 1731 2776 1769 cum
2805 1717 2942 1771 hunc
2970 1718 3194 1772 Daniclis
3226 1718 3415 1771 librum
3444 1719 3527 1770 in-

1979 1805 2236 1870 spexisset
2277 1821 2291 1855 :
2323 1814 2374 1857 et
2400 1803 2563 1857 Graeci
2595 1807 2694 1857 vim
2728 1808 3122 1873 praedictionum
3167 1808 3328 1875 ipsius
3356 1808 3528 1860 admi-

1980 1894 2075 1944 rati
2118 1902 2256 1946 sunt.
2301 1894 2462 1948 Porro
2499 1896 2563 1949 de
2607 1896 2717 1950 istis
2758 1897 2911 1950 rebus
2953 1911 3104 1951 nemo
3141 1896 3383 1966 loquutus
3412 1908 3525 1960 est,

1979 1984 2076 2035 nisi
2108 1983 2191 2037 hic
2220 1985 2381 2038 solus.

2548 2118 2770 2174 CAPUT
2810 2120 2939 2174 Vill.

2050 2249 2098 2299 l.
2132 2266 2149 2296 ‹
2194 2249 2247 2301 In
2286 2263 2423 2303 anno
2464 2250 2613 2304 tertio
2638 2251 2782 2318 regni
2824 2251 3104 2306 Baltasaris
3134 2254 3263 2307 visio
3289 2255 3528 2323 apparuit

1979 2336 2103 2388 mihi
2126 2336 2192 2406 (ε)
2217 2378 2228 2399 ,
2254 2352 2351 2406 ego
2382 2338 2591 2401 Daniel,
2626 2346 2741 2405 post
2771 2353 2885 2391 eam
2921 2355 3036 2407 quae
3062 2341 3190 2395 mihi
3215 2354 3527 2410 apparuerat

1978 2424 2027 2476 in
2060 2425 2327 2492 principio.
2361 2426 2415 2478 2.
2448 2426 2512 2479 Et
2536 2426 2640 2479 vidi
2663 2428 2711 2479 in
2739 2428 2937 2481 visione
2963 2445 2975 2477 :
2998 2438 3050 2481 et
3074 2428 3265 2483 factum
3299 2441 3378 2483 est
3403 2447 3522 2484 cum

1976 2526 2073 2580 ego
2098 2514 2355 2575 viderem,
2386 2522 2438 2567 et
2459 2529 2599 2567 eram
2631 2516 2680 2567 in
2703 2514 2849 2568 Susis
2879 2518 3016 2584 regia
3049 2518 3144 2586 (ά),
3174 2535 3288 2586 qua:
3327 2519 3375 2571 in
3406 2535 3525 2586 pro-

1978 2602 2141 2653 vincia
2183 2602 2455 2656 Elamitide
2480 2604 2579 2656 sita
2603 2612 2699 2657 est.
2732 2604 2795 2657 Et
2822 2604 2923 2657 vidi
2964 2607 3012 2659 in
3043 2607 3239 2660 visione
3258 2648 3271 2669 ,
3299 2620 3352 2660 et
3376 2624 3521 2661 eram

1973 2701 2132 2754 super
2174 2689 2324 2742 Ubal.
2366 2691 2416 2741 5.
2461 2691 2526 2742 Et
2563 2692 2725 2743 levavi
2768 2693 2947 2747 oculos
2982 2709 3146 2759 meos,
3194 2704 3247 2749 et
3295 2698 3394 2749 vidi
3428 2710 3521 2753 :et

1972 2791 2098 2830 ecce
2135 2778 2271 2830 aries
2302 2793 2433 2832 unus
2474 2787 2619 2832 stans
2662 2789 2783 2834 ante
2815 2780 2943 2835 Ubal
2972 2797 2985 2833 :
3021 2791 3075 2836 et
3104 2784 3201 2851 ipsi
3225 2794 3373 2838 erant
3398 2801 3519 2839 cor-

1973 2880 2094 2929 nua,
2131 2874 2183 2918 ct
2211 2880 2408 2920 cornua
2435 2869 2640 2921 excelsa
2670 2887 2683 2922 :
2714 2878 2767 2922 et
2794 2886 2952 2924 unum
2974 2874 3232 2926 excelsius
3262 2875 3443 2938 altero,
3467 2888 3522 2931 et

1971 2954 2227 3007 excelsius
2260 2955 2572 3009 ascendebat
2592 2958 2641 3009 in
2672 2960 2941 3012 extremis.
2971 2963 3022 3014 4.
3054 2961 3118 3013 Et
3155 2962 3258 3016 vidi
3302 2966 3518 3019 arietem

1972 3057 2135 3096 cornu
2178 3054 2440 3111 petentem
2482 3055 2665 3099 contra
2711 3063 2873 3113 mare,
2898 3059 2951 3103 et
2985 3052 3300 3119 aquilonem,
3332 3064 3383 3106 et
3426 3069 3518 3107 au-

1970 3144 2135 3189 strum
2172 3144 2225 3189 ct
2262 3135 2479 3190 africum
2513 3154 2527 3187 :
2557 3145 2609 3191 et
2632 3152 2816 3193 omnes
2840 3139 3020 3195 bestiae
3048 3158 3150 3195 non
3178 3144 3388 3197 stabunt
3427 3160 3515 3198 co-

1969 3240 2080 3278 ram
2120 3241 2185 3280 eo
2219 3244 2231 3278 :
2264 3236 2315 3281 et
2343 3242 2445 3280 non
2473 3238 2586 3282 erat
2624 3230 2709 3298 qui
2749 3242 2954 3285 erueret
2981 3233 3045 3287 de
3072 3249 3226 3287 manu
3266 3236 3379 3303 ejus
3420 3254 3434 3289 :
3464 3247 3518 3291 et

1970 3313 2089 3364 fecit
2109 3314 2391 3366 secundum
2418 3316 2733 3370 voluntatem
2764 3334 2931 3384 suam,
2955 3330 3007 3373 et
3032 3323 3387 3391 magniﬁcatus
3412 3336 3509 3379 est.

1967 3402 2019 3454 5.
2052 3402 2117 3454 Et
2140 3418 2236 3471 ego
2271 3419 2415 3457 eram
2446 3405 2733 3475 intelligens
2765 3418 2854 3463 :et
2887 3425 3008 3464 ecce
3035 3412 3209 3466 hircus
3241 3429 3511 3483 caprarum

1968 3490 2207 3544 veniebat
2235 3491 2300 3544 ab
2325 3491 2487 3545 africo
2514 3508 2669 3562 super
2700 3498 2881 3551 faciem
2923 3501 3078 3553 totius
3108 3511 3259 3557 terra:
3287 3522 3299 3555 :
3328 3516 3378 3558 et
3407 3521 3509 3560 non

1968 3580 2213 3648 tangebat
2254 3590 2445 3636 terram
2492 3600 2505 3634 :
2547 3594 2599 3638 et
2636 3585 2781 3640 hirco
2824 3588 2899 3641 illi
2938 3604 3100 3643 cornu
3143 3594 3422 3659 spectabile
3459 3597 3511 3649 in

1965 3667 2137 3720 medio
2182 3670 2451 3723 oculorum
2497 3672 2628 3740 ejus.
2660 3674 2709 3727 6.
2750 3674 2814 3728 Et
2855 3676 2997 3730 venit
3021 3678 3198 3732 hircus
3244 3696 3407 3750 usque
3445 3683 3511 3736 ad

1964 3755 2183 3809 arietem
2208 3757 2354 3810 illum
2385 3760 2661 3813 habentem
2686 3776 2900 3828 cornua,
2932 3780 3089 3833 quem
3112 3767 3341 3822 videram
3364 3782 3478 3823 stan

1966 3849 2070 3895 tem
2110 3856 2287 3897 coram
2316 3844 2444 3899 Ubal
2473 3864 2484 3898 :
2508 3857 2560 3900 et
2584 3851 2809 3904 cucurrit
2833 3851 2899 3904 ad
2925 3867 3043 3905 eum
3072 3855 3122 3907 in
3149 3855 3223 3908 ira
3254 3855 3510 3913 fortitudi-

1962 3930 2044 3983 nis
2070 3945 2195 3984 suaz.
2227 3933 2275 3984 7.
2302 3933 2366 3986 Et
2394 3936 2496 3988 vidi
2522 3951 2639 3990 eum
2661 3940 2958 4005 pervenisse
2980 3958 3143 4011 usque
3168 3945 3233 3999 ad
3261 3947 3506 4003 arietem:

1962 4028 2015 4072 et
2040 4021 2285 4077 cﬁ‘eratus
2306 4033 2385 4076 est
2406 4026 2455 4076 in
2486 4040 2625 4089 eum,
2654 4030 3009 4099 percussitque
3038 4034 3273 4099 arietem,
3304 4043 3357 4089 et
3377 4052 3506 4090 con-

1962 4108 2105 4161 trivit
2129 4119 2345 4179 utraque
2369 4127 2560 4166 cornua
2593 4116 2741 4181 ejus:
2777 4126 2829 4171 et
2854 4133 2955 4171 non
2989 4130 3101 4174 erat
3140 4123 3299 4176 robur
3332 4126 3505 4189 arieti,

1961 4205 2017 4249 ut
2052 4206 2214 4250 staret
2246 4214 2421 4252 coram
2453 4216 2535 4254 eo.
2571 4202 2635 4253 Et
2672 4203 2885 4272 projecit
2924 4206 3091 4276 ipsum
3122 4210 3173 4263 in
3202 4220 3389 4267 terram
3415 4257 3428 4279 ,
3453 4227 3505 4271 et

1959 4285 2284 4339 conculcavit
2312 4288 2513 4355 ipsum,
2542 4300 2594 4342 et
2624 4305 2725 4345 non
2755 4303 2866 4347 erat
2900 4297 2987 4363 qui
3018 4299 3260 4354 liberaret
3289 4305 3503 4359 arietem

1958 4375 2024 4429 de
2066 4390 2220 4430 manu
2255 4378 2388 4446 ejus.
2426 4379 2478 4433 8.
2507 4380 2573 4435 Et
2611 4381 2789 4437 hircus
2830 4400 3101 4455 caprarum
3148 4392 3503 4459 magniﬁcatus

1959 4476 2039 4519 est
2065 4467 2251 4520 mirum
2276 4467 2327 4520 in
2354 4468 2585 4523 modum.
2616 4472 2814 4525 Etcum
2836 4475 3172 4529 invalesceret
3201 4479 3313 4545 ipse
3333 4521 3346 4543 ,
3376 4497 3501 4535 con-

2240 4576 2439 4649 Christo
2470 4580 2547 4649 hic
2586 4582 2794 4638 dicitur,
2832 4581 2932 4649 ipse
2968 4582 3082 4643 facit
3122 4588 3272 4649 (ποιεῖ
3305 4590 3491 4649 αὐτὸς),

1956 4646 2045 4701 per
2069 4634 2295 4714 ellipsrmj
2315 4640 2674 4714 emphaticam,
2697 4634 2799 4714 qua.
2824 4634 3086 4714 utebantur
3106 4634 3224 4695 olim
3239 4634 3493 4714 Pythago:

1954 4696 2057 4761 rei,
2073 4696 2140 4761 de
2162 4709 2248 4744 suo
2266 4698 2463 4761 doctore
2489 4696 2745 4761 dicentes:
2776 4704 2920 4757 Αὐτὸς
2944 4704 3047 4761 ἔφη.

2018 4754 2085 4831 (ρ)
2102 4755 2423 4831 §upfra~d‘ixlt
2445 4757 2763 4831 tiAlemander
2792 4754 3026 4831 adoravit.
3049 4767 3195 4831 Deum
3233 4770 3492 4831 (προσεκύ-

1952 4815 2174 4886 vinosi-rev
2197 4815 2333 4871 Θεόν)
2350 4852 2373 4883 ,⁸
2394 4820 2631 4886 quomodo
2650 4820 2728 4869 hic
2752 4837 2947 4886 quoque
2982 4828 3077 4886 legi
3114 4815 3314 4876 debere:
3328 4815 3492 4880 nullus

1953 4871 2171 4949 dubito:
2184 4871 2425 4949 nec‘enini
2457 4878 2651 4949 Macedo
2685 4871 3294 4949 templtimiado‘i'ayitis'ed
3314 4871 3488 4949 1336.5",

1952 4943 2249 5009 seu‘n'omen
2273 4940 2724 5009 tetragrammatgn,
2754 4940 2880 5004 quod
2910 4948 2958 4991 in
2986 4940 3173 5009 lamina
3198 4940 3489 5009 insculptum

1947 4992 2164 5058 pontifex
2186 4993 2343 5058 fronte
2369 4992 2603 5057 ge$tabat.
2640 4992 2955 5053 Rem‘narrat
2978 4992 3169 5055 Graecus
3200 4992 3377 5055 inii;
3390 4992 3489 5058 liii

1948 5046 2037 5154 isiq.
2066 5053 2173 5121 .lud.
2203 5053 2285 5103 lib.
2315 5046 2515 5118 iitcap.
2544 5046 2955 5123 animo;"a.3"pa;i
2984 5046 3423 5118 augustius"
3436 5046 3491 5120 Εἰ

1988 5146 1997 5156 .
2026 5111 2365 5172 Hieronymus.

2014 5172 2083 5243 (ε)
2116 5170 2247 5243 Idem
2270 5174 2503 5243 Josephus
2526 5176 2571 5243 iu
2595 5174 2689 5224 ﬁne
2712 5176 2818 5224 libri
2839 5180 3009 5227 decimi
3034 5181 3185 5230 refert
3207 5182 3294 5232 hoc
3321 5186 3469 5233 visum
3484 5226 3497 5243 ,

1952 5230 2037 5296 sed
2062 5229 2473 5296 corifuse,ac,'ut_i
2500 5234 2648 5291 solet,
2674 5249 2832 5296 parum
2854 5248 3089 5288 accurate.
3119 5229 3212 5290 Non
3238 5229 3499 5294 éitié'iéii'.

1955 5267 2037 5300 -VT.
2063 5267 2255 5301 νν---υυιτ
2305 5267 2384 5288 -υ,
2410 5267 2473 5281 uu
2500 5267 2648 5291 ουιυι,
2674 5267 2744 5296 μοι
2758 5267 2832 5283 υιιιι
2854 5267 3089 5288 αυιωαιῠ.
3119 5267 3212 5290 t‘Uu
3238 5267 3373 5294 cura
3396 5267 3499 5293 Πευι

1955 5298 2045 5362 erit
2066 5290 2253 5362 Jos_epbi
2456 5293 2625 5362 legere
2645 5309 2834 5362 quoque
2856 5300 2978 5358 apud
3002 5308 3042 5349 s.
3060 5302 3447 5362 Quysostomum
3471 5306 3500 5351 3

1954 5352 2256 5421 (υυιξεθτφω.
2280 5351 2582 5421 Had-versus
2604 5351 2813 5413 Judaeo's,
2838 5351 2899 5405 ut'
2914 5374 2976 5407 ex
3000 5351 3269 5421 collatione,
3296 5351 3496 5421 mendis,

1952 5409 2078 5474 quod
2101 5409 2221 5474 factu
2247 5409 2489 5470 perfacile,
2515 5409 2815 5474 repurgetur.

2014 5468 2088 5529 (ά)
2124 5469 2175 5516 ln
2399 5484 2432 5519 ιν
2456 5468 2594 5545 regem}
2616 5468 2793 5535 τίβάριι.
2822 5475 2921 5525 Vox
2942 5512 2956 5531 .
2980 5485 3084 5533 mn
3101 5522 3112 5542 ,
3141 5482 3267 5529 unde
3290 5496 3386 5545 μμ
3410 5484 3497 5533 de-

1951 5536 2155 5608 ducitur,
2196 5536 2428 5605 signiﬁcat
2471 5539 2666 5608 plurima
2710 5545 2755 5589 in
2794 5546 3054 5608 scripturis.
3095 5536 3173 5596 hic
3210 5536 3402 5608 autem,
3447 5562 3498 5605 ut

1954 5554 2155 5591 uucttur,
2196 5554 2428 5605 srgntucat
2460 5554 2666 5645 (plurima
2710 5557 2755 5589 tn
2794 5554 3054 5605 scripturis.
3095 5554 3173 5596 Hic
3210 5558 3402 5608 autem,
3447 5562 3498 5605 ut

1954 5598 2999 5681 melius;.fft’iﬁt.-329‘i!;39§eete39
3016 5608 3329 5681 Iliadum
3352 5621 3498 5681 ιιςιυβ

1954 5657 2097 5725 etiam
2120 5648 2281 5725 Nostro
2296 5648 2579 5725 3_adversu_s
2600 5648 2807 5725 Judasos,
2818 5648 3095 5725 rltt—e'tropol-i;
3104 5648 3496 5723 iieiihi'Jm'EiEi:

1956 5722 2030 5762 tur
2054 5716 2156 5765 haec
2179 5720 2307 5763 urbs.
2334 5716 2522 5768 Videsis
2548 5720 2565 5768 l
2588 5722 2738 5771 Bdne
2759 5716 2805 5782 6',
2831 5724 2876 5782 2,
2905 5734 2953 5773 et
2973 5716 3020 5785 2,
3046 5729 3091 5787 1,
3114 5729 3161 5775 1.
