4112 6492
547 460 660 515 235

553 557 731 612 tritum
761 558 841 607 est
861 562 1021 604 cornu
1051 544 1184 598 illius
1215 554 1456 607 magnum
1487 545 1571 590 :et
1598 534 1944 594 ascenderunt
1966 545 2096 599 qua-

561 653 678 698 tuor
706 651 901 695 cornua
941 634 1121 688 subter
1152 628 1299 692 illud,
1331 628 1382 679 in
1409 633 1627 693 quatuor
1665 631 1847 675 ventos
1886 619 2018 672 creti.
2047 616 2104 670 9.

563 733 625 788 Et
668 745 735 784 ex
764 739 867 780 uno
902 735 1083 777 eorum
1105 729 1370 786 egressum
1397 721 1480 766 est
1517 724 1679 763 cornu
1723 721 1880 760 unum
1903 704 2038 758 forte
2065 703 2106 767 ί,

564 829 618 878 ει
647 819 836 872 factum
860 819 941 867 est
963 807 1159 879 grande
1194 804 1368 862 nimis,
1395 801 1457 854 ad
1479 807 1708 853 austrum
1731 836 1744 859 ,
1772 804 1824 849 et
1848 793 1914 846 ad
1935 792 2112 846 orien-

567 919 696 973 tem,
741 912 796 959 et
836 900 903 955 ad
951 895 1292 952 occidentem.
1347 890 1428 944 lO.
1480 889 1544 941 Et
1599 884 1984 954 inagnilicatum
2031 887 2115 933 est

575 968 739 1064 usque
760 991 823 1046 ad
853 989 1094 1043 virtutem
1139 983 1250 1036 caeli
1278 999 1289 1033 :
1315 989 1366 1034 et
1389 976 1579 1045 dejeeit
1616 976 1666 1026 in
1699 984 1888 1026 terram
1914 968 1980 1023 de
2007 968 2115 1021 vir-

579 1056 690 1140 tute
731 1081 866 1144 caeli,
909 1087 962 1132 et
1005 1076 1069 1129 de
1116 1073 1302 1135 stellis,
1333 1079 1385 1123 et
1426 1063 1749 1121 conculcavit
1784 1075 1894 1116 eas.
1925 1059 2010 1112 ll.
2051 1056 2118 1111 Et

575 1186 740 1243 usque
765 1169 830 1223 ad
858 1165 1141 1237 principem
1168 1159 1373 1214 virtutis
1405 1153 1787 1224 magnificatum
1817 1155 1898 1202 est
1921 1146 1993 1217 (a)
2022 1161 2036 1196 :
2068 1152 2122 1197 et

576 1237 673 1332 per
697 1262 864 1330 ipsum
894 1251 1203 1309 sacrificium
1249 1246 1507 1301 turbatum
1551 1249 1668 1294 est:
1707 1247 1760 1292 et
1802 1237 1992 1289 factum
2017 1240 2117 1296 est,

578 1321 631 1406 ct
660 1321 909 1418 prospere
946 1339 1196 1395 successit
1221 1337 1287 1390 ei.
1320 1333 1404 1387 12.
1434 1332 1497 1386 Et
1529 1326 1877 1382 sanctuarium
1911 1321 2120 1376 desola-

580 1414 718 1494 bitur
747 1454 759 1488 :
784 1414 834 1490 et
860 1433 1038 1486 datum
1077 1440 1157 1481 est
1197 1439 1352 1492 super
1394 1418 1700 1473 sacriticium
1747 1420 2046 1483 peccatum,
2072 1414 2125 1461 et

584 1526 811 1598 projecta
858 1530 938 1577 est
976 1518 1114 1573 humi
1149 1515 1366 1584 justitia.
1398 1512 1462 1563 Et
1500 1508 1654 1569 fecit,
1694 1513 1748 1559 et
1792 1514 2040 1572 prospere
2076 1497 2125 1551 ei

585 1587 696 1670 fuit:
730 1614 816 1667 l3.
841 1611 905 1664 Et
930 1608 1099 1661 audivi
1125 1618 1282 1658 unum
1312 1610 1544 1653 sanctum
1569 1597 1863 1665 loquentem
1889 1607 1901 1642 :
1926 1597 1978 1642 et
1996 1587 2128 1642 dixit

587 1717 718 1759 unus
761 1708 970 1754 sanctus
1013 1691 1277 1748 Pheltnoni
1327 1685 1557 1755 loquenti
1611 1701 1624 1736 :
1674 1682 1955 1750 Usquequo
1998 1676 2129 1730 visio

585 1793 762 1855 stabit,
799 1799 852 1842 et
877 1783 1188 1840 sacrificium
1228 1779 1478 1838 ablatum,
1519 1784 1570 1828 et
1616 1779 1884 1841 peccatum
1925 1764 2132 1820 desola-

589 1854 966 1938 tionisrdatum,
1013 1882 1066 1928 et
1102 1879 1358 1933 sanctum,
1399 1875 1453 1920 et
1505 1865 1668 1917 virtus
1712 1854 2131 1914 conculcabitur?

591 1971 675 2024 M.
713 1969 775 2021 Et
812 1966 945 2019 dixit
980 1963 1026 2016 ei
1059 1983 1071 2016 :
1103 1960 1279 2027 Usque
1320 1957 1384 2010 ad
1429 1966 1696 2019 vesperam
1740 1959 1791 2002 et
1830 1961 1984 2001 mane
2021 1943 2135 1996 dies

592 2059 670 2112 his
711 2056 851 2110 mille
894 2068 953 2107 ac
1000 2048 1253 2110 trecenti,
1296 2055 1350 2100 et
1391 2041 1723 2096 mundabitur
1763 2034 2132 2090 sanctuarium.

593 2147 678 2200 15.
707 2145 770 2198 Ει
793 2144 983 2196 factum
1014 2147 1094 2194 est
1117 2137 1238 2191 dum
1274 2133 1502 2188 viderem
1530 2143 1627 2198 ego
1651 2124 1829 2180 Daniel
1859 2121 2134 2184 visionem,

595 2245 646 2288 et
672 2244 963 2303 qurererem
1004 2223 1416 2294 intelligentiam.
1451 2220 1516 2273 Et
1564 2232 1687 2272 ecce
1726 2214 1872 2268 stetit
1917 2213 1968 2265 in
2009 2225 2138 2264 con-

597 2298 776 2392 spectu
810 2333 947 2372 meo.
981 2317 1045 2370 Et
1080 2316 1210 2366 visio
1234 2312 1328 2364 viri
1360 2311 1495 2362 inter
1525 2305 1674 2360 Ubal.
1705 2303 1789 2358 16.
1821 2301 1887 2354 Ει
1914 2298 2138 2363 vocavit,

598 2387 650 2467 ct
675 2411 802 2464 dixit
830 2427 841 2462 :
870 2405 1079 2462 Gabriel
1103 2446 1117 2468 ,
1150 2407 1227 2456 fac
1256 2403 1408 2455 istum
1437 2397 1725 2464 intelligere
1749 2393 2019 2445 visionem.
2051 2387 2137 2441 17.

600 2502 664 2555 Ει
693 2501 848 2560 venit,
874 2506 926 2550 et
950 2495 1092 2548 Stetit
1117 2493 1260 2560 juxta
1296 2489 1571 2542 stationem
1602 2498 1790 2538 meam.
1823 2480 2031 2534 Etcum
2058 2475 2146 2530 ille

602 2590 817 2650 veniret,
864 2585 1076 2639 territus
1114 2595 1260 2643 sum,
1289 2587 1342 2631 et
1378 2575 1509 2630 cado
1548 2574 1599 2626 in
1642 2571 1824 2626 faciem
1863 2581 2055 2622 meam.
2084 2565 2146 2620 Et

603 2679 732 2732 dixit
771 2675 833 2730 ad
858 2690 942 2728 me
973 2690 988 2730 :
1018 2671 1268 2739 Intelligo,
1302 2666 1377 2720 fili
1405 2663 1663 2726 hominis;
1711 2661 1882 2714 adhuc
1912 2658 2052 2711 enim
2096 2656 2148 2708 in

604 2766 852 2834 temporis
896 2765 1050 2816 tinem
1093 2760 1242 2812 visio.
1287 2756 1372 2809 18.
1415 2755 1646 2820 Cumque
1693 2750 1991 2816 loqueretur
2039 2745 2151 2811 ipse

604 2833 828 2916 mecum,
857 2851 986 2906 cado
1015 2852 1063 2904 in
1097 2848 1278 2902 facient
1318 2858 1485 2898 meam
1513 2855 1668 2908 super
1694 2847 1885 2892 terram
1915 2853 1928 2888 :
1959 2843 2011 2887 et
2035 2833 2153 2886 teti-

609 2946 684 3012 git
713 2957 814 3003 mc,
842 2949 894 2993 et
918 2938 1097 2992 statuit
1121 2950 1205 2988 mc
1226 2949 1382 3000 super
1409 2930 1567 2999 pedes
1591 2941 1756 2981 meos.
1783 2925 1865 2979 19.
1899 2924 1962 2976 Ει
1987 2922 2150 2975 dixit:

610 3036 745 3089 Ecce
785 3045 880 3098 ego
910 3027 1080 3082 indico
1123 3025 1213 3078 tibi
1253 3038 1365 3090 quae
1402 3021 1571 3072 futura
1610 3027 1732 3069 sunt
1769 3017 1822 3068 in
1861 3012 2156 3066 novissimis

612 3125 704 3178 ira:
733 3139 745 3174 :
778 3120 947 3174 adhuc
971 3117 1108 3169 enim
1138 3114 1190 3167 in
1223 3111 1471 3179 temporis
1504 3107 1680 3160 finem.
1708 3104 1796 3157 20.
1827 3103 1975 3156 Aries
2001 3114 2155 3170 quem

615 3212 810 3277 vidisti,
838 3209 924 3278 qui
966 3205 1188 3260 habebat
1217 3215 1410 3256 cornua
1433 3241 1445 3262 ,
1477 3213 1566 3251 rex
1599 3195 1866 3248 Medorum
1896 3202 1973 3246 est
2004 3200 2160 3258 atque

617 3304 912 3357 Persarum.
940 3296 1034 3349 21.
1066 3294 1130 3348 Ει
1158 3294 1330 3346 hircus
1353 3302 1626 3357 caprarum
1647 3325 1661 3348 ,
1705 3300 1794 3337 rex
1837 3282 2157 3336 Graacorum.

619 3390 683 3443 Et
709 3403 867 3443 cornu
903 3397 1165 3450 magnum,
1193 3379 1325 3446 quod
1362 3386 1472 3428 erat
1507 3377 1642 3426 inter
1679 3373 1856 3425 oculos
1886 3371 2020 3438 ejus,
2053 3369 2164 3435 ipse

625 3487 704 3532 est
729 3492 818 3529 rex
843 3475 1057 3542 primus.
1097 3469 1184 3521 22.
1221 3469 1283 3520 Ει
1303 3466 1436 3534 quod
1465 3464 1743 3516 contritum
1775 3468 1883 3522 est,
1913 3468 1966 3512 ct
1993 3471 2169 3511 surre-

625 3572 812 3619 xerunt
855 3569 1075 3629 quatuor
1109 3570 1303 3610 cornua
1329 3553 1506 3607 subter
1543 3551 1740 3617 ipsum;
1772 3556 1993 3615 quatuor
2018 3557 2169 3612 reges

625 3659 942 3720 consurgent
967 3648 1032 3700 de
1059 3655 1211 3715 gente
1237 3645 1369 3712 ejus,
1394 3651 1445 3696 et
1473 3656 1573 3692 non
1597 3641 1648 3692 in
1680 3637 1980 3691 fortitudine
2007 3634 2166 3688 illius.

629 3743 719 3797 25.
751 3742 819 3795 Et
839 3742 888 3792 in
919 3737 1166 3791 extremis
1194 3733 1336 3801 regni
1364 3733 1590 3798 ipsorum
1608 3769 1622 3792 ,
1651 3725 1922 3794 completis
1945 3723 2172 3795 peccatis

627 3845 829 3890 eorum,
857 3832 1134 3891 consurget
1160 3836 1250 3874 rex
1289 3818 1560 3886 impudens
1587 3815 1739 3881 facie,
1779 3823 1832 3868 et
1878 3812 2173 3880 intelligens

632 3917 970 3986 problemata.
1001 3911 1090 3962 21.
1124 3910 1186 3961 Ει
1215 3908 1423 3960 robusta
1464 3903 1710 3957 fortitudo
1745 3902 1858 3969 ejus
1878 3941 1891 3964 ,
1915 3909 1969 3954 et
1995 3914 2096 3952 non
2121 3899 2174 3953 in

633 4005 826 4058 viribus
868 4000 1018 4054 suis:
1053 4006 1104 4050 et
1143 3994 1448 4049 mirabiliter
1490 3998 1784 4060 pervertet,
1823 3999 1876 4043 et
1922 3988 2095 4051 faciet,
2124 3995 2177 4040 et

632 4100 929 4160 corrumpet
955 4089 1133 4152 fortes,
1166 4095 1218 4140 et
1239 4084 1480 4154 populum
1506 4089 1763 4134 sanctum.
1791 4078 1884 4132 25.
1915 4076 1981 4129 Ει
1995 4076 2174 4145 jugum

635 4195 830 4240 calente
850 4181 964 4248 ejus
983 4179 1250 4246 dirigetur.
1278 4175 1434 4228 Dolus
1461 4174 1510 4225 in
1538 4186 1692 4225 manu
1715 4169 1848 4238 ejus,
1873 4177 1925 4222 et
1946 4167 1997 4220 in
2018 4165 2180 4220 corde

636 4287 730 4327 suo
755 4267 1180 4338 magnificabitur,
1204 4273 1257 4318 et
1281 4263 1400 4316 dolo
1421 4262 1656 4315 destruet
1678 4259 1890 4322 multos,
1913 4265 1967 4311 et
1986 4255 2036 4309 in
2064 4270 2182 4324 per-

638 4363 834 4417 ditione
864 4358 1146 4412 multorum
1166 4353 1342 4418 stabit,
1366 4362 1419 4406 et
1444 4351 1591 4419 quasi
1622 4349 1792 4402 ovain
1824 4362 1978 4400 manu
1999 4355 2180 4399 conte-

638 4461 719 4506 ret
742 4463 851 4504 eos.
891 4449 978 4502 26.
1012 4447 1077 4499 Ει
1101 4445 1232 4498 visio
1255 4440 1535 4509 vespertini
1573 4453 1635 4491 ac
1673 4435 1910 4490 matutini
1933 4434 2181 4502 temporis

640 4537 923 4608 supradicti
970 4547 1091 4587 vera
1132 4540 1234 4586 est.
1267 4529 1334 4582 Et
1377 4538 1429 4580 tu
1465 4527 1612 4594 signa
1650 4523 1904 4577 visionem
1928 4561 1944 4585 ,
1985 4522 2104 4588 quia
2130 4521 2180 4573 in

640 4631 752 4685 dies
781 4628 972 4681 multos
1000 4623 1118 4678 erit.
1163 4640 1180 4673 ι
1211 4619 1276 4672 Ει
1303 4619 1446 4680 dixit,
1471 4615 1655 4684 inquit,
1690 4613 1780 4665 Illi
1813 4613 2045 4665 visionem
2071 4625 2181 4661 uta-

639 4720 838 4786 nifesta,
887 4713 1104 4767 Gabriel.
1140 4710 1330 4777 Aspice
1366 4707 1510 4774 jussa
1554 4703 1856 4771 angelorum
1887 4710 1939 4753 et
1964 4698 2185 4752 archan—

639 4810 894 4879 gelorum.
920 4803 1154 4868 Majorne
1190 4809 1270 4852 est
1300 4806 1529 4864 potestas
1556 4793 1693 4846 alia?
1719 4791 1785 4844 Et
1815 4792 1962 4853 venit,
1993 4789 2182 4856 inquit,

640 4876 684 4953 et
714 4896 906 4949 territus
932 4906 1058 4944 sum.
1087 4887 1149 4940 Et
1175 4888 1300 4938 stetit
1315 4886 1466 4951 juxta
1493 4883 1747 4934 stationem
1776 4895 1956 4932 meam.
1983 4876 2049 4929 Et
2076 4891 2187 4928 cum

639 4989 725 5042 ille
748 4985 948 5044 veniret,
995 4978 1187 5031 territus
1218 4990 1347 5027 sunt.
1378 4971 1597 5025 Ubinam
1641 4971 1797 5037 igitur
1820 4977 1942 5023 sunt
1975 4966 2061 5034 qui
2090 4980 2187 5018 an-

643 5077 789 5144 gelos
825 5067 1110 5125 maledictis
1152 5059 1571 5132 prosequuntur?
1609 5057 1725 5110 Non
1769 5072 1796 5108 a
1825 5058 1997 5123 scipso
2034 5055 2188 5124 quid-

643 5177 799 5232 quam
844 5161 963 5212 fccit
1004 5157 1156 5210 Deus.
1195 5151 1352 5205 Vides
1378 5157 1429 5202 et
1466 5148 1578 5200 illos
1626 5147 1676 5198 in
1721 5145 1934 5198 ordines
1976 5145 2187 5208 multos,

644 5251 839 5305 formas
861 5288 874 5312 ,
905 5259 968 5297 ac
1004 5242 1382 5310 descriptiones
1424 5251 1541 5291 esse
1584 5234 1901 5303 dispositos?
1943 5233 1996 5285 ln
2024 5233 2190 5301 prima

711 5411 725 5439 ¹
759 5404 950 5453 Veritas
980 5401 1210 5447 Hebraica
1245 5392 1714 5456 postularevidetur
1749 5395 1803 5437 ut
1843 5389 2062 5456 legatur,
2099 5397 2190 5456 non

650 5447 954 5534 ιοηεεξιζὶίέόῐ,
967 5473 1123 5534 1mm.
1143 5447 1266 5534 to"?
1278 5458 1304 5534 .(
1324 5456 1410 5534 Gr;
1421 5453 1705 5534 ἐχίσγιυρὲζν
1730 5463 1844 5534 itm»
1877 5447 1925 5534 3‘“
1951 5447 2188 5534 ίίξϊβδζὶς

716 5474 946 5574 "8,1fl‘0,
972 5473 1116 5510 unum
1143 5464 1266 5519 torte
1292 5464 1403 5513 (Ur.
1435 5464 1705 5513 ἀνισχυρον,
1728 5464 1816 5556 ἓ)νο
1833 5485 1844 5505 ,
1880 5465 1925 5495 εν
1952 5464 2139 5506 ισχυρον
2156 5464 2188 5500 i.

716 5528 786 5587 (α)
853 5538 921 5589 se
942 5524 1147 5589 (Grece,
1168 5514 1740 5589 resumerem.
1753 5505 2191 5589 Praestitit???

654 5566 1114 5637 non—ibaben‘turin
1166 5566 1390 5625 Editione
1419 5566 1624 5638 'v'ulgata
1672 5566 2068 5638 Theo-(lotionlsp
2085 5577 2194 5638 qua

653 5625 1304 5703 adductos—Theodoreto,
1327 5629 1480 5692 magis
1505 5625 1667 5678 a'utem
1698 5641 1757 5676 ex
1779 5627 2004 5683 Hebraeo,
2025 5625 2196 5672 viden-

660 5715 736 5756 tur
769 5702 1054 5764 adjicienda.

1303 429 1358 483 S.
1399 427 1670 482 JOANNIS
1705 418 2162 481 CIIRYSOSTOMI
2201 414 2509 470 ARCIllEP.
2550 406 3070 466 CONSTANTINOP.

3655 407 3772 461 236

2211 524 2433 587 visione,
2476 522 2688 583 Accessi,
2732 519 2914 586 inquit.
2957 527 3000 568 et
3043 515 3340 585 interrogavi
3374 511 3530 580 (Dan.
3563 512 3614 565 7.
3652 511 3766 576 16).

2215 613 2307 665 11ἰε
2334 626 2436 664 non
2472 611 2617 664 item.
2649 607 2716 660 Et
2743 607 2908 660 audivi
2934 621 3085 657 unum
3109 612 3334 658 sanctum
3370 601 3663 670 loquentem.
3699 596 3768 650 Et

2214 701 2344 754 alius
2367 696 2703 765 interrogavit
2735 712 2748 747 :
2778 709 2870 748 seu
2901 695 3172 762 ignorans,
3200 699 3259 744 ut
3301 689 3478 744 Daniel
3516 688 3769 742 disceret.

2219 787 2281 840 Et
2308 786 2576 854 respondit,
2621 784 2803 851 inquit.
2840 781 2905 834 Et
2930 783 2982 834 in
3011 780 3286 833 novissimis
3324 778 3480 846 regni,
3511 774 3773 842 completis

2219 878 2427 945 peccatis
2447 891 2635 936 eorum,
2665 882 2930 941 consurget
2966 887 3054 923 rea:
3082 871 3342 938 impudens
3364 868 3509 937 facie.
3540 865 3673 920 Vide
3709 872 3774 917 ιιι

2219 965 2415 1020 ,Ιιιιιωίε
2441 962 2716 1026 ostendat,
2761 962 2901 1029 ipsos
2927 975 3046 1013 esse
3082 967 3323 1011 auctores
3369 955 3587 1009 istarum
3625 954 3772 1008 calaa

2221 1054 2479 1107 mitatum.
2507 1050 2629 1104 Ideo
2652 1058 2828 1102 autem
2859 1063 2962 1101 non
3001 1047 3244 1115 patefecit
3268 1056 3538 1099 sermones
3558 1082 3575 1109 ,
3602 1058 3670 1097 ne
3699 1041 3774 1095 illi

2222 1143 2288 1197 de
2317 1142 2567 1196 industria
2598 1142 2648 1192 in
2685 1140 2876 1192 malitia
2904 1152 2996 1191 sua
3034 1152 3096 1190 ac
3127 1136 3328 1206 ignavia
3363 1142 3660 1204 perstarent
3687 1150 3702 1188 :
3728 1132 3776 1187 si

2223 1235 2384 1295 enim,
2410 1247 2528 1285 cum
2559 1232 2682 1284 nihil
2708 1230 2894 1283 horum
2923 1229 3115 1282 dictum
3145 1229 3318 1292 fuerit,
3351 1237 3521 1280 tamen
3548 1225 3620 1278 illi
3647 1239 3778 1292 per-

2225 1329 2528 1375 manserunt
2553 1337 2564 1371 :
2585 1319 2747 1372 multo
2771 1319 2933 1387 magis
2957 1318 3000 1370 si
3029 1332 3087 1370 ca
3104 1315 3430 1370 manifestata
3453 1314 3698 1374 fuissent;
3721 1318 3780 1364 et

2227 1420 2282 1463 ut
2308 1410 2566 1477 intelligas
2605 1408 2856 1476 Spiritum
2900 1407 3089 1474 ubique
3133 1406 3235 1458 vim
3275 1405 3491 1469 habere,
3520 1413 3573 1455 et
3617 1402 3779 1454 Deum

2228 1500 2401 1553 omnia
2428 1497 2735 1567 pmvidere,
2779 1506 2832 1550 et
2871 1511 2988 1549 cum
3027 1496 3185 1548 sciret
3211 1493 3421 1548 Iudaeos
3447 1502 3780 1564 peccaturos.

2231 1598 2402 1644 tamen
2451 1603 2544 1643 eos
2586 1588 2635 1641 in
2678 1589 2894 1658 patriam
2943 1587 3228 1640 reduxisse.
3279 1585 3344 1639 Et
3382 1584 3522 1649 vide,
3573 1583 3692 1652 quia
3737 1581 3786 1635 si

2233 1680 2450 1734 dixisset
2476 1693 2672 1741 annos,
2705 1678 2966 1731 modicum
3000 1686 3202 1745 tempus
3231 1677 3396 1728 visum
3427 1675 3600 1727 fuisset
3623 1715 3636 1735 ,
3666 1673 3788 1726 ideo

2233 1773 2284 1825 in
2317 1770 2517 1824 dierum
2545 1783 2817 1822 numerum
2859 1768 3092 1832 resolvit,
3124 1776 3181 1820 ut
3202 1766 3527 1819 multitudine
3566 1773 3789 1827 terreat,

2235 1877 2340 1914 non
2371 1861 2482 1914 dies
2506 1869 2722 1919 tantum,
2753 1859 2842 1912 sed
2867 1869 2917 1912 et
2939 1867 3118 1912 noctes
3145 1857 3487 1910 numerando.
3515 1857 3578 1909 Et
3601 1857 3793 1908 immo-

2238 1959 2384 2002 ratur
2415 1949 2620 2015 tragica:
2649 1946 2967 2008 calamitati,
2996 1961 3111 2014 qum
3143 1961 3237 2012 per
3261 1945 3575 1999 Antiochum
3616 1945 3792 1997 conti-

2239 2039 2343 2106 git;
2389 2047 2448 2090 ut
2491 2037 2571 2090 vel
2612 2037 2687 2088 sic
2725 2045 2978 2089 terrorem
3023 2035 3256 2088 incutiat.
3291 2033 3356 2087 Ut
3391 2051 3487 2087 non
3532 2035 3583 2086 in
3609 2033 3796 2085 viribus

2241 2127 2360 2179 suis.
2392 2124 2443 2178 ld
2472 2133 2571 2188 est,
2601 2132 2804 2192 poterat
2839 2124 2975 2177 Deus
2997 2124 3140 2176 illum
3180 2122 3467 2190 reprimere
3497 2139 3508 2174 :
3538 2122 3628 2175 sed
3670 2136 3796 2190 per-

2243 2215 2383 2266 misit
2413 2213 2480 2265 ob
2507 2223 2718 2280 peccata
2739 2251 2753 2276 ,
2783 2220 2836 2265 ct
2861 2227 2963 2264 non
3003 2227 3182 2266 eorum
3209 2212 3295 2280 qui
3336 2211 3641 2278 simpliciter
3669 2224 3796 2276 pec-

2244 2314 2470 2367 cassent,
2504 2304 2595 2356 sed
2635 2313 2906 2371 postquam
2947 2303 3206 2371 completa
3227 2311 3348 2355 sunt
3373 2310 3603 2369 peccata.
3634 2299 3800 2368 Igitur

2246 2394 2557 2447 delictorum
2594 2393 2765 2460 aliqua
2796 2406 3037 2445 mensura
3084 2392 3201 2445 est?
3240 2390 3479 2443 Nondum
3515 2391 3676 2453 enim,
3719 2389 3804 2440 in-

2247 2483 2375 2550 quit,
2408 2482 2649 2550 completa
2679 2489 2816 2532 erant
2854 2489 3054 2547 peccata
3093 2479 3494 2532 Amorrltazorum
3533 2476 3679 2547 (Gen.
3710 2477 3801 2531 15.

2253 2575 2358 2643 16).
2388 2574 2452 2626 Ει
2480 2572 2712 2636 adverte,
2745 2570 2972 2623 nondum
3016 2570 3188 2637 itaque
3221 2569 3546 2631 incendium,
3571 2567 3660 2620 sed
3692 2581 3804 2620 ca:-

2251 2665 2392 2719 dium
2416 2662 2729 2717 occislones.
2751 2660 2878 2713 Nam
2901 2674 3018 2714 cum
3047 2659 3253 2727 quidam
3283 2658 3439 2711 futuri
3462 2667 3634 2710 essent
3656 2655 3802 2717 boni,

2253 2764 2306 2808 et
2334 2754 2565 2822 patribus
2613 2750 3033 2818 prarstantinres,
3064 2748 3314 2815 supplicia
3359 2759 3565 2814 quoque
3603 2746 3808 2796 minora

2258 2843 2422 2896 fuere.
2465 2842 2586 2894 ll;cc
2623 2848 2795 2892 autem
2833 2838 3108 2900 dicuntur,
3150 2851 3214 2889 ne
3251 2835 3501 2896 victoriis,
3537 2847 3666 2902 quas
3709 2831 3812 2884 Sub

2257 2931 2575 2983 Zurobabele
2614 2926 2926 2995 reportaturi
2979 2933 3145 2986 erant,
3198 2923 3344 2987 elati,
3384 2936 3571 2990 segnes
3599 2921 3808 2972 fierent.

2261 3021 2323 3071 Et
2352 3018 2468 3070 vide
2516 3027 2572 3069 ut
2608 3014 2878 3082 Splendida
2924 3013 3162 3081 quaedam
3209 3026 3311 3064 non
3359 3017 3514 3078 ponat
3542 3008 3655 3068 hic,
3689 3015 3814 3073 post

2262 3110 2346 3161 illa
2369 3122 2485 3175 qua:
2512 3105 2573 3157 ad
2603 3104 2917 3157 Antiochum
2946 3102 3225 3168 pertinent,
3255 3098 3346 3153 sed
3372 3099 3637 3152 dumtaxat
3668 3095 3818 3147 Solu-

2265 3197 2456 3250 tionetn
2507 3211 2534 3247 a
2593 3192 3014 3254 calamitatibus,
3058 3199 3110 3244 et
3165 3201 3366 3258 tempus
3404 3188 3539 3256 quod
3589 3187 3820 3240 obtinuit

2265 3285 2418 3338 dicat.
2464 3283 2596 3350 Quid
2640 3281 2830 3350 igitur?
2873 3281 3094 3347 hujnsne
3141 3278 3392 3345 temporis
3430 3292 3532 3330 non
3575 3276 3822 3344 prasdixit

2266 3373 2650 3440 captivitatem?
2677 3373 2813 3426 Sane
2835 3371 3091 3439 praedixit,
3117 3369 3210 3422 sed
3233 3368 3378 3423 valde
3402 3368 3641 3421 obscure.
3673 3365 3824 3419 Ideo-

2267 3479 2367 3531 que
2394 3463 2628 3516 Christus
2668 3462 2739 3512 ait
2779 3479 2790 3512 :
2828 3461 2950 3512 Cum
2977 3460 3195 3511 videritis
3233 3458 3641 3510 abominationem
3669 3455 3822 3506 deso-

2271 3549 2489 3612 lationis,
2527 3549 2610 3613 qui
2649 3548 2764 3614 legit
2805 3547 3046 3613 intelligat
3075 3544 3279 3615 (Matth.
3315 3545 3401 3596 24.
3436 3542 3545 3610 15).
3575 3541 3822 3602 Venicnt,

2271 3640 2467 3707 inquit,
2501 3638 2646 3707 quasi
2693 3637 2803 3704 ipse
2846 3651 2947 3689 non
2991 3635 3301 3688 vaticinatus
3346 3633 3548 3686 fuisset.
3593 3631 3653 3684 Et
3683 3647 3824 3683 non-

2275 3730 2400 3784 nulli
2427 3727 2637 3797 quidem
2663 3725 2877 3790 dicunt,
2907 3725 3092 3778 merito
3120 3724 3214 3776 ista
3240 3738 3343 3775 non
3373 3736 3490 3775 esse
3521 3719 3769 3788 prmdicta
3810 3734 3825 3770 :

2276 3818 2519 3886 quoniam
2560 3818 2673 3869 haec
2710 3814 2980 3882 captivitas
3023 3820 3226 3879 tempus
3264 3825 3324 3864 ac
3350 3811 3502 3862 linem
3544 3817 3831 3874 acceptura

2279 3923 2380 3962 non
2421 3913 2554 3960 erat.
2586 3903 2726 3957 Dabo
2751 3903 2882 3956 enim
2903 3943 2916 3966 ,
2949 3901 3147 3968 inquit,
3180 3910 3224 3951 et
3254 3899 3500 3967 improbos
3533 3912 3621 3964 pro
3653 3895 3831 3963 sep-tv

2279 4009 2390 4050 tura
2415 3998 2540 4065 ejus,
2566 4003 2610 4047 et
2635 3994 2808 4046 divites
2826 4008 2916 4059 pro
2939 4001 3093 4043 morte
3115 3992 3240 4056 ejus.
3264 3989 3326 4041 Et
3351 4001 3401 4040 tu
3428 3994 3568 4057 signa
3591 3987 3834 4038 visionem

2281 4089 2407 4139 hanc
2428 4126 2442 4150 ,
2481 4085 2597 4151 quia
2639 4083 2690 4134 in
2732 4082 2835 4134 dies
2864 4080 3042 4132 multos
3069 4080 3158 4132 erit
3188 4077 3340 4147 (Isai.
3370 4079 3454 4132 53.
3486 4076 3560 4144 9).
3590 4074 3698 4128 Hoc
3721 4083 3835 4138 eat,

2279 4173 2508 4235 Custodi,
2544 4184 2815 4230 conserva,
2847 4184 2911 4222 ne
2933 4166 3275 4221 diuturnitate
3306 4164 3554 4233 temporis
3587 4176 3835 4215 corrum-

2284 4273 2453 4333 patur.
2480 4261 2611 4315 Vide
2637 4261 2798 4314 Deum
2827 4258 3018 4324 ubique
3049 4255 3150 4308 illis
3180 4267 3412 4321 parcere.
3439 4247 3837 4303 Descenderunt

2285 4357 2334 4408 in
2365 4352 2665 4421 Egyptum,
2696 4346 2916 4416 improbi
2944 4351 3251 4406 evaserunt;
3283 4357 3383 4394 non
3412 4337 3662 4392 abscessit
3681 4377 3696 4400 ,
3725 4336 3837 4390 du~

2283 4442 2358 4496 xit
2383 4454 2474 4494 eos
2509 4441 2558 4492 in
2603 4439 2890 4490 desertum.
2924 4434 3330 4485 Permanserunt
3370 4430 3420 4481 in
3460 4428 3691 4490 malitia;
3724 4442 3838 4480 non

2285 4531 2504 4590 abstitit,
2538 4525 2821 4579 introduxit
2857 4537 2949 4576 eos
2981 4523 3030 4573 in
3062 4529 3252 4573 terram
3287 4517 3663 4586 promissionis.
3691 4513 3839 4569 Rur-

2286 4633 2374 4672 sus
2400 4619 2513 4670 illos
2538 4615 2738 4669 reduxit
2773 4613 2869 4666 sub
2910 4610 3198 4673 Antiocho;
3231 4609 3401 4662 adhuc
3435 4607 3591 4661 iidem
3622 4619 3841 4659 manse-

2288 4717 2426 4761 runt.
2463 4705 2722 4772 Tempore
2760 4701 2949 4755 Christi
2999 4699 3168 4753 adhuc
3219 4697 3372 4752 iidem
3406 4704 3499 4750 :et
3549 4707 3715 4763 neque
3758 4694 3845 4748 sic

2289 4796 2561 4861 abscessit,
2593 4793 2684 4847 sed
2713 4806 2922 4860 semper
2950 4805 3129 4843 eorum
3169 4802 3346 4842 curam
3375 4787 3527 4856 gerit.
3559 4785 3624 4838 Et
3648 4799 3844 4854 quem-

2291 4887 2568 4941 admodum
2603 4882 2876 4945 naturalia,
2904 4895 3123 4948 quzeque
3167 4894 3196 4932 a
3237 4886 3416 4930 natura
3450 4875 3599 4929 nobis
3636 4875 3842 4940 insunt,

2294 4993 2572 5047 numquam
2616 4973 3000 5033 abscesserint,
3050 4967 3297 5037 quidquid
3343 4967 3590 5020 eveniat:
3622 4964 3690 5017 ita
3741 4978 3848 5018 nec

2297 5069 2463 5129 Deus;
2493 5066 2595 5117 imo
2639 5061 2751 5114 fieri
2793 5057 3002 5126 quidem
3032 5063 3206 5122 potest
3248 5064 3304 5107 ut
3348 5054 3431 5107 illa
3471 5052 3755 5107 deficiant:
3794 5063 3849 5105 at

2295 5155 2385 5207 Dei
2416 5149 2789 5221 providentiam
2819 5159 2880 5198 ac
2908 5156 3085 5197 curam
3115 5142 3365 5196 recedere
3387 5141 3709 5210 impossibile
3734 5150 3844 5192 est.

2302 5244 2434 5295 Nam
2459 5241 2521 5306 si,
2551 5237 2732 5305 inquit,
2763 5244 2808 5287 et
2832 5233 2985 5286 oblita
3014 5234 3161 5301 fuerit
3202 5233 3378 5285 mulier
3411 5231 3626 5284 misereri
3650 5229 3849 5295 fetuum

2297 5333 2420 5385 uteri
2446 5331 2542 5391 sui,
2563 5327 2650 5380 sed
2673 5340 2759 5394 ego
2788 5339 2886 5375 non
2916 5321 3175 5374 obliviscar
3197 5322 3269 5374 tui
3297 5320 3444 5391 (lsai.
3472 5319 3558 5373 49.
3593 5318 3698 5387 l5).
3728 5315 3848 5368 Sic-

2299 5432 2355 5476 ut
2381 5421 2518 5474 enim
2550 5424 2712 5469 mater
2751 5427 2852 5465 non
2905 5413 3120 5479 respicit
3145 5410 3210 5464 ad
3259 5411 3541 5463 liberorum
3571 5407 3847 5471 virtutem,

2299 5511 2388 5565 sed
2418 5517 2613 5560 natura:
2643 5503 2807 5569 legem
2835 5499 3016 5568 implet
3045 5517 3056 5552 :
3092 5501 3182 5563 ita,
3211 5507 3265 5554 et
3289 5497 3450 5551 multo
3476 5495 3658 5564 magis,
3701 5492 3851 5548 Deus

2301 5613 2506 5665 semper
2554 5609 2729 5649 curam
2759 5592 2909 5659 gerit,
2943 5606 3040 5646 nec
3087 5605 3331 5659 umquam
3373 5588 3605 5650 destitit;
3635 5600 3854 5653 semper

2302 5687 2537 5742 eamdem
2570 5695 2868 5735 mensuram
2899 5680 3129 5734 exhibet.
3161 5679 3247 5730 27.
3277 5679 3339 5730 Et
3366 5693 3453 5746 ego
3478 5673 3659 5728 Daniel
3694 5674 3857 5729 decu-
