4066 6506
248 431 348 487 235

247 531 508 601 οὐρανοῦ.
539 530 644 585 Kal
673 529 741 582 ἐκ
767 529 873 583 τοῦ
901 527 1032 593 ἐνὸς
1056 527 1249 581 αὐτῶν
1277 523 1490 592 ἐξῆλθε
1512 523 1684 590 κέρας
1709 523 1776 576 ἓν

249 614 509 682 ἰσχυρὸν,
533 611 628 664 καί
656 610 1019 677 ἐμεγαλύνθη
1054 605 1349 673 περισσῶς
1381 604 1526 671 πρὸς
1553 602 1658 657 τὸν
1681 604 1780 656 νό-

249 712 362 757 τον,
394 694 494 746 καί
537 692 682 758 πρὸς
719 689 1037 754 ἀνατολὴν,
1066 689 1160 741 καί
1195 685 1344 758 [215]
1373 686 1516 752 πρὸς
1543 685 1656 749 τὴν
1684 685 1784 738 δύ-

246 791 343 825 σιν
354 786 402 824 ι.
434 772 541 826 Kal
569 771 934 839 ἐμεγαλύνθη
963 768 1069 834 ἕως
1094 767 1201 834 τῆς
1228 766 1526 833 δυνάμεως
1556 765 1660 817 τοῦ
1685 766 1783 818 οὐ·

242 852 419 920 ρανοῦ
433 865 450 881 ⁸
478 852 578 903 καί
598 852 813 904 έπεσεν
830 850 925 901 ἐπὶ
951 848 1061 914 τὴν
1088 846 1200 916 γῆν
1218 848 1334 900 ἀπὸ
1360 846 1466 914 τῆς
1485 845 1783 912 δυνάμεως

249 935 344 988 τοῦ
362 933 638 1000 οὐρανοῦ,
672 932 767 985 καί
795 933 908 984 ἀπὸ
938 931 1052 982 τῶν
1088 929 1368 996 ἀστέρων,
1392 931 1484 982 καί
1520 927 1782 982 συνεπά-

248 1032 427 1080 τησεν
459 1015 698 1079 αὐτούς.
728 1011 835 1064 Kal
879 1011 985 1076 ἕως
1014 1011 1298 1078 ἄρχοντος
1338 1010 1446 1076 τῆς
1486 1007 1784 1076 δυνάμεως

249 1095 534 1161 ὴδρύνθη·
591 1094 686 1146 καί
737 1092 808 1144 δι’
832 1093 1013 1145 αὐτὸν
1069 1092 1247 1146 θυσία
1298 1089 1586 1157 ἐταράχθη
1615 1128 1628 1149 .
1684 1089 1780 1141 καί

246 1177 522 1244 ἐγενήθη,
568 1176 666 1228 καί
721 1173 1094 1240 κατευωδώθη
1141 1170 1317 1236 αὐτῷ.
1358 1173 1462 1224 Kal
1507 1170 1571 1224 τὸ
1619 1170 1785 1237 ἅγιον

247 1255 705 1322 ἐρημωθήσεται·
754 1254 851 1307 καὶ
891 1253 1063 1319 ἐδόθη
1092 1253 1189 1306 ἐπὶ
1215 1253 1328 1319 τὴν
1364 1253 1580 1308 θυσίαν
1609 1253 1787 1319 ἁμαρ-

247 1337 355 1400 τία,
375 1336 471 1388 καί
497 1337 699 1404 έρῤίςρη
724 1335 900 1403 χαμαί
924 1335 962 1402 ή
987 1334 1355 1400 δικαιοσύνη.
1387 1334 1494 1388 Καὶ
1516 1334 1782 1400 ἐποίησε,

246 1417 339 1467 καί
369 1416 654 1481 εὐωδώθη.
679 1415 784 1469 Kal
815 1415 1047 1482 ἥκουσα
1074 1415 1207 1480 ἐνὸς
1239 1415 1404 1481 ἁγίου
1432 1414 1781 1478 λαλοῦντος,

247 1501 338 1547 καί
366 1497 536 1549 εἷπεν
564 1491 651 1561 εἰς
679 1497 842 1566 ἅγιος
879 1495 958 1560 τῷ
999 1497 1285 1564 φελμουνί
1303 1498 1329 1536 b
1362 1497 1439 1561 τῷ
1468 1497 1749 1550 λαλοῦντι
1769 1512 1781 1525 ·

247 1573 396 1638 Ἕως
409 1572 552 1626 πότε
565 1574 816 1644 ήόρασις
853 1578 1159 1644 στήσεται,
1203 1578 1297 1631 καί
1327 1578 1363 1644 ή
1393 1579 1572 1633 θυσία
1615 1579 1653 1645 ἡ
1686 1579 1784 1645 ἀρ-

247 1655 429 1719 θεῖσα,
463 1657 558 1708 τιαί
585 1657 623 1723 ἠ
655 1657 901 1725 ἁμαρτία
936 1657 1042 1724 τῆς
1068 1658 1409 1728 ἐρημώσεως
1450 1662 1487 1726 ή
1526 1660 1780 1722 δοθεῖσα,

248 1735 340 1787 καί
389 1736 458 1788 τὸ
506 1736 688 1803 ἅγιον,
723 1738 819 1790 καί
857 1739 894 1803 η
936 1738 1181 1806 δύναμις
1225 1740 1782 1807 συμπατηθήσεται;

251 1816 354 1870 Kal
400 1814 567 1871 εἶπεν
587 1813 769 1879 αὐτῷ·
787 1819 934 1883 Ἐως
965 1820 1219 1886 ἑσπέρας
1267 1820 1363 1872 καί
1401 1822 1547 1887 πρωῒ
1581 1821 1783 1889 ἡμέραι

248 1898 530 1966 δισχίλιαι
556 1898 653 1951 καί
679 1903 1020 1965 τριακόσιαι,
1060 1902 1154 1954 καί
1194 1902 1681 1968 καθαρισθήσεται
1717 1905 1780 1956 τὸ

245 1981 428 2047 ἅγιον.
457 1981 568 2033 Kal
606 1981 835 2048 ἐγένετο
874 1983 942 2035 έν
969 1984 1048 2048 τῷ
1076 1984 1219 2037 ἰδεῖν
1251 2001 1345 2053 με,
1388 1985 1499 2052 ἐγὼ
1542 1985 1778 2052 Δανιὴλ,

247 2061 354 2126 τὴν
380 2061 611 2129 ὅρασιν,
643 2061 823 2128 ζητῶν
865 2064 937 2124 (ί.
971 2067 1061 2116 καὶ
1092 2066 1332 2136 ἐζήτουν)
1378 2067 1646 2120 σύνεσιν.
1675 2067 1781 2122 Kal

249 2142 371 2195 ἰδοὺ
398 2145 547 2208 ἔστη
577 2142 827 2196 ἐνώπιόν
845 2161 980 2213 μου.
1003 2146 1109 2198 Kal
1130 2145 1334 2212 ὅρασις
1358 2146 1415 2207 (ί.
1441 2164 1559 2215 μου,
1583 2146 1655 2209 ὡς
1675 2148 1778 2216 ὄρ.)

242 2221 457 2288 ἀνδρὸς
482 2224 595 2276 ἀνὰ
628 2223 818 2291 μέσον
852 2225 956 2278 τοῦ
989 2226 1202 2279 Οὺϐἁλ.
1242 2227 1346 2280 Kal
1372 2227 1642 2292 ἐκάλεσε,
1685 2231 1781 2282 καί

245 2299 439 2354 εἶπεν·
476 2303 755 2370 Γαϐριὴλ,
786 2306 1102 2359 συνέτισον
1144 2307 1369 2359 ἐκεῖνον
1404 2307 1516 2372 τὴν
1556 2308 1782 2374 ὅρασιν.

246 2383 348 2435 Kal
374 2379 541 2450 ἦλθε,
574 2383 671 2436 καί
692 2383 836 2451 ἔστη
872 2385 1122 2453 ἐχόμενα
1147 2387 1251 2439 τόν
1287 2387 1305 2456 (
1324 2389 1360 2439 ἰ.
1396 2387 1643 2456 ἐχόμενος
1665 2390 1783 2458 τῆς)

243 2462 505 2528 στάσεώς
537 2481 672 2532 μου.
704 2467 810 2518 Kal
855 2467 924 2519 ἐν
958 2469 1036 2531 τῷ
1073 2468 1268 2522 ἐλθεῖν
1307 2470 1508 2533 αὐτὸν,
1542 2471 1785 2538 ἐθαμϐήο

243 2552 368 2610 θην,
409 2546 508 2597 καί
557 2547 746 2598 πίπτω
802 2548 895 2599 έπί
947 2551 1266 2615 πρόσωπόν
1308 2568 1444 2616 μου.
1495 2553 1601 2604 Kal
1657 2549 1783 2605 εἷπε

246 2627 383 2690 πρός
405 2641 512 2692 με·
558 2629 760 2694 Σύνες,
797 2627 888 2680 υίὲ
919 2629 1225 2695 ἀνθρώπου
1249 2647 1263 2662 ·
1297 2631 1383 2684 ἔτι
1413 2632 1518 2700 γὰρ
1548 2635 1632 2697 εἰς
1665 2649 1784 2686 και-

241 2706 346 2771 ροῦ
380 2709 565 2774 πέρας
590 2708 626 2773 η
649 2707 872 2774 ὅρασις.
895 2710 1000 2763 Kal
1030 2712 1099 2762 έν
1129 2712 1206 2774 τῷ
1233 2712 1440 2765 λαλεῖν
1465 2713 1647 2766 αὐτὸν
1660 2717 1782 2782 μετ’

244 2787 404 2852 ἐμοῦ,
435 2787 628 2838 πίπτω
657 2788 752 2840 ἐπὶ
778 2792 1097 2856 πρόσωπόν
1119 2807 1235 2858 μου
1256 2791 1352 2843 έπί
1377 2792 1487 2859 τὴν
1519 2792 1633 2860 γῆν
1651 2809 1664 2824 ·
1688 2794 1785 2847 καί

247 2869 440 2934 ἣψατό
466 2886 605 2936 μου,
644 2869 739 2922 καί
763 2871 984 2937 έστησέ
1012 2888 1088 2939 με
1121 2873 1216 2924 ἐπὶ
1254 2872 1394 2937 τοὺς
1433 2873 1619 2938 πόδας
1649 2892 1780 2939 μου.

246 2949 346 3002 Kal
377 2945 546 3003 εἶπεν
568 2967 581 2982 ·
607 2949 756 3005 Ἰδοὺ
777 2951 890 3017 ἐγὼ
907 2951 1153 3020 γνωρίζω
1185 2966 1282 3005 σοι
1313 2954 1384 3006 τὰ
1414 2954 1668 3021 ἐσόμενα
1693 2955 1783 3006 ἐπ’

243 3029 496 3093 ἐσχάτων
535 3029 643 3096 τῆς
664 3029 841 3098 ὀργῆς
862 3047 875 3062 ·
906 3032 992 3085 ἐτι
1019 3031 1126 3100 γὰρ
1155 3036 1239 3097 εἰς
1269 3034 1474 3100 καιροῦ
1504 3034 1784 3101 πέρας.⁹0

247 3112 400 3175 κριὸς
426 3111 498 3162 ὃν
523 3107 697 3174 εἶδες,
732 3115 762 3164 ό
788 3113 940 3177 έχων
971 3114 1039 3166 τὰ
1072 3113 1304 3180 κέρατα,
1336 3115 1627 3179 βασιλεὺς
1663 3115 1783 3181 Μή-

247 3191 360 3242 δων
392 3191 493 3242 καί
525 3190 784 3256 Περσῶν.
816 3192 919 3243 Kal
951 3196 984 3246 ό
1009 3193 1218 3261 τράγος
1248 3192 1362 3246 τῶν
1384 3193 1585 3262 αἰγῶν,
1608 3194 1784 3257 βασι-

244 3271 386 3337 λεὺς
424 3272 750 3336 Ἑλλήνων.
777 3271 880 3324 Kal
914 3274 976 3325 τὸ
1009 3274 1184 3339 κέρας
1219 3274 1284 3326 τὸ
1307 3274 1477 3342 μέγα,
1517 3275 1547 3326 ὃ
1573 3271 1648 3342 ἦν
1671 3276 1784 3328 ἀνὰ

241 3352 428 3420 μέσον
462 3351 584 3404 τῶν
620 3352 933 3421 ὀφθαλμῶν
967 3353 1170 3416 αὑτοῦ,
1209 3355 1385 3418 αὐτός
1416 3354 1580 3406 ἐστιν
1609 3358 1641 3407 ό
1669 3355 1782 3416 βα-

246 3433 450 3498 σιλεὺς
483 3434 514 3486 ὁ
551 3432 791 3499 πρῶτος.
821 3433 928 3486 Kal
956 3435 1042 3486 ὅτι
1068 3437 1400 3502 συνετρίϐη,
1439 3435 1534 3487 καί
1565 3435 1781 3502 ἀνέστη

246 3514 512 3581 τέσσαρα
568 3516 776 3580 κέρατα
813 3516 1184 3569 ὑποκάτωθεν
1232 3515 1412 3567 αὐτοῦ
1436 3551 1451 3578 ,
1500 3515 1783 3582 τέσσαρες

240 3594 518 3658 βασιλεῖς
560 3595 997 3659 ἀναστήσονται
1043 3595 1158 3648 ἀπό
1191 3595 1294 3648 τοῦ
1325 3597 1535 3660 ἔθνους
1578 3598 1777 3662 αὐτοῦ,

245 3677 336 3726 καί
361 3679 472 3728 οὐκ
501 3677 571 3727 ἐν
599 3675 673 3741 τῇ
700 3679 866 3742 ἰσχύϊ
883 3678 1083 3730 αὐτοῦ.
1123 3679 1229 3729 Kal
1259 3678 1349 3729 ἐπ’
1370 3677 1637 3745 ἐσχάτων
1676 3677 1782 3744 τῆς

239 3757 558 3820 βασιλείας
607 3757 820 3820 αὐτῶν,
862 3759 1283 3825 πληρουμένων
1324 3757 1441 3808 τῶν
1494 3758 1784 3825 ἁμαρτιῶν

244 3837 452 3900 αὐτῶν,
481 3837 879 3899 ἀναστήσεται
895 3838 1189 3902 βασιλεὺς
1209 3837 1454 3902 ἀναιδὴς
1473 3837 1780 3903 προσώπῳ,

246 3918 334 3969 καί
381 3916 612 3970 συνιὼν
643 3917 1037 3984 προϐλήματα.
1084 3919 1193 3970 Kal
1236 3919 1482 3984 κραταιὰ
1526 3920 1563 3985 ἠ
1610 3920 1784 3985 ἰσχὺς

243 3996 444 4060 αὑτοῦ,
474 3997 573 4048 καί
606 4000 715 4050 οὐκ
745 3999 812 4050 ὲν
838 3997 909 4064 τῇ
941 4001 1108 4064 ἰσχύϊ
1126 4000 1333 4052 αὐτοῦ·
1357 4001 1450 4051 καὶ
1481 4003 1783 4067 θαυμαστὰ

245 4079 560 4147 διαφθερεῖ,
593 4081 687 4132 καί
728 4079 978 4144 ποιήσει,
1013 4081 1108 4132 καὶ
1154 4081 1446 4147 διαφθερεῖ
1481 4083 1778 4146 ἰσχυροὺς,

246 4161 336 4211 καί
367 4160 525 4213 λαὸν
565 4160 749 4227 ἅγιον.
781 4160 886 4213 Kal
928 4163 959 4213 ό
1004 4158 1172 4227 ζυγός
1216 4161 1319 4213 τοῦ
1358 4161 1560 4213 κλοιοῦ
1601 4162 1782 4214 αὑτοῦ

246 4241 607 4295 κατευθυνεῖ.
640 4243 819 4305 Δόλος
844 4243 912 4293 ἐν
941 4241 1012 4308 τῇ
1034 4241 1177 4308 χειρί
1208 4242 1406 4305 αὑτοῦ,
1438 4242 1530 4295 καί
1557 4243 1624 4295 έν
1647 4260 1784 4310 καρ-

245 4322 339 4386 δίᾳ
381 4322 572 4375 αὐτοῦ
615 4324 1138 4388 μεγαλυνθήσεται,
1175 4323 1267 4373 καί
1313 4321 1468 4386 δόλῳ
1498 4322 1785 4389 διαφθερεῖ

246 4403 532 4465 πολλοὺς,
557 4402 652 4452 καί
686 4402 778 4453 ἐπὶ
806 4402 1063 4465 ἀπωλείᾳ
1090 4401 1326 4454 πολλῶν
1354 4402 1654 4467 στήσεται,
1689 4406 1784 4457 καί

244 4481 319 4544 ὡς
346 4481 428 4533 aa
468 4481 541 4532 έν
581 4480 728 4548 χειρί
755 4482 1063 4546 συντρίψει
1090 4481 1325 4545 αὐτούς.
1356 4480 1463 4534 Kal
1507 4483 1543 4546 ἠ
1583 4483 1784 4548 ὅρασις

247 4561 348 4625 τῆς
377 4561 662 4628 ἑσπέρας,
695 4563 787 4614 καί
819 4561 925 4628 τῆς
951 4563 1163 4626 πρωΐας
1184 4561 1288 4626 τῆς
1307 4563 1608 4627 ρηθείσης,
1637 4564 1782 4626 ἀλη-

245 4641 350 4705 θής
379 4641 574 4693 ἐστιν.
609 4641 712 4693 Kal
744 4641 822 4694 σὺ
851 4641 1170 4709 σφράγισαι
1203 4641 1314 4707 τὴν
1337 4641 1560 4706 ὅρασιν,
1590 4641 1676 4693 ὅτι
1701 4643 1785 4705 είς

243 4721 462 4788 ἡμέρας
503 4723 738 4787 πολλὰς
784 4723 967 4776 ἔσται.
1004 4723 1111 4775 Kal
1142 4717 1286 4785 εἰπε,
1318 4720 1783 4789 φησὶ,ι’νώρισον

245 4801 445 4863 ἐκείνῳ
477 4800 596 4865 τὴν
622 4800 845 4866 ὅρασιν,
879 4802 1300 4870 Γαϐριήλ.”ορα
1329 4801 1668 4868 ἐπιτάγματα
1690 4801 1783 4866 ἀγ-

247 4880 412 4944 γέλων
444 4881 543 4932 καὶ
572 4880 936 4948 ἀρχαγγέλων.
961 4883 1170 4945 Μείζων
1197 4884 1322 4941 ἴσως
1346 4882 1566 4948 δύναμις
1593 4882 1781 4950 ἑτέρας

247 4961 347 5012 Kal
384 4957 558 5027 ἦλθε,
599 4961 748 5028 φησὶ,
782 4963 879 5013 καί
922 4963 1269 5030 έθαμὸήθην.
1319 4964 1423 5014 Kal
1471 4965 1614 5026 ἔστη
1656 4964 1785 5028 ἐχό-

242 5057 387 5106 μενα
429 5041 543 5106 τῆς
576 5040 841 5105 στὰσεώς
865 5059 1000 5108 μου.
1029 5045 1134 5095 Kal
1168 5044 1235 5094 ἐν
1264 5042 1339 5105 τῷ
1366 5042 1557 5094 ἐλθεῖν
1585 5043 1782 5103 αὑτὸν,

243 5121 606 5188 έΙαμσήθην.
637 5119 739 5172 Τοῦ
765 5120 821 5188 (ί.
851 5122 970 5190 ποῦ)
993 5125 1167 5175 τοίνυν
1196 5125 1241 5175 οἰ
1270 5123 1391 5184 τοὺς
1414 5123 1670 5188 ἀγγέλους
1696 5141 1788 5175 κα-

299 5329 327 5358 ι
351 5327 485 5386 Hac,
505 5326 591 5373 καὶ
616 5323 728 5386 πρὸς
761 5324 843 5386 τὴν
865 5322 1008 5386 δύσιν,
1044 5335 1137 5369 non
1163 5321 1306 5386 bab9_.1_
1347 5319 1789 5386 B._Chryspslqmua

244 5383 447 5432 "omnia
469 5379 568 5444 iam
585 5379 751 5444 citata.
767 5384 830 5444 ᾼι
844 5384 987 5441 paulo
1007 5387 1114 5444 posl
1131 5394 1235 5428 cum
1255 5379 1558 5427 Theodoreto
1581 5379 1787 5433 legilxal

244 5445 301 5489 δι’
323 5441 624 5503 duch—Quoia
647 5441 870 5503 ἐταράχθη
883 5441 1240 5503 παραπτώματι.

303 5505 329 5542 b
353 5502 490 5550 Idem
517 5513 658 5548 error
677 5496 921 5547 ἱηίιοξιιι-ὶε
942 5496 1097 5553 ἑοόὰ..
1119 5496 1180 5544 ’σε
1216 5499 1430 5544 etiamin
1467 5496 1785 5542 Theodoreto.

244 5559 518 5618 Svripserat
539 5561 674 5618 enim
696 5557 966 5618 Thepdotio
985 5556 1198 5618 φελμωκί.
1221 5558 1400 5603 Auctor
1411 5554 1608 5604 Consul.
1634 5559 1784 5613 aposl.

246 5619 327 5666 ιιι).
349 5616 398 5672 7.
419 5633 466 5668 c.
491 5617 574 5668 56.
593 5616 824 5678 φιλμονεί.

1605 398 1668 453 ιΝ
1704 399 2060 456 DANIELEM.

3322 426 3432 481 236

1888 513 2000 576 κῶς
2047 515 2321 582 λέγοντεςς
2369 518 2481 570 Οὐκ
2525 517 2614 584 ἀφ’
2648 516 2836 570 ἑαυτοῦ
2885 535 2933 568 τι
2979 517 3245 586 ἐποίησεν.
3264 517 3419 586 Ὁρᾷς

1884 595 1977 649 καὶ
2008 598 2200 661 αὐτοὺς
2224 600 2301 661 εἰς
2330 599 2507 662 τάξεις
2542 599 2738 661 πολλὰς
2765 601 2856 652 καὶ
2877 599 3224 660 διατυπώσεις
3262 616 3412 650 τεταο

1884 679 2141 747 γμένους;
2185 681 2271 732 Ἐν
2329 683 2396 750 τῇ
2454 680 2660 751 πρώτῃ,
2699 679 3002 748 Προσῆλθε
3025 691 3071 742 ο,
3129 679 3279 748 φησὶ,
3323 681 3418 731 καί

1883 757 2158 827 ἠρώτησα
2187 759 2352 831 [ειη.
2372 760 2626 814 Ἐνταῦθα
2657 761 2854 813 οὐκέτι.
2885 763 2990 814 Kal
3021 760 3254 827 ἤκουσα
3285 761 3418 825 ἐνὸς

1884 841 2054 908 ἁγίου
2123 842 2469 906 λαλοῦντος.
2546 842 2652 894 Kal
2702 842 2880 910 ἕτερος
2935 842 3208 910 ἠρώτησεν
3236 881 3251 906 ,
3302 842 3416 910 ἦτοι

1885 922 2115 990 ἀγνοῶν,
2165 923 2249 974 ἵνα
2294 919 2443 985 οὗτος
2498 923 2658 994 μάθῃ.
2686 922 2793 975 Kal
2848 923 3218 990 ἀπεκρίνατο,
3265 923 3414 989 φησί.

1885 1002 1997 1056 Kal
2040 1004 2130 1055 ἐπ’
2163 1003 2430 1072 ἐσχάτων
2476 1004 2585 1070 τῆς
2623 1005 2954 1068 βασιλείας,
3001 1003 3418 1071 πληρουμένων

1885 1084 2002 1138 τῶν
2050 1086 2339 1154 ἁμαρτιῶν
2383 1085 2575 1139 αὐτῶν
2599 1125 2612 1146 ,
2664 1084 3059 1147 ἀναστήσεται
3125 1085 3417 1151 βασιλεὺς

1886 1165 2135 1232 ἀναιδὴς
2177 1165 2628 1235 προσώπῳ.⁶’ορα
2661 1166 2774 1226 πῶς
2804 1166 3062 1218 δείκνυσιν
3111 1167 3304 1230 αὐτοῖς,
3335 1168 3416 1219 ὅτι

1886 1245 2038 1299 αὐτοὶ
2082 1247 2257 1300 αἴτιοι.
2289 1250 2386 1299 Διά
2418 1248 2570 1299 τοῦτο
2602 1248 2660 1297 οὺ
2708 1249 2924 1314 φανεροῖ
2947 1247 3069 1307 τοὺς
3097 1247 3298 1312 λόγους,
3331 1248 3416 1298 ἴνα

1890 1328 1964 1397 μὴ
1988 1327 2461 1397 ὲθελοκακήσαντες
2485 1328 2738 1396 μένωσιν·
2763 1329 2809 1378 εί
2831 1327 2955 1395 γὰρ,
2982 1327 3199 1396 μηδενὸς
3216 1327 3416 1380 τούτων

1887 1409 2204 1478 εἰρημένων,
2250 1409 2452 1477 ἔμενον,
2499 1409 2672 1477 πολλῷ
2713 1409 2923 1477 μᾶλλον,
2969 1409 3372 1478 φανερωθέντων
3397 1425 3411 1440 ·

1886 1491 1977 1542 καὶ
2007 1490 2093 1543 ἴνα
2127 1491 2297 1560 μάθῃς
2323 1491 2403 1542 ὅτι
2435 1490 2699 1559 πανταχοῦ
2731 1491 2788 1541 τὸ
2834 1490 3050 1558 Πνεῦμα
3095 1492 3242 1560 ἰσχὺν
3285 1492 3413 1560 ἔχει,

1886 1573 1978 1624 καὶ
1999 1573 2077 1625 δτι
2105 1573 2275 1625 πάντα
2295 1572 2531 1641 πρόοιδεν
2557 1573 2584 1623 ὁ
2609 1572 2754 1634 Θεὸς,
2785 1573 2875 1623 καὶ
2893 1573 2970 1623 ὅτι
2991 1572 3140 1635 εἰδὼς
3171 1575 3414 1642 ἀμαρτήο

1889 1669 2075 1715 σοντας
2118 1654 2372 1722 ἀνήγαγε.
2397 1654 2505 1705 Καὶ
2553 1653 2670 1722 δρα,
2713 1653 2894 1720 ἐπειδὴ
2942 1649 3088 1704 εἶπεν
3123 1655 3413 1718 ἐνιαυτοὺς,

1885 1735 2058 1804 ὀλίγος
2082 1735 2267 1805 χρόνος
2291 1735 2553 1802 ἐφαίνετο,
2583 1735 2659 1795 εἰς
2684 1734 2898 1802 ἡμερῶν
2931 1734 3141 1785 ἀναλύει
3168 1735 3412 1803 ἀριθμὸν,

1887 1817 1971 1869 ἵνα
2001 1815 2076 1885 τῷ
2103 1815 2288 1884 πλήθει
2321 1815 2545 1886 φοϐήσῃ,
2573 1817 2666 1883 οὐχ
2691 1817 2919 1885 ἡμέρας,
2951 1816 3080 1868 ἀλλά
3104 1818 3194 1867 καὶ
3221 1817 3416 1879 νύκτας

1887 1896 2150 1967 ἀριθμῶν.
2179 1897 2286 1950 Kal
2317 1897 2629 1968 ἐνδιατρίϐει
2652 1900 2716 1966 τῇ
2741 1897 3008 1967 τραγῳδίᾳ
3036 1901 3097 1965 τῇ
3128 1898 3264 1950 κατὰ
3297 1900 3415 1952 Ἀν-

1885 1980 2076 2047 τίοχον,
2110 1978 2194 2030 ἵνα
2222 1978 2322 2030 κᾶν
2347 1979 2483 2031 οὕτω
2513 1979 2740 2049 φοϐήσῃ.
2784 1980 2891 2032 Kal
2921 1981 3027 2032 οὐκ
3059 1981 3126 2031 ἐν
3149 1979 3222 2047 τῇ
3252 1981 3418 2048 ἰσχύτ

1886 2061 2088 2116 αὑτοῦ.
2129 2060 2428 2124 Τουτέστιν,
2467 2062 2543 2113 ὅτι
2579 2060 2800 2128 ἠδύνατο
2839 2061 2867 2112 ὁ
2909 2061 3036 2124 Θεὸς
3063 2061 3296 2114 κωλῦσαι
3325 2065 3417 2114 a6-

1885 2143 1995 2205 τὸν,
2031 2141 2143 2194 ἀλλ’
2167 2141 2426 2212 ἐπέτρεψε
2448 2141 2534 2194 διὰ
2568 2142 2665 2203 τὰς
2689 2142 2973 2211 ἁμαρτίας,
3003 2143 3094 2196 καὶ
3120 2143 3214 2212 οὐχ
3237 2144 3413 2206 ἁπλῶς

1885 2223 2249 2293 ἁμαρτόντων,
2283 2224 2392 2276 ἀλλ’
2425 2223 2581 2292 ἡνίκα
2627 2219 3177 2293 ὲπληρώθησαν.*Δρα
3224 2225 3414 2294 μέτρον

1884 2307 1937 2360 τι
1985 2309 2158 2371 tactv;
2211 2307 2380 2359 Οὔπω
2426 2305 2531 2372 γὰρ
2574 2305 2649 2358 ἂν
2684 2305 3118 2372 έπεπλήρωντο,
3165 2308 3314 2375 φησὶ,
3355 2309 3415 2360 αἰ

1886 2388 2155 2455 ἁμαρτίαι
2197 2387 2313 2439 τῶν
2356 2386 2713 2454 Ἀμορραίων.
2755 2388 2859 2439 Kal
2897 2388 3014 2454 ὅρα,
3042 2387 3190 2440 οὔπω
3235 2387 3414 2441 λοιπὸν

1885 2468 2221 2536 ἐμπρησμὸς,
2268 2466 2400 2519 ἀλλά
2444 2466 2659 2533 σφαγῶν
2697 2465 3012 2534 ἀναιρέσεις.
3048 2468 3259 2536 Ἐπειδὴ
3309 2470 3413 2538 γὰρ

1885 2548 2102 2617 ἔμελλόν
2149 2564 2288 2610 τινες
2337 2543 2469 2599 εἶναι
2494 2548 2542 2598 οἱ
2574 2546 2743 2607 καλοὶ,
2783 2547 2874 2598 καὶ
2904 2549 3280 2616 προϊστάμενοι
3308 2549 3412 2601 τῶν

1885 2629 2152 2697 πατέρων,
2177 2630 2268 2681 καὶ
2294 2628 2360 2680 τά
2384 2629 2479 2697 τῆς
2498 2628 2756 2697 τιμωρίας
2784 2627 2983 2680 ὲλάττω
3003 2629 3208 2695 γέγονε.
3234 2630 3414 2682 Ταῦτα

1882 2709 1937 2762 δὲ
1969 2709 2201 2776 λέγεται,
2229 2711 2313 2761 ἵνα
2355 2709 2428 2778 μὴ
2476 2713 2591 2770 ταῖς
2633 2710 2804 2770 νίκαις
2843 2712 2956 2771 ταῖς
2984 2710 3074 2760 ἐπὶ
3106 2709 3413 2778 Ζορωὸάὸελ

1884 2790 2221 2860 ἐπαρθέντες.
2251 2791 2473 2861 ρᾴθυμοι
2493 2790 2756 2856 γίνωνται.
2783 2791 2888 2841 Kal
2907 2791 3005 2860 ὅρα
3028 2789 3138 2852 πῶς
3158 2790 3217 2841 οὐ
3239 2789 3414 2860 τίθησι

1883 2870 2107 2942 λαμπρά
2134 2889 2249 2924 τινα
2279 2871 2504 2925 ἐνταῦθα
2539 2872 2670 2940 μετά
2701 2872 2766 2923 τὰ
2795 2871 2932 2923 κατά
2971 2872 3250 2940 Ἀντίοχον,
3282 2872 3414 2925 ἀλλά

1885 2955 2042 3022 μόνον
2080 2952 2228 3005 λύσιν
2259 2953 2366 3006 τῶν
2409 2953 2588 3005 δεινῶν
2636 2953 2798 3019 λέγει,
2835 2953 3042 3005 καὶτὸν
3083 2955 3414 3022 κατασχόντα

1884 3037 2088 3105 καιρόν.
2115 3037 2178 3088 Τί
2202 3032 2322 3098 οὗν;
2347 3035 2541 3104 ταύτην
2570 3036 2631 3086 οὐ
2655 3039 2872 3103 προεῖπε
2900 3036 2993 3104 τὴν
3015 3037 3375 3104 αἰχμαλωσίαν
3396 3055 3411 3103 ;

1883 3117 2006 3180 Ναὶ,
2036 3118 2232 3186 σφόδρα
2255 3117 2679 3185 αἰνιγματωδῶς·
2707 3117 2784 3168 διὸ
2810 3118 2898 3168 καὶ
2929 3121 2955 3170 ό
2987 3118 3211 3187 Χριστὸς
3231 3114 3378 3172 εἶπεν
3397 3137 3411 3152 ·

1885 3198 2066 3249 Ὅταν
2110 3198 2269 3262 ἰδητε
2323 3197 2387 3249 τὸ
2437 3198 2745 3265 βδέλυγμα
2797 3197 2903 3263 τῆς
2961 3198 3328 3266 ἐρημώσεως,
3382 3205 3414 3254 ό

1884 3277 2299 3344 ἀναγινώσκων
2343 3277 2564 3330 νοείτω.
2602 3277 2949 3342 Ἐλεύσονται,
3001 3280 3148 3347 φησὶ,
3201 3281 3294 3347 οὐχ
3339 3281 3415 3343 ὡς

1885 3358 2248 3428 προειπόντος.
2298 3357 2403 3410 Καί
2447 3374 2587 3419 τινες
2639 3358 2735 3424 μὲν
2783 3357 3043 3424 λέγουσιν,
3076 3362 3154 3412 ὄτι
3199 3361 3416 3423 εἰκότως

1882 3439 2050 3490 ταῦτα
2079 3439 2138 3489 οὐ
2178 3438 2481 3506 προερρήθη
2503 3455 2516 3469 ·
2565 3439 2622 3489 οὐ
2655 3439 2760 3506 γὰρ
2792 3435 2899 3506 εἶχε
2935 3441 3118 3508 χρόνον
3148 3443 3178 3508 ὴ
3214 3444 3412 3510 αἰχμα-

1883 3517 2050 3572 λωσία
2077 3518 2211 3587 αὕτη
2241 3519 2437 3570 λαϐεῖν.
2464 3518 2635 3570 Δώσω
2666 3519 2792 3588 γὰρ,
2821 3521 2968 3589 φησὶ,
3001 3521 3096 3571 καί
3135 3522 3274 3584 τοὺς
3312 3537 3415 3574 πο-

1884 3603 2098 3670 νηροὺς
2127 3601 2254 3654 ἀντὶ
2290 3601 2396 3666 τῆς
2439 3600 2627 3668 ταφῆς
2668 3600 2866 3662 αὐτοῦ,
2917 3601 3011 3654 καί
3055 3602 3190 3666 τοὺς
3232 3606 3414 3656 πλου-

1885 3684 2058 3747 σίους
2084 3682 2213 3735 ἀντὶ
2245 3681 2347 3734 τοῦ
2368 3681 2618 3734 θανάτου
2644 3680 2841 3734 αὑτοῦ.
2867 3681 2971 3734 Kal
2997 3681 3076 3734 σὺ
3097 3682 3416 3749 σφράγισαι

1887 3762 1998 3828 τὴν
2024 3762 2233 3829 ὅρασιν
2259 3762 2495 3826 ταύτην,
2520 3762 2604 3813 ὅτι
2625 3765 2711 3826 εἰς
2734 3761 2952 3828 ἡμέρας
2975 3763 3202 3828 πολλὰς
3227 3765 3414 3818 ἐσται.

1887 3843 2155 3903 Τουτὲστι,
2202 3841 2446 3907 φύλαξον,
2488 3842 2826 3910 διατήρησον,
2859 3843 2940 3894 ἵνα
2986 3843 3058 3911 μὴ
3107 3844 3180 3911 τῷ
3226 3845 3416 3914 μακρῷ

1886 3923 2057 3992 χρόνῳ
2083 3922 2512 3990 διαφθαρῇ.⁹⁴ορα
2547 3924 2810 3991 πανταχοῦ
2842 3925 2931 3975 τὸν
2952 3925 3081 3976 Θεὸν
3113 3926 3415 3994 φειδόμενον

1887 4003 2079 4056 αὐτῶν.
2108 4004 2381 4070 Κατῆλθον
2412 4005 2488 4065 εἰς
2513 4003 2796 4070 Αἴγυπτον,
2828 4005 3065 4071 ἐγένοντο
3086 4007 3298 4073 φαῦλοι·
3319 4010 3417 4060 οὐκ

1887 4086 2110 4154 ἀπέστη,
2133 4086 2332 4154 ἢγαγεν
2355 4086 2431 4146 εἰς
2449 4084 2543 4154 τὴν
2569 4085 2785 4153 ἔρημον.
2803 4087 3113 4154 Ἐπέμειναν
3131 4091 3193 4155 τῇ
3221 4089 3384 4157 κακία
3399 4105 3412 4119 ·

1889 4167 1985 4218 οὐκ
2009 4165 2233 4234 ἀπέστη,
2266 4167 2546 4233 εἰσήγαγεν
2575 4166 2763 4227 αὐτοὺς
2787 4168 2864 4228 εἰς
2886 4169 2980 4235 τὴν
3007 4168 3106 4236 γῆν
3131 4170 3226 4238 τῆς
3249 4170 3416 4235 ἑπαγ-

1891 4247 2088 4314 γελίας.
2107 4246 2366 4313 Ἀνήγαγε
2396 4244 2550 4296 πάλιν
2581 4245 2771 4307 αὐτοὺς
2800 4246 2890 4297 ἐπὶ
2932 4249 3193 4316 Ἀντιόχου
3215 4265 3227 4278 ·
3259 4251 3414 4302 πάλιν

1890 4330 1936 4379 οἱ
1964 4327 2111 4378 αὐτοὶ
2136 4326 2338 4394 ἔμενον.
2357 4326 2476 4375 Ἐπὶ
2499 4324 2588 4376 τοῦ
2610 4327 2836 4394 Χριστοῦ
2861 4327 3016 4378 πάλιν
3040 4330 3088 4378 οἱ
3123 4329 3266 4378 αὐτοί
3287 4345 3299 4357 ·
3323 4329 3414 4380 καὶ

1889 4407 2005 4458 οὐδὲ
2049 4406 2215 4466 οὕτως
2251 4405 2476 4472 ἀπέστη,
2511 4405 2621 4455 ἀλλ’
2652 4406 2735 4456 ἀεὶ
2781 4407 3008 4473 κήδεται.
3041 4409 3143 4458 Kal
3173 4410 3417 4476 καθάπερ

1890 4489 1956 4539 τά
1997 4486 2192 4554 φυσικὰ
2237 4486 2333 4536 οὐκ
2383 4485 2445 4535 ἂν
2489 4485 2768 4550 ἀποσταίη,
2797 4484 2862 4534 τὰ
2903 4486 3107 4551 φύσεως
3156 4488 3418 4555 προσόντα

1889 4565 2037 4630 ἡμῖν,
2065 4563 2196 4628 ὅπερ
2222 4559 2284 4612 ἂν
2313 4559 2556 4626 γένηται·
2599 4558 2766 4620 οὕτως
2792 4560 2907 4611 οὐδὲ
2944 4561 3069 4622 Θεός
3088 4577 3099 4588 ·
3135 4564 3327 4630 μᾶλλον
3359 4564 3414 4615 δὲ

1889 4642 2064 4692 ἐκεῖνα
2101 4639 2314 4691 δυνατὸν
2362 4639 2674 4706 ἀποστῆναι,
2706 4641 2860 4691 αὑτὸν
2904 4642 2958 4692 δὲ
3005 4643 3242 4710 οὐδαμῶς
3285 4662 3414 4714 προ-

1891 4720 2124 4781 νοοῦντα,
2173 4721 2263 4770 καὶ
2301 4719 2603 4786 κηδόμενον.
2650 4723 2715 4772 Εἰ
2764 4722 2869 4788 γὰρ
2923 4725 3016 4774 καί
3066 4724 3414 4788 ἐπιλάθοιτο,

1891 4801 2039 4870 φησὶ,
2087 4801 2235 4867 γυνὴ
2280 4799 2382 4851 τοῦ
2411 4799 2652 4864 ἐλεῆσαι
2691 4802 2761 4852 τὰ
2800 4803 3010 4869 ἔκγονα
3051 4804 3155 4866 τῆς
3193 4806 3417 4868 κοιλίας

1890 4882 2089 4946 αὐτῆς,
2105 4883 2236 4934 ἀλλ’
2258 4881 2368 4946 ἐγὼ
2388 4883 2495 4932 οὑκ
2517 4881 2867 4946 ἐπιλήσομαί
2885 4898 3015 4933 σου.
3041 4883 3292 4952 Καθάπερ
3313 4885 3415 4953 γὰρ

1891 4964 2069 5030 ἐκείνη
2111 4963 2167 5014 οὑ
2225 4963 2354 5028 πρὸς
2400 4961 2494 5028 τὴν
2540 4963 2732 5028 ἀρετὴν
2760 4963 2857 5029 ὁρᾷ
2898 4963 3002 5012 τῶν
3036 4966 3256 5024 παίδων,
3286 4965 3418 5018 ἀλλά

1893 5046 2100 5110 φύσεως
2129 5042 2285 5111 νόμον
2311 5043 2524 5109 πληροῖ·
2547 5042 2702 5102 οὕτω,
2726 5044 2814 5092 καὶ
2838 5041 2981 5111 [245]
3006 5045 3176 5112 πολλῷ
3205 5047 3415 5113 μᾶλλον,

1892 5128 1919 5175 ὸ
1948 5125 2073 5184 Θεὸς
2105 5124 2188 5174 ἀεὶ
2217 5122 2450 5189 κήδεται,
2478 5121 2723 5172 οὐδέποτε
2754 5122 3054 5188 ἀφίσταται,
3086 5126 3168 5176 ἀεὶ
3198 5127 3254 5177 τὸ
3291 5129 3418 5179 αὐτὸ

1897 5208 2083 5275 μέτρον
2125 5204 2490 5255 ἐπιδείκνυται.
2526 5201 2633 5253 Kal
2679 5201 2789 5268 ἐγὼ
2834 5204 3050 5269 Δανιὴλ
3081 5206 3415 5274 ἐκοιμήθην,

1894 5289 1987 5340 καί
2045 5287 2446 5354 ἐμαλακίσθην
2498 5284 2715 5352 ἡμέρας
2741 5301 2753 5313 ·
2813 5287 2908 5338 καί
2973 5288 3259 5351 ἁνέστην,
3323 5291 3416 5342 καί

1955 5497 1974 5522 ε
1990 5492 2245 5558 Eibgqliqs
2269 5490 2534 5558 sgripserip
2554 5493 2838 5558 προσῆλθον,
2862 5498 2912 5558 u_l
2930 5505 3089 5551 supra,
3131 5491 3316 5558 Danz'l,
3343 5487 3414 5558 ﬁt}.

1891 5551 1970 5598 Sic
1990 5551 2072 5597 In).
2099 5551 2155 5595 20
2185 5549 2244 5599 de
2270 5549 2457 5600 Civilale
2479 5549 2702 5611 Dei,'cap.
2733 5553 2806 5608 25,
2829 5549 3044 5608 habetdr,
3079 5549 3268 5598 accessit
3290 5563 3306 5600 .·
3347 5553 3417 5597 \i-

1894 5615 2014 5657 tiosc
2038 5612 2207 5657 forsan.
