4112 6500
270 403 375 461 237

262 503 361 566 biti,
387 511 431 556 et
459 504 692 571 agrotavi
734 505 835 557 dies
865 504 1090 574 aliquot:
1117 513 1161 558 et
1198 505 1389 559 surrexi
1409 544 1423 567 ,
1466 512 1508 557 et
1548 501 1784 573 [aciebam

260 602 407 655 opera
444 590 576 658 regis
604 601 688 644 :et
725 591 1005 643 admirabar
1052 593 1284 645 visionem
1309 607 1326 643 :
1355 600 1399 643 et
1441 606 1538 643 non
1574 599 1676 642 erat
1716 588 1799 657 qui

259 673 574 744 intelligeret.
620 676 767 731 Unde
796 679 1097 746 mgrotavit?
1120 677 1380 731 Fortassis
1408 692 1470 729 ex
1500 675 1703 729 tristitia
1733 676 1799 730 ob

259 761 459 818 futuras
490 766 835 832 calamitates,
867 781 1042 821 secum
1074 776 1317 835 reputans
1337 806 1351 828 ,
1388 765 1615 818 nondum
1644 763 1795 816 linem

260 851 452 905 habere
494 868 578 905 res
622 863 923 920 praesentes.
954 856 1017 908 Et
1058 864 1160 918 tot,
1190 854 1388 921 inquit,
1415 852 1585 905 adhuc
1613 864 1796 919 super-

254 949 380 991 sunt
406 938 558 992 mala.
587 939 678 993 Vel
706 942 915 1005 iterum,
946 940 1182 994 Nondum
1206 940 1397 994 ludatis
1422 940 1584 993 Deum
1610 954 1793 993 recon-

252 1026 451 1091 ciliavi,
480 1037 532 1080 et
560 1028 658 1095 ipsi
686 1044 803 1083 eum
836 1030 899 1082 ad
928 1029 1120 1081 bellum
1152 1037 1451 1097 provocant,
1476 1044 1535 1082 ac
1561 1027 1656 1080 sibi
1680 1027 1798 1082 red-

252 1111 385 1165 dunt
415 1113 697 1168 inimicum.
729 1115 791 1167 Et
814 1117 1034 1180 surrexi,
1060 1126 1103 1167 et
1134 1118 1372 1185 faciebam
1392 1132 1539 1182 opera
1563 1116 1709 1184 regis.
1741 1114 1794 1167 ld

252 1210 351 1265 est,
388 1201 768 1256 Ministrabam.
800 1203 863 1255 Et
887 1204 1170 1255 admirabar
1196 1205 1464 1267 visionem;
1489 1213 1533 1256 et
1570 1220 1667 1256 non
1691 1212 1795 1256 erat

250 1290 335 1355 qui
380 1290 691 1359 intelligeret.
735 1290 954 1345 Maxime
998 1292 1048 1344 id
1089 1292 1238 1345 all‘ert
1278 1292 1531 1355 dolorem,
1572 1306 1690 1345 cum
1730 1307 1794 1346 ne

249 1375 460 1441 quidem
486 1377 606 1430 licet
648 1392 733 1432 res
776 1380 949 1432 tristes
987 1378 1170 1432 efferre
1202 1380 1250 1431 in
1275 1380 1503 1447 aliquem
1535 1397 1545 1431 :
1579 1394 1643 1431 an
1674 1380 1791 1447 quia

249 1462 476 1529 improbi
517 1474 687 1517 erant.
723 1464 785 1516 Et
829 1465 1086 1532 faciebam,
1116 1466 1299 1533 inquit,
1332 1482 1479 1533 opera
1509 1467 1653 1534 regis.
1684 1466 1792 1518 Hoc

247 1560 345 1611 est,
373 1549 515 1603 Nihil
548 1553 1029 1618 praztermittebam,
1059 1553 1149 1606 sed
1176 1552 1427 1620 fungebar
1451 1552 1622 1607 ofﬁcio
1651 1568 1785 1605 meo.

846 1680 1066 1734 CAPUT
1104 1680 1192 1734 lX.

314 1815 366 1867 ί.
401 1832 421 1865 ι
451 1814 504 1866 In
549 1815 713 1881 primo
745 1828 881 1866 anno
918 1814 1075 1878 Darii,
1107 1814 1197 1867 lilii
1237 1815 1470 1879 Assucri,
1502 1815 1567 1869 de
1593 1817 1788 1871 semine

245 1902 513 1957 Medorum
542 1901 635 1971 (a),
666 1903 751 1970 qui
792 1902 1027 1970 regnavit
1069 1916 1225 1969 super
1266 1917 1478 1971 regnum
1520 1902 1789 1956 Chaldaeo-

246 2006 359 2043 rum
383 2032 399 2056 ,
429 1991 482 2042 Ξ.
516 1992 565 2042 in
594 2006 729 2043 anno
753 2006 855 2043 uno
878 1991 1023 2059 regni
1048 1991 1161 2058 ejus
1184 2032 1198 2054 ,
1226 2005 1322 2058 ego
1350 1991 1529 2044 Daniel
1555 1990 1787 2045 intellexi

246 2078 293 2128 in
318 2077 467 2130 libris
496 2092 768 2131 numerum
790 2093 1039 2130 annorum
1066 2117 1079 2139 ,
1107 2079 1171 2132 de
1196 2093 1299 2146 quo
1325 2076 1487 2132 factus
1513 2088 1591 2132 est
1617 2094 1787 2132 sermo

246 2165 451 2218 Domini
472 2166 535 2217 ad
550 2166 824 2219 Jeremiam
840 2166 1159 2233 prOphetam,
1179 2168 1229 2219 in
1245 2168 1678 2235 complementum
1693 2169 1785 2221 de-

244 2254 514 2307 solationis
535 2254 870 2324 Jerosolymae
897 2257 1213 2324 septuaginta
1233 2258 1352 2309 anni
1380 2257 1520 2325 (Jer.
1542 2258 1629 2311 25.
1652 2259 1705 2312 ll
1743 2258 1781 2326 ).

243 2342 292 2395 5.
326 2342 391 2395 Et
419 2342 539 2396 dedi
569 2343 749 2396 faciem
785 2358 951 2397 meam
991 2344 1053 2396 ad
1088 2345 1361 2399 Dominum
1393 2346 1573 2409 Deum,
1602 2358 1656 2400 ut
1684 2363 1782 2400 ex-

242 2435 504 2497 quirerem
536 2432 821 2487 orationem
861 2441 915 2486 et
957 2433 1373 2501 deprecationem
1414 2436 1463 2487 in
1498 2436 1707 2503 jejuniis
1735 2446 1785 2491 et

242 2531 392 2571 sacco
439 2528 493 2571 et
535 2519 728 2571 cinere.
759 2536 777 2569 ι
825 2518 925 2573 istc
968 2530 1046 2572 est
1090 2520 1273 2573 Darius
1309 2521 1504 2574 Medus.
1556 2522 1783 2576 Primum

243 2616 413 2660 autem
446 2623 642 2661 annum
674 2623 773 2661 non
812 2610 953 2676 regni
998 2609 1156 2676 ipsius
1192 2610 1263 2661 ait
1295 2626 1305 2660 :
1336 2625 1435 2661 non
1467 2611 1604 2664 enim
1634 2612 1780 2675 dixit,

244 2694 295 2747 In
324 2696 493 2763 primo
522 2696 662 2763 regni
692 2696 820 2763 ejus,
852 2696 961 2757 sed,
991 2695 1055 2747 In
1080 2696 1236 2763 primo
1258 2712 1387 2748 anno
1416 2696 1574 2763 Darii,
1604 2700 1651 2749 in
1685 2714 1781 2751 uno

242 2800 368 2837 anno
384 2786 526 2853 regni
546 2786 651 2853 ejus
674 2786 773 2837 :ita
802 2795 853 2837 ut
878 2792 928 2837 et
952 2785 1049 2837 dici
1078 2787 1239 2843 possit
1260 2786 1453 2852 primus
1475 2802 1659 2851 annus,
1682 2802 1783 2854 quo

241 2872 447 2938 quidem
472 2873 561 2925 ille
587 2872 851 2939 regnabat,
886 2882 1003 2924 tunc
1029 2888 1151 2925 vero
1178 2872 1311 2925 forte
1338 2873 1634 2927 occiderant
1660 2874 1781 2927 Bal-

241 2968 481 3013 tasarem.
518 2958 623 3028 Ego
660 2959 838 3011 Daniel
863 2960 1079 3012 intellexi
1105 2961 1155 3012 iu
1176 2961 1312 3012 libris
1338 2978 1595 3015 numerum
1619 2978 1779 3015 anno-

238 3064 361 3099 rum.
392 3047 446 3099 ld
476 3057 554 3100 est
576 3088 589 3109 ,
621 3047 897 3100 Baltasaris
926 3048 1141 3101 cat-dem.
1186 3049 1250 3101 Et
1286 3051 1540 3117 reputavi.
1569 3050 1697 3105 Vide
1727 3059 1780 3105 ut

238 3144 353 3187 ante
388 3136 707 3201 prazlinitum
735 3145 935 3202 tempus
961 3152 1063 3189 non
1089 3136 1277 3188 audeat
1308 3138 1555 3191 accedere
1583 3139 1644 3192 ad
1672 3139 1780 3192 Do-

238 3223 453 3275 tninum.
485 3223 553 3274 At
578 3231 679 3275 tres
701 3223 906 3290 quidem
935 3224 1077 3289 pueri
1097 3223 1145 3276 id
1162 3234 1318 3294 agunt
1344 3226 1391 3275 in
1416 3225 1657 3290 fornace;
1685 3228 1780 3281 iste

237 3325 356 3364 vero
382 3311 432 3363 in
464 3310 581 3361 lacu
612 3324 711 3361 non
739 3309 876 3362 fecit.
918 3310 1049 3377 Quid
1076 3311 1263 3379 igitur?
1293 3312 1371 3365 vel
1403 3313 1473 3365 illi
1502 3314 1634 3367 male
1654 3354 1666 3377 ,
1694 3314 1779 3367 vel

235 3399 351 3453 hic?
373 3400 581 3453 Neutri.
608 3398 685 3451 Illi
706 3398 955 3467 siquidem
977 3414 1205 3453 amorem
1225 3417 1342 3469 erga
1369 3402 1583 3469 patriam
1605 3412 1779 3457 osten-

234 3490 440 3551 debant,
476 3488 567 3540 hic
604 3502 727 3541 vero
764 3488 1152 3555 intelligentiam
1186 3492 1431 3557 temporis
1460 3491 1595 3559 quod
1622 3492 1778 3546 adve-

234 3588 396 3631 nerat.
450 3577 641 3631 Nonne
667 3592 789 3644 ergo
814 3578 1159 3645 intelligenter
1184 3578 1383 3646 legebat
1412 3581 1773 3647 prophetarum

232 3667 473 3719 oracula?
503 3665 759 3717 Existimo
780 3674 949 3718 autem
976 3667 1118 3717 illum
1141 3682 1241 3718 non
1266 3667 1330 3719 ab
1357 3670 1482 3721 urbe
1506 3679 1652 3736 capta
1683 3687 1776 3723 nu-

230 3769 451 3816 merare,
475 3751 574 3805 sed
607 3752 739 3805 forte
764 3766 791 3803 a
820 3751 1113 3818 captivitate
1139 3752 1341 3805 israelis
1368 3754 1456 3821 (b).
1486 3754 1608 3809 Jure
1633 3758 1771 3810 enim

230 3842 604 3895 desolationem
634 3842 751 3906 quis
776 3841 1031 3893 vocaverit
1072 3841 1408 3910 Jerosolymae
1437 3843 1589 3895 etiam
1619 3846 1769 3898 bella.

231 3928 354 3983 Vide
395 3940 447 3983 et
488 3942 766 3981 numerum
795 3927 1130 3980 sabbaticum.
1160 3928 1286 3980 Nam
1329 3931 1459 3983 sicut
1498 3933 1772 3999 aliquando

228 4018 636 4086 quadringentos
657 4026 709 4069 et
728 4016 933 4084 triginta
962 4031 1125 4069 annos
1155 4016 1340 4084 (Exod.
1368 4020 1450 4072 η.
1480 4020 1567 4088 40)
1599 4022 1647 4074 in
1672 4022 1771 4075 du-

226 4117 399 4162 centos
420 4118 473 4161 et
497 4106 796 4174 quindecim
826 4106 1056 4169 mutavit,
1086 4107 1153 4157 ita
1198 4115 1319 4173 puto
1346 4117 1397 4160 et
1440 4124 1573 4161 nunc
1607 4124 1769 4165 annos

225 4198 493 4263 pauciores
514 4208 657 4247 esse.
683 4210 700 4241 ι
724 4193 795 4245 De
816 4206 917 4259 quo
944 4192 1105 4245 factus
1120 4202 1215 4255 est,
1232 4212 1249 4243 ι
1271 4194 1452 4261 inquit,
1479 4210 1678 4249 «sermo
1704 4196 1768 4251 ad

280 4386 350 4445 (a)
382 4387 493 4446 Quis
515 4380 1032 4446 asseatiaturuosepho
1048 4380 1539 4446 Scaligeroasserenti
1560 4397 1765 4446 prognao

223 4439 471 4493 tuat')ledo
496 4453 689 4503 genere
719 4439 905 4503 Medum
931 4439 1041 4503 esse
1063 4453 1152 4486 non
1171 4439 1419 4503 potuisse?
1452 4439 1767 4497 Mardochvteus

222 4504 359 4564 igitur
382 4498 612 4564 nongérat
643 4498 849 4564 audaeus,
875 4500 984 4564 quia
1009 4499 1080 4564 de
1105 4498 1295 4564 semine
1312 4501 1574 4564 Judzeorum
1593 4503 1616 4551 τ
1636 4505 1762 4554 83th.

220 4558 264 4617 6',
289 4565 359 4611 13.
381 4562 496 4621 Quid
523 4558 655 4621 quod
692 4558 851 4621 Darius
873 4560 963 4603 iste
994 4558 1355 4621 d_icitur_bledus
1392 4568 1499 4608 Dan.
1526 4563 1571 4618 5,
1596 4564 1672 4621 3i,
1713 4573 1765 4613 ct

224 4616 565 4685 11,7177'Certé
599 4630 697 4685 n_on_
725 4616 873 4675 majus
896 4617 1090 4685 pondus
1112 4617 1290 4685 habent
1319 4626 1507 4685 cetera:
1535 4616 1761 4685 scaliger!

221 4684 535 4741 probationes,
562 4677 646 4741 qui
670 4676 779 4741 dum
802 4676 1085 4741 sententiam
1104 4688 1237 4741 suam
1258 4677 1319 4722 de
1336 4679 1609 4741 _.\'abonnido
1626 4676 1762 4731 nobis

220 4733 596 4800 persuadeanid
614 4736 785 4800 quibus
806 4733 954 4800 modis
972 4740 1265 4800 assequatur,
1286 4736 1524 4800 minimum
1550 4748 1697 4800 curat.

274 4800 340 4860 (b)
375 4792 934 4860 Captivitatemjsraeiis
970 4792 1409 4860 interpretor._nmi
1442 4795 1759 4848 Israelitarum

217 4851 595 4908 debdrtatibnem
623 4867 649 4899 a
672 4851 986 4899 salmanasare
1012 4851 1193 4908 factam,
1220 4854 1306 4899 sed
1327 4854 1591 4903 Judzeotum
1612 4865 1759 4907 trans-

218 4910 432 4967 lationem
470 4916 565 4963 sub
599 4910 1048 4974 Nabuchodonosoro
1089 4914 1482 4974 primamsnecte
1515 4915 1657 4974 igitur
1678 4930 1756 4965 se-

216 4982 448 5039 ptuaginta
470 4972 727 5039 servitutis
748 4982 892 5039 annos
912 4970 1052 5039 ordiri
1079 4970 1263 5017 videtur
1285 4972 1343 5039 ab
1362 4972 1489 5039 initio
1507 4970 1755 5039 bellorum,

216 5030 261 5101 et
292 5030 496 5098 a'prima
519 5030 819 5101 captivitate,
834 5040 925 5101 seu
949 5030 1007 5101 ab
1030 5036 1337 5101 annonquarto
1358 5034 1571 5101 Joacimi.
1600 5030 1755 5101 Atque

215 5098 268 5145 ita
292 5086 493 5145 censent
516 5086 601 5151 qui
644 5090 767 5151 inter
804 5086 1113 5151 chronologns
1156 5086 1372 5135 familiam
1405 5090 1595 5139 ducunt.
1630 5086 1753 5149 Quod

212 5158 361 5203 subdit
393 5156 457 5202 de
498 5148 643 5199 annis
680 5148 728 5193 in
774 5148 1016 5203 pauciores
1054 5150 1508 5209 coxitractistmagis
1551 5148 1754 5203 oratorie

212 5217 381 5263 εειίιηο
397 5215 599 5264 dictum,
626 5216 767 5267 quam
792 5216 938 5269 vere;
962 5217 1108 5269 quare
1139 5206 1531 5269 verisimilius'est
1560 5212 1683 5269 quod
1706 5217 1753 5261 in

211 5261 240 5320 δ
253 5261 477 5323 adversus
497 5261 709 5320 Judieos,
726 5268 774 5328 et
793 5261 909 5308 infra
924 5261 1100 5321 scribit,
1113 5266 1332 5325 quodque
1357 5266 1465 5314 alibi
1484 5261 1751 5328 scripserat,

212 5321 386 5391 tempus
420 5332 574 5379 fuisse
599 5321 886 5391 comp-letum
911 5334 922 5367 :
967 5335 1072 5390 quze
1097 5321 1172 5370 eat
1195 5321 1334 5371 etiam
1359 5328 1515 5384 opinio
1537 5321 1749 5391 oiigenis'

211 5380 330 5438 Itoni.
369 5380 400 5438 ι
438 5392 485 5437 in
525 5380 826 5446 Ezechielem
850 5393 861 5425 :
888 5380 1118 5446 quamvis
1142 5395 1232 5428 una
1266 5380 1649 5446 vera'sententia
1672 5392 1749 5446 sit,

210 5452 323 5509 quod
355 5447 666 5509 septuaginta
707 5439 814 5486 anni
846 5445 959 5485 tunc
996 5440 1232 5509 adﬁnem
1271 5444 1548 5509 vergebant.
1589 5439 1749 5493 Locuni

211 5498 339 5558 exodi
364 5498 437 5563 712',
464 5498 556 5560 At):
572 5502 738 5553 aliter,
761 5510 815 5544 ac
837 5510 943 5544 mea
969 5498 1159 5556 quidem
1180 5498 1419 5563 senteniia
1460 5503 1599 5561 longe
1623 5518 1749 5555 coni-

210 5572 380 5617 modius
400 5558 646 5624 accepere
680 5570 789 5615 cxx,
814 5568 867 5604 ac
891 5562 993 5616 [ost
1025 5568 1109 5603 eos
1139 5558 1382 5618 Iosephus,
1406 5558 1645 5620 Eusebius,
1672 5574 1747 5611 5c-

214 5638 360 5686 rems,
382 5624 699 5687 Augustinus.

1621 391 1684 445 IN
1725 390 2082 448 DANIELEM.

3324 414 3433 471 238

1906 499 2181 555 Jcremiam
2208 501 2534 569 prephetam,
2566 503 2616 554 in
2644 502 3077 570 complementum
3109 503 3444 556 desolationis

1902 586 2237 657 Jerosolymzn
2264 590 2587 657 septuaginta
2616 591 2757 641 anni.
2808 589 2871 641 Et
2906 588 3021 641 dedi
3056 589 3236 642 faciem
3272 605 3440 644 meam

1901 674 1965 728 ad
1994 676 2263 728 Dominum
2297 676 2493 739 Deum,
2523 687 2576 728 ut
2600 677 2926 743 exquirerem
2952 678 3240 729 orationem
3270 686 3322 729 et
3346 677 3439 729 de-

1902 764 2248 829 precationem
2287 762 2337 814 in
2373 763 2579 830 jejuniis
2618 772 2671 817 et
2712 777 2863 816 sacco
2901 772 2951 815 et
2991 764 3182 816 cinere.
3213 781 3231 813 ι
3275 764 3443 817 Cerne

1901 851 2199 919 religionem
2239 851 2522 916 prophetae.
2568 850 2635 901 Et
2673 851 2805 913 dedi,
2840 852 3019 918 inquit,
3053 852 3228 919 faciem
3261 868 3438 903 incum.

1899 936 2007 989 [Ioc
2051 945 2147 1000 est,
2195 937 2401 989 Rubore
2444 938 2665 989 suffusus
2704 953 2845 989 eram
2889 946 3037 990 antea
3063 978 3078 1002 ,
3107 953 3293 1005 nempe
3323 948 3441 991 ante

1900 1023 2339 1086 humiliationem;
2374 1039 2509 1075 nunc
2539 1038 2661 1077 vero
2689 1023 2833 1085 Dedi,
2863 1025 2910 1077 id
2959 1034 3057 1086 est,
3094 1026 3265 1077 Ausus
3301 1039 3435 1077 sum.

1898 1110 2042 1175 Quod
2073 1112 2115 1164 si
2153 1127 2263 1164 rem
2298 1111 2522 1165 debitam
2564 1112 2893 1179 postulasset,
2922 1128 3046 1166 sane
3073 1130 3174 1166 non
3201 1116 3435 1179 dixisset,

1897 1194 2028 1250 Dedi
2052 1198 2225 1265 faciem
2253 1214 2430 1260 meam,
2455 1201 2599 1266 quasi
2622 1199 2672 1251 in
2702 1199 2835 1252 facto
2861 1201 3145 1266 periculose
3174 1212 3434 1270 suscepto.

1896 1283 1949 1337 Si
1975 1299 2067 1352 pro
2093 1286 2206 1338 aliis
2229 1294 2368 1339 tanto
2394 1288 2552 1339 utitur
2578 1287 2770 1351 studio,
2800 1287 2842 1339 si
2869 1296 3005 1340 tanta
3036 1303 3150 1341 cum
3178 1289 3438 1344 frueretur

1897 1380 1998 1425 tam
2030 1373 2163 1441 apud
2194 1374 2378 1437 Deum,
2407 1390 2558 1444 quam
2602 1376 2736 1443 apud
2778 1392 2949 1444 regem
2979 1419 2992 1441 ,
3037 1378 3391 1433 benevolentia
3417 1422 3432 1445 ,

1896 1460 2076 1512 harum
2100 1469 2267 1515 tamen
2296 1477 2467 1515 rerum
2496 1464 2691 1516 nullum
2722 1478 2928 1517 sensum
2959 1465 3146 1531 habet,
3172 1469 3259 1521 sed
3287 1472 3434 1537 quasi

1895 1547 2006 1614 ipse
2028 1549 2077 1600 in
2109 1549 2257 1602 malis
2279 1560 2573 1603 versaretur
2595 1590 2610 1616 ,
2640 1552 2800 1619 magis
2840 1552 3103 1605 mordetur
3128 1568 3188 1607 ac
3218 1556 3435 1612 moleste

1893 1633 2010 1699 fert,
2045 1650 2197 1703 quam
2238 1635 2271 1688 ii
2317 1638 2403 1703 qui
2448 1638 2514 1690 ab
2552 1652 2611 1691 ea
2656 1639 2950 1693 calamitate
2976 1651 3124 1693 erant
3154 1645 3387 1709 oppressi
3419 1663 3430 1697 :

1893 1723 2150 1792 quomodo
2193 1724 2308 1792 quis
2346 1740 2461 1777 eum
2503 1725 2657 1793 digne
2698 1726 2947 1780 miretur?
2986 1727 3114 1782 Vide
3138 1740 3344 1794 autem,
3380 1742 3436 1787 ut

1892 1812 2044 1863 etiam
2082 1820 2198 1878 post
2238 1811 2350 1863 illas
2392 1811 2719 1877 amictiones,
2752 1830 2852 1867 non
2884 1830 3037 1868 ausus
3065 1817 3131 1868 sit
3158 1818 3425 1885 accedere,

1891 1898 2061 1952 donec
2080 1898 2205 1951 vidit
2229 1908 2430 1966 tempus
2449 1914 2563 1953 esse
2592 1902 2926 1968 completum.
2958 1904 3052 1957 Ubi
3078 1919 3199 1972 ergo
3230 1906 3434 1959 deside-

1893 1988 2059 2040 bimus
2088 1986 2353 2055 deinceps,
2398 2003 2492 2039 nos
2529 1989 2741 2041 miseri?
2784 1990 2915 2053 Quid
2945 1992 3036 2054 ais,
3071 2007 3102 2044 ο
3130 1993 3305 2046 Daniel
3327 1996 3348 2046 ?
3379 1996 3430 2049 in

1890 2077 2151 2143 prosperis
2183 2085 2233 2128 tu
2261 2092 2344 2139 es;
2378 2077 2628 2130 honorem
2657 2078 2815 2131 habes
2851 2094 2878 2130 a
2922 2079 3027 2132 Deo
3047 2121 3059 2143 ,
3088 2090 3140 2132 et
3170 2083 3233 2134 ab
3262 2082 3429 2136 homi-

1891 2165 2075 2227 nibus;
2108 2165 2228 2231 quid
2257 2166 2346 2219 tibi
2372 2181 2509 2220 cura:
2539 2168 2702 2220 estde
2732 2169 2969 2221 caeteris?
3012 2169 3097 2223 Sic
3134 2180 3187 2223 et
3226 2173 3428 2241 Moyses

1889 2255 2093 2323 agebat.
2120 2255 2184 2307 Et
2209 2256 2329 2323 quid
2358 2257 2462 2308 ait?
2491 2256 2554 2309 In
2574 2258 2779 2327 jejuniis
2809 2268 2854 2310 et
2890 2276 3030 2312 sacco
3054 2270 3098 2312 et
3121 2263 3301 2325 cinere,
3331 2265 3427 2318 de-

1889 2342 1991 2395 bita
2026 2344 2257 2410 exigens.
2286 2344 2416 2408 Quid
2457 2345 2617 2408 enim,
2649 2346 2691 2397 si
2721 2346 3040 2400 debebatur?
3065 2349 3138 2402 Ne
3168 2349 3300 2402 forte
3328 2350 3420 2404 Ju-

1889 2431 1986 2484 dmi
2024 2445 2079 2484 se
2115 2431 2213 2484 hoc
2248 2447 2454 2499 quoque
2495 2434 2730 2501 indignos
2772 2434 3030 2489 fecissent.
3078 2439 3225 2506 Apud
3259 2440 3422 2496 Deum

1888 2519 2077 2587 quippe
2117 2534 2217 2571 non
2264 2528 2343 2572 est
2384 2524 2695 2583 necessitas;
2725 2523 2963 2588 superior
2989 2524 3184 2591 legibus
3213 2536 3309 2578 est.
3358 2527 3423 2580 Ut

1887 2624 2169 2676 qua'rerem,
2200 2608 2381 2675 inquit,
2408 2610 2678 2662 orationem
2703 2620 2747 2661 et
2776 2611 3184 2678 deprecationem.
3231 2614 3282 2667 Id
3315 2617 3421 2682 pri-

1886 2713 2025 2751 mum
2049 2698 2234 2764 poscit.
2262 2697 2316 2751 Si
2336 2700 2600 2764 permittat
2620 2699 2765 2763 mihi,
2792 2700 2973 2766 inquit,
2998 2716 3090 2768 pro
3114 2702 3212 2755 illis
3234 2717 3415 2768 orare;

1886 2786 2125 2853 quoniam
2155 2784 2386 2837 audierat
2413 2784 2689 2838 Jeremiam
2718 2786 2812 2838 ista
2842 2787 2999 2840 verba
3027 2803 3055 2840 a
3087 2788 3301 2844 Domino
3332 2807 3417 2845 re-

1886 2874 2065 2927 tulisse
2093 2890 2106 2925 :
2136 2873 2215 2925 Ne
2241 2889 2346 2926 ores
2372 2890 2461 2943 pro
2492 2875 2672 2941 populo
2700 2876 2810 2938 isto,
2844 2886 2887 2927 et
2912 2892 2971 2928 ne
2994 2878 3207 2945 postules
3236 2896 3324 2947 pro
3347 2882 3415 2933 eis

1887 2960 2028 3033 (Jer.
2052 2963 2103 3016 Ἰ.
2130 2962 2253 3031 16).
2302 2964 2627 3016 Auxiliantur
2672 2964 2769 3031 ipsi
2815 2967 3083 3032 captivitas
3107 3008 3119 3030 ,
3150 2978 3378 3037 tempora
3401 3013 3415 3035 ,

1885 3052 2088 3119 propria
2118 3054 2295 3111 virtus,
2321 3059 2372 3103 et
2400 3052 2536 3118 quod
2558 3052 2823 3104 innumera
2855 3067 2946 3118 pro
2978 3054 3084 3107 Deo
3107 3070 3285 3121 passus
3312 3060 3412 3119 sit;

1883 3150 1935 3193 et
1978 3149 2147 3192 tamen
2182 3138 2407 3192 nondum
2435 3138 2667 3201 conlidit,
2699 3139 2788 3191 scd
2828 3141 3055 3194 cinerem
3084 3144 3416 3197 substernens

1883 3240 1934 3281 et
1963 3242 2188 3291 saccum,
2220 3228 2288 3279 ita
2318 3226 2638 3294 precabatur.
2669 3226 2800 3289 Quid
2829 3227 3073 3280 faciemus
3102 3244 3196 3281 nos
3222 3231 3306 3297 qui
3340 3231 3417 3282 in-

1881 3316 2105 3370 dolentia
2135 3329 2313 3368 sumus
2338 3314 2577 3381 praediti?
2604 3314 2751 3367 Hunc
2778 3315 3004 3381 oportuit
3034 3316 3179 3368 nobis
3206 3318 3411 3369 imitan—

1880 3406 2000 3459 dum
2026 3419 2327 3474 proponere.
2346 3404 2474 3457 Nam
2496 3420 2560 3456 ne
2581 3404 2694 3470 quis
2718 3403 2871 3467 dicat,
2893 3405 3117 3471 reliquos
3136 3406 3413 3471 prophetas

1881 3507 2087 3564 propter
2111 3502 2461 3563 paupertatem
2485 3496 2576 3545 ista
2602 3493 2782 3545 fecisse
2808 3493 2920 3558 :qui
2945 3494 3164 3543 maxime
3185 3496 3411 3547 omnium

1879 3591 2085 3637 evectus
2098 3582 2257 3634 fuerat
2273 3582 2335 3632 ad
2350 3581 2648 3647 dignitatum
2662 3578 3071 3646 amplitudinem,
3090 3579 3175 3632 ille
3196 3579 3418 3635 maxime

1879 3672 2106 3723 omnium
2128 3684 2183 3723 se
2202 3668 2463 3736 deprimit.
2493 3667 2558 3719 Et
2577 3668 2641 3720 de
2662 3667 2857 3719 semine
2889 3667 3050 3734 regni,
3073 3682 3133 3719 ac
3161 3672 3225 3724 de
3250 3672 3410 3735 stirpe

1877 3761 2016 3828 rcgia
2055 3768 2184 3822 erat,
2226 3767 2277 3812 et
2321 3767 2394 3809 tut
2440 3766 2679 3824 tantaque
2721 3757 2883 3808 fuerat
2930 3768 3293 3825 consequutus.
3338 3760 3407 3811 Ita

1876 3856 2080 3916 oportet
2099 3847 2272 3915 lugere
2292 3860 2382 3898 sua
2405 3846 2559 3908 mala,
2579 3845 2650 3897 sic
2672 3844 2890 3911 propriis
2910 3846 3151 3897 membris
3174 3861 3403 3914 parcere.

1876 3938 1996 3992 Haec
2016 3946 2095 3991 est
2116 3935 2494 3990 commiseratio
2521 3933 2905 4000 prophetarum.
2939 3934 3061 3985 Vide
3091 3945 3322 3987 nostrum
3346 3952 3407 3989 ea

1876 4036 2021 4094 parte
2067 4023 2326 4091 praecipue
2368 4035 2483 4074 esse
2521 4020 2892 4072 admirabilem.
2938 4020 3137 4089 Moyses
3163 4023 3359 4078 dicebat
3392 4041 3403 4073 :

1875 4114 2128 4183 Siquidem
2164 4112 2379 4163 remittas
2422 4111 2488 4161 eis
2518 4125 2535 4160 :
2558 4112 2633 4160 sin
2674 4111 2865 4169 minus,
2910 4113 3053 4161 etiam
3091 4127 3164 4162 me
3196 4106 3305 4160 dele
3346 4113 3405 4164 de

1871 4202 1994 4256 libro
2022 4200 2209 4269 (Exod.
2240 4199 2324 4252 52.
2357 4198 2464 4266 '52).
2496 4198 2587 4250 llic
2617 4199 2665 4250 in
2692 4198 2900 4265 jejuniis
2926 4209 2977 4251 et
3002 4200 3239 4267 lacrymis
3265 4216 3403 4254 con—

1873 4293 2013 4345 tinue
2037 4290 2273 4356 degebat.
2317 4289 2503 4341 Paulus
2540 4288 2746 4340 assidue
2788 4290 2834 4338 in
2879 4290 3196 4355 iacrymis,ct
3223 4300 3400 4343 contra

1868 4379 2154 4448 gehennam
2182 4378 2343 4445 ipsam
2371 4392 2525 4429 ausus
2552 4384 2647 4429 est.
2691 4375 2919 4441 Ipsorum
2949 4377 3117 4429 nullus
3141 4391 3292 4430 sensu
3324 4380 3402 4429 af-

1869 4466 2038 4520 ficitur
2061 4465 2384 4532 propriorum
2419 4466 2701 4524 bonormn;
2734 4462 2820 4514 sed
2846 4472 2899 4513 ut
2928 4464 2975 4513 in
3003 4477 3235 4529 corpore,
3273 4478 3396 4517 ocu-

1867 4556 1946 4608 lus
1966 4555 2083 4606 licet
2107 4552 2319 4619 pulcher
2338 4550 2420 4611 sit,
2450 4565 2549 4601 non
2574 4560 2743 4602 tamen
2771 4551 3010 4616 percipiet
3032 4566 3137 4603 sum
3158 4552 3400 4606 bonitatis

1865 4657 1925 4695 ac
1955 4638 2348 4709 pulchritudinis
2385 4652 2617 4701 sensum,
2655 4638 2695 4689 si
2736 4637 2889 4704 pedes
2918 4639 3183 4704 putrefacti
3213 4641 3315 4692 sint
3338 4654 3399 4692 ac

1864 4727 2127 4794 corrupti;
2159 4726 2223 4777 ita
2241 4736 2292 4778 et
2314 4735 2434 4777 tunc
2456 4734 2584 4776 erat.
2618 4725 2719 4777 Cur
2740 4726 2903 4777 cinis?
2930 4726 3251 4779 Admonebat
3277 4743 3395 4778 eum

1862 4818 2084 4886 propria:
2102 4823 2314 4866 naturae.
2336 4814 2439 4866 Cur
2459 4814 2671 4866 saccus?
2697 4815 2986 4881 Asperitate
3007 4815 3267 4880 deprimit.
3295 4817 3399 4869 Cur

1860 4906 2152 4976 jejunium?
2182 4904 2244 4957 Et
2271 4904 2436 4971 ipsum
2466 4918 2525 4955 ea
2552 4920 2666 4970 qua:
2687 4904 2736 4955 in
2762 4904 2997 4969 paradiso
3020 4914 3159 4969 gesta
3186 4910 3321 4959 amt,
3344 4904 3394 4955 in

1859 4995 2161 5049 memoriam
2206 4993 2497 5045 revocabat.
2539 4992 2632 5044 ilic
2666 4993 2787 5044 viris
2826 4993 3017 5043 sanctis
3056 5004 3167 5042 mos
3208 5000 3308 5056 est,
3336 5009 3403 5047 ea

1857 5098 1972 5151 qua;
2012 5081 2243 5148 afﬂigunt
2281 5080 2589 5133 consectari.
2638 5078 2815 5143 Neque
2855 5085 2986 5129 terra
3032 5078 3219 5149 dignus
3256 5091 3385 5141 sum,

1857 5173 2039 5240 inquit,
2070 5186 2235 5236 neque
2276 5171 2518 5227 vestibus,
2547 5183 2718 5235 neque
2760 5166 2913 5219 rebus
2955 5180 3069 5232 quae
3108 5165 3389 5218 secundum

1857 5272 2091 5315 naturam
2136 5271 2275 5319 sunt,
2316 5258 2403 5311 sed
2448 5257 2667 5322 graviori
2710 5257 2994 5323 supplicio,
3042 5257 3127 5322 qui
3170 5256 3390 5308 Persicis

1854 5351 2071 5401 amictus
2096 5365 2209 5401 sum
2242 5346 2489 5409 vestibus,
2523 5348 2608 5412 qui
2638 5348 2815 5397 tiaram
2843 5354 2988 5413 gesto
3010 5346 3291 5397 Persicam.
3326 5343 3387 5395 Et

1853 5440 1973 5506 quid
2000 5440 2104 5491 ait?
2128 5437 2404 5489 Videamus
2431 5433 2831 5486 confessionem.
2863 5434 2912 5485 4.
2948 5432 3008 5484 Et
3034 5432 3168 5483 oravi
3195 5432 3259 5481 ad
3290 5430 3390 5481 Do-

1852 5529 2036 5579 minum
2076 5527 2235 5577 Deum
2276 5540 2452 5575 meum.
2495 5521 2660 5576 Cerne
2688 5537 2917 5576 amorem
2946 5537 3063 5588 erga
3096 5520 3387 5572 Dominum.

1856 5616 2009 5667 Deum
2032 5630 2208 5675 meum,
2236 5613 2417 5679 inquit.
2449 5611 2543 5665 Cui
2563 5626 2663 5665 non
2685 5611 2903 5667 audebat
2923 5610 3231 5678 supplicare,
3256 5609 3390 5661 hunc
