4112 6512
691 406 803 462 239

684 520 850 573 Deum
897 534 1049 573 suum
1090 531 1259 574 vocat.
1315 522 1401 574 20.
1440 541 1458 572 ‹
1488 522 1670 575 Adhuc
1712 536 1795 574 me
1843 522 2121 590 loquente,
2166 535 2231 575 ac

683 616 867 661 orante
892 649 905 670 ,
937 617 990 662 et
1027 609 1307 662 confitente
1336 619 1545 676 peccata
1580 623 1714 673 mea,
1741 618 1795 662 et
1823 618 2030 677 peccata
2059 609 2230 677 populi

683 699 786 751 mei
828 696 1066 761 lsraelis,
1107 706 1159 751 et
1201 707 1565 766 prosternente
1607 699 2015 753 misericordiam
2063 713 2231 752 meam

683 801 860 839 coram
903 786 1122 839 Domino
1164 787 1271 841 Deo
1297 802 1449 853 meo,
1492 788 1557 841 ad
1596 796 1823 841 montem
1864 799 2095 841 sanctum
2140 788 2232 842 Dei

684 874 788 926 mei
816 891 829 926 :
859 873 947 926 21.
979 885 1034 927 et
1060 873 1230 929 adhuc
1254 889 1337 929 me
1364 875 1607 943 loquente
1648 875 1699 929 in
1740 876 2009 939 oratione,
2035 884 2088 930 et
2111 890 2233 930 ecce

688 963 769 1013 vir
797 960 1024 1026 Gabriel,
1058 978 1211 1031 quem
1235 963 1465 1017 videram
1496 966 1546 1017 in
1572 965 1768 1018 visione
1792 979 1819 1017 a
1850 966 2122 1034 principio,
2143 980 2233 1019 vo-

684 1050 797 1103 lans
821 1060 905 1103 :et
934 1052 1097 1120 tetigit
1117 1065 1201 1105 me
1221 1052 1430 1107 circiter
1456 1052 1636 1107 horam
1663 1054 1901 1108 sacrilieii
1926 1054 2227 1123 vespertini.

682 1138 773 1191 22.
804 1138 868 1191 Et
888 1138 1177 1208 intelligere
1199 1139 1317 1194 fecit
1349 1155 1450 1204 me,
1483 1150 1535 1195 et
1559 1142 1803 1210 loquutus
1826 1150 1906 1196 est
1930 1156 2155 1207 mecum,
2179 1150 2232 1195 et

683 1226 815 1279 dixit
845 1242 858 1279 :
890 1226 1103 1294 Daniel,
1124 1244 1265 1284 nunc
1282 1244 1522 1299 egressus
1543 1245 1679 1295 sum,
1701 1236 1760 1283 ut
1781 1226 2113 1285 conciliarem
2140 1231 2231 1285 tibi

685 1315 1097 1384 intelligentiam.
1130 1317 1215 1372 25.
1245 1318 1299 1372 in
1331 1318 1585 1387 principio
1608 1319 1992 1389 deprecationis
2020 1328 2121 1372 tua:
2140 1333 2233 1373 ex-

684 1403 777 1457 ivit
797 1417 973 1457 sermo
1004 1420 1018 1457 :
1047 1415 1099 1459 et
1126 1420 1223 1475 ego
1248 1408 1387 1470 veni,
1413 1417 1469 1461 ut
1492 1409 1853 1464 annuntiarem
1875 1409 1987 1477 tibi,
2008 1408 2129 1478 quia
2153 1408 2233 1462 vir

682 1490 1060 1547 desideriorum
1100 1502 1154 1546 tu
1196 1509 1255 1549 es
1291 1495 1388 1564 (a).
1420 1495 1485 1549 Et
1513 1497 1872 1552 animadverte
1898 1498 1947 1551 in
1974 1497 2152 1561 verbo,
2178 1506 2232 1551 et

684 1584 912 1653 intellige
939 1586 989 1640 in
1016 1587 1239 1641 visione.
1272 1606 1290 1638 ι
1322 1588 1497 1657 itaque
1516 1603 1633 1642 cum
1663 1588 1838 1643 dicent
1858 1588 2008 1643 nobis
2031 1587 2227 1642 Judtei:

683 1672 786 1725 Cur
815 1673 865 1725 in
893 1674 1042 1738 lsaia,
1061 1689 1180 1729 cum
1197 1675 1349 1730 Ozias
1375 1677 1440 1731 de
1467 1677 1605 1732 bello
1631 1677 2001 1743 timeret,etde
2016 1677 2230 1745 expedi-

686 1762 826 1815 tione
852 1762 1075 1817 duorum
1106 1779 1282 1833 regum
1310 1766 1410 1834 (b),
1439 1766 1691 1835 propheta
1718 1782 1959 1836 egressus
1984 1767 2127 1822 dedit
2152 1768 2229 1822 eis

682 1865 886 1920 sgnum
920 1851 1069 1922 (ικαὶ.
1095 1855 1172 1923 7),
1206 1855 1341 1924 quod
1367 1865 1485 1923 post
1508 1857 1810 1911 innumeros
1828 1872 1993 1912 annos
2021 1859 2230 1913 evenit?

683 1942 920 1997 dicemus
947 1952 1000 1998 et
1025 1959 1121 1999 nos
1146 1946 1211 2000 ad
1236 1948 1392 2001 illos:
1423 1947 1529 2003 Cur
1560 1964 1680 2003 cum
1717 1950 1892 2003 Daniel
1931 1961 2230 2019 precaretur

685 2046 781 2099 pro
807 2032 994 2094 reditu,
1025 2042 1079 2088 et
1122 2034 1190 2089 de
1233 2036 1296 2090 iis
1336 2036 1494 2091 rebus
1540 2038 1732 2108 aliquid
1769 2040 1950 2094 audire
1990 2052 2226 2108 cuperet,

682 2136 924 2190 egressus
949 2125 1183 2193 angelus,
1205 2125 1273 2180 de
1300 2127 1382 2181 his
1405 2128 1613 2196 quidem
1636 2129 1763 2182 nihil
1788 2130 2119 2191 renuntiavit,
2142 2145 2229 2184 res

683 2219 853 2263 autem
884 2210 1038 2280 longo
1069 2221 1185 2280 post
1210 2222 1445 2283 tempore
1467 2214 1667 2270 futuras
1696 2216 1940 2271 edocuit?
1966 2217 2069 2272 Sed
2095 2219 2230 2272 sicut

683 2296 768 2350 hic
804 2313 867 2351 ex
904 2300 1183 2354 abundanti
1211 2304 1551 2371 quatstionem
1577 2305 1769 2365 solvit;
1798 2306 1868 2358 ita
1895 2314 1949 2360 et
1972 2305 2098 2359 illic.
2136 2305 2227 2359 Fi-

682 2386 803 2441 dem
830 2389 969 2442 cnim
1001 2391 1279 2444 maximam
1305 2391 1428 2445 facit
1466 2393 1610 2449 urbis
1638 2394 1926 2463 erigendre,
1950 2394 2089 2464 quod
2125 2397 2227 2451 ile-

681 2488 797 2527 rum
824 2477 1072 2544 capienda
1101 2477 1311 2532 dicitur.
1344 2479 1479 2546 Quid
1507 2481 1668 2549 ergo?
1693 2497 1758 2534 an
1787 2483 1927 2550 quod
1953 2484 2077 2536 velit
2103 2497 2227 2550 pro-

682 2567 890 2633 pltetatn
931 2570 1278 2635 contristare,
1319 2570 1369 2623 id
1418 2571 1561 2639 agit?
1602 2571 1832 2637 Minime,
1859 2570 1953 2625 sed
1983 2571 2229 2626 ilebrtcos

681 2657 822 2724 enpit
850 2656 1134 2710 timidiores
1159 2657 1386 2713 efficere.
1414 2659 1480 2712 Et
1499 2674 1602 2712 non
1623 2660 1806 2722 semel,
1831 2674 1999 2729 neque
2016 2660 2114 2725 bis,
2132 2661 2226 2715 sed

680 2758 820 2810 saepe
846 2744 1050 2811 repetit.
1088 2744 1519 2813 Quandoquidem
1547 2747 1685 2799 enim
1711 2745 1883 2800 futura
1911 2748 2226 2815 prosperitas

679 2831 946 2886 sufﬁciens
967 2842 1081 2887 erat
1106 2833 1172 2887 ad
1197 2848 1381 2888 eorum
1406 2843 1637 2889 mentem
1663 2834 1941 2888 inﬂandam
1961 2876 1977 2900 ,
2005 2850 2107 2889 non
2134 2852 2224 2889 so-

679 2919 787 2973 lum
828 2922 1110 2975 instaurata
1146 2923 1389 2986 civitate,
1425 2922 1516 2976 sed
1563 2932 1618 2975 et
1662 2922 1902 2975 manibus
1942 2923 2226 2977 barbaricis

680 3007 951 3072 aedificata,
983 3008 1266 3062 barbaricis
1304 3008 1407 3063 illis
1447 3024 1566 3078 quae
1605 3024 1720 3063 eam
1760 3018 2075 3064 everterant.
2117 3009 2227 3065 Hoc

680 3099 818 3151 enim
847 3099 1002 3151 etiam
1035 3098 1192 3152 Isaias
1212 3099 1372 3162 dicit,
1400 3099 1682 3154 ostendens
1706 3101 2133 3168 omnipotentiam
2165 3115 2227 3155 ac

678 3188 883 3240 divitias
912 3187 1034 3250 Dei,
1078 3188 1341 3255 quomodo
1377 3198 1562 3256 potens
1599 3189 1667 3242 sit
1703 3191 1874 3242 omnia
1902 3197 1955 3242 et
1980 3190 2149 3242 facere
2172 3198 2225 3242 et

679 3285 883 3328 mutare
910 3274 1060 3344 (lsai.
1088 3274 1176 3328 49.
1210 3276 1316 3344 17).
1348 3276 1603 3342 Quoniam
1641 3278 1795 3345 igitur
1831 3278 2057 3329 futurum
2089 3286 2221 3342 erat,

680 3374 737 3419 ut
758 3364 953 3417 Judaeis
979 3364 1141 3431 patria
1166 3362 1300 3417 bona
1326 3364 1688 3429 redderentur,
1721 3376 1877 3433 utque
1900 3374 2225 3432 reportarem

678 3457 905 3509 illustres
942 3454 1320 3522 continuasque
1359 3454 1636 3519 victorias,
1681 3469 1812 3523 quas
1858 3463 1912 3507 et
1958 3452 2225 3522 pr0pheta:

676 3559 862 3612 magna
908 3557 1033 3595 voce
1080 3542 1365 3609 praedicant
1394 3553 1491 3598 :ut
1530 3542 1770 3596 Ezechiel
1816 3542 2045 3611 quidem,
2086 3541 2224 3609 quod

677 3641 876 3700 septem
899 3632 1049 3684 anuis
1070 3631 1497 3686 comburerentur
1515 3647 1659 3685 arma
1680 3648 1861 3687 eorum
1884 3633 1967 3698 qui
1985 3632 2223 3700 capiendi

677 3734 828 3777 erant
874 3723 1097 3792 (Ezerh.
1130 3721 1215 3776 39.
1247 3721 1357 3790 9);
1388 3722 1474 3774 alii
1517 3732 1689 3774 autem
1735 3722 2001 3788 propheta:
2040 3720 2222 3775 eadem

677 3814 887 3868 assidue
912 3812 1155 3864 dicebant
1184 3828 1195 3861 :
1226 3824 1290 3863 ne
1322 3810 1434 3870 his,
1467 3811 1675 3878 inquam
1696 3850 1709 3872 ,
1746 3810 1900 3862 rebus
1928 3810 2047 3862 elati
2073 3809 2221 3862 dete-

677 3904 844 3963 riores
872 3901 1131 3969 prioribus
1170 3899 1354 3952 fierent
1378 3940 1393 3965 ,
1431 3907 1570 3952 metu
1600 3897 1966 3965 praedictionis,
1996 3905 2047 3949 et
2083 3896 2222 3964 quod

677 3994 859 4048 eadem
888 3991 1107 4046 subinde
1131 3990 1447 4051 dicerentur,
1477 4003 1571 4042 eos
1596 3988 1736 4040 velut
1762 3987 1826 4039 ad
1860 3987 2222 4040 necessitatem

677 4084 1027 4140 inevitabilem
1055 4082 1274 4151 redigit,
1302 4090 1358 4134 ut
1383 4095 1449 4135 ne
1473 4081 1708 4133 volentes
1732 4078 1939 4147 quidem
1971 4078 2220 4145 perirent.

679 4174 746 4227 Et
766 4182 977 4242 propter
998 4170 1094 4224 hoc
1114 4180 1167 4223 et
1192 4180 1395 4237 tempus
1416 4169 1667 4221 incertum
1696 4166 1946 4229 faciebat;
1978 4167 2219 4234 quoniam

676 4279 791 4332 qua:
815 4262 1007 4315 utilitas
1025 4267 1137 4313 erat
1157 4259 1251 4311 ista
1272 4256 1603 4309 aununtiari?
1632 4255 1695 4308 Et
1724 4255 1840 4307 vide
1866 4254 2072 4323 quando
2098 4270 2221 4322 pro-

676 4353 973 4421 phetentur.
999 4347 1107 4403 Sub
1132 4349 1298 4415 ipsum
1324 4346 1568 4408 reditum,
1591 4345 1746 4397 rebus
1770 4344 1977 4396 illorum
2002 4344 2223 4411 vigenti-

676 4441 774 4493 bus
819 4454 883 4493 ac
922 4437 1247 4491 ﬂorentibus.
1293 4433 1741 4502 Quemadmodum
1772 4441 1825 4486 et
1854 4431 2077 4500 Moyses,
2105 4446 2224 4483 cum

675 4546 768 4584 eos
794 4528 1183 4583 introductnrus
1200 4533 1340 4580 esset
1366 4525 1417 4577 in
1441 4534 1631 4577 terram
1657 4521 2036 4590 promissionis,
2063 4535 2225 4588 prope

676 4622 843 4689 ipsam
889 4619 1140 4673 bonorum
1183 4615 1566 4684 perceptionem
1610 4611 1885 4680 prophetat
1927 4612 2051 4679 ipsis
2090 4612 2224 4663 mala

676 4728 792 4780 qua:
817 4726 958 4763 nunc
981 4710 1261 4771 sustinent,
1287 4706 1468 4759 dicens
1498 4721 1512 4757 :
1544 4704 1800 4757 Contcstor
1821 4703 1953 4756 vobis
1980 4702 2155 4754 cwlum
2180 4712 2225 4755 et

677 4814 859 4855 terram
884 4798 1053 4867 (Deut.
1077 4798 1126 4850 4.
1149 4795 1271 4865 26);
1304 4794 1619 4852 indolentire.
1643 4808 1797 4861 quam
1823 4791 2042 4846 felicitas
2068 4791 2222 4859 parit,

738 4955 810 5017 (a)
845 4954 927 5004 νιν
952 4950 1316 5004 desideriorum,
1334 4948 1425 5017 hoc
1437 4951 1534 5017 est,
1560 4944 1631 4993 vir
1654 4943 1968 5017 desideratus,
1994 4941 2073 5017 vel
2090 4941 2224 5017 desi-

677 5003 947 5071 derabant
980 5016 1226 5073 exponunt
1248 5003 1399 5073 sancti
1436 5014 1611 5073 Patres.
1660 5004 1888 5073 [siderum
1931 5003 2058 5073 fugit
2084 5004 2225 5073 ratio,

675 5062 1153 5135 eumiitviriginum'lib.
1178 5072 1226 5127 7,
1252 5082 1295 5118 c.
1319 5068 1548 5135 8,.scribit
1571 5066 1633 5111 dc
1667 5064 1915 5135 pauitans;
1955 5062 2226 5135 Desiderio-

676 5122 781 5184 initi
804 5122 875 5183 vir
886 5122 1157 5193 impellam:
1178 5122 1263 5187 est,
1277 5122 1429 5193 quid
1446 5138 1613 5189 panem
1644 5122 1881 5193 desiderii
1899 5134 2010 5193 Δηοη
2030 5122 2228 5193 mandu-

675 5183 814 5253 catit,
840 5200 885 5244 et
910 5183 1065 5242 uiuum
1087 5183 1475 5253 concupiscentia:
1509 5199 1601 5253 non
1639 5183 1766 5232 bibit.
1795 5189 1862 5253 lia
1890 5190 2055 5253 tamen
2082 5183 2229 5229 verba

677 5242 1032 5318 ib'siéafnactus
1052 5265 1157 5318 stu."
1180 5242 1302 5318 ίηῖελ
1325 5249 1590 5318 euersum
1611 5252 1759 5318 50"!»
1792 5245 1858 5318 65‘.
1871 5242 1988 5318 ἐφ’
1993 5254 2225 5318 ⁸1πέβοῖἱί

679 5301 863 5373 ista,
890 5311 1190 5381 ξιιηιείινλαεο
1214 5311 1284 5357 vir
1322 5301 1966 5381 ψξξῑάεηίοειξψηαξείῖψξειξξ
1976 5306 2108 5381 -9352.
2120 5301 2229 5381 “1‘13

677 5367 1097 5440 ptmem'desiderit'
1113 5383 1205 5440 nat}
1228 5368 1445 5440 comedit,
1471 5374 1513 5415 et
1539 5372 1695 5440 potum
1718 5367 2108 5440 concttpisceittue
2138 5373 2231 5407 non

682 5421 947 5493 Militia
963 5431 1116 5493 mugis
1137 5429 1375 5493 Christum
1387 5421 1723 5493 guunt'epulas
1748 5421 2064 5493 desiderabat:

837 5480 950 5559 lilio
967 5480 1123 5545 Aelius
1146 5492 1283 5559 Is.__7,
1310 5490 1353 5538 1.
1379 5480 1549 5559 Contra
1580 5480 2231 5559 Origenesuitﬁiintiokllpniilim

682 5538 1119 5623 piﬁx’m’iﬁ'uiiiiiﬁi
1142 5538 1371 5618 iudicum.
1392 5550 1609 5615 Achaeum
1634 5538 1778 5623 (male
1792 5544 1937 5623 lenim
1974 5538 2232 5623 ibiiegere

686 5602 1021 5677 Heliadum
1057 5614 1220 5671 schab)
1243 5612 1397 5677 posuit
1421 5621 1503 5675 pro
1522 5608 1644 5661 Ozia,
1670 5605 1901 5677 utetiam
1929 5602 2233 5667 manifestum

874 5661 1088 5737 tantidem
1114 5661 1375 5720 Adaitlatttii
1401 5661 1548 5723 initio,
1574 5674 1701 5711 llom.
1735 5666 1750 5711 ι
1776 5666 1821 5709 in
1851 5661 2032 5708 Isaiam.

1376 409 1432 461 S.
1469 408 1740 464 JOANNIS
1768 404 2229 463 CHRYSOSTOMI
2267 404 2574 462 ARCHIEP.
2613 408 3134 467 CONSTANTINOP.

3788 428 3893 482 240

2338 522 2656 588 mquilibrem
2685 540 2884 592 ponens
2914 528 3232 594 punitionem
3258 542 3411 594 quam
3448 524 3704 591 minatur;
3736 530 3804 579 ita
3832 540 3881 581 et

2339 607 2435 661 istc
2460 612 2686 665 continet
2717 613 2856 681 ipsos
2887 615 2937 667 in
2967 625 3128 667 metu.
3157 616 3280 669 ldco
3320 624 3372 668 et
3408 615 3687 669 Zacharias
3729 616 3880 681 pluri-

2338 714 2479 750 mum
2515 700 2565 752 in
2607 701 2719 754 istis
2756 702 2912 757 rebus
2948 713 3199 764 moratur,
3230 705 3516 772 eademque
3556 705 3877 758 manifestius

2336 784 2479 837 dicit.
2502 786 2637 839 Nihil
2659 789 2849 857 quippe
2871 790 3091 843 humana
3116 801 3295 844 natura
3324 793 3491 846 minus
3510 802 3687 859 aptum
3711 802 3792 846 est
3812 794 3872 845 ad

2338 875 2732 941 prostieritatem
2770 892 2831 931 ac
2871 878 3241 934 laxamentum.
3286 881 3459 934 Adhuc
3499 898 3575 933 me
3618 883 3877 947 loquente,

2340 961 2524 1029 inquit,
2547 964 2597 1016 in
2618 966 2856 1029 aratione,
2880 967 3009 1019 venit
3034 968 3239 1038 angelus
3260 968 3475 1033 Gabriel,
3496 969 3563 1022 illi
3594 968 3877 1035 familiaris,

2334 1050 2505 1101 volans
2524 1065 2544 1103 :
2570 1062 2617 1103 et
2645 1054 2799 1104 lenuit
2822 1070 2899 1107 me
2923 1056 3118 1108 circiter
3142 1057 3314 1108 horam
3338 1059 3568 1123 sacriﬁcii
3596 1063 3877 1126 vespertini.

2337 1135 2430 1191 Vel
2456 1153 2521 1192 ne
2548 1139 2609 1193 bs
2631 1140 2827 1195 visione
2850 1143 3237 1210 obstupclicrel,
3258 1145 3337 1198 vel
3360 1154 3413 1197 ut
3435 1145 3743 1213 intelligeret
3765 1162 3878 1214 qua:

2335 1225 2656 1282 dicerentur.
2702 1229 2770 1283 Et
2798 1233 2915 1300 quia
2947 1248 3049 1285 non
3079 1234 3268 1288 licebat
3292 1250 3349 1288 ea
3375 1236 3512 1289 clare
3541 1247 3756 1305 promer
3792 1252 3876 1291 το-

2335 1311 2502 1381 liquos
2528 1316 2781 1383 proferre,
2814 1319 2932 1385 jure
2977 1322 3138 1387 tangit
3174 1337 3313 1374 eum.
3363 1342 3381 1373 ι
3408 1323 3471 1375 Et
3496 1323 3672 1375 docuit
3703 1339 3821 1389 me,
3852 1342 3872 1374 ο

2335 1401 2519 1469 inquit,
2568 1418 2671 1457 tac
2717 1404 2959 1474 loquutus
2999 1418 3080 1461 est
3121 1424 3360 1471 mecum,
3406 1419 3461 1462 et
3487 1410 3619 1463 dixit
3651 1428 3664 1463 :
3700 1411 3875 1469 Daniel

2335 1503 2473 1543 nunc
2497 1490 2655 1557 exivi,
2683 1502 2738 1545 ut
2756 1494 3086 1549 conciliarem
3110 1497 3201 1549 tibi
3222 1497 3632 1566 intelligentiam.
3663 1499 3714 1550 In
3739 1500 3875 1566 prin-

2335 1577 2471 1646 cipio
2496 1579 2881 1648 deprecationis
2907 1594 3007 1639 tum
3027 1588 3186 1639 exivit
3214 1602 3386 1640 sermo
3411 1606 3423 1640 :
3456 1598 3508 1642 et
3533 1604 3630 1657 ego
3658 1591 3794 1653 veni,
3826 1599 3875 1643 ut

2335 1670 2684 1724 renuntiarent
2709 1672 2820 1738 tibi,
2839 1674 2957 1741 quia
2980 1676 3059 1727 vir
3074 1675 3447 1730 desideriorum
3472 1688 3523 1729 tu
3549 1693 3621 1731 es.
3641 1678 3705 1731 Et
3720 1680 3877 1731 anim-

2333 1755 2544 1811 adverte
2570 1758 2621 1811 in
2652 1760 2831 1825 verbo,
2858 1770 2911 1815 et
2948 1762 3177 1832 intcllige
3221 1765 3273 1818 in
3317 1765 3535 1819 visione.
3574 1785 3594 1817 ι
3627 1767 3871 1827 Attende.

2334 1844 2519 1913 inquit,
2545 1860 2606 1901 ea
2632 1863 2752 1916 quas
2776 1849 3037 1903 dicuntur.
3085 1851 3213 1906 Cum
3252 1852 3389 1906 enim
3431 1853 3619 1922 aliquis
3653 1854 3721 1909 de
3760 1856 3876 1910 aliis

2333 1936 2541 2003 quidem
2571 1946 2739 2005 rogat,
2766 1939 2867 1992 alia
2893 1954 3017 1993 vero
3043 1940 3206 2004 audit,
3231 1943 3391 1997 multa
3423 1950 3546 1995 tunc
3574 1943 3768 2012 indiget
3793 1953 3864 1997 at-

2334 2024 2580 2078 tentione.
2608 2024 2696 2079 25.
2725 2024 2791 2079 Et
2813 2027 3007 2095 redibit,
3035 2039 3079 2082 et
3098 2028 3426 2096 wdiﬁcabitur
3444 2031 3607 2099 platea
3630 2042 3676 2083 et
3703 2049 3876 2085 nun-o-

2331 2129 2441 2165 rum
2489 2116 2715 2168 ambitus.
2766 2117 2984 2181 Quidam
3041 2132 3160 2172 esse
3213 2117 3391 2172 dicunt
3436 2135 3637 2174 murum
3664 2161 3678 2184 ,
3719 2138 3873 2190 quem

2332 2205 2554 2273 Agrippa
2577 2206 2804 2260 condidit
2836 2205 2931 2277 (a).
2965 2226 2984 2258 ι
3010 2208 3077 2261 Ει
3096 2209 3479 2263 evacuabuntur
3503 2219 3755 2278 tempora.
3785 2212 3871 2263 26.

2334 2295 2399 2347 Et
2423 2305 2538 2362 post
2578 2295 2930 2352 hebdomadas
2970 2298 3237 2367 sexaginta
3273 2298 3403 2352 duas
3440 2300 3873 2353 exterminabitur

2332 2385 2536 2447 unctio;
2563 2396 2617 2438 et
2639 2384 2893 2452 judicium
2932 2401 3035 2439 non
3075 2395 3156 2440 est
3199 2386 3250 2440 in
3288 2402 3352 2441 eo
3380 2405 3395 2440 :
3427 2396 3481 2442 et
3517 2388 3778 2442 civitatem
3825 2400 3875 2443 et

2330 2475 2679 2529 sanctuarium
2705 2476 2974 2530 labefaciet
3000 2489 3117 2529 cum
3144 2476 3309 2539 duce;
3340 2487 3391 2531 et
3415 2478 3719 2531 excidentur
3742 2479 3873 2532 sicut

2330 2561 2382 2615 in
2403 2561 2614 2627 diluvio,
2648 2573 2701 2617 et
2726 2578 2889 2632 usque
2913 2563 2978 2617 ad
3007 2563 3160 2619 linem
3190 2564 3311 2618 belli
3338 2566 3534 2619 concisi
3559 2566 3872 2619 calamitati-

2328 2652 2445 2706 bus.
2475 2651 2563 2705 27.
2605 2653 2667 2706 Et
2704 2653 3030 2707 confirmabit
3071 2662 3434 2708 testamentum
3466 2656 3641 2709 multis
3670 2654 3873 2708 hebdo-

2329 2756 2440 2795 mas
2484 2757 2605 2796 una.
2636 2760 2655 2794 ι
2703 2742 2830 2797 Vide
2875 2752 2931 2798 ut
2968 2744 3267 2798 terribiliter
3301 2744 3437 2797 mala
3465 2754 3692 2799 enarret.
3731 2764 3749 2796 ι
3783 2745 3873 2799 Vel

2328 2830 2598 2885 dimidium
2637 2832 3007 2899 hebdomadis,
3038 2846 3244 2887 cessare
3282 2832 3434 2886 faciet
3476 2834 3758 2902 thymiama
3781 2874 3796 2895 ,
3822 2843 3876 2888 et

2327 2921 2657 2985 sacrificium,
2676 2930 2729 2974 et
2751 2921 2973 2975 libamen
2994 2938 3008 2986 ;
3036 2930 3088 2974 et
3106 2936 3262 2989 super
3288 2922 3534 2989 templum
3553 2923 3875 2976 abominatio

2328 3008 2662 3063 desolationis
2679 3047 2695 3073 ,
2726 3018 2781 3063 et
2809 3024 2970 3078 usque
2996 3008 3062 3062 ad
3090 3011 3590 3063 consummationem
3620 3012 3874 3077 temporis

2328 3099 2772 3152 consummabitnr
2799 3099 2850 3151 in
2877 3097 3270 3153 desolationem.
3300 3116 3320 3149 ι
3368 3097 3494 3151 Vide
3533 3108 3587 3151 ut
3626 3099 3676 3150 in
3720 3099 3875 3151 rebus

2327 3187 2557 3241 tristibus
2577 3186 2805 3240 sermoni
2827 3188 2981 3240 linem
3008 3187 3330 3255 imposuerit,
3354 3197 3405 3239 et
3430 3202 3489 3240 ea
3517 3188 3727 3255 quidem
3758 3203 3875 3254 qua:

2326 3275 2460 3329 bona
2482 3282 2631 3328 erant
2657 3274 2879 3330 obscure
2905 3274 3120 3338 dixerit;
3150 3274 3250 3328 hoc
3271 3275 3407 3327 enim
3438 3274 3536 3327 sibi
3563 3275 3673 3326 vult
3700 3275 3828 3326 illud
3858 3291 3873 3326 :

2326 3364 2643 3431 Con/irmabit
2662 3366 2829 3417 multis
2855 3374 3191 3417 testamentum
3228 3363 3492 3416 hebdoma:
3530 3379 3664 3425 una;
3709 3364 3875 3415 tristia

2325 3467 2472 3515 vero,
2501 3452 2799 3521 frequenter
2826 3461 2880 3505 et
2914 3467 3073 3520 sarpe.
3102 3449 3167 3504 Et
3191 3451 3488 3504 abominatio
3512 3451 3833 3504 desolatiom's
3858 3468 3877 3505 :

2327 3541 2377 3597 id
2408 3552 2506 3608 cst,
2536 3558 2652 3611 quae
2688 3543 2755 3595 ab
2789 3541 3020 3595 Adriano
3057 3540 3191 3594 facta
3228 3549 3309 3594 cst
3346 3538 3439 3609 (b).
3480 3539 3603 3592 llaec
3642 3541 3877 3608 apertius

2327 3633 2606 3687 Zacharias
2628 3673 2643 3696 ,
2670 3632 2756 3700 qui
2783 3632 2938 3686 etiam
2966 3647 3050 3685 res
3074 3629 3375 3685 commodas
3402 3628 3635 3697 praedicit
3663 3639 3879 3697 pmpter

2326 3738 2418 3779 eos
2445 3724 2531 3792 qui
2555 3731 2931 3777 remanserant.
2961 3720 3216 3775 Fortassis
3243 3727 3295 3772 et
3315 3720 3365 3772 in
3396 3716 3625 3788 Egypto
3653 3719 3874 3771 totidem

2326 3827 2492 3867 annos
2515 3810 2638 3866 fecit
2664 3810 2766 3881 (c);
2807 3819 2859 3864 ct
2894 3826 2995 3862 non
3027 3808 3315 3863 labefactati
3336 3814 3456 3861 sunt
3487 3824 3500 3859 :
3530 3821 3667 3860 nunc
3694 3816 3874 3861 autem

2327 3916 2432 3956 non
2464 3900 2685 3969 amplius
2724 3909 2994 3967 exspectas
3028 3897 3145 3952 ista.
3184 3895 3313 3951 Vide
3336 3905 3389 3950 et
3417 3894 3537 3948 alia.
3576 3893 3796 3949 Judaeus
3823 3895 3877 3949 in

2386 4095 2459 4156 (α)
2490 4095 2623 4156 A_dil._0
2642 4094 2712 4141 sis
2732 4091 2791 4156 ad
2809 4089 3067 4156 losephum
3088 4086 3249 4156 Antig:
3274 4085 3449 4156 Judaic:
3588 4084 3665 4155 l9,
3688 4098 3798 4156 (sap.
3830 4087 3879 4143 7,

2327 4164 2377 4205 et
2391 4144 2482 4204 “lib.
2505 4154 2536 4201 2
2570 4154 2633 4202 de
2670 4151 2800 4200 Bello
2834 4144 3036 4205 Judaico,
3061 4161 3164 4207 cap.
3192 4144 3267 4205 19,
3287 4157 3394 4207 quae
3416 4146 3510 4194 duo
3530 4144 3631 4193 loca
3653 4144 3787 4207 inter
3825 4159 3882 4195 se

2325 4216 2544 4265 conferre
2567 4215 2942 4275 pretiumoperte
2957 4210 3064 4257 erit.
3078 4206 3330 4275 Verior-em
3351 4207 3701 4275 expositionem
3718 4206 3884 4275 disces

2327 4289 2389 4325 ex
2413 4276 2532 4334 aliis,
2557 4265 2701 4334 atque
2724 4265 2844 4334 adeo
2856 4284 2929 4334 _e_x
2959 4274 3125 4334 βρευο
3148 4268 3290 4316 tertio
3310 4265 3472 4315 contra
3501 4265 3709 4313 Judaeos.
3751 4273 3883 4327 Lege

2323 4329 2575 4394 Origenem
2593 4329 2651 4381 ad
2672 4332 2826 4380 Matth.
2852 4330 2927 4376 2L
2954 4329 3027 4375 15.
3152 4387 3161 4394 ·
3240 4385 3248 4394 _

2443 4382 2543 4456 ﬁt
2564 4395 2849 4456 hicquoque
2871 4401 2977 4456 cum
3003 4384 3437 4456 cteteris_videndtts
3452 4390 3500 4428 Β.
3517 4382 3886 4456 Chrysostomns

2326 4444 2465 4503 allata
2500 4444 2714 4510 homilia';
2741 4444 3089 4511 notandumque
3111 4445 3259 4511 multo
3281 4453 3392 4511 ante
3418 4444 3885 4511 tempora‘ttadriani

2326 4502 2528 4575 ccepisse
2553 4502 2778 4575 vastitatis
2798 4502 3207 4575 abominatiouem.
3236 4504 3324 4552 Sed
3344 4503 3406 4575 de
3525 4502 3755 4575 omnibus,
3770 4505 3886 4575 lusa

2328 4562 2633 4635 interpretes,
2656 4572 2958 4635 maximeque
2975 4569 3357 4635 s._l‘lieronymn‘s.
3384 4562 3402 4621 (
3427 4562 3782 4635 a‘atjttjslipsrgn
3806 4562 3884 4635 die

2333 4621 2439 4683 cere
2454 4621 2854 4693 'Clirysbstomwn
2880 4621 3383 4693 "Homilta_5"contra
3416 4621 3653 4693 :ludtzos.
3706 4623 3769 4693 Τ.
3816 4622 3882 4693 1‘:

2334 4682 2654 4754 βδέλυγμα”δὲ
2697 4692 2981 4754 ἐρημώᾳεωε
3007 4688 3094 4754 ea!
3119 4685 3377 4754 ἀνδριάντία,
3414 4683 3482 4754 ὃνΔ
3504 4682 3701 4754 {fuerat
3729 4684 3770 4748 ’ὁ
3803 4684 3889 4735 τήν

2331 4739 2462 4813 se...
2479 4739 2835 4813 ἓωιθελὼνβνδὸν
2860 4751 2906 4796 ἐν
2924 4751 2991 4807 τῷ
3009 4748 3135 4813 vagi;
3156 4739 3361 4804 et'pauto
3379 4746 3483 4802 post
3504 4739 3589 4797 au,
3609 4739 3893 4789 .tdrianum

2332 4810 2477 4871 fuisse
2495 4824 2599 4859 eum
2619 4810 2700 4873 qui
2720 4816 2922 4858 statuam
2943 4805 3136 4873 erexit).

2389 4878 2457 4938 (c)
2492 4877 2546 4923 In
2578 4863 2873 4938 ﬁgam“
2894 4863 3269 4938 ³⁸³.¹³⁸Τέ,ῧτ¹¹ἒτ”
3289 4873 3448 4938 τῗσῖῗῗ
3467 4863 3888 4938 ίὲξθίέῗιηίὲίῗθ

2328 4915 2874 4997 hidperqua—mﬁdiliicilfis
2896 4915 2986 4972 est'.
3011 4915 3162 4997 Quod;
3172 4921 3679 4997 ﬁngisﬁnmhfmr“:
3688 4915 3886 4997 afﬂigit:

2327 4974 2913 5057 ἔὲὲίὶέἓὲξ”“ιίὶὶο“ἶέέίι³δν
2956 4974 3046 5029 ηαδ
3079 4974 3887 5057 5.""sﬂimﬂi‘ﬁlsfﬂﬂifﬂ‘iiﬁi‘!

2585 5031 2693 5099 esse
2713 5031 2772 5095 ac
2782 5031 3304 5104 ineg'quemadmodum
3325 5035 3563 5104 interdum
3587 5031 3889 5104 usurpatur;

2329 5072 2418 5116 μετά
2438 5072 2566 5104 luem
2585 5072 2693 5099 €556
2713 5072 2767 5095 ill;
2782 5072 2892 5100 κατα,
2912 5072 3304 5107 ιιυνιιωυη-ιςνυ...
3327 5072 3440 5084 ...μη
3452 5072 3563 5081 ...ηπ
3590 5072 3697 5081 -,,,,
3714 5072 3850 5103 ζῇ-..-
3873 5072 3889 5091 υ

2330 5120 2447 5164 adeo
2475 5124 2525 5163 ut
2557 5121 2603 5159 Β.
2631 5112 2985 5169 Chrysostotmts
3018 5099 3221 5169 voluerit
3252 5093 3891 5169 praesentemgealgrnigtgp,

2328 5151 2609 5229 ἷῦὀέὶοἲῦιῆζ
2635 5151 2899 5218 Ῑῖἧὲἦιήῖιὸιι
2920 5166 3234 5229 accepturam.
3253 5151 3386 5229 hiqua
3396 5155 3585 5229 ξιξίξειέίέ
3597 5151 3892 5229 feriati:th

2332 5212 2833 5297 iﬁﬁﬁ'aigtidiiitiibm
2858 5224 3000 5291 tertio
3036 5212 3268 5297 adversus
3304 5212 3891 5297 Judmliligeuggi'me

2365 5273 3078 5355 έιῑξδςιῖίίῖιῖί-ῑῑ
3104 5273 3539 5355 “secuemit
3562 5273 3635 5355 ’3‘:
3661 5273 3894 5355 4.95.31.2-

2360 5337 2675 5405 ausaausa
2704 5337 2909 5409 Ιὶιὶὸνιιηι
2936 5337 3117 5409 δέξατ’.
3141 5349 3233 5409 qua
3261 5337 3625 5409 ,WWI'W'U’.‘
3648 5340 3893 5409 5539??!

2331 5416 2417 5478 fuit
2441 5403 2889 5478 quodi'igtye'ntoruttt
2904 5403 3497 5478 ‘eLttigiutia'nn'oli-um;

2333 5456 2579 5525 ansas
2600 5456 3008 5525 ἰιὲιιάοωθάπυῐῐι
3041 5456 3290 5525 ιξῖιωετυξῐι
3310 5456 3611 5525 Ροοβάίὲτὲἓ
3631 5460 3898 5525 εξρξξηςιρ·

2612 5508 2881 5577 ib‘éuiﬁ'ﬁén
2907 5520 3029 5567 male
3052 5518 3207 5583 forsan
3229 5513 3447 5583 divinavi.
3465 5512 3547 5583 qui
3571 5508 3897 5583 meliora

2336 5570 2765 5645 animi;
2781 5570 3030 5642 impertiat.
3055 5582 3215 5625 Posset
3232 5574 3376 5620 etiam
3409 5570 3568 5626 scribi,
3586 5570 3833 5629 recentia,
3856 5572 3901 5620 id

2341 5666 2431 5711 est,
2453 5655 2731 5701 ’κληῖδα-μυί.
