4066 6478
649 382 754 436 241

645 493 799 548 τερον
829 475 927 545 τῆς
954 475 1174 536 πόλεως.
1208 473 1299 536 Τίς
1331 474 1385 525 δὲ
1411 473 1543 535 ὅλως
1571 472 1697 542 περὶ
1721 470 1972 523 ὲπανόδου
2007 462 2186 528 εἷπενς

648 562 852 623 Οὐδείς.

1257 642 1494 694 ΚΕΦΛΛ.
1536 643 1591 693 ι’.

731 729 826 780 Ἐν
855 729 969 781 ἔτει
1008 727 1177 792 τρίτῳ
1219 727 1322 778 τοῦ
1367 724 1669 788 βασιλέως
1712 722 1956 790 Περσῶν
2001 721 2194 788 Κύρου

651 816 828 881 λόγος
865 814 1251 878 ἀπεκαλύφθη
1289 811 1366 874 τῷ
1394 808 1632 875 Δανιὴλ,
1663 805 1733 862 οὗ
1777 808 1842 860 τὸ
1879 809 2060 874 ὄνομα
2097 807 2196 857 ἐπ-

653 897 876 962 εκλήθη
933 895 1262 962 Βαλτάσαρ.
1315 895 1422 946 Kal
1453 893 1734 960 ἀληθινὸς
1776 895 1809 944 ό
1857 894 2068 957 λόγος’
2101 889 2197 941 και

657 982 906 1048 δύναμις
932 981 1157 1046 μεγάλη
1189 980 1282 1029 καὶ
1333 979 1579 1039 σύνεσις
1619 976 1789 1041 ἐδόθη
1830 974 1986 1037 αὐτῷ
2029 973 2097 1025 ἐν
2126 971 2200 1039 τῇ

657 1063 926 1128 ὀπτασίᾳ.
964 1064 1056 1113 Ἑν
1100 1062 1224 1124 ταῖς
1264 1061 1502 1128 ἡμέραις
1547 1061 1797 1122 ἐκείναις
1834 1057 1945 1125 ἐγὼ
1982 1056 2202 1122 Δανιὴλ

659 1147 816 1215 ήμην
845 1144 1073 1198 πενθῶν
1103 1144 1252 1210 τρεῖς
1279 1143 1616 1208 ἑϐδομάδας.
1661 1145 1861 1209 Ἄρτον
1889 1139 2203 1208 ἐπιθυμιῶν

660 1235 767 1285 οὐκ
798 1233 1038 1298 ἔφαγον,
1067 1232 1162 1282 καὶ
1197 1229 1334 1297 κρέα
1362 1229 1455 1280 καὶ
1488 1230 1648 1293 οῖνος
1675 1231 1783 1281 οὐκ
1813 1224 2092 1292 εἰσῆλθον
2119 1227 2204 1290 εις

662 1317 725 1370 τὸ
757 1318 946 1383 στόμα
977 1333 1114 1382 μου,
1152 1316 1245 1366 καὶ
1286 1314 1536 1382 ἄλειμμα
1577 1315 1686 1366 οὐκ
1728 1311 2069 1379 ἠλειψάμην
2098 1309 2205 1374 ἕως

664 1401 836 1467 τριῶν
865 1399 1196 1468 ἑϐδομάδων
1221 1397 1468 1466 ἡμερῶν.
1505 1397 1656 1460 Τίνος
1688 1397 1868 1449 ῑνεκεν
1897 1394 2055 1447 πάλιν
2083 1409 2207 1446 πεν-

667 1487 772 1549 θεῖς
800 1486 860 1536 El
886 1484 990 1553 γὰρ
1013 1484 1073 1534 τὸ
1097 1483 1305 1551 πρῶτον
1325 1484 1438 1542 ἔτος
1460 1481 1639 1550 Κύρου
1662 1480 1846 1548 ἀνέϐη,
1869 1479 2008 1541 τινος
2029 1478 2208 1530 ἕνεκεν

669 1569 878 1632 πενθεῖς
907 1569 999 1620 καὶ
1030 1566 1202 1628 πάσας
1231 1566 1457 1635 ἡμέρας,
1487 1565 1629 1626 εἰκὸς
1676 1565 1840 1633 μίαν;
1875 1563 2032 1616 πάλιν
2061 1562 2209 1614 οὐδὲν

670 1655 882 1719 ἀκούει,
914 1655 1052 1722 ὑπὲρ
1097 1647 1168 1704 ὧν
1203 1652 1433 1720 εὔχεται.
1475 1652 1625 1720 Ἐμοὶ
1669 1651 1841 1709 δοκεῖ,
1883 1650 1962 1701 ὅτι
1999 1647 2210 1716 εὔχεται

673 1744 809 1796 ὥστε
842 1740 1059 1807 λυθῆναι
1088 1739 1153 1791 τὰ
1181 1739 1324 1790 δεινὰ
1350 1739 1537 1790 ταῦτα.
1577 1737 1710 1788 Ἀλλ’
1747 1736 1895 1788 οὐδὲν
1928 1733 2160 1786 τοιοῦτον
2185 1733 2212 1784 6

673 1827 832 1889 Θεόςο
874 1826 966 1878 καὶ
996 1825 1138 1892 λέγει
1190 1823 1512 1892 σαφέστερον
1555 1822 1701 1874 αὑτό.
1735 1820 1945 1873 Μᾶλλον
1977 1820 2031 1871 δὲ
2075 1817 2212 1870 ὥστε

675 1913 879 1972 πάντας
923 1908 1156 1962 ἀνελθεῖν
1185 1907 1416 1976 εὔχεται.
1463 1905 1526 1958 El
1557 1906 1650 1958 καὶ
1683 1905 1889 1974 μεγάλα
1929 1904 1996 1956 τά
2041 1901 2212 1966 δεινὰ,

680 1993 771 2045 καὶ
802 1990 1044 2042 ἐϐούλετο
1076 1989 1361 2042 ἀποϐαλεῖν
1402 1989 1498 2058 τὴν
1539 1987 1787 2057 πατρίδα.
1818 1985 1998 2047 Οὕτως
2037 1985 2091 2036 δὲ
2126 2001 2217 2036 σα⁴

681 2077 933 2144 φέστερον
959 2074 1087 2125 αὐτὸ
1111 2074 1273 2141 λέγει,
1300 2075 1391 2125 καὶ
1416 2073 1810 2143 ἀκριϐέστερον.
1837 2072 1977 2141 Ὅρα
2005 2070 2066 2136 δὴ
2094 2086 2220 2120 πανο

681 2159 842 2229 ταχοῦ
887 2161 974 2211 τὸν
1025 2159 1216 2229 Δανιὴλ
1261 2159 1357 2227 οὐχ
1409 2156 1588 2219 ἀπλῶς
1639 2157 2054 2223 ἑπιτυγχάνοντα
2112 2152 2216 2205 τῶν

683 2247 871 2313 δψεων,
915 2244 1046 2296 ἀλλά
1095 2246 1226 2311 μετὰ
1258 2241 1530 2311 νηστειῶν.
1558 2243 1684 2293 Ὅτε
1718 2241 1819 2292 ἔδει
1857 2239 1916 2290 τὸ
1953 2240 2082 2307 ὄναρ
2117 2255 2218 2307 μα·-

685 2331 817 2392 θεῖν,
851 2329 1066 2396 νηστεία
1096 2330 1455 2396 προηγήσατο.
1483 2328 1608 2380 Ὀτε
1637 2324 1872 2394 Γαϐριὴλ
1902 2325 2092 2392 ἐφάνη,
2134 2341 2221 2391 νη-

689 2415 833 2464 στεία
869 2413 1025 2464 πάλιν
1052 2413 1139 2463 καὶ
1175 2412 1359 2472 σποδὸς
1388 2410 1478 2462 καὶ
1513 2411 1728 2470 σάκκος.
1750 2411 1876 2460 Ὀτε
1909 2402 2058 2468 οὗτος
2097 2408 2220 2473 φαί-

686 2513 852 2560 νεται,
897 2497 984 2548 καὶ
1023 2496 1237 2564 νηστεία
1279 2496 1370 2546 καὶ
1407 2497 1558 2563 εὐχή.
1601 2494 1735 2545 Ἀλλ’
1773 2494 1871 2560 ὅρα
1911 2494 2001 2543 καὶ
2044 2491 2227 2542 τοῦτον

689 2582 1109 2648 ἀπολογούμενον
1134 2579 1276 2647 αὺτῷ
1307 2579 1505 2646 σχεδόν.
1536 2577 1640 2631 Kal
1671 2578 1740 2628 ἐν
1774 2577 1956 2644 ἡμέρᾳ
1988 2575 2228 2642 εἰκοστῇ

691 2668 785 2718 και
831 2667 1070 2732 τετάρτῃ
1105 2665 1207 2716 τοῦ
1249 2665 1438 2730 μηνὸς
1488 2663 1592 2715 τοῦ
1628 2662 1874 2728 πρώτου,
1921 2660 2031 2728 ἐγὼ
2071 2661 2230 2728 ἢμην

691 2753 966 2819 ἐχόμενος
1008 2750 1109 2802 τοῦ
1143 2748 1402 2815 ποταμοῦ
1439 2748 1541 2800 τοῦ
1580 2747 1862 2815 μεγάλου,
1891 2743 2064 2808 οὗτός
2103 2748 2230 2799 ἐστι

700 2838 904 2904 Τίγρις.
939 2837 1041 2888 Kal
1077 2833 1184 2903 ἦρα
1217 2834 1354 2898 τοὺς
1387 2835 1722 2900 ὀφθαλμούς
1755 2849 1892 2900 μου,
1924 2833 2017 2884 καὶ
2041 2827 2228 2884 εἶδον·

697 2922 791 2973 καὶ
817 2921 944 2972 ww
970 2921 1120 2986 ἀνὴρ
1165 2918 1543 2986 ἐνδεδυμένος
1570 2918 1754 2984 ,ϐαδὶμ
1773 2953 1788 2977 ,
1829 2917 1925 2969 καὶ
1957 2919 1994 2983 ἡ
2039 2916 2230 2983 ὀσφὺς

697 3005 880 3058 αὐτοῦ
911 3002 1328 3071 περιεζωσμένη
1367 3003 1591 3070 χρυσίῳ
1614 2999 1796 3068 war.
1838 3001 1932 3053 καὶ
1963 3000 2027 3053 τὸ
2068 2998 2234 3068 σῶμα

697 3091 881 3143 αὑτοῦ
904 3089 1042 3141 ὡσεὶ
1067 3087 1328 3154 Θαρσεῖς,
1353 3087 1445 3138 καὶ
1471 3088 1533 3138 τὸ
1556 3087 1872 3153 πρόσωπον
1892 3085 2074 3139 αὐτοῦ
2095 3084 2235 3136 ὡσεὶ

699 3177 902 3243 ὅρασις
957 3173 1281 3240 ἀστραπῆς,
1317 3172 1412 3223 καὶ
1464 3175 1515 3224 ol
1544 3172 1829 3239 ὀφθαλμοὶ
1880 3169 2062 3224 αὐτοῦ
2096 3170 2235 3222 ὡσεὶ

702 3258 1006 3325 λαμπάδες
1036 3259 1238 3323 πυρὸς,
1271 3257 1364 3307 καὶ
1391 3259 1442 3308 οι
1466 3257 1781 3322 ,βραχίονες
1830 3254 2011 3308 αὐτοῦ
2044 3255 2136 3306 καὶ
2168 3254 2238 3305 τὰ

703 3343 891 3410 σκέλη
915 3345 989 3406 ὡς
1015 3343 1208 3408 ὅρασις
1240 3340 1462 3408 χαλκοῦ
1491 3342 1852 3402 στίλϐοντος,
1885 3339 1979 3394 καὶ
2007 3339 2043 3403 ὴ
2073 3339 2237 3406 φωνὴ

708 3429 819 3481 τῶν
851 3431 1042 3496 λόγων
1067 3426 1246 3479 αὐτοῦ
1276 3427 1352 3490 ώς
1383 3425 1547 3492 φωνὴ
1579 3425 1780 3494 ὄχλου.
1812 3425 1916 3477 Kal
1945 3419 2104 3476 εἶδον
2130 3423 2242 3492 ἐγὼ

707 3514 924 3578 Δανιὴλ
962 3513 1143 3580 μόνος
1191 3511 1300 3575 τὴν
1349 3512 1659 3572 ὀπτασίαν,
1705 3511 1797 3562 καὶ
1833 3513 1884 3562 οἱ
1937 3509 2139 3575 ἄνδρες
2189 3511 2241 3560 ol

702 3602 823 3667 μετ’
853 3598 994 3666 ἐμοῦ
1035 3600 1141 3650 οὐκ
1187 3591 1345 3646 εἶδον
1391 3595 1501 3660 τὴν
1551 3595 1859 3656 ὀπτασίαν,
1903 3593 2036 3647 ἀλλ’
2076 3593 2112 3659 ἢ
2149 3593 2244 3644 έκ-

709 3699 921 3746 στασις
949 3681 1175 3749 μεγάλη
1203 3681 1490 3730 ἐπέπεσεν
1519 3680 1607 3730 ἐπ’
1633 3679 1867 3742 αὐτοὺς,
1905 3679 1996 3731 καὶ
2025 3677 2246 3744 ἔφυγον

713 3772 779 3822 ἐν
816 3769 992 3836 φόϐῳ.
1033 3767 1133 3819 Kal
1166 3765 1277 3832 ἐγὼ
1318 3766 1681 3831 ἀπελείφθην
1716 3765 1919 3832 μόνος,
1961 3764 2055 3816 καὶ
2088 3760 2248 3815 εἶδον

716 3855 826 3920 τὴν
871 3851 1163 3906 ὀπτασίαν
1220 3849 1333 3914 τὴν
1372 3850 1639 3918 μεγάλην
1687 3850 1934 3914 ταύτην,
1988 3847 2084 3900 καὶ
2138 3849 2248 3914 οὐχ

717 3940 1035 4004 ὑπελείφθη
1074 3937 1138 3988 ἐν
1173 3936 1300 4002 ἐμοὶ
1334 3934 1537 4002 ἰσχὺς,
1571 3934 1663 3985 καὶ
1705 3934 1741 3998 ὴ
1775 3933 1919 3994 δόξα
1963 3949 2079 3999 μου
2120 3948 2251 3997 μετ-

715 4022 978 4088 εστράφη
1005 4023 1080 4084 εἰς
1107 4019 1443 4086 διαφθορὰν,
1468 4017 1559 4070 καὶ
1583 4020 1687 4069 οὐκ
1706 4017 1999 4083 ἐκράτησα
2021 4017 2246 4082 ἰσχύος.

720 4107 824 4160 Kal
865 4106 1096 4171 ἤκουσα
1136 4120 1246 4168 την
1285 4103 1487 4169 φωνὴν
1527 4099 1641 4152 τῶν
1673 4104 1865 4167 λόγων
1909 4100 2117 4152 αὐτοῦ’
2157 4099 2252 4150 xal

718 4191 787 4243 ἐν
810 4190 884 4254 τῷ
905 4189 1156 4242 ἀκοῦσαί
1174 4204 1248 4254 με
1266 4187 1421 4252 ἥμην
1445 4183 1942 4251 κατανενυγμένος
1966 4186 2058 4236 ἐπὶ
2083 4185 2256 4250 πρόσ-

723 4278 882 4328 ωπόν
917 4293 1054 4342 μου,
1099 4274 1192 4325 καὶ
1226 4274 1288 4324 τὸ
1335 4271 1651 4338 πρόσωπόν
1676 4287 1792 4337 μου
1842 4270 1934 4320 ἐπὶ
1971 4268 2080 4333 τὴν
2121 4267 2253 4334 γῆν.

725 4362 828 4415 Καὶ
865 4361 987 4412 ἰδοὺ
1023 4359 1145 4426 χεὶρ
1191 4360 1484 4425 ἁπτομένη
1513 4374 1650 4424 μου,
1693 4357 1787 4408 καὶ
1832 4353 2022 4422 ἧγειρέ
2057 4370 2131 4421 με
2163 4354 2257 4405 ἐπὶ

724 4447 794 4500 τὰ
823 4446 1037 4513 γόνατά
1060 4462 1196 4512 μου,
1227 4444 1319 4495 καὶ
1348 4445 1440 4495 ἐπὶ
1469 4444 1534 4496 τὰ
1561 4445 1697 4510 ιχνη
1723 4441 1836 4494 τῶν
1864 4439 2100 4493 ποδῶνι
2123 4455 2260 4506 μου.

728 4533 834 4585 Kal
855 4527 979 4584 εἷπε
1006 4533 1150 4595 πρός
1167 4546 1242 4596 με
1257 4545 1269 4557 ο
1293 4530 1526 4595 Δανιὴλ,
1555 4527 1704 4594 ἀνὴρ
1727 4525 2060 4594 ἐπιθυμιῶν,
2083 4525 2265 4585 σύνες

727 4621 796 4673 ὲν
831 4618 948 4682 τοῖς
985 4617 1202 4683 λόγοις,
1228 4611 1314 4678 οἷς
1346 4616 1454 4681 ἐγὼ
1482 4612 1647 4666 λαλῶ
1673 4613 1816 4679 πρὸς
1842 4615 1932 4674 σέ,
1961 4613 2053 4664 καὶ
2093 4608 2265 4671 στῆθι

729 4705 798 4757 ἐν
825 4702 895 4768 τῇ
927 4701 1132 4754 στάσει
1164 4716 1296 4760 σου,
1329 4701 1411 4751 ὅτι
1452 4700 1564 4752 νῦν
1595 4699 1941 4762 ἀπεστάλην
1977 4695 2088 4764 ἐγὼ
2123 4694 2269 4760 πρὸς

733 4789 826 4843 σέ.
852 4788 957 4840 Kal
987 4778 1054 4838 ἐν
1089 4784 1165 4848 τῷ
1191 4785 1454 4849 λαλῆσαι
1482 4786 1665 4836 αὐτόν
1684 4785 1831 4850 πρὸς
1852 4783 1928 4849 μὲ
1957 4783 2060 4834 τὸν
2089 4782 2272 4846 λόγον

735 4875 964 4935 τοῦτον,
1004 4872 1264 4936 ἀνέστην
1295 4872 1592 4935 ἔντρομος.
1630 4869 1735 4921 Kal
1778 4865 1902 4920 εἷπε
1941 4866 2088 4937 [250]
2127 4864 2270 4931 πρός

732 4979 834 5031 με·
866 4961 960 5026 Μὴ
1001 4959 1202 5026 φοϐοῦ,
1236 4957 1474 5022 Δανιὴλ,
1503 4955 1586 5007 ὅτι
1625 4956 1740 5006 ἀπὸ
1770 4954 1876 5021 τῆς
1915 4953 2132 5021 ἡμέρας
2167 4949 2273 5015 τῆς

738 5046 987 5112 πρώτης,
1027 5040 1100 5110 hc
1123 5045 1340 5106 ἔδωκας
1375 5041 1486 5105 τὴν
1513 5041 1760 5105 καρδίαν
1795 5058 1906 5092 σου
1934 5039 2035 5091 τοῦ
2075 5033 2274 5090 συνεῖ-

738 5146 834 5182 ναι
872 5130 967 5180 καὶ
1001 5126 1330 5192 κακωθῆναι
1369 5127 1564 5178 ἔναντι
1596 5124 1810 5188 Κυρίου
1844 5123 1945 5174 τοῦ
1971 5122 2112 5174 Θεοῦ
2139 5134 2276 5180 σου,

740 5215 1128 5280 ἡκούσθησαν
1156 5214 1206 5263 οι
1230 5212 1392 5277 λόγοι
1426 5223 1561 5272 σου,
1588 5209 1683 5260 καὶ
1717 5206 1828 5274 ἐγὼ
1854 5203 2037 5275 ἦλθον
2061 5206 2128 5258 ἐν
2158 5203 2280 5268 τοῖς

739 5302 940 5366 λόγοις
972 5312 1106 5348 σου.
1143 5293 1298 5364 Ὁρᾷς
1331 5280 1464 5362 ὅπερ
1493 5293 1642 5360 ἔφην,
1676 5293 1766 5343 καὶ
1791 5290 1970 5342 τοῦτον
1995 5287 2282 5356 ἀπολογού-

748 5401 900 5454 μενον
943 5379 1087 5447 αὺτῷ
1119 5379 1328 5447 σχεδόν;
1366 5378 1496 5433 Ἀπὸ
1542 5375 1772 5446 πρώτης
1813 5376 2052 5444 ἡμέρας,
2100 5375 2280 5444 φησὶν,

805 5613 833 5646 ³
855 5615 1185 5662 'l'hcodorelus
1205 5612 1344 5673 χειρῶ
1355 5631 1389 5658 ι.

1300 359 1356 415 8.
1393 358 1673 416 JOANNIS
1705 353 2190 412 CHRYSUSTOHI
2224 351 2538 409 ARCIIIEP.
2576 352 3110 412 CONSTANTINOP.

3733 363 3852 418 242

2290 468 2653 536 ἀπεστάλην.
2679 469 2830 530 Τίνος
2849 465 2940 522 οὖν
2973 469 3155 521 ῑνεκεν
3181 465 3503 536 ὶϐράδυναςς
3537 465 3645 518 Kal
3678 469 3712 520 ό
3736 467 3841 534 ἆρ-

2288 569 2409 619 χων
2430 554 2745 618 ,ϐασιλείας
2777 554 3019 621 Περσῶν
3041 552 3298 616 εἱστήκει
3331 552 3397 614 ἐξ
3423 551 3696 615 ἐναντίας
3713 567 3842 618 μου

2290 641 2479 693 εἴκοσι
2537 642 2631 693 καὶ
2679 644 2823 710 μίαν
2870 642 3112 710 ἡμέραν.
3164 643 3431 702 Ἤκουσας
3474 640 3552 691 ὅτι
3585 640 3844 702 ἐθηκεν

2291 726 2418 792 ὅρια
2472 728 2644 779 ἐθνῶν
2693 729 2837 780 κατὰ
2877 729 3119 796 ἀριθμὸν
3155 726 3419 795 ἀγγέλων
3471 724 3686 786 αὑτοῦ;
3725 724 3843 776 Καὶ

2292 811 2512 863 ἕκαστον
2537 813 2682 875 ἔθνος
2712 813 2822 882 ἔχει
2848 815 2936 866 τὸν
2968 812 3259 881 ἐφεστῶτα,
3291 812 3382 862 καὶ
3411 809 3650 878 βούλεται
3676 808 3843 868 αὐτὸς

2295 890 2428 946 εἶναι
2460 895 2833 965 δυνατώτερος.
2869 899 2973 949 Kal
2999 898 3246 957 σύνεσις
3278 893 3450 959 ἐδόθη
3474 891 3630 954 αὺτῷ
3664 891 3733 942 ἐν
3759 887 3846 956 τῇ

2296 980 2567 1043 ὀπτασίᾳ.
2598 982 2670 1033 Οὐ
2704 981 2809 1049 γὰρ
2836 982 2989 1050 ἤρκει
3021 981 3088 1032 τὰ
3121 981 3335 1049 ῥήματα
3363 975 3564 1038 διδάξαι
3592 974 3658 1026 τά
3687 973 3848 1040 λεγό-

2301 1081 2452 1132 μενα.
2493 1063 2650 1134 Ὁρᾷς
2693 1065 2888 1134 ἑτέρως
2929 1064 3336 1132 παιδευομένους
3366 1061 3489 1122 τοὺς
3527 1061 3845 1128 προφήταςῖ

2297 1151 2405 1202 Kal
2439 1151 2537 1203 δύν
2551 1168 2684 1218 αμις
2715 1151 2944 1218 μεγάλη
2992 1151 3088 1219 τῆς
3135 1148 3323 1215 ὂψεως.
3353 1149 3556 1208 Ὄντως
3588 1146 3694 1215 γὰρ
3741 1163 3850 1214 με·

2299 1236 2458 1306 γάλη,
2488 1237 2546 1288 τὸ
2581 1238 2704 1299 τοὺς
2741 1237 3100 1305 ἠσθενηκότας
3138 1234 3340 1286 ἐκείνου
3367 1233 3458 1286 τοῦ
3489 1231 3719 1285 τοσαῦτα
3743 1246 3852 1282 πει

2304 1321 2638 1390 ριγενομὲνου
2677 1320 3046 1389 περιγενέσθαι
3080 1320 3365 1387 Ἀντιόχου.
3405 1316 3511 1371 Kal
3557 1313 3853 1382 ἀληθινὸς

2303 1408 2336 1458 ό
2377 1407 2569 1472 λόγος.
2609 1405 2820 1474 Ἐπειδὴ
2865 1421 3004 1467 τινες
3067 1403 3283 1473 ἔμελλον
3336 1403 3597 1455 ἀπιστεῖν.
3650 1394 3730 1453 Οὔ
3777 1396 3854 1450 τὸ

2306 1489 2488 1557 ὄνομα
2527 1489 2856 1556 Βαλτάσαρ.
2896 1489 3308 1557 Ἀναμιμνήσκει
3352 1503 3410 1538 σε
3447 1485 3552 1538 τῶν
3592 1482 3854 1554 πρώτων,

2307 1573 2390 1625 ἵνα
2435 1573 2735 1638 ἀξιόπιστος
2773 1576 2933 1643 φανῇ.
2967 1573 3094 1626 Ἰδοὺ
3133 1572 3305 1624 καὶτὸ
3335 1572 3512 1639 πάσχα
3545 1569 3746 1621 ἔλυσεν.
3783 1565 3855 1618 El

2306 1658 2412 1726 γὰρ
2444 1662 2500 1710 ὲν
2527 1658 2604 1726 τῷ
2632 1657 2828 1726 πρώτῳ
2872 1657 3000 1726 μηνὶ
3040 1657 3099 1709 τὸ
3133 1658 3311 1726 πάσχα
3342 1656 3563 1722 γίνεται,
3603 1648 3754 1713 οὗτος
3791 1651 3857 1704 δὲ

2313 1744 2469 1811 μέχρι
2511 1743 2608 1812 τῆς
2649 1744 2907 1813 τετάρτης
2935 1743 3140 1805 εἰκάδος
3179 1741 3271 1794 τοῦ
3309 1741 3469 1810 μηνὸς
3505 1741 3852 1809 ἑνήστευσεν.

2323 1827 2603 1896 Ἐμπίπτει
2641 1828 2696 1880 δὲ
2729 1831 2805 1890 εἰς
2834 1828 2930 1897 τὴν
2968 1826 3566 1896 τεσσαρεσκαιδεκάτην,
3597 1824 3704 1876 ἀπὸ
3747 1825 3857 1890 τῆς

2310 1913 2883 1982 τεσσαρεσκαιδεκάτης
2907 1913 2997 1964 ἐπὶ
3023 1912 3116 1982 τὴν
3147 1910 3363 1980 πρώτην
3391 1910 3593 1968 εἰκάδα,
3620 1908 3713 1960 καὶ
3739 1907 3862 1959 ἑτέ-

2316 2013 2412 2065 ρας
2448 1997 2537 2048 δύο
2564 1999 2786 2066 ἡμέρας.
2816 1998 2954 2067 Ὅρα
2995 1998 3062 2050 τὰ
3089 1997 3289 2064 νόμιμα
3329 1995 3422 2063 ἤδη
3457 1992 3855 2060 καταλυόμενα.

2315 2081 2426 2132 Οὐκ
2452 2082 2707 2150 ὲνέτρεψέ.
2725 2099 2780 2133 σε
2809 2082 2836 2132 6
2860 2081 3035 2147 φόϐος,
3060 2075 3104 2133 ὧ
3128 2081 3348 2147 Δανιήλς
3377 2077 3677 2146 Οὐχὶ,φησι.
3707 2077 3862 2146 Ὅρα

2318 2165 2417 2216 ποῦ
2451 2167 2545 2233 τὴν
2572 2165 2828 2218 ὀπτασίαν
2859 2165 3040 2232 βλέπει
3059 2183 3072 2196 ο
3106 2167 3195 2217 ἐπὶ
3227 2165 3322 2232 τῆς
3353 2165 3572 2232 ἐρήμου,
3603 2162 3862 2230 καθάπερ

2318 2251 2411 2301 καὶ
2439 2251 2688 2318 Μωῦσῆς.
2718 2251 2782 2302 Al
2811 2251 2916 2320 γὰρ
2972 2251 3149 2311 πόλεις
3206 2247 3440 2316 θορύϐων
3484 2246 3731 2313 γέμουσι,
3762 2245 3865 2297 καὶ

2318 2335 2573 2403 ταραχῆς.
2604 2335 2754 2386 Οὕτω
2786 2334 2879 2386 καὶ
2920 2337 2947 2386 6
2983 2333 3210 2401 Χριστὸς
3237 2333 3326 2384 ἐπὶ
3365 2330 3456 2382 τοῦ
3485 2332 3638 2400 ὅρους
3693 2345 3868 2397 μετα.-

2325 2419 2634 2488 μορφοῦται.
2685 2419 2794 2471 Kal
2848 2417 2971 2470 ιδοὺ
3037 2416 3268 2484 Μιχαὴλ
3329 2409 3413 2479 είς
3471 2413 3587 2466 τῶν
3640 2414 3867 2480 ἀρχόν-

2323 2519 2437 2554 των
2477 2502 2710 2569 πρώτων
2748 2499 2886 2570 ἦλθε
2916 2499 3218 2567 βοηθῆσαί·
3235 2517 3350 2567 μοι,
3381 2500 3472 2550 καί
3499 2499 3678 2552 αὑτὸν
3723 2515 3871 2550 κατ-

2323 2587 2530 2639 έλιπον
2560 2585 2679 2638 ἐκεῖ
2719 2587 2864 2653 μετὰ
2907 2585 3007 2637 τοῦ
3052 2583 3335 2650 ἄρχοντος
3371 2582 3672 2646 βασιλέως
3713 2585 3870 2649 Περ-

2325 2669 2469 2724 σῶν.
2514 2673 2617 2724 Kal
2659 2670 2844 2737 ἦλθον
2875 2673 3179 2723 συνετίσαι
3223 2685 3291 2720 σε
3325 2669 3437 2720 ὅσα
3461 2669 3874 2730 ἀπαντήσεται

2325 2755 2404 2819 τῷ
2443 2755 2564 2820 λαῷ
2585 2773 2698 2809 σου
2723 2757 2814 2807 ἐπ’
2845 2756 3110 2824 ἐσχάτων
3136 2755 3250 2807 τῶν
3276 2753 3524 2820 ἡμερῶν,
3560 2753 3646 2805 ὅτι
3667 2753 3800 2805 ίδοὺ
3831 2751 3871 2816 ἠ

2329 2842 2532 2908 ὅρασις
2554 2846 2636 2905 είς
2661 2843 2894 2908 ἡμέρας.
2928 2843 3031 2894 Kal
3061 2842 3127 2892 ἐν
3149 2840 3226 2904 τῷ
3244 2841 3505 2905 λαλῆσαι
3536 2839 3716 2891 αὐτὸν
3741 2841 3878 2905 μετ’

2329 2927 2471 2995 ἐμοῦ
2523 2926 2746 2990 πάντας
2792 2927 2928 2990 τοὺς
2979 2928 3194 2993 λόγους
3242 2926 3516 2988 τούτους,
3560 2923 3748 2974 ἔδωκα
3810 2923 3878 2974 τὸ

2331 3011 2642 3076 πρόσωπόν
2663 3026 2779 3076 μου
2816 3010 2908 3062 ἐπὶ
2941 3010 3051 3074 τὴν
3081 3008 3218 3077 γῆν,
3256 3008 3349 3060 καὶ
3378 3010 3722 3075 κατενύγην.
3763 3007 3878 3060 Kal

2334 3096 2457 3148 ἰδοὺ
2473 3097 2549 3159 ὠς
2565 3098 2815 3162 ὁμοίωμα
2835 3095 2963 3147 υίοῦ
2978 3094 3279 3161 ἀνθρώπου
3292 3093 3484 3160 ἥψατο
3501 3091 3614 3144 τῶν
3627 3092 3882 3160 χειλέων

2328 3199 2462 3248 μου.
2500 3182 2603 3232 Kal
2635 3180 2841 3245 ῆνοιξα
2869 3181 2930 3232 τὸ
2951 3183 3139 3248 στόμα
3165 3197 3301 3248 μου,
3336 3178 3430 3230 και
3456 3178 3746 3242 ἐλάλησα.
3780 3177 3882 3230 καὶ

2334 3263 2501 3319 εἶπον
2515 3267 2659 3332 πρὸς
2685 3265 2786 3316 τὸν
2804 3265 3025 3317 ἑστῶτα
3045 3266 3317 3318 ἐναντίον
3327 3277 3464 3332 μου·
3495 3265 3686 3328 Κύριε,
3710 3263 3782 3314 ἐν
3805 3260 3882 3328 τῇ

2337 3350 2534 3416 όράσει
2575 3365 2688 3402 σου
2719 3349 2982 3415 ἐστράφη
3021 3351 3088 3401 τὰ
3131 3351 3297 3413 ἐντός
3324 3367 3438 3415 μου
3485 3349 3552 3399 ἐν
3584 3347 3730 3414 ἐμοὶ,
3781 3347 3883 3398 καὶ

2339 3435 2465 3487 ίδοὺ
2504 3436 2612 3486 οὐκ
2640 3434 2755 3500 ἕχω
2787 3435 2985 3500 ισχύν.
3021 3433 3126 3485 Kal
3157 3432 3279 3497 πῶς
3311 3433 3629 3495 δυνήσεται
3670 3433 3701 3484 ό
3741 3431 3885 3494 παῖς

2340 3537 2474 3581 σου,
2507 3521 2697 3584 Κύριε,
2731 3517 2994 3581 λαλῆσαι
3029 3518 3174 3584 μετὰ
3206 3518 3308 3569 τοῦ
3344 3519 3557 3582 Κυρίου
3604 3533 3720 3583 μου
3750 3516 3886 3568 τού-

2341 3621 2478 3667 του;
2503 3604 2606 3656 Kal
2639 3602 2770 3670 ἐγὼ,
2809 3601 2925 3654 ἀπὸ
2951 3601 3054 3654 τοῦ
3091 3602 3201 3653 νῦν
3238 3603 3308 3654 οὐ
3341 3601 3622 3666 στήσεται
3658 3601 3727 3651 ἐν
3755 3599 3886 3666 ἐμοὶ

2343 3688 2536 3756 ισχὺς,
2556 3688 2648 3740 καὶ
2668 3686 2819 3750 πνοὴ
2845 3688 2952 3752 οὐχ
2971 3687 3292 3752 ὑπελείφθη
3314 3686 3382 3736 ἐν
3407 3685 3549 3752 ἐμοί.
3577 3683 3681 3736 Kal
3703 3699 3890 3749 προσ-

2343 3773 2525 3834 έθετο,
2568 3773 2662 3823 καὶ
2697 3771 2894 3836 ἣψατό
2924 3787 3040 3836 μου
3079 3771 3156 3833 ώς
3189 3771 3392 3836 ὅρασις
3423 3769 3751 3834 ἀνθρώπου,
3789 3767 3890 3821 καὶ

2345 3857 2630 3924 ἐνίσχυσέ
2655 3873 2748 3923 με,
2777 3857 2868 3907 καὶ
2896 3853 3022 3907 εἶπέ
3039 3873 3136 3922 μοι
3165 3871 3178 3884 ·
3207 3859 3299 3924 Μὴ
3331 3852 3532 3922 φοϐοῦ,
3571 3853 3721 3921 ἀνὴρ
3759 3855 3884 3906 ἐπιο

2349 3941 2585 4009 θυμιῶν,
2615 3939 2813 4007 εἰρήνη
2853 3954 2970 4002 σοι,
3001 3938 3290 4006 ἀνδρίζου,
3331 3938 3425 3990 καὶ
3455 3941 3645 4005 ισχυε.
3682 3939 3793 3989 Kal
3822 3939 3893 3990 ἐν

2350 4027 2428 4092 τῷ
2479 4027 2739 4093 λαλῆσαι
2785 4025 2968 4079 αὑτὸν
2987 4025 3112 4095 μετ’
3165 4024 3308 4093 ἐμοῦ
3337 4064 3351 4087 ,
3397 4025 3692 4092 ἐνίσχυσα
3719 4063 3735 4086 ,
3790 4023 3895 4078 καὶ

2351 4112 2546 4166 εἶπονο
2573 4113 2816 4177 Λαλήτω
2845 4115 2877 4165 ό
2917 4113 3127 4179 Κύριός
3150 4127 3287 4178 μου,
3321 4110 3407 4162 ὅτι
3425 4109 3761 4176 ἐνίσχυσάς
3792 4126 3892 4178 με.

2355 4199 2461 4252 Kal
2491 4199 2757 4260 εῖπεν,Ει
2781 4193 2942 4260 οἶδας
2982 4197 3036 4248 τί
3077 4192 3262 4263 ἦλθον
3301 4194 3446 4260 πρὸς
3478 4195 3586 4257 σέ;
3626 4195 3731 4247 Kal
3780 4196 3898 4249 νῦν

2357 4284 2687 4350 ἐπιστρέψω
2728 4283 2830 4335 τοῦ
2875 4281 3202 4348 πολεμῆσαι
3262 4282 3405 4347 μετὰ
3455 4282 3556 4335 τοῦ
3606 4283 3899 4348 ἄρχοντος

2359 4369 2617 4436 Περσῶν.
2643 4369 2745 4421 Kal
2779 4367 2889 4434 ἐγὼ
2913 4367 3362 4433 ἐξεπορευόμην,
3385 4367 3481 4418 καὶ
3504 4370 3534 4419 ό
3557 4367 3751 4433 ἄρχων
3782 4367 3902 4420 τῶν

2373 4455 2670 4519 Ἐλλήνων
2693 4453 2920 4521 ἤρχετο.
2956 4453 3100 4523 [251]
3142 4454 3290 4506 Ἀλλ’
3322 4453 3358 4519 ἢ
3394 4453 3694 4520 ἀναγγελῶ
3715 4469 3816 4506 σοι
3837 4455 3902 4508 τὸ

2362 4542 2712 4612 τεταγμένον
2748 4541 2816 4593 ἐν
2867 4538 3058 4608 τραφῇ
3086 4540 3390 4605 ἀληθείας·
3432 4541 3526 4592 καὶ
3575 4541 3681 4592 οὐκ
3733 4541 3905 4593 ἐστιν

2365 4625 2449 4693 εἷς
2485 4627 2872 4694 ἀντεχόμενος
2895 4625 3017 4692 μετ’
3056 4623 3198 4691 ἐμοῦ
3246 4624 3373 4690 περὶ
3402 4625 3621 4677 τούτων
3641 4661 3655 4682 ,
3701 4624 3842 4676 ἀλλ’
3866 4622 3902 4689 ἢ

2370 4711 2604 4776 Μιχαὴλ
2621 4714 2650 4762 ό
2670 4711 2864 4775 ἅρχων
2884 4709 3064 4775 ὑμῶν.
3078 4708 3182 4760 Kal
3201 4707 3324 4759 ίδοὺ
3344 4709 3495 4774 ἀνὴρ
3516 4709 3907 4774 ἐνδεδυμένος

2369 4796 2612 4861 στολήν.
2633 4796 2786 4854 Ἴσως
2808 4793 3092 4862 ἱερατικὴν.
3121 4792 3179 4844 Ἡ
3194 4791 3327 4858 ὄψις
3343 4792 3520 4845 αὑτοῦ
3535 4793 3612 4856 ὠς
3627 4793 3906 4858 ἀστραπὴ

2370 4876 2447 4947 ἦν
2475 4879 2660 4945 πυρὸς
2685 4877 2802 4930 ἀπὸ
2843 4875 3157 4944 ὀφθαλμῶν
3186 4877 3388 4933 αὑτοῦ.
3425 4875 3546 4938 Πῶς
3571 4879 3626 4928 ἐν
3654 4877 3908 4944 ἀστραπῇ

2373 4959 2593 5023 ἐκείνοις
2616 4962 2793 5028 ἔφαινε
2815 4977 2829 5023 ;
2850 4961 2987 5021 τινος
3008 4960 3188 5012 ἕνεκεν
3207 4960 3344 5012 οὓτω
3371 4960 3611 5029 φαίνεται
3633 4963 3662 5013 6
3685 4961 3913 5025 ἄγγελος

2375 5049 2521 5113 οὗτος
2543 5069 2558 5116 ς
2595 5047 2679 5118 ἄρ’
2703 5052 2786 5102 ἵνα
2812 5048 3050 5120 ἐκπλήξῃ
3079 5049 3166 5100 τὸν
3189 5049 3355 5118 δῆμον
3379 5066 3394 5114 ἶ
3418 5050 3509 5100 καὶ
3531 5050 3583 5100 τί
3603 5049 3660 5099 τδ
3681 5049 3877 5118 κέρδος
3905 5068 3918 5114 δ

2378 5143 2492 5192 ἰνα
2537 5141 2698 5209 πείσῃ
2749 5137 2940 5207 μηκέτι
2982 5137 3190 5189 πενθεῖν
3249 5138 3307 5189 τὸ
3367 5137 3446 5206 (f.
3490 5137 3605 5206 τῷ)
3657 5135 3922 5198 πολλάκις

2378 5231 2543 5282 ταῦτα
2587 5227 2864 5295 λέγεσθαι’
2921 5227 3204 5296 μαρτυρῶν
3253 5228 3512 5297 μαρτυρεῖ
3539 5224 3765 5292 δυνάμει
3819 5227 3923 5278 τῶν

2381 5319 2680 5388 ἐσομένων
2731 5317 2764 5384 ἢ
2819 5315 2903 5366 (va.
2934 5315 3264 5383 πιστώσηται
3308 5314 3486 5367 αὐτόν.
3532 5311 3642 5364 Kal
3673 5314 3710 5377 ὴ
3754 5313 3924 5380 φωνὴ

2378 5408 2626 5479 μεγάλη.
2657 5406 2812 5455 Ὥστε
2848 5402 2940 5456 καὶ¹
2967 5403 3132 5472 τούτῳ
3169 5400 3634 5470 καταπλήξασθαι.
3682 5400 3924 5465 Ἐξίστα-

2386 5516 2492 5561 ται,
2525 5496 2616 5547 καὶ
2665 5493 2820 5546 πάλιν
2856 5493 3162 5562 ὁμιλοῦντος
3194 5491 3485 5556 ἐξίσταται,
3522 5489 3927 5558 συγχωροῦντος

2391 5591 2537 5650 ἴσως,
2572 5583 2669 5638 οὐκ
2695 5583 3097 5646 ἀδυνατοῦντος·
3129 5580 3248 5633 ἐπεὶ
3290 5577 3547 5648 πρότερον
3580 5573 3766 5630 εἶπεν·
3812 5578 3926 5633 Ἁν-
