4112 6522
162 420 258 474 241

177 525 354 578 urbem
376 537 486 576 non
506 522 776 590 remigrat,
800 528 853 576 ut
872 530 1022 577 antea
1045 520 1140 591 (a).
1169 519 1296 588 Quis
1317 525 1490 573 autem
1511 517 1726 590 omnino

181 612 240 666 de
268 613 438 667 reditu
467 612 718 681 lv-quutus
745 612 860 667 est?
886 612 1071 667 Nemo.

825 743 974 798 CAP.
1014 742 1078 797 X.

252 873 278 926 1
345 889 363 922 ι
397 871 452 925 ln
476 886 614 928 anno
642 872 793 925 tertio
813 871 931 941 Cyri
951 871 1084 940 regis
1111 870 1385 924 Persarum
1415 866 1486 938 (b)
1515 866 1728 921 verbum

187 962 476 1016 revelatum
502 972 580 1014 est
608 961 824 1024 Danieli,
851 961 935 1028 qui
961 961 1256 1013 nominatus
1277 966 1355 1012 est
1382 958 1634 1010 Baltasar.
1665 956 1731 1010 Et

188 1066 369 1105 verum
395 1060 508 1104 erat
533 1051 743 1103 verbum
769 1066 783 1114 ;
815 1059 868 1103 et
889 1049 1119 1118 potentia
1145 1061 1328 1115 magna
1354 1056 1408 1100 et
1435 1046 1733 1113 intelligen-

187 1144 254 1195 tia
279 1142 399 1195 data
427 1150 506 1194 est
528 1143 574 1196 ei
603 1143 653 1194 in
677 1141 893 1194 visione.
920 1140 972 1192 2.
1003 1141 1058 1192 In
1081 1138 1262 1192 diebus
1290 1137 1392 1190 illis
1420 1151 1516 1204 ego
1544 1135 1724 1188 Daniel

187 1231 238 1283 in
261 1232 402 1284 luctu
432 1245 571 1283 eram
602 1238 702 1283 tres
730 1227 1100 1282 hebdomadas.
1125 1228 1176 1279 5.
1216 1227 1408 1279 Panem
1443 1223 1730 1277 desiderio-

187 1336 304 1374 rum
333 1335 436 1373 non
466 1319 695 1382 comedi,
724 1329 776 1373 et
809 1333 992 1372 carnes
1019 1332 1079 1370 ac
1101 1317 1274 1369 vinum
1296 1330 1398 1368 non
1423 1313 1734 1366 introierunt

189 1412 241 1464 in
281 1427 346 1463 os
370 1426 542 1464 meum
572 1449 588 1474 ,
619 1421 670 1462 et
700 1417 960 1478 unguento
998 1421 1102 1460 non
1131 1414 1315 1458 unctus
1342 1418 1456 1457 sum
1488 1416 1648 1470 usque
1670 1401 1733 1453 ad

188 1508 298 1553 tres
327 1496 682 1552 hebdomadas
712 1495 910 1549 dierum
949 1513 967 1545 ι
1005 1494 1097 1562 (c).
1128 1493 1300 1558 Quare
1334 1491 1523 1544 iterum
1551 1489 1736 1556 luget?

188 1588 320 1642 Nam
361 1587 404 1641 si
436 1587 630 1655 primus
660 1602 826 1639 annus
858 1585 977 1654 Cyri
1019 1583 1335 1646 advenerat,
1365 1596 1458 1635 cur
1486 1578 1666 1648 luget?
1686 1585 1739 1631 et

189 1693 377 1732 omnes
401 1677 512 1730 dies
534 1717 549 1742 ,
579 1691 693 1730 cum
731 1691 886 1728 unum
923 1674 1190 1726 dumtaxat
1219 1673 1396 1739 lugere
1435 1666 1739 1722 debuisset?

191 1767 397 1820 Rursus
427 1764 553 1816 nihil
581 1761 723 1816 audit
744 1762 806 1815 de
831 1762 893 1815 iis
919 1761 1092 1824 rebus,
1128 1774 1222 1828 pro
1252 1758 1437 1826 quibus
1458 1764 1593 1810 orat.
1612 1754 1739 1807 Mihi

193 1854 402 1907 videtur
441 1851 577 1920 quod
611 1867 702 1919 pro
740 1851 996 1903 solutione
1029 1848 1378 1902 calamitatum
1406 1843 1740 1914 prmsentium

194 1950 458 2012 precatur.
489 1941 553 1993 At
575 1940 708 1994 Deus
730 1939 854 1992 nihil
887 1940 1008 2003 tale,
1041 1937 1133 1992 sed
1159 1937 1381 2004 idipsum
1410 1933 1546 2002 quod
1563 1945 1737 1999 supra,

192 2041 355 2098 atque
378 2031 608 2099 apertius
633 2031 774 2084 dicit.
801 2030 906 2081 lmo
928 2037 981 2079 ut
1002 2041 1185 2080 omnes
1211 2025 1460 2085 redeant,
1489 2029 1604 2074 orat
1636 2021 1742 2073 Da-

193 2120 322 2173 niel.
377 2120 522 2171 Licet
559 2119 695 2171 enim
724 2132 908 2185 magna
937 2123 1113 2169 essent
1155 2115 1288 2166 mala
1313 2153 1326 2175 ,
1357 2112 1542 2180 quibus
1575 2108 1741 2162 Judaei

193 2210 617 2278 premebantur,
677 2222 781 2260 non
836 2216 1006 2259 tamen
1078 2205 1196 2257 ideo
1254 2202 1459 2256 volebat
1520 2199 1741 2268 patriam

193 2304 459 2353 amittere.
501 2298 602 2352 lste
643 2306 814 2350 autem
858 2296 1070 2364 angelus
1112 2294 1301 2348 clarius
1337 2307 1398 2346 ac
1427 2291 1657 2345 exactius
1692 2288 1743 2340 id

194 2387 346 2440 dicit.
373 2386 504 2440 Vide
527 2395 699 2438 autem
731 2385 918 2452 ubique
940 2383 1204 2436 Danielem
1232 2395 1333 2434 non
1360 2379 1662 2446 simpliciter
1683 2393 1743 2430 ac

194 2478 315 2530 sine
344 2476 521 2529 labore
541 2475 775 2528 obtinere
798 2474 1042 2535 visiones,
1072 2471 1163 2524 sed
1179 2485 1295 2524 cum
1311 2469 1542 2537 jejuniis.
1569 2468 1746 2532 Quatt-

195 2565 268 2618 do
310 2563 541 2630 0porttiit
585 2563 846 2615 somnium
891 2561 1128 2622 discere,
1171 2559 1422 2626 jejunium
1455 2557 1740 2624 praecessit.

195 2652 328 2706 Cum
352 2651 559 2705 Gabriel
587 2650 846 2718 apparuit,
866 2648 1119 2717 jejunium
1157 2647 1343 2700 iterum
1369 2686 1384 2709 ,
1421 2655 1474 2697 et
1501 2645 1630 2697 cinis
1649 2684 1662 2706 ,
1693 2652 1746 2697 et

196 2755 387 2796 saccus
419 2759 430 2792 :
456 2755 572 2794 cum
605 2741 700 2793 iste
728 2739 1044 2807 conspicitur
1068 2777 1082 2801 ,
1122 2746 1172 2790 et
1193 2737 1449 2804 jejunium
1475 2745 1528 2788 et
1553 2736 1741 2787 oratio.

195 2831 304 2887 Sed
331 2830 449 2884 vide
472 2830 711 2898 angelum
749 2844 808 2883 se
849 2827 1224 2896 propemodum
1251 2840 1498 2880 excusare
1527 2826 1743 2879 Danieli.

197 2923 254 2975 4.
283 2939 302 2970 ‹
341 2920 403 2973 Et
425 2920 474 2972 in
504 2920 588 2972 die
616 2919 859 2986 vigesima
883 2927 1064 2986 quarta
1093 2917 1286 2970 mensis
1310 2917 1459 2984 primi
1487 2933 1580 2985 ego
1603 2932 1743 2970 eram

192 3009 345 3076 juxta
382 3007 591 3060 fluvium
623 3021 862 3073 magnum
884 3046 898 3069 ,
933 3005 1015 3059 hic
1045 3017 1125 3058 est
1155 3006 1340 3072 Tigris.
1382 3005 1433 3058 5.
1478 3006 1541 3057 Et
1583 3005 1746 3058 levavi

197 3099 386 3151 oculos
413 3110 591 3160 meos,
616 3104 668 3149 et
690 3095 792 3148 vidi
819 3112 832 3148 :
865 3104 918 3148 et
957 3109 1080 3148 ecce
1108 3095 1186 3146 vir
1207 3093 1416 3146 indutus
1441 3093 1618 3145 Badim
1649 3134 1661 3154 ,
1695 3103 1748 3146 et

196 3186 412 3240 lumbus
433 3185 546 3253 ejus
567 3185 871 3252 praecinctus
889 3199 1016 3237 auro
1038 3185 1230 3252 Ophaz,
1253 3184 1304 3237 6.
1334 3191 1386 3236 et
1401 3197 1590 3250 corpus
1612 3183 1743 3250 ejus,

196 3276 354 3344 quasi
382 3275 617 3338 Tharsis,
644 3284 695 3327 et
722 3275 881 3328 facies
901 3274 1013 3342 ejus
1034 3314 1048 3337 ,
1072 3283 1128 3326 ut
1151 3281 1392 3342 aspectus
1416 3271 1630 3341 fulguris
1650 3311 1666 3337 ,
1695 3280 1748 3325 et

196 3365 338 3417 oculi
383 3363 528 3431 ejus,
560 3365 702 3416 velut
737 3363 999 3431 lampades
1027 3363 1158 3432 ignis
1179 3403 1192 3428 ,
1225 3371 1278 3417 et
1304 3362 1513 3416 brachia
1544 3365 1658 3430 ejus
1685 3378 1748 3416 ac

196 3467 380 3516 crura,
403 3453 536 3505 sicut
562 3453 692 3505 visio
717 3453 835 3505 aeris
860 3453 1178 3506 coruscantis
1202 3494 1216 3518 ,
1239 3462 1289 3506 et
1318 3468 1415 3506 vox
1447 3468 1746 3506 sermonum

198 3543 339 3610 ejus,
372 3541 518 3609 quasi
540 3557 637 3594 vox
665 3543 848 3596 turbae.
879 3543 927 3594 7.
956 3544 1018 3596 Et
1045 3543 1144 3596 vidi
1173 3559 1268 3612 ego
1300 3545 1476 3597 Daniel
1499 3545 1640 3598 solus
1672 3546 1748 3599 vi—

196 3633 404 3684 sionem
428 3671 442 3694 ,
478 3640 530 3683 et
567 3633 660 3684 viri
687 3634 772 3700 qui
805 3643 953 3687 erant
988 3649 1192 3686 mecum
1232 3635 1482 3688 visionem
1523 3652 1626 3688 non
1671 3637 1749 3688 vi-

197 3719 413 3781 derunt,
447 3718 538 3771 sed
562 3729 728 3771 terror
751 3723 921 3788 gravis
948 3721 1093 3773 irruit
1115 3738 1272 3789 super
1293 3737 1404 3786 eos,
1433 3733 1486 3776 et
1508 3724 1748 3791 fugerunt

197 3809 253 3862 in
283 3809 491 3862 timore.
513 3809 563 3862 8.
597 3809 663 3861 Et
691 3825 786 3878 ego
807 3811 1017 3864 relictus
1040 3826 1155 3864 sum
1177 3814 1341 3878 solus,
1365 3824 1417 3867 et
1442 3813 1545 3866 vidi
1577 3814 1744 3868 visio-

196 3913 323 3952 nem
357 3913 592 3967 magnam
617 3900 767 3963 hanc,
797 3909 848 3953 et
877 3915 977 3954 non
1005 3904 1254 3956 remansit
1284 3905 1333 3956 in
1363 3919 1447 3956 me
1473 3904 1742 3971 fortitudo,

197 3996 254 4041 et
283 3986 450 4055 gloria
496 4002 608 4040 mea
635 4002 883 4042 conversa
914 3999 993 4043 est
1022 3992 1072 4043 in
1110 3993 1495 4059 corruptionem
1521 4034 1534 4053 ,
1564 4003 1614 4047 et
1639 4009 1742 4048 non

195 4077 396 4129 retinui
423 4075 600 4128 robur.
625 4077 676 4130 9.
705 4077 768 4129 Et
788 4078 957 4130 audivi
981 4094 1158 4132 vocem
1185 4094 1484 4132 sermonum
1515 4082 1626 4147 ejus
1649 4101 1660 4134 :
1692 4091 1744 4135 et

195 4180 318 4218 cum
347 4180 446 4232 ego
485 4166 715 4218 audirem
747 4206 762 4230 ,
799 4182 939 4219 eram
981 4179 1322 4236 compunctus
1361 4184 1516 4237 super
1557 4170 1741 4225 faciem

195 4269 372 4308 meam
398 4295 413 4318 ,
444 4264 497 4308 et
527 4254 685 4308 facies
712 4270 822 4309 mea
850 4271 1006 4323 super
1033 4266 1244 4308 terram.
1274 4259 1358 4311 10.
1391 4260 1451 4310 Et
1477 4274 1597 4313 ecce
1628 4276 1741 4313 ma-

195 4358 300 4396 nus
324 4343 489 4410 tetigit
521 4358 625 4406 me,
654 4358 715 4396 ac
741 4346 909 4397 erexit
931 4361 1013 4397 ine
1038 4359 1192 4412 super
1220 4361 1385 4414 genua
1409 4363 1546 4410 mea,
1573 4358 1624 4401 et
1649 4365 1742 4402 su-

195 4447 293 4499 per
339 4432 553 4499 vestigia
597 4433 787 4499 pedum
834 4448 1064 4485 nieorum
1099 4435 1135 4484 ¹.
1162 4435 1246 4486 11.
1280 4435 1342 4488 Ει
1368 4436 1497 4488 dixit
1521 4437 1585 4489 ad
1615 4453 1696 4491 me
1725 4455 1738 4490 :

194 4519 422 4583 Daniel,
469 4520 546 4571 vir
572 4520 948 4572 desideriorum
979 4561 992 4584 ,
1040 4522 1267 4591 intellige
1315 4523 1364 4575 in
1413 4527 1742 4579 sermonibus

192 4623 330 4676 quos
367 4622 464 4676 ego
495 4609 675 4676 loquor
713 4609 775 4662 ad
810 4620 887 4669 te.
920 4623 972 4663 et
1007 4620 1082 4664 sta
1119 4612 1169 4664 in
1216 4615 1438 4666 statione
1469 4622 1551 4665 tua
1575 4655 1588 4677 ,
1617 4616 1740 4683 quia

258 4785 272 4812 ί
314 4779 642 4828 Theodoretus
663 4780 798 4842 legit,
817 4795 1034 4829 manuum
1056 4795 1283 4841 mearum,
1299 4795 1402 4844 pro,
1423 4783 1596 4844 pedum
1613 4799 1740 4835 meo-

191 4855 319 4888 rum.

254 4903 330 4961 (a)
364 4899 918 4969 interdixerantqujppe
956 4904 1137 4950 Romani
1169 4903 1355 4969 Judzeis,
1404 4917 1466 4951 ne
1504 4905 1738 4969 Jerosoly-

189 4960 330 5030 {mu
355 4960 744 5030 ,ingrgqersmut-
785 4967 953 5028 Testes
982 4970 1092 5030 sunt
1131 4965 1364 5019 δυειίίιυδο
1404 4960 1733 5027 τθηυ¹¹⁵²¹¹¹¹ῖδ

188 5018 678 5126 ΕμέεῠΞυε,ὲέἱιιιτὶυδ,
702 5022 952 5079 Gregorius
984 5023 1310 5083 Nazianzenus,
1351 5030 1556 5072 Severus
1592 5018 1738 5087 atque

227 5093 444 5126 ironvm
507 5114 518 5125 .

210 5089 518 5136 tieronymus.

253 5140 327 5200 (ὁ)
359 5151 454 5186 ..οε
476 5140 622 5200 igitur
644 5143 855 5198 tempore
878 5137 927 5185 in
943 5146 1156 5190 extrema
1179 5148 1410 5192 senectute
1431 5152 1532 5192 erat
1555 5146 1734 5195 Daniel.

185 5205 236 5248 Et
263 5198 421 5268 tamen
444 5198 882 5268 SCChrysostomus,
911 5203 1053 5247 tertio
1073 5203 1136 5268 de
1168 5203 1626 5268 incomprehensibili
1655 5209 1735 5254 Dei

187 5267 372 5313 natura,
387 5258 764 5325 juvenem'ifacit.
783 5258 800 5315 (
818 5265 986 5319 Nempe
1015 5268 1060 5306 T.
1089 5263 1132 5325 l_.
1159 5269 1213 5311 λι
1246 5258 1599 5325 σῂἐῃδοδιοηιιιδ
1621 5278 1736 5325 par-

185 5331 307 5386 turn,
331 5314 524 5386 etjwpe
548 5314 1009 5386 ιηιιιαφ-ιεηψρνὶιῃμ
1031 5323 1257 5386 rationem
1277 5314 1453 5386 habet.)

243 5379 311 5439 (ε)
343 5377 673 5444 Theodoretus
697 5377 788 5434 hic,
807 5377 849 5424 s.
870 5377 1062 5444 Basilius
1076 5382 1269 5444 Humilia
1292 5377 1512 5442 prima'de
1534 5385 1731 5444 Jejunio,

182 5445 231 5504 et
253 5438 416 5489 uester
436 5439 656 5488 secunda
677 5438 1062 5504 contradudagos.
1085 5441 1185 5488 cibo
1217 5438 1408 5504 penitus
1432 5451 1483 5490 et
1498 5438 1613 5504 potu
1631 5438 1733 5492 abs;

179 5498 389 5549 tinentem
438 5513 530 5563 per
578 5506 680 5546 tres
728 5497 1310 5563 hebdomadasmansisse
1352 5497 1592 5549 Danielem
1631 5507 1727 5563 epi-

175 5571 340 5611 nantur
365 5576 378 5609 :
405 5555 458 5627 ut
482 5561 551 5627 de
576 5565 705 5627 nose
728 5555 902 5627 legitur
925 5559 1068 5627 Exodi
1089 5560 1166 5615 54,
1192 5562 1269 5627 28.
1299 5563 1425 5616 Quod
1447 5575 1553 5627 cum
1575 5555 1733 5627 divino

168 5626 411 5673 mntextui
438 5621 696 5669 adversari
721 5621 951 5678 videatur,
979 5621 1028 5665 'm
1056 5622 1345 5670 sententiam
1380 5629 1422 5671 s.
1462 5623 1730 5684 Hieronymi

160 5683 352 5736 dixerit:
378 5685 567 5732 libens.

1531 405 1596 460 IN
1633 404 1974 461 DANIEIEM

3279 418 3389 473 242

1838 532 1976 572 nunc
2004 531 2100 584 ego
2125 516 2316 570 missus
2343 533 2456 571 sum
2483 517 2546 571 ad
2577 525 2647 570 te.
2676 516 2914 582 Cumque
2949 515 3248 586 loqueretur
3274 518 3384 583 ipse

1833 605 1898 658 ad
1925 621 2010 660 me.
2027 620 2328 659 sermonem
2359 606 2534 667 istum,
2562 606 2765 658 surrexi
2793 613 3040 657 tremens.
3096 603 3182 658 12.
3211 602 3278 656 Ει
3304 604 3384 656 di-

1837 694 1911 747 xit
1938 693 2003 745 ad
2026 708 2107 746 me.
2133 710 2146 746 :
2175 693 2252 747 Ne
2280 695 2478 756 timeas,
2523 694 2718 756 Daniel,
2747 695 2867 761 quia
2895 708 2923 745 a
2945 692 3029 744 die
3052 691 3215 759 prima
3238 730 3252 754 ,
3281 706 3381 758 qna

1836 783 2023 836 dedisti
2054 797 2149 835 eor
2170 789 2313 834 tuum
2340 781 2404 833 ad
2436 781 2851 848 intelligendum,
2883 790 2935 833 et
2962 780 3026 833 ad
3056 779 3386 847 amigendnm

1842 882 1891 925 te
1914 885 2088 924 coram
2125 872 2344 924 Domino
2375 872 2482 924 Deo
2512 879 2601 924 tuo
2621 911 2636 934 ,
2666 871 2839 923 audita
2861 880 2982 922 sunt
3009 869 3164 921 verba
3196 879 3300 929 tua,
3334 877 3389 920 ct

1839 977 1936 1031 ego
1957 962 2072 1016 veni
2099 963 2148 1014 in
2169 962 2343 1016 verbis
2377 962 2498 1014 tuis.
2529 978 2548 1011 ι
2581 960 2740 1014 Vides
2768 960 2904 1027 quod
2933 959 3076 1022 dixi,
3110 960 3247 1011 hunc
3270 969 3384 1010 tan-

1839 1060 1946 1104 tum
1969 1066 2070 1104 non
2111 1066 2168 1104 se
2204 1066 2454 1105 excusare
2483 1050 2680 1103 Danieli
2708 1050 2730 1102 i
2763 1049 2803 1101 A
2833 1050 2991 1117 prima
3019 1049 3098 1099 die
3120 1087 3135 1112 ,
3181 1047 3345 1115 inquit
3371 1085 3387 1110 ,

1839 1141 2014 1193 missus
2039 1156 2167 1192 sum.
2196 1140 2366 1204 Quare
2395 1154 2520 1208 ergo
2545 1148 2779 1192 moratus
2805 1138 2903 1191 es?
2934 1137 3015 1190 15.
3045 1135 3112 1188 Et
3152 1138 3382 1203 princeps

1840 1231 1978 1298 regni
2005 1228 2272 1281 Persarum
2311 1229 2442 1282 stetit
2489 1245 2548 1280 ea:
2585 1228 2791 1279 adverso
2820 1227 2914 1278 mei
2958 1242 3110 1278 unum
3146 1236 3189 1276 et
3215 1227 3387 1293 viginti

1842 1317 2187 1370 dies.Audisti
2220 1317 2367 1382 illud,
2402 1316 2576 1370 Posuit
2621 1317 2851 1369 terminos
2877 1317 3094 1384 gentium
3119 1316 3387 1367 secundum

1842 1422 2098 1458 numerum
2117 1409 2404 1474 angelorum
2421 1422 2621 1459 suorum
2644 1405 2814 1476 (Deut.
2837 1404 2925 1458 32.
2949 1403 3040 1475 8)?
3062 1405 3125 1456 Et
3151 1419 3389 1472 unaquae-

1843 1510 1945 1565 que
1971 1510 2096 1564 gens
2119 1495 2416 1562 przefectum
2445 1494 2601 1548 habet
2636 1495 2875 1562 angelum
2900 1533 2914 1556 ,
2953 1495 3038 1562 qui
3069 1493 3176 1545 vult
3206 1501 3390 1560 poten-

1846 1589 1944 1641 tior
1971 1603 2089 1642 esse
2117 1588 2346 1655 reliquis.
2371 1586 2434 1639 Et
2453 1587 2773 1655 intelligentia
2803 1586 2920 1638 data
2945 1595 3015 1637 est
3041 1586 3085 1636 ei
3107 1586 3157 1636 in
3185 1584 3388 1636 visione.

1845 1676 1955 1730 Non
2001 1677 2140 1730 enim
2193 1675 2485 1729 sufficiebat
2527 1675 2770 1728 docuisse
2813 1690 2872 1728 ea
2912 1689 3027 1741 qua:
3065 1673 3383 1726 dicebantur.

1845 1766 2025 1821 Cernis
2054 1769 2204 1821 aliter
2230 1767 2424 1820 institui
2468 1765 2790 1833 prophetas?
2821 1763 2888 1816 Et
2920 1766 3074 1816 virtus
3107 1779 3289 1832 magna
3311 1763 3390 1814 vi-

1847 1859 2029 1912 sionis.
2056 1858 2190 1911 Vere
2215 1859 2352 1910 enim
2376 1872 2576 1924 magna:
2606 1856 2880 1925 potestatis
2907 1854 3019 1919 fuit,
3048 1855 3185 1922 quod
3213 1853 3382 1906 homi-

1848 1963 1940 2001 nes
1966 1948 2157 2000 inlirmi
2187 1947 2405 1999 vicerint
2436 1946 2580 1998 illum
2625 1944 2939 1997 Antiochum
2963 1983 2976 2006 ,
3009 1944 3095 2010 qui
3120 1951 3193 1994 tot
3219 1950 3389 1993 tanta-

1847 2051 1949 2104 que
1989 2043 2343 2102 superaverat.
2388 2034 2453 2086 Et
2493 2050 2657 2086 verum
2701 2033 2918 2085 verbum.
2962 2030 3391 2096 Quandoquidem

1850 2124 2083 2177 nonnulli
2114 2124 2359 2177 credituri
2400 2137 2503 2175 non
2533 2131 2703 2175 erant.
2745 2119 2900 2189 Cujus
2927 2137 3102 2172 nomen
3140 2119 3391 2171 Baltasar.

1849 2217 2236 2268 Commemorat
2264 2214 2350 2266 tibi
2394 2215 2599 2282 priora,
2648 2222 2701 2264 nt
2745 2213 2846 2264 fide
2888 2212 3078 2279 dignus
3119 2210 3392 2263 habeatur.

1853 2308 1929 2360 En
1976 2317 2028 2361 et
2081 2308 2277 2360 Pascha
2319 2306 2481 2359 solvit
2525 2305 2621 2373 (a).
2678 2303 2806 2356 Nam
2863 2303 3063 2356 Pascha
3120 2301 3170 2353 in
3225 2300 3392 2367 primo

1851 2396 2144 2448 celebratur
2171 2408 2348 2447 mense
2374 2410 2388 2456 ;
2416 2395 2512 2446 iste
2543 2407 2665 2444 vero
2689 2406 2851 2459 usque
2881 2391 2943 2442 ad
2972 2399 3209 2458 quartam
3241 2397 3295 2441 et
3320 2389 3396 2440 vi-

1849 2486 2096 2538 cesimam
2137 2485 2330 2536 mensis
2350 2482 2623 2549 jejunavit.
2657 2481 2841 2534 Incidit
2863 2489 3032 2532 autem
3063 2480 3111 2530 in
3137 2478 3392 2530 decimam

1850 2583 2083 2640 quartam
2110 2571 2361 2638 jejunium
2394 2571 2528 2622 illius
2549 2609 2561 2630 ,
2590 2577 2644 2622 et
2669 2583 2697 2619 a
2724 2566 2925 2620 decima
2949 2577 3132 2634 quarta
3161 2563 3222 2616 ad
3250 2563 3394 2617 vice-

1850 2664 2034 2714 simam
2059 2662 2296 2729 primam,
2325 2670 2376 2713 et
2397 2659 2526 2712 duos
2556 2659 2684 2710 alios
2714 2657 2827 2710 dies
2852 2657 3020 2709 durat.
3055 2654 3182 2707 Vide
3207 2653 3391 2720 legalia

1847 2753 1951 2819 jam
1970 2761 2092 2804 tunc
2117 2750 2273 2803 fuisse
2301 2751 2565 2817 abrogata.
2597 2748 2779 2801 Nonne
2807 2762 2908 2813 prie
2932 2745 3206 2796 formidine
3231 2743 3280 2794 in
3311 2742 3394 2794 fu-

1850 2857 1964 2910 gain
1987 2854 2269 2895 conversus
2294 2854 2369 2900 es,
2397 2853 2428 2891 ο
2459 2837 2668 2890 Daniel?
2699 2835 2926 2896 Minime,
2955 2833 3135 2901 inquit.
3168 2831 3397 2885 Ailvcrte

1853 2944 1955 2997 quo
1983 2929 2083 2982 loci
2110 2929 2275 2980 visum
2304 2927 2477 2980 videat
2515 2943 2527 2978 :
2562 2926 2613 2977 in
2643 2924 2853 2977 deserto
2879 2963 2893 2986 ,
2922 2923 3057 2974 sicut
3090 2929 3142 2973 et
3170 2920 3394 2986 Moyses.

1856 3017 2020 3072 Urbes
2039 3032 2261 3085 namque
2283 3015 2591 3069 tumultibus
2616 3022 2668 3066 et
2689 3011 3076 3079 perturbatione
3101 3009 3262 3076 plena:
3276 3015 3398 3061 sunt

1852 3105 1972 3177 (ὁ).
2002 3106 2088 3159 Sic
2113 3105 2268 3158 etiam
2297 3101 2535 3155 Christus
2566 3103 2618 3153 in
2649 3109 2826 3153 monte
2855 3097 3276 3166 transfiguratur.
3310 3098 3393 3150 15.

1857 3215 1876 3247 ι
1914 3198 1979 3250 Et
2014 3210 2137 3249 ecce
2174 3194 2392 3247 Michael
2429 3207 2564 3246 unus
2590 3192 2657 3246 de
2698 3190 3020 3259 principibus
3049 3189 3231 3256 primis
3257 3188 3398 3239 venit

1852 3287 1916 3340 ad
1954 3284 2305 3339 auxiliandum
2343 3283 2468 3336 mihi
2501 3291 2594 3336 :et
2631 3296 2716 3334 me
2761 3280 3086 3349 reliquerunt
3118 3279 3188 3331 ibi
3230 3278 3240 3306 '
3273 3290 3390 3330 cum

1854 3376 2086 3444 principe
2111 3375 2247 3440 regis
2268 3374 2563 3426 Persarum.
2603 3372 2687 3424 M.
2724 3370 2789 3422 Et
2821 3371 2937 3422 veni
2976 3377 3030 3421 ut
3073 3368 3315 3420 docerem
3344 3375 3397 3420 te

1853 3477 2190 3533 quaecumque
2229 3472 2476 3516 eventura
2520 3469 2640 3513 sunt
2671 3459 2861 3527 populo
2896 3467 2983 3510 tuo
3014 3458 3063 3509 in
3104 3457 3397 3510 novissimis

1853 3556 2034 3610 diebus
2055 3596 2070 3621 ,
2096 3555 2213 3622 quia
2239 3569 2360 3607 ecce
2389 3553 2518 3605 visio
2550 3553 2600 3604 in
2632 3552 2763 3603 dies.
2791 3550 2876 3602 15.
2913 3550 3114 3602 Etcum
3145 3548 3387 3614 loquere-

1853 3655 1935 3698 tur
1958 3644 2066 3712 ipse
2089 3657 2291 3696 mecum
2317 3642 2490 3695 omnia
2518 3639 2673 3692 verba
2703 3637 2832 3701 haec,
2867 3636 2984 3690 dedi
3014 3636 3194 3689 faciem
3224 3650 3392 3687 meam

1851 3748 2006 3800 super
2033 3741 2245 3791 terram,
2277 3741 2329 3784 et
2352 3736 2696 3796 compunctus
2721 3741 2857 3780 sum.
2891 3726 2974 3778 16.
3010 3725 3074 3777 Ει
3101 3739 3223 3778 ecce
3248 3724 3397 3790 quasi

1851 3820 2136 3875 similitudo
2165 3820 2252 3871 filii
2276 3818 2501 3871 hominis
2529 3817 2694 3883 tetigit
2725 3815 2856 3867 labia
2889 3829 3024 3866 mea.
3059 3814 3118 3865 Et
3140 3813 3316 3878 aperui
3336 3827 3396 3864 os

1850 3913 2103 3966 meum,et
2117 3902 2364 3970 loquutus
2377 3907 2573 3962 sum,et
2587 3897 2691 3952 dixi
2709 3897 2771 3950 ad
2788 3911 2909 3949 eum
2926 3896 3011 3963 qui
3028 3897 3200 3948 stabat
3212 3911 3391 3951 coram

1848 4009 1962 4045 me:
1987 3992 2222 4052 Domine,
2257 3991 2312 4041 in
2341 3989 2546 4041 visione
2582 3995 2666 4037 tua
2694 3999 2948 4037 conversa
2981 3994 3106 4036 sunt
3137 3985 3386 4040 interiora

1847 4099 1962 4136 mea
1990 4083 2041 4133 in
2071 4096 2172 4140 me,
2208 4087 2261 4132 et
2292 4092 2416 4131 ecce
2444 4091 2549 4128 non
2588 4075 2756 4127 habeo
2789 4073 3174 4126 fortitudinem.
3210 4075 3294 4128 17.
3322 4075 3389 4130 Et

1848 4174 2109 4245 quomodo
2138 4173 2325 4241 poterit
2349 4184 2530 4225 servus
2551 4177 2689 4233 tuus,
2716 4168 2952 4228 Domine,
2980 4167 3118 4234 loqui
3142 4181 3258 4219 eum
3288 4165 3394 4217 Do-

1848 4267 1989 4318 mino
2007 4279 2122 4317 meo
2152 4262 2287 4316 isto?
2311 4261 2374 4313 Et
2402 4275 2463 4312 ex
2490 4273 2626 4311 nunc
2645 4273 2744 4310 non
2768 4255 2923 4310 stabit
2945 4256 2993 4308 in
3018 4271 3099 4308 ine
3125 4252 3394 4316 fortitudo,

1847 4363 1903 4409 et
1924 4355 2115 4407 halitus
2144 4368 2245 4404 non
2272 4360 2352 4405 est
2378 4351 2589 4403 relictus
2629 4350 2679 4400 in
2721 4363 2822 4400 me.
2851 4347 2937 4401 18.
2981 4347 3048 4398 Ει
3087 4344 3316 4410 addidit,
3344 4351 3400 4397 et

1849 4445 2015 4514 tetigit
2040 4459 2123 4496 me
2151 4442 2297 4510 quasi
2325 4441 2460 4493 visio
2494 4439 2719 4491 hominis
2753 4478 2767 4502 ,
2804 4446 2858 4490 et
2886 4435 3243 4488 corroboravit
3285 4449 3390 4488 me.

1854 4538 1932 4591 19.
1968 4538 2029 4590 Et
2049 4535 2179 4588 dixit
2206 4534 2363 4586 mihi:
2389 4532 2464 4586 Ne
2495 4533 2698 4593 timeas,
2731 4531 2810 4583 vir
2837 4530 3213 4583 desideriorum
3242 4569 3257 4593 ,
3287 4543 3393 4596 pax

1849 4626 1937 4679 tibi
1969 4665 1983 4688 ,
2024 4625 2240 4677 viriliter
2267 4638 2382 4691 age,
2421 4637 2483 4676 ac
2510 4629 2624 4676 esto
2654 4620 2820 4674 fortis.
2855 4620 3060 4673 Etcum
3093 4620 3396 4686 loqueretur

1847 4715 1958 4782 ipse
1988 4728 2191 4766 mecum
2216 4752 2231 4776 ,
2261 4712 2631 4765 corroboratus
2663 4726 2777 4762 sum
2812 4749 2824 4771 ,
2856 4718 2908 4761 et
2933 4709 3038 4761 dixi
3072 4726 3084 4760 :
3126 4708 3394 4775 Loquatur

1850 4803 2100 4855 Dominus
2127 4816 2274 4854 meus
2300 4841 2314 4864 ,
2348 4801 2468 4868 quia
2505 4799 2856 4853 corroborasti
2883 4814 2985 4851 me.
3013 4798 3101 4851 20.
3132 4797 3197 4850 Et
3216 4798 3344 4850 dixit
3373 4815 3388 4850 :

1846 4894 1925 4946 Au
1955 4893 2088 4945 nosti
2115 4907 2208 4944 cur
2226 4890 2344 4942 veni
2371 4889 2435 4943 ad
2465 4889 2551 4944 te?
2573 4889 2639 4941 Et
2668 4903 2804 4941 nunc
2825 4899 3078 4950 revertar,
3110 4896 3161 4940 ut
3182 4887 3390 4954 prarlier

1847 4998 1962 5036 cum
1992 4981 2223 5049 principe
2251 4981 2546 5034 Persarum.
2575 4982 2744 5048 Atque
2768 4979 3108 5048 egrediebar;
3145 4979 3382 5047 princeps

1847 5087 1972 5126 vero
1993 5072 2293 5125 Grmcorum
2312 5071 2566 5124 veniebat.
2581 5070 2641 5121 2|
2656 5109 2668 5121 .
2690 5069 3052 5122 Verumtamen
3069 5068 3390 5121 annuntiabo

1905 5205 1920 5234 ι
1957 5203 2010 5250 ln
2030 5203 2230 5250 Hebraeo
2251 5210 2300 5250 et
2324 5202 2368 5249 in
2391 5199 2592 5261 Vulgata
2616 5199 2810 5261 legitur,
2835 5205 2880 5250 et
2900 5212 2985 5261 ego
3008 5199 3216 5248 remansi
3236 5199 3316 5248 ibi.

1903 5264 1972 5322 (α)
2008 5263 2809 5324 Hujusargumentiinterpretatio,
2840 5261 3045 5324 petenda
3073 5269 3146 5308 est
3170 5274 3230 5307 ex
3257 5261 3390 5308 lihris

1841 5319 2287 5378 adversus'Judarés,
2314 5323 2360 5368 in
2383 5322 2556 5381 quibus
2579 5319 2664 5368 iSta
2686 5319 2849 5369 omnia
2863 5319 3011 5369 fusius
3029 5330 3304 5369 tractantur.

1901 5383 1970 5441 (b)
2007 5384 2195 5429 Urbium
2234 5380 2460 5429 tumultus
2496 5393 2551 5429 ac
2591 5382 2883 5428 incommoda
2926 5381 3264 5442 pereleganter
3296 5380 3386 5442 de-

1838 5439 2012 5503 scripta
2040 5451 2089 5489 et
2109 5443 2208 5489 suis
2231 5442 2468 5489 coloribus
2489 5442 2676 5501 depicta
2701 5442 2849 5489 habes
2871 5439 2992 5503 apud
3014 5439 3387 5503 suad:2_medul-

1840 5501 1948 5548 Iam‘
1970 5504 2244 5561 Gregorium
2275 5503 2615 5561 Nazianzenunr
2644 5503 2863 5549 Oratione
2911 5501 2988 5558 28,
3024 5501 3389 5551 Christianorum

1839 5560 2204 5608 Demosthenem
2230 5562 2441 5608 Basilitnn
2474 5560 2667 5609 ttomilia
2704 5562 2767 5610 de
2794 5562 2960 5609 Gordio
2983 5569 3213 5621 martyre;
3239 5572 3388 5621 atque

1839 5623 1998 5728 minus,
2037 5623 2076 5669 si
2101 5623 2290 5682 proiaua
2335 5623 2482 5673 sacris
2518 5622 2756 5671 miscenda
2796 5630 2923 5680 sunt,
2949 5621 3071 5681 apud
3107 5619 3388 5669 Iuvenalem

1839 5695 1891 5728 sa
1917 5715 1930 5728 .
1987 5715 2000 5727 .

1838 5689 1930 5730 δᾶι.
1954 5689 2000 5728 ὅ.
