  <div class='ocr_page' id='page_1' title='image "/cluster/home/n/w/nwhite01/storage/ocr_20150623/56/uva.x004697988/253.png"; bbox 0 0 4112 6490; ppageno 0'>
   <div class='ocr_carea' id='block_1_1' title="bbox 746 392 855 445">
    <p class='ocr_par' dir='ltr' id='par_1_1' title="bbox 746 392 855 445">
     <span class='ocr_line' id='line_1_1' title="bbox 746 392 855 445; baseline 0.009 -1"><span class='ocrx_word' id='word_1_1' title='bbox 746 392 855 445; x_wconf 78' lang='lat'><strong>243</strong></span> 
     </span>
    </p>
   </div>
   <div class='ocr_carea' id='block_1_2' title="bbox 739 491 2278 564">
    <p class='ocr_par' dir='ltr' id='par_1_2' title="bbox 739 491 2278 564">
     <span class='ocr_line' id='line_1_2' title="bbox 739 491 2278 564; baseline -0.008 -15"><span class='ocrx_word' id='word_1_2' title='bbox 739 497 827 549; x_wconf 90' lang='lat' dir='ltr'><strong>tibi</strong></span> <span class='ocrx_word' id='word_1_3' title='bbox 854 495 990 564; x_wconf 91' lang='lat' dir='ltr'><strong>quod</strong></span> <span class='ocrx_word' id='word_1_4' title='bbox 1011 496 1349 549; x_wconf 88' lang='lat' dir='ltr'><strong>constitutum</strong></span> <span class='ocrx_word' id='word_1_5' title='bbox 1372 503 1452 548; x_wconf 90' lang='lat' dir='ltr'><strong>est</strong></span> <span class='ocrx_word' id='word_1_6' title='bbox 1467 495 1517 547; x_wconf 92' lang='lat' dir='ltr'><strong>in</strong></span> <span class='ocrx_word' id='word_1_7' title='bbox 1539 495 1790 561; x_wconf 88' lang='lat' dir='ltr'><strong>scriptura</strong></span> <span class='ocrx_word' id='word_1_8' title='bbox 1816 491 2081 546; x_wconf 86' lang='lat' dir='ltr'><strong>veritatis:</strong></span> <span class='ocrx_word' id='word_1_9' title='bbox 2106 499 2159 543; x_wconf 91' lang='lat' dir='ltr'><strong>et</strong></span> <span class='ocrx_word' id='word_1_10' title='bbox 2175 499 2278 540; x_wconf 91' lang='lat' dir='ltr'><strong>non</strong></span> 
     </span>
    </p>
   </div>
   <div class='ocr_carea' id='block_1_3' title="bbox 733 580 2280 652">
    <p class='ocr_par' dir='ltr' id='par_1_3' title="bbox 733 580 2280 652">
     <span class='ocr_line' id='line_1_3' title="bbox 733 580 2280 652; baseline -0.003 -14"><span class='ocrx_word' id='word_1_11' title='bbox 733 593 815 638; x_wconf 89' lang='lat' dir='ltr'><strong>est</strong></span> <span class='ocrx_word' id='word_1_12' title='bbox 842 600 996 647; x_wconf 93' lang='lat' dir='ltr'><strong>unus,</strong></span> <span class='ocrx_word' id='word_1_13' title='bbox 1026 587 1113 652; x_wconf 89' lang='lat' dir='ltr'><strong>qui</strong></span> <span class='ocrx_word' id='word_1_14' title='bbox 1141 599 1170 635; x_wconf 92' lang='lat' dir='ltr'><strong>a</strong></span> <span class='ocrx_word' id='word_1_15' title='bbox 1201 600 1285 637; x_wconf 91' lang='lat' dir='ltr'><strong>me</strong></span> <span class='ocrx_word' id='word_1_16' title='bbox 1313 593 1414 636; x_wconf 90' lang='lat' dir='ltr'><strong>stet</strong></span> <span class='ocrx_word' id='word_1_17' title='bbox 1437 584 1502 637; x_wconf 90' lang='lat' dir='ltr'><strong>de</strong></span> <span class='ocrx_word' id='word_1_18' title='bbox 1528 583 1606 636; x_wconf 85' lang='lat' dir='ltr'><strong>his</strong></span> <span class='ocrx_word' id='word_1_19' title='bbox 1631 623 1645 646; x_wconf 93' lang='lat'><strong>,</strong></span> <span class='ocrx_word' id='word_1_20' title='bbox 1673 585 1768 635; x_wconf 87' lang='lat' dir='ltr'><strong>nisi</strong></span> <span class='ocrx_word' id='word_1_21' title='bbox 1798 581 2013 635; x_wconf 82' lang='lat' dir='ltr'><strong>Michael</strong></span> <span class='ocrx_word' id='word_1_22' title='bbox 2043 580 2280 648; x_wconf 87' lang='lat' dir='ltr'><strong>princeps</strong></span> 
     </span>
    </p>
   </div>
   <div class='ocr_carea' id='block_1_4' title="bbox 736 670 2282 726">
    <p class='ocr_par' dir='ltr' id='par_1_4' title="bbox 736 670 2282 726">
     <span class='ocr_line' id='line_1_4' title="bbox 736 670 2282 726; baseline -0.002 -2"><span class='ocrx_word' id='word_1_23' title='bbox 736 682 926 725; x_wconf 79' lang='lat' dir='ltr'><strong>vester.</strong></span> <span class='ocrx_word' id='word_1_24' title='bbox 953 672 1017 724; x_wconf 87' lang='lat' dir='ltr'><strong>Et</strong></span> <span class='ocrx_word' id='word_1_25' title='bbox 1043 688 1166 725; x_wconf 91' lang='lat' dir='ltr'><strong>ecce</strong></span> <span class='ocrx_word' id='word_1_26' title='bbox 1197 673 1276 725; x_wconf 90' lang='lat' dir='ltr'><strong>vir</strong></span> <span class='ocrx_word' id='word_1_27' title='bbox 1304 673 1511 726; x_wconf 91' lang='lat' dir='ltr'><strong>indutus</strong></span> <span class='ocrx_word' id='word_1_28' title='bbox 1536 673 1743 725; x_wconf 77' lang='lat' dir='ltr'><strong>stolam.</strong></span> <span class='ocrx_word' id='word_1_29' title='bbox 1774 689 1792 722; x_wconf 74' lang='grc' dir='ltr'><strong><em>ι</em></strong></span> <span class='ocrx_word' id='word_1_30' title='bbox 1830 670 2088 724; x_wconf 77' lang='lat' dir='ltr'><strong>Fortassis</strong></span> <span class='ocrx_word' id='word_1_31' title='bbox 2107 684 2282 723; x_wconf 85' lang='lat' dir='ltr'><strong>sacer-</strong></span> 
     </span>
    </p>
   </div>
   <div class='ocr_carea' id='block_1_5' title="bbox 737 757 2282 829">
    <p class='ocr_par' dir='ltr' id='par_1_5' title="bbox 737 757 2282 829">
     <span class='ocr_line' id='line_1_5' title="bbox 737 757 2282 829; baseline -0.002 -16"><span class='ocrx_word' id='word_1_32' title='bbox 737 761 982 815; x_wconf 75' lang='lat' dir='ltr'><strong>dotalem.</strong></span> <span class='ocrx_word' id='word_1_33' title='bbox 1008 778 1026 810; x_wconf 75' lang='grc' dir='ltr'><strong><em>ι</em></strong></span> <span class='ocrx_word' id='word_1_34' title='bbox 1061 762 1315 827; x_wconf 81' lang='lat' dir='ltr'><strong>Aspectus</strong></span> <span class='ocrx_word' id='word_1_35' title='bbox 1332 761 1444 828; x_wconf 83' lang='lat' dir='ltr'><strong>ejus</strong></span> <span class='ocrx_word' id='word_1_36' title='bbox 1465 761 1610 829; x_wconf 91' lang='lat' dir='ltr'><strong>quasi</strong></span> <span class='ocrx_word' id='word_1_37' title='bbox 1634 760 1800 828; x_wconf 89' lang='lat' dir='ltr'><strong>fulgur</strong></span> <span class='ocrx_word' id='word_1_38' title='bbox 1815 769 1926 812; x_wconf 88' lang='lat' dir='ltr'><strong>erat</strong></span> <span class='ocrx_word' id='word_1_39' title='bbox 1948 759 2110 827; x_wconf 76' lang='lat' dir='ltr'><strong>ignea:</strong></span> <span class='ocrx_word' id='word_1_40' title='bbox 2137 757 2282 810; x_wconf 89' lang='lat' dir='ltr'><strong>llam-</strong></span> 
     </span>
    </p>
   </div>
   <div class='ocr_carea' id='block_1_6' title="bbox 735 848 2279 918">
    <p class='ocr_par' dir='ltr' id='par_1_6' title="bbox 735 848 2279 918">
     <span class='ocr_line' id='line_1_6' title="bbox 735 848 2279 918; baseline -0.002 -16"><span class='ocrx_word' id='word_1_41' title='bbox 735 865 834 902; x_wconf 68' lang='lat' dir='ltr'><strong>ma:</strong></span> <span class='ocrx_word' id='word_1_42' title='bbox 849 851 914 901; x_wconf 90' lang='lat' dir='ltr'><strong>ab</strong></span> <span class='ocrx_word' id='word_1_43' title='bbox 926 850 1090 903; x_wconf 85' lang='lat' dir='ltr'><strong>oculis</strong></span> <span class='ocrx_word' id='word_1_44' title='bbox 1102 850 1231 916; x_wconf 85' lang='lat' dir='ltr'><strong>ejus.</strong></span> <span class='ocrx_word' id='word_1_45' title='bbox 1254 868 1274 900; x_wconf 67' lang='grc' dir='ltr'><strong><em>ι</em></strong></span> <span class='ocrx_word' id='word_1_46' title='bbox 1293 851 1562 916; x_wconf 81' lang='lat' dir='ltr'><strong>Quomodo</strong></span> <span class='ocrx_word' id='word_1_47' title='bbox 1581 850 1628 902; x_wconf 93' lang='lat' dir='ltr'><strong>in</strong></span> <span class='ocrx_word' id='word_1_48' title='bbox 1648 849 1846 918; x_wconf 76' lang='lat' dir='ltr'><strong>fulgure</strong></span> <span class='ocrx_word' id='word_1_49' title='bbox 1861 849 1963 903; x_wconf 86' lang='lat' dir='ltr'><strong>illis</strong></span> <span class='ocrx_word' id='word_1_50' title='bbox 1977 848 2279 917; x_wconf 73' lang='lat' dir='ltr'><strong>apparebat?</strong></span> 
     </span>
    </p>
   </div>
   <div class='ocr_carea' id='block_1_7' title="bbox 736 938 2280 1010">
    <p class='ocr_par' dir='ltr' id='par_1_7' title="bbox 736 938 2280 1010">
     <span class='ocr_line' id='line_1_7' title="bbox 736 938 2280 1010; baseline 0 -18"><span class='ocrx_word' id='word_1_51' title='bbox 736 956 831 993; x_wconf 91' lang='lat' dir='ltr'><strong>cur</strong></span> <span class='ocrx_word' id='word_1_52' title='bbox 846 942 921 994; x_wconf 86' lang='lat' dir='ltr'><strong>sic</strong></span> <span class='ocrx_word' id='word_1_53' title='bbox 944 951 1160 1008; x_wconf 87' lang='lat' dir='ltr'><strong>apparet</strong></span> <span class='ocrx_word' id='word_1_54' title='bbox 1182 942 1279 994; x_wconf 90' lang='lat' dir='ltr'><strong>iste</strong></span> <span class='ocrx_word' id='word_1_55' title='bbox 1300 941 1553 1009; x_wconf 80' lang='lat' dir='ltr'><strong>angelus?</strong></span> <span class='ocrx_word' id='word_1_56' title='bbox 1578 957 1643 993; x_wconf 90' lang='lat' dir='ltr'><strong>an</strong></span> <span class='ocrx_word' id='word_1_57' title='bbox 1668 947 1723 992; x_wconf 94' lang='lat' dir='ltr'><strong>ut</strong></span> <span class='ocrx_word' id='word_1_58' title='bbox 1741 938 1984 1008; x_wconf 86' lang='lat' dir='ltr'><strong>populum</strong></span> <span class='ocrx_word' id='word_1_59' title='bbox 2007 939 2280 1010; x_wconf 89' lang='lat' dir='ltr'><strong>percellat?</strong></span> 
     </span>
    </p>
   </div>
   <div class='ocr_carea' id='block_1_8' title="bbox 737 1028 2280 1098">
    <p class='ocr_par' dir='ltr' id='par_1_8' title="bbox 737 1028 2280 1098">
     <span class='ocr_line' id='line_1_8' title="bbox 737 1028 2280 1098; baseline 0.001 -18"><span class='ocrx_word' id='word_1_60' title='bbox 737 1037 790 1080; x_wconf 92' lang='lat' dir='ltr'><strong>et</strong></span> <span class='ocrx_word' id='word_1_61' title='bbox 815 1028 1074 1096; x_wconf 91' lang='lat' dir='ltr'><strong>quodnam</strong></span> <span class='ocrx_word' id='word_1_62' title='bbox 1105 1028 1223 1081; x_wconf 90' lang='lat' dir='ltr'><strong>inde</strong></span> <span class='ocrx_word' id='word_1_63' title='bbox 1261 1029 1669 1083; x_wconf 90' lang='lat' dir='ltr'><strong>emolumentum</strong></span> <span class='ocrx_word' id='word_1_64' title='bbox 1698 1029 1720 1080; x_wconf 84' lang='lat' dir='ltr'><strong>‘l</strong></span> <span class='ocrx_word' id='word_1_65' title='bbox 1751 1028 1953 1097; x_wconf 87' lang='lat' dir='ltr'><strong>Nempe</strong></span> <span class='ocrx_word' id='word_1_66' title='bbox 1983 1038 2038 1082; x_wconf 90' lang='lat' dir='ltr'><strong>ut</strong></span> <span class='ocrx_word' id='word_1_67' title='bbox 2062 1042 2280 1098; x_wconf 85' lang='lat' dir='ltr'><strong>persua-</strong></span> 
     </span>
    </p>
   </div>
   <div class='ocr_carea' id='block_1_9' title="bbox 738 1119 2281 1188">
    <p class='ocr_par' dir='ltr' id='par_1_9' title="bbox 738 1119 2281 1188">
     <span class='ocr_line' id='line_1_9' title="bbox 738 1119 2281 1188; baseline 0 -16"><span class='ocrx_word' id='word_1_68' title='bbox 738 1119 858 1172; x_wconf 89' lang='lat' dir='ltr'><strong>deat</strong></span> <span class='ocrx_word' id='word_1_69' title='bbox 889 1133 990 1172; x_wconf 90' lang='lat' dir='ltr'><strong>non</strong></span> <span class='ocrx_word' id='word_1_70' title='bbox 1021 1120 1242 1186; x_wconf 83' lang='lat' dir='ltr'><strong>amplius</strong></span> <span class='ocrx_word' id='word_1_71' title='bbox 1271 1121 1448 1187; x_wconf 87' lang='lat' dir='ltr'><strong>lugere</strong></span> <span class='ocrx_word' id='word_1_72' title='bbox 1480 1160 1494 1184; x_wconf 92' lang='lat'><strong>,</strong></span> <span class='ocrx_word' id='word_1_73' title='bbox 1523 1120 1661 1188; x_wconf 91' lang='lat' dir='ltr'><strong>quod</strong></span> <span class='ocrx_word' id='word_1_74' title='bbox 1693 1119 1876 1174; x_wconf 91' lang='lat' dir='ltr'><strong>eadem</strong></span> <span class='ocrx_word' id='word_1_75' title='bbox 1917 1133 2281 1187; x_wconf 68' lang='lat' dir='ltr'><strong>smpenumero</strong></span> 
     </span>
    </p>
   </div>
   <div class='ocr_carea' id='block_1_10' title="bbox 735 1206 2278 1276">
    <p class='ocr_par' dir='ltr' id='par_1_10' title="bbox 735 1206 2278 1276">
     <span class='ocr_line' id='line_1_10' title="bbox 735 1206 2278 1276; baseline -0.001 -15"><span class='ocrx_word' id='word_1_76' title='bbox 735 1208 872 1262; x_wconf 90' lang='lat' dir='ltr'><strong>dicta</strong></span> <span class='ocrx_word' id='word_1_77' title='bbox 933 1208 1126 1262; x_wconf 87' lang='lat' dir='ltr'><strong>fuerint</strong></span> <span class='ocrx_word' id='word_1_78' title='bbox 1158 1227 1168 1260; x_wconf 78' lang='grc' dir='ltr'><strong>ε</strong></span> <span class='ocrx_word' id='word_1_79' title='bbox 1200 1219 1253 1261; x_wconf 91' lang='lat' dir='ltr'><strong>et</strong></span> <span class='ocrx_word' id='word_1_80' title='bbox 1308 1209 1658 1260; x_wconf 87' lang='lat' dir='ltr'><strong>testimonium</strong></span> <span class='ocrx_word' id='word_1_81' title='bbox 1701 1207 1934 1276; x_wconf 90' lang='lat' dir='ltr'><strong>perhibet</strong></span> <span class='ocrx_word' id='word_1_82' title='bbox 1985 1206 2278 1260; x_wconf 84' lang='lat' dir='ltr'><strong>futurorum</strong></span> 
     </span>
    </p>
   </div>
   <div class='ocr_carea' id='block_1_11' title="bbox 735 1297 2278 1368">
    <p class='ocr_par' dir='ltr' id='par_1_11' title="bbox 735 1297 2278 1368">
     <span class='ocr_line' id='line_1_11' title="bbox 735 1297 2278 1368; baseline -0.001 -15"><span class='ocrx_word' id='word_1_83' title='bbox 735 1302 947 1354; x_wconf 79' lang='lat' dir='ltr'><strong>virtuti:</strong></span> <span class='ocrx_word' id='word_1_84' title='bbox 975 1316 1038 1353; x_wconf 88' lang='lat' dir='ltr'><strong>an</strong></span> <span class='ocrx_word' id='word_1_85' title='bbox 1062 1311 1116 1353; x_wconf 93' lang='lat' dir='ltr'><strong>nt</strong></span> <span class='ocrx_word' id='word_1_86' title='bbox 1142 1301 1211 1353; x_wconf 91' lang='lat' dir='ltr'><strong>illi</strong></span> <span class='ocrx_word' id='word_1_87' title='bbox 1236 1300 1388 1352; x_wconf 86' lang='lat' dir='ltr'><strong>fidem</strong></span> <span class='ocrx_word' id='word_1_88' title='bbox 1411 1299 1580 1352; x_wconf 80' lang='lat' dir='ltr'><strong>faciat.</strong></span> <span class='ocrx_word' id='word_1_89' title='bbox 1602 1299 1668 1351; x_wconf 82' lang='lat' dir='ltr'><strong>Et</strong></span> <span class='ocrx_word' id='word_1_90' title='bbox 1688 1315 1782 1352; x_wconf 75' lang='lat' dir='ltr'><strong>vox</strong></span> <span class='ocrx_word' id='word_1_91' title='bbox 1802 1315 2001 1368; x_wconf 87' lang='lat' dir='ltr'><strong>magna.</strong></span> <span class='ocrx_word' id='word_1_92' title='bbox 2030 1297 2098 1353; x_wconf 89' lang='lat' dir='ltr'><strong>Ut</strong></span> <span class='ocrx_word' id='word_1_93' title='bbox 2124 1299 2278 1352; x_wconf 88' lang='lat' dir='ltr'><strong>etiam</strong></span> 
     </span>
    </p>
   </div>
   <div class='ocr_carea' id='block_1_12' title="bbox 733 1388 2278 1458">
    <p class='ocr_par' dir='ltr' id='par_1_12' title="bbox 733 1388 2278 1458">
     <span class='ocr_line' id='line_1_12' title="bbox 733 1388 2278 1458; baseline -0.002 -16"><span class='ocrx_word' id='word_1_94' title='bbox 733 1404 792 1442; x_wconf 89' lang='lat' dir='ltr'><strong>ea</strong></span> <span class='ocrx_word' id='word_1_95' title='bbox 818 1404 874 1443; x_wconf 90' lang='lat' dir='ltr'><strong>re</strong></span> <span class='ocrx_word' id='word_1_96' title='bbox 903 1389 1261 1458; x_wconf 89' lang='lat' dir='ltr'><strong>perterruerit.</strong></span> <span class='ocrx_word' id='word_1_97' title='bbox 1295 1388 1475 1441; x_wconf 89' lang='lat' dir='ltr'><strong>Daniel</strong></span> <span class='ocrx_word' id='word_1_98' title='bbox 1505 1388 1822 1456; x_wconf 89' lang='lat' dir='ltr'><strong>obstupescit</strong></span> <span class='ocrx_word' id='word_1_99' title='bbox 1846 1428 1860 1453; x_wconf 98' lang='lat'><strong>,</strong></span> <span class='ocrx_word' id='word_1_100' title='bbox 1888 1396 1942 1442; x_wconf 92' lang='lat' dir='ltr'><strong>et</strong></span> <span class='ocrx_word' id='word_1_101' title='bbox 1969 1388 2155 1441; x_wconf 89' lang='lat' dir='ltr'><strong>iterum</strong></span> <span class='ocrx_word' id='word_1_102' title='bbox 2183 1401 2278 1440; x_wconf 91' lang='lat' dir='ltr'><strong>an-</strong></span> 
     </span>
    </p>
   </div>
   <div class='ocr_carea' id='block_1_13' title="bbox 732 1476 2280 1546">
    <p class='ocr_par' dir='ltr' id='par_1_13' title="bbox 732 1476 2280 1546">
     <span class='ocr_line' id='line_1_13' title="bbox 732 1476 2280 1546; baseline 0.001 -19"><span class='ocrx_word' id='word_1_103' title='bbox 732 1479 850 1546; x_wconf 76' lang='lat' dir='ltr'><strong>gelo</strong></span> <span class='ocrx_word' id='word_1_104' title='bbox 899 1478 1225 1546; x_wconf 89' lang='lat' dir='ltr'><strong>colloquente</strong></span> <span class='ocrx_word' id='word_1_105' title='bbox 1253 1478 1621 1546; x_wconf 90' lang='lat' dir='ltr'><strong>obstupescit,</strong></span> <span class='ocrx_word' id='word_1_106' title='bbox 1655 1477 1809 1546; x_wconf 82' lang='lat' dir='ltr'><strong>idque</strong></span> <span class='ocrx_word' id='word_1_107' title='bbox 1853 1476 2149 1546; x_wconf 78' lang='lat' dir='ltr'><strong>indulgente</strong></span> <span class='ocrx_word' id='word_1_108' title='bbox 2191 1476 2280 1529; x_wconf 92' lang='lat' dir='ltr'><strong>illo</strong></span> 
     </span>
    </p>
   </div>
   <div class='ocr_carea' id='block_1_14' title="bbox 734 1566 2280 1634">
    <p class='ocr_par' dir='ltr' id='par_1_14' title="bbox 734 1566 2280 1634">
     <span class='ocr_line' id='line_1_14' title="bbox 734 1566 2280 1634; baseline 0.002 -17"><span class='ocrx_word' id='word_1_109' title='bbox 734 1568 908 1618; x_wconf 82' lang='lat' dir='ltr'><strong>forsan</strong></span> <span class='ocrx_word' id='word_1_110' title='bbox 937 1606 950 1625; x_wconf 87' lang='lat'><strong>,</strong></span> <span class='ocrx_word' id='word_1_111' title='bbox 975 1575 1026 1618; x_wconf 91' lang='lat' dir='ltr'><strong>et</strong></span> <span class='ocrx_word' id='word_1_112' title='bbox 1055 1581 1156 1618; x_wconf 91' lang='lat' dir='ltr'><strong>non</strong></span> <span class='ocrx_word' id='word_1_113' title='bbox 1202 1567 1539 1634; x_wconf 86' lang='lat' dir='ltr'><strong>impotentem</strong></span> <span class='ocrx_word' id='word_1_114' title='bbox 1574 1567 1796 1621; x_wconf 88' lang='lat' dir='ltr'><strong>faciente</strong></span> <span class='ocrx_word' id='word_1_115' title='bbox 1835 1581 1928 1621; x_wconf 92' lang='lat' dir='ltr'><strong>seu</strong></span> <span class='ocrx_word' id='word_1_116' title='bbox 1968 1566 2280 1634; x_wconf 88' lang='lat' dir='ltr'><strong>impediente</strong></span> 
     </span>
    </p>
   </div>
   <div class='ocr_carea' id='block_1_15' title="bbox 735 1655 2280 1725">
    <p class='ocr_par' dir='ltr' id='par_1_15' title="bbox 735 1655 2280 1725">
     <span class='ocr_line' id='line_1_15' title="bbox 735 1655 2280 1725; baseline 0 -17"><span class='ocrx_word' id='word_1_117' title='bbox 735 1657 813 1723; x_wconf 79' lang='grc' dir='ltr'><strong>(ιι)</strong></span> <span class='ocrx_word' id='word_1_118' title='bbox 845 1655 1296 1724; x_wconf 91' lang='lat' dir='ltr'><strong>:quandoquidem</strong></span> <span class='ocrx_word' id='word_1_119' title='bbox 1332 1658 1475 1724; x_wconf 92' lang='lat' dir='ltr'><strong>prius</strong></span> <span class='ocrx_word' id='word_1_120' title='bbox 1513 1656 1755 1710; x_wconf 80' lang='lat' dir='ltr'><strong>dixerat:</strong></span> <span class='ocrx_word' id='word_1_121' title='bbox 1795 1655 2009 1709; x_wconf 85' lang='lat' dir='ltr'><strong>Viriliter</strong></span> <span class='ocrx_word' id='word_1_122' title='bbox 2045 1671 2153 1725; x_wconf 90' lang='lat' dir='ltr'><strong>age.</strong></span> <span class='ocrx_word' id='word_1_123' title='bbox 2213 1655 2280 1708; x_wconf 88' lang='lat' dir='ltr'><strong>Et</strong></span> 
     </span>
    </p>
   </div>
   <div class='ocr_carea' id='block_1_16' title="bbox 736 1744 2278 1815">
    <p class='ocr_par' dir='ltr' id='par_1_16' title="bbox 736 1744 2278 1815">
     <span class='ocr_line' id='line_1_16' title="bbox 736 1744 2278 1815; baseline 0.001 -17"><span class='ocrx_word' id='word_1_124' title='bbox 736 1745 900 1798; x_wconf 59' lang='lat' dir='ltr'><strong>sti-tit.</strong></span> <span class='ocrx_word' id='word_1_125' title='bbox 940 1744 1094 1798; x_wconf 84' lang='lat' dir='ltr'><strong>Vides</strong></span> <span class='ocrx_word' id='word_1_126' title='bbox 1123 1745 1243 1812; x_wconf 89' lang='lat' dir='ltr'><strong>quid</strong></span> <span class='ocrx_word' id='word_1_127' title='bbox 1289 1747 1357 1798; x_wconf 90' lang='lat' dir='ltr'><strong>sit</strong></span> <span class='ocrx_word' id='word_1_128' title='bbox 1392 1757 1630 1815; x_wconf 90' lang='lat' dir='ltr'><strong>aspectus</strong></span> <span class='ocrx_word' id='word_1_129' title='bbox 1666 1745 1874 1814; x_wconf 83' lang='lat' dir='ltr'><strong>angeli?</strong></span> <span class='ocrx_word' id='word_1_130' title='bbox 1900 1746 1976 1800; x_wconf 86' lang='lat' dir='ltr'><strong>Ne</strong></span> <span class='ocrx_word' id='word_1_131' title='bbox 2009 1747 2278 1801; x_wconf 80' lang='lat' dir='ltr'><strong>existimes</strong></span> 
     </span>
    </p>
   </div>
   <div class='ocr_carea' id='block_1_17' title="bbox 734 1837 2276 1905">
    <p class='ocr_par' dir='ltr' id='par_1_17' title="bbox 734 1837 2276 1905">
     <span class='ocr_line' id='line_1_17' title="bbox 734 1837 2276 1905; baseline 0.002 -18"><span class='ocrx_word' id='word_1_132' title='bbox 734 1852 807 1888; x_wconf 40' lang='lat' dir='ltr'><strong>ais</strong></span> <span class='ocrx_word' id='word_1_133' title='bbox 827 1851 943 1890; x_wconf 86' lang='lat' dir='ltr'><strong>esse</strong></span> <span class='ocrx_word' id='word_1_134' title='bbox 974 1837 1022 1892; x_wconf 89' lang='lat' dir='ltr'><strong>id</strong></span> <span class='ocrx_word' id='word_1_135' title='bbox 1049 1837 1186 1905; x_wconf 91' lang='lat' dir='ltr'><strong>quod</strong></span> <span class='ocrx_word' id='word_1_136' title='bbox 1217 1838 1418 1891; x_wconf 89' lang='lat' dir='ltr'><strong>videtur</strong></span> <span class='ocrx_word' id='word_1_137' title='bbox 1445 1878 1459 1901; x_wconf 97' lang='lat'><strong>,</strong></span> <span class='ocrx_word' id='word_1_138' title='bbox 1491 1853 1585 1891; x_wconf 92' lang='lat' dir='ltr'><strong>nec</strong></span> <span class='ocrx_word' id='word_1_139' title='bbox 1611 1852 1812 1891; x_wconf 89' lang='lat' dir='ltr'><strong>aurum.</strong></span> <span class='ocrx_word' id='word_1_140' title='bbox 1846 1837 1976 1904; x_wconf 87' lang='lat' dir='ltr'><strong>Quis</strong></span> <span class='ocrx_word' id='word_1_141' title='bbox 2003 1837 2142 1892; x_wconf 89' lang='lat' dir='ltr'><strong>enim</strong></span> <span class='ocrx_word' id='word_1_142' title='bbox 2173 1850 2276 1891; x_wconf 94' lang='lat' dir='ltr'><strong>non</strong></span> 
     </span>
    </p>
   </div>
   <div class='ocr_carea' id='block_1_18' title="bbox 736 1925 2275 1995">
    <p class='ocr_par' dir='ltr' id='par_1_18' title="bbox 736 1925 2275 1995">
     <span class='ocr_line' id='line_1_18' title="bbox 736 1925 2275 1995; baseline -0.001 -17"><span class='ocrx_word' id='word_1_143' title='bbox 736 1926 893 1979; x_wconf 73' lang='lat' dir='ltr'><strong>ferret</strong></span> <span class='ocrx_word' id='word_1_144' title='bbox 920 1942 1098 1978; x_wconf 84' lang='lat' dir='ltr'><strong>earum</strong></span> <span class='ocrx_word' id='word_1_145' title='bbox 1127 1927 1460 1980; x_wconf 78' lang='lat' dir='ltr'><strong>materiarum</strong></span> <span class='ocrx_word' id='word_1_146' title='bbox 1493 1936 1758 1994; x_wconf 87' lang='lat' dir='ltr'><strong>aspectum</strong></span> <span class='ocrx_word' id='word_1_147' title='bbox 1784 1927 1806 1979; x_wconf 87' lang='lat'><strong>?</strong></span> <span class='ocrx_word' id='word_1_148' title='bbox 1830 1927 1957 1980; x_wconf 88' lang='lat' dir='ltr'><strong>Cum</strong></span> <span class='ocrx_word' id='word_1_149' title='bbox 1985 1926 2172 1995; x_wconf 89' lang='lat' dir='ltr'><strong>ubique</strong></span> <span class='ocrx_word' id='word_1_150' title='bbox 2197 1925 2275 1978; x_wconf 90' lang='lat' dir='ltr'><strong>lu-</strong></span> 
     </span>
    </p>
   </div>
   <div class='ocr_carea' id='block_1_19' title="bbox 734 2017 2279 2085">
    <p class='ocr_par' dir='ltr' id='par_1_19' title="bbox 734 2017 2279 2085">
     <span class='ocr_line' id='line_1_19' title="bbox 734 2017 2279 2085; baseline -0.001 -16"><span class='ocrx_word' id='word_1_151' title='bbox 734 2032 852 2069; x_wconf 87' lang='lat' dir='ltr'><strong>men</strong></span> <span class='ocrx_word' id='word_1_152' title='bbox 890 2017 1111 2082; x_wconf 86' lang='lat' dir='ltr'><strong>posilunt</strong></span> <span class='ocrx_word' id='word_1_153' title='bbox 1139 2017 1224 2069; x_wconf 89' lang='lat' dir='ltr'><strong>sit.</strong></span> <span class='ocrx_word' id='word_1_154' title='bbox 1260 2017 1512 2082; x_wconf 84' lang='lat' dir='ltr'><strong>Quoniam</strong></span> <span class='ocrx_word' id='word_1_155' title='bbox 1543 2019 1700 2085; x_wconf 81' lang='lat' dir='ltr'><strong>igitur</strong></span> <span class='ocrx_word' id='word_1_156' title='bbox 1730 2017 1920 2070; x_wconf 87' lang='lat' dir='ltr'><strong>missus</strong></span> <span class='ocrx_word' id='word_1_157' title='bbox 1956 2031 2070 2069; x_wconf 89' lang='lat' dir='ltr'><strong>sum</strong></span> <span class='ocrx_word' id='word_1_158' title='bbox 2101 2055 2114 2078; x_wconf 92' lang='lat'><strong>,</strong></span> <span class='ocrx_word' id='word_1_159' title='bbox 2146 2029 2279 2082; x_wconf 64' lang='lat' dir='ltr'><strong>prat-</strong></span> 
     </span>
    </p>
   </div>
   <div class='ocr_carea' id='block_1_20' title="bbox 733 2103 2273 2173">
    <p class='ocr_par' dir='ltr' id='par_1_20' title="bbox 733 2103 2273 2173">
     <span class='ocr_line' id='line_1_20' title="bbox 733 2103 2273 2173; baseline 0 -17"><span class='ocrx_word' id='word_1_160' title='bbox 733 2103 970 2166; x_wconf 66' lang='lat' dir='ltr'><strong>signilico</strong></span> <span class='ocrx_word' id='word_1_161' title='bbox 1001 2105 1096 2157; x_wconf 91' lang='lat' dir='ltr'><strong>hoc</strong></span> <span class='ocrx_word' id='word_1_162' title='bbox 1127 2106 1296 2157; x_wconf 87' lang='lat' dir='ltr'><strong>solum</strong></span> <span class='ocrx_word' id='word_1_163' title='bbox 1329 2145 1344 2169; x_wconf 92' lang='lat'><strong>,</strong></span> <span class='ocrx_word' id='word_1_164' title='bbox 1376 2105 1538 2173; x_wconf 86' lang='lat' dir='ltr'><strong>inquit</strong></span> <span class='ocrx_word' id='word_1_165' title='bbox 1565 2146 1578 2169; x_wconf 90' lang='lat'><strong>,</strong></span> <span class='ocrx_word' id='word_1_166' title='bbox 1612 2119 1673 2158; x_wconf 91' lang='lat' dir='ltr'><strong>ne</strong></span> <span class='ocrx_word' id='word_1_167' title='bbox 1707 2117 2013 2170; x_wconf 86' lang='lat' dir='ltr'><strong>corrumpas</strong></span> <span class='ocrx_word' id='word_1_168' title='bbox 2037 2104 2273 2170; x_wconf 82' lang='lat' dir='ltr'><strong>gratiam.</strong></span> 
     </span>
    </p>
   </div>
   <div class='ocr_carea' id='block_1_21' title="bbox 735 2194 2274 2262">
    <p class='ocr_par' dir='ltr' id='par_1_21' title="bbox 735 2194 2274 2262">
     <span class='ocr_line' id='line_1_21' title="bbox 735 2194 2274 2262; baseline 0.001 -16"><span class='ocrx_word' id='word_1_169' title='bbox 735 2195 921 2246; x_wconf 78' lang='lat' dir='ltr'><strong>Audita</strong></span> <span class='ocrx_word' id='word_1_170' title='bbox 941 2203 1054 2246; x_wconf 85' lang='lat' dir='ltr'><strong>sunt</strong></span> <span class='ocrx_word' id='word_1_171' title='bbox 1078 2195 1220 2246; x_wconf 88' lang='lat' dir='ltr'><strong>verba</strong></span> <span class='ocrx_word' id='word_1_172' title='bbox 1252 2204 1335 2245; x_wconf 83' lang='lat' dir='ltr'><strong>tua</strong></span> <span class='ocrx_word' id='word_1_173' title='bbox 1360 2235 1372 2257; x_wconf 89' lang='lat'><strong>,</strong></span> <span class='ocrx_word' id='word_1_174' title='bbox 1399 2205 1442 2246; x_wconf 89' lang='lat' dir='ltr'><strong>et</strong></span> <span class='ocrx_word' id='word_1_175' title='bbox 1467 2211 1554 2262; x_wconf 88' lang='lat' dir='ltr'><strong>ego</strong></span> <span class='ocrx_word' id='word_1_176' title='bbox 1592 2195 1700 2246; x_wconf 89' lang='lat' dir='ltr'><strong>veni</strong></span> <span class='ocrx_word' id='word_1_177' title='bbox 1739 2194 1789 2246; x_wconf 89' lang='lat' dir='ltr'><strong>in</strong></span> <span class='ocrx_word' id='word_1_178' title='bbox 1819 2194 1972 2247; x_wconf 79' lang='lat' dir='ltr'><strong>verbis</strong></span> <span class='ocrx_word' id='word_1_179' title='bbox 1997 2195 2111 2246; x_wconf 87' lang='lat' dir='ltr'><strong>tuis.</strong></span> <span class='ocrx_word' id='word_1_180' title='bbox 2143 2194 2274 2260; x_wconf 89' lang='lat' dir='ltr'><strong>Quid</strong></span> 
     </span>
    </p>
   </div>
   <div class='ocr_carea' id='block_1_22' title="bbox 735 2282 2277 2352">
    <p class='ocr_par' dir='ltr' id='par_1_22' title="bbox 735 2282 2277 2352">
     <span class='ocr_line' id='line_1_22' title="bbox 735 2282 2277 2352; baseline 0.003 -18"><span class='ocrx_word' id='word_1_181' title='bbox 735 2283 874 2334; x_wconf 88' lang='lat' dir='ltr'><strong>enim</strong></span> <span class='ocrx_word' id='word_1_182' title='bbox 921 2283 1175 2349; x_wconf 86' lang='lat' dir='ltr'><strong>rogabat,</strong></span> <span class='ocrx_word' id='word_1_183' title='bbox 1220 2291 1272 2336; x_wconf 90' lang='lat' dir='ltr'><strong>et</strong></span> <span class='ocrx_word' id='word_1_184' title='bbox 1301 2282 1423 2349; x_wconf 91' lang='lat' dir='ltr'><strong>quid</strong></span> <span class='ocrx_word' id='word_1_185' title='bbox 1463 2283 1815 2350; x_wconf 79' lang='lat' dir='ltr'><strong>precabatur?</strong></span> <span class='ocrx_word' id='word_1_186' title='bbox 1857 2284 1923 2337; x_wconf 87' lang='lat' dir='ltr'><strong>Et</strong></span> <span class='ocrx_word' id='word_1_187' title='bbox 1955 2284 2162 2352; x_wconf 91' lang='lat' dir='ltr'><strong>quidem</strong></span> <span class='ocrx_word' id='word_1_188' title='bbox 2191 2285 2277 2339; x_wconf 89' lang='lat' dir='ltr'><strong>illa</strong></span> 
     </span>
    </p>
   </div>
   <div class='ocr_carea' id='block_1_23' title="bbox 736 2369 2279 2439">
    <p class='ocr_par' dir='ltr' id='par_1_23' title="bbox 736 2369 2279 2439">
     <span class='ocr_line' id='line_1_23' title="bbox 736 2369 2279 2439; baseline 0.003 -18"><span class='ocrx_word' id='word_1_189' title='bbox 736 2369 832 2434; x_wconf 69' lang='grc' dir='ltr'><strong>ἰιμί</strong></span> <span class='ocrx_word' id='word_1_190' title='bbox 862 2385 962 2422; x_wconf 90' lang='lat' dir='ltr'><strong>non</strong></span> <span class='ocrx_word' id='word_1_191' title='bbox 985 2369 1133 2434; x_wconf 90' lang='lat' dir='ltr'><strong>dicis,</strong></span> <span class='ocrx_word' id='word_1_192' title='bbox 1159 2385 1254 2423; x_wconf 92' lang='lat' dir='ltr'><strong>nec</strong></span> <span class='ocrx_word' id='word_1_193' title='bbox 1282 2370 1558 2439; x_wconf 87' lang='lat' dir='ltr'><strong>quidquam</strong></span> <span class='ocrx_word' id='word_1_194' title='bbox 1589 2370 1864 2438; x_wconf 90' lang='lat' dir='ltr'><strong>ejusmodi.</strong></span> <span class='ocrx_word' id='word_1_195' title='bbox 1897 2371 2052 2426; x_wconf 88' lang='lat' dir='ltr'><strong>Forte</strong></span> <span class='ocrx_word' id='word_1_196' title='bbox 2072 2371 2279 2426; x_wconf 90' lang='lat' dir='ltr'><strong>volebat</strong></span> 
     </span>
    </p>
   </div>
   <div class='ocr_carea' id='block_1_24' title="bbox 735 2458 2271 2528">
    <p class='ocr_par' dir='ltr' id='par_1_24' title="bbox 735 2458 2271 2528">
     <span class='ocr_line' id='line_1_24' title="bbox 735 2458 2271 2528; baseline 0.005 -20"><span class='ocrx_word' id='word_1_197' title='bbox 735 2458 936 2510; x_wconf 75' lang='lat' dir='ltr'><strong>discere</strong></span> <span class='ocrx_word' id='word_1_198' title='bbox 960 2468 1138 2511; x_wconf 84' lang='lat' dir='ltr'><strong>exacte</strong></span> <span class='ocrx_word' id='word_1_199' title='bbox 1171 2467 1391 2527; x_wconf 86' lang='lat' dir='ltr'><strong>tempus,</strong></span> <span class='ocrx_word' id='word_1_200' title='bbox 1423 2468 1476 2514; x_wconf 93' lang='lat' dir='ltr'><strong>et</strong></span> <span class='ocrx_word' id='word_1_201' title='bbox 1502 2459 1623 2527; x_wconf 90' lang='lat' dir='ltr'><strong>quid</strong></span> <span class='ocrx_word' id='word_1_202' title='bbox 1656 2469 1831 2528; x_wconf 89' lang='lat' dir='ltr'><strong>postea</strong></span> <span class='ocrx_word' id='word_1_203' title='bbox 1861 2462 2084 2515; x_wconf 87' lang='lat' dir='ltr'><strong>futurum</strong></span> <span class='ocrx_word' id='word_1_204' title='bbox 2115 2470 2271 2516; x_wconf 90' lang='lat' dir='ltr'><strong>esset.</strong></span> 
     </span>
    </p>
   </div>
   <div class='ocr_carea' id='block_1_25' title="bbox 739 2548 2276 2619">
    <p class='ocr_par' dir='ltr' id='par_1_25' title="bbox 739 2548 2276 2619">
     <span class='ocr_line' id='line_1_25' title="bbox 739 2548 2276 2619; baseline 0.002 -18"><span class='ocrx_word' id='word_1_205' title='bbox 739 2548 802 2601; x_wconf 85' lang='lat' dir='ltr'><strong>Et</strong></span> <span class='ocrx_word' id='word_1_206' title='bbox 823 2551 1047 2617; x_wconf 73' lang='lat' dir='ltr'><strong>princeps</strong></span> <span class='ocrx_word' id='word_1_207' title='bbox 1077 2589 1089 2611; x_wconf 89' lang='lat'><strong>,</strong></span> <span class='ocrx_word' id='word_1_208' title='bbox 1118 2550 1285 2619; x_wconf 85' lang='lat' dir='ltr'><strong>inquit</strong></span> <span class='ocrx_word' id='word_1_209' title='bbox 1316 2591 1329 2614; x_wconf 95' lang='lat'><strong>,</strong></span> <span class='ocrx_word' id='word_1_210' title='bbox 1360 2554 1498 2619; x_wconf 83' lang='lat' dir='ltr'><strong>regni</strong></span> <span class='ocrx_word' id='word_1_211' title='bbox 1530 2551 1793 2604; x_wconf 78' lang='lat' dir='ltr'><strong>Persarum</strong></span> <span class='ocrx_word' id='word_1_212' title='bbox 1826 2554 1957 2605; x_wconf 87' lang='lat' dir='ltr'><strong>stetit</strong></span> <span class='ocrx_word' id='word_1_213' title='bbox 1991 2569 2051 2605; x_wconf 82' lang='lat' dir='ltr'><strong>ea:</strong></span> <span class='ocrx_word' id='word_1_214' title='bbox 2074 2552 2276 2605; x_wconf 86' lang='lat' dir='ltr'><strong>adverso</strong></span> 
     </span>
    </p>
   </div>
   <div class='ocr_carea' id='block_1_26' title="bbox 742 2639 2275 2709">
    <p class='ocr_par' dir='ltr' id='par_1_26' title="bbox 742 2639 2275 2709">
     <span class='ocr_line' id='line_1_26' title="bbox 742 2639 2275 2709; baseline 0.003 -21"><span class='ocrx_word' id='word_1_215' title='bbox 742 2639 866 2690; x_wconf 88' lang='lat' dir='ltr'><strong>mei.</strong></span> <span class='ocrx_word' id='word_1_216' title='bbox 915 2639 1065 2692; x_wconf 83' lang='lat' dir='ltr'><strong>Anne</strong></span> <span class='ocrx_word' id='word_1_217' title='bbox 1109 2639 1377 2693; x_wconf 88' lang='lat' dir='ltr'><strong>hominum</strong></span> <span class='ocrx_word' id='word_1_218' title='bbox 1411 2642 1696 2709; x_wconf 87' lang='lat' dir='ltr'><strong>principem</strong></span> <span class='ocrx_word' id='word_1_219' title='bbox 1737 2641 1901 2694; x_wconf 77' lang='lat' dir='ltr'><strong>dicit?</strong></span> <span class='ocrx_word' id='word_1_220' title='bbox 1925 2641 2150 2694; x_wconf 87' lang='lat' dir='ltr'><strong>Minime.</strong></span> <span class='ocrx_word' id='word_1_221' title='bbox 2185 2642 2275 2693; x_wconf 83' lang='lat' dir='ltr'><strong>Et-</strong></span> 
     </span>
    </p>
   </div>
   <div class='ocr_carea' id='block_1_27' title="bbox 738 2729 2276 2799">
    <p class='ocr_par' dir='ltr' id='par_1_27' title="bbox 738 2729 2276 2799">
     <span class='ocr_line' id='line_1_27' title="bbox 738 2729 2276 2799; baseline 0.002 -19"><span class='ocrx_word' id='word_1_222' title='bbox 738 2729 876 2780; x_wconf 90' lang='lat' dir='ltr'><strong>enim</strong></span> <span class='ocrx_word' id='word_1_223' title='bbox 909 2740 958 2781; x_wconf 92' lang='lat' dir='ltr'><strong>et</strong></span> <span class='ocrx_word' id='word_1_224' title='bbox 988 2730 1108 2783; x_wconf 89' lang='lat' dir='ltr'><strong>alibi</strong></span> <span class='ocrx_word' id='word_1_225' title='bbox 1137 2729 1208 2783; x_wconf 85' lang='lat' dir='ltr'><strong>ait</strong></span> <span class='ocrx_word' id='word_1_226' title='bbox 1233 2743 1246 2782; x_wconf 89' lang='lat'><strong>:</strong></span> <span class='ocrx_word' id='word_1_227' title='bbox 1272 2730 1514 2799; x_wconf 80' lang='lat' dir='ltr'><strong>Princeps</strong></span> <span class='ocrx_word' id='word_1_228' title='bbox 1541 2729 1826 2784; x_wconf 79' lang='lat' dir='ltr'><strong>Creecorum</strong></span> <span class='ocrx_word' id='word_1_229' title='bbox 1846 2732 2014 2785; x_wconf 82' lang='lat' dir='ltr'><strong>exivit.</strong></span> <span class='ocrx_word' id='word_1_230' title='bbox 2047 2732 2169 2784; x_wconf 93' lang='lat' dir='ltr'><strong>Mihi</strong></span> <span class='ocrx_word' id='word_1_231' title='bbox 2196 2731 2276 2783; x_wconf 77' lang='lat' dir='ltr'><strong>vi-</strong></span> 
     </span>
    </p>
   </div>
   <div class='ocr_carea' id='block_1_28' title="bbox 737 2817 2278 2888">
    <p class='ocr_par' dir='ltr' id='par_1_28' title="bbox 737 2817 2278 2888">
     <span class='ocr_line' id='line_1_28' title="bbox 737 2817 2278 2888; baseline 0.003 -20"><span class='ocrx_word' id='word_1_232' title='bbox 737 2817 890 2868; x_wconf 92' lang='lat' dir='ltr'><strong>detnr</strong></span> <span class='ocrx_word' id='word_1_233' title='bbox 926 2817 1022 2869; x_wconf 90' lang='lat' dir='ltr'><strong>iste</strong></span> <span class='ocrx_word' id='word_1_234' title='bbox 1052 2819 1136 2885; x_wconf 90' lang='lat' dir='ltr'><strong>qui</strong></span> <span class='ocrx_word' id='word_1_235' title='bbox 1168 2819 1398 2884; x_wconf 79' lang='lat' dir='ltr'><strong>loquitur</strong></span> <span class='ocrx_word' id='word_1_236' title='bbox 1423 2836 1523 2870; x_wconf 92' lang='lat' dir='ltr'><strong>non</strong></span> <span class='ocrx_word' id='word_1_237' title='bbox 1555 2835 1671 2873; x_wconf 91' lang='lat' dir='ltr'><strong>esse</strong></span> <span class='ocrx_word' id='word_1_238' title='bbox 1698 2820 1763 2873; x_wconf 93' lang='lat' dir='ltr'><strong>de</strong></span> <span class='ocrx_word' id='word_1_239' title='bbox 1793 2820 2112 2888; x_wconf 86' lang='lat' dir='ltr'><strong>principibus</strong></span> <span class='ocrx_word' id='word_1_240' title='bbox 2139 2861 2152 2884; x_wconf 96' lang='lat'><strong>,</strong></span> <span class='ocrx_word' id='word_1_241' title='bbox 2186 2835 2278 2873; x_wconf 88' lang='lat' dir='ltr'><strong>ne-</strong></span> 
     </span>
    </p>
   </div>
   <div class='ocr_carea' id='block_1_29' title="bbox 736 2906 2276 2974">
    <p class='ocr_par' dir='ltr' id='par_1_29' title="bbox 736 2906 2276 2974">
     <span class='ocr_line' id='line_1_29' title="bbox 736 2906 2276 2974; baseline 0.005 -20"><span class='ocrx_word' id='word_1_242' title='bbox 736 2920 834 2972; x_wconf 84' lang='lat' dir='ltr'><strong>que</strong></span> <span class='ocrx_word' id='word_1_243' title='bbox 862 2920 925 2957; x_wconf 86' lang='lat' dir='ltr'><strong>ex</strong></span> <span class='ocrx_word' id='word_1_244' title='bbox 955 2907 1016 2958; x_wconf 90' lang='lat' dir='ltr'><strong>iis</strong></span> <span class='ocrx_word' id='word_1_245' title='bbox 1040 2909 1124 2972; x_wconf 86' lang='lat' dir='ltr'><strong>qui</strong></span> <span class='ocrx_word' id='word_1_246' title='bbox 1157 2906 1383 2974; x_wconf 76' lang='lat' dir='ltr'><strong>prrcfccti</strong></span> <span class='ocrx_word' id='word_1_247' title='bbox 1415 2917 1537 2961; x_wconf 89' lang='lat' dir='ltr'><strong>sunt</strong></span> <span class='ocrx_word' id='word_1_248' title='bbox 1564 2909 1702 2973; x_wconf 81' lang='lat' dir='ltr'><strong>genti</strong></span> <span class='ocrx_word' id='word_1_249' title='bbox 1742 2908 1895 2961; x_wconf 92' lang='lat' dir='ltr'><strong>alicui</strong></span> <span class='ocrx_word' id='word_1_250' title='bbox 1927 2947 1940 2970; x_wconf 91' lang='lat'><strong>,</strong></span> <span class='ocrx_word' id='word_1_251' title='bbox 1970 2908 2060 2961; x_wconf 91' lang='lat' dir='ltr'><strong>sed</strong></span> <span class='ocrx_word' id='word_1_252' title='bbox 2091 2923 2154 2962; x_wconf 79' lang='lat' dir='ltr'><strong>ex</strong></span> <span class='ocrx_word' id='word_1_253' title='bbox 2185 2922 2276 2961; x_wconf 87' lang='lat' dir='ltr'><strong>su-</strong></span> 
     </span>
    </p>
   </div>
   <div class='ocr_carea' id='block_1_30' title="bbox 737 2993 2276 3064">
    <p class='ocr_par' dir='ltr' id='par_1_30' title="bbox 737 2993 2276 3064">
     <span class='ocr_line' id='line_1_30' title="bbox 737 2993 2276 3064; baseline 0.004 -20"><span class='ocrx_word' id='word_1_254' title='bbox 737 2993 913 3058; x_wconf 90' lang='lat' dir='ltr'><strong>pernis</strong></span> <span class='ocrx_word' id='word_1_255' title='bbox 943 2993 1235 3047; x_wconf 79' lang='lat' dir='ltr'><strong>virtutibus.</strong></span> <span class='ocrx_word' id='word_1_256' title='bbox 1269 2995 1462 3049; x_wconf 82' lang='lat' dir='ltr'><strong>Deinde</strong></span> <span class='ocrx_word' id='word_1_257' title='bbox 1483 2996 1600 3064; x_wconf 87' lang='lat' dir='ltr'><strong>quia</strong></span> <span class='ocrx_word' id='word_1_258' title='bbox 1622 2997 1789 3064; x_wconf 83' lang='lat' dir='ltr'><strong>angeli</strong></span> <span class='ocrx_word' id='word_1_259' title='bbox 1806 2997 1890 3050; x_wconf 87' lang='lat' dir='ltr'><strong>alii</strong></span> <span class='ocrx_word' id='word_1_260' title='bbox 1913 3012 2014 3051; x_wconf 92' lang='lat' dir='ltr'><strong>non</strong></span> <span class='ocrx_word' id='word_1_261' title='bbox 2037 2997 2276 3051; x_wconf 87' lang='lat' dir='ltr'><strong>valebant</strong></span> 
     </span>
    </p>
   </div>
   <div class='ocr_carea' id='block_1_31' title="bbox 735 3081 2276 3155">
    <p class='ocr_par' dir='ltr' id='par_1_31' title="bbox 735 3081 2276 3155">
     <span class='ocr_line' id='line_1_31' title="bbox 735 3081 2276 3155; baseline 0.006 -23"><span class='ocrx_word' id='word_1_262' title='bbox 735 3081 808 3132; x_wconf 92' lang='lat' dir='ltr'><strong>illi</strong></span> <span class='ocrx_word' id='word_1_263' title='bbox 843 3083 1109 3146; x_wconf 85' lang='lat' dir='ltr'><strong>resistere,</strong></span> <span class='ocrx_word' id='word_1_264' title='bbox 1145 3083 1264 3138; x_wconf 87' lang='lat' dir='ltr'><strong>huic</strong></span> <span class='ocrx_word' id='word_1_265' title='bbox 1287 3084 1494 3138; x_wconf 88' lang='lat' dir='ltr'><strong>dicitur.</strong></span> <span class='ocrx_word' id='word_1_266' title='bbox 1524 3087 1762 3140; x_wconf 83' lang='lat' dir='ltr'><strong>Absolnti</strong></span> <span class='ocrx_word' id='word_1_267' title='bbox 1786 3098 1906 3140; x_wconf 91' lang='lat' dir='ltr'><strong>sunt</strong></span> <span class='ocrx_word' id='word_1_268' title='bbox 1931 3128 1944 3152; x_wconf 92' lang='lat'><strong>,</strong></span> <span class='ocrx_word' id='word_1_269' title='bbox 1981 3088 2145 3155; x_wconf 91' lang='lat' dir='ltr'><strong>inquit</strong></span> <span class='ocrx_word' id='word_1_270' title='bbox 2172 3127 2185 3151; x_wconf 92' lang='lat'><strong>,</strong></span> <span class='ocrx_word' id='word_1_271' title='bbox 2215 3103 2276 3143; x_wconf 89' lang='lat' dir='ltr'><strong>ac</strong></span> 
     </span>
    </p>
   </div>
   <div class='ocr_carea' id='block_1_32' title="bbox 736 3170 2282 3243">
    <p class='ocr_par' dir='ltr' id='par_1_32' title="bbox 736 3170 2282 3243">
     <span class='ocr_line' id='line_1_32' title="bbox 736 3170 2282 3243; baseline 0.005 -22"><span class='ocrx_word' id='word_1_272' title='bbox 736 3170 935 3223; x_wconf 86' lang='lat' dir='ltr'><strong>liberati</strong></span> <span class='ocrx_word' id='word_1_273' title='bbox 957 3171 1156 3236; x_wconf 61' lang='lat' dir='ltr'><strong>Judaei;</strong></span> <span class='ocrx_word' id='word_1_274' title='bbox 1185 3174 1305 3241; x_wconf 88' lang='lat' dir='ltr'><strong>quid</strong></span> <span class='ocrx_word' id='word_1_275' title='bbox 1337 3175 1504 3228; x_wconf 89' lang='lat' dir='ltr'><strong>adhuc</strong></span> <span class='ocrx_word' id='word_1_276' title='bbox 1530 3177 1762 3243; x_wconf 65' lang='lat' dir='ltr'><strong>quarris?</strong></span> <span class='ocrx_word' id='word_1_277' title='bbox 1800 3176 2030 3230; x_wconf 72' lang='lat' dir='ltr'><strong>«Etecce</strong></span> <span class='ocrx_word' id='word_1_278' title='bbox 2046 3174 2282 3238; x_wconf 84' lang='lat' dir='ltr'><strong>Michael,</strong></span> 
     </span>
    </p>
   </div>
   <div class='ocr_carea' id='block_1_33' title="bbox 737 3262 2276 3329">
    <p class='ocr_par' dir='ltr' id='par_1_33' title="bbox 737 3262 2276 3329">
     <span class='ocr_line' id='line_1_33' title="bbox 737 3262 2276 3329; baseline 0.006 -20"><span class='ocrx_word' id='word_1_279' title='bbox 737 3275 868 3312; x_wconf 78' lang='lat' dir='ltr'><strong>uitus</strong></span> <span class='ocrx_word' id='word_1_280' title='bbox 914 3262 1201 3328; x_wconf 83' lang='lat' dir='ltr'><strong>principum</strong></span> <span class='ocrx_word' id='word_1_281' title='bbox 1255 3264 1538 3329; x_wconf 91' lang='lat' dir='ltr'><strong>primorum</strong></span> <span class='ocrx_word' id='word_1_282' title='bbox 1570 3305 1582 3328; x_wconf 93' lang='lat'><strong>,</strong></span> <span class='ocrx_word' id='word_1_283' title='bbox 1635 3266 1775 3319; x_wconf 80' lang='lat' dir='ltr'><strong>venit</strong></span> <span class='ocrx_word' id='word_1_284' title='bbox 1815 3264 1881 3319; x_wconf 87' lang='lat' dir='ltr'><strong>ad</strong></span> <span class='ocrx_word' id='word_1_285' title='bbox 1925 3266 2276 3319; x_wconf 86' lang='lat' dir='ltr'><strong>auxiliandum</strong></span> 
     </span>
    </p>
   </div>
   <div class='ocr_carea' id='block_1_34' title="bbox 736 3349 2275 3424">
    <p class='ocr_par' dir='ltr' id='par_1_34' title="bbox 736 3349 2275 3424">
     <span class='ocr_line' id='line_1_34' title="bbox 736 3349 2275 3424; baseline 0.004 -24"><span class='ocrx_word' id='word_1_286' title='bbox 736 3349 859 3400; x_wconf 90' lang='lat' dir='ltr'><strong>mihi</strong></span> <span class='ocrx_word' id='word_1_287' title='bbox 885 3365 899 3412; x_wconf 90' lang='lat'><strong>;</strong></span> <span class='ocrx_word' id='word_1_288' title='bbox 923 3359 974 3401; x_wconf 93' lang='lat' dir='ltr'><strong>et</strong></span> <span class='ocrx_word' id='word_1_289' title='bbox 995 3365 1076 3403; x_wconf 89' lang='lat' dir='ltr'><strong>me</strong></span> <span class='ocrx_word' id='word_1_290' title='bbox 1103 3351 1421 3418; x_wconf 88' lang='lat' dir='ltr'><strong>reliquerunt</strong></span> <span class='ocrx_word' id='word_1_291' title='bbox 1444 3353 1508 3405; x_wconf 90' lang='lat' dir='ltr'><strong>ibi</strong></span> <span class='ocrx_word' id='word_1_292' title='bbox 1532 3369 1649 3407; x_wconf 89' lang='lat' dir='ltr'><strong>cum</strong></span> <span class='ocrx_word' id='word_1_293' title='bbox 1677 3354 1906 3423; x_wconf 88' lang='lat' dir='ltr'><strong>principe</strong></span> <span class='ocrx_word' id='word_1_294' title='bbox 1926 3354 2062 3424; x_wconf 88' lang='lat' dir='ltr'><strong>regis</strong></span> <span class='ocrx_word' id='word_1_295' title='bbox 2089 3354 2275 3408; x_wconf 85' lang='lat' dir='ltr'><strong>Persa-</strong></span> 
     </span>
    </p>
   </div>
   <div class='ocr_carea' id='block_1_35' title="bbox 736 3437 2277 3513">
    <p class='ocr_par' dir='ltr' id='par_1_35' title="bbox 736 3437 2277 3513">
     <span class='ocr_line' id='line_1_35' title="bbox 736 3437 2277 3513; baseline 0.008 -27"><span class='ocrx_word' id='word_1_296' title='bbox 736 3453 871 3488; x_wconf 85' lang='lat' dir='ltr'><strong>l&#39;tltn.</strong></span> <span class='ocrx_word' id='word_1_297' title='bbox 901 3437 962 3490; x_wconf 88' lang='lat' dir='ltr'><strong>Et</strong></span> <span class='ocrx_word' id='word_1_298' title='bbox 992 3439 1108 3491; x_wconf 85' lang='lat' dir='ltr'><strong>veni</strong></span> <span class='ocrx_word' id='word_1_299' title='bbox 1149 3439 1337 3493; x_wconf 90' lang='lat' dir='ltr'><strong>docere</strong></span> <span class='ocrx_word' id='word_1_300' title='bbox 1368 3452 1416 3495; x_wconf 92' lang='lat' dir='ltr'><strong>te</strong></span> <span class='ocrx_word' id='word_1_301' title='bbox 1443 3457 1780 3511; x_wconf 71' lang='lat' dir='ltr'><strong>qurecnmque</strong></span> <span class='ocrx_word' id='word_1_302' title='bbox 1823 3444 2064 3497; x_wconf 85' lang='lat' dir='ltr'><strong>evenient</strong></span> <span class='ocrx_word' id='word_1_303' title='bbox 2087 3444 2277 3513; x_wconf 91' lang='lat' dir='ltr'><strong>populo</strong></span> 
     </span>
    </p>
   </div>
   <div class='ocr_carea' id='block_1_36' title="bbox 736 3529 2271 3599">
    <p class='ocr_par' dir='ltr' id='par_1_36' title="bbox 736 3529 2271 3599">
     <span class='ocr_line' id='line_1_36' title="bbox 736 3529 2271 3599; baseline 0.005 -23"><span class='ocrx_word' id='word_1_304' title='bbox 736 3538 825 3576; x_wconf 84' lang='lat' dir='ltr'><strong>tuo</strong></span> <span class='ocrx_word' id='word_1_305' title='bbox 865 3529 914 3580; x_wconf 91' lang='lat' dir='ltr'><strong>in</strong></span> <span class='ocrx_word' id='word_1_306' title='bbox 943 3529 1242 3582; x_wconf 80' lang='lat' dir='ltr'><strong>novissimis</strong></span> <span class='ocrx_word' id='word_1_307' title='bbox 1267 3529 1451 3583; x_wconf 89' lang='lat' dir='ltr'><strong>diebus</strong></span> <span class='ocrx_word' id='word_1_308' title='bbox 1479 3571 1494 3595; x_wconf 91' lang='lat'><strong>,</strong></span> <span class='ocrx_word' id='word_1_309' title='bbox 1545 3532 1666 3599; x_wconf 85' lang='lat' dir='ltr'><strong>quia</strong></span> <span class='ocrx_word' id='word_1_310' title='bbox 1692 3547 1814 3586; x_wconf 89' lang='lat' dir='ltr'><strong>ecce</strong></span> <span class='ocrx_word' id='word_1_311' title='bbox 1844 3533 1973 3585; x_wconf 80' lang='lat' dir='ltr'><strong>visio</strong></span> <span class='ocrx_word' id='word_1_312' title='bbox 1999 3533 2048 3584; x_wconf 91' lang='lat' dir='ltr'><strong>in</strong></span> <span class='ocrx_word' id='word_1_313' title='bbox 2078 3533 2212 3586; x_wconf 89' lang='lat' dir='ltr'><strong>dies.</strong></span> <span class='ocrx_word' id='word_1_314' title='bbox 2254 3552 2271 3584; x_wconf 74' lang='grc' dir='ltr'><strong><em>ι</em></strong></span> 
     </span>
    </p>
   </div>
   <div class='ocr_carea' id='block_1_37' title="bbox 733 3615 2274 3685">
    <p class='ocr_par' dir='ltr' id='par_1_37' title="bbox 733 3615 2274 3685">
     <span class='ocr_line' id='line_1_37' title="bbox 733 3615 2274 3685; baseline 0.007 -21"><span class='ocrx_word' id='word_1_315' title='bbox 733 3615 906 3679; x_wconf 88' lang='lat' dir='ltr'><strong>Quare</strong></span> <span class='ocrx_word' id='word_1_316' title='bbox 934 3627 1055 3669; x_wconf 90' lang='lat' dir='ltr'><strong>ante</strong></span> <span class='ocrx_word' id='word_1_317' title='bbox 1085 3618 1262 3685; x_wconf 80' lang='lat' dir='ltr'><strong>viginti</strong></span> <span class='ocrx_word' id='word_1_318' title='bbox 1291 3619 1404 3671; x_wconf 88' lang='lat' dir='ltr'><strong>dies</strong></span> <span class='ocrx_word' id='word_1_319' title='bbox 1452 3636 1554 3672; x_wconf 92' lang='lat' dir='ltr'><strong>non</strong></span> <span class='ocrx_word' id='word_1_320' title='bbox 1587 3622 1727 3673; x_wconf 91' lang='lat' dir='ltr'><strong>venit</strong></span> <span class='ocrx_word' id='word_1_321' title='bbox 1756 3621 1972 3674; x_wconf 88' lang='lat' dir='ltr'><strong>Michael</strong></span> <span class='ocrx_word' id='word_1_322' title='bbox 2001 3621 2024 3672; x_wconf 89' lang='lat'><strong>?</strong></span> <span class='ocrx_word' id='word_1_323' title='bbox 2054 3620 2121 3676; x_wconf 89' lang='lat' dir='ltr'><strong>Ut</strong></span> <span class='ocrx_word' id='word_1_324' title='bbox 2148 3622 2274 3675; x_wconf 90' lang='lat' dir='ltr'><strong>mihi</strong></span> 
     </span>
    </p>
   </div>
   <div class='ocr_carea' id='block_1_38' title="bbox 735 3706 2279 3778">
    <p class='ocr_par' dir='ltr' id='par_1_38' title="bbox 735 3706 2279 3778">
     <span class='ocr_line' id='line_1_38' title="bbox 735 3706 2279 3778; baseline 0.005 -22"><span class='ocrx_word' id='word_1_325' title='bbox 735 3706 1253 3770; x_wconf 83' lang='lat' dir='ltr'><strong>videtur,05lcndcrc</strong></span> <span class='ocrx_word' id='word_1_326' title='bbox 1278 3709 1386 3761; x_wconf 87' lang='lat' dir='ltr'><strong>vult</strong></span> <span class='ocrx_word' id='word_1_327' title='bbox 1409 3710 1694 3776; x_wconf 76' lang='lat' dir='ltr'><strong>prephetzn,</strong></span> <span class='ocrx_word' id='word_1_328' title='bbox 1721 3711 1860 3763; x_wconf 90' lang='lat' dir='ltr'><strong>illum</strong></span> <span class='ocrx_word' id='word_1_329' title='bbox 1885 3727 1969 3764; x_wconf 93' lang='lat' dir='ltr'><strong>res</strong></span> <span class='ocrx_word' id='word_1_330' title='bbox 1993 3710 2279 3778; x_wconf 89' lang='lat' dir='ltr'><strong>prohibitas</strong></span> 
     </span>
    </p>
   </div>
   <div class='ocr_carea' id='block_1_39' title="bbox 734 3797 2273 3865">
    <p class='ocr_par' dir='ltr' id='par_1_39' title="bbox 734 3797 2273 3865">
     <span class='ocr_line' id='line_1_39' title="bbox 734 3797 2273 3865; baseline 0.001 -17"><span class='ocrx_word' id='word_1_331' title='bbox 734 3807 788 3849; x_wconf 89' lang='lat' dir='ltr'><strong>et</strong></span> <span class='ocrx_word' id='word_1_332' title='bbox 816 3797 1018 3864; x_wconf 91' lang='lat' dir='ltr'><strong>iniquas</strong></span> <span class='ocrx_word' id='word_1_333' title='bbox 1042 3807 1199 3864; x_wconf 91' lang='lat' dir='ltr'><strong>atque</strong></span> <span class='ocrx_word' id='word_1_334' title='bbox 1228 3808 1434 3849; x_wconf 87' lang='lat' dir='ltr'><strong>coactas</strong></span> <span class='ocrx_word' id='word_1_335' title='bbox 1465 3799 1730 3864; x_wconf 90' lang='lat' dir='ltr'><strong>postulare</strong></span> <span class='ocrx_word' id='word_1_336' title='bbox 1761 3839 1773 3859; x_wconf 94' lang='lat'><strong>,</strong></span> <span class='ocrx_word' id='word_1_337' title='bbox 1808 3813 1869 3851; x_wconf 90' lang='lat' dir='ltr'><strong>ac</strong></span> <span class='ocrx_word' id='word_1_338' title='bbox 1898 3799 2273 3865; x_wconf 72' lang='lat' dir='ltr'><strong>propemodum</strong></span> 
     </span>
    </p>
   </div>
   <div class='ocr_carea' id='block_1_40' title="bbox 736 3887 2277 3955">
    <p class='ocr_par' dir='ltr' id='par_1_40' title="bbox 736 3887 2277 3955">
     <span class='ocr_line' id='line_1_40' title="bbox 736 3887 2277 3955; baseline 0.001 -17"><span class='ocrx_word' id='word_1_339' title='bbox 736 3888 934 3954; x_wconf 85' lang='lat' dir='ltr'><strong>angelis</strong></span> <span class='ocrx_word' id='word_1_340' title='bbox 963 3887 1062 3938; x_wconf 89' lang='lat' dir='ltr'><strong>vim</strong></span> <span class='ocrx_word' id='word_1_341' title='bbox 1097 3887 1282 3940; x_wconf 86' lang='lat' dir='ltr'><strong>facere.</strong></span> <span class='ocrx_word' id='word_1_342' title='bbox 1325 3887 1543 3954; x_wconf 83' lang='lat' dir='ltr'><strong>Propter</strong></span> <span class='ocrx_word' id='word_1_343' title='bbox 1590 3887 1687 3939; x_wconf 82' lang='lat' dir='ltr'><strong>hoc</strong></span> <span class='ocrx_word' id='word_1_344' title='bbox 1725 3904 1891 3955; x_wconf 83' lang='lat' dir='ltr'><strong>neque</strong></span> <span class='ocrx_word' id='word_1_345' title='bbox 1919 3887 2138 3941; x_wconf 87' lang='lat' dir='ltr'><strong>Michael</strong></span> <span class='ocrx_word' id='word_1_346' title='bbox 2167 3897 2277 3940; x_wconf 89' lang='lat' dir='ltr'><strong>sta-</strong></span> 
     </span>
    </p>
   </div>
   <div class='ocr_carea' id='block_1_41' title="bbox 739 3977 2280 4046">
    <p class='ocr_par' dir='ltr' id='par_1_41' title="bbox 739 3977 2280 4046">
     <span class='ocr_line' id='line_1_41' title="bbox 739 3977 2280 4046; baseline 0.001 -18"><span class='ocrx_word' id='word_1_347' title='bbox 739 3979 827 4030; x_wconf 90' lang='lat' dir='ltr'><strong>tim</strong></span> <span class='ocrx_word' id='word_1_348' title='bbox 857 3979 921 4031; x_wconf 92' lang='lat' dir='ltr'><strong>ab</strong></span> <span class='ocrx_word' id='word_1_349' title='bbox 952 3977 1097 4029; x_wconf 90' lang='lat' dir='ltr'><strong>initio</strong></span> <span class='ocrx_word' id='word_1_350' title='bbox 1124 3978 1422 4040; x_wconf 83' lang='lat' dir='ltr'><strong>auxiliatur,</strong></span> <span class='ocrx_word' id='word_1_351' title='bbox 1457 3978 1548 4030; x_wconf 89' lang='lat' dir='ltr'><strong>sed</strong></span> <span class='ocrx_word' id='word_1_352' title='bbox 1580 3988 1754 4046; x_wconf 69' lang='lat' dir='ltr'><strong>postea</strong></span> <span class='ocrx_word' id='word_1_353' title='bbox 1777 4017 1790 4040; x_wconf 90' lang='lat'><strong>,</strong></span> <span class='ocrx_word' id='word_1_354' title='bbox 1825 3987 1879 4029; x_wconf 90' lang='lat' dir='ltr'><strong>nt</strong></span> <span class='ocrx_word' id='word_1_355' title='bbox 1912 3977 2172 4032; x_wconf 85' lang='lat' dir='ltr'><strong>discerent</strong></span> <span class='ocrx_word' id='word_1_356' title='bbox 2202 3978 2280 4030; x_wconf 87' lang='lat' dir='ltr'><strong>in-</strong></span> 
     </span>
    </p>
   </div>
   <div class='ocr_carea' id='block_1_42' title="bbox 735 4065 2278 4134">
    <p class='ocr_par' dir='ltr' id='par_1_42' title="bbox 735 4065 2278 4134">
     <span class='ocr_line' id='line_1_42' title="bbox 735 4065 2278 4134; baseline 0.001 -15"><span class='ocrx_word' id='word_1_357' title='bbox 735 4067 920 4134; x_wconf 86' lang='lat' dir='ltr'><strong>dignos</strong></span> <span class='ocrx_word' id='word_1_358' title='bbox 947 4065 1113 4118; x_wconf 91' lang='lat' dir='ltr'><strong>reditu</strong></span> <span class='ocrx_word' id='word_1_359' title='bbox 1154 4081 1269 4118; x_wconf 87' lang='lat' dir='ltr'><strong>esse</strong></span> <span class='ocrx_word' id='word_1_360' title='bbox 1298 4082 1387 4118; x_wconf 77' lang='lat' dir='ltr'><strong>eos</strong></span> <span class='ocrx_word' id='word_1_361' title='bbox 1417 4067 1501 4133; x_wconf 90' lang='lat' dir='ltr'><strong>qui</strong></span> <span class='ocrx_word' id='word_1_362' title='bbox 1525 4076 1704 4134; x_wconf 89' lang='lat' dir='ltr'><strong>postea</strong></span> <span class='ocrx_word' id='word_1_363' title='bbox 1743 4067 1791 4118; x_wconf 92' lang='lat' dir='ltr'><strong>in</strong></span> <span class='ocrx_word' id='word_1_364' title='bbox 1835 4067 2050 4134; x_wconf 88' lang='lat' dir='ltr'><strong>patriam</strong></span> <span class='ocrx_word' id='word_1_365' title='bbox 2081 4066 2278 4121; x_wconf 90' lang='lat' dir='ltr'><strong>reversi</strong></span> 
     </span>
    </p>
   </div>
   <div class='ocr_carea' id='block_1_43' title="bbox 737 4155 2275 4225">
    <p class='ocr_par' dir='ltr' id='par_1_43' title="bbox 737 4155 2275 4225">
     <span class='ocr_line' id='line_1_43' title="bbox 737 4155 2275 4225; baseline -0.001 -16"><span class='ocrx_word' id='word_1_366' title='bbox 737 4165 876 4209; x_wconf 87' lang='lat' dir='ltr'><strong>sunt.</strong></span> <span class='ocrx_word' id='word_1_367' title='bbox 901 4155 1092 4223; x_wconf 91' lang='lat' dir='ltr'><strong>lnjuria</strong></span> <span class='ocrx_word' id='word_1_368' title='bbox 1124 4156 1422 4208; x_wconf 85' lang='lat' dir='ltr'><strong>afficiuntur</strong></span> <span class='ocrx_word' id='word_1_369' title='bbox 1439 4157 1629 4223; x_wconf 86' lang='lat' dir='ltr'><strong>angeli.</strong></span> <span class='ocrx_word' id='word_1_370' title='bbox 1663 4155 1728 4206; x_wconf 85' lang='lat' dir='ltr'><strong>Et</strong></span> <span class='ocrx_word' id='word_1_371' title='bbox 1750 4172 1824 4207; x_wconf 87' lang='lat' dir='ltr'><strong>me</strong></span> <span class='ocrx_word' id='word_1_372' title='bbox 1841 4157 2140 4225; x_wconf 84' lang='lat' dir='ltr'><strong>reliquerunt</strong></span> <span class='ocrx_word' id='word_1_373' title='bbox 2162 4157 2229 4208; x_wconf 86' lang='lat' dir='ltr'><strong>ibi</strong></span> <span class='ocrx_word' id='word_1_374' title='bbox 2260 4196 2275 4221; x_wconf 91' lang='lat'><strong>,</strong></span> 
     </span>
    </p>
   </div>
   <div class='ocr_carea' id='block_1_44' title="bbox 735 4245 2278 4314">
    <p class='ocr_par' dir='ltr' id='par_1_44' title="bbox 735 4245 2278 4314">
     <span class='ocr_line' id='line_1_44' title="bbox 735 4245 2278 4314; baseline -0.001 -14"><span class='ocrx_word' id='word_1_375' title='bbox 735 4258 793 4300; x_wconf 92' lang='lat' dir='ltr'><strong>ut</strong></span> <span class='ocrx_word' id='word_1_376' title='bbox 813 4247 894 4300; x_wconf 91' lang='lat' dir='ltr'><strong>vel</strong></span> <span class='ocrx_word' id='word_1_377' title='bbox 929 4245 1315 4314; x_wconf 76' lang='lat' dir='ltr'><strong>persuaderent,</strong></span> <span class='ocrx_word' id='word_1_378' title='bbox 1347 4247 1425 4298; x_wconf 90' lang='lat' dir='ltr'><strong>vel</strong></span> <span class='ocrx_word' id='word_1_379' title='bbox 1465 4247 1751 4298; x_wconf 89' lang='lat' dir='ltr'><strong>inbiberem</strong></span> <span class='ocrx_word' id='word_1_380' title='bbox 1778 4245 1794 4311; x_wconf 95' lang='lat'>(</span> <span class='ocrx_word' id='word_1_381' title='bbox 1827 4246 2110 4312; x_wconf 89' lang='lat' dir='ltr'><strong>principem</strong></span> <span class='ocrx_word' id='word_1_382' title='bbox 2141 4245 2278 4313; x_wconf 88' lang='lat' dir='ltr'><strong>regis</strong></span> 
     </span>
    </p>
   </div>
   <div class='ocr_carea' id='block_1_45' title="bbox 735 4335 2279 4405">
    <p class='ocr_par' dir='ltr' id='par_1_45' title="bbox 735 4335 2279 4405">
     <span class='ocr_line' id='line_1_45' title="bbox 735 4335 2279 4405; baseline -0.003 -13"><span class='ocrx_word' id='word_1_383' title='bbox 735 4339 1016 4392; x_wconf 68' lang='lat' dir='ltr'><strong>Persarum</strong></span> <span class='ocrx_word' id='word_1_384' title='bbox 1049 4339 1084 4404; x_wconf 95' lang='lat'><strong>).</strong></span> <span class='ocrx_word' id='word_1_385' title='bbox 1113 4338 1174 4389; x_wconf 74' lang='lat' dir='ltr'><strong>Et</strong></span> <span class='ocrx_word' id='word_1_386' title='bbox 1205 4337 1318 4405; x_wconf 84' lang='lat' dir='ltr'><strong>quis</strong></span> <span class='ocrx_word' id='word_1_387' title='bbox 1344 4337 1556 4405; x_wconf 83' lang='lat' dir='ltr'><strong>angelus</strong></span> <span class='ocrx_word' id='word_1_388' title='bbox 1577 4335 1850 4403; x_wconf 85' lang='lat' dir='ltr'><strong>ejusmodi,</strong></span> <span class='ocrx_word' id='word_1_389' title='bbox 1875 4336 1960 4404; x_wconf 90' lang='lat' dir='ltr'><strong>qui</strong></span> <span class='ocrx_word' id='word_1_390' title='bbox 1988 4351 2105 4388; x_wconf 93' lang='lat' dir='ltr'><strong>cum</strong></span> <span class='ocrx_word' id='word_1_391' title='bbox 2135 4335 2279 4389; x_wconf 90' lang='lat' dir='ltr'><strong>audit</strong></span> 
     </span>
    </p>
   </div>
   <div class='ocr_carea' id='block_1_46' title="bbox 737 4427 2276 4497">
    <p class='ocr_par' dir='ltr' id='par_1_46' title="bbox 737 4427 2276 4497">
     <span class='ocr_line' id='line_1_46' title="bbox 737 4427 2276 4497; baseline -0.001 -16"><span class='ocrx_word' id='word_1_392' title='bbox 737 4431 900 4483; x_wconf 81' lang='lat' dir='ltr'><strong>Deum</strong></span> <span class='ocrx_word' id='word_1_393' title='bbox 923 4431 1154 4497; x_wconf 69' lang='lat' dir='ltr'><strong>prteberc</strong></span> <span class='ocrx_word' id='word_1_394' title='bbox 1184 4431 1423 4497; x_wconf 84' lang='lat' dir='ltr'><strong>gratiam,</strong></span> <span class='ocrx_word' id='word_1_395' title='bbox 1452 4428 1696 4481; x_wconf 85' lang='lat' dir='ltr'><strong>resistat?</strong></span> <span class='ocrx_word' id='word_1_396' title='bbox 1725 4427 1851 4480; x_wconf 85' lang='lat' dir='ltr'><strong>Rem</strong></span> <span class='ocrx_word' id='word_1_397' title='bbox 1883 4466 1897 4489; x_wconf 94' lang='lat'><strong>,</strong></span> <span class='ocrx_word' id='word_1_398' title='bbox 1924 4436 1980 4479; x_wconf 85' lang='grc' dir='ltr'><strong>ιιι</strong></span> <span class='ocrx_word' id='word_1_399' title='bbox 2006 4427 2232 4480; x_wconf 89' lang='lat' dir='ltr'><strong>arbitror</strong></span> <span class='ocrx_word' id='word_1_400' title='bbox 2262 4467 2276 4490; x_wconf 99' lang='lat'><strong>,</strong></span> 
     </span>
    </p>
   </div>
   <div class='ocr_carea' id='block_1_47' title="bbox 737 4515 2278 4585">
    <p class='ocr_par' dir='ltr' id='par_1_47' title="bbox 737 4515 2278 4585">
     <span class='ocr_line' id='line_1_47' title="bbox 737 4515 2278 4585; baseline -0.001 -16"><span class='ocrx_word' id='word_1_401' title='bbox 737 4519 806 4569; x_wconf 87' lang='lat' dir='ltr'><strong>ita</strong></span> <span class='ocrx_word' id='word_1_402' title='bbox 855 4519 1098 4585; x_wconf 84' lang='lat' dir='ltr'><strong>exprimit</strong></span> <span class='ocrx_word' id='word_1_403' title='bbox 1146 4533 1206 4570; x_wconf 91' lang='lat' dir='ltr'><strong>ac</strong></span> <span class='ocrx_word' id='word_1_404' title='bbox 1248 4518 1292 4570; x_wconf 92' lang='lat' dir='ltr'><strong>si</strong></span> <span class='ocrx_word' id='word_1_405' title='bbox 1340 4526 1478 4570; x_wconf 87' lang='lat' dir='ltr'><strong>esset</strong></span> <span class='ocrx_word' id='word_1_406' title='bbox 1525 4515 2278 4584; x_wconf 88' lang='lat' dir='ltr'><strong>corporea:quemadmodum</strong></span> 
     </span>
    </p>
   </div>
   <div class='ocr_carea' id='block_1_48' title="bbox 736 4606 2280 4676">
    <p class='ocr_par' dir='ltr' id='par_1_48' title="bbox 736 4606 2280 4676">
     <span class='ocr_line' id='line_1_48' title="bbox 736 4606 2280 4676; baseline 0.001 -20"><span class='ocrx_word' id='word_1_407' title='bbox 736 4624 856 4660; x_wconf 78' lang='lat' dir='ltr'><strong>cum</strong></span> <span class='ocrx_word' id='word_1_408' title='bbox 900 4609 970 4659; x_wconf 92' lang='lat' dir='ltr'><strong>ait</strong></span> <span class='ocrx_word' id='word_1_409' title='bbox 998 4624 1010 4662; x_wconf 87' lang='lat'>:</span> <span class='ocrx_word' id='word_1_410' title='bbox 1043 4608 1165 4672; x_wconf 83' lang='lat' dir='ltr'><strong>Quis</strong></span> <span class='ocrx_word' id='word_1_411' title='bbox 1204 4609 1478 4676; x_wconf 79' lang='lat' dir='ltr'><strong>egredietur</strong></span> <span class='ocrx_word' id='word_1_412' title='bbox 1522 4617 1568 4660; x_wconf 87' lang='lat' dir='ltr'><strong>et</strong></span> <span class='ocrx_word' id='word_1_413' title='bbox 1605 4607 1812 4674; x_wconf 77' lang='lat' dir='ltr'><strong>decipiet</strong></span> <span class='ocrx_word' id='word_1_414' title='bbox 1847 4607 1966 4659; x_wconf 83' lang='lat' dir='ltr'><strong>mihi</strong></span> <span class='ocrx_word' id='word_1_415' title='bbox 1991 4606 2280 4659; x_wconf 83' lang='lat' dir='ltr'><strong>Acltaabum</strong></span> 
     </span>
    </p>
   </div>
   <div class='ocr_carea' id='block_1_49' title="bbox 737 4695 2282 4764">
    <p class='ocr_par' dir='ltr' id='par_1_49' title="bbox 737 4695 2282 4764">
     <span class='ocr_line' id='line_1_49' title="bbox 737 4695 2282 4764; baseline 0 -17"><span class='ocrx_word' id='word_1_416' title='bbox 737 4699 757 4763; x_wconf 84' lang='lat'><strong>(</strong></span> <span class='ocrx_word' id='word_1_417' title='bbox 783 4696 839 4749; x_wconf 72' lang='grc'><strong>2.</strong></span> <span class='ocrx_word' id='word_1_418' title='bbox 869 4695 1044 4750; x_wconf 86' lang='lat' dir='ltr'><strong>Paral.</strong></span> <span class='ocrx_word' id='word_1_419' title='bbox 1076 4697 1158 4749; x_wconf 90' lang='lat'><strong>18.</strong></span> <span class='ocrx_word' id='word_1_420' title='bbox 1189 4697 1251 4748; x_wconf 86' lang='lat'><strong>19</strong></span> <span class='ocrx_word' id='word_1_421' title='bbox 1278 4696 1295 4764; x_wconf 94' lang='lat'>)</span> <span class='ocrx_word' id='word_1_422' title='bbox 1319 4697 1340 4745; x_wconf 70' lang='grc' dir='ltr'><strong>’ἰ</strong></span> <span class='ocrx_word' id='word_1_423' title='bbox 1361 4707 1412 4748; x_wconf 88' lang='lat' dir='ltr'><strong>et</strong></span> <span class='ocrx_word' id='word_1_424' title='bbox 1440 4697 1625 4748; x_wconf 86' lang='lat' dir='ltr'><strong>iterum</strong></span> <span class='ocrx_word' id='word_1_425' title='bbox 1654 4711 1668 4747; x_wconf 91' lang='lat'><strong>:</strong></span> <span class='ocrx_word' id='word_1_426' title='bbox 1697 4695 1897 4747; x_wconf 80' lang='lat' dir='ltr'><strong>Dimitte</strong></span> <span class='ocrx_word' id='word_1_427' title='bbox 1917 4711 2013 4757; x_wconf 87' lang='lat' dir='ltr'><strong>me,</strong></span> <span class='ocrx_word' id='word_1_428' title='bbox 2040 4704 2085 4748; x_wconf 89' lang='lat' dir='ltr'><strong>et</strong></span> <span class='ocrx_word' id='word_1_429' title='bbox 2116 4695 2282 4747; x_wconf 86' lang='lat' dir='ltr'><strong>delebo</strong></span> 
     </span>
    </p>
   </div>
   <div class='ocr_carea' id='block_1_50' title="bbox 739 4785 2282 4855">
    <p class='ocr_par' dir='ltr' id='par_1_50' title="bbox 739 4785 2282 4855">
     <span class='ocr_line' id='line_1_50' title="bbox 739 4785 2282 4855; baseline 0 -16"><span class='ocrx_word' id='word_1_430' title='bbox 739 4803 821 4840; x_wconf 84' lang='lat' dir='ltr'><strong>eos</strong></span> <span class='ocrx_word' id='word_1_431' title='bbox 853 4785 1062 4855; x_wconf 72' lang='lat' dir='ltr'><strong>(Exod.</strong></span> <span class='ocrx_word' id='word_1_432' title='bbox 1094 4785 1178 4840; x_wconf 71' lang='lat'><strong>32.</strong></span> <span class='ocrx_word' id='word_1_433' title='bbox 1213 4786 1339 4853; x_wconf 92' lang='grc'><strong>10).</strong></span> <span class='ocrx_word' id='word_1_434' title='bbox 1372 4786 1483 4840; x_wconf 85' lang='lat' dir='ltr'><strong>Non</strong></span> <span class='ocrx_word' id='word_1_435' title='bbox 1526 4788 1828 4853; x_wconf 83' lang='lat' dir='ltr'><strong>prohibetur</strong></span> <span class='ocrx_word' id='word_1_436' title='bbox 1857 4787 1990 4839; x_wconf 88' lang='lat' dir='ltr'><strong>Deus</strong></span> <span class='ocrx_word' id='word_1_437' title='bbox 2018 4827 2031 4849; x_wconf 95' lang='lat'><strong>,</strong></span> <span class='ocrx_word' id='word_1_438' title='bbox 2057 4801 2153 4839; x_wconf 93' lang='lat' dir='ltr'><strong>nec</strong></span> <span class='ocrx_word' id='word_1_439' title='bbox 2178 4787 2282 4839; x_wconf 84' lang='lat' dir='ltr'><strong>vim</strong></span> 
     </span>
    </p>
   </div>
   <div class='ocr_carea' id='block_1_51' title="bbox 742 4874 2281 4944">
    <p class='ocr_par' dir='ltr' id='par_1_51' title="bbox 742 4874 2281 4944">
     <span class='ocr_line' id='line_1_51' title="bbox 742 4874 2281 4944; baseline 0 -18"><span class='ocrx_word' id='word_1_440' title='bbox 742 4879 933 4944; x_wconf 83' lang='lat' dir='ltr'><strong>patitur</strong></span> <span class='ocrx_word' id='word_1_441' title='bbox 954 4917 966 4941; x_wconf 93' lang='lat'><strong>,</strong></span> <span class='ocrx_word' id='word_1_442' title='bbox 993 4875 1234 4928; x_wconf 86' lang='lat' dir='ltr'><strong>detentus</strong></span> <span class='ocrx_word' id='word_1_443' title='bbox 1262 4890 1288 4926; x_wconf 90' lang='lat' dir='ltr'><strong>a</strong></span> <span class='ocrx_word' id='word_1_444' title='bbox 1321 4875 1591 4941; x_wconf 86' lang='lat' dir='ltr'><strong>prepheta.</strong></span> <span class='ocrx_word' id='word_1_445' title='bbox 1627 4876 1698 4928; x_wconf 84' lang='lat' dir='ltr'><strong>Ita</strong></span> <span class='ocrx_word' id='word_1_446' title='bbox 1720 4890 1845 4929; x_wconf 89' lang='lat' dir='ltr'><strong>sane</strong></span> <span class='ocrx_word' id='word_1_447' title='bbox 1866 4884 1918 4928; x_wconf 85' lang='lat' dir='ltr'><strong>ct</strong></span> <span class='ocrx_word' id='word_1_448' title='bbox 1944 4874 2046 4928; x_wconf 90' lang='lat' dir='ltr'><strong>hic.</strong></span> <span class='ocrx_word' id='word_1_449' title='bbox 2082 4874 2281 4927; x_wconf 82' lang='lat' dir='ltr'><strong>Rursus</strong></span> 
     </span>
    </p>
   </div>
   <div class='ocr_carea' id='block_1_52' title="bbox 740 4963 2284 5032">
    <p class='ocr_par' dir='ltr' id='par_1_52' title="bbox 740 4963 2284 5032">
     <span class='ocr_line' id='line_1_52' title="bbox 740 4963 2284 5032; baseline 0 -18"><span class='ocrx_word' id='word_1_450' title='bbox 740 4980 862 5019; x_wconf 75' lang='lat' dir='ltr'><strong>vero</strong></span> <span class='ocrx_word' id='word_1_451' title='bbox 897 4967 1020 5018; x_wconf 89' lang='lat' dir='ltr'><strong>alibi</strong></span> <span class='ocrx_word' id='word_1_452' title='bbox 1054 4966 1127 5018; x_wconf 91' lang='lat' dir='ltr'><strong>ait</strong></span> <span class='ocrx_word' id='word_1_453' title='bbox 1159 4982 1170 5016; x_wconf 93' lang='lat'>:</span> <span class='ocrx_word' id='word_1_454' title='bbox 1202 4964 1403 5016; x_wconf 87' lang='lat' dir='ltr'><strong>Dimitte</strong></span> <span class='ocrx_word' id='word_1_455' title='bbox 1429 4981 1505 5015; x_wconf 87' lang='lat' dir='ltr'><strong>me</strong></span> <span class='ocrx_word' id='word_1_456' title='bbox 1536 5005 1548 5027; x_wconf 91' lang='lat'><strong>,</strong></span> <span class='ocrx_word' id='word_1_457' title='bbox 1594 4965 1708 5032; x_wconf 87' lang='lat' dir='ltr'><strong>quia</strong></span> <span class='ocrx_word' id='word_1_458' title='bbox 1745 4964 1964 5015; x_wconf 83' lang='lat' dir='ltr'><strong>ascendit</strong></span> <span class='ocrx_word' id='word_1_459' title='bbox 2005 4963 2284 5015; x_wconf 83' lang='lat' dir='ltr'><strong>diluculum</strong></span> 
     </span>
    </p>
   </div>
   <div class='ocr_carea' id='block_1_53' title="bbox 739 5050 2281 5123">
    <p class='ocr_par' dir='ltr' id='par_1_53' title="bbox 739 5050 2281 5123">
     <span class='ocr_line' id='line_1_53' title="bbox 739 5050 2281 5123; baseline -0.003 -17"><span class='ocrx_word' id='word_1_460' title='bbox 739 5055 885 5122; x_wconf 67' lang='lat' dir='ltr'><strong>(lien.</strong></span> <span class='ocrx_word' id='word_1_461' title='bbox 913 5057 997 5108; x_wconf 73' lang='lat'><strong>39..</strong></span> <span class='ocrx_word' id='word_1_462' title='bbox 1032 5056 1142 5123; x_wconf 69' lang='lat' dir='ltr'><strong>illi).</strong></span> <span class='ocrx_word' id='word_1_463' title='bbox 1177 5057 1236 5108; x_wconf 86' lang='lat' dir='ltr'><strong>Et</strong></span> <span class='ocrx_word' id='word_1_464' title='bbox 1259 5055 1430 5107; x_wconf 89' lang='lat' dir='ltr'><strong>adhuc</strong></span> <span class='ocrx_word' id='word_1_465' title='bbox 1455 5055 1518 5106; x_wconf 86' lang='lat' dir='ltr'><strong>de</strong></span> <span class='ocrx_word' id='word_1_466' title='bbox 1540 5055 1724 5118; x_wconf 77' lang='lat' dir='ltr'><strong>angelo</strong></span> <span class='ocrx_word' id='word_1_467' title='bbox 1754 5063 1804 5104; x_wconf 89' lang='lat' dir='ltr'><strong>ct</strong></span> <span class='ocrx_word' id='word_1_468' title='bbox 1833 5053 1974 5104; x_wconf 82' lang='lat' dir='ltr'><strong>asina</strong></span> <span class='ocrx_word' id='word_1_469' title='bbox 2011 5069 2024 5103; x_wconf 89' lang='lat'><strong>:</strong></span> <span class='ocrx_word' id='word_1_470' title='bbox 2051 5050 2175 5103; x_wconf 50' lang='lat' dir='ltr'><strong>“Nisi</strong></span> <span class='ocrx_word' id='word_1_471' title='bbox 2201 5053 2281 5119; x_wconf 78' lang='lat' dir='ltr'><strong>[tt-</strong></span> 
     </span>
    </p>
   </div>
   <div class='ocr_carea' id='block_1_54' title="bbox 737 5140 2284 5215">
    <p class='ocr_par' dir='ltr' id='par_1_54' title="bbox 737 5140 2284 5215">
     <span class='ocr_line' id='line_1_54' title="bbox 737 5140 2284 5215; baseline -0.003 -19"><span class='ocrx_word' id='word_1_472' title='bbox 737 5149 858 5196; x_wconf 73' lang='lat' dir='ltr'><strong>cimn</strong></span> <span class='ocrx_word' id='word_1_473' title='bbox 905 5155 1039 5197; x_wconf 86' lang='lat' dir='ltr'><strong>tuum</strong></span> <span class='ocrx_word' id='word_1_474' title='bbox 1067 5145 1497 5213; x_wconf 83' lang='lat' dir='ltr'><strong>apprehendissem</strong></span> <span class='ocrx_word' id='word_1_475' title='bbox 1530 5144 1600 5215; x_wconf 80' lang='lat' dir='ltr'><strong>(b)</strong></span> <span class='ocrx_word' id='word_1_476' title='bbox 1633 5184 1647 5209; x_wconf 88' lang='lat'><strong>,</strong></span> <span class='ocrx_word' id='word_1_477' title='bbox 1677 5141 1862 5211; x_wconf 75' lang='lat' dir='ltr'><strong>inquit.</strong></span> <span class='ocrx_word' id='word_1_478' title='bbox 1893 5140 1946 5194; x_wconf 89' lang='lat' dir='ltr'><strong>ld</strong></span> <span class='ocrx_word' id='word_1_479' title='bbox 1979 5141 2151 5208; x_wconf 86' lang='lat' dir='ltr'><strong>itaque</strong></span> <span class='ocrx_word' id='word_1_480' title='bbox 2182 5155 2284 5193; x_wconf 88' lang='lat' dir='ltr'><strong>non</strong></span> 
     </span>
    </p>
   </div>
   <div class='ocr_carea' id='block_1_55' title="bbox 803 5305 2290 5373">
    <p class='ocr_par' dir='ltr' id='par_1_55' title="bbox 803 5305 2290 5373">
     <span class='ocr_line' id='line_1_55' title="bbox 803 5305 2290 5373; baseline -0.006 -14"><span class='ocrx_word' id='word_1_481' title='bbox 803 5313 873 5373; x_wconf 81' lang='grc'><strong>((1)</strong></span> <span class='ocrx_word' id='word_1_482' title='bbox 907 5312 959 5360; x_wconf 80' lang='grc' dir='ltr'><strong>Ῑη</strong></span> <span class='ocrx_word' id='word_1_483' title='bbox 984 5318 1158 5365; x_wconf 57' lang='grc'><strong>01⁵800,</strong></span> <span class='ocrx_word' id='word_1_484' title='bbox 1184 5325 1436 5373; x_wconf 57' lang='grc' dir='ltr'><strong>Συγχιοροῇντξλς</strong></span> <span class='ocrx_word' id='word_1_485' title='bbox 1460 5317 1559 5373; x_wconf 57' lang='lat' dir='ltr'><strong>ioue,</strong></span> <span class='ocrx_word' id='word_1_486' title='bbox 1596 5319 1656 5358; x_wconf 69' lang='grc' dir='ltr'><strong>οὒκ</strong></span> <span class='ocrx_word' id='word_1_487' title='bbox 1687 5316 1953 5362; x_wconf 64' lang='grc' dir='ltr'><strong>δδνκτοΰντθς.</strong></span> <span class='ocrx_word' id='word_1_488' title='bbox 1979 5307 2182 5373; x_wconf 79' lang='lat' dir='ltr'><strong>Ut__potui</strong></span> <span class='ocrx_word' id='word_1_489' title='bbox 2213 5305 2290 5373; x_wconf 80' lang='lat' dir='ltr'><strong>in-</strong></span> 
     </span>
    </p>
   </div>
   <div class='ocr_carea' id='block_1_56' title="bbox 741 5365 2286 5442">
    <p class='ocr_par' dir='ltr' id='par_1_56' title="bbox 741 5365 2286 5442">
     <span class='ocr_line' id='line_1_56' title="bbox 741 5365 2286 5442; baseline -0.01 -21"><span class='ocrx_word' id='word_1_490' title='bbox 741 5365 1031 5442; x_wconf 66' lang='lat' dir='ltr'><strong>terpretatus</strong></span> <span class='ocrx_word' id='word_1_491' title='bbox 1052 5383 1180 5442; x_wconf 80' lang='lat' dir='ltr'><strong>sum;</strong></span> <span class='ocrx_word' id='word_1_492' title='bbox 1199 5365 1269 5416; x_wconf 64' lang='lat' dir='ltr'><strong>an&quot;</strong></span> <span class='ocrx_word' id='word_1_493' title='bbox 1285 5365 1502 5442; x_wconf 63' lang='lat' dir='ltr'><strong>feliciter,</strong></span> <span class='ocrx_word' id='word_1_494' title='bbox 1521 5369 1640 5442; x_wconf 83' lang='lat' dir='ltr'><strong>clam</strong></span> <span class='ocrx_word' id='word_1_495' title='bbox 1663 5382 1741 5442; x_wconf 70' lang='lat' dir='ltr'><strong>me</strong></span> <span class='ocrx_word' id='word_1_496' title='bbox 1766 5375 1855 5415; x_wconf 89' lang='lat' dir='ltr'><strong>est.</strong></span> <span class='ocrx_word' id='word_1_497' title='bbox 1882 5374 2001 5442; x_wconf 66' lang='lat' dir='ltr'><strong>sane</strong></span> <span class='ocrx_word' id='word_1_498' title='bbox 2023 5365 2100 5435; x_wconf 81' lang='lat' dir='ltr'><strong>illa</strong></span> <span class='ocrx_word' id='word_1_499' title='bbox 2119 5367 2286 5442; x_wconf 43' lang='lat' dir='ltr'><strong>Ivert-m,</strong></span> 
     </span>
    </p>
   </div>
   <div class='ocr_carea' id='block_1_57' title="bbox 739 5423 2292 5493">
    <p class='ocr_par' dir='ltr' id='par_1_57' title="bbox 739 5423 2292 5493">
     <span class='ocr_line' id='line_1_57' title="bbox 739 5423 2292 5493; baseline -0.005 -16"><span class='ocrx_word' id='word_1_500' title='bbox 739 5423 938 5482; x_wconf 76' lang='lat' dir='ltr'><strong>rn&#39;ilitcr</strong></span> <span class='ocrx_word' id='word_1_501' title='bbox 962 5444 1063 5493; x_wconf 74' lang='lat' dir='ltr'><strong>age,</strong></span> <span class='ocrx_word' id='word_1_502' title='bbox 1081 5423 1336 5493; x_wconf 30' lang='lat' dir='ltr'><strong>abtangelo</strong></span> <span class='ocrx_word' id='word_1_503' title='bbox 1361 5423 1656 5493; x_wconf 78' lang='lat' dir='ltr'><strong>pronuntiata</strong></span> <span class='ocrx_word' id='word_1_504' title='bbox 1682 5427 1819 5493; x_wconf 61' lang='lat' dir='ltr'><strong>fuere</strong></span> <span class='ocrx_word' id='word_1_505' title='bbox 1845 5434 1948 5493; x_wconf 74' lang='lat' dir='ltr'><strong>post</strong></span> <span class='ocrx_word' id='word_1_506' title='bbox 1973 5423 2175 5493; x_wconf 70' lang='lat' dir='ltr'><strong>Dauiclis</strong></span> <span class='ocrx_word' id='word_1_507' title='bbox 2197 5432 2292 5472; x_wconf 81' lang='lat' dir='ltr'><strong>stu-</strong></span> 
     </span>
    </p>
   </div>
   <div class='ocr_carea' id='block_1_58' title="bbox 746 5485 2293 5551">
    <p class='ocr_par' dir='ltr' id='par_1_58' title="bbox 746 5485 2293 5551">
     <span class='ocr_line' id='line_1_58' title="bbox 746 5485 2293 5551; baseline -0.004 -13"><span class='ocrx_word' id='word_1_508' title='bbox 746 5506 914 5551; x_wconf 75' lang='lat' dir='ltr'><strong>pores;</strong></span> <span class='ocrx_word' id='word_1_509' title='bbox 939 5485 1162 5546; x_wconf 31' lang='lat' dir='ltr'><strong>se&#39;t&#39;l,’u0li</strong></span> <span class='ocrx_word' id='word_1_510' title='bbox 1189 5485 1407 5547; x_wconf 46' lang='lat' dir='ltr'><strong>nituere,</strong></span> <span class='ocrx_word' id='word_1_511' title='bbox 1437 5489 1560 5535; x_wconf 86' lang='lat' dir='ltr'><strong>idem</strong></span> <span class='ocrx_word' id='word_1_512' title='bbox 1589 5485 1989 5546; x_wconf 47' lang='lat' dir='ltr'><strong>signiticatﬁlegc</strong></span> <span class='ocrx_word' id='word_1_513' title='bbox 2012 5486 2058 5532; x_wconf 89' lang='lat' dir='ltr'><strong>in</strong></span> <span class='ocrx_word' id='word_1_514' title='bbox 2084 5485 2293 5532; x_wconf 70' lang='lat' dir='ltr'><strong>Edittono</strong></span> 
     </span>
    </p>
   </div>
   <div class='ocr_carea' id='block_1_59' title="bbox 739 5551 1174 5606">
    <p class='ocr_par' dir='ltr' id='par_1_59' title="bbox 739 5551 1174 5606">
     <span class='ocr_line' id='line_1_59' title="bbox 739 5551 1174 5606; baseline -0.011 -5"><span class='ocrx_word' id='word_1_515' title='bbox 739 5562 896 5601; x_wconf 60' lang='lat' dir='ltr'><strong>Greca</strong></span> <span class='ocrx_word' id='word_1_516' title='bbox 925 5561 1032 5599; x_wconf 85' lang='lat' dir='ltr'><strong>Dan.</strong></span> <span class='ocrx_word' id='word_1_517' title='bbox 1059 5551 1103 5606; x_wconf 73' lang='grc'><strong>4,</strong></span> <span class='ocrx_word' id='word_1_518' title='bbox 1130 5552 1174 5598; x_wconf 80' lang='lat'><strong>0.</strong></span> 
     </span>
    </p>
   </div>
   <div class='ocr_carea' id='block_1_60' title="bbox 806 5605 2294 5670">
    <p class='ocr_par' dir='ltr' id='par_1_60' title="bbox 806 5605 2294 5670">
     <span class='ocr_line' id='line_1_60' title="bbox 806 5605 2294 5670; baseline -0.006 -11"><span class='ocrx_word' id='word_1_519' title='bbox 806 5612 876 5670; x_wconf 89' lang='lat' dir='ltr'><strong>(b)</strong></span> <span class='ocrx_word' id='word_1_520' title='bbox 911 5620 1002 5658; x_wconf 68' lang='lat' dir='ltr'><strong>Non</strong></span> <span class='ocrx_word' id='word_1_521' title='bbox 1028 5612 1215 5658; x_wconf 88' lang='lat' dir='ltr'><strong>memini</strong></span> <span class='ocrx_word' id='word_1_522' title='bbox 1240 5622 1316 5655; x_wconf 88' lang='lat' dir='ltr'><strong>me</strong></span> <span class='ocrx_word' id='word_1_523' title='bbox 1341 5607 1620 5670; x_wconf 15' lang='lat' dir='ltr'><strong>lcgct‘egista</strong></span> <span class='ocrx_word' id='word_1_524' title='bbox 1645 5609 1690 5670; x_wconf 82' lang='lat' dir='ltr'><strong>in</strong></span> <span class='ocrx_word' id='word_1_525' title='bbox 1716 5607 1858 5670; x_wconf 74' lang='lat' dir='ltr'><strong>sacris</strong></span> <span class='ocrx_word' id='word_1_526' title='bbox 1881 5605 2294 5670; x_wconf 24' lang='lat' dir='ltr'><strong>scripturisnliortc</strong></span> 
     </span>
    </p>
   </div>
   <div class='ocr_carea' id='block_1_61' title="bbox 742 5664 2291 5725">
    <p class='ocr_par' dir='ltr' id='par_1_61' title="bbox 742 5664 2291 5725">
     <span class='ocr_line' id='line_1_61' title="bbox 742 5664 2291 5725; baseline -0.008 -3"><span class='ocrx_word' id='word_1_527' title='bbox 742 5664 942 5722; x_wconf 39' lang='lat' dir='ltr'><strong>allus-um</strong></span> <span class='ocrx_word' id='word_1_528' title='bbox 966 5673 1022 5719; x_wconf 85' lang='lat' dir='ltr'><strong>ad</strong></span> <span class='ocrx_word' id='word_1_529' title='bbox 1046 5679 1174 5719; x_wconf 65' lang='lat' dir='ltr'><strong>bum.</strong></span> <span class='ocrx_word' id='word_1_530' title='bbox 1200 5670 1275 5722; x_wconf 69' lang='lat'><strong>2&#39;2.</strong></span> <span class='ocrx_word' id='word_1_531' title='bbox 1298 5670 1374 5723; x_wconf 71' lang='lat'><strong>25,</strong></span> <span class='ocrx_word' id='word_1_532' title='bbox 1398 5664 1474 5723; x_wconf 69' lang='lat'><strong>27,</strong></span> <span class='ocrx_word' id='word_1_533' title='bbox 1502 5668 1576 5725; x_wconf 77' lang='lat' dir='ltr'><strong>3i,</strong></span> <span class='ocrx_word' id='word_1_534' title='bbox 1612 5668 1690 5714; x_wconf 67' lang='lat'><strong>3‘2.</strong></span> <span class='ocrx_word' id='word_1_535' title='bbox 1717 5666 1893 5712; x_wconf 82' lang='lat' dir='ltr'><strong>Verum</strong></span> <span class='ocrx_word' id='word_1_536' title='bbox 1927 5668 2034 5724; x_wconf 82' lang='lat' dir='ltr'><strong>quia</strong></span> <span class='ocrx_word' id='word_1_537' title='bbox 2079 5664 2189 5724; x_wconf 86' lang='lat' dir='ltr'><strong>quid</strong></span> <span class='ocrx_word' id='word_1_538' title='bbox 2229 5665 2291 5710; x_wconf 73' lang='lat' dir='ltr'><strong>si-</strong></span> 
     </span>
    </p>
   </div>
   <div class='ocr_carea' id='block_1_62' title="bbox 1443 364 3206 434">
    <p class='ocr_par' dir='ltr' id='par_1_62' title="bbox 1443 364 3206 434">
     <span class='ocr_line' id='line_1_62' title="bbox 1443 364 3206 434; baseline -0.003 -1"><span class='ocrx_word' id='word_1_539' title='bbox 1443 381 1496 434; x_wconf 91' lang='lat' dir='ltr'><strong>S.</strong></span> <span class='ocrx_word' id='word_1_540' title='bbox 1536 377 1805 433; x_wconf 78' lang='lat' dir='ltr'><strong>J0.\NN|S</strong></span> <span class='ocrx_word' id='word_1_541' title='bbox 1840 365 2299 431; x_wconf 72' lang='lat' dir='ltr'><strong>CIIRYSOSTOMI</strong></span> <span class='ocrx_word' id='word_1_542' title='bbox 2340 364 2647 422; x_wconf 77' lang='lat' dir='ltr'><strong>ARClllEl’.</strong></span> <span class='ocrx_word' id='word_1_543' title='bbox 2688 371 3206 427; x_wconf 56' lang='lat' dir='ltr'><strong>(IONSTANTINOP.</strong></span> 
     </span>
    </p>
   </div>
   <div class='ocr_carea' id='block_1_63' title="bbox 3837 389 3940 445">
    <p class='ocr_par' dir='ltr' id='par_1_63' title="bbox 3837 389 3940 445">
     <span class='ocr_line' id='line_1_63' title="bbox 3837 389 3940 445; baseline 0.039 -3"><span class='ocrx_word' id='word_1_544' title='bbox 3837 389 3940 445; x_wconf 79' lang='grc'><strong>244</strong></span> 
     </span>
    </p>
   </div>
   <div class='ocr_carea' id='block_1_64' title="bbox 2391 481 3928 556">
    <p class='ocr_par' dir='ltr' id='par_1_64' title="bbox 2391 481 3928 556">
     <span class='ocr_line' id='line_1_64' title="bbox 2391 481 3928 556; baseline 0.012 -24"><span class='ocrx_word' id='word_1_545' title='bbox 2391 481 2642 549; x_wconf 89' lang='lat' dir='ltr'><strong>ostendit,</strong></span> <span class='ocrx_word' id='word_1_546' title='bbox 2671 485 2837 552; x_wconf 93' lang='lat' dir='ltr'><strong>ipsum</strong></span> <span class='ocrx_word' id='word_1_547' title='bbox 2864 489 2973 543; x_wconf 89' lang='lat' dir='ltr'><strong>Deo</strong></span> <span class='ocrx_word' id='word_1_548' title='bbox 2998 491 3272 556; x_wconf 87' lang='lat' dir='ltr'><strong>obsistere,</strong></span> <span class='ocrx_word' id='word_1_549' title='bbox 3289 494 3381 546; x_wconf 87' lang='lat' dir='ltr'><strong>sed</strong></span> <span class='ocrx_word' id='word_1_550' title='bbox 3409 493 3506 548; x_wconf 86' lang='lat' dir='ltr'><strong>hoc</strong></span> <span class='ocrx_word' id='word_1_551' title='bbox 3537 511 3697 549; x_wconf 88' lang='lat' dir='ltr'><strong>unum</strong></span> <span class='ocrx_word' id='word_1_552' title='bbox 3732 507 3928 552; x_wconf 84' lang='lat' dir='ltr'><strong>tantum</strong></span> 
     </span>
    </p>
   </div>
   <div class='ocr_carea' id='block_1_65' title="bbox 2384 570 3929 642">
    <p class='ocr_par' dir='ltr' id='par_1_65' title="bbox 2384 570 3929 642">
     <span class='ocr_line' id='line_1_65' title="bbox 2384 570 3929 642; baseline 0.012 -20"><span class='ocrx_word' id='word_1_553' title='bbox 2384 570 2570 636; x_wconf 86' lang='lat' dir='ltr'><strong>injuria</strong></span> <span class='ocrx_word' id='word_1_554' title='bbox 2600 575 2814 642; x_wconf 84' lang='lat' dir='ltr'><strong>angelos</strong></span> <span class='ocrx_word' id='word_1_555' title='bbox 2839 577 2996 632; x_wconf 78' lang='lat' dir='ltr'><strong>affici.</strong></span> <span class='ocrx_word' id='word_1_556' title='bbox 3039 579 3261 633; x_wconf 89' lang='lat' dir='ltr'><strong>Tantum</strong></span> <span class='ocrx_word' id='word_1_557' title='bbox 3291 583 3450 636; x_wconf 90' lang='lat' dir='ltr'><strong>valuit</strong></span> <span class='ocrx_word' id='word_1_558' title='bbox 3479 585 3677 638; x_wconf 89' lang='lat' dir='ltr'><strong>Daniel.</strong></span> <span class='ocrx_word' id='word_1_559' title='bbox 3710 586 3929 640; x_wconf 81' lang='lat' dir='ltr'><strong>Descen-</strong></span> 
     </span>
    </p>
   </div>
   <div class='ocr_carea' id='block_1_66' title="bbox 2383 658 3928 738">
    <p class='ocr_par' dir='ltr' id='par_1_66' title="bbox 2383 658 3928 738">
     <span class='ocr_line' id='line_1_66' title="bbox 2383 658 3928 738; baseline 0.015 -30"><span class='ocrx_word' id='word_1_560' title='bbox 2383 658 2435 710; x_wconf 83' lang='lat' dir='ltr'><strong>di</strong></span> <span class='ocrx_word' id='word_1_561' title='bbox 2463 669 2513 710; x_wconf 90' lang='lat' dir='ltr'><strong>ut</strong></span> <span class='ocrx_word' id='word_1_562' title='bbox 2542 660 2765 714; x_wconf 83' lang='lat' dir='ltr'><strong>docerem</strong></span> <span class='ocrx_word' id='word_1_563' title='bbox 2807 673 2852 717; x_wconf 90' lang='lat' dir='ltr'><strong>te</strong></span> <span class='ocrx_word' id='word_1_564' title='bbox 2875 682 3189 735; x_wconf 69' lang='lat' dir='ltr'><strong>quaecumque</strong></span> <span class='ocrx_word' id='word_1_565' title='bbox 3213 673 3398 738; x_wconf 85' lang='lat' dir='ltr'><strong>papula</strong></span> <span class='ocrx_word' id='word_1_566' title='bbox 3425 681 3510 725; x_wconf 88' lang='lat' dir='ltr'><strong>tuo</strong></span> <span class='ocrx_word' id='word_1_567' title='bbox 3537 685 3650 726; x_wconf 82' lang='lat' dir='ltr'><strong>sunt</strong></span> <span class='ocrx_word' id='word_1_568' title='bbox 3675 685 3928 731; x_wconf 68' lang='lat' dir='ltr'><strong>eventura.</strong></span> 
     </span>
    </p>
   </div>
   <div class='ocr_carea' id='block_1_67' title="bbox 2386 744 3932 828">
    <p class='ocr_par' dir='ltr' id='par_1_67' title="bbox 2386 744 3932 828">
     <span class='ocr_line' id='line_1_67' title="bbox 2386 744 3932 828; baseline 0.014 -32"><span class='ocrx_word' id='word_1_569' title='bbox 2386 744 2514 798; x_wconf 85' lang='lat' dir='ltr'><strong>Vide</strong></span> <span class='ocrx_word' id='word_1_570' title='bbox 2549 749 2845 814; x_wconf 87' lang='lat' dir='ltr'><strong>quomodo,</strong></span> <span class='ocrx_word' id='word_1_571' title='bbox 2886 768 2945 806; x_wconf 91' lang='lat' dir='ltr'><strong>re</strong></span> <span class='ocrx_word' id='word_1_572' title='bbox 2971 757 3259 808; x_wconf 89' lang='lat' dir='ltr'><strong>necessaria</strong></span> <span class='ocrx_word' id='word_1_573' title='bbox 3290 757 3503 812; x_wconf 90' lang='lat' dir='ltr'><strong>dimissa</strong></span> <span class='ocrx_word' id='word_1_574' title='bbox 3535 799 3549 821; x_wconf 91' lang='lat'><strong>,</strong></span> <span class='ocrx_word' id='word_1_575' title='bbox 3581 761 3850 828; x_wconf 78' lang='lat' dir='ltr'><strong>propheta:</strong></span> <span class='ocrx_word' id='word_1_576' title='bbox 3871 778 3932 817; x_wconf 86' lang='lat' dir='ltr'><strong>se</strong></span> 
     </span>
    </p>
   </div>
   <div class='ocr_carea' id='block_1_68' title="bbox 2383 839 3931 922">
    <p class='ocr_par' dir='ltr' id='par_1_68' title="bbox 2383 839 3931 922">
     <span class='ocr_line' id='line_1_68' title="bbox 2383 839 3931 922; baseline 0.014 -34"><span class='ocrx_word' id='word_1_577' title='bbox 2383 847 2614 892; x_wconf 84' lang='lat' dir='ltr'><strong>excuset.</strong></span> <span class='ocrx_word' id='word_1_578' title='bbox 2641 839 2832 894; x_wconf 90' lang='lat' dir='ltr'><strong>lterum</strong></span> <span class='ocrx_word' id='word_1_579' title='bbox 2857 843 3036 898; x_wconf 89' lang='lat' dir='ltr'><strong>Daniel</strong></span> <span class='ocrx_word' id='word_1_580' title='bbox 3059 860 3423 904; x_wconf 88' lang='lat' dir='ltr'><strong>consternatur</strong></span> <span class='ocrx_word' id='word_1_581' title='bbox 3457 869 3470 905; x_wconf 90' lang='lat'><strong>:</strong></span> <span class='ocrx_word' id='word_1_582' title='bbox 3500 851 3686 906; x_wconf 91' lang='lat' dir='ltr'><strong>iterum</strong></span> <span class='ocrx_word' id='word_1_583' title='bbox 3711 856 3931 922; x_wconf 87' lang='lat' dir='ltr'><strong>angelus</strong></span> 
     </span>
    </p>
   </div>
   <div class='ocr_carea' id='block_1_69' title="bbox 2383 925 3931 1011">
    <p class='ocr_par' dir='ltr' id='par_1_69' title="bbox 2383 925 3931 1011">
     <span class='ocr_line' id='line_1_69' title="bbox 2383 925 3931 1011; baseline 0.012 -33"><span class='ocrx_word' id='word_1_584' title='bbox 2383 925 2527 979; x_wconf 90' lang='lat' dir='ltr'><strong>illum</strong></span> <span class='ocrx_word' id='word_1_585' title='bbox 2560 929 2731 996; x_wconf 90' lang='lat' dir='ltr'><strong>erigit,</strong></span> <span class='ocrx_word' id='word_1_586' title='bbox 2761 939 2812 985; x_wconf 93' lang='lat' dir='ltr'><strong>et</strong></span> <span class='ocrx_word' id='word_1_587' title='bbox 2839 933 2911 986; x_wconf 91' lang='lat' dir='ltr'><strong>ait</strong></span> <span class='ocrx_word' id='word_1_588' title='bbox 2936 953 2948 987; x_wconf 91' lang='lat'><strong>:</strong></span> <span class='ocrx_word' id='word_1_589' title='bbox 2980 936 3090 1005; x_wconf 81' lang='lat' dir='ltr'><strong>Ego</strong></span> <span class='ocrx_word' id='word_1_590' title='bbox 3115 939 3403 1005; x_wconf 81' lang='lat' dir='ltr'><strong>proﬁciscor</strong></span> <span class='ocrx_word' id='word_1_591' title='bbox 3494 950 3548 993; x_wconf 86' lang='lat' dir='ltr'><strong>ut</strong></span> <span class='ocrx_word' id='word_1_592' title='bbox 3593 943 3789 1011; x_wconf 73' lang='lat' dir='ltr'><strong>prtzlier</strong></span> <span class='ocrx_word' id='word_1_593' title='bbox 3813 960 3931 996; x_wconf 67' lang='lat' dir='ltr'><strong>cum</strong></span> 
     </span>
    </p>
   </div>
   <div class='ocr_carea' id='block_1_70' title="bbox 2383 1015 3932 1098">
    <p class='ocr_par' dir='ltr' id='par_1_70' title="bbox 2383 1015 3932 1098">
     <span class='ocr_line' id='line_1_70' title="bbox 2383 1015 3932 1098; baseline 0.014 -33"><span class='ocrx_word' id='word_1_594' title='bbox 2383 1015 2605 1083; x_wconf 81' lang='lat' dir='ltr'><strong>principe</strong></span> <span class='ocrx_word' id='word_1_595' title='bbox 2626 1016 2914 1073; x_wconf 87' lang='lat' dir='ltr'><strong>Persarum.</strong></span> <span class='ocrx_word' id='word_1_596' title='bbox 2942 1024 3100 1092; x_wconf 81' lang='lat' dir='ltr'><strong>Atque</strong></span> <span class='ocrx_word' id='word_1_597' title='bbox 3126 1042 3215 1095; x_wconf 86' lang='lat' dir='ltr'><strong>ego</strong></span> <span class='ocrx_word' id='word_1_598' title='bbox 3243 1029 3538 1097; x_wconf 86' lang='lat' dir='ltr'><strong>egrediebar,</strong></span> <span class='ocrx_word' id='word_1_599' title='bbox 3568 1032 3796 1098; x_wconf 84' lang='lat' dir='ltr'><strong>princeps</strong></span> <span class='ocrx_word' id='word_1_600' title='bbox 3815 1049 3932 1085; x_wconf 78' lang='lat' dir='ltr'><strong>vero</strong></span> 
     </span>
    </p>
   </div>
   <div class='ocr_carea' id='block_1_71' title="bbox 2385 1102 3935 1191">
    <p class='ocr_par' dir='ltr' id='par_1_71' title="bbox 2385 1102 3935 1191">
     <span class='ocr_line' id='line_1_71' title="bbox 2385 1102 3935 1191; baseline 0.015 -37"><span class='ocrx_word' id='word_1_601' title='bbox 2385 1102 2667 1191; x_wconf 74' lang='lat' dir='ltr'><strong>Crtzcorum</strong></span> <span class='ocrx_word' id='word_1_602' title='bbox 2694 1110 2931 1164; x_wconf 75' lang='lat' dir='ltr'><strong>veniebat.</strong></span> <span class='ocrx_word' id='word_1_603' title='bbox 2962 1114 3119 1170; x_wconf 89' lang='lat' dir='ltr'><strong>Forte</strong></span> <span class='ocrx_word' id='word_1_604' title='bbox 3144 1131 3262 1170; x_wconf 92' lang='lat' dir='ltr'><strong>cum</strong></span> <span class='ocrx_word' id='word_1_605' title='bbox 3291 1134 3392 1172; x_wconf 89' lang='lat' dir='ltr'><strong>uno</strong></span> <span class='ocrx_word' id='word_1_606' title='bbox 3415 1119 3798 1174; x_wconf 89' lang='lat' dir='ltr'><strong>adversantium</strong></span> <span class='ocrx_word' id='word_1_607' title='bbox 3828 1125 3935 1191; x_wconf 84' lang='lat' dir='ltr'><strong>ipsi</strong></span> 
     </span>
    </p>
   </div>
   <div class='ocr_carea' id='block_1_72' title="bbox 2383 1189 3930 1278">
    <p class='ocr_par' dir='ltr' id='par_1_72' title="bbox 2383 1189 3930 1278">
     <span class='ocr_line' id='line_1_72' title="bbox 2383 1189 3930 1278; baseline 0.014 -34"><span class='ocrx_word' id='word_1_608' title='bbox 2383 1189 2450 1245; x_wconf 92' lang='lat' dir='ltr'><strong>de</strong></span> <span class='ocrx_word' id='word_1_609' title='bbox 2472 1193 2630 1247; x_wconf 91' lang='lat' dir='ltr'><strong>rebus</strong></span> <span class='ocrx_word' id='word_1_610' title='bbox 2656 1195 2863 1263; x_wconf 87' lang='lat' dir='ltr'><strong>futuris,</strong></span> <span class='ocrx_word' id='word_1_611' title='bbox 2889 1202 3081 1270; x_wconf 88' lang='lat' dir='ltr'><strong>quique</strong></span> <span class='ocrx_word' id='word_1_612' title='bbox 3109 1216 3290 1258; x_wconf 87' lang='lat' dir='ltr'><strong>contra</strong></span> <span class='ocrx_word' id='word_1_613' title='bbox 3319 1207 3624 1261; x_wconf 86' lang='lat' dir='ltr'><strong>Macedonas</strong></span> <span class='ocrx_word' id='word_1_614' title='bbox 3651 1189 3930 1278; x_wconf 51' lang='lat' dir='ltr'><strong>pugnariat.</strong></span> 
     </span>
    </p>
   </div>
   <div class='ocr_carea' id='block_1_73' title="bbox 2383 1279 3929 1366">
    <p class='ocr_par' dir='ltr' id='par_1_73' title="bbox 2383 1279 3929 1366">
     <span class='ocr_line' id='line_1_73' title="bbox 2383 1279 3929 1366; baseline 0.014 -35"><span class='ocrx_word' id='word_1_615' title='bbox 2383 1279 2459 1331; x_wconf 81' lang='lat' dir='ltr'><strong>Ac</strong></span> <span class='ocrx_word' id='word_1_616' title='bbox 2485 1280 2714 1336; x_wconf 91' lang='lat' dir='ltr'><strong>nondum</strong></span> <span class='ocrx_word' id='word_1_617' title='bbox 2743 1287 3100 1352; x_wconf 86' lang='lat' dir='ltr'><strong>persuadetur.</strong></span> <span class='ocrx_word' id='word_1_618' title='bbox 3120 1291 3390 1348; x_wconf 88' lang='lat' dir='ltr'><strong>Bellumne</strong></span> <span class='ocrx_word' id='word_1_619' title='bbox 3411 1305 3491 1349; x_wconf 91' lang='lat' dir='ltr'><strong>est</strong></span> <span class='ocrx_word' id='word_1_620' title='bbox 3516 1297 3650 1350; x_wconf 91' lang='lat' dir='ltr'><strong>inter</strong></span> <span class='ocrx_word' id='word_1_621' title='bbox 3678 1299 3929 1366; x_wconf 80' lang='lat' dir='ltr'><strong>angelos,</strong></span> 
     </span>
    </p>
   </div>
   <div class='ocr_carea' id='block_1_74' title="bbox 2382 1372 3937 1456">
    <p class='ocr_par' dir='ltr' id='par_1_74' title="bbox 2382 1372 3937 1456">
     <span class='ocr_line' id='line_1_74' title="bbox 2382 1372 3937 1456; baseline 0.014 -36"><span class='ocrx_word' id='word_1_622' title='bbox 2382 1376 2435 1421; x_wconf 93' lang='lat' dir='ltr'><strong>et</strong></span> <span class='ocrx_word' id='word_1_623' title='bbox 2464 1383 2633 1438; x_wconf 91' lang='lat' dir='ltr'><strong>pugna</strong></span> <span class='ocrx_word' id='word_1_624' title='bbox 2661 1372 2726 1426; x_wconf 92' lang='lat' dir='ltr'><strong>de</strong></span> <span class='ocrx_word' id='word_1_625' title='bbox 2753 1373 3049 1433; x_wconf 88' lang='lat' dir='ltr'><strong>hominibus</strong></span> <span class='ocrx_word' id='word_1_626' title='bbox 3079 1379 3102 1432; x_wconf 72' lang='grc' dir='ltr'><strong><em>τ</em></strong></span> <span class='ocrx_word' id='word_1_627' title='bbox 3134 1382 3292 1436; x_wconf 88' lang='lat' dir='ltr'><strong>Sane.</strong></span> <span class='ocrx_word' id='word_1_628' title='bbox 3322 1383 3597 1439; x_wconf 83' lang='lat' dir='ltr'><strong>Maximam</strong></span> <span class='ocrx_word' id='word_1_629' title='bbox 3625 1389 3820 1456; x_wconf 87' lang='lat' dir='ltr'><strong>quippe</strong></span> <span class='ocrx_word' id='word_1_630' title='bbox 3841 1404 3937 1442; x_wconf 89' lang='lat' dir='ltr'><strong>eo-</strong></span> 
     </span>
    </p>
   </div>
   <div class='ocr_carea' id='block_1_75' title="bbox 2383 1468 3934 1541">
    <p class='ocr_par' dir='ltr' id='par_1_75' title="bbox 2383 1468 3934 1541">
     <span class='ocr_line' id='line_1_75' title="bbox 2383 1468 3934 1541; baseline 0.013 -30"><span class='ocrx_word' id='word_1_631' title='bbox 2383 1473 2496 1512; x_wconf 88' lang='lat' dir='ltr'><strong>rum</strong></span> <span class='ocrx_word' id='word_1_632' title='bbox 2545 1476 2722 1515; x_wconf 86' lang='lat' dir='ltr'><strong>curam</strong></span> <span class='ocrx_word' id='word_1_633' title='bbox 2755 1476 2962 1533; x_wconf 87' lang='lat' dir='ltr'><strong>gerunt.</strong></span> <span class='ocrx_word' id='word_1_634' title='bbox 2994 1468 3230 1523; x_wconf 87' lang='lat' dir='ltr'><strong>Nondum</strong></span> <span class='ocrx_word' id='word_1_635' title='bbox 3258 1487 3538 1540; x_wconf 88' lang='lat' dir='ltr'><strong>persuasus</strong></span> <span class='ocrx_word' id='word_1_636' title='bbox 3567 1487 3665 1530; x_wconf 73' lang='grc' dir='ltr'><strong>εει.</strong></span> <span class='ocrx_word' id='word_1_637' title='bbox 3697 1478 3860 1541; x_wconf 81' lang='lat' dir='ltr'><strong>Quasi</strong></span> <span class='ocrx_word' id='word_1_638' title='bbox 3890 1479 3934 1531; x_wconf 88' lang='lat' dir='ltr'><strong>si</strong></span> 
     </span>
    </p>
   </div>
   <div class='ocr_carea' id='block_1_76' title="bbox 2381 1549 3602 1624">
    <p class='ocr_par' dir='ltr' id='par_1_76' title="bbox 2381 1549 3602 1624">
     <span class='ocr_line' id='line_1_76' title="bbox 2381 1549 3602 1624; baseline 0.016 -25"><span class='ocrx_word' id='word_1_639' title='bbox 2381 1552 2497 1616; x_wconf 91' lang='lat' dir='ltr'><strong>quis</strong></span> <span class='ocrx_word' id='word_1_640' title='bbox 2523 1549 2721 1606; x_wconf 89' lang='lat' dir='ltr'><strong>diceret</strong></span> <span class='ocrx_word' id='word_1_641' title='bbox 2749 1571 2765 1607; x_wconf 83' lang='lat'><strong>;</strong></span> <span class='ocrx_word' id='word_1_642' title='bbox 2792 1554 2962 1624; x_wconf 82' lang='lat' dir='ltr'><strong>Cogor</strong></span> <span class='ocrx_word' id='word_1_643' title='bbox 2990 1573 3107 1611; x_wconf 92' lang='lat' dir='ltr'><strong>cum</strong></span> <span class='ocrx_word' id='word_1_644' title='bbox 3138 1560 3236 1615; x_wconf 92' lang='lat' dir='ltr'><strong>hoc</strong></span> <span class='ocrx_word' id='word_1_645' title='bbox 3262 1564 3602 1619; x_wconf 89' lang='lat' dir='ltr'><strong>contendere.</strong></span> 
     </span>
    </p>
   </div>
   <div class='ocr_carea' id='block_1_77' title="bbox 2967 1689 3335 1750">
    <p class='ocr_par' dir='ltr' id='par_1_77' title="bbox 2967 1689 3335 1750">
     <span class='ocr_line' id='line_1_77' title="bbox 2967 1689 3335 1750; baseline 0.011 -5"><span class='ocrx_word' id='word_1_646' title='bbox 2967 1689 3186 1748; x_wconf 88' lang='lat' dir='ltr'><strong>CAPUT</strong></span> <span class='ocrx_word' id='word_1_647' title='bbox 3247 1694 3335 1750; x_wconf 83' lang='lat' dir='ltr'><strong>X1.</strong></span> 
     </span>
    </p>
   </div>
   <div class='ocr_carea' id='block_1_78' title="bbox 2453 1814 3934 1898">
    <p class='ocr_par' dir='ltr' id='par_1_78' title="bbox 2453 1814 3934 1898">
     <span class='ocr_line' id='line_1_78' title="bbox 2453 1814 3934 1898; baseline 0.014 -32"><span class='ocrx_word' id='word_1_648' title='bbox 2453 1814 2501 1867; x_wconf 84' lang='lat'><strong>1.</strong></span> <span class='ocrx_word' id='word_1_649' title='bbox 2545 1814 2608 1867; x_wconf 83' lang='lat' dir='ltr'><strong>Et</strong></span> <span class='ocrx_word' id='word_1_650' title='bbox 2633 1821 2818 1887; x_wconf 82' lang='lat' dir='ltr'><strong>factum</strong></span> <span class='ocrx_word' id='word_1_651' title='bbox 2849 1830 2918 1872; x_wconf 87' lang='lat' dir='ltr'><strong>est</strong></span> <span class='ocrx_word' id='word_1_652' title='bbox 2943 1821 2994 1874; x_wconf 90' lang='lat' dir='ltr'><strong>in</strong></span> <span class='ocrx_word' id='word_1_653' title='bbox 3018 1839 3147 1875; x_wconf 88' lang='lat' dir='ltr'><strong>anno</strong></span> <span class='ocrx_word' id='word_1_654' title='bbox 3177 1827 3336 1890; x_wconf 87' lang='lat' dir='ltr'><strong>primo</strong></span> <span class='ocrx_word' id='word_1_655' title='bbox 3363 1827 3495 1897; x_wconf 84' lang='lat' dir='ltr'><strong>Cyri,</strong></span> <span class='ocrx_word' id='word_1_656' title='bbox 3528 1845 3617 1898; x_wconf 84' lang='lat' dir='ltr'><strong>ego</strong></span> <span class='ocrx_word' id='word_1_657' title='bbox 3636 1835 3746 1885; x_wconf 80' lang='lat' dir='ltr'><strong>steti</strong></span> <span class='ocrx_word' id='word_1_658' title='bbox 3772 1834 3825 1886; x_wconf 84' lang='lat' dir='ltr'><strong>in</strong></span> <span class='ocrx_word' id='word_1_659' title='bbox 3849 1852 3934 1887; x_wconf 87' lang='lat' dir='ltr'><strong>ro-</strong></span> 
     </span>
    </p>
   </div>
   <div class='ocr_carea' id='block_1_79' title="bbox 2380 1903 3934 1977">
    <p class='ocr_par' dir='ltr' id='par_1_79' title="bbox 2380 1903 3934 1977">
     <span class='ocr_line' id='line_1_79' title="bbox 2380 1903 3934 1977; baseline 0.014 -21"><span class='ocrx_word' id='word_1_660' title='bbox 2380 1903 2470 1957; x_wconf 88' lang='lat' dir='ltr'><strong>bur</strong></span> <span class='ocrx_word' id='word_1_661' title='bbox 2495 1916 2538 1958; x_wconf 86' lang='lat' dir='ltr'><strong>et</strong></span> <span class='ocrx_word' id='word_1_662' title='bbox 2563 1910 2919 1976; x_wconf 82' lang='lat' dir='ltr'><strong>fortitudinem.</strong></span> <span class='ocrx_word' id='word_1_663' title='bbox 2952 1913 3004 1964; x_wconf 77' lang='lat'><strong>2.</strong></span> <span class='ocrx_word' id='word_1_664' title='bbox 3034 1913 3098 1965; x_wconf 87' lang='lat' dir='ltr'><strong>Et</strong></span> <span class='ocrx_word' id='word_1_665' title='bbox 3128 1931 3258 1967; x_wconf 87' lang='lat' dir='ltr'><strong>nunc</strong></span> <span class='ocrx_word' id='word_1_666' title='bbox 3294 1921 3598 1972; x_wconf 84' lang='lat' dir='ltr'><strong>onnuntiabo</strong></span> <span class='ocrx_word' id='word_1_667' title='bbox 3629 1923 3715 1975; x_wconf 87' lang='lat' dir='ltr'><strong>tibi</strong></span> <span class='ocrx_word' id='word_1_668' title='bbox 3745 1927 3934 1977; x_wconf 74' lang='lat' dir='ltr'><strong>verita-</strong></span> 
     </span>
    </p>
   </div>
   <div class='ocr_carea' id='block_1_80' title="bbox 2380 1997 3930 2084">
    <p class='ocr_par' dir='ltr' id='par_1_80' title="bbox 2380 1997 3930 2084">
     <span class='ocr_line' id='line_1_80' title="bbox 2380 1997 3930 2084; baseline 0.015 -38"><span class='ocrx_word' id='word_1_669' title='bbox 2380 2004 2494 2084; x_wconf 83' lang='lat' dir='ltr'><strong>tem.</strong></span> <span class='ocrx_word' id='word_1_670' title='bbox 2528 1997 2593 2050; x_wconf 84' lang='lat' dir='ltr'><strong>Et</strong></span> <span class='ocrx_word' id='word_1_671' title='bbox 2624 2009 2743 2053; x_wconf 92' lang='lat' dir='ltr'><strong>tunc</strong></span> <span class='ocrx_word' id='word_1_672' title='bbox 2764 2041 2776 2064; x_wconf 92' lang='lat'><strong>,</strong></span> <span class='ocrx_word' id='word_1_673' title='bbox 2810 2018 2906 2070; x_wconf 89' lang='lat' dir='ltr'><strong>ego</strong></span> <span class='ocrx_word' id='word_1_674' title='bbox 2951 2019 3062 2057; x_wconf 92' lang='lat' dir='ltr'><strong>sum</strong></span> <span class='ocrx_word' id='word_1_675' title='bbox 3089 2007 3175 2073; x_wconf 93' lang='lat' dir='ltr'><strong>qui</strong></span> <span class='ocrx_word' id='word_1_676' title='bbox 3209 2011 3431 2062; x_wconf 87' lang='lat' dir='ltr'><strong>servavi.</strong></span> <span class='ocrx_word' id='word_1_677' title='bbox 3461 2011 3588 2064; x_wconf 87' lang='lat' dir='ltr'><strong>Nam</strong></span> <span class='ocrx_word' id='word_1_678' title='bbox 3631 2029 3694 2066; x_wconf 90' lang='lat' dir='ltr'><strong>ne</strong></span> <span class='ocrx_word' id='word_1_679' title='bbox 3735 2015 3930 2084; x_wconf 88' lang='lat' dir='ltr'><strong>aliquis</strong></span> 
     </span>
    </p>
   </div>
   <div class='ocr_carea' id='block_1_81' title="bbox 2379 2083 3931 2167">
    <p class='ocr_par' dir='ltr' id='par_1_81' title="bbox 2379 2083 3931 2167">
     <span class='ocr_line' id='line_1_81' title="bbox 2379 2083 3931 2167; baseline 0.013 -28"><span class='ocrx_word' id='word_1_680' title='bbox 2379 2083 2516 2140; x_wconf 90' lang='lat' dir='ltr'><strong>dicat</strong></span> <span class='ocrx_word' id='word_1_681' title='bbox 2544 2104 2555 2138; x_wconf 91' lang='lat'><strong>:</strong></span> <span class='ocrx_word' id='word_1_682' title='bbox 2583 2089 2688 2142; x_wconf 87' lang='lat' dir='ltr'><strong>Cur</strong></span> <span class='ocrx_word' id='word_1_683' title='bbox 2719 2092 2872 2158; x_wconf 84' lang='lat' dir='ltr'><strong>igitur</strong></span> <span class='ocrx_word' id='word_1_684' title='bbox 2893 2096 3141 2160; x_wconf 71' lang='lat' dir='ltr'><strong>pratliaris</strong></span> <span class='ocrx_word' id='word_1_685' title='bbox 3165 2097 3184 2147; x_wconf 65' lang='grc' dir='ltr'><em>ἲ</em></span> <span class='ocrx_word' id='word_1_686' title='bbox 3209 2098 3328 2165; x_wconf 92' lang='lat' dir='ltr'><strong>quid</strong></span> <span class='ocrx_word' id='word_1_687' title='bbox 3356 2102 3548 2167; x_wconf 87' lang='lat' dir='ltr'><strong>ergo,si</strong></span> <span class='ocrx_word' id='word_1_688' title='bbox 3571 2117 3673 2155; x_wconf 90' lang='lat' dir='ltr'><strong>non</strong></span> <span class='ocrx_word' id='word_1_689' title='bbox 3697 2083 3931 2158; x_wconf 77' lang='lat' dir='ltr'><strong>viceris?</strong></span> 
     </span>
    </p>
   </div>
   <div class='ocr_carea' id='block_1_82' title="bbox 2381 2181 3924 2256">
    <p class='ocr_par' dir='ltr' id='par_1_82' title="bbox 2381 2181 3924 2256">
     <span class='ocr_line' id='line_1_82' title="bbox 2381 2181 3924 2256; baseline 0.012 -28"><span class='ocrx_word' id='word_1_690' title='bbox 2381 2191 2724 2246; x_wconf 82' lang='lat' dir='ltr'><strong>nequaquam,</strong></span> <span class='ocrx_word' id='word_1_691' title='bbox 2751 2181 2936 2249; x_wconf 91' lang='lat' dir='ltr'><strong>inquit.</strong></span> <span class='ocrx_word' id='word_1_692' title='bbox 2959 2185 3021 2236; x_wconf 86' lang='lat' dir='ltr'><strong>Et</strong></span> <span class='ocrx_word' id='word_1_693' title='bbox 3039 2194 3161 2238; x_wconf 91' lang='lat' dir='ltr'><strong>tunc</strong></span> <span class='ocrx_word' id='word_1_694' title='bbox 3181 2201 3278 2255; x_wconf 88' lang='lat' dir='ltr'><strong>ego</strong></span> <span class='ocrx_word' id='word_1_695' title='bbox 3301 2189 3398 2240; x_wconf 87' lang='lat' dir='ltr'><strong>illis</strong></span> <span class='ocrx_word' id='word_1_696' title='bbox 3420 2191 3770 2256; x_wconf 88' lang='lat' dir='ltr'><strong>patrocinatns</strong></span> <span class='ocrx_word' id='word_1_697' title='bbox 3786 2208 3924 2246; x_wconf 89' lang='lat' dir='ltr'><strong>sum.</strong></span> 
     </span>
    </p>
   </div>
   <div class='ocr_carea' id='block_1_83' title="bbox 2379 2264 3929 2344">
    <p class='ocr_par' dir='ltr' id='par_1_83' title="bbox 2379 2264 3929 2344">
     <span class='ocr_line' id='line_1_83' title="bbox 2379 2264 3929 2344; baseline 0.012 -28"><span class='ocrx_word' id='word_1_698' title='bbox 2379 2264 2576 2318; x_wconf 84' lang='lat' dir='ltr'><strong>Etenim</strong></span> <span class='ocrx_word' id='word_1_699' title='bbox 2607 2285 2704 2321; x_wconf 89' lang='lat' dir='ltr'><strong>non</strong></span> <span class='ocrx_word' id='word_1_700' title='bbox 2725 2280 2815 2334; x_wconf 84' lang='lat' dir='ltr'><strong>est,</strong></span> <span class='ocrx_word' id='word_1_701' title='bbox 2843 2272 3041 2339; x_wconf 90' lang='lat' dir='ltr'><strong>inquit,</strong></span> <span class='ocrx_word' id='word_1_702' title='bbox 3071 2291 3196 2328; x_wconf 85' lang='lat' dir='ltr'><strong>unus</strong></span> <span class='ocrx_word' id='word_1_703' title='bbox 3222 2278 3306 2341; x_wconf 82' lang='lat' dir='ltr'><strong>qui</strong></span> <span class='ocrx_word' id='word_1_704' title='bbox 3331 2293 3359 2327; x_wconf 82' lang='grc' dir='ltr'><strong><em>(ι</em></strong></span> <span class='ocrx_word' id='word_1_705' title='bbox 3394 2294 3468 2330; x_wconf 87' lang='lat' dir='ltr'><strong>me</strong></span> <span class='ocrx_word' id='word_1_706' title='bbox 3495 2289 3584 2331; x_wconf 83' lang='lat' dir='ltr'><strong>stet</strong></span> <span class='ocrx_word' id='word_1_707' title='bbox 3607 2280 3667 2331; x_wconf 89' lang='lat' dir='ltr'><strong>de</strong></span> <span class='ocrx_word' id='word_1_708' title='bbox 3695 2281 3774 2332; x_wconf 85' lang='lat' dir='ltr'><strong>Itis</strong></span> <span class='ocrx_word' id='word_1_709' title='bbox 3793 2323 3808 2344; x_wconf 90' lang='lat'><strong>,</strong></span> <span class='ocrx_word' id='word_1_710' title='bbox 3833 2283 3929 2335; x_wconf 85' lang='lat' dir='ltr'><strong>nisi</strong></span> 
     </span>
    </p>
   </div>
   <div class='ocr_carea' id='block_1_84' title="bbox 2383 2355 3929 2436">
    <p class='ocr_par' dir='ltr' id='par_1_84' title="bbox 2383 2355 3929 2436">
     <span class='ocr_line' id='line_1_84' title="bbox 2383 2355 3929 2436; baseline 0.011 -28"><span class='ocrx_word' id='word_1_711' title='bbox 2383 2355 2603 2410; x_wconf 78' lang='lat' dir='ltr'><strong>Michael</strong></span> <span class='ocrx_word' id='word_1_712' title='bbox 2629 2361 2856 2430; x_wconf 85' lang='lat' dir='ltr'><strong>princeps</strong></span> <span class='ocrx_word' id='word_1_713' title='bbox 2879 2363 3097 2431; x_wconf 87' lang='lat' dir='ltr'><strong>ipsorum</strong></span> <span class='ocrx_word' id='word_1_714' title='bbox 3133 2365 3286 2430; x_wconf 85' lang='lat' dir='ltr'><strong>(Dan.</strong></span> <span class='ocrx_word' id='word_1_715' title='bbox 3313 2367 3395 2420; x_wconf 88' lang='lat'><strong>10.</strong></span> <span class='ocrx_word' id='word_1_716' title='bbox 3425 2368 3534 2436; x_wconf 74' lang='grc'><strong>91).</strong></span> <span class='ocrx_word' id='word_1_717' title='bbox 3566 2369 3687 2422; x_wconf 71' lang='lat' dir='ltr'><strong>Hzec</strong></span> <span class='ocrx_word' id='word_1_718' title='bbox 3712 2371 3842 2425; x_wconf 88' lang='lat' dir='ltr'><strong>dicit</strong></span> <span class='ocrx_word' id='word_1_719' title='bbox 3873 2381 3929 2424; x_wconf 89' lang='lat' dir='ltr'><strong>ut</strong></span> 
     </span>
    </p>
   </div>
   <div class='ocr_carea' id='block_1_85' title="bbox 2381 2444 3929 2522">
    <p class='ocr_par' dir='ltr' id='par_1_85' title="bbox 2381 2444 3929 2522">
     <span class='ocr_line' id='line_1_85' title="bbox 2381 2444 3929 2522; baseline 0.01 -24"><span class='ocrx_word' id='word_1_720' title='bbox 2381 2444 2578 2499; x_wconf 91' lang='lat' dir='ltr'><strong>Danieli</strong></span> <span class='ocrx_word' id='word_1_721' title='bbox 2612 2451 2949 2514; x_wconf 82' lang='lat' dir='ltr'><strong>persuadeat,</strong></span> <span class='ocrx_word' id='word_1_722' title='bbox 2979 2465 3035 2503; x_wconf 84' lang='lat' dir='ltr'><strong>se</strong></span> <span class='ocrx_word' id='word_1_723' title='bbox 3077 2468 3176 2505; x_wconf 91' lang='lat' dir='ltr'><strong>non</strong></span> <span class='ocrx_word' id='word_1_724' title='bbox 3219 2469 3335 2508; x_wconf 72' lang='lat' dir='ltr'><strong>e~se</strong></span> <span class='ocrx_word' id='word_1_725' title='bbox 3381 2456 3474 2522; x_wconf 89' lang='lat' dir='ltr'><strong>ipsi</strong></span> <span class='ocrx_word' id='word_1_726' title='bbox 3517 2459 3716 2510; x_wconf 69' lang='lat' dir='ltr'><strong>ho~tem</strong></span> <span class='ocrx_word' id='word_1_727' title='bbox 3744 2473 3808 2512; x_wconf 86' lang='lat' dir='ltr'><strong>ac</strong></span> <span class='ocrx_word' id='word_1_728' title='bbox 3831 2461 3929 2512; x_wconf 90' lang='lat' dir='ltr'><strong>ini-</strong></span> 
     </span>
    </p>
   </div>
   <div class='ocr_carea' id='block_1_86' title="bbox 2384 2537 3924 2614">
    <p class='ocr_par' dir='ltr' id='par_1_86' title="bbox 2384 2537 3924 2614">
     <span class='ocr_line' id='line_1_86' title="bbox 2384 2537 3924 2614; baseline 0.008 -27"><span class='ocrx_word' id='word_1_729' title='bbox 2384 2537 2610 2600; x_wconf 90' lang='lat' dir='ltr'><strong>micum,</strong></span> <span class='ocrx_word' id='word_1_730' title='bbox 2653 2549 2844 2592; x_wconf 87' lang='lat' dir='ltr'><strong>etcum</strong></span> <span class='ocrx_word' id='word_1_731' title='bbox 2888 2555 2972 2594; x_wconf 89' lang='lat' dir='ltr'><strong>res</strong></span> <span class='ocrx_word' id='word_1_732' title='bbox 3000 2542 3184 2595; x_wconf 80' lang='lat' dir='ltr'><strong>vetitas</strong></span> <span class='ocrx_word' id='word_1_733' title='bbox 3235 2555 3430 2611; x_wconf 90' lang='lat' dir='ltr'><strong>petere.</strong></span> <span class='ocrx_word' id='word_1_734' title='bbox 3475 2545 3577 2599; x_wconf 80' lang='lat' dir='ltr'><strong>Nec</strong></span> <span class='ocrx_word' id='word_1_735' title='bbox 3605 2547 3721 2600; x_wconf 90' lang='lat' dir='ltr'><strong>ideo</strong></span> <span class='ocrx_word' id='word_1_736' title='bbox 3762 2549 3924 2614; x_wconf 89' lang='lat' dir='ltr'><strong>dicit,</strong></span> 
     </span>
    </p>
   </div>
   <div class='ocr_carea' id='block_1_87' title="bbox 2379 2627 3925 2699">
    <p class='ocr_par' dir='ltr' id='par_1_87' title="bbox 2379 2627 3925 2699">
     <span class='ocr_line' id='line_1_87' title="bbox 2379 2627 3925 2699; baseline 0.006 -22"><span class='ocrx_word' id='word_1_737' title='bbox 2379 2627 2516 2693; x_wconf 92' lang='lat' dir='ltr'><strong>quod</strong></span> <span class='ocrx_word' id='word_1_738' title='bbox 2547 2629 2871 2696; x_wconf 87' lang='lat' dir='ltr'><strong>adjutoribus</strong></span> <span class='ocrx_word' id='word_1_739' title='bbox 2898 2632 3143 2699; x_wconf 84' lang='lat' dir='ltr'><strong>indigeat.</strong></span> <span class='ocrx_word' id='word_1_740' title='bbox 3175 2633 3443 2698; x_wconf 90' lang='lat' dir='ltr'><strong>Quomodo</strong></span> <span class='ocrx_word' id='word_1_741' title='bbox 3471 2636 3608 2688; x_wconf 91' lang='lat' dir='ltr'><strong>enim</strong></span> <span class='ocrx_word' id='word_1_742' title='bbox 3631 2636 3652 2686; x_wconf 85' lang='lat'><strong>?</strong></span> <span class='ocrx_word' id='word_1_743' title='bbox 3677 2637 3925 2689; x_wconf 80' lang='lat' dir='ltr'><strong>Ostendi-</strong></span> 
     </span>
    </p>
   </div>
   <div class='ocr_carea' id='block_1_88' title="bbox 2381 2718 3926 2790">
    <p class='ocr_par' dir='ltr' id='par_1_88' title="bbox 2381 2718 3926 2790">
     <span class='ocr_line' id='line_1_88' title="bbox 2381 2718 3926 2790; baseline 0.006 -22"><span class='ocrx_word' id='word_1_744' title='bbox 2381 2723 2463 2768; x_wconf 85' lang='lat' dir='ltr'><strong>tur</strong></span> <span class='ocrx_word' id='word_1_745' title='bbox 2485 2718 2639 2770; x_wconf 89' lang='lat' dir='ltr'><strong>istum</strong></span> <span class='ocrx_word' id='word_1_746' title='bbox 2683 2719 2927 2787; x_wconf 87' lang='lat' dir='ltr'><strong>angelum</strong></span> <span class='ocrx_word' id='word_1_747' title='bbox 2969 2735 3072 2774; x_wconf 90' lang='lat' dir='ltr'><strong>non</strong></span> <span class='ocrx_word' id='word_1_748' title='bbox 3100 2735 3215 2774; x_wconf 87' lang='lat' dir='ltr'><strong>esse</strong></span> <span class='ocrx_word' id='word_1_749' title='bbox 3261 2721 3325 2774; x_wconf 90' lang='lat' dir='ltr'><strong>de</strong></span> <span class='ocrx_word' id='word_1_750' title='bbox 3355 2723 3693 2790; x_wconf 86' lang='lat' dir='ltr'><strong>principibus.</strong></span> <span class='ocrx_word' id='word_1_751' title='bbox 3738 2724 3926 2778; x_wconf 77' lang='lat' dir='ltr'><strong>Postea</strong></span> 
     </span>
    </p>
   </div>
   <div class='ocr_carea' id='block_1_89' title="bbox 2379 2808 3921 2877">
    <p class='ocr_par' dir='ltr' id='par_1_89' title="bbox 2379 2808 3921 2877">
     <span class='ocr_line' id='line_1_89' title="bbox 2379 2808 3921 2877; baseline 0.005 -17"><span class='ocrx_word' id='word_1_752' title='bbox 2379 2808 2551 2860; x_wconf 86' lang='lat' dir='ltr'><strong>omnia</strong></span> <span class='ocrx_word' id='word_1_753' title='bbox 2580 2809 2737 2861; x_wconf 89' lang='lat' dir='ltr'><strong>refert</strong></span> <span class='ocrx_word' id='word_1_754' title='bbox 2765 2819 3028 2877; x_wconf 88' lang='lat' dir='ltr'><strong>accurate,</strong></span> <span class='ocrx_word' id='word_1_755' title='bbox 3061 2819 3112 2865; x_wconf 92' lang='lat' dir='ltr'><strong>et</strong></span> <span class='ocrx_word' id='word_1_756' title='bbox 3132 2813 3203 2865; x_wconf 88' lang='lat' dir='ltr'><strong>ait</strong></span> <span class='ocrx_word' id='word_1_757' title='bbox 3229 2812 3364 2865; x_wconf 90' lang='lat' dir='ltr'><strong>unde</strong></span> <span class='ocrx_word' id='word_1_758' title='bbox 3386 2812 3579 2866; x_wconf 91' lang='lat' dir='ltr'><strong>clades.</strong></span> <span class='ocrx_word' id='word_1_759' title='bbox 3612 2813 3811 2867; x_wconf 89' lang='lat' dir='ltr'><strong>Deinde</strong></span> <span class='ocrx_word' id='word_1_760' title='bbox 3839 2829 3921 2868; x_wconf 85' lang='lat' dir='ltr'><strong>sa-</strong></span> 
     </span>
    </p>
   </div>
   <div class='ocr_carea' id='block_1_90' title="bbox 2378 2896 3929 2971">
    <p class='ocr_par' dir='ltr' id='par_1_90' title="bbox 2378 2896 3929 2971">
     <span class='ocr_line' id='line_1_90' title="bbox 2378 2896 3929 2971; baseline 0.005 -23"><span class='ocrx_word' id='word_1_761' title='bbox 2378 2896 2536 2950; x_wconf 89' lang='lat' dir='ltr'><strong>lutem</strong></span> <span class='ocrx_word' id='word_1_762' title='bbox 2576 2898 2752 2965; x_wconf 91' lang='lat' dir='ltr'><strong>populi</strong></span> <span class='ocrx_word' id='word_1_763' title='bbox 2784 2898 2981 2967; x_wconf 89' lang='lat' dir='ltr'><strong>ipsius,</strong></span> <span class='ocrx_word' id='word_1_764' title='bbox 3030 2909 3081 2954; x_wconf 91' lang='lat' dir='ltr'><strong>et</strong></span> <span class='ocrx_word' id='word_1_765' title='bbox 3119 2902 3475 2970; x_wconf 88' lang='lat' dir='ltr'><strong>acceptionem</strong></span> <span class='ocrx_word' id='word_1_766' title='bbox 3508 2903 3556 2955; x_wconf 89' lang='lat' dir='ltr'><strong>in</strong></span> <span class='ocrx_word' id='word_1_767' title='bbox 3587 2903 3929 2971; x_wconf 83' lang='lat' dir='ltr'><strong>sequentibus</strong></span> 
     </span>
    </p>
   </div>
   <div class='ocr_carea' id='block_1_91' title="bbox 2378 2996 2572 3042">
    <p class='ocr_par' dir='ltr' id='par_1_91' title="bbox 2378 2996 2572 3042">
     <span class='ocr_line' id='line_1_91' title="bbox 2378 2996 2572 3042; baseline 0.005 -3"><span class='ocrx_word' id='word_1_768' title='bbox 2378 2996 2572 3042; x_wconf 85' lang='lat' dir='ltr'><strong>narrat.</strong></span> 
     </span>
    </p>
   </div>
   <div class='ocr_carea' id='block_1_92' title="bbox 2960 3123 3347 3181">
    <p class='ocr_par' dir='ltr' id='par_1_92' title="bbox 2960 3123 3347 3181">
     <span class='ocr_line' id='line_1_92' title="bbox 2960 3123 3347 3181; baseline -0.01 0"><span class='ocrx_word' id='word_1_769' title='bbox 2960 3124 3181 3181; x_wconf 81' lang='lat' dir='ltr'><strong>CAPUT</strong></span> <span class='ocrx_word' id='word_1_770' title='bbox 3235 3123 3347 3178; x_wconf 82' lang='lat' dir='ltr'><strong>XII.</strong></span> 
     </span>
    </p>
   </div>
   <div class='ocr_carea' id='block_1_93' title="bbox 2450 3256 3926 3328">
    <p class='ocr_par' dir='ltr' id='par_1_93' title="bbox 2450 3256 3926 3328">
     <span class='ocr_line' id='line_1_93' title="bbox 2450 3256 3926 3328; baseline 0 -17"><span class='ocrx_word' id='word_1_771' title='bbox 2450 3258 2503 3311; x_wconf 89' lang='lat'><strong>7.</strong></span> <span class='ocrx_word' id='word_1_772' title='bbox 2549 3275 2568 3309; x_wconf 70' lang='grc' dir='ltr'><strong><em>ι</em></strong></span> <span class='ocrx_word' id='word_1_773' title='bbox 2604 3256 2733 3311; x_wconf 89' lang='lat' dir='ltr'><strong>Cum</strong></span> <span class='ocrx_word' id='word_1_774' title='bbox 2760 3259 3016 3327; x_wconf 89' lang='lat' dir='ltr'><strong>completa</strong></span> <span class='ocrx_word' id='word_1_775' title='bbox 3050 3258 3204 3312; x_wconf 87' lang='lat' dir='ltr'><strong>fuerit</strong></span> <span class='ocrx_word' id='word_1_776' title='bbox 3232 3258 3486 3326; x_wconf 89' lang='lat' dir='ltr'><strong>aispersio</strong></span> <span class='ocrx_word' id='word_1_777' title='bbox 3529 3273 3712 3311; x_wconf 88' lang='lat' dir='ltr'><strong>manus</strong></span> <span class='ocrx_word' id='word_1_778' title='bbox 3754 3259 3926 3328; x_wconf 87' lang='lat' dir='ltr'><strong>populi</strong></span> 
     </span>
    </p>
   </div>
   <div class='ocr_carea' id='block_1_94' title="bbox 2379 3349 3929 3419">
    <p class='ocr_par' dir='ltr' id='par_1_94' title="bbox 2379 3349 3929 3419">
     <span class='ocr_line' id='line_1_94' title="bbox 2379 3349 3929 3419; baseline -0.001 -17"><span class='ocrx_word' id='word_1_779' title='bbox 2379 3349 2717 3416; x_wconf 87' lang='lat' dir='ltr'><strong>sanctificati,</strong></span> <span class='ocrx_word' id='word_1_780' title='bbox 2746 3359 3062 3419; x_wconf 86' lang='lat' dir='ltr'><strong>cognoscent</strong></span> <span class='ocrx_word' id='word_1_781' title='bbox 3102 3358 3335 3403; x_wconf 86' lang='lat' dir='ltr'><strong>sanctum</strong></span> <span class='ocrx_word' id='word_1_782' title='bbox 3372 3389 3386 3412; x_wconf 96' lang='lat'><strong>,</strong></span> <span class='ocrx_word' id='word_1_783' title='bbox 3413 3356 3468 3402; x_wconf 89' lang='lat' dir='ltr'><strong>et</strong></span> <span class='ocrx_word' id='word_1_784' title='bbox 3490 3350 3929 3402; x_wconf 61' lang='lat' dir='ltr'><strong>consummabant-</strong></span> 
     </span>
    </p>
   </div>
   <div class='ocr_carea' id='block_1_95' title="bbox 2381 3437 3928 3507">
    <p class='ocr_par' dir='ltr' id='par_1_95' title="bbox 2381 3437 3928 3507">
     <span class='ocr_line' id='line_1_95' title="bbox 2381 3437 3928 3507; baseline -0.003 -15"><span class='ocrx_word' id='word_1_785' title='bbox 2381 3449 2465 3492; x_wconf 92' lang='lat' dir='ltr'><strong>tur</strong></span> <span class='ocrx_word' id='word_1_786' title='bbox 2492 3439 2605 3494; x_wconf 70' lang='lat' dir='ltr'><strong>haec</strong></span> <span class='ocrx_word' id='word_1_787' title='bbox 2635 3441 2825 3493; x_wconf 90' lang='lat' dir='ltr'><strong>omnia.</strong></span> <span class='ocrx_word' id='word_1_788' title='bbox 2861 3441 2913 3494; x_wconf 92' lang='lat'><strong>8.</strong></span> <span class='ocrx_word' id='word_1_789' title='bbox 2947 3441 3008 3492; x_wconf 69' lang='lat' dir='ltr'><strong>fit</strong></span> <span class='ocrx_word' id='word_1_790' title='bbox 3034 3454 3130 3507; x_wconf 85' lang='lat' dir='ltr'><strong>ego</strong></span> <span class='ocrx_word' id='word_1_791' title='bbox 3154 3437 3359 3501; x_wconf 87' lang='lat' dir='ltr'><strong>audivi,</strong></span> <span class='ocrx_word' id='word_1_792' title='bbox 3381 3447 3435 3492; x_wconf 92' lang='lat' dir='ltr'><strong>et</strong></span> <span class='ocrx_word' id='word_1_793' title='bbox 3460 3451 3560 3490; x_wconf 92' lang='lat' dir='ltr'><strong>non</strong></span> <span class='ocrx_word' id='word_1_794' title='bbox 3588 3437 3823 3489; x_wconf 60' lang='lat' dir='ltr'><strong>intellexi</strong></span> <span class='ocrx_word' id='word_1_795' title='bbox 3841 3477 3853 3496; x_wconf 86' lang='lat'><strong>,</strong></span> <span class='ocrx_word' id='word_1_796' title='bbox 3879 3448 3928 3489; x_wconf 86' lang='lat' dir='ltr'><strong>et</strong></span> 
     </span>
    </p>
   </div>
   <div class='ocr_carea' id='block_1_96' title="bbox 2379 3523 3925 3596">
    <p class='ocr_par' dir='ltr' id='par_1_96' title="bbox 2379 3523 3925 3596">
     <span class='ocr_line' id='line_1_96' title="bbox 2379 3523 3925 3596; baseline -0.003 -16"><span class='ocrx_word' id='word_1_797' title='bbox 2379 3527 2485 3580; x_wconf 85' lang='lat' dir='ltr'><strong>dixi</strong></span> <span class='ocrx_word' id='word_1_798' title='bbox 2521 3544 2532 3579; x_wconf 87' lang='lat'><strong>:</strong></span> <span class='ocrx_word' id='word_1_799' title='bbox 2568 3528 2818 3592; x_wconf 89' lang='lat' dir='ltr'><strong>Domine,</strong></span> <span class='ocrx_word' id='word_1_800' title='bbox 2869 3525 2992 3596; x_wconf 88' lang='lat' dir='ltr'><strong>qttid</strong></span> <span class='ocrx_word' id='word_1_801' title='bbox 3038 3537 3274 3580; x_wconf 81' lang='lat' dir='ltr'><strong>extrema</strong></span> <span class='ocrx_word' id='word_1_802' title='bbox 3322 3523 3543 3577; x_wconf 86' lang='lat' dir='ltr'><strong>horum?</strong></span> <span class='ocrx_word' id='word_1_803' title='bbox 3571 3523 3626 3577; x_wconf 90' lang='lat'><strong>9.</strong></span> <span class='ocrx_word' id='word_1_804' title='bbox 3671 3523 3925 3576; x_wconf 77' lang='lat' dir='ltr'><strong>Etdixit:</strong></span> 
     </span>
    </p>
   </div>
   <div class='ocr_carea' id='block_1_97' title="bbox 2385 3613 3928 3683">
    <p class='ocr_par' dir='ltr' id='par_1_97' title="bbox 2385 3613 3928 3683">
     <span class='ocr_line' id='line_1_97' title="bbox 2385 3613 3928 3683; baseline -0.005 -14"><span class='ocrx_word' id='word_1_805' title='bbox 2385 3617 2543 3680; x_wconf 86' lang='lat' dir='ltr'><strong>Vade,</strong></span> <span class='ocrx_word' id='word_1_806' title='bbox 2579 3616 2786 3680; x_wconf 87' lang='lat' dir='ltr'><strong>Daniel,</strong></span> <span class='ocrx_word' id='word_1_807' title='bbox 2817 3617 2933 3683; x_wconf 89' lang='lat' dir='ltr'><strong>quia</strong></span> <span class='ocrx_word' id='word_1_808' title='bbox 2964 3624 3014 3667; x_wconf 90' lang='lat' dir='ltr'><strong>et</strong></span> <span class='ocrx_word' id='word_1_809' title='bbox 3034 3614 3195 3667; x_wconf 87' lang='lat' dir='ltr'><strong>clausi</strong></span> <span class='ocrx_word' id='word_1_810' title='bbox 3225 3622 3347 3666; x_wconf 80' lang='lat' dir='ltr'><strong>sunt</strong></span> <span class='ocrx_word' id='word_1_811' title='bbox 3374 3626 3643 3666; x_wconf 88' lang='lat' dir='ltr'><strong>sermones</strong></span> <span class='ocrx_word' id='word_1_812' title='bbox 3673 3626 3841 3678; x_wconf 84' lang='lat' dir='ltr'><strong>usque</strong></span> <span class='ocrx_word' id='word_1_813' title='bbox 3867 3613 3928 3664; x_wconf 89' lang='lat' dir='ltr'><strong>ad</strong></span> 
     </span>
    </p>
   </div>
   <div class='ocr_carea' id='block_1_98' title="bbox 2383 3700 3930 3773">
    <p class='ocr_par' dir='ltr' id='par_1_98' title="bbox 2383 3700 3930 3773">
     <span class='ocr_line' id='line_1_98' title="bbox 2383 3700 3930 3773; baseline -0.006 -13"><span class='ocrx_word' id='word_1_814' title='bbox 2383 3715 2587 3773; x_wconf 85' lang='lat' dir='ltr'><strong>tempus</strong></span> <span class='ocrx_word' id='word_1_815' title='bbox 2637 3705 2770 3758; x_wconf 86' lang='lat' dir='ltr'><strong>finis.</strong></span> <span class='ocrx_word' id='word_1_816' title='bbox 2822 3705 2904 3757; x_wconf 88' lang='grc'><strong>10.</strong></span> <span class='ocrx_word' id='word_1_817' title='bbox 2945 3703 3125 3769; x_wconf 90' lang='lat' dir='ltr'><strong>Quoad</strong></span> <span class='ocrx_word' id='word_1_818' title='bbox 3171 3703 3427 3770; x_wconf 84' lang='lat' dir='ltr'><strong>eligantur</strong></span> <span class='ocrx_word' id='word_1_819' title='bbox 3463 3710 3516 3753; x_wconf 92' lang='lat' dir='ltr'><strong>et</strong></span> <span class='ocrx_word' id='word_1_820' title='bbox 3543 3700 3857 3752; x_wconf 87' lang='lat' dir='ltr'><strong>dealbentur</strong></span> <span class='ocrx_word' id='word_1_821' title='bbox 3879 3709 3930 3752; x_wconf 90' lang='lat' dir='ltr'><strong>et</strong></span> 
     </span>
    </p>
   </div>
   <div class='ocr_carea' id='block_1_99' title="bbox 2383 3790 3926 3863">
    <p class='ocr_par' dir='ltr' id='par_1_99' title="bbox 2383 3790 3926 3863">
     <span class='ocr_line' id='line_1_99' title="bbox 2383 3790 3926 3863; baseline -0.005 -15"><span class='ocrx_word' id='word_1_822' title='bbox 2383 3799 2500 3863; x_wconf 85' lang='lat' dir='ltr'><strong>igne</strong></span> <span class='ocrx_word' id='word_1_823' title='bbox 2541 3796 2825 3860; x_wconf 78' lang='lat' dir='ltr'><strong>probentur</strong></span> <span class='ocrx_word' id='word_1_824' title='bbox 2870 3796 3012 3846; x_wconf 88' lang='lat' dir='ltr'><strong>tnu‘ti</strong></span> <span class='ocrx_word' id='word_1_825' title='bbox 3061 3812 3071 3844; x_wconf 94' lang='lat'><strong>:</strong></span> <span class='ocrx_word' id='word_1_826' title='bbox 3117 3794 3292 3860; x_wconf 92' lang='lat' dir='ltr'><strong>inique</strong></span> <span class='ocrx_word' id='word_1_827' title='bbox 3335 3799 3505 3844; x_wconf 89' lang='lat' dir='ltr'><strong>autem</strong></span> <span class='ocrx_word' id='word_1_828' title='bbox 3530 3801 3685 3858; x_wconf 82' lang='lat' dir='ltr'><strong>agent</strong></span> <span class='ocrx_word' id='word_1_829' title='bbox 3731 3790 3926 3857; x_wconf 89' lang='lat' dir='ltr'><strong>iniqui,</strong></span> 
     </span>
    </p>
   </div>
   <div class='ocr_carea' id='block_1_100' title="bbox 2383 3881 3928 3954">
    <p class='ocr_par' dir='ltr' id='par_1_100' title="bbox 2383 3881 3928 3954">
     <span class='ocr_line' id='line_1_100' title="bbox 2383 3881 3928 3954; baseline -0.003 -16"><span class='ocrx_word' id='word_1_830' title='bbox 2383 3902 2549 3954; x_wconf 83' lang='lat' dir='ltr'><strong>neque</strong></span> <span class='ocrx_word' id='word_1_831' title='bbox 2573 3886 2859 3951; x_wconf 84' lang='lat' dir='ltr'><strong>intelligent</strong></span> <span class='ocrx_word' id='word_1_832' title='bbox 2886 3899 3067 3938; x_wconf 86' lang='lat' dir='ltr'><strong>omnes</strong></span> <span class='ocrx_word' id='word_1_833' title='bbox 3085 3885 3225 3952; x_wconf 79' lang='lat' dir='ltr'><strong>impii</strong></span> <span class='ocrx_word' id='word_1_834' title='bbox 3251 3901 3262 3936; x_wconf 90' lang='lat'>:</span> <span class='ocrx_word' id='word_1_835' title='bbox 3288 3893 3341 3936; x_wconf 91' lang='lat' dir='ltr'><strong>at</strong></span> <span class='ocrx_word' id='word_1_836' title='bbox 3365 3883 3711 3950; x_wconf 90' lang='lat' dir='ltr'><strong>intelligentes</strong></span> <span class='ocrx_word' id='word_1_837' title='bbox 3736 3881 3928 3934; x_wconf 84' lang='lat' dir='ltr'><strong>intelli-</strong></span> 
     </span>
    </p>
   </div>
   <div class='ocr_carea' id='block_1_101' title="bbox 2382 3969 3930 4043">
    <p class='ocr_par' dir='ltr' id='par_1_101' title="bbox 2382 3969 3930 4043">
     <span class='ocr_line' id='line_1_101' title="bbox 2382 3969 3930 4043; baseline -0.003 -15"><span class='ocrx_word' id='word_1_838' title='bbox 2382 3983 2523 4043; x_wconf 84' lang='lat' dir='ltr'><strong>gent.</strong></span> <span class='ocrx_word' id='word_1_839' title='bbox 2551 3975 2634 4026; x_wconf 92' lang='lat'><strong>11.</strong></span> <span class='ocrx_word' id='word_1_840' title='bbox 2671 3975 2732 4026; x_wconf 81' lang='lat' dir='ltr'><strong>Et</strong></span> <span class='ocrx_word' id='word_1_841' title='bbox 2761 3991 2788 4027; x_wconf 91' lang='lat' dir='ltr'><strong>a</strong></span> <span class='ocrx_word' id='word_1_842' title='bbox 2817 3983 3052 4040; x_wconf 89' lang='lat' dir='ltr'><strong>tempore</strong></span> <span class='ocrx_word' id='word_1_843' title='bbox 3078 3989 3180 4041; x_wconf 91' lang='lat' dir='ltr'><strong>quo</strong></span> <span class='ocrx_word' id='word_1_844' title='bbox 3216 3980 3468 4026; x_wconf 90' lang='lat' dir='ltr'><strong>mutatum</strong></span> <span class='ocrx_word' id='word_1_845' title='bbox 3508 3969 3665 4025; x_wconf 85' lang='lat' dir='ltr'><strong>fuerit</strong></span> <span class='ocrx_word' id='word_1_846' title='bbox 3689 3971 3818 4039; x_wconf 76' lang='lat' dir='ltr'><strong>juge</strong></span> <span class='ocrx_word' id='word_1_847' title='bbox 3848 3985 3930 4023; x_wconf 86' lang='lat' dir='ltr'><strong>sa—</strong></span> 
     </span>
    </p>
   </div>
   <div class='ocr_carea' id='block_1_102' title="bbox 2383 4058 3934 4127">
    <p class='ocr_par' dir='ltr' id='par_1_102' title="bbox 2383 4058 3934 4127">
     <span class='ocr_line' id='line_1_102' title="bbox 2383 4058 3934 4127; baseline -0.005 -8"><span class='ocrx_word' id='word_1_848' title='bbox 2383 4065 2655 4127; x_wconf 88' lang='lat' dir='ltr'><strong>erificinm,</strong></span> <span class='ocrx_word' id='word_1_849' title='bbox 2680 4075 2730 4118; x_wconf 92' lang='lat' dir='ltr'><strong>et</strong></span> <span class='ocrx_word' id='word_1_850' title='bbox 2750 4066 2864 4118; x_wconf 85' lang='lat' dir='ltr'><strong>data</strong></span> <span class='ocrx_word' id='word_1_851' title='bbox 2886 4064 3039 4117; x_wconf 88' lang='lat' dir='ltr'><strong>fuerit</strong></span> <span class='ocrx_word' id='word_1_852' title='bbox 3059 4063 3376 4116; x_wconf 89' lang='lat' dir='ltr'><strong>abominatio</strong></span> <span class='ocrx_word' id='word_1_853' title='bbox 3397 4058 3758 4124; x_wconf 84' lang='lat' dir='ltr'><strong>desolationis,</strong></span> <span class='ocrx_word' id='word_1_854' title='bbox 3781 4069 3934 4114; x_wconf 88' lang='lat' dir='ltr'><strong>erunt</strong></span> 
     </span>
    </p>
   </div>
   <div class='ocr_carea' id='block_1_103' title="bbox 2384 4149 3933 4220">
    <p class='ocr_par' dir='ltr' id='par_1_103' title="bbox 2384 4149 3933 4220">
     <span class='ocr_line' id='line_1_103' title="bbox 2384 4149 3933 4220; baseline -0.004 -11"><span class='ocrx_word' id='word_1_855' title='bbox 2384 4155 2496 4209; x_wconf 90' lang='lat' dir='ltr'><strong>dies</strong></span> <span class='ocrx_word' id='word_1_856' title='bbox 2524 4156 2665 4208; x_wconf 89' lang='lat' dir='ltr'><strong>mille</strong></span> <span class='ocrx_word' id='word_1_857' title='bbox 2697 4154 2902 4207; x_wconf 89' lang='lat' dir='ltr'><strong>ducenti</strong></span> <span class='ocrx_word' id='word_1_858' title='bbox 2933 4153 3229 4220; x_wconf 90' lang='lat' dir='ltr'><strong>nonaginta.</strong></span> <span class='ocrx_word' id='word_1_859' title='bbox 3263 4151 3348 4203; x_wconf 80' lang='lat'><strong>12.</strong></span> <span class='ocrx_word' id='word_1_860' title='bbox 3390 4150 3580 4204; x_wconf 89' lang='lat' dir='ltr'><strong>Beatus</strong></span> <span class='ocrx_word' id='word_1_861' title='bbox 3621 4149 3712 4217; x_wconf 92' lang='lat' dir='ltr'><strong>qui</strong></span> <span class='ocrx_word' id='word_1_862' title='bbox 3747 4164 3933 4217; x_wconf 81' lang='lat' dir='ltr'><strong>exspe-</strong></span> 
     </span>
    </p>
   </div>
   <div class='ocr_carea' id='block_1_104' title="bbox 2384 4239 3935 4311">
    <p class='ocr_par' dir='ltr' id='par_1_104' title="bbox 2384 4239 3935 4311">
     <span class='ocr_line' id='line_1_104' title="bbox 2384 4239 3935 4311; baseline -0.006 -13"><span class='ocrx_word' id='word_1_863' title='bbox 2384 4253 2491 4298; x_wconf 90' lang='lat' dir='ltr'><strong>ctat</strong></span> <span class='ocrx_word' id='word_1_864' title='bbox 2516 4256 2565 4297; x_wconf 88' lang='lat' dir='ltr'><strong>et</strong></span> <span class='ocrx_word' id='word_1_865' title='bbox 2593 4244 2828 4311; x_wconf 54' lang='lat' dir='ltr'><strong>pervenit</strong></span> <span class='ocrx_word' id='word_1_866' title='bbox 2848 4243 2911 4295; x_wconf 88' lang='lat' dir='ltr'><strong>ad</strong></span> <span class='ocrx_word' id='word_1_867' title='bbox 2934 4242 3042 4295; x_wconf 86' lang='lat' dir='ltr'><strong>dies</strong></span> <span class='ocrx_word' id='word_1_868' title='bbox 3080 4241 3220 4294; x_wconf 92' lang='lat' dir='ltr'><strong>mille</strong></span> <span class='ocrx_word' id='word_1_869' title='bbox 3251 4248 3510 4294; x_wconf 90' lang='lat' dir='ltr'><strong>trecentos</strong></span> <span class='ocrx_word' id='word_1_870' title='bbox 3549 4239 3758 4306; x_wconf 86' lang='lat' dir='ltr'><strong>triginta</strong></span> <span class='ocrx_word' id='word_1_871' title='bbox 3782 4239 3935 4306; x_wconf 65' lang='lat' dir='ltr'><strong>quin-</strong></span> 
     </span>
    </p>
   </div>
   <div class='ocr_carea' id='block_1_105' title="bbox 2384 4328 3935 4401">
    <p class='ocr_par' dir='ltr' id='par_1_105' title="bbox 2384 4328 3935 4401">
     <span class='ocr_line' id='line_1_105' title="bbox 2384 4328 3935 4401; baseline -0.005 -14"><span class='ocrx_word' id='word_1_872' title='bbox 2384 4350 2503 4401; x_wconf 90' lang='lat' dir='ltr'><strong>que.</strong></span> <span class='ocrx_word' id='word_1_873' title='bbox 2533 4335 2614 4385; x_wconf 76' lang='grc'><strong>15.</strong></span> <span class='ocrx_word' id='word_1_874' title='bbox 2650 4333 2710 4384; x_wconf 88' lang='lat' dir='ltr'><strong>Et</strong></span> <span class='ocrx_word' id='word_1_875' title='bbox 2741 4342 2793 4383; x_wconf 90' lang='lat' dir='ltr'><strong>tu</strong></span> <span class='ocrx_word' id='word_1_876' title='bbox 2823 4332 2950 4383; x_wconf 87' lang='lat' dir='ltr'><strong>vade</strong></span> <span class='ocrx_word' id='word_1_877' title='bbox 2971 4372 2983 4392; x_wconf 94' lang='lat'><strong>,</strong></span> <span class='ocrx_word' id='word_1_878' title='bbox 3011 4345 3071 4383; x_wconf 92' lang='lat' dir='ltr'><strong>ac</strong></span> <span class='ocrx_word' id='word_1_879' title='bbox 3100 4330 3403 4397; x_wconf 88' lang='lat' dir='ltr'><strong>requiesce:</strong></span> <span class='ocrx_word' id='word_1_880' title='bbox 3431 4328 3601 4380; x_wconf 87' lang='lat' dir='ltr'><strong>adhuc</strong></span> <span class='ocrx_word' id='word_1_881' title='bbox 3647 4329 3792 4380; x_wconf 88' lang='lat' dir='ltr'><strong>enim</strong></span> <span class='ocrx_word' id='word_1_882' title='bbox 3825 4329 3935 4381; x_wconf 91' lang='lat' dir='ltr'><strong>dies</strong></span> 
     </span>
    </p>
   </div>
   <div class='ocr_carea' id='block_1_106' title="bbox 2385 4417 3938 4488">
    <p class='ocr_par' dir='ltr' id='par_1_106' title="bbox 2385 4417 3938 4488">
     <span class='ocr_line' id='line_1_106' title="bbox 2385 4417 3938 4488; baseline -0.006 -13"><span class='ocrx_word' id='word_1_883' title='bbox 2385 4424 2434 4475; x_wconf 92' lang='lat' dir='ltr'><strong>in</strong></span> <span class='ocrx_word' id='word_1_884' title='bbox 2458 4422 2857 4488; x_wconf 88' lang='lat' dir='ltr'><strong>completionem</strong></span> <span class='ocrx_word' id='word_1_885' title='bbox 2880 4419 3344 4472; x_wconf 82' lang='lat' dir='ltr'><strong>eonsutnmatiouis</strong></span> <span class='ocrx_word' id='word_1_886' title='bbox 3375 4435 3386 4469; x_wconf 91' lang='lat'><strong>:</strong></span> <span class='ocrx_word' id='word_1_887' title='bbox 3415 4426 3467 4470; x_wconf 92' lang='lat' dir='ltr'><strong>et</strong></span> <span class='ocrx_word' id='word_1_888' title='bbox 3488 4417 3788 4485; x_wconf 83' lang='lat' dir='ltr'><strong>requiesces</strong></span> <span class='ocrx_word' id='word_1_889' title='bbox 3811 4430 3938 4470; x_wconf 87' lang='lat' dir='ltr'><strong>tem-</strong></span> 
     </span>
    </p>
   </div>
   <div class='ocr_carea' id='block_1_107' title="bbox 2386 4506 3934 4579">
    <p class='ocr_par' dir='ltr' id='par_1_107' title="bbox 2386 4506 3934 4579">
     <span class='ocr_line' id='line_1_107' title="bbox 2386 4506 3934 4579; baseline -0.005 -16"><span class='ocrx_word' id='word_1_890' title='bbox 2386 4525 2480 4579; x_wconf 88' lang='lat' dir='ltr'><strong>pus</strong></span> <span class='ocrx_word' id='word_1_891' title='bbox 2524 4519 2664 4561; x_wconf 92' lang='lat' dir='ltr'><strong>tuum</strong></span> <span class='ocrx_word' id='word_1_892' title='bbox 2715 4509 2763 4561; x_wconf 95' lang='lat' dir='ltr'><strong>in</strong></span> <span class='ocrx_word' id='word_1_893' title='bbox 2810 4508 3313 4560; x_wconf 88' lang='lat' dir='ltr'><strong>eonsnmmationem</strong></span> <span class='ocrx_word' id='word_1_894' title='bbox 3344 4506 3544 4560; x_wconf 90' lang='lat' dir='ltr'><strong>dierum</strong></span> <span class='ocrx_word' id='word_1_895' title='bbox 3571 4524 3588 4555; x_wconf 74' lang='lat' dir='ltr'><strong>i</strong></span> <span class='ocrx_word' id='word_1_896' title='bbox 3628 4507 3728 4573; x_wconf 74' lang='grc' dir='ltr'><strong>(τι).</strong></span> <span class='ocrx_word' id='word_1_897' title='bbox 3775 4507 3842 4559; x_wconf 86' lang='lat' dir='ltr'><strong>Et</strong></span> <span class='ocrx_word' id='word_1_898' title='bbox 3864 4515 3934 4564; x_wconf 87' lang='lat' dir='ltr'><strong>tn,</strong></span> 
     </span>
    </p>
   </div>
   <div class='ocr_carea' id='block_1_108' title="bbox 2387 4592 3934 4666">
    <p class='ocr_par' dir='ltr' id='par_1_108' title="bbox 2387 4592 3934 4666">
     <span class='ocr_line' id='line_1_108' title="bbox 2387 4592 3934 4666; baseline -0.006 -13"><span class='ocrx_word' id='word_1_899' title='bbox 2387 4599 2586 4666; x_wconf 88' lang='lat' dir='ltr'><strong>inquit,</strong></span> <span class='ocrx_word' id='word_1_900' title='bbox 2619 4598 2763 4650; x_wconf 92' lang='lat' dir='ltr'><strong>sede.</strong></span> <span class='ocrx_word' id='word_1_901' title='bbox 2795 4596 2921 4648; x_wconf 87' lang='lat' dir='ltr'><strong>Nam</strong></span> <span class='ocrx_word' id='word_1_902' title='bbox 2950 4604 3066 4664; x_wconf 90' lang='lat' dir='ltr'><strong>post</strong></span> <span class='ocrx_word' id='word_1_903' title='bbox 3091 4595 3306 4647; x_wconf 92' lang='lat' dir='ltr'><strong>multum</strong></span> <span class='ocrx_word' id='word_1_904' title='bbox 3353 4603 3556 4661; x_wconf 90' lang='lat' dir='ltr'><strong>tempus</strong></span> <span class='ocrx_word' id='word_1_905' title='bbox 3599 4592 3715 4648; x_wconf 79' lang='lat' dir='ltr'><strong>bzce</strong></span> <span class='ocrx_word' id='word_1_906' title='bbox 3764 4602 3934 4648; x_wconf 90' lang='lat' dir='ltr'><strong>erunt.</strong></span> 
     </span>
    </p>
   </div>
   <div class='ocr_carea' id='block_1_109' title="bbox 2391 4685 3936 4761">
    <p class='ocr_par' dir='ltr' id='par_1_109' title="bbox 2391 4685 3936 4761">
     <span class='ocr_line' id='line_1_109' title="bbox 2391 4685 3936 4761; baseline -0.007 -14"><span class='ocrx_word' id='word_1_907' title='bbox 2391 4694 2549 4761; x_wconf 86' lang='lat' dir='ltr'><strong>Igitur</strong></span> <span class='ocrx_word' id='word_1_908' title='bbox 2595 4708 2694 4744; x_wconf 91' lang='lat' dir='ltr'><strong>non</strong></span> <span class='ocrx_word' id='word_1_909' title='bbox 2725 4691 2790 4744; x_wconf 91' lang='lat' dir='ltr'><strong>de</strong></span> <span class='ocrx_word' id='word_1_910' title='bbox 2833 4690 3003 4743; x_wconf 89' lang='lat' dir='ltr'><strong>reditu</strong></span> <span class='ocrx_word' id='word_1_911' title='bbox 3047 4685 3511 4750; x_wconf 88' lang='lat' dir='ltr'><strong>lamentatur,sed</strong></span> <span class='ocrx_word' id='word_1_912' title='bbox 3551 4693 3670 4753; x_wconf 90' lang='lat' dir='ltr'><strong>post</strong></span> <span class='ocrx_word' id='word_1_913' title='bbox 3711 4687 3936 4740; x_wconf 88' lang='lat' dir='ltr'><strong>reditum</strong></span> 
     </span>
    </p>
   </div>
   <div class='ocr_carea' id='block_1_110' title="bbox 2388 4782 2999 4854">
    <p class='ocr_par' dir='ltr' id='par_1_110' title="bbox 2388 4782 2999 4854">
     <span class='ocr_line' id='line_1_110' title="bbox 2388 4782 2999 4854; baseline -0.01 -18"><span class='ocrx_word' id='word_1_914' title='bbox 2388 4800 2483 4854; x_wconf 84' lang='lat' dir='ltr'><strong>pro</strong></span> <span class='ocrx_word' id='word_1_915' title='bbox 2515 4785 2575 4838; x_wconf 89' lang='lat' dir='ltr'><strong>iis</strong></span> <span class='ocrx_word' id='word_1_916' title='bbox 2605 4784 2690 4852; x_wconf 90' lang='lat' dir='ltr'><strong>qui</strong></span> <span class='ocrx_word' id='word_1_917' title='bbox 2720 4782 2999 4834; x_wconf 90' lang='lat' dir='ltr'><strong>redierant.</strong></span> 
     </span>
    </p>
   </div>
   <div class='ocr_carea' id='block_1_111' title="bbox 2667 4908 3653 4979">
    <p class='ocr_par' dir='ltr' id='par_1_111' title="bbox 2667 4908 3653 4979">
     <span class='ocr_line' id='line_1_111' title="bbox 2667 4908 3653 4979; baseline -0.009 -10"><span class='ocrx_word' id='word_1_918' title='bbox 2667 4913 2885 4970; x_wconf 76' lang='lat' dir='ltr'><strong>CAPUT</strong></span> <span class='ocrx_word' id='word_1_919' title='bbox 2931 4912 3065 4965; x_wconf 85' lang='lat' dir='ltr'><strong>xut.</strong></span> <span class='ocrx_word' id='word_1_920' title='bbox 3118 4910 3220 4979; x_wconf 86' lang='lat' dir='ltr'><strong>(In</strong></span> <span class='ocrx_word' id='word_1_921' title='bbox 3267 4911 3417 4979; x_wconf 85' lang='lat' dir='ltr'><strong>Vulg.</strong></span> <span class='ocrx_word' id='word_1_922' title='bbox 3469 4908 3653 4977; x_wconf 82' lang='lat' dir='ltr'><strong>XIV.)</strong></span> 
     </span>
    </p>
   </div>
   <div class='ocr_carea' id='block_1_112' title="bbox 2466 5043 3944 5118">
    <p class='ocr_par' dir='ltr' id='par_1_112' title="bbox 2466 5043 3944 5118">
     <span class='ocr_line' id='line_1_112' title="bbox 2466 5043 3944 5118; baseline -0.009 -10"><span class='ocrx_word' id='word_1_923' title='bbox 2466 5057 2511 5108; x_wconf 89' lang='lat'><strong>1.</strong></span> <span class='ocrx_word' id='word_1_924' title='bbox 2553 5073 2569 5103; x_wconf 69' lang='grc' dir='ltr'>ι</span> <span class='ocrx_word' id='word_1_925' title='bbox 2602 5054 2666 5105; x_wconf 83' lang='lat' dir='ltr'><strong>Et</strong></span> <span class='ocrx_word' id='word_1_926' title='bbox 2694 5067 2782 5104; x_wconf 82' lang='lat' dir='ltr'><strong>rex</strong></span> <span class='ocrx_word' id='word_1_927' title='bbox 2813 5050 3064 5118; x_wconf 82' lang='lat' dir='ltr'><strong>Astyages</strong></span> <span class='ocrx_word' id='word_1_928' title='bbox 3092 5047 3356 5115; x_wconf 88' lang='lat' dir='ltr'><strong>appositus</strong></span> <span class='ocrx_word' id='word_1_929' title='bbox 3385 5055 3464 5099; x_wconf 91' lang='lat' dir='ltr'><strong>est</strong></span> <span class='ocrx_word' id='word_1_930' title='bbox 3484 5043 3545 5096; x_wconf 90' lang='lat' dir='ltr'><strong>ad</strong></span> <span class='ocrx_word' id='word_1_931' title='bbox 3580 5053 3762 5111; x_wconf 85' lang='lat' dir='ltr'><strong>patres</strong></span> <span class='ocrx_word' id='word_1_932' title='bbox 3783 5059 3906 5098; x_wconf 78' lang='lat' dir='ltr'><strong>suos</strong></span> <span class='ocrx_word' id='word_1_933' title='bbox 3930 5058 3944 5094; x_wconf 76' lang='grc' dir='ltr'>ε</span> 
     </span>
    </p>
   </div>
   <div class='ocr_carea' id='block_1_113' title="bbox 2395 5132 3935 5211">
    <p class='ocr_par' dir='ltr' id='par_1_113' title="bbox 2395 5132 3935 5211">
     <span class='ocr_line' id='line_1_113' title="bbox 2395 5132 3935 5211; baseline -0.008 -14"><span class='ocrx_word' id='word_1_934' title='bbox 2395 5156 2446 5198; x_wconf 89' lang='lat' dir='ltr'><strong>ct</strong></span> <span class='ocrx_word' id='word_1_935' title='bbox 2477 5143 2676 5211; x_wconf 76' lang='lat' dir='ltr'><strong>accepit</strong></span> <span class='ocrx_word' id='word_1_936' title='bbox 2702 5139 2867 5206; x_wconf 81' lang='lat' dir='ltr'><strong>Cyrus</strong></span> <span class='ocrx_word' id='word_1_937' title='bbox 2897 5138 3051 5189; x_wconf 68' lang='lat' dir='ltr'><strong>l‘ersa</strong></span> <span class='ocrx_word' id='word_1_938' title='bbox 3083 5151 3294 5202; x_wconf 82' lang='lat' dir='ltr'><strong>regnum</strong></span> <span class='ocrx_word' id='word_1_939' title='bbox 3337 5135 3449 5198; x_wconf 81' lang='lat' dir='ltr'><strong>ejus</strong></span> <span class='ocrx_word' id='word_1_940' title='bbox 3477 5132 3572 5197; x_wconf 87' lang='lat' dir='ltr'><strong>(b).</strong></span> <span class='ocrx_word' id='word_1_941' title='bbox 3622 5132 3673 5182; x_wconf 73' lang='lat'><strong>2.</strong></span> <span class='ocrx_word' id='word_1_942' title='bbox 3734 5132 3801 5184; x_wconf 87' lang='lat' dir='ltr'><strong>Et</strong></span> <span class='ocrx_word' id='word_1_943' title='bbox 3825 5143 3935 5185; x_wconf 78' lang='lat' dir='ltr'><strong>erat</strong></span> 
     </span>
    </p>
   </div>
   <div class='ocr_carea' id='block_1_114' title="bbox 2397 5281 3945 5353">
    <p class='ocr_par' dir='ltr' id='par_1_114' title="bbox 2397 5281 3945 5353">
     <span class='ocr_line' id='line_1_114' title="bbox 2397 5281 3945 5353; baseline -0.014 -8"><span class='ocrx_word' id='word_1_944' title='bbox 2397 5298 2507 5347; x_wconf 89' lang='lat' dir='ltr'><strong>mile</strong></span> <span class='ocrx_word' id='word_1_945' title='bbox 2542 5297 2742 5342; x_wconf 85' lang='lat' dir='ltr'><strong>habetur</strong></span> <span class='ocrx_word' id='word_1_946' title='bbox 2778 5291 2877 5353; x_wconf 70' lang='lat' dir='ltr'><strong>lolii</strong></span> <span class='ocrx_word' id='word_1_947' title='bbox 2913 5289 2987 5340; x_wconf 67' lang='lat' dir='ltr'><strong>i2.</strong></span> <span class='ocrx_word' id='word_1_948' title='bbox 3013 5287 3058 5341; x_wconf 81' lang='lat'><strong>8,</strong></span> <span class='ocrx_word' id='word_1_949' title='bbox 3086 5285 3301 5353; x_wconf 55' lang='lat' dir='ltr'><strong>esistimo</strong></span> <span class='ocrx_word' id='word_1_950' title='bbox 3334 5281 3800 5353; x_wconf 56' lang='lat' dir='ltr'><strong>$._Cltr)&#39;soqwfpum</strong></span> <span class='ocrx_word' id='word_1_951' title='bbox 3842 5295 3945 5353; x_wconf 70' lang='lat' dir='ltr'><strong>eum</strong></span> 
     </span>
    </p>
   </div>
   <div class='ocr_carea' id='block_1_115' title="bbox 2398 5339 3946 5410">
    <p class='ocr_par' dir='ltr' id='par_1_115' title="bbox 2398 5339 3946 5410">
     <span class='ocr_line' id='line_1_115' title="bbox 2398 5339 3946 5410; baseline -0.01 -6"><span class='ocrx_word' id='word_1_952' title='bbox 2398 5339 2625 5407; x_wconf 50' lang='lat' dir='ltr'><strong>iii&#39;c&#39;iini‘in’</strong></span> <span class='ocrx_word' id='word_1_953' title='bbox 2643 5339 2806 5399; x_wconf 79' lang='lat' dir='ltr'><strong>mente</strong></span> <span class='ocrx_word' id='word_1_954' title='bbox 2831 5339 3070 5410; x_wconf 71' lang='lat' dir='ltr'><strong>habntsse.</strong></span> <span class='ocrx_word' id='word_1_955' title='bbox 3095 5346 3170 5410; x_wconf 35' lang='lat' dir='ltr'><strong>sic.</strong></span> <span class='ocrx_word' id='word_1_956' title='bbox 3193 5344 3317 5390; x_wconf 89' lang='lat' dir='ltr'><strong>enim</strong></span> <span class='ocrx_word' id='word_1_957' title='bbox 3343 5339 3946 5410; x_wconf 48' lang='lat' dir='ltr'><strong>iiitenluni‘ballucitiantar</strong></span> 
     </span>
    </p>
   </div>
   <div class='ocr_carea' id='block_1_116' title="bbox 2398 5399 3949 5466">
    <p class='ocr_par' dir='ltr' id='par_1_116' title="bbox 2398 5399 3949 5466">
     <span class='ocr_line' id='line_1_116' title="bbox 2398 5399 3949 5466; baseline -0.012 -1"><span class='ocrx_word' id='word_1_958' title='bbox 2398 5399 2618 5466; x_wconf 52' lang='lat' dir='ltr'><strong>Ecclesiie</strong></span> <span class='ocrx_word' id='word_1_959' title='bbox 2648 5414 2870 5460; x_wconf 84' lang='lat' dir='ltr'><strong>doctores</strong></span> <span class='ocrx_word' id='word_1_960' title='bbox 2898 5405 3190 5456; x_wconf 81' lang='lat' dir='ltr'><strong>sanctissimi.</strong></span> <span class='ocrx_word' id='word_1_961' title='bbox 3218 5409 3376 5449; x_wconf 80' lang='lat' dir='ltr'><strong>Posset</strong></span> <span class='ocrx_word' id='word_1_962' title='bbox 3400 5401 3542 5448; x_wconf 82' lang='lat' dir='ltr'><strong>etiam</strong></span> <span class='ocrx_word' id='word_1_963' title='bbox 3568 5399 3659 5447; x_wconf 86' lang='lat' dir='ltr'><strong>dici</strong></span> <span class='ocrx_word' id='word_1_964' title='bbox 3685 5402 3949 5462; x_wconf 77' lang='lat' dir='ltr'><strong>exscripto-</strong></span> 
     </span>
    </p>
   </div>
   <div class='ocr_carea' id='block_1_117' title="bbox 2399 5467 3278 5527">
    <p class='ocr_par' dir='ltr' id='par_1_117' title="bbox 2399 5467 3278 5527">
     <span class='ocr_line' id='line_1_117' title="bbox 2399 5467 3278 5527; baseline -0.023 -1"><span class='ocrx_word' id='word_1_965' title='bbox 2399 5492 2502 5527; x_wconf 86' lang='lat' dir='ltr'><strong>retn</strong></span> <span class='ocrx_word' id='word_1_966' title='bbox 2525 5479 2617 5521; x_wconf 87' lang='lat' dir='ltr'><strong>duo</strong></span> <span class='ocrx_word' id='word_1_967' title='bbox 2642 5473 2739 5519; x_wconf 90' lang='lat' dir='ltr'><strong>loca</strong></span> <span class='ocrx_word' id='word_1_968' title='bbox 2762 5468 3028 5527; x_wconf 80' lang='lat' dir='ltr'><strong>cont’udisse</strong></span> <span class='ocrx_word' id='word_1_969' title='bbox 3049 5467 3092 5510; x_wconf 88' lang='lat' dir='ltr'><strong>in</strong></span> <span class='ocrx_word' id='word_1_970' title='bbox 3118 5474 3278 5508; x_wconf 87' lang='lat' dir='ltr'><strong>unum.</strong></span> 
     </span>
    </p>
   </div>
   <div class='ocr_carea' id='block_1_118' title="bbox 2464 5519 3689 5596">
    <p class='ocr_par' dir='ltr' id='par_1_118' title="bbox 2464 5519 3689 5596">
     <span class='ocr_line' id='line_1_118' title="bbox 2464 5519 3689 5596; baseline -0.015 -14"><span class='ocrx_word' id='word_1_971' title='bbox 2464 5519 2549 5596; x_wconf 48' lang='grc' dir='ltr'><strong>(ὦ</strong></span> <span class='ocrx_word' id='word_1_972' title='bbox 2566 5519 2857 5596; x_wconf 66' lang='lat' dir='ltr'><strong>tionisulendi</strong></span> <span class='ocrx_word' id='word_1_973' title='bbox 2875 5535 2918 5573; x_wconf 71' lang='grc' dir='ltr'><strong>Β.</strong></span> <span class='ocrx_word' id='word_1_974' title='bbox 2946 5519 3689 5596; x_wconf 37' lang='lat' dir='ltr'><strong>ttieronunusac‘tbeodorletus.</strong></span> 
     </span>
    </p>
   </div>
   <div class='ocr_carea' id='block_1_119' title="bbox 2463 5579 3950 5654">
    <p class='ocr_par' dir='ltr' id='par_1_119' title="bbox 2463 5579 3950 5654">
     <span class='ocr_line' id='line_1_119' title="bbox 2463 5579 3950 5654; baseline -0.009 -16"><span class='ocrx_word' id='word_1_975' title='bbox 2567 5579 2614 5640; x_wconf 83' lang='lat' dir='ltr'><strong>id</strong></span> <span class='ocrx_word' id='word_1_976' title='bbox 2643 5593 2795 5651; x_wconf 84' lang='lat' dir='ltr'><strong>primo</strong></span> <span class='ocrx_word' id='word_1_977' title='bbox 2818 5589 3037 5635; x_wconf 86' lang='lat' dir='ltr'><strong>observo,</strong></span> <span class='ocrx_word' id='word_1_978' title='bbox 3065 5579 3950 5654; x_wconf 35' lang='lat' dir='ltr'><strong>S.&#39;Cliurysostomiim_zcrreco§</strong></span> 
     </span>
    </p>
   </div>
   <div class='ocr_carea' id='block_1_120' title="bbox 2406 5639 3948 5715">
    <p class='ocr_par' dir='ltr' id='par_1_120' title="bbox 2406 5639 3948 5715">
     <span class='ocr_line' id='line_1_120' title="bbox 2406 5639 3948 5715; baseline -0.013 -11"><span class='ocrx_word' id='word_1_979' title='bbox 2406 5639 2672 5715; x_wconf 64' lang='lat' dir='ltr'><strong>sequ&#39;utuni,</strong></span> <span class='ocrx_word' id='word_1_980' title='bbox 2708 5654 2794 5697; x_wconf 84' lang='lat' dir='ltr'><strong>ista</strong></span> <span class='ocrx_word' id='word_1_981' title='bbox 2839 5658 2943 5693; x_wconf 89' lang='lat' dir='ltr'><strong>cum</strong></span> <span class='ocrx_word' id='word_1_982' title='bbox 2980 5639 3299 5701; x_wconf 83' lang='lat' dir='ltr'><strong>superioribus</strong></span> <span class='ocrx_word' id='word_1_983' title='bbox 3327 5639 3629 5700; x_wconf 81' lang='lat' dir='ltr'><strong>conjunxisse</strong></span> <span class='ocrx_word' id='word_1_984' title='bbox 3659 5653 3672 5687; x_wconf 84' lang='lat'><strong>:</strong></span> <span class='ocrx_word' id='word_1_985' title='bbox 3709 5640 3948 5688; x_wconf 74' lang='lat' dir='ltr'><strong>librarium</strong></span> 
     </span>
    </p>
   </div>
  </div>
