4066 6464
160 415 264 468 243

153 519 354 586 δρίζου.
380 516 487 569 Καὶ
518 516 665 582 ἔστη.
707 510 857 575 Εἶδες
888 514 939 567 τί
982 515 1124 567 ἐστιν
1150 515 1268 582 ὕψις
1302 514 1561 582 ἀγγέλου;
1592 516 1681 585 Μὴ

152 605 366 673 νομίσῃς
403 605 595 673 χαλκὸν
621 599 754 657 εἶναι
779 605 835 655 τὸ
856 605 1145 673 δρώμενον,
1181 605 1311 673 μηδέ
1337 605 1571 673 χρυσίον.
1589 606 1683 667 Τίς

152 692 251 759 γὰρ
276 692 371 743 οὐκ
399 693 461 742 ἂν
483 691 691 757 ἐνέγκοι
721 691 922 742 τούτων
950 692 1047 760 τὴν
1080 692 1199 758 ὄψιν
1224 710 1237 755 ;
1264 691 1540 759 Πανταχοῦ
1577 693 1683 761 γὰρ

152 776 204 827 τὸ
239 776 350 841 φῶς
373 778 562 828 κεῖται.
598 776 749 827 Ἐπεὶ
783 776 958 827 τοίνυν
986 777 1306 844 ἀπεστάλην,
1334 776 1685 845 προσημαίνω

152 862 299 913 τοῦτο
324 863 495 930 μόνον,
520 862 671 931 φησὶ,
703 862 775 931 μὴ
801 862 1111 933 διαφθείρῃς
1144 864 1240 933 τὴν
1278 863 1456 932 χάριν.
1494 866 1684 918 Ἠκού-

153 954 379 1015 σθησαν
397 954 449 1003 οί
463 954 628 1019 λόφοι
648 966 783 1015 σου,
802 951 897 1003 καὶ
919 950 1030 1019 ἐγὼ
1053 948 1240 1018 ἦλθον
1252 952 1321 1003 έν
1340 951 1461 1016 τοῖς
1484 953 1683 1019 λόγοις

152 1055 277 1090 σου.
306 1039 366 1090 Τί
393 1038 497 1107 γὰρ
525 1038 837 1108 παρεκάλει,
871 1040 963 1090 καὶ
993 1038 1043 1090 τί
1076 1038 1271 1101 ἑδείτος
1307 1040 1414 1091 Καὶ
1441 1041 1544 1109 μὴν
1563 1040 1681 1109 οὐχὶ

150 1128 311 1179 ταῦτα
330 1127 469 1195 αὑτῷ
501 1126 693 1193 λέγεις,
728 1127 845 1179 οὐδὲ
874 1126 1108 1180 τοιοῦτον
1144 1128 1312 1180 οὐδέν.
1349 1129 1498 1194 Τάχα
1524 1129 1673 1179 ἐϐού-

150 1215 261 1266 λετο
289 1216 470 1283 μαθεῖν
496 1214 731 1283 ἀκριϐῶς
757 1214 847 1287 τὸν
872 1216 1076 1284 χρόνον,
1102 1216 1193 1267 καὶ
1227 1216 1287 1267 τὸ
1320 1218 1457 1283 μετὰ
1486 1217 1676 1271 ταῦτα.

150 1306 245 1357 Kal
263 1309 296 1358 ὀ
316 1304 505 1370 ἄρχων
518 1304 626 1369 τῆς
645 1305 981 1367 βασιλείας,
1000 1306 1149 1373 φησὶ,
1169 1303 1411 1370 Περσῶν
1423 1306 1679 1370 εἱστήκει

150 1393 209 1455 ἐξ
234 1394 500 1457 ἐναντίας
518 1410 655 1460 μου.
678 1390 820 1461 Ἀρα
850 1394 922 1462 μὴ
947 1394 1036 1444 τὸν
1062 1392 1166 1445 τῶν
1186 1393 1480 1463 ἀνθρώπων
1508 1395 1680 1461 λέγων

151 1484 370 1550 ἄρχοντα
389 1500 401 1548 ;
417 1484 694 1551 Οὐδαμῶς.
718 1484 823 1536 Καὶ
844 1483 950 1551 γὰρ
971 1484 1199 1551 ἀλλαχοῦ
1217 1484 1379 1551 λέγει·
1412 1486 1471 1537 '0
1486 1486 1680 1553 ἅρχων

151 1572 254 1624 τῶν
289 1573 581 1637 Ἑλλήνων
608 1572 877 1638 ἐξῆλθεν.
912 1573 1059 1639 Ἐμοὶ
1086 1572 1229 1623 δοκεῖ
1251 1569 1398 1636 οὗτος
1419 1575 1516 1627 οὐκ
1545 1572 1679 1627 εἶναι

150 1658 245 1707 τῶν
269 1659 551 1725 ἀρχόντων,
581 1658 698 1709 οὐδὲ
731 1658 837 1709 τῶν
877 1660 1311 1726 ἐπιτεταγμένων
1344 1660 1512 1723 ἔθνος.
1546 1662 1678 1715 ἀλλά

150 1746 245 1797 τῶν
282 1748 385 1797 ἀνω
405 1746 698 1814 δυνάμεων.
733 1742 862 1798 Εἶτα
882 1747 1095 1798 ἐπειδὰν
1118 1749 1216 1799 οὐκ
1243 1748 1421 1817 ἴσχυον
1444 1753 1491 1802 οί
1514 1752 1677 1818 ἀγγε-

150 1840 220 1891 λοι
250 1841 389 1891 ἄλλοι
438 1841 748 1908 ἀντιστῆναι
778 1839 955 1908 αὐτῷ,
990 1840 1158 1909 τούτῳ
1190 1840 1422 1907 λέγεται.
1463 1844 1678 1896 Ἀπελύ-

150 1931 327 1999 θησαν,
353 1932 506 2000 φησί·
532 1933 584 1984 τί
616 1931 775 1984 πάλιν
807 1930 1013 2000 (neck;
1047 1932 1155 1984 Kal
1191 1933 1317 1987 ιδοὺ
1344 1935 1580 2003 Μιχαὴλ
1596 1933 1680 2002 εἷς

148 2024 255 2075 τῶν
274 2026 572 2091 ἀρχόντων
612 2023 724 2076 τῶν
749 2023 994 2091 πρώτων
1026 2022 1172 2094 ἦλθε
1201 2027 1507 2094 ,βοηθῆσαί
1529 2047 1629 2097 μοι
1664 2047 1673 2060 ·

150 2120 233 2169 καὶ
258 2119 433 2169 αὐτὸν
448 2116 767 2169 κατέλιπον
796 2116 922 2169 ἐκεῖ
941 2118 1089 2184 μετὰ
1118 2122 1221 2172 τοῦ
1256 2119 1539 2187 ἄρχοντος
1563 2122 1677 2184 ,βα-

150 2213 349 2277 σιλέως
396 2211 657 2279 Περσῶν.
707 2212 813 2265 Kal
862 2208 1050 2280 ἦλθον
1086 2214 1398 2265 συνετίσαι
1447 2230 1518 2267 σε
1565 2214 1680 2267 ὅσα

148 2306 532 2372 ἀπαντήσεται
551 2304 629 2368 τῷ
660 2304 785 2369 λαῷ
822 2320 935 2358 σου
979 2306 1069 2357 ἐπ’
1102 2305 1371 2373 ἐσχάτων
1390 2306 1507 2359 τῶν
1534 2310 1677 2377 ἠμε-

144 2399 273 2465 ρὼν,
307 2399 387 2450 ὅτι
430 2398 557 2450 ίδοὺ
590 2399 628 2464 ή
680 2399 884 2464 ὅρασις
912 2400 996 2462 είς
1026 2399 1265 2465 ἡμέρας.
1319 2401 1469 2462 Τίνος
1498 2402 1678 2457 ἕνεκεν

150 2493 242 2562 πρὸ
269 2494 369 2545 τῶν
402 2493 568 2544 εἴκοσι
598 2491 815 2561 ἡμερῶν
850 2492 947 2543 οὐκ
977 2488 1134 2561 ἦλθεν
1164 2492 1193 2542 ὁ
1224 2493 1472 2562 Μιχαήλ;
1522 2494 1679 2564 Ἐμοὶ

149 2587 296 2648 δοκεῖ,
326 2586 487 2650 δεῖξαι
520 2586 762 2653 βούλεται
793 2584 868 2653 τῷ
898 2586 1169 2653 προφήτῃ,
1206 2586 1284 2636 ὅτι
1331 2587 1677 2655 κεκωλυμένα

150 2681 427 2748 πράγματα
458 2682 595 2733 αίτεϊ
623 2680 712 2730 καὶ
735 2680 1017 2748 παράνομα
1050 2680 1141 2730 καὶ
1166 2682 1674 2749 κατηναγκασμένα,

154 2774 405 2841 μονονουχὶ
435 2774 528 2825 καὶ
556 2774 664 2833 τοῖς
709 2770 955 2836 ἀγγέλοις
1011 2770 1129 2838 βίαν
1181 2771 1366 2825 ποιῶν.
1394 2773 1492 2824 Διά
1523 2774 1677 2828 τοῦτο

150 2866 256 2917 οὐδὲ
286 2866 495 2935 Μιχαὴλ
531 2864 731 2925 εὐθέως
764 2865 819 2915 ἐν
848 2864 986 2932 ἀρχῇ
1026 2863 1226 2931 βοηθεῖ,
1274 2864 1387 2915 ἀλλ’
1429 2864 1672 2937 ὕστερον,

153 2958 227 3010 ἵνα
264 2959 495 3027 μάθωσιν
532 2960 611 3010 δτι
644 2957 742 3007 οὐκ
788 2951 925 3024 ἦσαν
960 2956 1096 3019 ἄξιοι
1146 2955 1383 3010 ἀνελθεῖν
1435 2958 1483 3009 ol
1542 2960 1675 3027 μετά

151 3052 323 3104 ταῦτα.
361 3050 686 3104 Ἀδικοῦνται
715 3052 761 3102 οί
799 3050 1035 3117 ἄγγελοι.
1077 3051 1184 3103 Kal
1219 3051 1407 3103 αὑτὸν
1436 3050 1677 3119 ἀφῆκαν

152 3144 275 3210 ἐκεῖ,
305 3146 437 3197 ὥστε
479 3146 511 3215 ἢ
560 3146 762 3207 πείσαι,
803 3143 835 3212 ἢ
888 3143 1143 3195 κωλῦσαι.
1186 3145 1294 3196 Kal
1328 3145 1411 3206 τίς
1450 3144 1675 3212 ἀγγελος

152 3238 394 3299 τοιοῦτος,
438 3238 510 3299 ὡς
555 3236 789 3299 ἀκούσας
820 3235 912 3288 τοῦ
964 3237 1096 3289 Θεοῦ
1141 3238 1317 3301 δόντος
1362 3240 1457 3309 τὴν
1487 3240 1673 3309 χάριν,

152 3330 471 3397 ἀντιστῆναι;
519 3330 918 3398 Σωματοποιεί,
954 3330 1027 3391 ώς
1074 3326 1244 3399 οἶμαι,
1301 3332 1358 3383 τὸ
1410 3335 1674 3402 πρᾶγμα,

155 3422 321 3493 ὥσπερ
348 3426 459 3476 ἐκεῖ
593 3422 738 3493 ἐπεὶ]
785 3422 965 3489 ἔλεγε*
1001 3425 1094 3487 Τίς
1133 3424 1542 3490 ἐξελεύσεται,
1579 3426 1676 3479 καὶ

162 3520 432 3583 ἀπατήσει
454 3536 553 3587 μοι
583 3518 687 3570 τὸν
737 3516 945 3584 Ἁχαάϐ
963 3533 980 3579 ;
1005 3517 1109 3568 Καὶ
1142 3519 1298 3571 πάλιν
1325 3534 1339 3547 ·
1376 3521 1555 3589 ’Ἄφες
1577 3537 1673 3587 με,

155 3612 237 3663 καί
271 3614 561 3680 ἐξαλείψω
603 3613 840 3677 αὐτούς.
896 3612 968 3664 υύ
1019 3612 1284 3666 κωλύεται
1312 3616 1340 3667 ὁ
1368 3613 1527 3678 Θεὸς,
1559 3616 1674 3667 οὐδὲ

155 3706 374 3775 ἀνάγκην
421 3707 651 3774 πάσχει,
692 3706 1045 3773 κατεχόμενος
1089 3706 1189 3757 ὑπὸ
1235 3704 1327 3758 τοῦ
1374 3710 1671 3777 προφήτου.

156 3801 292 3853 Οὕτω
336 3802 397 3871 δὴ
449 3801 542 3853 κα)⁸
575 3799 823 3852 ἐνταῦθα.
873 3800 979 3851 Καὶ
1027 3800 1181 3851 πάλιν
1222 3801 1451 3869 ἀλλαχοῦ
1496 3818 1669 3871 φησι·

157 3894 318 3961 ’Δφες
332 3911 425 3962 με,
463 3895 549 3946 ὅτι
573 3894 751 3961 ἀνέϐη
777 3896 809 3947 ό
834 3893 1054 3961 ὄρθρος.
1085 3890 1236 3962 [252]
1261 3894 1369 3945 Καὶ
1399 3894 1557 3946 πάλιν
1584 3896 1674 3947 ἐπὶ

154 3989 231 4041 τοῦ
266 3989 484 4056 ἀγγέλου
530 3989 621 4041 καὶ
653 3988 747 4059 τῆς
788 3988 935 4039 δνου·
983 3989 1050 4039 ει
1085 3986 1169 4053 μὴ
1206 3989 1526 4054 πρόσωπόν
1560 4004 1673 4042 σου

154 4083 366 4146 ἔλαϐον,
389 4082 565 4151 φησιν.
595 4081 704 4133 Οὐκ
731 4081 836 4150 ἀρα
873 4079 1029 4132 τοῦτο
1070 4079 1334 4131 δείκνυσιν
1360 4082 1517 4133 αὐτὸν
1550 4082 1674 4134 ἀνθ-

158 4178 413 4246 ιστάμενον
454 4176 533 4246 τῷ
578 4174 714 4243 Θεῷ,
752 4175 866 4226 ἀλλ’
892 4174 947 4226 ἓν
984 4174 1176 4242 μόνον,
1224 4174 1304 4225 ὅτι
1346 4175 1669 4229 ἀδικοῦνται.

154 4269 373 4323 Τοσαῦτα
403 4272 616 4340 ίσχυσεν
640 4269 669 4320 ό
694 4268 903 4337 Δανιήλ.
934 4266 1240 4334 Κατῆλθον
1257 4270 1567 4323 συνετίσαι
1602 4283 1674 4321 σε

156 4362 253 4417 εσα
276 4365 669 4430 ἀπαντήσεται
684 4361 761 4427 τῷ
784 4360 908 4426 λαῷ
938 4376 1072 4415 σου.
1090 4363 1227 4431 Ὀρα
1257 4363 1371 4426 πῶς
1386 4364 1675 4430 ἀναγκαῖον

158 4459 359 4527 πρᾶγμα
409 4458 602 4525 ἀφεὶς,
652 4456 992 4522 ἀπολογεῖται
1047 4455 1123 4525 τῷ
1176 4458 1445 4528 προφήτῃ.
1509 4459 1673 4511 Πάλιν

155 4550 431 4612 ἐξίσταταν
470 4552 628 4605 πάλιν
660 4552 817 4603 αὑτὸν
856 4551 1119 4619 ἀνίστησι,
1178 4552 1269 4604 καί
1326 4568 1487 4623 φησιο
1539 4554 1675 4623 Ἑπῦ

156 4648 443 4715 πορεύομαι
492 4645 596 4698 τοῦ
662 4644 996 4713 πολεμῆσαι
1032 4646 1179 4713 μετὰ
1232 4647 1337 4700 τοῦ
1388 4648 1675 4717 ἄρχοντος

160 4740 389 4804 Περσῶν.
417 4739 524 4792 Kal
546 4739 657 4805 ἐγὼ
679 4737 1131 4805 έξεπορευόμην,
1174 4742 1268 4792 καὶ
1302 4743 1333 4792 ό
1350 4741 1545 4808 ἄρχων
1561 4743 1675 4793 τῶν

166 4832 447 4899 Ἑλλήνων
478 4832 710 4899 ἤρχετο.
753 4834 910 4893 Ἴσως
944 4832 1057 4894 ἐνὸς
1106 4833 1212 4882 τῶν
1257 4835 1674 4902 ἐναντιουμένων

157 4925 233 4975 ἐπὶ
280 4930 384 4989 τοῖς
430 4928 703 4995 ἐσομένοις
732 4965 746 4989 ,
804 4926 945 4977 ὥστε
999 4928 1107 4986 τοῖς
1141 4924 1280 4977 κατὰ
1342 4927 1674 4979 Μακεδονίαν

156 5020 451 5088 πολεμῆσαι.
476 5021 582 5071 Kal
612 5018 761 5072 οῦπω
780 5019 1043 5072 πείθεται.
1082 5020 1317 5088 Πόλεμος
1346 5021 1401 5071 ἐν
1428 5020 1675 5086 ἀγγέλοις

155 5114 267 5175 ἐστὶ,
302 5114 443 5182 μάχη
476 5112 601 5181 περὶ
636 5111 966 5181 ἀνθρώπων;
1017 5114 1140 5165 Ναί.
1173 5114 1318 5168 Πάνυ
1359 5114 1462 5183 γὰρ
1500 5114 1677 5166 αὐτῶν

155 5206 401 5273 κήδονται.
449 5206 613 5259 υῦπω
676 5206 917 5275 ἐπείσθη.
974 5208 1180 5275 Ὠσπερ
1232 5208 1297 5260 ἂν
1353 5209 1492 5261 εἴποι
1560 5226 1671 5271 τις·

159 5300 668 5372 ’Λναγκάζομαιτῷδε
702 5300 1089 5369 φιλονεικῆσαι.

684 5422 924 5474 ΚΕΦΑΛ.
952 5423 1053 5475 ΙΑ’.

214 5553 555 5623 Καίέτένετο
576 5552 644 5607 έν
664 5552 777 5606 έτει
800 5553 999 5620 πρώτῳ
1018 5554 1234 5619 Κύρου,
1247 5552 1359 5622 ἐγὼ
1380 5556 1563 5623 ἔστην
1592 5561 1675 5621 είς

158 5644 341 5713 κρότος
360 5647 455 5703 καί
472 5648 673 5713 ισκύν.
686 5647 788 5701 Kal
807 5648 919 5701 νῦν
938 5646 1240 5715 ἀναγγελῶ
1256 5664 1351 5702 σοι
1371 5651 1669 5717 ἀλήθειαν.

1495 408 1559 463 ΙΝ
1596 408 1955 466 DANIELEH.

3201 432 3306 485 244

1783 517 1891 569 Kal
1929 516 2066 583 τότε,
2115 519 2266 589 φησὶ,
2299 519 2472 583 σώσας
2504 521 2611 587 ἐγώ
2636 523 2768 591 είμι.
2808 525 2923 577 Ἵνα
2950 526 3055 597 γὰρ
3078 528 3151 597 μὴ
3183 531 3313 604 λέγῃ

1776 626 1890 673 τις·
1917 611 1983 663 Τί
2024 610 2115 666 οὖν
2151 615 2416 684 πολεμεῖςς
2449 617 2500 667 τί
2528 612 2639 680 οῦν,
2677 619 2741 670 ἂν
2772 620 2843 689 μὴ
2875 624 3126 692 νικήσῃςς
3162 627 3312 695 Οὐχὶ,

1779 708 1929 779 φησί.
1955 710 2064 764 Kal
2089 712 2208 765 τότε
2246 712 2353 779 ἐγὼ
2377 714 2553 766 αὐτῶν
2573 717 2858 785 προέστην.
2910 720 3015 770 Kal
3048 724 3155 773 οὐκ
3185 722 3318 774 ἐστι

1779 808 1905 875 γὰρ,
1938 809 2088 878 φησὶ,
2121 805 2207 875 εἷς
2224 812 2612 879 ἀντεχόμενός
2634 831 2733 879 μοι
2756 817 2883 881 περὶ
2922 820 3159 884 τούτων,
3178 821 3316 873 ἀλλ’

1776 904 1815 971 ἦ
1848 906 2087 974 Μιχαὴλ
2115 910 2148 961 ό
2180 908 2374 975 ἄρχων
2404 909 2616 961 αὐτῶν.
2668 911 2846 963 Ταῦτα
2877 913 3017 979 λέγει
3044 916 3127 967 ἵνα
3154 918 3314 988 πείσῃ

1776 1004 1969 1071 αὑτὸν,
2010 1005 2089 1057 ὅτι
2121 1005 2181 1057 οὐ
2212 1006 2462 1075 πολέμιός
2516 1008 2659 1060 ἐστιν
2688 1010 2831 1078 αὐτῷ
2857 1013 2945 1061 καὶ
2982 1012 3184 1079 ἐχθρὸς,
3221 1016 3313 1063 καὶ

1777 1103 1857 1155 δτι
1890 1106 2184 1174 πράγματα
2238 1109 2376 1159 αίτεί
2422 1108 2787 1176 κεκωλυμένα.
2836 1111 2943 1177 Οὐχ
2988 1112 3066 1160 ὅτι
3107 1110 3313 1178 βοηθῶν

1774 1204 1957 1255 δεῖται.
1996 1204 2116 1265 Πῶς
2147 1204 2291 1274 γάρ;
2330 1206 2607 1257 Δείκνυται
2649 1207 2727 1257 ὅτι
2780 1203 2927 1268 οὗτος
2969 1209 3065 1259 οὐκ
3100 1204 3165 1276 ἦν
3205 1211 3310 1260 τῶν

1772 1301 2060 1369 ἀρχόντων.
2080 1296 2210 1353 Εἶτα
2231 1303 2372 1369 λέγει
2397 1305 2569 1356 πάντα
2587 1305 2722 1372 μετὰ
2738 1306 3033 1374 ἀκριϐείας,
3058 1310 3146 1359 καὶ
3168 1308 3310 1374 λέγει

1773 1396 1933 1448 πόθεν
1957 1396 2011 1447 αἱ
2039 1391 2217 1465 ἧτται.
2268 1395 2396 1449 Είτα
2442 1400 2583 1465 λέγει
2611 1401 2707 1467 τὴν
2741 1402 3008 1469 σωτηρίαν
3053 1405 3145 1455 τοῦ
3182 1405 3309 1457 λαοῦ

1772 1492 1934 1544 αὑτοῦ
1963 1494 2019 1545 ἐν
2055 1496 2163 1555 τοῖς
2194 1494 2315 1563 ἑξῆς
2356 1496 2527 1547 καὶτὸ
2552 1498 2786 1565 δοκιμον.

2366 1657 2610 1710 ΚΕΦΑΛ.
2666 1660 2759 1713 ΙΒί.

1854 1775 1953 1827 Ἔν
1990 1774 2066 1839 τῷ
2099 1777 2566 1844 συντελεσθῆναι
2605 1779 3073 1849 διασκορπισμὸν
3117 1789 3313 1854 χειρὸς

1771 1872 1919 1925 λαοῦ
1944 1872 2321 1941 ἡγιασμένον,
2353 1874 2678 1942 γνώσονται
2701 1878 2883 1944 ἅγιον,
2914 1883 3005 1931 καί
3031 1888 3312 1936 συντελε-

1772 1970 2057 2035 σθήσεται
2082 1969 2264 2023 ταῦτα
2297 1969 2507 2023 πάντα.
2534 1972 2642 2023 Kal
2671 1973 2782 2040 ἐγὼ
2811 1974 3062 2039 ἤκουσα,
3096 1980 3190 2028 καὶ
3239 1982 3311 2031 οὐ

1771 2065 2031 2133 συνῆκα,
2062 2066 2156 2117 καὶ
2183 2062 2373 2119 εἷπον·
2404 2068 2597 2133 Κύριε,
2627 2070 2682 2120 τί
2715 2071 2782 2121 τὰ
2802 2072 3025 2139 ἔσχατα
3054 2075 3311 2137 τούτων;

1772 2166 1878 2215 Kal
1896 2159 2023 2215 εἶπε
2048 2179 2063 2194 ⁸
2088 2163 2287 2230 Δεῦρο,
2328 2164 2569 2229 Δανιὴλ,
2599 2164 2685 2217 ὅτι
2723 2168 2817 2217 καὶ
2850 2167 3311 2237 ἐμπεφραγμένοι

1772 2263 1824 2314 ol
1859 2262 2023 2329 λόγοι
2071 2261 2180 2326 ἕως
2225 2260 2425 2328 καιροῦ
2468 2261 2732 2329 πέρατος.
2776 2264 2926 2329 ’Ἑως
2964 2266 3312 2334 έκλεγῶσιν,

1772 2358 1864 2410 καί
1900 2358 2391 2425 έκλευκανθῶσιν,
2437 2359 2535 2412 καὶ
2579 2361 2884 2426 πηρωθῶσι
2931 2368 3165 2428 πολλοὶ,
3216 2368 3311 2419 καὶ

1772 2457 2154 2524 ἀνομήσωσιν
2178 2458 2401 2525 ἄνομοι,
2456 2458 2553 2509 καί
2600 2461 2671 2511 οὐ
2733 2460 3043 2525 συνήσωσι
3094 2464 3311 2527 πάντες

1770 2556 2021 2619 ἀσεϐεῖς,
2070 2556 2166 2608 καὶ
2213 2559 2266 2609 οί
2316 2557 2605 2623 νοήμονες
2637 2558 3006 2621 συνήσωσιν.
3055 2563 3161 2613 Kal
3192 2564 3307 2615 ἀπὸ

1770 2654 1974 2721 καιροῦ
1995 2654 2418 2721 παραλλάξεως
2437 2655 2541 2708 τοῦ
2562 2656 3006 2724 ἐνδελεχισμοῦ.
3024 2660 3118 2710 καί
3136 2660 3311 2727 δοθῆ-

1771 2768 1869 2805 ναι
1912 2751 2223 2819 ,ϐδέλυγμα
2263 2752 2625 2819 ἐρημώσεως,
2656 2754 2857 2821 ἡμέραι
2894 2758 3076 2822 χίλιαι
3110 2759 3307 2810 διακό-

1772 2862 1899 2902 σιαι
1952 2847 2371 2915 ἐννενήκοντα.
2422 2852 2719 2918 Μακάριος
2772 2856 2805 2906 δ
2858 2855 3167 2922 ὑπομένων
3211 2861 3309 2910 καί

1771 2946 2005 3014 φθάσας
2059 2948 2145 3012 είς
2208 2948 2427 3015 ἡμέρας
2505 2952 2700 3016 χιλίας
2759 2955 3093 3019 τριακοσίας
3159 2972 3310 3022 τριαο

1770 3047 2150 3100 κονταπέντε.
2201 3045 2309 3099 Kal
2352 3045 2433 3098 σὺ
2476 3046 2669 3113 δεῦρο,
2705 3050 2799 3101 καὶ
2830 3051 3138 3105 ἀναπαύου
3163 3071 3175 3083 -
3224 3053 3310 3106 έτι

1768 3142 1879 3210 γὰρ
1924 3144 2130 3211 ἡμέραι
2174 3147 2260 3209 είς
2312 3146 2735 3213 ἀναπλήρωσιν
2781 3150 3163 3212 συντελείας’
3212 3152 3309 3203 καί

1770 3242 2138 3305 ἀναπαύσεις
2171 3244 2275 3295 τὸν
2304 3247 2507 3310 καιρόν
2534 3260 2646 3299 σου
2674 3248 2759 3310 είς
2786 3247 3137 3301 συντέλειαν
3170 3249 3311 3315 ήμε-

1762 3340 1905 3407 ρῶν.
1938 3342 2043 3394 Καὶ
2070 3344 2153 3405 σὺ,
2183 3345 2333 3411 φησὶ,
2360 3345 2604 3396 κάθισον·
2643 3348 2777 3414 μετὰ
2802 3348 2905 3417 γὰρ
2938 3350 3121 3417 χρόνον
3146 3350 3311 3401 πολὺν

1769 3445 1941 3498 ταῦτά
1971 3447 2133 3499 ἐστιν.
2179 3449 2317 3517 ’Λρα
2344 3449 2402 3499 οὐ
2443 3451 2567 3518 περὶ¹
2606 3451 2703 3519 τῆς
2734 3452 2917 3503 ἀνόδου
2949 3453 3150 3523 θρηνεῖ,
3178 3454 3314 3507 ἀλλά

1772 3546 1907 3614 μετὰ
1943 3544 2002 3597 τὸ
2034 3544 2270 3597 ἀνελθεῖν
2299 3546 2554 3615 περὶτῶν
2590 3549 2929 3602 ἀνελθόντων.

2261 3658 2409 3729 [255]
2440 3661 2682 3711 ΚΕΦΑΛ.
2714 3662 2809 3714 ll".

1839 3776 1943 3828 Kal
1995 3777 2027 3827 ό
2078 3774 2371 3839 βασιλεὺς
2414 3776 2740 3843 Ἀστυάγης
2792 3779 3113 3847 προσετέθη
3165 3783 3313 3849 πρὸς

1769 3875 1908 3939 τοὺς
1946 3872 2200 3940 πατέρας
2249 3873 2465 3927 αὐτοῦ·
2508 3876 2604 3927 καὶ
2669 3877 3000 3942 παρέλαϐεν
3038 3880 3228 3946 Κῦρος
3280 3884 3313 3934 (ί

1770 3973 2003 4040 Πέρσης
2052 3972 2164 4040 τὴν
2204 3974 2525 4036 ,βασιλείαν
2574 3976 2775 4029 αὑτοῦ.
2810 3978 2914 4028 Kal
2973 3974 3050 4045 ἦν
3092 3979 3312 4046 Δανιὴλ

1771 4076 2100 4143 συμϐιώτης
2166 4074 2269 4127 τοῦ
2312 4076 2607 4141 ,ϐασιλέως
2633 4116 2647 4140 ,
2712 4080 2809 4130 καὶ
2861 4080 3105 4145 ἔνδοξος
3166 4084 3313 4151 ὑπὲρ

1771 4174 1997 4236 πάντας
2015 4173 2151 4238 τσὺς
2178 4174 2391 4241 φίλους
2428 4176 2631 4228 αὑτοῦ.
2662 4175 2740 4227 Τὰ
2764 4178 2901 4229 κατὰ
2925 4180 3013 4230 τὸν
3048 4180 3152 4251 Βὴλ
3183 4184 3315 4252 ἡμῖν

1770 4270 2070 4341 ἀνέγραψεν
2095 4271 2123 4323 ὁ
2147 4272 2362 4341 Δανιὴλ.
2400 4274 2523 4341 Οὐχ
2554 4273 2715 4339 ὁρᾷς,
2763 4278 2913 4345 φησὶ,
2946 4279 3103 4329 πόσα
3127 4279 3312 4331 ἐσθίει

1771 4369 1867 4423 καί
1900 4372 2096 4431 ulna;
2142 4369 2332 4434 Ba6al,
2362 4371 2544 4441 ἡλίκον
2574 4374 2867 4441 τεκμήριον
2896 4373 3033 4435 θεοῦ,
3064 4376 3153 4426 καὶ
3180 4376 3315 4443 γνώ-

1774 4487 1962 4541 ρισμα,
1980 4471 2040 4523 τὸ
2066 4470 2232 4523 πολλά
2250 4470 2445 4522 ἐσθίειν
2464 4475 2553 4522 καὶ
2578 4472 2765 4523 πίνειν.
2786 4472 2841 4523 '0
2857 4473 3049 4541 Δανιὴλ
3078 4476 3172 4525 οὐκ
3193 4472 3309 4527 εἷπε

1771 4568 1925 4621 τοῦτο
1951 4580 1979 4609 ι
2004 4584 2017 4600 ⁸
2101 4567 2267 4622 Τοῦτο
2294 4566 2384 4621 οῦν
2421 4568 2566 4625 Θεὸς.
2597 4568 2713 4619 είπέ
2744 4586 2866 4637 μοι;
2958 4571 3182 4641 ἀσθενὴς
3206 4574 3317 4644 γὰρ

1770 4662 1838 4737 ἦν
1871 4668 2103 4729 ἐκεῖνος·
2158 4668 2270 4720 ἀλλ’
2300 4668 2361 4718 ἐκ
2395 4666 2701 4733 περιουσίας
2731 4667 2994 4737 ἐνίκησεν.
3038 4670 3176 4737 Ἐγώ
3232 4688 3312 4724 σοι

1773 4765 1861 4816 τὸν
1892 4765 2020 4817 Θεὸν
2064 4764 2194 4835 [τὸν]
2230 4765 2485 4816 κτίσαντα
2517 4767 2605 4817 τὸν
2644 4766 2868 4835 οὐρανὸν
2906 4767 3044 4834 λέγω
3096 4770 3186 4821 καὶ
3216 4772 3315 4839 τὴν

1773 4864 1908 4930 γῆνυ
1942 4867 2003 4915 σὺ
2033 4864 2087 4915 δέ
2130 4880 2215 4931 μοι
2255 4864 2487 4932 γαστέρα
2545 4865 2871 4933 μαινομένην
2922 4866 3184 4935 παράγεις
3237 4870 3313 4929 είς

1779 4962 1935 5030 μέσον
1960 4978 1973 5025 ;
1998 4962 2164 5013 Τοῦτο
2198 4962 2425 5031 μάλιστα
2440 4962 2536 5013 οὐκ
2559 4962 2622 5013 ἂν
2643 4964 2726 5029 εἴη
2758 4963 2919 5014 Θεοῦ·
2954 4964 3081 5025 Θεὸς
3113 4965 3217 5034 γὰρ
3252 4966 3312 5016 οὐ

1777 5060 2033 5121 πεινάσει,
2047 5059 2106 5110 οὐ
2126 5060 2390 5113 κοπιάσει.
2409 5060 2543 5112 Ἀλλ’
2560 5062 2617 5111 οὐ
2643 5061 2881 5127 βούλεται
2896 5061 2999 5112 ἀπὸ
3020 5061 3311 5130 λογισμῶν,

1774 5161 1905 5213 ἀλλὰ
1937 5159 2041 5213 ἀπὸ
2090 5160 2422 5229 πραγμάτων
2454 5162 2623 5229 νικᾷν.
2671 5161 2776 5211 Καὶ
2817 5160 3079 5229 τιμωρίαν
3119 5160 3314 5229 ὥρισεν

1776 5256 1931 5317 αὐτὸς
1956 5257 1983 5308 δ
2012 5255 2275 5323 βασιλεῦς.
2302 5257 2455 5317 Τίνος
2482 5256 2659 5307 ἕνεκεν
2685 5256 2803 5325 οὐχὶ
2829 5256 3104 5325 παρόντων
3126 5256 3313 5317 ἐσθίει,

1775 5355 1884 5407 ἀλλ’
1915 5356 1970 5406 ἐν
1986 5355 2136 5407 νυκτί
2154 5372 2166 5419 ;
2186 5355 2305 5417 Πῶς
2323 5356 2511 5407 ἐκεῖνοι
2530 5354 2683 5405 τοῦτο
2695 5356 2751 5407 οὐ
2774 5356 3021 5419 συνεῖδον,
3044 5357 3123 5407 ὅτι
3145 5354 3311 5423 ἠμελ-

1841 5662 1862 5687 °
1891 5658 2056 5707 Τοῦτο.
2089 5658 2187 5710 Vox
2208 5657 2408 5713 inutilis,
2430 5655 2586 5703 forsan
2608 5655 2829 5703 delenda.
