4112 6500
212 444 317 498 245

205 538 383 590 Daniel
413 538 643 591 conviva
672 539 809 607 regis
828 581 841 602 ,
868 548 919 593 et
947 540 1204 609 gloriosus
1230 555 1387 609 super
1414 562 1596 602 omnes
1624 552 1757 603 ami-

202 639 288 678 cos
315 628 450 690 ejus.
492 644 512 676 ι
552 627 681 692 Quae
707 630 770 681 ad
804 629 983 683 Delum
1026 640 1264 699 spectant
1293 631 1569 705 descripsit
1613 639 1763 693 nobis

205 716 401 769 Daniel.
436 718 489 770 5.
528 717 711 771 Nonne
735 721 887 784 vides,
922 720 1124 788 inquit,
1153 733 1340 789 quanta
1367 727 1589 777 comedat
1610 738 1654 778 et
1683 728 1760 780 bi-

203 803 320 855 bat.’
343 804 523 871 Papze,
550 807 702 874 quale
722 816 1083 874 argumentum
1102 824 1163 863 ae
1184 811 1429 865 indicium
1452 813 1754 881 divinitatis,

202 893 361 944 multa
393 892 559 947 edere
590 909 652 947 ac
694 894 907 948 bibere!
945 896 1123 951 Daniel
1156 913 1256 951 non
1291 899 1422 952 dixit
1453 916 1465 951 :
1498 901 1757 969 lloccine,

202 993 375 1047 quaeso
395 1022 410 1046 ,
441 991 526 1034 est
558 983 731 1035 Deus?
758 982 1050 1038 imbecillus
1076 986 1216 1039 extim
1249 996 1362 1040 erat
1404 1004 1500 1041 rex
1531 1007 1543 1041 :
1574 990 1668 1043 sed
1695 1006 1759 1045 ex

202 1067 485 1121 abundanti
514 1070 661 1122 vicit.
694 1070 800 1139 Ego
831 1071 920 1125 tibi
968 1073 1126 1125 Deum
1153 1072 1291 1139 dico,
1320 1076 1407 1143 qui
1432 1079 1627 1131 creavit
1655 1094 1762 1132 eteo

204 1155 303 1207 lum
332 1166 385 1209 et
408 1164 644 1220 terram;
680 1168 731 1210 tu
760 1173 887 1212 vero
915 1159 1040 1211 mihi
1074 1170 1309 1214 ventrem
1339 1164 1546 1217 avidum
1575 1167 1761 1233 produ-

203 1246 274 1298 cis
313 1246 365 1298 in
417 1246 691 1301 medium?
721 1248 828 1301 Hoc
878 1250 1102 1303 maxime
1132 1249 1221 1303 Dei
1250 1266 1368 1305 esse
1414 1268 1514 1307 non
1543 1263 1756 1323 potest:

202 1334 333 1386 Deus
376 1335 645 1404 siquidem
690 1352 793 1390 non
821 1337 1036 1403 esuriet,
1069 1355 1172 1393 non
1215 1340 1531 1410 fatigabitur.
1565 1345 1757 1400 Verum

204 1423 493 1476 rationibus
524 1425 845 1478 contendere
886 1442 988 1479 non
1016 1428 1124 1480 vult
1148 1470 1162 1493 ,
1193 1430 1281 1483 sed
1308 1432 1463 1486 rebus
1492 1434 1670 1489 vincit.
1697 1436 1761 1490 Et

207 1512 515 1579 supplicium
566 1514 678 1580 ipse
722 1529 813 1567 rex
861 1514 1115 1570 definivit.
1159 1515 1271 1582 Qua
1315 1520 1380 1573 de
1408 1536 1563 1575 causa
1604 1523 1759 1579 Delus

204 1653 312 1689 vero
332 1654 394 1689 ex
422 1641 633 1713 Vulgata
651 1645 930 1750 apposuisse
952 1652 1110 1694 notam
1125 1649 1299 1717 capitis
1322 1662 1333 1695 :
1371 1649 1417 1718 id
1452 1650 1596 1697 etiam
1628 1659 1761 1712 patet

204 1712 263 1747 ex
287 1714 345 1748 eo
363 1703 492 1750 quod
518 1713 661 1750 canui
688 1705 705 1750 l
766 1705 1007 1750 Draeﬁxum
1027 1715 1101 1750 est
1122 1721 1169 1750 in
1184 1719 1294 1750 meo
1310 1708 1574 1750 Carneade
1595 1719 1641 1750 ιι»
1672 1713 1759 1750 nm

204 1712 265 1768 ex
287 1703 496 1768 eoguod
518 1704 661 1763 capiti
688 1703 750 1768 12
766 1705 1007 1768 praefixum
1027 1715 1101 1754 est
1122 1709 1169 1753 in
1184 1703 1294 1754 ineo
1310 1708 1499 1768 Codice,
1513 1722 1575 1768 ιβ’.
1595 1703 1658 1766 af.
1672 1713 1761 1762 hoc

205 1767 291 1816 est,
328 1759 403 1808 12'.
444 1762 544 1826 H._
571 1759 831 1811 Secundum
871 1766 995 1826 quod
1031 1774 1241 1813 notatum
1264 1765 1426 1825 velim,
1456 1759 1502 1815 in
1529 1759 1585 1816 ea
1608 1759 1759 1822 videri

204 1832 307 1879 esse
329 1822 578 1868 sententia
600 1831 813 1870 nostrum
834 1822 1075 1879 Joannem,
1100 1832 1153 1871 ut
1198 1822 1440 1875 existimet
1463 1828 1586 1875 hunc
1608 1834 1758 1879 versi-

203 1878 352 1925 culum
373 1881 632 1957 pertinJere
660 1878 1138 1957 Aadhistoﬁriamﬂbeli,
1166 1890 1239 1957 ‘et
1264 1888 1334 1957 ad
1367 1886 1483 1957 Cyri.
1508 1878 1756 1956 tempora;

202 1939 471 1986 nouantem
497 1939 557 1987 ad
583 1941 822 1987 historiam
860 1948 1097 1999 Susannze,
1126 1939 1184 1992 et.
1220 1944 1277 1991 ad
1309 1939 1757 1999 Danielisjuventul

202 2002 295 2068 t_em
318 2012 329 2044 :
350 1998 489 2068 atqui
513 2011 657 2068 supra
681 2001 890 2068 't‘om._2,
918 2009 969 2049 et
992 1998 1186 2050 ttomilia
1209 2006 1425 2068 prima__in
1449 1998 1676 2056 I’salmum
1698 2013 1759 2061 50

204 2061 323 2130 Tom.
350 2059 405 2130 5,
422 2059 470 2104 in
498 2059 735 2130 contraria
753 2061 865 2130 abit,
888 2072 947 2130 _ac
967 2074 1135 2130 parum
1157 2059 1477 2130 verisimiliter
1494 2070 1656 2130 scribit
1675 2059 1759 2119 Da-

206 2115 373 2187 nieleni
392 2123 508 2163 tunc
529 2119 757 2187 temporis
777 2115 1106 2187 duOdecimum
1128 2123 1280 2169 aetatis
1293 2136 1467 2172 annum
1485 2115 1663 2187 egisse.
1676 2115 1757 2187 iis

206 2144 373 2162 mucu-
394 2144 508 2163 wuu
529 2144 702 2177 usus“):
718 2144 757 2165 la
777 2144 1106 2168 uuuucuulutu
1128 2144 1280 2169 anuus
1293 2144 1467 2172 auuum
1485 2144 1663 2187 egisse,
1708 2144 1757 2178 ω

204 2180 275 2243 est
297 2176 839 2243 etiamfseudo-lgnatit
859 2191 1021 2243 error._
1035 2189 1127 2229 Nec
1148 2194 1433 2243 quemquam
1456 2199 1652 2236 movere
1673 2144 1759 2237 ge-

204 2232 281 2281 bat
302 2233 405 2284 haec
425 2232 718 2294 diversitas:
732 2240 779 2284 in
800 2251 858 2287 re
881 2241 1124 2301 praecipue
1142 2232 1267 2289 adeo
1285 2232 1511 2293 obseura.

1622 441 1688 496 ΙΝ
1727 443 2087 503 DANIELEM.

3317 484 3425 537 246

1870 555 2039 621 palam
2062 566 2114 610 et
2133 566 2255 612 ante
2277 560 2457 614 oculos
2479 563 2711 619 omnium
2735 582 2837 622 non
2856 572 3099 639 comedit,
3125 577 3217 631 sed
3235 582 3416 635 noctu?

1868 642 2139 706 Quomodo
2161 648 2459 703 sacerdotes
2502 666 2605 705 non
2639 656 3020 722 perspiciebant
3064 676 3122 717 se
3148 679 3243 733 per
3269 680 3411 725 suam

1868 734 2119 787 fallaciam
2146 737 2438 791 convictum
2461 739 2559 792 iri?
2582 741 2800 806 Quando
2825 745 2958 801 Deus
2974 750 3259 820 dispensat,
3282 758 3412 812 nihil

1866 820 2091 875 mireris.
2122 823 2207 876 2L
2236 824 2303 877 Et
2328 827 2505 879 occidit
2524 828 2656 893 illos,
2690 832 2874 901 inquit.
2901 836 3034 901 Quid
3062 840 3219 907 igitur
3243 843 3412 898 adhuc

1866 907 1931 959 de
1957 908 2219 962 dracone?
2267 912 2492 967 belluam
2539 918 2726 985 aliquis
2774 922 2993 975 adorat?
3032 924 3180 982 Illum
3228 930 3409 987 Daniel

1866 997 2143 1053 interfecit.
2175 1000 2333 1055 Vides
2359 1018 2514 1071 quam
2556 1006 2861 1072 dementes,
2908 1029 3061 1080 quam
3092 1017 3262 1085 ignavi
3304 1024 3410 1075 sint

1864 1099 2013 1153 reges
2029 1088 2302 1144 Persarum
2316 1094 2339 1143 '1'
2353 1093 2440 1148 29.
2471 1093 2693 1147 Tradidit
2712 1096 2983 1153 Danielem.
3002 1104 3165 1167 Quam
3185 1108 3252 1160 ob
3273 1124 3406 1175 rem,

1864 1185 1982 1242 post
2006 1177 2275 1233 victoriam
2297 1182 2427 1237 adeo
2450 1184 2738 1239 illustrem?
2759 1188 2843 1241 55.
2876 1191 3200 1247 Ambacumua
3220 1206 3405 1263 autem,

1866 1264 2063 1331 inquit,
2098 1271 2362 1335 prandium
2388 1273 2551 1324 attulit
2589 1273 2805 1328 Danicli.
2857 1276 3024 1332 Cerne
3071 1284 3402 1339 miraculum.

1863 1351 2046 1409 Nonne
2072 1360 2208 1409 enim
2241 1369 2440 1426 poterat
2468 1361 2541 1413 illi
2568 1362 2777 1417 aliunde
2819 1365 2989 1419 afferri
3018 1370 3162 1422 cibus
3181 1411 3195 1433 ,
3236 1389 3390 1440 quam

1864 1460 1892 1497 a
1922 1444 2146 1500 Iudaea?
2190 1449 2299 1502 Hoc
2340 1459 2545 1519 gratum
2592 1464 2704 1506 erat
2758 1456 3063 1523 prophetae,
3110 1474 3174 1514 ne
3223 1463 3404 1516 eadem

1865 1534 2051 1589 iterum
2074 1548 2252 1606 ageret
2276 1582 2289 1605 ,
2314 1557 2429 1609 quas
2455 1543 2551 1595 sub
2577 1544 2816 1597 eunucho
2837 1545 3051 1612 fecerat,
3076 1564 3207 1602 neve
3229 1553 3407 1605 existi-

1864 1637 2013 1679 mans
2062 1640 2297 1680 mensam
2349 1631 2595 1696 pollutam
2642 1645 2803 1696 esse,
2854 1634 3042 1688 famem
3090 1638 3405 1694 intenderet.

1864 1710 2013 1766 Unde
2040 1716 2251 1781 agnovit
2278 1717 2681 1771 Ambacumum?
2710 1720 2785 1772 Ex
2829 1720 3082 1776 affinitate
3114 1725 3300 1792 lingua:
3344 1742 3406 1780 ac

1865 1799 2030 1854 vocis.
2061 1801 2285 1856 Futurus
2310 1812 2424 1857 erat
2453 1805 2539 1858 ille
2562 1807 2789 1860 maxime
2814 1810 3049 1862 miraculi
3075 1827 3245 1878 praeco
3270 1817 3404 1880 apud

1862 1903 1953 1943 eos
1995 1892 2083 1958 qui
2129 1893 2178 1944 in
2206 1892 2387 1946 Judzea
2434 1893 2758 1949 habitabant.
2792 1896 2888 1962 Qui
2918 1900 3082 1966 potuit
3120 1900 3276 1956 homo
3303 1919 3403 1958 non

1862 1978 2046 2033 timere
2073 1980 2249 2035 feras?
2276 1980 2370 2034 Hic
2396 1982 2605 2049 quidem
2633 1986 2956 2049 comedebat,
2992 1989 3093 2041 illa:
3120 2006 3240 2043 vero
3262 1993 3403 2059 jeju-

1862 2068 2073 2119 nabant.
2105 2069 2266 2132 Esto,
2297 2084 2515 2137 corpore
2544 2072 2642 2124 viri
2665 2073 2790 2138 justi
2835 2075 3215 2130 abstinuerint:
3244 2094 3405 2145 quare

1861 2154 2016 2207 etiam
2063 2155 2395 2209 abstinebant
2440 2159 2597 2211 cibo?
2649 2159 2819 2213 Veluti
2868 2176 3049 2215 camus
3098 2165 3307 2231 quidam
3338 2181 3399 2219 ac

1860 2240 2062 2295 frenum
2093 2244 2206 2297 illas
2240 2246 2558 2299 continebat.

215 2374 3357 2430 %

1247 2723 1347 2783 AD
1398 2725 1806 2788 HOMILIAM
1854 2730 2344 2802 SEQUENTEM.

203 2956 302 3025 ille,
328 2961 483 3030 cujus
529 2963 929 3026 strenuitatem,
971 2978 1199 3017 acumen
1226 2964 1447 3034 ingenii,
1494 2975 1652 3034 atque
1676 2967 2016 3039 διαλεκτικὴν
2043 2972 2247 3039 experti
2284 2987 2425 3042 sape
2461 2974 2690 3028 fuerant.
2721 2974 2871 3030 Unde
2906 2976 3118 3031 mireris
3148 2977 3380 3034 Flaviani

201 3093 526 3163 modestiam,
564 3098 840 3166 pietatem,
891 3098 1052 3151 animi
1083 3100 1484 3169 ingenuitatem,
1532 3100 1622 3169 qui
1661 3116 1718 3155 se
1746 3117 1777 3155 a
1816 3105 2123 3175 presbytero
2163 3122 2261 3161 suo
2291 3108 2392 3163 sibi
2421 3110 2636 3163 subdito
2678 3112 2749 3164 ita
2779 3112 3006 3167 libenter
3041 3113 3297 3169 fateretur
3325 3127 3380 3173 et

199 3227 425 3283 doctrina
452 3239 509 3283 et
539 3230 845 3298 eloquentia
876 3243 1136 3298 superari.
1172 3227 1581 3298 Chrysostomus
1612 3246 1760 3295 vero,
1795 3241 1853 3286 ut
1876 3244 1991 3288 erat
2016 3236 2341 3300 moderatus,
2372 3245 2427 3290 et
2452 3251 2482 3290 a
2513 3239 2724 3306 propria
2768 3240 2923 3294 laude
2946 3242 3174 3311 alienus,
3222 3246 3377 3301 initio

200 3361 533 3418 vehementer
558 3362 804 3432 queritur
845 3362 946 3416 sibi
972 3362 1207 3415 delatum
1253 3378 1449 3417 munus
1482 3379 1600 3419 esse
1634 3381 1664 3419 a
1694 3366 1913 3422 doctore
1952 3384 2069 3434 suo,
2098 3370 2187 3438 qui
2214 3386 2341 3426 vere
2371 3372 2491 3425 fons
2516 3372 2772 3427 doctrina:
2811 3384 2971 3438 esset,
3005 3384 3059 3429 et
3085 3378 3223 3432 hanc
3249 3396 3378 3448 pro-

199 3496 413 3552 vinciam
446 3501 621 3569 probe
651 3502 921 3571 suscipere
949 3514 1149 3573 posset.
1182 3505 1384 3559 Deinde
1412 3519 1538 3558 vero
1567 3516 1939 3575 argumentum
1966 3507 2391 3563 adversariorum
2421 3518 2528 3564 tam
2562 3520 2800 3577 strenue,
2833 3520 2940 3567 tam
2964 3513 3107 3569 clare
3138 3516 3374 3585 depellit,

199 3640 251 3684 ut
284 3635 488 3689 nescias
523 3644 704 3689 utram
736 3638 901 3708 magis
934 3639 1163 3704 mireris,
1194 3641 1552 3708 eloquentiam
1577 3656 1641 3694 an
1666 3641 1957 3696 dialectica:
1988 3643 2118 3698 vim.

253 3767 461 3824 Certum
490 3772 661 3841 igitur
704 3782 785 3827 est
815 3774 953 3828 hanc
999 3776 1310 3830 concionem
1342 3776 1639 3835 Antiochiae
1681 3777 1735 3831 in
1763 3793 1951 3848 magna
1978 3780 2224 3843 ecclesia,
2267 3791 2326 3836 ut
2351 3781 2455 3836 fert
2487 3782 2691 3850 titulus,
2727 3797 3097 3855 praesenteque
3122 3788 3374 3841 Flaviano

193 3901 406 3956 habitam
435 3904 633 3965 fuisse.
665 3922 783 3961 cum
806 3908 913 3975 jam
939 3909 1348 3980 Chrysostomus
1378 3912 1433 3964 in
1460 3926 1647 3979 magna
1672 3920 1815 3966 esset
1844 3915 1984 3980 apud
2017 3915 2380 3969 Antiochenos
2405 3917 2815 3972 existimatione.
2842 3920 2976 3973 Hinc
3004 3929 3085 3974 est
3115 3922 3255 3990 quod
3284 3922 3370 3976 illa

191 4037 279 4088 alia
307 4038 522 4094 homilia
561 4040 953 4110 Chrysostomi,
983 4058 1101 4110 quas
1139 4044 1299 4110 hujus
1331 4043 1591 4097 habendae
1621 4043 1832 4097 occasio
1856 4043 1976 4110 fuit,
2018 4046 2277 4113 cujusque
2306 4055 2459 4099 notas
2487 4046 2686 4114 aliquot
2729 4048 2783 4100 in
2833 4050 2932 4104 hac
2959 4051 3371 4121 Chrysostomus

191 4174 409 4243 exhibet,
437 4188 498 4233 ut
525 4193 636 4233 nos
663 4194 823 4248 supra
846 4181 1097 4245 diximus,
1136 4182 1245 4249 jam
1272 4196 1380 4234 non
1410 4193 1714 4251 compareat
1741 4184 1880 4239 inter
1922 4185 2036 4238 illas
2061 4186 2306 4239 homilias
2339 4202 2469 4254 quas
2510 4197 2694 4241 contra
2739 4188 3027 4243 Anommos
3069 4191 3193 4245 Anti
3208 4192 3367 4247 )ehi:e

188 4316 533 4379 pronuntiavit
594 4314 1001 4384 Chrysostomus
1057 4315 1241 4368 decem
1302 4330 1577 4369 numero:
1622 4332 1858 4384 quasque
1899 4318 2161 4371 edidimus
2219 4319 2392 4385 primo
2447 4317 2648 4383 Tomo,
2711 4320 2905 4374 additis
2970 4323 3249 4378 undecima
3313 4335 3367 4379 et

189 4453 504 4521 duodecima,
535 4468 665 4524 qua
692 4451 1172 4522 Constantinopoli,
1205 4451 1330 4506 item
1363 4461 1546 4506 contra
1570 4452 1877 4519 Anommos,
1920 4454 2114 4508 habitae
2155 4464 2299 4508 sunt.
2341 4454 2446 4508 lllze
2480 4455 2619 4509 enim
2652 4456 2836 4510 decem
2873 4458 3103 4512 homilias
3129 4475 3193 4513 eo
3222 4475 3365 4514 anno

192 4594 332 4650 dictae
362 4604 489 4651 sunt
516 4607 633 4665 quo
660 4593 773 4661 ipse
800 4591 1081 4663 presbyter
1112 4590 1284 4645 factus
1308 4598 1409 4653 est,
1435 4600 1489 4643 et
1518 4591 1821 4645 concionari
1848 4590 2029 4659 coepit,
2062 4605 2252 4658 nempe
2286 4607 2426 4644 anno
2448 4591 2570 4653 586,
2611 4599 2663 4643 et
2689 4607 2830 4647 anno
2860 4594 3103 4661 sequenti
3143 4596 3263 4649 387.
3299 4597 3367 4648 At

189 4718 290 4774 hac
312 4724 549 4791 homilia,
583 4734 641 4780 ut
668 4735 723 4780 et
752 4740 814 4779 ea
860 4739 980 4793 qua:
1022 4723 1190 4793 ipsam
1222 4722 1577 4793 praecedebat,
1609 4733 1729 4792 post
1757 4724 1872 4777 illas
1914 4723 2093 4775 habita
2141 4722 2258 4785 fuit,
2294 4738 2415 4776 cum
2444 4737 2509 4775 ex
2557 4722 2777 4774 assiduo
2802 4720 3159 4775 eoneionandi
3194 4720 3368 4774 officio

188 4865 413 4925 "mgnum
456 4858 563 4915 sibi
593 4859 886 4914 Antiochiae
915 4875 1111 4915 nomen
1149 4860 1446 4929 peperisset
1466 4859 1897 4929 Chrysostomus.
1929 4860 1998 4913 De
2024 4874 2162 4913 anno
2192 4868 2371 4912 autem
2392 4858 2526 4911 nihil
2560 4872 2777 4927 prorsus
2802 4859 3079 4911 habemus.

244 4988 740 5064 lutet-pretationem
767 5000 1005 5049 nostram
1025 4992 1269 5049 Latinam
1291 4995 1357 5049 ad
1383 4994 1543 5049 fidem
1573 4993 1916 5049 Ottoboniani
1946 4993 2262 5063 exemplaris
2292 4992 2574 5047 edidimus.
