4112 6496
737 415 844 468 247

757 621 1228 638 π·

1423 403 1477 459 S.
1513 402 1784 460 JOANNIS
1819 399 2279 460 CIIKYSOSTOMI
2315 401 2629 459 ARCHIEP.
2666 403 3192 462 CONSTANTINOP.

2185 621 2196 622 κ
2301 621 2383 622 ,7,

3896 616 3946 638 κ

2568 624 2660 631 -ι--α
2684 625 2807 633 ---
2827 624 3896 640 ..-—.———-_.--_.——-..—m

1696 761 1889 832 SAN
1892 761 2063 829 ΟΤΙ
2125 757 2511 828 PATRIS
2551 759 2957 828 NOSTRI

1111 944 1946 1092 JOANNIS
2038 940 2256 1082 Cf

2362 937 3522 1102 RYSOSTOMI,

736 1220 795 1261 IlI
841 1218 1055 1262 IlAGNA
1101 1213 1412 1265 ECCLESIA,
1457 1207 1585 1251 CUM
1627 1201 1823 1245 PAUCA
1866 1193 2198 1238 PBEFATUS
2241 1193 2256 1233 I

2362 1191 2425 1232 ΞΤ
2469 1189 2814 1243 EPISCOPUS,
2860 1190 2924 1231 IN
2968 1190 3152 1233 ILLUD
3196 1194 3550 1239 EVANGELII.
3601 1198 3809 1239 FILIUS
3858 1200 3941 1241 Ii!

1012 1313 1084 1355 SK
1125 1309 1258 1353 IPSO
1300 1306 1475 1351 NIHIL
1512 1301 1720 1354 FACIT,
1763 1295 1884 1338 NISI
1926 1291 2092 1344 QUOD
2133 1291 2256 1332 νω]

2362 1289 2392 1328 r
2434 1287 2685 1328 PATREM
2727 1287 3087 1330 “crsuram
3133 1269 3344 1345 (Joan.
3390 1273 3448 1331 5.
3500 1277 3620 1353 19).

2122 1477 2515 1510 W—

800 1638 852 1692 I.
895 1633 941 1689 0
975 1630 1310 1686 violentiam!
1355 1643 1387 1681 ο
1417 1626 1779 1698 tyrannidem!
1823 1623 2019 1676 Doctor
2062 1627 2270 1680 noster,

728 1727 816 1792 qui
840 1739 887 1777 at
911 1733 965 1779 te
989 1737 1085 1775 nos
1127 1718 1366 1787 praefatus
1388 1725 1486 1777 εει,
1517 1715 1719 1782 plenam
1746 1727 1862 1765 cum
1894 1709 2107 1761 haberet
2129 1707 2272 1774 phia-

728 1814 865 1873 lam,
895 1811 1109 1864 summis
1157 1817 1353 1861 tantum
1400 1806 1558 1858 labris
1603 1803 1843 1870 poculum
1893 1797 2269 1866 degustandum

731 1901 879 1954 nobis
904 1898 1193 1967 propinavit
1216 1913 1228 1947 :
1259 1895 1308 1948 id
1331 1904 1503 1947 autem
1530 1893 1648 1947 fecit
1675 1907 1775 1944 non
1804 1891 1872 1943 ob
1899 1889 2148 1941 doctrinm
2175 1900 2270 1952 pe-

730 1990 964 2043 nuriam:
994 2002 1110 2039 nam
1138 1985 1292 2038 fontis
1315 1985 1474 2036 instar
1494 1982 1747 2034 scaturrire
1769 1980 1934 2040 solet;
1967 1978 2055 2030 sed
2083 1991 2267 2042 quem-

2383 1611 2449 1666 Ut
2483 1613 2637 1679 igitur
2663 1612 2763 1666 hoc
2793 1613 2880 1667 liat
2897 1652 2910 1679 ,
2936 1623 3136 1670 attento
3161 1617 3342 1674 adeSte
3361 1620 3534 1674 animo
3554 1663 3568 1687 ,
3593 1625 3736 1677 omni
3770 1625 3870 1693 (ᾔει
3887 1636 3933 1684 ta

2377 1701 2612 1752 saacnlari
2637 1715 2762 1754 cura
2784 1703 3014 1756 animum
3038 1706 3279 1771 excitate,
3305 1717 3455 1761 acute
3475 1721 3781 1764 cernentem
3812 1731 3933 1767 ocu-

2376 1787 2480 1839 lum
2506 1789 2735 1854 prcebete
2761 1790 2910 1843 mihi.
2940 1792 3093 1845 Dives
3115 1809 3179 1847 ne
3205 1797 3441 1848 socordia
3464 1797 3668 1851 difﬂuat
3691 1819 3704 1852 :
3730 1816 3930 1868 pauper

2376 1891 2441 1927 ne
2466 1878 2710 1944 egestatis
2753 1878 2896 1932 curis
2939 1881 3290 1947 opprimatur;
3314 1884 3406 1937 sed
3450 1887 3608 1938 missa
3637 1889 3779 1940 omni
3809 1891 3931 1943 vita:

2374 1965 2754 2032 inmqualitate,
2804 1969 3022 2036 quisque
3063 1985 3121 2024 se
3167 1982 3402 2038 paratum
3447 1975 3738 2030 auditorem
3785 1994 3928 2045 prte-

2374 2052 2492 2106 beat
2525 2068 2538 2104 :
2571 2069 2738 2122 neque
2776 2056 2915 2108 enim
2958 2058 3099 2124 parvi
3129 2061 3276 2125 pretii
3319 2071 3469 2124 sunt,
3499 2079 3614 2131 qn:e
3643 2081 3779 2118 nunc
3809 2075 3926 2119 tra-

728 2078 1004 2134 admodum
1032 2076 1171 2136 dixi,
1204 2083 1259 2127 ut
1280 2081 1463 2126 vestrm
1487 2070 1714 2124 caritatis
1744 2067 2067 2138 tyrannidem
2098 2063 2266 2131 palam

726 2167 952 2228 faceret,
977 2180 1129 2232 quam
1152 2176 1272 2230 erga
1300 2161 1600 2213 tenuitatem
1632 2168 1863 2210 nostram
1909 2154 2157 2207 exhibere
2178 2166 2267 2203 so-

727 2257 876 2309 lctis:
904 2271 962 2307 ea
989 2254 1052 2306 de
1070 2267 1224 2304 eausa
1254 2251 1356 2302 cito
1389 2247 1543 2300 tacuit
1564 2258 1962 2310 sermonemque
1987 2240 2262 2302 conclusit,

725 2351 778 2394 ut
801 2350 974 2393 vestro
997 2338 1256 2392 desiderio
1276 2335 1683 2403 gratificaretur;
1712 2343 1764 2385 et
1789 2332 1880 2384 toti
1906 2329 2152 2384 solvendo
2176 2329 2269 2380 de-

726 2432 832 2484 bito
874 2443 969 2482 nos
1003 2426 1256 2479 obnoxios
1281 2423 1566 2477 constituit.
1597 2421 1725 2486 Quia
1754 2420 1909 2487 igitur
1937 2426 1989 2469 et
2027 2417 2070 2469 is
2116 2416 2265 2467 nobis

724 2518 927 2570 dicendi
956 2517 1068 2569 loco
1096 2513 1252 2568 cessit
1275 2553 1290 2578 ,
1313 2521 1365 2565 et
1406 2525 1499 2563 vos
1526 2518 1706 2562 nostro
1733 2509 1797 2560 ab
1826 2521 1914 2559 ore
1937 2504 2162 2573 pendere
2189 2503 2267 2555 vi-

721 2608 838 2658 deo.
870 2618 1083 2657 necesse
1122 2602 1327 2654 tandem
1365 2608 1445 2652 est
1481 2608 1536 2651 ut
1575 2597 1638 2649 ad
1677 2595 1960 2648 certamina
1992 2606 2084 2644 nos
2109 2605 2266 2643 exua-

724 2707 837 2745 nms
876 2709 888 2744 :
919 2707 1010 2743 vos
1033 2700 1206 2743 autem
1239 2689 1362 2741 mihi
1394 2702 1544 2754 opem
1588 2685 1736 2744 ferte,
1765 2691 1818 2736 et
1855 2695 2066 2734 manum
2096 2678 2262 2746 porri-

720 2779 826 2846 gite
845 2819 859 2843 ,
903 2778 1143 2847 precibus
1174 2785 1406 2828 nostram
1432 2773 1716 2826 excitantes
1736 2770 1982 2836 linguam,
2011 2776 2064 2819 et
2091 2775 2262 2818 atten-

721 2871 861 2920 tione
883 2869 1037 2920 animi
1068 2866 1266 2918 facilem
1300 2871 1539 2932 parantes
1563 2861 1812 2915 doctrina:
1835 2859 1990 2910 viam.
2020 2854 2263 2922 Quando-

717 2955 924 3023 quidem
943 2955 1194 3022 prepheta
1215 2968 1314 3005 non
1333 2950 1689 3003 admirabilem
1709 2947 1864 3000 modo
1880 2944 2256 3006 consiliarium,

717 3044 810 3098 sed
839 3045 993 3097 etiam
1021 3043 1325 3110 prudentem
1356 3040 1644 3092 auditorem
1668 3037 1895 3105 postulat
1921 3034 2077 3103 (lsai.
2103 3034 2155 3086 3.
2180 3032 2255 3101 5).

717 3133 828 3185 Non
857 3133 994 3185 enim
1044 3132 1154 3183 leve
1206 3129 1352 3182 nobis
1384 3137 1649 3180 certamen
1682 3125 1836 3177 hodie
1882 3134 2110 3191 paratum
2141 3131 2218 3175 est
2239 3161 2253 3185 ,

717 3221 808 3273 sed
841 3221 977 3286 quod
1011 3219 1184 3270 multis
1205 3226 1354 3285 egeat
1380 3216 1647 3284 precibus,
1677 3215 1836 3266 multa
1864 3213 2156 3265 auditorum
2184 3211 2259 3261 vi-

715 3309 962 3377 gilantia,
998 3307 1156 3358 multa
1199 3305 1554 3359 ceiicionantis
1602 3302 1896 3370 diligentia,
1943 3309 1998 3352 ut
2033 3316 2146 3369 qua:
2173 3299 2257 3351 di-

713 3397 876 3450 cenda
904 3405 1023 3449 sunt
1043 3403 1349 3448 etaccurate
1372 3392 1715 3460 proferantur,
1741 3404 1792 3444 et
1815 3401 1923 3443 tuto
1950 3391 1998 3442 in
2026 3389 2256 3442 caritatis

713 3495 903 3537 vestra:
918 3485 1104 3536 animis
1132 3484 1446 3535 inserantur.
1479 3480 1642 3546 Cupio
1668 3492 1893 3545 namque
1923 3491 2014 3528 vos
2038 3491 2138 3527 non
2167 3492 2256 3526 au-

713 3573 825 3625 dire
865 3582 1063 3625 tantum
1085 3612 1099 3635 ,
1144 3571 1234 3624 sed
1259 3571 1414 3624 etiam
1442 3567 1670 3631 institui;
1703 3583 1804 3620 non
1830 3567 2030 3619 discere
2067 3564 2218 3617 modo
2238 3605 2249 3614 .

712 3659 804 3712 sed
828 3663 981 3712 etiam
1010 3659 1234 3721 docere;
1265 3671 1365 3709 non
1397 3657 1631 3722 accipere
1655 3656 1855 3719 solum,
1885 3653 1975 3706 sed
2017 3654 2171 3706 etiam
2204 3653 2253 3704 in

711 3750 840 3801 alios
868 3751 1237 3802 transmittere.
1258 3747 1344 3800 Sic
1366 3748 1502 3799 enim
1529 3756 1580 3798 et
1599 3745 1921 3812 splendidius
1945 3744 2091 3797 nobis
2109 3745 2253 3796 thea-

714 3849 882 3898 trum,
915 3847 968 3890 et
1008 3839 1173 3904 major
1216 3847 1381 3890 castus
1419 3836 1545 3899 erit,
1579 3835 1783 3902 quando
1812 3850 1902 3886 vos
1932 3849 2024 3900 per
2052 3848 2110 3885 ea
2140 3848 2254 3900 qua:

714 3927 1017 3986 audieritis,
1059 3927 1188 3977 alios
1229 3927 1383 3977 etiam
1426 3924 1671 3977 inducere
1715 3923 1968 3989 poteritis.
2001 3923 2054 3975 In
2085 3924 2252 3989 priore

715 4016 886 4079 itaque
922 4013 1172 4065 concione
1192 4012 1292 4064 hoc
1321 4013 1458 4063 dicto
1499 4012 1796 4078 evangelica
1825 4011 1874 4062 in
1910 4012 2134 4062 medium
2157 4010 2249 4062 ad-

709 4104 865 4156 tlucto
885 4145 898 4168 ,
931 4101 1083 4154 Pater
1107 4119 1240 4154 meus
1265 4117 1414 4169 usque
1443 4101 1584 4152 modo
1610 4111 1860 4167 aperatur,
1890 4111 1933 4152 et
1961 4116 2046 4167 ego
2076 4116 2252 4166 aperor

714 4188 890 4257 (Joan.
925 4190 976 4243 5.
1009 4190 1133 4257 17),
1165 4203 1282 4240 eum
1332 4188 1450 4238 hinc
1480 4187 1823 4240 ostendissent
1855 4186 1966 4250 ejus
2005 4200 2121 4238 cum
2153 4185 2254 4238 Ge-

710 4280 880 4332 nitore
927 4279 1271 4344 mqualitatem
1293 4316 1308 4338 ,
1337 4276 1470 4343 quod
1499 4285 1550 4329 et
1580 4290 1734 4343 supra
1775 4276 2005 4329 declarat
2030 4289 2254 4341 evange-

711 4370 829 4422 lista
858 4368 938 4421 his
968 4369 1168 4429 verbis,
1204 4366 1471 4432 Propterea
1492 4367 1646 4432 magis
1675 4366 2084 4432 persequebantur
2106 4381 2250 4427 eum,

709 4474 806 4510 non
831 4458 990 4509 solum
1011 4457 1124 4524 quia
1152 4456 1361 4507 solvebat
1381 4455 1634 4505 sabbatunt
1657 4494 1670 4514 ,
1699 4454 1783 4504 sed
1810 4462 1855 4504 et
1885 4454 2083 4504 Patrem
2112 4469 2252 4505 suum

708 4547 902 4599 dicebat
951 4545 1130 4609 Deum,
1162 4545 1397 4611 aqualem
1422 4560 1472 4595 se
1493 4543 1677 4609 faciens
1715 4541 1819 4593 Deo
1851 4541 2026 4608 (Joan.
2060 4543 2110 4594 5.
2139 4541 2248 4606 18),

709 4640 776 4690 ita
820 4651 1117 4690 sermonem
1161 4635 1341 4686 clausi.
1397 4633 1558 4685 llodie
1585 4642 1758 4684 autem
1791 4646 1924 4699 opus
1952 4642 2030 4684 est
2056 4646 2115 4684 ea
2156 4631 2254 4683 sol-

706 4742 826 4780 vere
847 4767 860 4780 .
893 4741 1009 4793 qua:
1030 4725 1278 4776 adversus
1313 4723 1425 4775 hzee
1451 4722 1702 4789 objiciunt
1728 4721 1979 4773 hmretici.
2009 4720 2252 4784 Quamvis

705 4818 843 4867 enim
877 4816 1010 4866 inter
1037 4816 1233 4865 amicos
1259 4821 1518 4864 certemus
1537 4850 1552 4871 ,
1591 4819 1731 4862 tanta
1764 4818 1932 4862 tamen
1961 4808 2251 4861 adhibenda

705 4905 969 4970 diligentia
1002 4911 1115 4965 est,
1146 4912 1200 4954 ut
1229 4901 1452 4969 undique
1475 4916 1502 4951 a
1532 4900 1714 4953 fraude
1745 4909 1848 4951 tuta
1887 4908 1936 4951 et
1972 4900 2156 4951 invicta
2186 4899 2253 4951 sit

704 4994 875 5046 oratio
894 5031 908 5054 ,
939 4991 1142 5043 etiamsi
1185 4991 1234 5042 in
1262 4990 1447 5044 mediis
1477 4990 1713 5042 hostibus
1735 4999 1990 5042 versetur.
2021 4989 2082 5042 Ut
2111 4989 2251 5041 enim

704 5092 825 5135 ante
852 5082 1110 5145 dicebam,
1141 5095 1242 5132 non
1273 5081 1452 5132 audire
1476 5090 1670 5132 tantum
1694 5094 1786 5131 vos
1809 5079 1947 5143 volo,
1980 5080 2072 5133 sed
2095 5081 2251 5133 etiam

703 5172 832 5222 alios
862 5170 1149 5223 instituere.
1183 5167 1303 5222 Ideo
1346 5169 1568 5222 sollicite
1608 5169 1779 5221 studui
1829 5184 1925 5221 vos
1955 5169 2114 5223 armis
2142 5171 2251 5237 spi-

711 5259 984 5313 ritualibus
1014 5258 1418 5312 circummunire
1443 5295 1457 5321 ,
1501 5267 1554 5310 ut
1581 5258 1776 5310 nullum
1821 5258 2111 5310 membrum
2155 5275 2252 5313 nu-

703 5351 830 5403 dum
866 5358 1131 5419 appareat,
1165 5348 1249 5401 vel
1282 5347 1423 5399 letali
1454 5347 1667 5400 vulnere
1693 5348 2034 5400 confodiatur.
2066 5349 2253 5400 Armo-

707 5455 821 5490 rum
849 5439 1040 5506 quippe
1072 5438 1184 5489 loco
1214 5438 1363 5489 nobis
1393 5446 1472 5489 est
1501 5450 1695 5497 sermo,
1725 5437 1809 5504 qui
1836 5446 2041 5489 nostros
2063 5438 2250 5500 munit,

706 5538 757 5580 et
781 5531 958 5581 hostes
989 5528 1124 5590 ferit;
1154 5527 1300 5591 ferit,
1335 5527 1543 5594 inquam
1566 5565 1580 5588 ,
1614 5541 1714 5580 non
1743 5537 1796 5579 ut
1822 5527 2052 5595 dejiciat,
2081 5527 2170 5580 sed
2200 5535 2255 5579 ut

707 5619 941 5684 jat-cntes
974 5619 1155 5685 erigat.
1189 5617 1493 5685 Hujusmodi
1533 5619 1670 5670 enim
1713 5633 1895 5684 pugna!
1933 5633 2098 5685 genus
2136 5627 2249 5682 est,

709 5707 847 5775 quod
876 5707 926 5760 in
950 5707 1171 5761 Salutem
1198 5715 1376 5760 contra
1409 5707 1744 5776 pugnantium
1781 5717 2032 5775 tropmum
2062 5709 2248 5774 erigat.

2371 2150 2595 2194 ctantur.
2647 2142 2767 2196 Ideo
2815 2143 2927 2198 lure
2974 2144 3270 2214 frequenter
3313 2164 3502 2202 moneo
3533 2166 3546 2202 :
3580 2153 3697 2205 novi
3725 2155 3924 2222 quippe

2369 2244 2522 2297 quam
2547 2231 2802 2299 profundo
2824 2232 2873 2284 in
2899 2233 3079 2301 pelago
3099 2235 3420 2303 navigemus.
3453 2239 3525 2292 Ne
3550 2241 3776 2294 turberis
3797 2257 3924 2310 pro-

2370 2320 2583 2373 fundum
2632 2323 3110 2392 audiens:Spiritu
3160 2341 3386 2396 namque
3429 2329 3593 2394 duce,
3639 2348 3742 2385 non
3794 2345 3921 2390 sunt.

2366 2423 2515 2476 aquae
2541 2410 2751 2477 caligini
2777 2412 3038 2476 obnoxiae,
3068 2415 3161 2468 sed
3188 2416 3440 2470 facillima
3464 2420 3566 2472 erit
3588 2422 3690 2483 via,
3720 2425 3762 2477 si
3787 2439 3908 2478 eam

2367 2498 2749 2561 tantummodo,
2787 2514 2941 2565 quam
2979 2502 3159 2568 jubeo,
3197 2506 3442 2559 teneatis.
3475 2507 3550 2560 Ne
3596 2511 3904 2575 turbemini,

2364 2599 2537 2652 neque
2560 2587 2894 2640 moveamini.
2916 2588 3043 2652 Quae
3065 2591 3205 2643 enim
3228 2593 3383 2646 hodie
3405 2597 3687 2664 agitantur,
3706 2602 3908 2653 audito-

2367 2685 2477 2724 rem
2503 2673 2652 2727 initio
2673 2676 2905 2739 turbant,
2930 2677 3088 2745 inque
3108 2679 3492 2736 dubitationem
3513 2685 3831 2752 conjiciunt:
3860 2690 3905 2741 si

2363 2774 2490 2812 vero
2519 2760 2675 2813 finem
2700 2773 2993 2830 exSpectet,
3019 2767 3105 2818 ubi
3135 2781 3546 2823 consentaneum
3584 2773 3907 2829 solutionem

2363 2847 2577 2913 videbit,
2605 2852 2834 2918 jucunda
2863 2853 3067 2906 fruetur
3102 2858 3500 2924 tranquillitate,
3527 2869 3580 2912 et
3609 2862 3661 2913 in
3689 2874 3908 2930 portum

2362 2938 2520 2990 nullis
2536 2940 2786 3007 agitatum
2805 2941 3054 2995 fluetibus
3069 2945 3304 2998 animum
3324 2950 3586 3015 appellere
3606 2953 3816 3018 poterit.
3836 2952 3910 3006 Ut

2362 3042 2486 3095 ergo
2511 3028 2622 3083 hzec
2653 3029 2721 3080 ita
2748 3045 2804 3081 se
2837 3031 3082 3094 habeant,
3120 3049 3186 3085 ne
3221 3037 3531 3101 turbemini,
3569 3055 3632 3091 ne
3663 3056 3908 3092 commo-

2361 3118 2611 3181 veamini,
2653 3118 2744 3170 sed
2778 3133 2895 3170 cum
2937 3120 3081 3171 omni
3130 3123 3380 3187 patientia
3421 3136 3473 3177 et
3506 3129 3906 3194 perseverantia

2361 3205 2498 3256 viam
2520 3206 2821 3272 sequimini,
2860 3222 3017 3273 quam
3051 3209 3192 3260 verbi
3223 3211 3461 3263 doctrina
3483 3216 3735 3268 ostendit.

2430 3296 2769 3348 Anomworum
2785 3298 3008 3365 objectio,
3031 3313 3139 3364 qua:
3157 3301 3326 3366 fucum
3349 3303 3507 3367 facere
3528 3310 3735 3366 poterat,
3759 3303 3917 3367 refel-

2359 3387 2495 3438 litur.
2513 3417 2581 3424 -
2609 3389 2734 3451 Qua:
2761 3398 2880 3440 sunt
2900 3404 3023 3457 ergo
3047 3405 3161 3457 quae
3189 3390 3336 3442 nobis
3358 3390 3421 3443 ab
3439 3391 3534 3443 illis
3560 3392 3913 3460 objiciuntur?

2362 3475 2508 3526 Nihil
2538 3486 2717 3542 potest,
2760 3478 3015 3544 inquiunt,
3056 3482 3217 3546 facere
3257 3477 3438 3540 Filius,
3473 3479 3568 3531 nisi
3595 3481 3768 3532 viderit
3805 3481 3916 3533 Pa-

2359 3576 2482 3618 trem
2529 3567 2787 3634 facientem
2836 3566 3008 3636 (Joan.
3041 3570 3091 3621 5.
3137 3569 3247 3635 19).
3293 3571 3446 3636 Atqui
3493 3569 3603 3622 hzec
3643 3570 3916 3637 Scriptura

2358 3657 2504 3710 dixit.
2530 3657 2787 3723 Quorsum
2817 3673 2939 3725 ergo
2961 3658 3071 3710 hmc
3096 3659 3242 3711 nobis
3263 3658 3544 3725 objiciunt?
3565 3658 3676 3710 Non
3701 3674 3764 3712 eo
3790 3674 3920 3712 scu—

2357 3762 2439 3809 so,
2470 3761 2571 3813 quo
2595 3761 2625 3798 a
2652 3747 2916 3812 Scriptura
2939 3745 3076 3798 dicta
3094 3755 3232 3806 sunt,
3262 3746 3568 3798 afferuntur.
3593 3745 3727 3810 Quid
3765 3747 3915 3804 hinc.

2357 3836 2522 3898 aiunt,
2546 3834 2863 3887 concludere
2891 3834 3104 3886 volunt?
3137 3834 3292 3889 Vides
3316 3834 3576 3902 quomodo
3612 3835 3774 3887 Filius
3798 3837 3918 3898 Dei,

2359 3925 2613 3991 inquiunt,
2647 3925 2784 3976 illam
2809 3924 3119 3991 a'qnalitatis
3148 3926 3497 3992 suspicionem
3527 3926 3761 3978 auferat?
3781 3927 3920 3992 Quia

2355 4018 2492 4068 enim
2520 4015 2684 4069 Judmi
2711 4016 2760 4068 id
2790 4016 3204 4082 SIISpicabantur,
3235 4033 3420 4084 nempe
3447 4033 3564 4070 eum
3595 4019 3703 4072 Deo
3730 4034 3919 4086 mqua-

2359 4106 2455 4156 lem
2488 4121 2544 4157 se
2572 4106 2761 4167 facere,
2788 4106 2903 4157 ideo
2943 4107 3110 4158 intulit
3141 4106 3219 4158 his
3245 4108 3437 4170 verbis,
3469 4107 3586 4160 Non
3615 4118 3772 4173 potest
3813 4107 3917 4159 Fi-

2358 4193 2453 4245 lius
2482 4210 2510 4243 α
2531 4195 2690 4259 seipse
2713 4197 2875 4261 facere
2898 4195 3065 4261 quidqi
3084 4211 3189 4248 aut.

2425 4281 2476 4332 2.
2519 4280 2648 4332 Num
2680 4281 2871 4334 frustra
2914 4282 3171 4346 dicebam,
3222 4283 3334 4336 haec
3377 4285 3532 4338 verba
3566 4301 3660 4339 vos
3701 4287 3920 4342 turbare

2358 4383 2528 4434 posse,
2558 4378 2712 4435 atque
2743 4369 2890 4421 initio
2919 4371 3211 4423 auditorem
3243 4373 3559 4438 percellere?
3595 4374 3784 4427 Verum
3814 4392 3882 4430 ex
3901 4407 3919 4418 -

2357 4463 2603 4523 spectate,
2631 4465 2683 4509 et
2708 4457 2947 4509 videbitis
2966 4473 3056 4510 eos
3088 4460 3307 4524 pr0priis
3332 4459 3598 4514 confectos
3621 4463 3756 4515 telis.
3779 4464 3918 4519 Cum

2358 4546 2535 4610 j-rimis
2560 4547 2697 4598 enim
2726 4546 3106 4598 observandum
3132 4547 3202 4611 id,
3225 4547 3363 4614 quod
3384 4548 3596 4612 dicitur,
3621 4566 3723 4601 non
3749 4552 3924 4608 fuisse

2355 4636 2647 4688 Jndmorum
2693 4636 3042 4700 suspicionem
3069 4654 3079 4687 :
3106 4637 3242 4702 quod
3287 4637 3442 4689 etiam
3489 4639 3539 4689 in
3591 4641 3919 4705 przecedenti

2356 4727 2702 4794 disputatione
2717 4741 2834 4778 cum
2853 4727 2995 4778 omni
3024 4727 3387 4794 perspicuitate
3412 4729 3774 4792 ostendimus;
3795 4747 3923 4799 quae

2358 4832 2422 4869 ne
2445 4817 2627 4868 iterum
2647 4815 2928 4879 agitentur,
2948 4830 3011 4868 eo
3032 4814 3342 4868 remittimus
3367 4815 3679 4880 auditorem,
3703 4821 3924 4887 etquod

2358 4923 2492 4959 nunc
2519 4906 2762 4972 objicitur
2779 4906 2984 4958 solvere
2999 4904 3324 4963 conabimur,
3341 4908 3720 4976 ostendereque
3739 4910 3924 4980 ipsum

2358 5011 2459 5048 non
2489 5003 2545 5046 ut
2569 5003 2824 5047 everteret
2853 5008 3032 5046 eorum
3062 4993 3410 5060 suspicionem
3441 4994 3552 5049 haec
3576 4997 3795 5062 dixisse,
3823 5003 3923 5054 sed

2356 5097 2412 5137 ut
2435 5100 2547 5137 eam
2575 5082 2965 5135 accuratissime
2993 5081 3226 5134 firmaret
3256 5097 3318 5135 ac
3347 5084 3620 5147 stabiliret,
3654 5087 3925 5155 nobisque

2358 5181 2717 5240 argumentum
2750 5170 3006 5237 praeberet
3026 5185 3132 5222 sua:
3157 5185 3275 5223 cum
3303 5171 3457 5225 Patre
3487 5174 3922 5242 propinquitatis,

2361 5259 2606 5313 naturalis
2634 5258 3044 5326 conjunctionis,
3087 5266 3244 5324 atque
3285 5261 3600 5314 concordim.
3650 5262 3718 5314 lta
3768 5266 3922 5318 enim

2361 5350 2478 5402 huic
2498 5349 2636 5401 dicto
2656 5347 2882 5408 contido,
2909 5355 2965 5398 ut
2993 5347 3081 5398 illo
3107 5349 3335 5403 maxime
3363 5350 3529 5402 dicam
3555 5351 3922 5411 demonstrari

2358 5440 2471 5506 ejus
2496 5453 2612 5489 cum
2646 5437 2797 5489 Patre
2834 5437 3276 5501 conjunctionem,
3308 5448 3361 5490 et
3385 5440 3689 5494 substantia:
3729 5445 3925 5500 unita-

2361 5535 2483 5578 tem.
2517 5525 2694 5592 Neque
2722 5523 3096 5592 perturbemini
3120 5538 3182 5576 ex
3209 5525 3491 5578 ratiociniis
3517 5527 3924 5589 hazreticorum.

2358 5617 2534 5685 Neque
2560 5617 2698 5669 enim
2720 5613 2874 5682 gladii
2906 5613 2954 5665 in
2985 5614 3146 5666 muris
3171 5614 3378 5680 depicti,
3409 5631 3576 5685 neque
3602 5618 3786 5680 hastae.
3823 5639 3928 5677 ne-

2360 5722 2460 5776 que
2487 5705 2679 5773 spicula
2702 5703 2878 5756 hostes
2900 5703 3108 5756 turbare
3137 5711 3368 5769 pOSsent,
3397 5713 3598 5759 torvum
3624 5718 3679 5761 et
3702 5711 3925 5768 terribi-
