4112 6488
354 424 471 479 249

355 529 463 585 lem
488 542 762 599 aspectum
783 531 1137 603 prazferentes.
1172 532 1430 599 Quidquid
1454 532 1591 586 enim
1613 530 1907 599 hujusmod't

362 625 472 678 est,
498 622 685 674 umbra
706 621 947 688 quaedam
964 632 1016 677 et
1038 622 1211 690 imago
1230 627 1332 684 est,
1370 635 1473 674 non
1495 635 1669 675 rerum
1698 620 1908 673 veritas.

355 706 508 759 Talia
527 723 652 762 sunt
674 709 1037 765 literetieornm
1064 709 1330 762 ratiocmia
1354 730 1365 762 :
1387 727 1503 779 quze
1524 722 1578 764 ut
1604 710 1907 773 refutemus,

356 798 518 851 dictis
544 814 572 851 e
602 800 820 867 vestigio
864 801 1177 864 luercamus,
1224 801 1431 855 assidue
1470 802 1554 854 illa
1595 810 1906 855 versantes:

356 886 679 957 interimque
707 890 771 943 ab
800 889 900 942 illis
927 902 1242 958 qumramus,
1270 891 1531 958 quomodo
1571 892 1732 944 velint
1774 891 1909 945 hunc

354 978 536 1031 locum
566 979 916 1045 interpretari.
949 978 1125 1046 Neque
1167 981 1305 1033 enim
1353 980 1461 1032 sola
1511 980 1666 1032 lectio
1695 979 1905 1033 sufficit.

352 1065 493 1118 Nam
520 1068 561 1121 si
592 1068 743 1120 lectio
772 1067 1052 1131 sufficeret,
1088 1083 1181 1120 cur
1208 1068 1474 1137 Philippus
1503 1069 1742 1121 eunucho
1769 1068 1910 1121 dice-

352 1155 471 1216 bat,
498 1155 633 1208 Num
652 1157 883 1225 intelligis
906 1173 1013 1222 qua:
1037 1158 1155 1226 legis
1181 1159 1313 1222 (Act.
1344 1158 1394 1210 8.
1427 1157 1546 1224 50)?
1577 1157 1721 1211 Unde
1747 1158 1909 1224 liquet

352 1261 482 1298 eum
514 1247 609 1299 etsi
637 1246 853 1315 legeret,
887 1247 1009 1300 nihil
1038 1264 1098 1300 ex
1139 1247 1345 1316 scriptis
1390 1248 1735 1301 intellexisse:
1766 1248 1908 1300 ideo-

352 1351 463 1402 que
489 1336 724 1392 dicebat:
754 1338 828 1390 De
854 1355 967 1403 quo,
996 1355 1181 1406 quwso,
1215 1340 1427 1405 loquitur
1456 1343 1714 1407 prapheta,
1737 1340 1797 1390 de
1829 1354 1905 1390 se-

350 1426 490 1492 ipso,
520 1442 580 1476 an
607 1426 666 1477 de
689 1428 788 1479 alio
812 1425 965 1494 (Ibid.
992 1442 1034 1478 υ.
1062 1426 1253 1492 54)Ῡδὶ
1285 1427 1435 1480 lectio
1456 1428 1760 1489 sufficiebat,
1779 1438 1906 1491 quo-

350 1516 518 1567 modo
538 1516 701 1569 Judaei
732 1516 853 1568 dum
882 1516 1041 1569 Vetus
1066 1517 1454 1571 Testamentum
1488 1519 1681 1583 legunt,
1713 1531 1769 1568 ea
1788 1532 1903 1583 quae

350 1603 429 1657 tle
456 1604 641 1658 Christi
672 1606 951 1671 natalibus,
975 1607 1039 1659 de
1067 1607 1246 1675 signis,
1276 1608 1339 1660 de
1367 1608 1647 1670 miraculis,
1679 1608 1899 1672 deloco,

348 1694 425 1747 de
453 1704 704 1762 tempore,
727 1696 792 1750 de
812 1711 986 1762 cruce,
1011 1697 1075 1749 de
1095 1698 1377 1764 sepultura,
1406 1697 1471 1750 de
1498 1697 1897 1760 resurrectione,

348 1784 425 1837 de
453 1788 827 1852 assumptione,
873 1787 938 1841 de
986 1788 1218 1841 sessione
1257 1803 1285 1839 a
1314 1787 1560 1850 dexteris,
1590 1787 1655 1840 de
1678 1788 1899 1855 Spiritus

346 1875 519 1925 sancti
545 1875 817 1941 descensu,
840 1876 903 1929 de
932 1877 1285 1944 apostolorum
1316 1882 1461 1930 exitu
1491 1892 1583 1944 per
1606 1878 1897 1931 universam

348 1970 569 2025 terram,
592 1963 657 2017 de
682 1966 936 2031 ejectione
956 1979 1249 2033 synagogas,
1279 1965 1345 2018 de
1366 1966 1611 2019 Ecclesia:
1634 1968 1896 2020 nobilitate

344 2049 617 2116 dicuntur,
643 2052 872 2106 nondum
899 2053 1051 2107 hodie
1080 2054 1441 2108 crediderunt?
1470 2055 1583 2108 Non
1608 2071 1728 2124 ergo
1754 2056 1897 2109 suffi-

343 2142 425 2192 cit
454 2141 625 2203 lectio,
659 2144 755 2194 nisi
782 2144 916 2197 adsit
943 2154 993 2197 et
1017 2145 1263 2211 cognitio.
1295 2145 1738 2211 Quemadmodum
1756 2148 1894 2200 enim

342 2231 396 2285 si
425 2232 538 2298 quis
565 2232 684 2285 edat
726 2234 957 2301 quidem,
990 2234 1080 2286 sed
1112 2236 1284 2287 cibum
1322 2250 1428 2288 non
1468 2245 1673 2303 coquat,
1717 2236 1761 2288 is
1788 2251 1892 2290 non

339 2322 520 2374 vivet:
552 2323 628 2375 sic
653 2323 694 2375 si
725 2325 844 2389 quis
863 2324 1019 2393 legat,
1037 2321 1167 2374 nihil
1183 2336 1305 2377 vero
1335 2324 1587 2378 dictorum
1618 2325 1887 2393 intelligat,

339 2411 393 2463 is
422 2411 493 2463 rei
534 2413 801 2465 veritatem
831 2429 932 2466 non
967 2414 1233 2482 percipiet.
1264 2414 1339 2467 Ne
1380 2415 1505 2466 mihi
1548 2430 1673 2482 ergo
1719 2416 1887 2471 locum

338 2503 701 2569 evangelicum
735 2506 1005 2572 proponite
1034 2514 1253 2569 tantum,
1285 2506 1374 2559 sed
1402 2506 1543 2558 illum
1579 2505 1890 2575 interprete-

336 2594 492 2645 mini.
527 2595 633 2647 lloc
657 2603 826 2647 autem
853 2596 915 2648 ab
946 2596 1070 2663 ipsis
1102 2597 1329 2664 postulo,
1359 2607 1411 2650 ut
1439 2612 1555 2650 eum
1587 2612 1770 2664 pravas
1801 2613 1889 2652 eo—

336 2698 458 2735 rum
482 2685 856 2752 explicationes
885 2687 1239 2749 confutavero,
1273 2696 1379 2738 tum
1420 2688 1654 2740 veritatis
1698 2687 1883 2741 funda-

334 2783 572 2826 mentum
618 2775 825 2841 jaciam.
874 2776 959 2828 Sic
1004 2777 1158 2828 etiam
1205 2776 1480 2829 architecti
1528 2778 1739 2839 faciunt,
1781 2793 1882 2830 non

334 2864 488 2930 prius
528 2863 871 2915 aedificiorum
919 2863 1255 2916 fundamenta
1299 2865 1521 2930 jaciunt,
1570 2880 1724 2931 quam
1766 2880 1883 2918 sor-

333 2952 435 3005 des
462 2953 729 3018 eiecerint,
761 2960 813 3004 ut
846 2960 953 3004 tuto
982 2951 1260 3005 tedificent.
1309 2953 1415 3006 llos
1453 2961 1505 3007 et
1546 2968 1641 3007 nos
1679 2970 1883 3023 quoque

333 3044 621 3097 imitemur.

413 3136 683 3203 Responsio
706 3134 1040 3206 Chrysostomi
1068 3139 1133 3189 ad
1157 3139 1493 3191 hwreticorum
1518 3148 1874 3207 argumentum.

329 3254 409 3265 -——
428 3226 519 3279 Die
544 3242 690 3294 ergo,
717 3227 915 3279 nihilne
944 3236 1114 3293 potest
1144 3227 1310 3280 Filius
1339 3242 1367 3280 a
1393 3228 1565 3295 seipso
1591 3227 1780 3292 facere,
1803 3228 1881 3279 ni-

328 3315 477 3368 hilne
506 3315 747 3382 prorsus?
787 3315 963 3382 Neque
990 3317 1129 3368 enim
1172 3314 1321 3380 dixit,
1368 3330 1426 3370 se
1472 3316 1678 3384 quidem
1721 3314 1885 3384 posse

328 3404 573 3456 homines
601 3403 793 3466 facere,
822 3404 913 3456 sed
943 3404 1155 3470 angelos
1184 3420 1286 3456 non
1319 3419 1499 3472 posse;
1532 3421 1697 3472 neque
1724 3420 1879 3473 ange-

326 3494 415 3546 los
441 3508 612 3561 posse,
642 3494 733 3546 sed
759 3494 1094 3562 archangelos
1123 3509 1221 3546 non
1255 3508 1435 3561 posse;
1460 3511 1637 3549 verum
1664 3498 1876 3548 omnino

325 3583 486 3638 nihil.
515 3584 924 3638 lmbeeillitatem
976 3600 1099 3652 ergo
1145 3584 1245 3638 hoc
1280 3585 1473 3639 dictum
1534 3584 1876 3639 testificatur?

320 3678 373 3729 si
402 3676 609 3744 quidem
643 3675 927 3728 secundum
959 3676 1257 3743 Opinionem
1291 3685 1427 3729 tuam
1470 3690 1571 3730 non
1604 3685 1792 3743 potest,
1826 3677 1874 3729 vi

321 3776 384 3819 et
412 3767 721 3819 necessitate
752 3767 1038 3827 cohibitus;
1072 3767 1113 3819 si
1160 3782 1345 3834 nempe
1370 3782 1401 3819 a
1437 3768 1610 3835 seipso
1640 3768 1767 3819 nihil
1794 3768 1871 3819 fa-

321 3854 424 3915 cit,
456 3854 551 3907 nisi
580 3868 695 3921 quae
724 3855 914 3907 viderit
941 3854 1146 3908 Patrem
1177 3856 1471 3909 facientem.
1501 3857 1576 3909 En
1601 3857 1695 3911 hac
1728 3868 1872 3926 post-

320 3944 541 3997 modum
580 3955 787 4012 reperta
831 3945 1087 4009 doctrina,
1130 3960 1246 4011 qu
1293 3953 1463 3997 tamen
1492 3947 1668 3997 omnia
1700 3947 1871 3998 aliena

319 4041 454 4085 sunt
483 4032 546 4085 ab
571 4034 875 4085 intemerata
901 4034 1004 4095 illa,
1038 4032 1336 4097 immortali,
1370 4032 1717 4097 inenarrabili,
1744 4034 1874 4087 inef-

320 4122 494 4185 fabili,
538 4130 590 4176 et
628 4121 1138 4188 incomprehensibili
1183 4121 1489 4174 substantia.
1535 4124 1595 4174 Et
1640 4124 1760 4190 quid
1806 4125 1870 4177 de

316 4212 535 4265 Christo
564 4211 779 4279 loquor?
807 4211 982 4276 Neque
1022 4212 1158 4263 enim
1187 4212 1252 4263 de
1299 4212 1497 4278 meipso
1526 4211 1721 4275 infimo,
1757 4213 1864 4275 vili,

318 4314 543 4355 terreno
569 4301 679 4353 lucc
700 4301 817 4352 licet
844 4300 1005 4361 effari,
1036 4317 1135 4352 non
1166 4315 1318 4367 posse
1347 4316 1428 4353 me
1448 4315 1475 4351 a
1503 4302 1701 4367 meipso
1722 4302 1870 4368 quid-

311 4404 484 4458 quam
523 4390 721 4442 facere:
752 4402 844 4439 nec
871 4388 935 4441 de
967 4399 1015 4440 te
1059 4388 1157 4441 hoc
1189 4388 1291 4439 dici
1331 4395 1521 4455 potest,
1555 4404 1649 4440 nec
1677 4388 1741 4441 de
1768 4390 1868 4442 alio

315 4477 567 4547 quopiam
599 4477 885 4530 hominum.
928 4476 1053 4529 Nam
1085 4477 1125 4528 si
1169 4476 1267 4529 hoc
1311 4491 1489 4529 verum
1532 4486 1630 4538 est,
1680 4478 1866 4530 frustra

315 4568 559 4636 geltenna
590 4576 640 4621 et
669 4568 974 4635 supplicium
993 4576 1043 4620 et
1068 4582 1249 4634 pinna;
1273 4568 1462 4619 frustra
1484 4582 1713 4630 corona),
1736 4584 1871 4635 prte-

317 4660 451 4720 niia,
485 4658 635 4709 bona.
667 4658 844 4727 Neque
879 4659 1015 4711 enim
1066 4658 1149 4710 illa
1193 4657 1584 4720 sustinebimus,
1614 4657 1656 4709 si
1689 4672 1869 4725 pecce-

314 4762 475 4809 mus;
504 4763 670 4815 neque
699 4748 776 4800 his
806 4749 1053 4810 fruemur,
1079 4748 1121 4800 si
1150 4758 1291 4801 recte
1309 4749 1586 4815 egerimus,
1610 4750 1863 4815 siquidem

309 4852 345 4891 a
371 4838 661 4904 nobisipsis
687 4838 814 4889 nihil
838 4838 1071 4890 facimus.
1098 4838 1314 4889 Prtemia
1339 4839 1477 4890 enim
1502 4855 1601 4890 non
1623 4839 1865 4906 operibus

313 4928 552 4997 proprie,
586 4928 676 4980 sed
694 4928 943 4981 voluntati
966 4929 1187 4994 reposita
1219 4939 1359 4981 sunt.
1396 4928 1632 4995 Exempli
1663 4944 1815 4981 causa
1849 4948 1859 4980 :

310 5032 441 5069 Cum
469 5018 580 5082 quis
604 5033 631 5069 a
661 5017 833 5084 seipso
861 5017 1050 5069 bonum
1072 5028 1335 5084 operatur,
1366 5028 1485 5070 tunc
1510 5026 1791 5070 coronatur
1806 5034 1865 5071 ac

310 5104 647 5169 celebratur;
689 5120 791 5157 non
833 5120 948 5157 cum
980 5108 1142 5172 egerit
1170 5106 1495 5172 simpliciter,
1538 5106 1627 5158 sed
1658 5106 1863 5172 quando

309 5210 437 5245 cum
467 5194 731 5247 voluntate
756 5204 807 5247 et
838 5196 1125 5262 proposito.
1159 5197 1328 5262 Atque
1359 5203 1412 5246 ut
1461 5195 1570 5247 hrcc
1597 5209 1715 5245 vera
1748 5210 1864 5249 esse

308 5283 561 5336 aliscatis:
588 5283 721 5337 Sunt
750 5286 977 5348 eunuchi,
1008 5286 1189 5352 inquit,
1221 5286 1301 5351 qui
1322 5286 1524 5336 castrati
1547 5295 1661 5335 sunt
1687 5284 1746 5335 ab
1775 5286 1863 5335 ho-

309 5376 556 5435 minibus;
582 5382 631 5426 et
657 5382 771 5425 sunt
796 5375 1020 5434 eunuchi,
1051 5376 1134 5443 qui
1161 5375 1345 5441 seipsos
1375 5383 1709 5425 castraret-unt
1743 5390 1863 5441 pro-

306 5475 416 5533 pter
442 5480 653 5535 regnum
691 5463 921 5514 cce/orum
961 5461 1164 5529 (Matth.
1208 5462 1289 5515 l9.
1339 5462 1444 5525 1:2).
1478 5461 1757 5515 Eunuchos
1782 5462 1862 5514 hic

304 5566 451 5608 vocat
479 5570 586 5609 non
619 5567 714 5606 eos
742 5552 826 5618 qui
855 5552 949 5603 sibi
981 5553 1209 5605 membra
1256 5551 1604 5613 absciderunt,
1636 5552 1724 5603 sed
1777 5552 1861 5618 qui

296 5645 683 5715 Cogitationem
708 5654 919 5708 pravam
944 5655 1003 5693 ac
1033 5642 1245 5695 libidine
1277 5642 1479 5709 plenam
1504 5649 1858 5699 resecuerunt.

291 5751 394 5792 non
419 5736 607 5807 gladio
636 5729 837 5796 ferreo,
861 5729 950 5784 sed
978 5730 1248 5785 ratiocinio
1267 5740 1317 5784 et
1342 5729 1692 5800 pliiloSOphia,
1717 5737 1766 5780 et
1795 5728 1857 5780 ad

1306 420 1369 473 ΙΝ
1409 418 1625 487 lLLUD,
1670 420 1883 473 FILIUS
1924 416 2009 470 EX
2051 418 2129 472 SE
2172 419 2356 473 NllllL
2396 420 2611 480 FACIT.

3444 452 3560 512 250

2023 529 2144 581 illud
2174 530 2262 584 Dei
2292 533 2485 587 auxilio
2511 536 2588 587 usi
2618 546 2755 589 sunt.
2790 537 2925 593 Ecce
2955 540 3059 593 duo
3085 542 3445 598 cunuchorum
3472 562 3564 614 ge-

2019 634 2161 685 nera,
2194 637 2413 690 quorum
2456 625 2545 677 alii
2586 627 2651 679 ab
2697 626 2992 683 hominibus
3036 635 3231 689 exsecti
3282 646 3422 700 sunt,
3473 638 3561 691 alii

2018 709 2203 775 pietate
2257 713 2474 778 permoti
2524 729 2735 781 pravam
2782 719 3153 785 cogitationem
3206 733 3557 792 amputaruut.

2019 798 2382 854 Verumtamen
2415 804 2513 856 etsi
2554 804 2760 859 diverso
2789 808 2943 861 modo
2976 812 3188 864 castrati
3236 824 3375 877 sunt,
3406 816 3561 869 ambo

2016 897 2185 943 tamen
2212 891 2451 945 similiter
2475 908 2503 945 a
2532 895 2807 949 mulierum
2846 900 3122 953 concubitu
3165 900 3445 956 abstinent.
3478 905 3561 959 Si—

2012 980 2205 1034 militer
2249 982 2377 1047 dixi,
2428 998 2529 1037 non
2577 986 2860 1040 secundum
2892 992 3211 1058 propositum
3254 993 3554 1055 voluntatis.

2012 1070 2099 1122 sed
2121 1072 2404 1125 secundum
2432 1075 2503 1127 rei
2523 1085 2780 1129 naturam.
2799 1076 2976 1146 Neque
2998 1082 3133 1133 enim
3152 1083 3419 1137 eunuchus
3437 1099 3553 1138 cum

2011 1161 2230 1215 muliere
2275 1178 2385 1215 rem
2430 1165 2620 1219 habere
2664 1168 2846 1234 possit,
2896 1184 3063 1237 neque
3111 1173 3416 1239 monachus,
3466 1178 3552 1243 qui

2010 1253 2237 1319 scipsum
2263 1257 2525 1309 castravit.
2548 1257 2650 1310 Res
2670 1258 2876 1326 quidem
2902 1274 2999 1312 una
3018 1260 3302 1330 eademque
3326 1271 3424 1329 est,
3450 1280 3552 1318 non

2010 1341 2128 1394 item
2162 1343 2295 1397 finis.
2348 1345 2465 1399 ldeo
2510 1362 2627 1400 cum
2668 1348 2731 1401 de
2776 1349 2877 1402 illis
2906 1350 3141 1413 dixisset,
3174 1352 3309 1420 quod
3340 1357 3550 1406 castrati

2007 1433 2111 1483 sint
2149 1433 2213 1486 ab
2244 1434 2558 1501 hominibus,
2607 1440 2804 1492 nullum
2851 1440 2918 1494 ob
2950 1441 2997 1493 id
3030 1441 3155 1508 ipsis
3184 1442 3386 1497 addidit
3415 1461 3549 1512 pra:-

2006 1519 2198 1571 mium:
2233 1532 2429 1576 natura:
2459 1525 2665 1593 quippe,
2714 1542 2816 1580 non
2858 1530 3242 1584 exercitationis
3285 1532 3411 1586 illud
3439 1545 3550 1586 erat

2005 1621 2153 1675 Opus.
2186 1609 2290 1662 llos
2316 1621 2486 1664 autem
2515 1613 2562 1665 in
2593 1615 2821 1668 medium
2843 1617 3091 1671 adductos
3120 1634 3279 1688 regno
3300 1622 3544 1674 carlorum

2004 1700 2287 1761 coronavit,
2314 1700 2512 1767 dicens,
2543 1703 2747 1773 PrOpter
2774 1723 2977 1775 regnum
2997 1709 3247 1760 cwlorum.
3277 1712 3431 1777 Atqui
3457 1728 3548 1763 ne-

2001 1803 2103 1857 que
2130 1788 2234 1852 hic,
2259 1804 2427 1858 neque
2454 1792 2539 1845 ille
2564 1807 2679 1846 cum
2703 1796 2919 1849 muliere
2945 1811 3052 1849 rem
3077 1797 3266 1851 habet:
3294 1798 3385 1851 sed
3408 1799 3541 1851 alter

2000 1879 2331 1946 necessitate,
2355 1881 2490 1935 alter
2510 1898 2633 1937 vero
2655 1886 2919 1953 proposito
2941 1896 3079 1942 recte
3101 1889 3221 1956 agit,
3247 1898 3299 1942 et
3320 1906 3345 1940 ιι
3373 1892 3544 1958 seipso

2000 1969 2121 2021 illud
2146 1979 2372 2037 prtestat.
2394 1972 2726 2037 Hominesne,
2751 1975 2832 2029 die
2852 1975 2998 2041 mihi,
3019 1991 3046 2027 a
3068 1978 3253 2046 scipsis
3275 1978 3371 2031 hoc
3392 1994 3545 2047 agere

1996 2067 2236 2124 possunt,
2277 2067 2330 2112 et
2374 2059 2748 2129 philoSOphari,
2781 2073 2833 2117 et
2862 2064 3021 2133 loqui,
3067 2076 3413 2133 sexcentaque
3438 2069 3538 2121 ala

1996 2149 2282 2215 perlicere:
2310 2150 2611 2217 angelorum
2643 2167 2764 2206 vero
2793 2155 3038 2208 Dominus
3068 2171 3163 2209 nec
3200 2172 3414 2224 parvum
3445 2173 3542 2211 nec

1996 2253 2240 2306 magnum
2271 2240 2391 2307 quid
2415 2256 2441 2293 a
2468 2242 2638 2309 seipso
2665 2258 2819 2311 agere
2846 2245 3069 2312 poterit?
3092 2246 3154 2299 Et
3181 2246 3297 2315 quis
3328 2247 3439 2301 lucc
3461 2250 3538 2301 fe-

1994 2331 2112 2381 rat?
2140 2330 2250 2382 Non
2280 2331 2426 2383 audis
2460 2332 2673 2385 Paulum
2705 2333 3000 2387 dicentem:
3035 2353 3052 2385 ‹
3086 2335 3139 2388 In
3172 2351 3355 2406 magna
3383 2338 3538 2392 domo

1995 2435 2098 2473 non
2126 2423 2293 2474 solum
2325 2432 2445 2475 sunt
2475 2438 2595 2475 vasa
2617 2438 2769 2476 aurea
2801 2432 2852 2477 et
2879 2434 3142 2492 argentea,
3178 2427 3266 2479 sed
3292 2428 3447 2480 etiam
3471 2429 3534 2479 li-

1991 2525 2120 2578 gnea
2149 2519 2201 2564 et
2223 2512 2416 2575 fictilia,
2441 2512 2675 2580 quasdam
2709 2514 2756 2565 in
2788 2514 3057 2577 honorem,
3083 2515 3317 2582 qumdam
3359 2527 3531 2573 autem

1990 2601 2039 2653 in
2070 2603 2451 2655 contumeliam.
2482 2602 2535 2654 Si
2562 2603 2675 2670 quis
2697 2618 2818 2670 ergo
2838 2604 3192 2658 emundaverit
3222 2622 3277 2658 se
3296 2607 3359 2658 ab
3386 2608 3530 2673 ipsis,

1988 2692 2086 2741 erit
2113 2694 2270 2743 vasin
2299 2691 2569 2753 honorem,
2601 2692 2973 2745 sanctificatum
2993 2693 3210 2747 Domino
3246 2712 3263 2745 ο
3293 2695 3367 2763 (2.
3400 2695 3529 2750 Tim.

1986 2780 2036 2831 2.
2068 2780 2296 2847 20.21).

2056 2869 2106 2922 3.
2150 2867 2305 2921 Vides
2332 2868 2424 2922 hos
2449 2870 2602 2923 etiam
2648 2886 2703 2924 se
2728 2886 2790 2924 ex
2833 2872 3016 2940 scipsis
3043 2872 3357 2927 emendare?
3398 2876 3529 2928 lllud

1985 2958 2123 3010 enim
2169 2957 2461 3025 significant
2511 2959 2651 3012 htec:
2677 2959 2735 3012 Si
2765 2961 2870 3027 quis
2918 2961 3132 3025 scipsunt
3174 2963 3523 3016 emundaverit.

1982 3046 2115 3112 Quid
2143 3061 2266 3113 ergo
2295 3046 2419 3098 illud
2451 3057 2529 3099 est
2552 3048 2687 3115 quod
2713 3048 2935 3101 dicitur?
2958 3047 3010 3103 Si
3041 3065 3157 3102 cum
3187 3050 3525 3105 familiaribus

1983 3145 2182 3189 tantum
2210 3146 2263 3190 et
2303 3138 2480 3190 amicis
2508 3152 2679 3191 sermo
2710 3148 2867 3203 esset,
2908 3144 3013 3207 jam
3058 3142 3365 3195 solutionem
3392 3153 3526 3195 attu-

1981 3225 2154 3278 lissem
2177 3243 2188 3277 :
2212 3226 2330 3293 quia
2356 3241 2478 3279 vero
2500 3242 2618 3279 cum
2651 3228 2872 3280 inimicis
2912 3238 2963 3281 et
3002 3229 3237 3283 hostibus
3265 3246 3348 3283 res
3379 3233 3525 3285 nobs

1979 3322 2077 3377 est,
2110 3329 2288 3368 eorum
2320 3330 2524 3382 quoque
2566 3326 2865 3383 argumenta
2908 3317 3222 3370 confutanda
3260 3330 3399 3382 sunt,
3428 3322 3521 3372 atl-

1980 3402 2130 3454 dueta
2164 3402 2336 3455 denuo
2365 3404 2413 3455 in
2439 3402 2664 3455 medium
2694 3404 2943 3469 clausula,
2970 3414 3024 3457 ut
3061 3421 3172 3459 eam
3217 3408 3292 3459 sic
3323 3412 3521 3476 pchpi-

1978 3508 2126 3545 cuam
2150 3492 2447 3546 reddamus.
2480 3493 2627 3557 Quod
2651 3494 2787 3546 enim
2816 3496 3075 3563 possimus
3113 3512 3174 3549 ex
3216 3498 3365 3550 nobis
3395 3498 3523 3565 ipsis

1978 3581 2146 3634 facere
2169 3590 2220 3633 et
2258 3582 2450 3646 dicere,
2478 3582 2603 3635 satis
2630 3593 3091 3636 commonstratum
3120 3594 3216 3637 est.
3247 3584 3355 3639 Nisi
3385 3589 3521 3639 enim

1978 3670 2102 3723 illud
2133 3680 2288 3733 esset,
2314 3686 2636 3739 nequaquam
2666 3686 2758 3739 pro
2789 3671 2936 3725 bonis
2970 3673 3214 3739 operibus
3240 3688 3521 3727 coronare-

1976 3776 2109 3812 mur.
2153 3760 2551 3827 lnlerrogandus
2593 3762 2777 3813 iterum
2809 3771 2888 3813 est
2915 3759 3380 3826 litereticuszQuid
3422 3774 3520 3825 est,

1976 3848 2091 3902 Nisi
2119 3850 2237 3917 quid
2263 3851 2432 3901 viderit
2462 3850 2661 3901 Patrem
2704 3852 2978 3918 facientem,
3012 3851 3135 3903 nihil
3178 3867 3207 3902 a
3251 3852 3409 3919 seipso
3441 3856 3519 3920 [u-

1975 3954 2082 3989 ccre
2107 3938 2300 4005 potest?
2325 3937 2403 3989 Ab
2444 3938 2541 3990 hoc
2566 3938 2701 3989 enim
2743 3938 2902 4002 dicto,
2930 3938 3157 4005 inquam,
3184 3955 3287 3990 non
3313 3940 3375 3990 ab
3407 3940 3520 4006 ejus

1976 4028 2433 4095 interpretatione;
2466 4029 2568 4079 imo
2600 4028 2770 4094 potius
2801 4042 2967 4095 neque
2990 4042 3017 4079 a
3045 4028 3203 4089 dicto,
3229 4028 3320 4080 sed
3348 4045 3372 4077 a
3399 4044 3519 4095 pra-

1974 4134 2032 4171 va
2080 4119 2441 4171 limreticorum
2488 4120 2931 4185 interpretatione,
2980 4119 3170 4185 duplex
3221 4121 3519 4172 necessario

1971 4210 2241 4263 statuenda
2272 4211 2466 4263 ereatio
2497 4211 2617 4262 erit.
2647 4209 2918 4274 Quomodo
2949 4217 2999 4262 et
3022 4224 3119 4277 qua
3146 4209 3380 4263 ratione?
3406 4210 3521 4262 Nisi

1970 4301 2087 4366 quid
2108 4301 2299 4359 viderit,
2333 4300 2517 4366 inquit,
2548 4297 2748 4350 Patrem
2774 4296 3050 4366 facientem,
3081 4299 3203 4350 nihil
3228 4304 3393 4366 facere
3424 4318 3515 4367 po-

1973 4398 2078 4439 test.
2110 4388 2246 4455 Ergo
2272 4401 2488 4439 necesse
2512 4400 2721 4453 prorsus
2748 4388 2867 4451 erit,
2890 4400 3006 4439 esse
3031 4400 3186 4453 opera
3211 4386 3376 4439 Patris
3398 4401 3515 4453 pcr-

1971 4475 2133 4537 fecta;
2158 4484 2207 4527 et
2229 4489 2343 4527 esse
2366 4476 2461 4526 alia
2486 4474 2619 4537 Filii,
2647 4490 2760 4541 qua:
2784 4475 2891 4542 ipse
2913 4476 2974 4526 ad
2998 4485 3205 4540 paterna
3232 4474 3517 4541 respiciens

1972 4566 2242 4618 creaverit.
2275 4564 2380 4616 Nisi
2426 4563 2709 4631 quidpiam,
2757 4564 2940 4631 inquit,
2984 4563 3255 4614 facientem
3309 4562 3510 4624 viderit,

1971 4670 2073 4707 non
2106 4653 2243 4707 facit.
2270 4652 2335 4706 Ut
2352 4668 2473 4720 ergo
2496 4653 2684 4716 videat,
2714 4666 2926 4706 necesse
2942 4660 3021 4704 est
3048 4666 3203 4720 opera
3223 4666 3359 4703 esse.
3382 4650 3513 4715 Quid

1970 4746 2130 4814 ergo?
2154 4759 2329 4812 quaeso
2349 4754 2427 4796 te:
2456 4760 2610 4796 unum
2636 4742 2867 4795 videmus
2889 4745 3074 4802 solem,
3102 4758 3222 4795 num
3242 4742 3370 4795 duos
3388 4742 3511 4794 mihi

1970 4845 2257 4887 monstrare
2300 4844 2467 4900 potes,
2511 4842 2563 4884 ut
2602 4846 2758 4884 unum
2787 4846 2813 4883 a
2850 4831 3000 4883 Patre
3047 4832 3253 4895 factum,
3286 4832 3439 4883 alium
3484 4848 3511 4883 a

1969 4924 2099 4975 Filio
2138 4921 2403 4989 suSpicer?
2434 4936 2552 4972 num
2583 4921 2712 4971 duas
2754 4919 2923 4981 lunas,
2963 4918 3044 4971 vel
3089 4928 3272 4981 terras,
3302 4920 3381 4972 vel
3410 4921 3511 4970 duo

1968 5015 2167 5067 maria?
2194 5024 2244 5066 et
2275 5013 2351 5064 sic
2379 5011 2442 5064 de
2470 5012 2674 5063 eteteris
2713 5010 2951 5062 omnibus
2969 5010 2991 5059 ’ἔ
3021 5010 3207 5062 Verum
3238 5010 3335 5061 huc
3364 5025 3512 5060 num-

1967 5121 2117 5174 quam
2164 5102 2391 5156 dixeris:
2416 5114 2549 5153 unus
2587 5100 2778 5168 quippe
2808 5099 2883 5152 sol
2928 5108 3027 5152 est.
3059 5099 3328 5164 Quomodo
3360 5098 3511 5165 igitur

1967 5195 2090 5246 nihil
2122 5192 2259 5254 facit,
2289 5190 2383 5243 nisi
2406 5190 2593 5242 viderit
2613 5189 2817 5241 Patrem
2847 5188 3151 5241 facientem?
3173 5187 3344 5239 Solem
3366 5186 3512 5253 cujus

1968 5298 2095 5351 opus
2122 5296 2237 5335 esse
2264 5281 2373 5330 vis?
2401 5295 2467 5331 an
2499 5278 2697 5331 Patris?
2728 5277 2824 5330 Ubi
2855 5292 2979 5344 ergo
3014 5278 3130 5329 Filii
3158 5277 3269 5328 Sol?
3313 5277 3389 5328 An
3424 5277 3508 5328 Fi-

1967 5371 2053 5423 lii?
2081 5370 2176 5423 Ubi
2208 5381 2330 5435 ergo
2357 5368 2431 5418 sol
2462 5366 2647 5429 Patris,
2670 5380 2820 5433 quem
2854 5364 3032 5417 videns
3054 5364 3236 5427 Filius,
3268 5364 3421 5415 alium
3443 5366 3510 5416 si-

1966 5460 2138 5512 milem
2168 5457 2380 5510 fecerit?
2402 5454 2670 5521 Quomodo
2695 5454 2851 5507 stabit
2872 5453 3015 5512 illud,
3043 5450 3223 5504 Omnia
3250 5454 3507 5519 pt’fipsttttt

1968 5554 2096 5619 facta
2128 5557 2259 5609 sunt,
2290 5557 2331 5599 et
2353 5548 2457 5598 sine
2475 5546 2582 5611 ipso
2612 5550 2796 5613 factum
2824 5554 2890 5595 est
2917 5542 3041 5594 nihil
3071 5540 3243 5608 (Joan.
3270 5544 3315 5593 i.
3346 5542 3433 5606 5)?
3453 5540 3507 5593 Si

1967 5639 2102 5689 enim
2131 5638 2304 5687 omnia
2334 5649 2425 5699 per
2473 5634 2661 5700 ipsum,
2692 5630 2826 5695 quod
2858 5642 3059 5696 tempus
3086 5628 3309 5681 adscribi
3343 5637 3510 5695 potest

1969 5726 2085 5779 huic
2143 5723 2432 5775 divisioni?
2486 5720 2662 5773 Vitlen‘
2709 5718 3024 5771 ratiocinia?
3085 5718 3342 5785 quomodo
3420 5730 3511 5769 vos
