4112 6490
586 428 691 481 251

585 535 727 602 ipsos
761 526 1070 598 implicatis,
1114 537 1174 577 ac
1217 521 1546 576 mendacium
1592 520 1823 589 seipsum
1868 516 2133 586 coarguit?

653 621 804 676 Aliud
831 627 1174 689 argumentum
1211 623 1383 667 contra
1428 611 1709 665 Anomwos.
1760 609 1871 674 Quo
1910 609 1962 661 in
2007 616 2141 661 statu

584 715 713 769 orbis
736 711 883 782 fuerit
910 719 1023 762 ante
1053 707 1234 760 Christi
1265 703 1670 756 incarnationem.
1700 730 1771 741 —-
1795 700 1930 754 Ecce
1958 713 2138 752 eorum

584 805 741 858 allata
784 798 1230 869 interpretatione,
1274 793 1536 862 quomodo
1563 789 2140 857 demonstravi,ipsam

587 911 614 946 a
644 893 814 961 seipsa
845 889 1045 959 impeti.
1073 887 1174 942 Sed
1203 895 1254 940 et
1282 884 1404 938 illud
1429 883 1595 938 libens
1623 881 1791 936 adhuc
1816 894 2138 950 quaarerem:

586 986 714 1053 Quis
760 997 969 1039 carnem
1019 989 1248 1035 nostram
1297 976 1597 1044 assumpsit,
1646 983 1698 1028 et
1745 974 1797 1027 in
1837 973 2142 1041 virginalem

586 1079 789 1131 vulvam
815 1072 1339 1130 descendit?Patcrne
1351 1086 1416 1122 an
1439 1066 1736 1122 FlllUS?dlC
1763 1065 1911 1118 mihi.
1935 1063 2140 1127 Nonne,

587 1179 645 1222 nt
674 1168 912 1221 omnibus
934 1166 1100 1232 palam
1128 1173 1226 1226 est,
1267 1162 1565 1230 unigenitus
1592 1159 1682 1212 Dei
1711 1156 1907 1210 Filius?
1937 1154 2141 1208 Etenim

591 1260 778 1311 Paulus
805 1258 878 1310 sic
904 1249 975 1310 ait
1005 1273 1017 1308 :
1052 1273 1070 1306 ‹
1109 1254 1219 1307 lloe
1251 1258 1439 1306 sentite
1487 1250 1536 1302 in
1581 1247 1758 1307 vobis,
1802 1243 1940 1314 quod
1988 1251 2040 1295 et
2094 1242 2141 1293 in

587 1349 797 1402 Christo
842 1345 986 1409 Jesu,
1018 1346 1105 1415 qui
1134 1359 1252 1398 cmn
1290 1344 1339 1397 in
1371 1341 1532 1395 forma
1562 1339 1651 1392 Dei
1683 1345 1840 1398 esset,
1874 1349 1978 1388 non
2007 1333 2145 1401 rapi-

590 1455 709 1493 nam
736 1439 1015 1492 arbitratus
1035 1445 1253 1490 estesse
1277 1448 1333 1488 se
1365 1431 1617 1501 mqualetn
1650 1429 1788 1490 Deo;
1834 1425 1924 1480 sed
1947 1432 2143 1478 semet-

591 1531 757 1598 ipsum
785 1528 1068 1583 exinanivit
1093 1526 1309 1580 formam
1339 1523 1474 1578 servi
1499 1520 1758 1588 accipiens
1788 1538 1805 1568 ι
1841 1515 2064 1587 (Philip.
2087 1513 2141 1566 2.

589 1621 764 1690 5-7).
797 1620 879 1684 Et,
917 1637 935 1670 ι
966 1617 1260 1671 MisitDeus
1281 1615 1466 1667 Filimn
1498 1627 1646 1665 suum
1676 1609 2018 1679 unigenitum,
2069 1604 2147 1658 fa-

589 1721 728 1764 etum
778 1725 842 1763 ex
885 1707 1120 1769 muliere,
1166 1705 1357 1759 factum
1403 1703 1500 1757 sub
1553 1702 1664 1770 lege
1698 1719 1715 1752 ι
1769 1698 1922 1770 (Gal.
1970 1697 2024 1750 4.
2052 1692 2139 1761 4).

590 1801 872 1868 Omnisque
895 1798 1181 1867 Scriptura,
1211 1805 1319 1850 tum
1344 1803 1496 1849 vetus
1524 1803 1630 1846 tum
1658 1806 1812 1854 nova,
1847 1784 2146 1856 hujusmodi

590 1891 904 1944 tesdmoniis
928 1889 1079 1958 plena
1114 1896 1215 1952 est,
1244 1887 1461 1956 ipsaque
1489 1899 1646 1952 epcra
1674 1883 1922 1943 clamant,
1955 1878 2146 1947 Unige-

591 1983 758 2035 nilum
799 1982 1124 2034 incarnatum
1165 1992 1304 2042 esse,
1359 1990 1460 2028 non
1489 1975 1714 2027 Patrem.
1770 1971 1955 2026 Utrum
1991 1968 2146 2038 igitur

590 2073 774 2136 Filius,
806 2076 920 2126 viso
947 2071 1096 2124 Patre
1115 2071 1381 2124 incarnato
1402 2068 1699 2119 incarnatus
1725 2074 1777 2119 et
1802 2064 1915 2132 ipse
1934 2060 2140 2128 est‘!(a)

593 2162 612 2234 [
642 2164 819 2233 Neque
844 2164 982 2217 enim
1016 2162 1313 2215 incarnatus
1339 2158 1562 2230 fuisset],
1603 2157 1701 2210 nisi
1731 2156 1945 2208 vidisset
1977 2155 2146 2223 ipsum

589 2256 912 2308 incarnatnm
946 2270 958 2304 :
986 2252 1240 2320 siquidem
1263 2249 1378 2303 Non
1407 2258 1563 2318 potest
1581 2265 1611 2300 a
1631 2248 1792 2315 seipso
1818 2246 1980 2313 facere
2005 2243 2149 2310 quid—

589 2360 760 2410 quam,
790 2343 887 2396 nisi
910 2343 1083 2394 viderit
1124 2340 1326 2392 Patrem
1355 2339 1634 2408 facientem.
1680 2335 2021 2402 Quandonam
2050 2333 2147 2386 hoc

592 2433 800 2486 Patrem
839 2433 1114 2485 facientem
1159 2431 1366 2496 viderit,
1422 2430 1599 2484 dicere
1650 2443 1754 2481 non
1805 2426 1991 2496 possis.
2039 2424 2148 2478 Nec

590 2536 716 2576 vero
763 2531 912 2591 putes
954 2534 1170 2589 parvum
1224 2518 1274 2572 id
1328 2532 1462 2583 esse,
1504 2517 1642 2586 quod
1673 2517 1862 2569 factum
1892 2523 1989 2569 est.
2017 2514 2146 2568 Nam

589 2623 744 2683 caput
767 2614 945 2668 salutis
974 2623 1164 2666 nostrae
1199 2610 1484 2665 incarnatio
1515 2607 1775 2677 Unigeniti
1805 2615 1904 2672 est,
1936 2615 1989 2659 et
2036 2605 2149 2673 ejus

589 2707 653 2759 ad
685 2721 780 2759 nos
804 2719 965 2774 usque
993 2703 1256 2758 demissio.
1303 2706 1592 2770 Antequam
1625 2701 1761 2754 enim
1787 2699 1946 2752 homo
1977 2699 2146 2760 fieret,

591 2798 785 2851 malitia
811 2796 1137 2868 tyrannidem
1162 2793 1456 2858 exercebat,
1496 2801 1549 2846 et
1593 2791 1997 2861 profundissima
2044 2804 2146 2842 nox

591 2889 762 2942 omnia
790 2887 1094 2956 occupabat,
1119 2895 1276 2955 atque
1307 2885 1496 2953 ubique
1540 2898 1644 2937 arae
1670 2891 1722 2936 et
1762 2881 1952 2950 templa
1987 2879 2151 2933 idolo-

592 2997 730 3046 rum,
758 2980 927 3042 nidor,
963 2978 1135 3032 fumus
1163 2987 1216 3030 et
1263 2985 1521 3029 torrentes
1544 2972 1829 3042 sanguinis,
1864 2987 1964 3024 non
1995 2970 2150 3024 modo

591 3071 763 3123 ovium
788 3069 1068 3135 boumque,
1102 3066 1194 3121 sed
1230 3065 1383 3118 etiam
1408 3064 1699 3117 hominum.
1725 3062 1852 3114 Nam
1876 3062 2150 3128 Sacriﬁca-

593 3168 766 3213 t'erunt
795 3159 924 3226 ﬁlios
946 3173 1060 3209 suos
1105 3165 1151 3209 et
1196 3155 1328 3222 ﬁlias
1371 3170 1486 3208 suas
1514 3153 1769 3206 dwmoniis
1813 3152 1828 3220 (
1857 3151 1995 3204 Psal.
2029 3153 2149 3205 105.

591 3250 702 3319 57)
735 3266 746 3301 :
780 3260 827 3303 et
856 3249 967 3302 haec
993 3247 1229 3317 populus,
1272 3247 1358 3315 qui
1403 3246 1684 3314 prophetas
1724 3244 1948 3298 habebat
1997 3252 2153 3311 atque

594 3341 782 3409 legem,
814 3339 900 3407 qui
933 3339 1021 3392 Dei
1053 3338 1164 3390 visu
1206 3335 1493 3400 fruebatur,
1538 3337 1625 3404 qui
1681 3335 1729 3388 in
1772 3344 1848 3387 tot
1889 3333 2152 3387 miraculis

594 3433 873 3488 itmntrilus
921 3439 1050 3484 erat.
1107 3428 1254 3494 Quod
1297 3429 1337 3480 si
1383 3427 1434 3480 hi
1462 3427 1587 3480 tales
1615 3436 1782 3491 erant,
1825 3427 1990 3495 cogita
2025 3441 2154 3493 quo-

594 3525 750 3579 modo
780 3525 993 3592 reliquae
1037 3523 1179 3576 orbis
1209 3531 1380 3590 partes
1407 3519 1605 3574 auecta:
1633 3517 1846 3584 fuerint,
1896 3533 1922 3569 a
1952 3517 2151 3569 d:emo-

597 3616 749 3669 nibus
774 3616 1064 3681 exagitem,
1116 3612 1213 3663 sub
1244 3611 1486 3678 nequitia:
1519 3609 1842 3676 tyrannidem
1896 3606 2151 3670 rcdactm,

597 3707 755 3762 animi
785 3704 980 3757 morbis
1001 3703 1242 3754 omnibus
1263 3701 1530 3769 subjectte,
1558 3700 1690 3767 ligna
1722 3700 1971 3763 colentes,
2021 3700 2154 3766 lapi-

597 3796 690 3848 des
718 3795 1017 3854 adorantes,
1045 3803 1265 3856 montes,
1293 3793 1473 3855 colles,
1506 3792 1689 3854 saltus,
1721 3791 1955 3852 arbores,
1990 3791 2154 3855 lacus,

600 3888 787 3949 fontes,
819 3886 1024 3939 ﬂuvios.
1073 3884 1264 3951 Ecquid
1295 3893 1482 3938 cretera
1510 3883 2026 3937 eommemoremus?
2075 3883 2154 3935 Ex

602 3976 905 4030 Judmorum
931 3975 1069 4027 enim
1097 3975 1245 4026 malis
1271 3983 1460 4041 quanta
1478 3983 1654 4027 essent
1686 3975 1905 4026 aliorum
1929 3972 2156 4027 facinora

601 4068 779 4120 videre
809 4077 908 4120 est.
949 4084 966 4116 ι
1005 4064 1132 4133 Equi
1179 4064 1408 4117 furentes
1455 4065 1504 4116 in
1550 4063 1767 4117 feminas
1793 4072 1960 4127 erant,
1994 4078 2157 4116 unus-

601 4158 817 4228 quisque
835 4157 897 4209 ad
922 4171 1138 4209 uxorem
1165 4155 1380 4223 proximi
1403 4154 1483 4206 sui
1509 4153 1773 4206 hinniebat
1794 4171 1811 4203 ι
1832 4151 1968 4223 (Jer.
1992 4153 2042 4206 5.
2065 4153 2156 4222 8).

611 4270 628 4300 ι
652 4249 909 4317 Cognovit
933 4248 1026 4300 bos
1060 4259 1414 4316 possessorem
1445 4260 1615 4309 suum,
1645 4253 1697 4296 et
1723 4245 1898 4297 asinus
1928 4258 2161 4311 prmsepe

604 4339 802 4393 domini
833 4338 932 4402 sui,
961 4337 1120 4392 Israel
1143 4346 1314 4389 autem
1344 4352 1427 4390 me
1453 4352 1552 4389 non
1579 4337 1818 4404 cognovit
1855 4355 1871 4385 ι
1901 4333 2059 4405 (lsai.
2107 4337 2157 4388 1.

606 4434 682 4501 5).
706 4450 723 4482 ι
748 4431 918 4484 Canes
944 4429 1092 4492 muti,
1116 4429 1202 4498 qui
1226 4443 1326 4482 non
1343 4435 1619 4497 potuerunt
1641 4427 1832 4479 latrare
1853 4443 1871 4476 ι
1897 4424 2043 4494 (lsai.
2069 4424 2158 4479 56.

609 4524 676 4578 10
704 4525 743 4591 ).
771 4542 789 4574 ι
829 4523 1010 4576 Facies
1042 4521 1330 4574 meretricis
1373 4520 1508 4573 facta
1531 4528 1611 4572 est
1639 4518 1750 4582 tibi,
1801 4518 1936 4584 apud
1981 4532 2162 4571 omnes

608 4613 938 4682 impudenter
957 4612 1148 4680 agebas
1177 4629 1194 4661 ›
1229 4610 1370 4681 (Jer.
1401 4609 1452 4663 5.
1478 4611 1565 4677 5).
1603 4626 1622 4659 ‹
1646 4608 1756 4661 Non
1774 4608 2164 4676 estintelligens

606 4713 693 4756 aut
743 4703 1012 4771 requirens
1057 4701 1264 4754 Deum:
1303 4715 1484 4754 omnes
1533 4700 1943 4763 declinaverunt,
2010 4700 2163 4752 simul

611 4795 816 4846 inutiles
845 4794 963 4846 facti
994 4801 1116 4846 sunt
1147 4812 1164 4843 ι
1197 4793 1214 4862 (
1241 4792 1386 4846 Psal.
1420 4794 1500 4846 15.
1532 4792 1586 4846 2.
1611 4794 1696 4860 5).
1736 4791 1960 4845 Rursum
1984 4791 2117 4844 alius
2148 4809 2163 4846 :

615 4904 632 4934 ‹
675 4885 883 4936 Frustra
917 4884 1238 4952 argentarius
1268 4891 1537 4952 argentum
1565 4882 1754 4936 conflat
1783 4901 1796 4936 :
1838 4883 2048 4935 malitia:
2073 4897 2166 4935 eo-

611 4991 726 5030 rum
785 4991 886 5029 non
935 4986 1054 5030 sunt
1106 4986 1428 5044 consumptae
1464 4995 1481 5027 )
1522 4975 1661 5045 (Jer.
1710 4976 1763 5030 6.
1797 4975 1922 5046 29).
1975 4974 2168 5030 lterum

611 5069 786 5121 alius:
824 5089 837 5116 ι
878 5067 1197 5130 Exsecratio,
1249 5077 1303 5121 et
1346 5067 1692 5132 mendacium,
1751 5076 1803 5120 et
1849 5067 2063 5130 furtum,
2117 5075 2171 5121 et

611 5157 783 5210 caedes
804 5199 816 5218 ,
844 5166 896 5211 et
930 5155 1238 5209 adulterium
1270 5156 1429 5210 effusa
1477 5166 1597 5209 sunt
1643 5172 1802 5224 Super
1845 5166 2032 5210 terram
2059 5197 2072 5219 ,
2117 5163 2172 5210 et

611 5248 914 5315 sanguinem
945 5247 993 5298 in
1025 5246 1278 5313 sanguine
1316 5246 1535 5298 miscent
1565 5265 1582 5297 ι
1633 5249 1649 5315 (
1676 5246 1799 5299 Osee
1837 5247 1887 5300 4.
1911 5247 2000 5314 2).
2036 5246 2174 5299 Rur-

613 5353 728 5388 sum
786 5337 917 5389 alius
951 5355 962 5388 :
999 5336 1092 5390 «Si
1129 5335 1610 5404 ttnttabitEthiops
1665 5337 1849 5404 pellem
1903 5353 2071 5401 suam,
2119 5345 2174 5390 et

617 5427 807 5493 pardus
849 5428 1080 5480 maculas
1111 5443 1251 5492 suas,
1277 5437 1328 5481 et
1349 5429 1571 5497 populus
1601 5429 1683 5481 hic
1713 5430 1903 5498 poterit
1923 5429 2174 5496 judicium

616 5521 803 5584 facere,
821 5535 938 5573 cum
953 5519 1191 5573 didicerit
1209 5521 1337 5573 mala
1363 5539 1378 5571 ι
1403 5520 1535 5589 (Jer.
1554 5522 1636 5574 15.
1655 5521 1768 5591 25).
1789 5522 1932 5575 Alius
1953 5523 2173 5574 iterum:

677 5693 748 5751 tu)
785 5698 972 5761 t'nelms
995 5693 1175 5741 inclusa
1201 5708 1260 5742 ex
1286 5698 1558 5758 conjectura
1578 5699 1856 5758 adjiciuntur
1875 5713 1886 5750 ;
1907 5699 1980 5746 llIS
2002 5702 2179 5762 quippe

614 5753 820 5813 tlentptis
846 5770 933 5800 non
960 5763 1042 5801 stat
1074 5771 1260 5804 sensus.

1291 408 1348 462 S.
1380 406 1653 462 JOANNIS
1687 402 2158 462 CllRYSOSTOMI
2186 400 2498 458 ARCIIIEP.
2537 397 3065 455 CONSTANTINOP.

3710 412 3826 466 252

2251 530 2270 562 ι
2310 512 2398 565 Va:
2424 510 2572 578 mihi,
2595 526 2627 566 ο
2655 511 2851 577 anima,
2889 509 3007 579 quia
3036 507 3187 577 periit
3216 505 3329 575 pius
3357 503 3423 557 de
3454 510 3610 566 terra,
3635 514 3688 557 et
3717 506 3805 572 qui

2246 612 2388 658 recte
2417 603 2571 657 faciat
2586 603 2636 656 in
2656 601 2953 655 hominibus
2973 615 3075 653 non
3096 608 3176 652 est
3195 616 3207 650 ε
3227 612 3410 651 omnes
3431 597 3479 648 in
3495 596 3804 663 sanguinem

2241 693 2477 763 iudicant
2506 712 2524 744 ι
2559 691 2753 762 (Miclt.
2785 693 2838 745 7.
2865 691 2957 760 2).
2989 691 3126 744 Deus
3152 691 3338 742 iterum
3367 705 3379 740 :
3411 705 3428 740 ι
3463 685 3596 740 Odia
3624 686 3805 744 habui,

2251 786 2418 855 repuli
2444 784 2756 840 festivitates
2800 791 3022 846 vestras,
3063 789 3118 835 et
3165 796 3268 834 non
3311 776 3573 832 odorabor
3606 775 3806 829 hostias

2248 877 2299 930 in
2328 875 2671 932 conventibus
2699 875 2886 928 vestris
2915 891 2933 925 ι
2964 873 3152 943 (Amos
3181 871 3235 926 5.
3263 869 3325 923 αι
3351 868 3390 938 ).
3421 867 3562 922 Elias
3590 874 3766 919 autem
3792 882 3806 917 :

2253 985 2271 1017 ‹
2306 967 2501 1020 Altaria
2531 976 2615 1019 tua
2633 965 3020 1026 subverterunt,
3048 972 3100 1016 et
3134 961 3415 1031 prophetas
3457 967 3573 1012 tuos
3595 957 3807 1012 occide-

2247 1066 2396 1116 runt;
2430 1064 2481 1107 et
2498 1070 2598 1122 ego
2636 1054 2851 1108 relictus
2872 1067 2986 1107 sum
3012 1053 3174 1114 solus,
3219 1058 3272 1104 et
3314 1056 3553 1117 qumrunt
3578 1046 3808 1099 animam

2248 1160 2416 1196 meam
2455 1163 2472 1195 ι
2510 1146 2596 1211 (5.
2631 1146 2755 1214 Reg.
2787 1144 2871 1199 19.
2909 1141 3031 1214 10).
3083 1142 3308 1196 Rursum
3341 1140 3512 1192 Deus:
3545 1155 3564 1188 ι
3600 1136 3809 1203 Reliqui

2247 1233 2458 1285 domum
2483 1250 2674 1300 meam,
2716 1232 2888 1287 dimisi
2921 1231 3264 1286 hereditatem
3293 1243 3482 1293 meam,
3511 1227 3632 1281 dedi
3677 1225 3809 1281 dile-

2248 1331 2384 1373 ctam
2406 1324 2633 1376 animam
2649 1339 2816 1376 meam
2836 1323 2887 1375 in
2913 1336 3096 1375 manus
3123 1321 3448 1373 inimicorum
3475 1317 3587 1385 ejus
3614 1336 3632 1368 ι
3664 1317 3807 1384 (Jer.

2252 1411 2458 1478 12.7).
2515 1411 2677 1465 David
2720 1413 2954 1465 iterum:
3006 1409 3454 1464 «Immolaverunt
3501 1407 3638 1460 ﬁlios
3683 1421 3810 1459 suos

2250 1509 2303 1553 et
2332 1500 2463 1554 filias
2505 1515 2625 1554 suas
2649 1501 2942 1566 dmmoniis,
2967 1510 3018 1553 et
3057 1499 3354 1554 effuderunt
3376 1497 3682 1566 sanguinem
3727 1497 3810 1548 in-

2250 1599 2554 1657 nocentem,
2605 1593 2908 1660 sanguinem
2949 1591 3169 1646 filiorum
3211 1604 3426 1646 suorum
3456 1598 3508 1644 et
3529 1587 3751 1642 filiarum
3782 1607 3806 1638 ο

2251 1680 2426 1749 (Paul.
2453 1681 2572 1735 106.
2601 1683 2687 1734 57.
2706 1681 2773 1735 58
2791 1683 2830 1750 ).

2324 1771 2375 1823 4.
2406 1770 2648 1823 Vidistin‘
2684 1770 2898 1823 malitia:
2928 1768 3295 1840 tyrannidem?
3323 1766 3495 1822 Canes
3523 1765 3734 1820 fuerunt
3761 1777 3815 1820 et

2251 1863 2391 1931 equi.
2422 1871 2476 1917 et
2495 1863 2655 1916 asinis
2687 1862 3022 1930 stupidiores,
3061 1861 3327 1928 bobusque
3373 1857 3810 1919 insensibiliores,

2252 1951 2305 2004 in
2336 1951 2602 2020 ipsamque
2629 1962 2866 2004 naturam
2907 1951 3246 2004 insanierunt.
3270 1947 3375 2002 Sed
3422 1959 3541 2016 post
3569 1947 3813 2000 incarna-

2255 2043 2448 2095 tionem
2476 2043 2669 2096 Christi
2693 2043 2817 2112 quid
2843 2042 2916 2095 ait
2939 2041 3249 2109 Scriptura?
3275 2040 3428 2092 Pater
3449 2048 3635 2103 noster,
3658 2038 3742 2106 qui
3761 2054 3814 2090 es

2251 2133 2457 2186 intretis
2498 2133 2722 2203 (Matth.
2754 2134 2806 2186 6.
2837 2133 2930 2202 9).
2980 2133 3213 2186 Antehac
3251 2131 3455 2184 diccbat
3487 2129 3752 2198 Scriptura
3793 2146 3809 2179 :

2265 2225 2400 2276 Vade
2417 2224 2483 2275 ad
2504 2226 2783 2292 formicam,
2810 2225 2948 2292 piger
2973 2223 2990 2291 (
3015 2221 3167 2274 Prov.
3206 2223 3255 2275 6.
3286 2219 3353 2290 6)
3376 2237 3389 2280 ;
3417 2230 3534 2290 post
3555 2221 3666 2272 |ta3c
3688 2234 3815 2271 vem

2253 2315 2409 2369 etiam
2440 2314 2724 2384 adoptione
2764 2313 2958 2381 dignati
3008 2327 3208 2373 smnus,
3255 2321 3308 2364 et
3352 2311 3481 2363 caelo
3530 2308 3813 2376 adscripti,

2253 2421 2370 2460 cum
2393 2406 2592 2474 angelis
2611 2405 2801 2458 choros
2829 2405 3050 2473 agimus,
3077 2413 3129 2456 ct
3160 2404 3389 2471 ipsorum
3431 2408 3614 2454 cantus
3656 2399 3816 2467 parti-

2252 2499 2396 2566 cipes
2421 2511 2620 2561 sumus,
2643 2511 2705 2549 ac
2735 2510 2852 2550 cum
2885 2494 3205 2562 incorporeis
3230 2492 3571 2561 potestatibus
3597 2503 3818 2542 concer-

2255 2597 2446 2641 tamus.
2475 2588 2672 2642 Sublati
2703 2596 2822 2640 sunt
2856 2587 3038 2649 colles,
3069 2584 3239 2638 diruta
3268 2593 3390 2637 sunt
3421 2583 3631 2650 templa.
3661 2581 3818 2647 Lapis

2255 2692 2373 2732 esse
2397 2676 2529 2745 lapis
2552 2677 2691 2730 visus
2717 2685 2813 2739 est,
2845 2683 2898 2729 et
2927 2675 3122 2744 lignum
3151 2689 3270 2728 esse
3301 2674 3492 2741 lignum
3517 2672 3819 2740 deprchen-

2255 2784 2370 2822 sum
2411 2776 2524 2832 est,
2577 2768 2897 2836 arboresque
2936 2767 3182 2830 arbores;
3233 2766 3402 2819 fontes
3450 2765 3572 2817 item
3622 2763 3814 2816 fontes.

2256 2859 2384 2925 Quia
2415 2861 2553 2913 enim
2603 2859 2694 2912 Sol
2739 2859 2956 2927 justitia:
3000 2859 3167 2912 illuxit
3213 2857 3380 2926 (Mal.
3411 2858 3464 2910 4.
3499 2857 3587 2925 2),
3639 2871 3816 2909 rerum

2255 2950 2483 3004 ostendit
2510 2959 2769 3015 naturam,
2794 2965 2947 3019 quam
2970 2951 3111 3018 prius
3137 2949 3512 3004 obtcnebrabat
3536 2963 3636 3001 nox
3664 2963 3817 3001 erro-

2257 3043 2350 3107 ris,
2399 3042 2784 3110 etignorauthe
2813 3041 3064 3110 profunda
3115 3042 3318 3109 caligo,
3364 3056 3480 3109 qnzn
3520 3054 3700 3093 eorum
3729 3040 3819 3108 qui

2257 3132 2458 3201 decepti
2489 3142 2641 3186 erant
2692 3132 2872 3185 oculos
2901 3130 3205 3184 oll'uscabat.
3244 3130 3345 3184 Sed
3377 3138 3651 3197 postquam
3682 3127 3817 3181 den-

2258 3239 2370 3277 sam
2399 3222 2595 3277 erroris
2623 3223 2811 3276 nubem
2859 3222 2998 3277 Solis
3023 3221 3237 3290 justitia:
3284 3221 3462 3274 radius
3513 3219 3818 3286 dissipavit,

2259 3316 2449 3383 ubique
2475 3315 2561 3367 lux
2587 3325 2667 3368 est
2689 3324 2743 3366 et
2764 3314 2897 3377 dies,
2940 3314 3044 3366 imo
3072 3313 3340 3381 splendida
3377 3311 3684 3379 stabilisque
3731 3310 3818 3362 lux

2260 3405 2568 3458 meridiana.
2616 3403 2791 3457 Persa:
2828 3404 3007 3469 etiam,
3039 3404 3126 3472 qui
3161 3413 3353 3456 matres
3400 3417 3522 3455 suas
3551 3402 3601 3453 in
3627 3415 3822 3453 uxores

2258 3498 2552 3562 ducebant,
2608 3497 2955 3565 virginitatem
3000 3509 3138 3548 nunc
3181 3505 3444 3548 exercent.
3493 3491 3670 3561 thui
3698 3503 3822 3544 ante

2261 3590 2395 3643 filios
2417 3604 2542 3643 suos
2569 3590 2718 3657 quasi
2738 3603 2838 3642 non
2868 3596 3209 3656 agnoscentes
3235 3587 3550 3645 mactabant.
3584 3586 3820 3638 omnium

2259 3680 2664 3732 mansuetissimi
2697 3689 2750 3731 et
2795 3677 3056 3731 mitissimi
3098 3688 3236 3730 sunt.
3272 3678 3399 3744 Lupi
3428 3678 3600 3728 ovium
3656 3677 3824 3728 instar

2261 3769 2518 3822 mansueti
2569 3775 2878 3830 evaserunt;
2923 3767 3028 3819 imo
3078 3766 3233 3820 etiam
3285 3767 3316 3817 ii
3367 3765 3456 3833 qui
3504 3764 3640 3832 lupis
3695 3765 3824 3833 ipsis

2263 3859 2598 3913 innnauioros
2628 3867 2794 3912 erant.
2827 3858 3002 3927 Lupus
3029 3859 3166 3911 enim
3208 3866 3445 3910 naturam
3469 3871 3570 3910 non
3595 3858 3820 3925 ignorat,

2263 3951 2352 4004 sed
2375 3950 2609 4018 agnoscit
2638 3949 2800 4002 fetum
2834 3969 2849 4002 :
2883 3949 3123 4002 homines
3143 3959 3314 4002 autem
3352 3950 3509 4001 etiam
3549 3948 3653 4002 illis
3681 3947 3822 4001 fero-

2262 4043 2433 4095 ciores
2459 4049 2628 4094 erant.
2655 4040 2757 4094 Sed
2799 4049 2916 4108 post
2955 4040 3363 4094 incarnationem
3389 4039 3652 4108 Unigeniti
3683 4039 3827 4108 ejus-

2264 4146 2364 4199 que
2395 4131 2857 4198 dispensationem,
2886 4129 3050 4197 ejecta
3094 4129 3317 4193 feritate,
3359 4130 3422 4182 ad
3453 4131 3683 4197 priorem
3735 4146 3824 4183 rc-

2266 4220 2401 4272 vcrsi
2431 4227 2554 4273 sunt
2579 4219 2904 4272 nobilitatem
2931 4235 2945 4282 ;
2974 4218 3082 4272 imo
3128 4219 3194 4272 ad
3241 4219 3528 4288 angelicam
3577 4219 3824 4274 virtutem

2266 4310 2431 4363 evecti
2454 4320 2593 4363 sunt.
2622 4308 2687 4361 Et
2711 4308 2933 4362 antehac
2956 4308 3110 4362 urbes
3139 4308 3347 4376 quidem
3378 4317 3529 4361 erant
3555 4309 3828 4376 impietate

2268 4400 2436 4468 plenae
2488 4418 2500 4452 :
2550 4399 2704 4452 hodie
2744 4407 2918 4452 autem
2946 4398 3100 4452 etiam
3140 4398 3365 4451 solitudo
3393 4398 3825 4466 philosophatur,

2269 4505 2472 4543 necnon
2499 4488 2699 4557 tuguria
2730 4487 3106 4542 monachorum
3135 4487 3184 4540 in
3213 4489 3475 4540 montibus
3503 4495 3557 4541 et
3582 4488 3826 4552 saltibus,

2270 4579 2580 4633 imitantium
2628 4578 2789 4646 ipsam
2829 4579 3133 4646 angelorum
3167 4578 3346 4642 vitam,
3377 4586 3653 4646 postquam
3692 4594 3830 4646 pra:-

2268 4680 2464 4724 sentem
2492 4677 2765 4723 exuerunt.
2794 4669 2859 4720 At
2900 4665 3023 4735 quid
3049 4681 3181 4736 epus
3223 4677 3303 4721 cst
3356 4668 3631 4721 verborum
3663 4683 3831 4736 appa-

2271 4771 2407 4824 ratu,
2435 4775 2553 4814 eum
2587 4775 2671 4812 res
2704 4759 2830 4827 ipsa:
2867 4758 3164 4826 loquantur,
3193 4768 3245 4811 et
3273 4758 3383 4811 sole
3412 4759 3602 4812 clarius
3645 4770 3828 4812 osten-

2271 4853 2396 4905 dant
2427 4851 2699 4913 beneficia,
2724 4866 2839 4919 qua:
2869 4858 2983 4918 post
3019 4848 3378 4902 admirandum
3425 4849 3567 4902 illum
3619 4859 3672 4902 et
3722 4849 3834 4916 Spi-

2272 4943 2513 4996 ritualem
2558 4940 2771 5010 virginis
2821 4950 3025 5009 partum
3052 4981 3066 5002 ,
3120 4955 3181 4993 ac
3229 4948 3345 5007 post
3388 4939 3830 5008 dispensationem

2276 5031 2808 5100 incarnationemque,
2831 5039 2997 5084 totum
3017 5030 3195 5083 orbem
3218 5029 3571 5098 occuparunt?
3591 5033 3832 5084 Attamen

2278 5132 2472 5176 tantum
2507 5131 2711 5190 tamque
2741 5122 3046 5189 prmclarum
3078 5135 3208 5187 opus
3229 5137 3256 5172 a
3285 5120 3456 5188 seipso
3508 5120 3646 5177 fecit.
3694 5121 3833 5187 quod

2277 5221 2327 5266 et
2352 5212 2540 5264 clamat
2570 5211 2755 5264 Paulus
2784 5210 2964 5264 dicens
2993 5227 3005 5261 :
3039 5209 3134 5274 Qui
3159 5227 3268 5262 cum
3290 5211 3339 5261 in
3361 5214 3521 5278 [arma
3557 5207 3655 5261 Dei
3687 5220 3834 5274 esset,

2279 5319 2375 5355 non
2415 5303 2641 5369 rapinam
2677 5301 2942 5353 arbitratus
2977 5310 3051 5353 est
3096 5317 3200 5353 esse
3231 5317 3282 5353 se
3320 5302 3555 5369 aequalem
3598 5299 3720 5362 Deo,
3750 5302 3839 5352 sed

2279 5392 2595 5458 semetipsum
2615 5391 2900 5455 exinanivit,
2929 5390 3144 5458 formam
3174 5390 3301 5442 servi
3327 5391 3568 5459 accipiens
3598 5390 3615 5457 (
3641 5389 3838 5457 Philip.

2279 5481 2329 5533 2.
2361 5481 2413 5532 6.
2444 5478 2531 5546 7).
2559 5478 2741 5545 Audis,
2770 5479 3031 5543 hatretice,
3058 5477 3194 5547 quod
3213 5478 3845 5545 seipsumexinaniverit?

2283 5575 2358 5627 Ac
2384 5587 2566 5625 rursus
2588 5573 2705 5624 alibi
2733 5589 2744 5623 :
2794 5591 2811 5623 ε
2847 5573 2994 5627 Sicut
3021 5579 3073 5624 et
3121 5570 3360 5624 Christus
3412 5567 3597 5622 dilexit
3639 5584 3760 5633 nos,
3793 5582 3848 5625 et

2285 5661 2495 5714 tradidit
2523 5660 2858 5728 semetipsum
2895 5675 2987 5726 pro
3017 5659 3165 5711 nobis
3191 5657 3506 5711 oblationem
3537 5667 3590 5711 et
3615 5657 3846 5714 hostiam

2290 5753 2394 5804 Deo
2421 5750 2469 5804 in
2497 5750 2709 5804 odorem
2739 5748 3006 5802 suavitatis
3043 5765 3060 5796 ι
3097 5745 3315 5817 (Ep/tes.
3346 5747 3399 5802 5.
3425 5746 3516 5817 2).
3547 5747 3645 5812 Qui
3682 5750 3846 5804 ctiam
