4066 6456
254 418 358 472 251

248 526 354 595 ἴδη,
394 522 606 593 ἀνάγκη
645 520 866 577 εἶναιτὰ
898 525 1050 596 ἔργα.
1091 520 1298 591 Τίοῦν;
1334 526 1452 578 εἰπέ
1488 543 1595 594 μοι·
1635 527 1726 578 ἕνα
1753 527 1900 594 ἥλιον

247 607 480 676 ὁρῶμεν,
510 607 586 676 μὴ
609 606 704 659 δύο
729 607 894 672 δεῖξαί
932 625 1018 677 μοι
1041 608 1267 680 δυνήσῃ,
1307 607 1390 660 ἵνα
1423 609 1513 661 τὸν
1540 609 1636 678 μὲν
1667 610 1758 660 τοῦ
1796 612 1904 661 Πα-

247 691 398 756 τρὸς,
417 690 508 742 16v
537 690 595 742 δὲ
615 690 709 743 τοῦ
743 691 869 743 Υίοῦ
899 691 1257 756 ὑποπτεύσω;
1293 693 1387 745 καὶ
1427 693 1649 762 σελήνας
1677 692 1786 753 δύο,
1811 693 1903 744 καὶ

248 772 376 840 γῆν,
411 774 503 825 καὶ⁸
530 772 798 826 θάλατταν
819 790 833 837 ;
855 772 995 825 οὕτω
1019 775 1114 827 καὶ
1145 773 1212 826 τὰ
1233 774 1366 827 ἄλλα
1405 775 1611 838 πάντα;
1649 775 1784 826 Ἀλλ’
1805 776 1904 827 οὐκ

249 857 319 906 ἂν
342 855 483 923 ἕχοις
520 857 712 907 εἰπεῖν·
742 854 821 919 εἰς
842 858 949 925 γάρ
979 860 1172 911 ἐστινό
1201 857 1368 926 ἥλιος.
1399 857 1524 920 Πῶς
1550 855 1660 922 οὖν,
1701 859 1793 910 ἐὰν
1831 863 1901 928 μή

243 955 303 988 τι
336 937 502 1007 βλέπῃ
547 938 799 991 ποιοῦντα
845 939 1022 1001 αὐτὸν,
1060 941 1119 992 ού
1159 943 1332 1004 ποιεῖς
1369 940 1520 1004 Τίνος
1574 940 1730 1011 ἔργον
1769 935 1904 993 εἶναι

249 1020 428 1086 βούλει
452 1021 540 1072 τὸν
580 1021 758 1089 ἦλιον;
808 1021 898 1074 τοῦ
945 1022 1184 1090 Πατρόςς
1242 1022 1350 1075 Ποῦ
1390 1018 1484 1076 οὖν
1536 1025 1565 1074 ό
1615 1022 1708 1075 τοῦ
1743 1022 1901 1087 Υἱοῦ;

262 1100 424 1152 Ἀλλά
451 1101 544 1152 τοῦ
577 1099 739 1164 Υίοῦ;
778 1101 886 1154 Ποῦ
931 1098 1022 1155 οὖν
1046 1105 1073 1155 6
1093 1104 1184 1156 106
1225 1103 1455 1174 Πατρδς,
1498 1104 1557 1157 ὃν
1582 1103 1703 1157 ἰδὼν
1732 1101 1903 1168 οὗτος,

245 1185 408 1238 ἄλλον
455 1184 689 1238 τοιοῦτον
719 1187 1006 1256 ἐποίησεν;
1057 1189 1179 1250 Πῶς
1209 1189 1266 1241 δὲ
1308 1191 1482 1242 ἐκεῖνο
1523 1192 1776 1260 στήσεται
1823 1191 1900 1252 16,

246 1267 454 1319 Πάντα
495 1266 569 1319 δι’
617 1269 800 1322 αὑτοῦ
830 1270 1083 1337 ἐγένετο,
1119 1270 1216 1323 καὶ
1243 1271 1420 1338 χωρὶς
1465 1271 1649 1325 αὑτοῦ
1673 1271 1905 1340 ἐγένετο

243 1349 391 1401 οὐδὲ
423 1351 523 1413 ἓν;
565 1351 626 1402 Εἰ
660 1351 766 1421 γὰρ
805 1353 982 1405 πάντα
1018 1353 1082 1406 δι’
1130 1353 1312 1418 αὐτοῦ,
1349 1356 1495 1406 ποῖον
1539 1354 1603 1406 ἂν
1645 1353 1756 1423 ἔχοι
1789 1372 1908 1407 και-

247 1429 342 1495 ρὸν
380 1431 514 1501 αὕτη
559 1434 590 1501 ή
634 1433 926 1503 διαίρεσις;
979 1435 1141 1505 Ὁρᾷς
1183 1434 1252 1487 τὰ
1291 1435 1399 1488 τῶν
1445 1436 1745 1504 λογισμῶν;
1793 1437 1908 1500 πῶς

244 1511 475 1574 ἑαυτοὺς
514 1513 891 1583 περιπείρετε,
945 1515 1037 1567 καὶ¹
1100 1516 1258 1569 ἑαυτὸ
1309 1515 1518 1585 ἐλέγχει
1567 1518 1626 1570 16
1680 1518 1904 1586 65660;;

296 1587 898 1664 Ίδοῦτὴνιέρμηνείαν
941 1594 1118 1648 αὐτῶν
1165 1597 1244 1658 εἰς
1289 1597 1450 1665 μέσον
1504 1597 1744 1664 ἀγαγὼν,
1793 1600 1908 1662 πῶς

243 1675 422 1738 ἔδειξα
458 1678 626 1746 αὐτὴν
651 1679 740 1746 ὑφ’
768 1679 965 1747 ἐαυτῆς
1001 1680 1351 1749 βαλλομένην.
1411 1681 1551 1743 Ἐγὼ
1594 1683 1650 1736 δὲ
1693 1686 1908 1736 κάκεῖνο

242 1763 417 1828 ἡδέως
442 1763 506 1814 ἂν
530 1765 754 1835 ἐροίμην
777 1782 790 1795 ·
826 1767 906 1827 τίς
938 1769 964 1817 6
993 1766 1090 1835 τὴν
1119 1768 1294 1836 σάρκα
1324 1767 1607 1821 ἀναλαϐὼν
1641 1769 1738 1838 τὴν
1774 1771 1908 1838 ήμε-

243 1849 433 1914 τέρα-ι,
467 1852 557 1900 καὶ
585 1853 663 1912 είς
689 1853 896 1921 μήτραν
930 1851 1097 1905 ἐλθὼν
1125 1853 1487 1924 παρθενικήν;
1531 1855 1560 1906 6
1600 1855 1786 1924 Πατὴρ
1816 1855 1847 1924 ἢ
1883 1858 1908 1908 6

248 1935 405 1996 Υἱὸςς
449 1938 586 1988 εἰπέ.
638 1938 710 1989 Ού
758 1939 918 1990 παντί
949 1956 1048 1991 που
1076 1940 1228 2008 δῆλον
1250 1980 1262 2002 ,
1296 1942 1376 1992 ὅτι
1402 1942 1430 1992 6
1469 1943 1758 2011 μονογενὴς
1783 1941 1910 2005 Υἱὸς

241 2021 337 2072 τοῦ
377 2021 550 2086 Θεοῦ;
600 2024 709 2075 Καὶ
767 2026 872 2095 γάρ
925 2026 951 2076 6
1002 2025 1206 2088 Παῦλος
1257 2025 1428 2089 οὕτως
1481 2029 1687 2096 φησίν·
1728 2029 1908 2081 Τοῦτο

239 2109 578 2174 φρονείσθω
614 2111 683 2162 ἐν
709 2111 868 2176 ὑμῖν,
908 2111 938 2163 6
982 2113 1079 2164 καὶ
1118 2114 1186 2165 ἐν
1215 2114 1445 2181 Χριστῷ
1487 2115 1701 2182 Ἰησοῦ,
1733 2115 1800 2181 ὃς
1841 2116 1910 2167 ἐν

239 2195 443 2262 μορρῇ
505 2197 652 2249 Θεοῦ
697 2197 978 2266 ὑπάρχων
1024 2201 1134 2268 οὐχ
1178 2199 1490 2268 ἁρπαγμόν
1528 2201 1797 2270 ’ἡγήσατο
1843 2203 1908 2254 τὸ

240 2277 394 2332 εἶναι
418 2283 523 2334 ἴσα
549 2282 688 2347 Θεῷ,
721 2285 856 2336 ἀλλ’
895 2285 1110 2338 ἑαυτὸν
1139 2287 1396 2340 ἐκένωσε
1415 2289 1659 2356 μορφὴν
1686 2289 1907 2343 δούλου

239 2369 462 2420 λαϐὼν.
500 2369 629 2426 Καὶ.
675 2369 1130 2432 Ἐξαπέστειλεν
1169 2376 1202 2426 ὀ
1225 2373 1366 2438 Θεὸς
1405 2375 1508 2427 τὸν
1554 2375 1689 2428 Υίὸν
1724 2378 1907 2430 αὐτοῦ

239 2454 352 2505 τὸν
377 2453 707 2522 μονογενῆ,
755 2457 1073 2524 γενόμενον
1119 2460 1186 2511 ἐκ
1235 2462 1539 2528 γυναικὸς,
1588 2464 1908 2532 γενόμενον

237 2543 361 2596 ὑπὸ
388 2544 592 2609 νόμον.
621 2545 726 2595 Καὶ
757 2545 900 2596 πᾶσα
935 2545 1141 2616 Γραφὴ,
1173 2548 1281 2598 εἴτε
1316 2549 1536 2612 παλαιὰ,
1591 2549 1701 2602 εἴτε
1727 2554 1905 2621 καινὴ,

236 2628 445 2679 τούτων
478 2629 852 2696 ἐμπέπλησται
885 2631 992 2680 τῶν
1019 2634 1333 2700 μαρτυριῶν
1353 2650 1367 2664 ·
1395 2634 1489 2686 καὶ
1517 2635 1581 2686 τὰ
1611 2637 1906 2705 πράγματα

239 2712 362 2781 βοᾷ,
392 2714 471 2764 ὅτι
500 2715 527 2764 6
560 2714 864 2784 Μονογενὴς
896 2717 1198 2786 ἐσαρκώθη,
1233 2720 1328 2787 οὐχ
1365 2721 1392 2770 6
1423 2722 1631 2790 Πατήρ.
1676 2717 1908 2791 Πότερον

235 2794 334 2849 οὖν
367 2798 486 2850 ἰδὼν
513 2800 600 2850 τὸν
626 2800 837 2871 Πατέρα
867 2803 1212 2872 σαρκωθέντα
1238 2806 1265 2855 6
1289 2806 1414 2868 Υἱὸς
1447 2807 1731 2877 ἐσαρκώθη
1753 2826 1766 2874 ;
1793 2807 1904 2880 [ού

234 2885 351 2952 γὰρ
377 2885 440 2935 ἂν
468 2885 791 2956 ὲσαρκὼθη],
834 2888 880 2938 εί
923 2887 996 2957 μὴ
1031 2889 1058 2927 b
1094 2889 1424 2959 θεασάμενος
1450 2892 1629 2944 αὐτόν.
1676 2895 1758 2946 Οὐ
1799 2892 1907 2962 γὰρ

234 2969 489 3022 δύναται
530 2971 628 3038 ἀφ’
674 2972 888 3026 ἑαυτοῦ
925 2974 1116 3028 ποιεῖν
1145 2977 1341 3039 οὐδὲν,
1383 2977 1490 3042 ἐὰν
1509 2980 1593 3047 μή
1620 2996 1673 3032 τι
1698 2980 1904 3050 ,βλέπῃ

234 3057 350 3108 τὸν
385 3057 612 3123 Πατέρα
644 3059 944 3112 ποιοῦντα.
988 3062 1123 3114 Πότε
1178 3063 1244 3116 ἂν
1275 3063 1437 3132 ἴδοιμι
1479 3064 1635 3118 τοῦτο
1669 3067 1905 3136 ἐργασά-

235 3158 404 3210 μενον
431 3143 520 3194 τὸν
549 3144 788 3214 Πατέρα;
822 3146 932 3198 Ούκ
956 3145 1021 3198 ἂν
1042 3148 1185 3218 ἔχοις
1206 3151 1396 3200 εἰπεῖν.
1423 3151 1529 3203 Καὶ
1555 3153 1687 3220 μήτε
1714 3152 1906 3222 μικρὸν

233 3226 380 3281 εἶναι
412 3231 633 3301 νομίσῃς
664 3233 724 3283 16
761 3235 1136 3304 γεγενημένον.
1201 3237 1273 3289 Τὸ
1319 3238 1424 3307 γάρ
1471 3239 1762 3307 κεφάλαιον
1808 3241 1906 3309 τῆς

234 3319 515 3387 σωτηρίας
577 3322 798 3391 ήμῶνή
849 3323 1118 3392 σάρκωσίς
1167 3327 1279 3378 ἐστι
1323 3325 1414 3377 τοῦ
1467 3329 1822 3396 Μονογενοῦς,
1871 3332 1904 3400 ή

232 3407 644 3472 συγκατάϐασις
684 3409 866 3463 αὐτοῦ.
909 3412 1045 3480 Πρὶν
1087 3413 1116 3482 ἦ
1152 3414 1258 3482 γὰρ
1308 3415 1555 3480 γενέσθαι
1602 3417 1901 3486 ἄνθρωπον,

227 3492 304 3544 τὰ
351 3492 452 3560 τῆς
513 3494 709 3558 κακίας
763 3497 1060 3565 ἐτυράννει,
1113 3501 1206 3552 καὶ
1258 3500 1526 3570 βαθυτάτη
1579 3502 1674 3567 νὺξ
1729 3503 1905 3556 πάντα

229 3578 512 3644 κατεῖχεν,
555 3581 648 3630 καὶ
672 3582 942 3652 πανταχοῦ
975 3585 1144 3653 βωμοὶ
1183 3586 1276 3637 καὶ
1308 3587 1423 3639 ναοὶ
1448 3598 1470 3625 ε
1500 3590 1610 3649 τοῖς
1645 3588 1902 3655 εἰδώλοις,

229 3664 334 3715 καὶ
377 3664 610 3727 κνίσσαι,
653 3667 743 3718 καὶ
778 3668 999 3731 καπνὸς,
1045 3671 1138 3722 καὶ
1176 3673 1422 3739 αἱμάτων
1470 3674 1773 3743 χείμαρροι,
1805 3677 1905 3727 οὐκ

226 3747 347 3802 ἀπὸ
375 3751 656 3818 προϐάτων
684 3753 773 3802 καὶ
809 3753 944 3819 βοῶν
979 3756 1154 3824 μόνον,
1186 3757 1319 3808 ἀλλὰ
1350 3759 1440 3809 καὶ
1465 3759 1571 3810 ἀπὸ
1602 3759 1904 3829 ἀνθρώπων

229 3836 470 3906 ῥέοντες.
536 3839 806 3890 Ἔθυσαν
853 3839 958 3909 γὰρ
1004 3841 1145 3907 τοὺς
1200 3843 1367 3906 υίοὺς
1413 3844 1610 3897 αὐτῶν
1654 3847 1751 3898 καί
1798 3848 1904 3913 τὰς

226 3925 562 3989 θυγατέρας
593 3925 791 3977 αὐτῶν
819 3926 942 3991 τοῖς
985 3927 1336 3996 δαιμονίοις·
1378 3931 1471 3982 καὶ
1497 3930 1648 4003 [9.60]
1678 3933 1850 3986 ταῦτα
1874 3936 1903 3986 6

223 4011 291 4078 δῇ
309 4027 404 4077 μσς
429 4012 456 4062 6
492 4014 770 4081 προφήτας
791 4013 946 4082 ἔχων,
971 4017 998 4066 6
1022 4015 1184 4085 νόμου
1216 4017 1521 4088 μετασχὼν,
1555 4021 1583 4072 6
1609 4020 1901 4085 θεοπτίαςά

228 4097 573 4160 ἀπολαύσας,
605 4101 631 4150 6
661 4099 929 4161 τοσούτοις
957 4101 1238 4172 ἐντραφεὶς
1262 4104 1548 4173 θαύμασιν.
1583 4107 1644 4158 Εἰ
1680 4107 1736 4158 δέ
1759 4101 1907 4159 οὗτοι

225 4179 483 4240 τοιοῦτοι,
523 4181 771 4248 ἐννόησον
804 4181 870 4233 τά
909 4183 1068 4235 λοιπά
1109 4185 1246 4254 μέρη
1281 4183 1379 4253 τῆς
1423 4186 1744 4256 οἰκουμένης
1787 4189 1902 4250 πῶς

225 4266 529 4328 διέκειντο,
581 4267 684 4318 ὑπὸ
735 4267 1002 4336 δαιμόνων
1052 4271 1474 4339 βακχευόμενοι,
1551 4273 1654 4324 ὑπὸ
1706 4275 1902 4337 κακίας

227 4351 676 4420 τυραννούμενοι,
738 4357 848 4416 τοῖς
911 4355 1194 4425 παθήμασι
1245 4359 1408 4409 πᾶσιν
1470 4358 1898 4428 ύποκλινόμενοι,

227 4439 366 4502 ξύλα
429 4437 836 4507 θεραπεύοντες,
891 4441 1066 4504 λίθους
1122 4444 1572 4514 προσκυνοῦντες,
1637 4446 1757 4516 ὅρη,
1809 4447 1903 4501 καὶ

226 4525 478 4594 βουνοὺς,
503 4527 595 4577 καὶ
622 4527 818 4589 νάπας,
844 4529 934 4579 καὶ
964 4529 1173 4599 δένδρα,
1207 4530 1301 4582 καὶ
1339 4530 1549 4599 λίμνας,
1577 4533 1672 4583 καὶ
1698 4533 1898 4603 πηγὰς,

225 4613 323 4665 καὶ
366 4611 663 4679 ποταμούς.
692 4615 797 4665 Καὶ
829 4617 878 4666 τί
919 4615 998 4666 δεῖ
1033 4627 1055 4654 ο
1084 4616 1150 4667 τὰ
1179 4617 1285 4667 τῶν
1315 4617 1486 4668 ἄλλων
1521 4617 1732 4685 λέγειν;
1771 4621 1901 4672 Ἀπὸ

224 4700 338 4768 γὰρ
377 4697 485 4748 τῶν
512 4699 568 4747 ἐν
615 4700 886 4762 Ἰουδαίοις
921 4702 1106 4752 κακῶν
1139 4701 1337 4770 ὄψομαι
1361 4703 1457 4771 τὴν
1496 4706 1554 4756 ἐν
1586 4709 1696 4766 τοῖς
1724 4707 1901 4770 ἄλλοις

224 4783 558 4854 ὑπερϐολήν.
586 4784 786 4837 Ἵπποι
816 4786 1176 4854 θηλυμανεῖς
1197 4787 1494 4855 ἐγένοντο,
1520 4790 1773 4858 ἕκαστος
1802 4795 1898 4846 ἐπὶ

222 4873 344 4939 τὴν
384 4871 635 4939 γυναῖκα
679 4873 783 4926 τοῦ
823 4875 1090 4940 πλησίον
1110 4875 1492 4944 ἐχρεμέτιζον.
1534 4879 1717 4945 Ἔγνω
1745 4880 1900 4946 βοῦς

225 4959 335 5011 τὸν
365 4958 764 5025 κτησάμενον,
801 4960 894 5013 καὶ
933 4960 1069 5025 ὄνος
1106 4961 1217 5026 τὴν
1262 4961 1495 5029 φάτνην
1547 4963 1650 5015 τοῦ
1689 4968 1897 5029 κυρίου

223 5045 440 5108 αὑτοῦ,
491 5045 727 5111 Ἰσραὴλ
785 5043 849 5096 δέ
894 5061 965 5112 με
1015 5049 1124 5099 οὐκ
1159 5047 1330 5114 ἔγνω.
1366 5049 1556 5112 Κύνες
1619 5051 1770 5104 ἐν·εοί
1826 5053 1897 5104 οὐ

221 5131 552 5198 δυνάμενοι
606 5130 903 5184 ὑλακτεῖν.
961 5133 1140 5197 ’ϐψις
1205 5135 1429 5201 πόρνης
1479 5136 1714 5203 ἐγένετό
1774 5154 1893 5201 σοι,

221 5220 793 5286 ἀρτηνῃσχύντησας
816 5218 962 5285 πρὸς
991 5217 1219 5282 πάντας
1259 5221 1378 5272 Οὐκ
1399 5220 1571 5273 ἔστιν
1593 5225 1624 5274 0'
1645 5223 1892 5282 συνιὼν,

293 5307 318 5332 ⁸
348 5306 414 5351 ιιι
439 5303 601 5367 Οιιοιχ.
628 5312 778 5367 recte,
810 5304 1018 5367 Benzcl._
1042 5313 1207 5351 autem
1230 5310 1282 5352 et
1338 5305 1530 5367 Anglic.
1586 5310 1664 5355 καὶ
1717 5310 1894 5355 ἑαυτῶν

223 5369 410 5426 ἐλέγχει
434 5366 488 5410 16
509 5364 706 5426 65660;;
731 5365 834 5411 ἰδοὺ
856 5366 942 5426 γάρ
967 5365 1068 5421 τήν.

289 5417 427 5472 buSic
461 5417 646 5474 0110b”
671 5417 874 5484 Anglic:
920 5417 1033 5473 'verb
1072 5425 1178 5472 ϐοά.
1205 5427 1331 5474 male
1372 5428 1485 5475 πότε
1519 5429 1600 5477 06v
1653 5431 1762 5478 ἰδὼν
1812 5431 1891 5478 τὸν

225 5489 422 5553 Πατέρα
441 5490 466 5535 6
487 5487 948 5553 I'i6;_£0001030n.__5l
970 5487 1064 5553 μή.
1092 5487 1204 5553 Ηδξρ
1237 5500 1396 5553 porro,
1430 5490 1482 5536 οὐ
1504 5492 1590 5552 γάρ
1645 5493 1698 5539 ἂν
1755 5493 1892 5553 ἐσαρ-

221 5551 377 5602 κωθη.
406 5549 787 5614 οιμςοιιῂρι-ιιη
843 5549 1147 5614 δόλῇςὶιιηιυτ.
1177 5548 1300 5596 lnl'ra
1335 5563 1420 5609 pro
1475 5548 1643 5613 ἴδοιμι,
1694 5548 1886 5614 ηιειὶιιε,

220 5616 277 5658 ul
302 5615 440 5668 pulo,
465 5610 739 5656 ’601'elsic
758 5613 894 5656 notat
923 5609 1115 5657 Benacl.

290 5671 312 5699 ⁸
347 5671 541 5718 Benzcl.
572 5670 739 5716 καινοί.

285 5731 313 5769 d
341 5731 418 5778 Sic
443 5730 594 5780 Ollub
638 5730 865 5783 θεοπτίας.
893 5729 1082 5777 Benzel.
1121 5732 1402 5787 θεοπιστίας.

290 5793 313 5821 ⁸
344 5793 418 5843 Sic
444 5791 595 5843 0110b
622 5827 636 5850 ,
662 5795 849 5853 Anglic.
877 5804 992 5840 vero
1017 5792 1091 5847 δή.

1321 409 1390 463 ΙΝ
1426 409 1654 475 lLLUD,
1692 410 1915 466 FILIUS
1949 409 2038 465 EX
2070 409 2152 466 SE
2189 410 2372 466 NIHIL
2407 411 2628 477 FACIT,
2665 411 2814 466 ETC.

3542 432 3654 486 252

2011 529 2122 580 οὐκ
2146 530 2315 580 ἐστιν
2348 532 2381 583 ό
2407 527 2660 595 ἐκζητῶν
2708 527 2814 580 τὸν
2845 528 2992 580 Θεόν
3017 541 3028 555 ·
3069 526 3288 590 πάντες
3321 524 3657 591 ἐξέκλιναν,

2007 613 2126 681 ἅμα
2156 614 2584 682 ἡχρειώθησαν.
2617 615 2780 667 Πάλιν
2807 614 2988 683 ἕτερος
3007 631 3022 645 ·
3055 614 3264 678 Μάτην
3304 611 3661 683 [ἀργυροκόο

2006 696 2151 766 πος]
2179 698 2586 766 ἁργυροκοπεῐ·
2617 699 2674 749 αἰ
2695 698 2965 762 πονηρίαι
2985 696 3181 748 αὐτῶν
3209 697 3317 749 οὐκ
3340 694 3657 759 ἐτάκησαι·.

2008 785 2231 854 Ἕτερος
2278 785 2473 837 πάλιν⁶
2528 785 2672 853 Ἀρὰ.
2708 786 2804 838 καί
2860 785 3102 851 ψεῦδος,
3148 784 3245 836 καὶ
3296 783 3514 848 κλοπὴ,
3564 781 3662 834 καί

2006 872 2210 939 φόνος,
2234 873 2330 924 καὶ
2353 873 2585 939 μοιχεία
2612 870 2848 939 κέχυται
2878 871 2974 922 ἐπὶ
3013 869 3116 937 τῆς
3147 869 3279 937 τῆς,
3316 869 3415 921 καὶ
3448 870 3664 935 αἵματα

2005 956 2095 1024 ἐφ’
2136 958 2342 1023 αἵμασι
2389 959 2733 1025 μίσγουσιν.
2781 957 3003 1026 ’Έτερος
3051 955 3243 1009 πάλιν·
3287 957 3354 1008 El
3414 954 3663 1017 ἀλλάξει

1998 1044 2213 1110 Αἰθίοψ·
2240 1043 2301 1095 τὸ
2326 1042 2509 1112 δέρμα
2546 1042 2730 1096 αὑτοῦ
2782 1042 2824 1109 τ,
2860 1043 2956 1094 καὶ
3007 1041 3296 1109 πάρδαλις
3335 1042 3408 1094 τὰ
3435 1042 3658 1093 ποικίλ-

2003 1146 2159 1198 ματα
2190 1129 2398 1196 αὺτῆς,
2444 1129 2542 1182 καὶ
2579 1132 2611 1182 ὀ
2648 1129 2796 1195 λαὸς
2844 1124 3017 1193 οὗτος
3056 1128 3379 1196 δυνήσεται
3421 1126 3662 1194 ποιῆσαι

2009 1217 2229 1284 κρίσιν,
2289 1215 2640 1285 μεμαθηκὼς
2690 1215 2858 1269 κακά.
2935 1217 3156 1284 Ἕτερος
3217 1215 3406 1268 πάλιν·
3477 1215 3642 1280 Οἴμοι

2009 1298 2200 1366 ψυχὴ,
2246 1299 2338 1351 ὅτι
2376 1299 2690 1352 ἀπόλωλεν
2721 1298 2982 1364 εὐλαϐὴς
3029 1298 3144 1350 ἀπὸ
3190 1296 3299 1362 τῆς
3332 1296 3463 1365 τῆς,
3509 1295 3604 1349 καί
3633 1298 3667 1349 d

2011 1383 2311 1453 κατορθῶν
2367 1386 2436 1438 ὲν
2481 1383 2806 1451 ἀνθρώποις
2848 1387 2959 1452 οὐχ
2996 1383 3271 1450 ὑπάρχει·
3336 1383 3555 1446 πάντες
3584 1383 3668 1447 εἰς

2009 1473 2224 1538 αἵματα
2251 1472 2609 1531 δικάζουσιν.
2673 1473 2730 1523 '0
2756 1472 2884 1534 Θεὸς
2919 1471 3076 1523 πάλιν
3101 1489 3113 1502 ·
3178 1471 3511 1539 Μεμίσηκα,
3557 1470 3668 1523 άπ-

2010 1557 2203 1626 ῶσμαι
2224 1560 2328 1622 τὰς
2352 1559 2558 1625 ἑορτὰς
2584 1557 2768 1626 ὑμῶν,
2788 1557 2884 1609 καὶ
2910 1559 2980 1610 οὐ
3005 1559 3088 1624 μὴ
3113 1557 3425 1622 δσφρανθῶ
3457 1556 3670 1618 θυσίας

2011 1643 2080 1694 ἐν
2104 1642 2234 1706 ταῖς
2253 1644 2660 1710 πανηγύρεσιν
2693 1642 2876 1711 ὑμῶν.
2914 1643 2970 1695 '0
3016 1642 3217 1703 Ἠλίας·
3250 1640 3324 1694 Τὰ
3354 1641 3670 1705 θυσιαστή-

2004 1727 2105 1793 ριά
2130 1744 2244 1782 σου
2305 1730 2713 1796 κατέσκαψαν,
2743 1728 2838 1780 καὶ
2887 1728 3027 1793 τοὺς
3066 1726 3375 1795 προφήτας
3403 1744 3518 1780 σου
3559 1726 3667 1779 ἀπο

2011 1814 2284 1872 ἐκτειναν
2309 1833 2322 1845 ·
2359 1817 2455 1869 καὶ
2483 1817 2851 1883 ὑπελείφθην
2883 1815 2994 1884 ἐγὼ
3025 1817 3229 1884 μόνος,
3286 1815 3384 1868 καί
3434 1814 3666 1882 ζητοῦσι

2011 1901 2126 1967 τὴν
2146 1903 2356 1971 ψυχήν
2400 1921 2539 1972 μου.
2592 1905 2756 1956 Πάλιν
2806 1906 2833 1954 6
2865 1904 3020 1965 Θεός·
3092 1902 3511 1970 Ἐτκατέλιπον
3566 1901 3671 1954 τὸν

2011 1980 2180 2038 οἶκόν
2204 2004 2341 2053 μου,
2367 1986 2569 2055 ἀφῆκα
2595 1987 2707 2053 τὴν
2739 1988 3144 2055 κληρονομίαν
3166 2003 3305 2055 μου,
3334 1985 3520 2039 ἔδωκα
3559 1985 3671 2052 τὴν

2011 2071 2403 2140 ἠγαπημένην
2434 2073 2643 2140 ψυχήν
2676 2091 2792 2141 μου
2837 2076 2920 2138 εἰς
2950 2072 3148 2141 χεῖρας
3188 2071 3414 2140 ἐχθρῶν
3461 2071 3668 2137 αὐτῆς.

2026 2157 2081 2210 '0
2112 2158 2271 2210 Δαυῒδ
2300 2159 2457 2212 πάλιν
2483 2177 2494 2189 ·
2534 2162 2802 2213 Ἕθυσαν
2832 2160 2970 2224 τοὺς
2997 2159 3164 2224 υἱοὺς
3189 2158 3404 2221 αὐτῶν,
3443 2160 3539 2210 καὶ
3569 2160 3671 2224 τὰς

2014 2245 2335 2312 θυγατέρας
2367 2244 2565 2298 αὐτῶν
2599 2246 2720 2310 τοῖς
2759 2245 3104 2312 δαιμονίοις,
3141 2246 3237 2298 καὶ
3268 2243 3516 2313 ἐξέχεαν
3533 2239 3672 2314 αἷμα

2013 2330 2225 2394 ἀθῷον,
2249 2330 2389 2400 αἷμα
2413 2331 2556 2385 υίῶν
2577 2332 2774 2385 αὐτῶν
2811 2332 2907 2384 καί
2945 2331 3298 2400 θυγατέρων.

2081 2417 2142 2470 6'.
2166 2413 2318 2482 Εἶδες
2348 2420 2542 2482 κακίας
2565 2419 2850 2490 τυραννίδα
2873 2436 2887 2483 ;
2916 2419 3090 2482 Κύνες
3120 2419 3361 2485 ἐγένοντο
3382 2420 3474 2470 καὶ
3495 2418 3667 2479 ῖπποι,

2013 2504 2107 2558 καὶ
2141 2506 2276 2558 δνων
2305 2506 2646 2575 άλογώτεροι,
2683 2507 2774 2558 καὶ
2803 2505 2940 2573 βοῶν
2984 2504 3439 2574 ἀναισθητότεροι,
3471 2505 3562 2558 καὶ
3591 2504 3670 2565 είς

2013 2593 2179 2659 αὐτὴν
2206 2591 2304 2660 τήν
2330 2591 2488 2658 φύσιν
2519 2593 2816 2660 ἐμάνησαν.
2879 2590 3036 2643 Ἀλλὰ
3075 2590 3212 2659 μετὰ
3261 2590 3355 2659 τὴν
3399 2591 3671 2658 σάρκωσιν

2011 2675 2103 2727 τοῦ
2128 2678 2360 2748 Χριστοῦ
2389 2678 2441 2728 τί
2466 2695 2625 2746 φησιν
2648 2680 2678 2746 ή
2712 2678 2931 2747 Γραφή;
2964 2677 3150 2743 Πάτερ
3180 2676 3366 2745 ἡμῶν,
3391 2679 3423 2730 ό
3455 2678 3524 2729 ἐν
3550 2677 3672 2741 τοῖς

2011 2763 2304 2829 οὐρανοῖς.
2332 2765 2440 2816 Καὶ
2465 2765 2568 2834 πρὸ
2601 2767 2696 2832 μὲν
2727 2764 2912 2817 τούτου
2941 2764 3122 2833 ἔλεγεν
3146 2767 3177 2833 ή
3204 2764 3391 2833 Γραφή
3409 2782 3422 2794 ·
3454 2765 3671 2831 Πορεύ-

2013 2853 2142 2915 θητι
2178 2851 2327 2917 πρὸς
2375 2850 2480 2903 τόν
2512 2853 2812 2920 μύρμηκα,
2853 2847 2899 2905 ὧ
2943 2849 3192 2918 ὀκνηρέ·
3238 2850 3374 2921 μετὰ
3408 2851 3463 2903 δὲ
3501 2851 3672 2904 ταῦτα

2013 2938 2105 2989 καὶ
2131 2937 2399 3000 υἱοθεσίας
2425 2937 2752 3007 ἠξιώθημεν,
2787 2940 2880 2991 καὶ
2922 2940 3000 3001 είς
3033 2939 3122 2991 τὸν
3160 2938 3385 3009 οὐρανὸν
3429 2939 3672 3007 ἀπεγρά-

2013 3041 2211 3094 φημεν,
2243 3027 2334 3077 καὶ⁵
2367 3027 2505 3095 μετὰ
2532 3025 2639 3077 τῶν
2666 3026 2912 3092 ἀγγέλων
2939 3025 3253 3095 χορεύομεν,
3281 3026 3372 3077 καὶ
3408 3025 3506 3095 τῆς
3552 3025 3670 3094 μελ-

2012 3111 2170 3180 ῳδίας
2198 3113 2378 3174 αὐτοῖς
2405 3111 2785 3181 κοινωνοῦμεν,
2820 3112 3064 3181 καὶπρὸς
3081 3112 3401 3181 ἀσωμάτους
3417 3112 3672 3182 δυνάμεις

2010 3200 2108 3270 τήν
2153 3200 2380 3270 ἅμιλλαν
2412 3201 2662 3270 ἐθέμεθα.
2699 3201 2804 3254 Καὶ
2831 3203 3124 3272 ἀνῄρηνται
3165 3201 3361 3270 βουνοὶ,
3403 3203 3496 3255 καὶ
3546 3221 3673 3255 κατ-

2012 3288 2328 3356 εσκάφησαν
2353 3289 2488 3339 ναοί.
2522 3289 2630 3340 Καὶ
2659 3290 2685 3340 6
2715 3287 2857 3350 λίθος
2881 3290 3050 3357 ἐφάνη
3082 3288 3245 3352 λίθος,
3280 3290 3371 3341 καὶ
3398 3289 3457 3341 τὸ
3498 3288 3670 3354 ξύλον,

2013 3373 2185 3438 ξύλον,
2217 3376 2308 3428 καὶ
2345 3374 2410 3427 τά
2449 3374 2657 3445 δένδρα,
2700 3375 2907 3444 δένδρα,
2969 3377 3062 3427 καὶ
3113 3377 3168 3428 αἱ
3231 3377 3422 3446 πηγαὶ,
3478 3377 3671 3446 πηγαί.

2024 3461 2239 3532 Ἐπειδὴ
2281 3461 2388 3532 γὰρ
2428 3464 2455 3514 ό
2484 3461 2584 3529 τῆς
2619 3461 2961 3532 δικαιοσύνης
2991 3462 3140 3531 ἥλιος
3198 3463 3457 3530 ἔλαμψεν,
3507 3462 3671 3526 ἔδειξε

2011 3549 2117 3601 τῶν
2141 3551 2474 3618 πραγμάτων
2500 3550 2596 3618 τὴν
2643 3550 2821 3616 φύσιν,
2863 3551 2927 3619 ἢν
2957 3551 3084 3618 πρὶν
3111 3550 3480 3601 ἐπεκάλυπτεν
3513 3553 3544 3620 ή
3574 3551 3672 3619 τῆς

2011 3636 2217 3704 πλάνης
2244 3636 2353 3699 νὺξ,
2388 3636 2480 3688 καὶ
2509 3635 2568 3687 16
2595 3635 2727 3704 βαθὺ
2752 3637 2848 3704 τῆς
2879 3635 3149 3702 ἀγνωσίας
3188 3636 3393 3700 σκότος,
3444 3638 3672 3706 συγχέειν

2011 3723 2106 3790 τὴν
2138 3722 2256 3788 ὄψιν
2285 3722 2391 3772 τῶν
2419 3722 2811 3791 ἁπατωμένων.
2859 3721 2994 3773 Ἀλλ’
3028 3722 3209 3789 ἐπειδὴ
3238 3723 3548 3775 διεσκέδασε
3571 3726 3670 3794 τὴν

2011 3809 2221 3877 πυκνὴν
2271 3808 2497 3876 νεφέλην
2539 3808 2638 3877 τῆς
2685 3808 2891 3877 πλάνης
2933 3811 2965 3878 ή
3006 3809 3162 3872 ἀκτὶς
3194 3811 3227 3878 ή
3269 3810 3360 3862 τοῦ
3392 3810 3544 3880 ἡλίου
3573 3816 3672 3880 τῆς

2009 3895 2370 3964 δικαιοσύνης,
2401 3893 2550 3966 [261]
2582 3894 2851 3964 πανταχοῦ
2885 3895 2999 3964 φῶς
3050 3897 3144 3948 καὶ
3188 3897 3384 3965 ἡμέρα,
3449 3896 3672 3966 λαμπρὰ

2013 3981 2104 4032 καὶ
2157 3981 2401 4050 σταθηρὰ
2450 3981 2780 4051 μεσημϐρία.
2826 3982 2934 4032 Καὶ
2992 3981 3038 4033 οἱ
3081 3981 3321 4051 μητέρας
3371 3982 3671 4051 γαμοῦντες

2014 4069 2215 4136 Πέρσαι
2275 4067 2568 4136 παρθενίαν
2605 4066 2830 4120 ἀσκοῦσι
2896 4065 3006 4120 νῦν.
3069 4068 3176 4120 Καὶ
3237 4069 3284 4119 οἰ
3344 4070 3468 4130 τοὺς
3525 4071 3669 4131 υἱοὺς

2010 4153 2326 4220 ἀγνοοῦντες
2348 4153 2471 4214 τοὺς
2499 4151 2706 4204 ἑαυτῶν
2746 4152 2841 4205 καὶ
2882 4153 3225 4221 σφάττοντες,
3267 4154 3481 4206 πάντων
3512 4155 3670 4222 γεγό-

2012 4255 2161 4290 νασιν
2184 4238 2521 4308 ήμερώτεροι
2550 4238 2644 4291 καὶ⁵
2668 4238 2979 4308 πραότεροι.
3012 4239 3074 4291 Οί
3103 4238 3254 4291 λύκοι
3285 4239 3417 4308 πρὸς
3446 4240 3540 4308 τήν
3565 4242 3669 4292 τῶν

2011 4325 2296 4395 προϐάτων
2348 4326 2680 4395 μετέστησαν
2721 4326 3072 4396 ἡμερότητα·
3127 4326 3323 4395 μᾶλλον
3369 4326 3424 4379 δὲ
3475 4328 3567 4380 καὶ
3617 4329 3666 4380 οἰ

2011 4412 2188 4466 λύκων
2215 4413 2447 4482 χείρους.
2485 4414 2663 4476 Λύκος
2697 4413 2804 4482 γὰρ
2839 4413 2938 4464 οὐκ
2978 4414 3161 4480 ἀγνοεῖ
3198 4412 3294 4480 τὴν
3339 4413 3518 4480 φύσιν,
3553 4414 3665 4466 ἀλλ’

2009 4499 2357 4566 ἐπιγινώσκει
2385 4500 2446 4550 16
2465 4500 2653 4567 τεχθέν
2670 4516 2684 4527 ·
2710 4499 2804 4551 ἄνθ
2815 4515 2981 4568 ρωποι
3009 4499 3063 4549 δὲ
3083 4499 3173 4549 καλ⁵
3194 4497 3396 4550 τούτων
3421 4499 3667 4565 ἐγένοντο

2008 4585 2350 4655 ἀγριώτεροι.
2397 4585 2553 4637 Ἀλλὰ
2601 4584 2739 4653 μετὰ
2766 4584 2859 4652 τὴν
2893 4584 3163 4653 σάρκωσιν
3202 4583 3294 4635 τοῦ
3333 4586 3666 4652 Μονογενοῦς

2009 4674 2100 4725 καὶ
2120 4673 2215 4742 τὴν
2237 4672 2563 4740 οἰκονομίαν,
2595 4671 2912 4732 ἐκϐαλόντες
2939 4669 3035 4739 τὴν
3064 4670 3374 4738 θηριωδίαν,
3408 4673 3543 4742 πρὸς
3569 4673 3665 4744 τὴν

2005 4759 2209 4811 οἰκείαν
2243 4757 2540 4826 ἐπανῆλθον
2578 4755 2852 4822 εὐγένειαν
2874 4771 2888 4786 ·
2944 4757 3141 4825 μᾶλλον
3174 4757 3229 4808 δὲ
3269 4756 3402 4827 πρὸς
3431 4760 3525 4828 τὴν
3559 4760 3664 4811 τῶν

2007 4846 2250 4914 ἀγγέλων
2276 4845 2542 4911 ἀνέϐησαν
2571 4843 2790 4912 ἀρετήν.
2819 4843 2926 4894 Καὶ
2962 4843 3066 4912 πρὸ
3111 4843 3298 4895 τούτου
3331 4844 3427 4913 μὲν
3465 4846 3520 4896 αἱ
3568 4845 3664 4897 πό-

2003 4932 2115 4994 λεις
2152 4928 2290 5000 ἦσαν
2346 4928 2596 4990 ἀσεϐείας
2643 4927 3041 4996 πεπλησμέναι,
3105 4929 3341 4996 σήμερον
3384 4928 3439 4980 δὲ
3490 4929 3581 4982 καὶ⁵
3627 4931 3659 4999 ή

2003 5018 2205 5087 ἕρημος
2246 5014 2539 5083 φιλοσοφεῖ,
2576 5014 2670 5066 καὶ
2711 5013 2939 5066 καλύϐαι
2987 5013 3232 5081 μοναχῶν
3271 5015 3326 5065 ἐν
3382 5013 3528 5084 όρεσι
3569 5017 3660 5068 καὶ

2001 5107 2216 5165 νάπαις.
2243 5102 2485 5169 ἀγγέλων
2511 5101 2855 5170 μιμουμένων
2885 5100 3176 5161 πολιτείαν,
3196 5099 3394 5152 καὶτὸν
3422 5119 3492 5153 πα
3503 5102 3659 5169 ρόντα

2002 5188 2394 5256 ἀποδυσάμενοι
2429 5187 2559 5256 βίον.
2606 5186 2669 5237 Τί
2708 5187 2815 5254 γάρ
2853 5185 2930 5237 δεῖ
2973 5185 3069 5254 τῆς
3119 5184 3226 5236 τῶν
3271 5185 3440 5250 λόγων
3491 5203 3659 5237 καταο

2003 5275 2223 5340 σκευῆς,
2266 5274 2372 5326 τῶν
2413 5273 2750 5344 πραγμάτων
2794 5270 3059 5339 βοώντων,
3098 5271 3190 5322 καὶ
3229 5271 3376 5340 ἡλίου
3415 5271 3655 5340 φανερώ-

1998 5378 2150 5432 τερον
2175 5362 2491 5412 δεικνύντων
2523 5360 2587 5410 τά
2620 5357 2813 5424 ἀγαθὰ,
2848 5356 2882 5409 ἃ
2919 5357 3055 5426 μετὰ
3089 5357 3183 5427 τήν
3208 5358 3368 5409 ὠδῖνα
3397 5359 3492 5427 τῆς
3519 5359 3658 5425 Παρ-

1999 5448 2149 5501 θένου
2189 5447 2287 5516 τὴν
2310 5446 2624 5515 θαυμαστὴν
2644 5444 2878 5514 ἐκείνην,
2906 5445 2999 5496 καὶ
3030 5444 3421 5513 πνευματικὴν,
3448 5444 3536 5494 καὶ
3560 5444 3655 5511 τὴν

1996 5536 2323 5604 οἰκονομίαν,
2349 5533 2548 5601 καὶτήν
2577 5532 2870 5600 σάρκωσιν,
2901 5531 2998 5599 τὴν
3026 5530 3342 5598 οἰκουμένην
3366 5527 3656 5580 κατέλαϐεν

1999 5622 2250 5682 ἆπασανς
2309 5620 2444 5671 Ἀλλ’
2483 5621 2628 5687 ὅμως
2675 5618 2925 5670 τοσοῦτον
2973 5619 3066 5672 καὶ
3117 5615 3426 5685 τηλικοῦτον
3459 5612 3656 5682 κατόρ-

1997 5707 2154 5775 θωμα
2184 5709 2274 5773 ἀφ’
2322 5703 2511 5758 ἐαυτοῦ
2552 5703 2846 5769 πεποίηκεν
2872 5718 2885 5730 ·
2941 5706 3034 5756 καὶ
3082 5704 3175 5773 βοᾷ
3214 5700 3417 5763 Παῦλος
3451 5700 3650 5767 λέγων·

2066 5793 2082 5830 ί
2123 5795 2310 5856 Anglic.
2337 5793 2390 5842 τὸ
2415 5790 2528 5850 αἷμα
2550 5789 2712 5850 αὐτοῦ,
2744 5791 2887 5839 male.
