4112 6526
301 399 419 454 253

304 511 338 549 a
360 502 537 563 seipse
574 492 860 548 cruciﬁxus
883 500 933 546 et
961 507 989 544 a
1020 491 1194 559 seipse
1223 488 1518 541 immolatus
1548 494 1629 540 est
1658 503 1669 538 :
1704 500 1889 553 quam-

306 587 494 639 obrem
516 584 631 651 ipse
649 583 855 636 dicebat
886 598 897 632 :
929 599 945 630 ι
978 581 1295 633 Potestatem
1330 576 1496 630 habeo
1528 575 1752 644 ponendi
1776 574 1887 627 ani-

306 693 454 732 mam
502 691 698 739 meam,
744 684 797 728 et
842 680 1152 741 potestatem
1197 669 1365 723 habeo
1408 669 1596 721 iterum
1649 664 1887 720 sumendi

310 781 458 821 eam.
508 765 675 819 Nemo
720 763 855 817 tollit
892 777 1007 816 eam
1039 777 1066 813 a
1106 774 1192 813 me
1226 776 1237 811 :
1271 773 1368 827 ego
1398 772 1537 827 pono
1563 772 1677 811 eam
1717 771 1745 808 a
1774 770 1887 809 nte-

309 856 433 924 ipso
466 874 485 907 ι
534 855 718 924 (Joan.
767 853 853 907 10.
886 852 952 906 18
975 851 1013 920 ).
1043 850 1177 917 Quid
1204 848 1290 902 hic
1318 848 1471 914 dicis,
1511 846 1774 909 haeretice,
1802 846 1889 915 qui

310 945 420 1000 hoc
440 945 633 999 dictum
658 943 1025 1012 Evangelicum
1076 941 1393 1009 detorques,
1445 937 1611 991 Filius
1653 953 1683 988 a
1726 938 1888 1004 seipso

310 1036 446 1089 nihil
475 1034 674 1103 potest?
701 1034 833 1087 Ecce
864 1033 973 1100 ipse
990 1031 1082 1095 ait,
1114 1028 1222 1098 Ego
1248 1043 1376 1097 pono
1396 1042 1504 1079 eam
1546 1042 1577 1077 a
1615 1024 1820 1094 meipso,
1844 1033 1888 1077 et

309 1143 518 1181 assumo
548 1143 657 1179 eam
687 1144 717 1177 a
738 1126 943 1194 meipso.
987 1122 1167 1191 Neque
1194 1135 1319 1175 vero
1350 1120 1495 1186 parvi
1533 1117 1782 1170 momenti
1808 1125 1890 1171 est

309 1218 421 1274 hoc
464 1219 681 1280 dictum,
719 1217 812 1271 sed
856 1215 1090 1268 maximi.
1145 1213 1220 1267 De
1261 1212 1416 1265 Patre
1458 1225 1665 1278 quoque
1691 1209 1887 1263 dictum

306 1315 415 1372 est,
444 1308 613 1375 ipsum
639 1306 832 1359 habere
856 1311 1167 1371 potestatem
1218 1301 1337 1353 vita:
1370 1308 1420 1352 et
1452 1298 1653 1350 mortis.
1705 1296 1889 1350 Viden’

305 1396 581 1466 quomodo
618 1397 668 1450 in
704 1396 834 1449 retia
863 1392 1128 1447 incidisti?
1149 1391 1281 1458 Quid
1312 1391 1452 1444 enim
1474 1389 1538 1442 ad
1568 1388 1666 1441 hoc
1692 1387 1885 1440 dictum

306 1484 702 1555 respondebis?
728 1483 840 1554 Ego
862 1499 993 1551 pono
1022 1498 1129 1535 eam
1163 1498 1192 1533 α
1220 1481 1425 1549 meipso,
1458 1488 1503 1531 et
1551 1493 1750 1529 assumo
1779 1492 1885 1528 eam

305 1594 342 1628 α
374 1577 578 1645 meipso.
602 1575 713 1641 Qua
742 1588 867 1642 ergo
895 1572 1098 1625 ratione
1128 1570 1303 1623 dixisti
1330 1569 1496 1636 ipsum
1526 1566 1657 1619 nihil
1717 1567 1885 1619 facere

304 1683 341 1722 a
368 1668 579 1735 seipso?
612 1665 825 1729 Verum,
860 1672 915 1717 ut
943 1662 1182 1716 dicebam
1203 1700 1217 1724 ,
1262 1660 1305 1712 si
1340 1658 1549 1728 quidem
1576 1656 1641 1710 ad
1674 1657 1885 1710 haereti-

305 1772 407 1813 cos
435 1757 586 1811 nobis
613 1769 788 1810 sermo
814 1761 975 1816 esset,
1001 1751 1126 1819 ipsis
1164 1750 1216 1802 in
1240 1749 1507 1817 angustias
1556 1756 1608 1799 et
1656 1746 1706 1798 iu
1754 1746 1884 1798 retia

305 1847 592 1915 conjectis,
644 1845 721 1899 sic
772 1843 1098 1906 resiliissem,
1150 1840 1276 1893 satis
1317 1836 1587 1907 splendida
1620 1845 1884 1905 reportata

244 1994 249 1997 ,
306 1937 555 2001 victoria,
580 1944 629 1991 et
662 1934 849 2004 insigni
883 1940 1062 1987 erecto
1110 1940 1332 1998 trepzeo,
1365 1928 1697 1996 maximoque
1727 1927 1885 1981 allato

305 2043 498 2083 eorum
542 2027 759 2080 insania:
804 2032 1145 2092 argumento;
1174 2030 1223 2072 at
1253 2020 1368 2088 quia
1397 2034 1499 2071 non
1531 2018 1688 2071 modo
1717 2016 1884 2069 hosti-

307 2118 416 2172 bus
443 2129 501 2169 os
522 2113 801 2169 occiudere
827 2113 947 2165 volo
970 2151 985 2176 ,
1036 2110 1129 2164 sed
1173 2110 1330 2163 etiam
1361 2122 1470 2172 eos,
1496 2108 1581 2176 qui
1614 2106 1885 2161 nobiscum

306 2219 458 2272 sunt,
486 2207 776 2268 instituere,
807 2204 1145 2270 membraque
1176 2210 1356 2254 nostra
1402 2200 1633 2263 erudire,
1667 2214 1768 2250 non
1802 2197 1885 2251 hic

308 2299 477 2359 finem
508 2296 714 2351 dicendi
745 2296 952 2359 faciam,
984 2294 1075 2347 sed
1106 2292 1328 2346 ulterius
1354 2290 1595 2359 progredi
1619 2291 1884 2355 conabor,

310 2388 460 2442 aliud
485 2388 657 2441 denuo
687 2400 818 2455 Opus
843 2387 891 2438 in
920 2384 1148 2438 medium
1177 2382 1462 2445 adducens,
1490 2381 1630 2450 quod
1674 2390 1888 2434 contra-

310 2478 608 2531 dicentium
652 2474 1029 2544 impudentiam
1076 2480 1343 2541 coarguat.
1399 2469 1534 2534 Quid
1580 2468 1719 2523 enim
1771 2468 1885 2520 ait?

299 2568 477 2621 .Pater
496 2566 737 2619 neminem
750 2564 970 2633 judicat,
997 2563 1084 2617 sed
1104 2578 1275 2615 omnes
1301 2559 1468 2613 Filius
1492 2558 1667 2630 (Joan.
1692 2559 1744 2612 5.
1765 2558 1881 2627 Ἡ).

389 2660 439 2712 5.
463 2657 617 2709 Aliud
648 2665 824 2707 contra
854 2654 1120 2705 Anomwos
1148 2658 1532 2719 argumentum.
1560 2645 1752 2700 Christi
1784 2660 1880 2712 po-

310 2759 497 2802 testas.
531 2776 597 2785 --
642 2745 835 2810 Quzero
880 2745 1038 2813 igitur
1088 2744 1154 2796 ab
1197 2739 1449 2795 liaarctieo
1480 2755 1491 2789 :
1527 2735 1579 2789 Si
1612 2736 1884 2790 neminem

306 2840 523 2911 judieat
565 2839 744 2899 Pater,
780 2838 873 2889 sed
902 2834 1069 2887 Filius
1090 2832 1317 2902 judicat,
1350 2829 1619 2897 quomodo
1647 2826 1890 2895 judicat?

315 2929 381 2981 Si
417 2929 561 2982 enim
600 2943 707 2981 non
735 2932 914 2995 potest
953 2924 1132 2977 facere
1170 2921 1461 2991 quidquam
1490 2934 1519 2971 a
1559 2917 1755 2985 seipso,
1788 2915 1893 2968 nisi

313 3019 519 3072 viderit
559 3017 769 3070 Patrem
807 3015 1114 3073 facientem,
1139 3022 1192 3065 et
1229 3012 1384 3064 Pater
1413 3024 1520 3062 non
1553 3008 1779 3077 judicat,
1802 3004 1896 3058 sed

316 3111 442 3175 ipse
492 3121 679 3159 omnes
727 3104 953 3173 judicat,
1005 3101 1274 3171 quomodo
1334 3100 1384 3152 id
1425 3098 1567 3166 quod
1609 3110 1718 3149 non
1765 3092 1898 3147 vidit

318 3200 504 3254 facere
546 3197 760 3266 potest?
806 3195 883 3249 Ne
930 3209 1057 3247 vero
1101 3192 1202 3244 hoc
1247 3190 1438 3242 leviter
1473 3193 1894 3255 praetercurras;

318 3305 502 3357 neque
535 3290 680 3342 enim
719 3288 820 3341 hoc
860 3299 1082 3354 parvum
1124 3290 1228 3344 est,
1260 3282 1351 3335 sed
1385 3280 1628 3334 maximas
1661 3274 1894 3330 virtutis.

320 3379 513 3448 Cogita
551 3388 810 3447 quantum
847 3377 915 3430 sit
955 3389 1143 3428 omnes
1181 3374 1270 3442 qui
1309 3373 1375 3425 ab
1410 3371 1615 3424 Adamo
1654 3367 1719 3421 ad
1767 3380 1901 3420 con-

320 3470 744 3523 summationem
788 3484 956 3537 usque
997 3467 1176 3521 seeculi
1212 3464 1462 3525 vixerint,
1508 3458 1760 3531 gentiles,
1802 3456 1900 3511 Ju-

322 3560 496 3623 dtcos,
538 3560 846 3625 haereticos,
878 3576 1067 3613 omnes
1092 3558 1352 3625 denique,
1381 3554 1470 3623 qui
1507 3552 1573 3605 ab
1604 3548 1901 3605 orthodoxa

323 3648 437 3702 fide
499 3650 852 3715 aberrarunt,
913 3651 997 3703 illa
1048 3649 1136 3704 die
1193 3646 1493 3705 adducere,
1553 3640 1903 3704 omniumque

321 3751 526 3790 arcana
556 3738 609 3789 in
648 3739 883 3791 medium
924 3738 1135 3801 efferre,
1185 3745 1351 3806 gesta,
1402 3734 1560 3791 dicta,
1598 3730 1769 3789 dolos,
1816 3726 1898 3776 in-

325 3825 515 3887 sidias,
543 3836 751 3881 secreta
782 3830 1009 3893 mentis;
1039 3844 1142 3880 non
1172 3824 1394 3895 prolatis
1427 3819 1762 3881 testimoniis,
1787 3831 1895 3869 non

325 3915 763 3984 probationibus,
820 3934 926 3971 non
987 3917 1329 3986 imaginibus,
1378 3928 1487 3966 non
1540 3906 1896 3969 documentis,

326 4020 446 4058 non
470 4007 584 4059 aliis
606 4008 940 4075 hujusmodi;
968 4009 1062 4061 sed
1087 4008 1299 4076 propria
1320 4004 1397 4058 uti
1418 4009 1681 4074 potestate
1701 3997 1766 4050 ad
1786 4010 1902 4049 om-

324 4109 433 4147 nes
473 4098 854 4166 coarguendos.
890 4098 1144 4150 Attamen
1194 4106 1399 4150 tantum
1434 4104 1649 4160 tamque
1682 4086 1902 4156 praecla-

322 4193 446 4232 rum
476 4191 607 4243 Opus
628 4190 737 4242 tpse
763 4177 1009 4240 perficiet,
1036 4174 1153 4224 licet
1172 4171 1377 4223 Patrem
1401 4170 1451 4220 id
1472 4177 1593 4220 aute
1616 4166 1894 4219 facientem

325 4282 441 4320 non
472 4265 675 4328 viderit,
705 4279 800 4316 nec
831 4263 977 4315 illum
1005 4262 1069 4314 sit
1098 4261 1327 4313 imitatus
1365 4275 1376 4309 :
1408 4272 1529 4310 nam
1556 4255 1709 4308 Pater
1737 4256 1895 4309 nemi-

325 4371 449 4409 nem
484 4354 702 4421 judicut.
746 4352 876 4405 Vide
925 4365 1133 4419 quoque
1184 4349 1327 4401 illum
1379 4347 1502 4399 alibi
1556 4346 1728 4398 omnia
1778 4360 1897 4398 cum

326 4452 595 4515 potestate
615 4450 939 4511 operantem,
969 4440 1018 4491 in
1044 4437 1331 4501 miraculis,
1356 4437 1405 4489 in
1432 4436 1656 4490 ferendis
1673 4436 1893 4504 legibus,

326 4534 561 4602 aliisque
585 4531 851 4585 omnibus.
882 4529 1011 4582 Cum
1045 4528 1183 4582 enim
1208 4527 1535 4580 ascendisset
1564 4526 1613 4579 in
1644 4536 1896 4593 montem,

331 4638 531 4679 novum
560 4628 932 4675 teSIamentum
972 4618 1189 4671 daturus
1211 4617 1285 4668 ait
1334 4634 1346 4668 :
1397 4633 1413 4665 ι
1475 4615 1725 4678 Audistis,
1779 4615 1900 4682 quia

328 4713 535 4767 dictum
556 4721 637 4765 est
664 4711 891 4778 antiquis
918 4726 929 4760 :
954 4706 1067 4761 Non
1094 4706 1305 4759 occides
1333 4725 1348 4758 ς
1380 4705 1467 4772 qui
1494 4712 1663 4755 autem
1696 4703 1901 4756 occide-

330 4803 431 4864 rit,
463 4814 581 4853 reus
607 4801 705 4853 erit
745 4799 973 4868 judicio;
1007 4796 1096 4865 qui
1131 4806 1304 4847 autem
1337 4794 1546 4858 dixerit,
1569 4793 1751 4856 Fatue,
1781 4807 1903 4846 reus

331 4895 442 4949 erit
468 4890 719 4961 gehennte
750 4890 899 4958 ignis.
945 4888 1019 4957 (a)
1065 4888 1171 4955 Ego
1202 4897 1376 4938 autem
1422 4884 1539 4937 dico
1566 4883 1733 4947 vobis,
1765 4883 1900 4950 quod

332 4981 577 5052 quisquis
613 4980 855 5033 irascitur
880 4978 1025 5030 fratri
1048 4990 1145 5030 suo
1174 4986 1389 5037 temere,
1425 4988 1546 5026 reus
1571 4973 1671 5025 erit
1683 4972 1899 5039 judicio.

334 5073 575 5129 Audistis
600 5070 720 5139 quia
760 5068 956 5122 dictum
984 5076 1083 5130 est,
1118 5064 1336 5119 Oculum
1376 5078 1470 5132 pro
1499 5063 1671 5126 oculo,
1701 5071 1753 5115 et
1773 5061 1903 5113 deu-

337 5176 452 5218 tem
484 5176 574 5229 pro
601 5159 757 5213 dente
791 5175 803 5209 :
831 5171 926 5224 ego
970 5165 1143 5208 autem
1186 5154 1303 5207 dico
1335 5154 1500 5217 vobis,
1530 5166 1632 5204 non
1660 5152 1903 5203 resistere

338 5252 508 5314 malo,
527 5248 617 5303 sed
638 5248 684 5302 si
704 5247 819 5316 quis
836 5254 884 5298 te
907 5244 1225 5312 percusserit
1245 5244 1293 5296 in
1327 5242 1591 5294 maxillam
1612 5239 1902 5304 dexteram,

338 5343 520 5416 pnehe
549 5342 622 5395 illi
645 5349 698 5393 et
722 5338 937 5390 alteram
958 5352 975 5385 ι
1000 5333 1222 5403 (Matth.
1251 5332 1513 5387 5.21.22.
1534 5330 1751 5399 58.59).
1773 5330 1905 5396 Quid

339 5436 447 5492 hoc
464 5432 574 5488 est?
591 5430 681 5500 qui
700 5427 828 5481 nihil
850 5442 878 5479 a
898 5425 1070 5493 seipse
1088 5423 1211 5475 facit
1227 5424 1384 5476 etiam
1403 5423 1572 5475 Patris
1591 5430 1780 5475 statuta
1799 5435 1911 5473 cor-

336 5525 484 5595 rigit,
515 5531 569 5578 et
591 5521 764 5589 legem
790 5518 841 5569 in
866 5515 1049 5568 melius
1073 5511 1351 5581 provehit?
1388 5512 1517 5566 Cum
1544 5520 1720 5565 autem
1751 5510 1868 5563 dico
1888 5550 1901 5572 ,

333 5614 575 5685 corrigit,
607 5623 677 5663 ne
705 5605 1068 5674 blasphemum
1090 5601 1215 5671 quid
1250 5601 1554 5669 suspiceris,
1582 5600 1728 5670 quasi
1755 5599 1908 5652 Pater

398 5723 476 5786 (a)
512 5720 601 5769 Hic
626 5719 797 5765 textus
818 5711 973 5760 deficit
991 5714 1035 5760 in
1056 5710 1171 5756 Edit.
1198 5705 1384 5755 Benzel.

1255 373 1322 429 IN
1355 372 1579 439 lLLUD,
1618 369 1840 427 FILIUS
1878 369 1975 425 EX
2011 370 2092 427 SE
2127 370 2312 426 NIHIL
2351 371 2570 428 FACI'I‘.

3450 385 3560 441 254

1997 486 2254 539 infirmior
2283 486 2368 539 sit.
2392 486 2642 553 Quamvis
2668 487 2806 542 enim
2851 489 2933 543 lex
2961 490 3131 545 minor
3150 492 3248 557 sit,
3285 490 3335 547 id
3382 503 3553 549 tamen

1994 592 2097 629 non
2131 578 2255 641 Deo,
2287 578 2378 632 sed
2404 579 2775 647 recipientibus
2804 581 2967 650 legem
2990 582 3414 638 adscribendum.
3446 586 3555 638 lmo

1994 667 2151 719 etiam
2190 667 2354 723 Vetus
2402 668 2799 724 Testamentum
2830 671 3090 742 Unigeniti
3123 681 3223 739 est,
3266 682 3320 728 et
3351 675 3553 729 Novum

1993 754 2182 807 Patris.
2216 755 2496 821 Quomodo
2536 758 2710 827 igitur,
2742 775 2940 827 quasso,
2968 761 3097 815 nihil
3123 776 3153 815 a
3197 762 3373 832 seipse
3402 764 3553 825 facit,

1992 844 2080 911 qui
2104 846 2265 898 veteri
2292 845 2392 915 legi
2414 846 2623 915 adjecit,
2647 850 2734 917 qui
2755 858 2951 904 tantam
2977 850 3189 907 exhibet
3215 856 3557 922 potestatem?

1994 932 2189 987 Verum
2218 936 2340 1003 quid
2371 937 2630 992 haereticis
2661 940 2971 996 imbecillius
2993 942 3189 997 fuerit?
3213 943 3379 999 Judaei
3407 960 3559 999 nam-

1993 1040 2094 1094 que
2122 1028 2421 1096 stupebant,
2450 1031 2591 1098 quod
2618 1030 2729 1085 haec
2751 1031 2965 1087 doceret
2990 1048 3082 1089 eos
3129 1035 3286 1101 Quasi
3334 1046 3555 1105 potestu-

1994 1127 2091 1170 tem
2111 1119 2313 1186 habens,
2345 1131 2390 1173 et
2414 1138 2513 1173 non
2534 1123 2660 1175 sicut
2685 1123 2860 1176 scribta
2884 1133 2931 1177 et
2968 1123 3219 1179 Pharistei
3247 1127 3266 1197 (
3291 1126 3475 1180 Matth.
3504 1130 3555 1183 7.

1992 1205 2093 1277 28)
2126 1207 2327 1262 :Judzei
2358 1219 2669 1278 potestatem
2700 1214 2813 1280 ejus
2853 1214 3227 1281 testificantur;
3277 1218 3330 1270 hi
3375 1220 3558 1273 testifi-

1993 1298 2370 1365 eanturipsum
2398 1314 2426 1352 a
2473 1314 2531 1355 se
2568 1301 2698 1355 nihil
2746 1317 2918 1371 posse.
2952 1303 3133 1374 Neque
3175 1307 3419 1362 dixerunt
3447 1310 3553 1375 illi,

1994 1384 2149 1450 Quasi
2193 1396 2506 1456 potestatem
2562 1390 2856 1458 habiturus,
2892 1393 3004 1458 sed,
3062 1396 3221 1459 Quasi
3269 1408 3556 1467 potestatem

1993 1474 2194 1529 habens.
2219 1476 2332 1530 Non
2356 1478 2495 1532 enim
2519 1490 2697 1548 postea
2719 1482 2831 1536 hmc
2852 1483 2925 1537 illi
2943 1494 3173 1552 potestas
3193 1490 3432 1554 accessit,
3464 1492 3555 1544 sed

1993 1564 2223 1633 perfecta
2262 1569 2490 1635 potentia
2530 1578 2647 1623 erat
2688 1571 2833 1624 nullo
2881 1588 3061 1641 egens.
3092 1575 3443 1639 Quamobrem
3491 1580 3556 1635 de

1992 1671 2153 1724 regno
2185 1657 2532 1725 interrogatus
2573 1660 2780 1714 dicebat
2813 1679 2826 1715 :
2866 1661 2977 1732 Ego
3022 1665 3077 1717 in
3118 1665 3211 1718 hoc
3251 1676 3398 1721 natus
3444 1685 3554 1722 sunt

1993 1742 2179 1815 (Joan.
2209 1747 2296 1802 18.
2346 1748 2468 1816 57).
2500 1748 2726 1803 Rursum
2752 1752 2957 1807 oblatus
2981 1762 3061 1808 est
3106 1756 3153 1810 ei
3204 1758 3518 1828 paralyticos
3538 1804 3551 1825 ,

1988 1841 2149 1905 atque
2163 1836 2595 1911 dixit,postquam
2611 1853 2826 1912 peccata
2838 1842 2953 1912 ejus
2966 1852 3271 1899 curaverat:
3297 1845 3363 1900 Ut
3391 1861 3552 1903 autem

1991 1925 2179 1990 sciatis,
2202 1926 2318 1994 quia
2338 1924 2503 1981 Filius
2523 1928 2736 1983 hominis
2779 1931 2922 1984 habet
2943 1943 3231 2000 potestatem
3276 1938 3553 1993 dimittendi

1991 2025 2192 2081 peccata
2220 2016 2272 2068 in
2300 2026 2450 2081 terra,
2483 2020 2552 2069 ait
2591 2020 2668 2071 illi
2708 2036 2726 2071 .'
2760 2019 2897 2073 Tolle
2925 2022 3126 2088 lectum,
3163 2034 3208 2078 et
3236 2027 3359 2079 vade
3383 2028 3434 2080 in
3462 2034 3552 2082 do-

1989 2120 2122 2155 mum
2148 2113 2282 2156 tuam
2307 2105 2520 2174 (Matth.
2542 2106 2594 2161 9.
2623 2106 2712 2177 6).
2743 2109 3177 2179 Vulgusdicebat,
3206 2114 3377 2183 ipsum
3402 2121 3549 2186 quasi

1992 2204 2306 2263 potestatem
2350 2196 2629 2251 habentem
2658 2200 2834 2253 omnia
2861 2200 3033 2256 facere
3066 2203 3219 2271 :ipse
3262 2221 3408 2260 vero.
3458 2207 3547 2260 Fi-

1990 2285 2115 2337 lium
2144 2285 2375 2339 hominis
2419 2296 2728 2355 potestatem
2758 2290 2955 2345 habere
3002 2292 3297 2350 dimittendi
3338 2309 3548 2365 peccata

1991 2376 2042 2428 in
2071 2384 2235 2439 terra;
2260 2384 2332 2439 et,
2366 2374 2665 2430 Potestatem
2695 2378 2849 2432 habeo
2871 2384 3086 2447 ponendi
3114 2385 3331 2437 animam
3354 2404 3542 2451 meam,

1990 2475 2033 2517 et
2083 2475 2369 2534 potestatem
2410 2467 2564 2519 habeo
2611 2469 2835 2520 sumendi
2886 2486 2999 2522 eam
3040 2471 3228 2541 (Joan.
3281 2476 3367 2529 10.
3424 2477 3548 2543 18).

1992 2556 2157 2624 Leges
2200 2556 2303 2610 fert
2343 2572 2464 2609 cum
2509 2567 2788 2625 potestate,
2816 2568 3029 2627 peccata
3063 2562 3218 2617 solvit
3245 2579 3363 2619 cum
3399 2576 3547 2635 pote—

1990 2656 2124 2701 suate
2143 2686 2156 2707 .
2186 2646 2369 2700 mortis
2397 2656 2450 2700 et
2479 2647 2599 2700 vitae
2640 2657 2950 2716 potestatem
2989 2651 3175 2718 habet,
3204 2663 3255 2708 et
3287 2657 3551 2724 quomodo

1990 2735 2142 2795 dicis,
2164 2737 2331 2804 ipsum
2361 2752 2388 2789 a
2426 2738 2601 2805 seipso
2640 2739 2769 2791 nihil
2812 2733 3142 2796 faceremac
3171 2743 3384 2799 victoria
3427 2750 3549 2815 quid

1994 2825 2317 2877 manifestius
2333 2831 2355 2876 ‘t

2068 2918 2120 2973 6.
2137 2919 2469 2990 Difﬁcultatis
2481 2920 2686 2977 solutio.
2705 2929 2750 2972 et
2763 2921 2885 2973 dicti
2902 2920 3180 2991 evangelici
3192 2921 3558 2985 explicatio.—

1998 3009 2106 3065 Sed
2134 3012 2177 3063 si
2202 3010 2379 3064 velitis
2406 3011 2678 3078 deinceps,
2711 3010 2778 3064 ab
2808 3010 3078 3064 haareticis
3109 3010 3361 3078 expediti,
3400 3012 3557 3065 dictis

1991 3099 2304 3153 Solutioncm
2333 3099 2609 3152 afferamus
2639 3116 2651 3150 :
2685 3100 3013 3167 primumque
3054 3116 3356 3165 monemus,
3401 3102 3545 3167 illud,

1996 3189 2112 3242 Non
2156 3198 2328 3258 potest,
2361 3190 2427 3242 de
2466 3191 2573 3242 Deo
2615 3189 2832 3252 dictum,
2880 3204 2983 3243 non
3027 3190 3417 3256 imbecillitatis,
3458 3193 3550 3247 scd

1992 3280 2237 3348 potentiae
2265 3287 2628 3347 argumentum
2662 3293 2796 3331 esse.
2827 3278 2938 3331 Hoc
2968 3278 3089 3332 licet
3114 3293 3305 3333 novum
3332 3280 3553 3335 fortasse

1992 3368 2249 3429 videatur,
2290 3376 2344 3420 at
2371 3367 2517 3420 vobis
2554 3368 2747 3419 claram
2779 3366 2854 3419 rei
2896 3367 3391 3423 demonstrationem
3421 3370 3554 3423 affe-

1995 3474 2188 3512 remus.
2218 3456 2272 3511 Si
2303 3456 2503 3519 dixero,
2535 3457 2695 3508 Deum
2725 3471 2826 3507 non
2858 3470 3010 3522 posse
3040 3471 3278 3523 peccare,
3318 3473 3420 3510 non
3453 3458 3552 3511 im-

1995 3549 2289 3600 becillitatis
2330 3546 2472 3597 illum
2508 3560 2689 3612 arguo,
2730 3544 2821 3597 sed
2860 3546 3139 3599 maximam
3169 3547 3264 3614 ipsi
3306 3548 3557 3603 testificor

1996 3648 2328 3707 potestatem.
2353 3637 2408 3692 Si
2434 3638 2636 3701 dixero,
2666 3651 2772 3689 non
2801 3651 2956 3706 posse
2980 3638 3191 3692 mentiri
3224 3639 3407 3705 Deum,
3432 3647 3556 3695 tunc

1997 3729 2221 3798 idipsum
2262 3728 2585 3781 demonstro.
2615 3727 3063 3792 Quemadmodum
3094 3736 3149 3781 et
3190 3729 3379 3782 Paulus
3408 3730 3555 3785 dice-

1999 3820 2085 3873 bat
2116 3835 2129 3878 ;
2162 3819 2221 3874 Si
2250 3820 2613 3883 sustinebimus,
2642 3828 2687 3870 et
2714 3818 3157 3887 conregnabimus;
3187 3820 3229 3870 si
3263 3835 3360 3873 non
3397 3820 3557 3873 credi-

2001 3926 2129 3974 mus,
2177 3910 2262 3963 ille
2299 3909 2462 3975 [idolis
2502 3916 2797 3976 permanet:
2828 3923 2943 3959 nam
2985 3924 3164 3975 negare
3204 3910 3420 3976 seipsum
3459 3926 3558 3963 non

2001 4006 2158 4069 potest
2187 3999 2277 4069 (2.
2308 3998 2439 4051 Tim.
2474 4000 2527 4049 2.
2564 3998 2649 4051 12.
2683 3999 2807 4066 13).
2838 3997 3017 4051 Videu‘
3047 3998 3195 4060 illud,
3231 3997 3347 4051 Non
3378 4008 3552 4067 potest,

2002 4090 2244 4158 potentia:
2286 4103 2402 4141 esse
2446 4088 2689 4156 signum?
2742 4086 2937 4154 Ecquid
2967 4088 3150 4155 loquor
3186 4087 3252 4141 de
3293 4088 3441 4141 Deo?
3485 4088 3557 4142 De

2002 4180 2182 4233 sensili
2222 4180 2362 4233 enim
2404 4178 2618 4232 materia
2658 4176 2957 4245 exemplum
3003 4191 3224 4229 sumam.
3263 4176 3319 4231 Si
3352 4177 3555 4242 dixero,

2002 4271 2331 4324 adamantem
2377 4284 2479 4322 non
2522 4282 2676 4337 posse
2711 4268 2902 4335 rumpi,
2945 4283 3008 4320 an
3051 4267 3378 4334 fragilitatem
3419 4270 3556 4335 ejus,

2005 4375 2069 4411 an
2110 4359 2271 4413 robur
2298 4358 2412 4428 ejus
2444 4358 2723 4411 maximum
2772 4356 3105 4424 depraedico?
3132 4355 3259 4410 Cum
3304 4371 3428 4425 ergo
3466 4371 3561 4410 au-

2006 4450 2185 4514 dieris,
2219 4464 2321 4501 non
2365 4462 2524 4516 posse
2552 4448 2712 4500 Deum
2743 4461 2977 4515 peccare,
3010 4461 3107 4499 nec
3134 4461 3288 4515 posse
3328 4447 3558 4512 mentiri,

2005 4554 2104 4592 nec
2132 4553 2284 4606 posse
2313 4538 2572 4605 abnegare
2592 4536 2842 4603 seipsum,
2877 4550 2942 4588 ne
2965 4546 3113 4603 putes
3140 4535 3259 4587 hinc
3286 4534 3560 4589 imbecilli.

2008 4638 2168 4681 tatem
2198 4628 2313 4695 ejus
2344 4626 2634 4694 prmdicari,
2668 4626 2757 4677 sed
2790 4638 3035 4691 perquam
3068 4624 3345 4676 maximam
3374 4633 3558 4693 poten-

2008 4718 2162 4780 tiam;
2208 4716 2326 4783 quia
2355 4715 2466 4781 ejus
2491 4711 2778 4764 substantia
2819 4711 3011 4763 nullam
3049 4712 3331 4779 nequitiam
3371 4713 3561 4765 admit-

2010 4816 2119 4858 tere
2162 4812 2353 4872 potest,
2404 4800 2539 4869 quod
2590 4800 2853 4852 inaccessa
2901 4800 2986 4865 sit,
3028 4815 3176 4867 pura,
3223 4810 3276 4854 et
3315 4815 3559 4869 superna.

2010 4894 2139 4959 Quia
2167 4907 2289 4959 ergo
2320 4891 2418 4943 hoc
2458 4899 2597 4943 recte
2627 4889 2916 4942 discussum
2948 4889 3062 4951 fuit,
3094 4906 3189 4958 age
3224 4890 3288 4943 ad
3322 4895 3559 4959 proposi-

2013 4993 2119 5035 tum
2162 4980 2421 5033 sermonis
2449 4979 2876 5032 exercitationem
2914 4991 3301 5032 eouvertamus.
3339 4980 3501 5034 Filius
3535 5000 3565 5035 a

2010 5072 2169 5137 seipso
2207 5084 2305 5120 non
2345 5077 2502 5137 potest
2532 5072 2694 5135 facere
2732 5067 3023 5135 quidquam.
3063 5069 3197 5133 Quid
3235 5069 3359 5122 illttd
3390 5080 3492 5135 est,
3524 5074 3563 5123 A

2011 5160 2205 5227 seipse?
2236 5159 2345 5212 Hoc
2374 5159 2416 5210 si
2447 5159 2607 5225 probe
2659 5157 2968 5221 didiceritis,
2998 5161 3287 5226 aguoscetis
3334 5162 3447 5229 ejus
3476 5177 3565 5214 ar-

2011 5262 2146 5305 ctam
2174 5266 2291 5303 cum
2319 5249 2565 5303 Genitore
2588 5249 3028 5317 conjunctionem,
3060 5251 3251 5303 nullam
3296 5266 3411 5305 esse
3442 5254 3566 5306 sub-

2013 5342 2217 5394 statuite
2242 5339 2649 5403 distinctionem,
2678 5338 3015 5408 ejusdemque
3040 5356 3159 5394 eum
3186 5355 3301 5394 esse
3324 5342 3562 5399 substan-

2016 5432 2099 5482 tiae
2141 5428 2290 5496 cujus
2327 5428 2498 5481 Pater.
2532 5426 2665 5491 Quid
2704 5427 2858 5494 igitur
2893 5427 3017 5480 illud
3057 5437 3156 5493 est,
3189 5428 3307 5480 Non
3352 5439 3506 5494 potest
3535 5447 3566 5483 α

2013 5520 2207 5585 seipse?
2242 5518 2352 5571 Non
2380 5524 2550 5585 potest
2580 5517 2837 5583 peculiare
2877 5517 2997 5585 quid
3028 5527 3215 5585 prmter
3254 5519 3457 5572 Patrem
3486 5520 3566 5573 fa-

2016 5625 2154 5670 cere,
2188 5624 2289 5662 non
2318 5616 2487 5677 potest
2510 5608 2835 5676 peregrinum
2864 5608 2985 5675 quid
3013 5617 3066 5662 et
3085 5620 3379 5677 separatum
3411 5628 3438 5661 a
3463 5612 3562 5663 Pa-

2021 5709 2097 5751 tre
2126 5696 2316 5763 faeere,
2349 5710 2515 5766 neque
2538 5695 2761 5749 alienum
2791 5695 2913 5767 quid
2940 5697 3133 5765 facere,
3164 5698 3241 5753 vel
3264 5699 3400 5753 aliud
3423 5700 3588 5769 quid~
