4112 6496
574 386 684 441 255

572 488 712 556 piam
742 488 879 557 quod
906 501 1009 541 non
1031 486 1184 538 faciat
1218 486 1371 539 Pater
1396 502 1409 539 :
1438 499 1553 554 quae
1578 482 1718 538 enim
1749 481 1835 535 hic
1863 480 2002 544 facit,
2028 479 2143 534 htcc

570 588 624 632 et
662 579 751 633 ille
789 577 930 632 facit.
975 577 1101 631 lllud
1140 576 1314 647 igitur,
1346 577 1390 629 Α
1427 576 1587 645 seipse
1608 591 1706 628 non
1750 582 1907 643 potest
1947 572 2128 641 facere,

570 682 671 722 uec
698 667 1013 729 libertatem,
1045 681 1141 720 nec
1172 666 1456 735 potentiam
1490 665 1647 729 tollit,
1689 662 1781 717 sed
1802 661 2135 716 concordiam

568 756 916 820 demonstrat,
965 770 1305 822 consensum,
1350 764 1403 810 et
1445 763 1643 808 arctam
1687 752 2132 821 conjunctionem,

569 857 752 914 eStque
777 844 986 898 unionis
1007 844 1256 913 perfecta:
1284 844 1509 914 signum.
1538 841 1671 896 Cum
1695 841 1835 895 enim
1863 840 2135 896 sabbatum

570 936 817 1001 solveret,
858 944 914 990 et
942 936 1386 1005 praevaricationis
1412 934 1560 988 illum
1590 941 1921 996 accusarent,
1953 931 2134 987 dicen-

574 1039 692 1082 tes:
728 1029 840 1081 Alia
873 1029 1010 1081 Deus
1059 1028 1325 1097 praecepit,
1355 1025 1457 1079 alia
1486 1033 1539 1079 tu
1578 1024 1741 1088 facis;
1787 1022 1924 1078 hanc
1953 1037 2136 1079 eorum

569 1119 945 1189 impudentiam
974 1119 1326 1187 comprimens
1376 1117 1465 1171 ille
1511 1116 1584 1169 ait
1617 1133 1629 1169 ε
1658 1115 1770 1170 Νοη
1800 1114 1940 1170 aliud
1975 1130 2002 1167 a
2029 1130 2133 1181 me,

571 1225 724 1277 quam
752 1207 890 1278 quod
933 1223 961 1260 a
990 1208 1162 1274 Patre,
1194 1206 1384 1261 facth
1410 1214 1517 1272 est;
1551 1220 1719 1275 neque
1743 1205 1841 1275 ipsi
1866 1219 1981 1259 sum
2006 1219 2136 1260 cou-

572 1301 764 1354 lrarius
795 1299 879 1354 vel
922 1298 1110 1354 hostis.
1138 1298 1289 1364 Quod
1315 1298 1360 1352 si
1387 1312 1493 1352 non
1520 1297 1588 1350 ita
1630 1297 1876 1366 loquutus
1901 1306 1982 1351 est
2000 1336 2014 1359 ,
2042 1295 2136 1351 sed

574 1392 869 1446 humaniori
899 1400 951 1446 et
975 1390 1220 1445 crassiori
1262 1389 1418 1444 modo
1442 1403 1741 1444 sermonem
1772 1387 2100 1442 adumbravit
2119 1428 2133 1453 ,

567 1484 764 1551 cogites
782 1497 902 1536 eum
923 1496 1042 1536 eum
1062 1480 1259 1551 Judaeis
1279 1493 1573 1534 senmonem
1598 1477 1861 1543 habuisse,
1881 1477 1969 1547 qui
1989 1476 2135 1531 illum

570 1574 678 1629 Deo
723 1574 1044 1629 contrarium
1095 1586 1216 1627 esse
1257 1570 1527 1641 putabant.
1568 1568 1713 1634 Ideo,
1759 1583 1825 1622 ne
1864 1568 1981 1637 quis
2033 1566 2136 1621 tale

567 1665 835 1735 quidpiam
885 1663 1259 1733 suspicaretur,
1288 1661 1462 1716 statim
1500 1658 1698 1715 addidit
1728 1677 1741 1712 :
1773 1658 1939 1728 Opera
1983 1657 2132 1721 enim,

566 1770 677 1824 qua:
714 1753 800 1807 ille
826 1753 963 1819 facit,
1002 1761 1047 1805 et
1072 1750 1237 1804 Filius
1257 1750 1485 1803 similiter
1513 1749 1632 1817 facit
1653 1746 1826 1819 (Ioan.
1854 1747 1907 1802 5.
1941 1745 2050 1817 19).
2082 1744 2136 1801 Si

568 1858 699 1899 vero
722 1843 848 1896 nihil
879 1858 908 1896 a
933 1842 1107 1911 seipso
1128 1841 1270 1903 facit,
1299 1837 1561 1909 quomodo
1582 1838 1823 1892 similiter
1844 1835 2003 1890 facit?
2023 1835 2135 1890 Non

567 1932 707 1992 enim
736 1931 908 1986 facere
933 1944 1178 2001 magnum
1209 1937 1291 1985 est
1322 1946 1335 1983 :
1367 1928 1493 1982 illud
1522 1928 1661 1982 enim
1692 1926 1917 1997 agebant
1941 1932 1989 1981 et
2010 1939 2139 1994 apo-

567 2024 711 2089 stoli,
756 2032 992 2077 mortuos
1017 2022 1337 2087 excitabant,
1384 2020 1621 2089 leprosos
1662 2018 2014 2081 mandabant;
2042 2016 2135 2071 sed

566 2129 671 2167 non
696 2113 939 2166 Similiter
960 2121 1016 2166 ut
1042 2114 1172 2181 ipse.
1196 2113 1264 2165 At
1290 2109 1554 2179 quomodo
1582 2109 1697 2162 illi?
1727 2107 1861 2173 Quid
1889 2108 2030 2160 nobis
2050 2117 2133 2159 at-

572 2201 791 2265 tenditis,
822 2201 971 2267 quasi
994 2202 1195 2269 propria
1239 2200 1417 2252 virtute
1456 2206 1543 2251 aut
1588 2206 1825 2265 totestate
1873 2196 2137 2264 fecerimus

572 2293 703 2345 hunc
742 2290 1000 2342 ambulare
1026 2288 1156 2359 (Act.
1189 2289 1242 2342 5.
1275 2287 1398 2357 12)?
1440 2286 1713 2351 Quomodo
1739 2292 1909 2337 autem
1948 2282 2137 2337 Iesus?

572 2379 640 2434 Ut
669 2380 835 2432 sciatis
876 2380 992 2447 quia
1031 2388 1315 2447 potestatem
1346 2376 1489 2431 habet
1525 2375 1689 2429 Filius
1718 2374 1931 2427 hominis
1969 2373 2138 2426 dimit-

569 2469 707 2525 tendi
741 2478 941 2539 peccata
964 2470 1017 2520 in
1060 2479 1190 2521 terra
1239 2467 1424 2537 (Marc.
1463 2467 1517 2521 Ξ.
1554 2468 1635 2520 10.
1668 2465 1793 2518 Luc.
1833 2465 1886 2519 5.
1932 2464 2046 2532 24);
2076 2478 2137 2518 ac

572 2576 780 2615 rursum
802 2560 868 2615 de
893 2558 1275 2613 resurrectione
1298 2567 1623 2611 mortuorum
1650 2572 1662 2605 :
1692 2554 1833 2609 Sicut
1862 2553 2017 2607 Pater
2037 2571 2137 2608 sus-

569 2650 688 2703 citat
727 2658 944 2701 mortuos
964 2688 977 2710 ,
1008 2657 1056 2700 et
1084 2647 1317 2714 oiviﬁcat,
1341 2647 1411 2697 ita
1432 2654 1477 2698 et
1507 2642 1554 2696 F
1557 2645 1675 2697 ilius
1692 2659 1815 2712 quos
1843 2642 1946 2696 vult
1971 2643 2133 2711 viviﬁ-

571 2750 652 2794 cat
675 2739 850 2809 (Joan.
876 2739 929 2794 5.
957 2737 1069 2804 2i).
1099 2737 1245 2790 Licet
1278 2735 1403 2789 satis
1431 2734 1618 2789 fuisset
1641 2733 1855 2797 dixisse,
1886 2731 2011 2797 Ita;
2044 2733 2135 2789 sed

568 2846 634 2885 cx
657 2828 962 2892 abundanti,
996 2836 1051 2878 ut
1075 2826 1447 2895 impudentiam
1477 2825 1684 2877 illorum
1712 2824 2019 2879 retunderet
2047 2828 2132 2894 qui

567 2918 927 2973 contradicere
953 2917 1165 2980 vellent,
1206 2913 1331 2967 illud
1358 2912 1557 2967 addidit
1584 2928 1597 2966 :
1632 2912 1766 2979 Quos
1793 2914 1917 2979 uult,
1949 2927 2136 2983 nempe

569 3023 687 3063 eum
717 3008 859 3059 omni
891 3007 1142 3075 potentia.
1172 3004 1373 3060 Idcirco
1399 3004 1508 3056 ait:
1541 3003 1708 3071 Opera
1735 3006 1884 3070 enim,
1914 3020 2025 3072 quia
2049 3002 2136 3057 ille

570 3100 728 3171 facit:
768 3112 871 3150 non
898 3096 1044 3160 dicit,
1071 3096 1273 3151 Similia
1303 3102 1355 3149 et
1389 3093 1551 3147 Filius
1596 3091 1751 3157 iacit;
1797 3092 1909 3159 sed,
1938 3091 2135 3146 Eadem

568 3190 680 3257 ipsa
712 3186 877 3239 Filius
902 3186 1043 3254 facit.
1074 3184 1259 3241 Omnia
1280 3187 1407 3238 enim
1440 3201 1525 3252 per
1552 3184 1716 3253 ipsum
1756 3182 1890 3251 facta
1929 3192 2063 3247 sunt,
2091 3192 2136 3235 et

568 3279 674 3333 sine
698 3278 804 3345 ipso
832 3280 1019 3346 factum
1045 3286 1116 3329 est
1135 3276 1261 3328 nihil
1289 3273 1465 3342 (Joan.
1496 3275 1545 3328 1.
1571 3272 1649 3343 3).
1678 3272 1838 3327 Vides
1862 3269 2131 3341 quomodo

568 3384 633 3424 eo
662 3368 897 3423 intendat
925 3368 1237 3431 orationem,
1269 3374 1325 3419 ut
1373 3366 1567 3419 indicet
1608 3364 1952 3418 arctissimam
1983 3361 2134 3415 unio-

570 3476 710 3524 nem,
747 3459 1168 3529 conjunctionem
1213 3466 1269 3510 et
1294 3470 1631 3519 consensum,
1672 3469 1773 3508 non
1820 3452 2018 3507 Similia
2058 3452 2139 3505 di-

568 3567 715 3615 cens,
737 3551 850 3615 sed,
886 3550 962 3603 Ea
983 3551 1110 3618 ipsa,
1135 3557 1188 3603 et
1211 3547 1469 3609 Similiter,
1494 3554 1551 3599 ut
1578 3545 1770 3598 Pater?
1800 3543 1997 3597 Idcirco
2020 3556 2137 3597 sese

570 3652 928 3709 attemperans
949 3655 1010 3693 ac
1031 3640 1333 3701 demittens,
1354 3637 1459 3691 illic
1482 3636 1636 3690 etiam
1664 3648 1782 3688 eum
1811 3646 1996 3703 magna
2016 3645 2139 3686 cau'

568 3732 672 3787 tela
698 3732 838 3784 dicto
882 3730 1177 3799 hujnsmodi
1206 3743 1330 3781 usus
1358 3735 1456 3781 est.
1501 3725 1617 3779 Non
1660 3723 1800 3777 enim
1836 3721 1986 3786 dixit,
2028 3720 2136 3775 Nisi

568 3820 833 3891 quidpiam
858 3820 1111 3873 doceatur
1133 3833 1160 3870 a
1190 3818 1363 3881 Patre,
1396 3829 1461 3869 ne
1492 3823 1545 3867 tu
1576 3813 1721 3866 illum
1743 3812 2033 3865 discentem
2060 3810 2139 3863 in-

571 3912 823 3974 duceres;
851 3924 1020 3979 neque
1039 3907 1192 3973 dixit,
1222 3906 1332 3960 Nisi
1355 3903 1477 3973 quid
1495 3902 1757 3971 iubeatur,
1786 3914 1853 3954 ne
1883 3900 1932 3953 in
1963 3913 2138 3953 servo-

571 4016 687 4055 rum
728 4000 910 4055 ordine
950 4000 1120 4067 ipsum
1150 4010 1267 4051 esse
1294 3993 1677 4063 suspicareris:
1708 3989 1825 4054 sed,
1866 3987 1982 4042 Nisi
2018 3988 2139 4057 quid

570 4090 747 4146 viderit
778 4089 981 4142 Patrem
1008 4088 1287 4156 facientem.
1332 4085 1396 4138 Et
1433 4084 1533 4136 hoc
1562 4082 1719 4136 etiam
1748 4079 1835 4133 illo
1865 4077 2021 4132 modo
2056 4076 2141 4130 di-

570 4194 736 4249 ettun,
769 4196 1009 4251 magnam
1043 4178 1234 4232 indicat
1262 4191 1379 4230 cum
1420 4175 1573 4229 Patre
1610 4171 2054 4242 conjunctionem.
2086 4166 2139 4222 Si

569 4277 712 4330 enim
746 4279 919 4341 potest
948 4272 1154 4323 Patrem
1178 4267 1357 4321 videre
1383 4272 1685 4333 operantem
1712 4302 1726 4325 ,
1755 4270 1808 4315 et
1837 4260 1974 4314 scire
2012 4272 2143 4327 quo-

575 4364 731 4418 modo
758 4368 1023 4430 Operetur,
1047 4358 1283 4427 ejusdem
1323 4363 1405 4409 est
1443 4352 1771 4407 substantiae.
1800 4349 1952 4419 Smpe
1992 4361 2140 4401 nam-

576 4467 679 4522 que
698 4449 1021 4504 ostendimus
1040 4457 1216 4513 antea,
1238 4443 1579 4499 subSIantiam
1600 4441 1689 4495 Dei
1709 4443 1968 4496 nemlnem
1991 4449 2144 4506 posse

572 4548 815 4595 accurate
838 4538 1038 4604 videre,
1065 4552 1233 4607 neque
1254 4536 1395 4589 clare
1418 4545 1758 4602 cognoscere,
1782 4528 1883 4583 nisi
1905 4525 2141 4596 ejusdem

571 4632 641 4685 sit
669 4639 889 4686 naturae.
931 4629 1184 4697 Angelum
1215 4635 1358 4683 certe
1406 4623 1543 4682 nuda
1584 4620 1874 4679 substantia
1916 4632 2145 4691 praesen-

1303 373 1355 427 S.
1394 369 1667 427 JOANNIS
1703 365 2167 425 CilRYSOSTOMl
2204 366 2514 425 ARCHIEP.
2554 370 3082 428 CONSTANTINOP.

3706 392 3826 447 256

2252 487 2353 533 tem
2386 478 2563 545 homo,
2607 482 2728 537 licet
2755 498 2940 553 magna
2981 486 3170 540 virtute
3210 496 3449 554 ornatus,
3496 488 3672 544 videre
3703 506 3814 545 non

2244 570 2432 637 potuit,
2483 586 2670 641 nempe
2714 573 2915 627 Daniel.
2961 573 3083 629 ideo
3125 576 3259 631 hanc
3296 578 3445 646 quasi
3491 579 3810 650 singularem

2242 670 2442 713 naturae
2471 674 2581 716 sua:
2623 664 3021 732 praerogativam
3071 664 3344 732 ell‘erebat,
3390 667 3571 722 dicens
3601 682 3618 726 :
3648 668 3813 723 Deum

2241 764 2384 802 nemo
2420 750 2542 802 vidit
2582 767 2853 821 umquam;
2880 756 3159 823 unigenitus
3198 754 3381 821 Filius,
3410 759 3493 825 qui
3517 767 3587 811 est
3619 758 3670 812 in
3696 760 3814 813 sinu

2246 834 2432 902 Patris,
2461 839 2567 909 ipse
2592 844 2840 895 enarravit
2883 842 3060 911 (Joan.
3086 846 3137 898 1.
3163 844 3271 914 18).
3298 845 3364 900 Ει
3408 862 3615 901 rursum
3642 866 3655 900 :
3690 847 3816 901 Non

2241 928 2373 997 quod
2412 928 2617 986 Patrem
2664 933 2837 985 viderit
2865 935 3143 1004 quisquam,
3176 938 3271 989 nisi
3314 938 3357 990 is
3383 938 3466 1005 qui
3508 948 3577 992 est
3605 955 3636 991 a
3682 937 3812 1006 Deo,

2241 1021 2326 1075 ille
2352 1021 2471 1075 vidit
2511 1022 2713 1076 Patrem
2756 1025 2931 1091 (Joan.
2959 1025 3011 1078 6.
3041 1025 3151 1094 46).
3193 1026 3302 1080 Etsi
3348 1028 3496 1080 multi
3542 1028 3648 1093 alii,
3684 1044 3814 1097 pro-

2245 1110 2432 1179 phetae,
2477 1112 2807 1180 patriarchae,
2843 1114 2967 1181 justi
2998 1124 3051 1168 et
3079 1116 3250 1184 angeli
3294 1116 3522 1171 viderint
3554 1134 3565 1169 :
3594 1118 3687 1171 sed
3745 1119 3817 1172 de

2242 1200 2473 1269 perfecta
2510 1204 2805 1271 cognitione
2834 1205 3078 1274 loquitur.
3112 1204 3189 1260 Ne
3215 1208 3388 1275 itaque
3416 1207 3649 1262 dicamus
3687 1223 3815 1262 eum

2244 1300 2366 1346 tunc
2397 1292 2591 1358 facere,
2622 1310 2739 1349 cum
2771 1296 2913 1351 videt
2946 1312 3065 1351 eum
3113 1315 3126 1350 :
3163 1313 3282 1350 nam
3310 1314 3410 1368 qua
3438 1299 3639 1354 ratione
3682 1299 3814 1353 illud

2241 1392 2521 1450 constaret,
2570 1384 2749 1439 Omnia
2794 1404 2880 1457 per
2904 1389 3068 1456 ipsum
3106 1388 3244 1456 facta
3283 1398 3418 1453 sunt,
3470 1399 3515 1442 et
3546 1390 3654 1442 sine
3701 1390 3813 1458 ipso

2242 1474 2429 1543 factum
2454 1484 2524 1527 est
2554 1475 2681 1528 nihil
2708 1475 2880 1544 (loan.
2912 1479 2961 1529 1.
2985 1476 3081 1543 5)?
3105 1492 3307 1531 necnon
3332 1477 3480 1541 illud,
3513 1477 3679 1547 Opera
3698 1493 3816 1546 qua:

2241 1564 2324 1616 ille
2346 1565 2484 1633 facit,
2515 1565 2620 1619 lucc
2663 1576 2707 1618 et
2755 1565 2920 1619 Filius
2948 1568 3177 1620 similiter
3217 1569 3337 1635 facit
3370 1566 3543 1636 (Joan.
3570 1568 3621 1622 5.
3668 1567 3808 1635 i9)?

2241 1656 2369 1710 Nam
2400 1657 2443 1711 si
2487 1658 2728 1712 similiter
2772 1659 2913 1723 facit,
2953 1658 3238 1729 quomodo,
3284 1675 3402 1713 cum
3436 1660 3577 1727 prius
3622 1660 3818 1713 viderit

2240 1745 2408 1809 illum,
2443 1755 2566 1800 tunc
2597 1746 2755 1801 facit?
2794 1747 3021 1802 Necesse
3046 1748 3189 1802 enim
3233 1747 3333 1802 erit
3370 1762 3434 1802 ex
3471 1747 3572 1802 hoc
3612 1757 3698 1800 tuo
3732 1748 3816 1800 di-

2240 1846 2325 1890 cto
2370 1837 2527 1889 etiam
2574 1838 2780 1893 Patrem
2822 1848 2946 1893 tunc
2996 1839 3201 1908 operari
3247 1853 3366 1893 cum
3414 1839 3607 1893 viderit
3650 1839 3813 1892 alium

2241 1938 2581 1996 Operantem;
2624 1929 2672 1983 id
2713 1929 2851 2000 quod
2898 1940 3146 1985 extrema:
3174 1929 3453 1984 dementire
3494 1929 3818 1997 insaniaeque

2242 2016 2417 2072 fuerit.

2311 2109 2379 2163 7.*
2405 2107 2510 2163 Sed
2554 2123 2621 2163 ne
2668 2107 2783 2164 haec
2826 2109 3083 2164 imbecilla
3122 2118 3175 2163 et
3212 2107 3436 2162 absurda
3464 2107 3803 2162 confutantes

2240 2213 2538 2253 sermonem
2571 2198 2777 2267 longius
2804 2199 3177 2267 producamus,
3230 2198 3332 2253 hoc
3356 2198 3611 2251 addemus
3641 2214 3657 2252 :
3686 2198 3812 2267 quia

2239 2301 2355 2341 cum
2383 2287 2577 2341 Judzeis
2617 2302 2915 2341 sermonem
2947 2287 3191 2351 habebat,
3233 2289 3318 2356 qui
3361 2288 3507 2341 illum
3546 2288 3655 2342 Deo
3680 2303 3816 2342 eon-

2242 2378 2459 2431 trarium
2500 2378 2783 2444 dicebant,
2830 2389 2883 2431 et
2922 2377 3210 2445 legislatori
3240 2376 3538 2437 inimicum,
3582 2374 3723 2446 quod
3748 2392 3816 2431 ex

2240 2467 2304 2520 iis
2346 2482 2462 2536 qua:
2502 2466 2635 2520 facta
2664 2469 2871 2522 fuerant
2900 2469 2972 2521 illi
3002 2468 3350 2537 colligebant,
3384 2468 3460 2521 sic
3488 2468 3573 2521 ille
3602 2482 3814 2521 sermo-

2241 2571 2358 2610 nem
2414 2555 2723 2611 humaniore
2750 2565 2803 2611 et
2830 2557 3094 2611 crassiore
3122 2557 3277 2612 modo
3303 2556 3652 2622 concinnavit,
3690 2572 3817 2626 pru-

2240 2647 2381 2701 denti
2424 2646 2649 2701 auditori
2692 2648 3013 2717 relinquens,
3048 2648 3113 2702 de
3142 2647 3224 2701 his
3252 2650 3321 2701 ita
3348 2648 3543 2701 sentire
3563 2688 3577 2711 ,
3620 2656 3675 2700 ut
3705 2646 3819 2701 Deo

2240 2749 2651 2795 consentaneum
2680 2751 2810 2804 erat,
2841 2750 2894 2794 et
2923 2756 3014 2795 eos
3044 2742 3131 2809 qni
3163 2741 3406 2794 crassiori
3455 2739 3611 2793 modo
3654 2738 3816 2793 intel-

2239 2833 2469 2903 ligehant
2493 2832 2793 2902 corrigens;
2840 2832 3179 2901 quamobrem
3209 2832 3417 2885 dicebat
3449 2848 3463 2886 :
3495 2831 3660 2900 Opera
3680 2831 3817 2885 etaim

2238 2938 2346 2993 qua:
2369 2923 2453 2976 ille
2474 2924 2611 2993 facit,
2645 2924 2748 2976 han:
2782 2932 2825 2975 et
2848 2922 3012 2975 Filius
3036 2921 3261 2976 similiter
3287 2921 3430 2992 facit.
3461 2920 3639 2990 Neque
3669 2923 3817 2976 enim

2240 3022 2530 3084 exspectat,
2563 3013 2730 3067 donec
2759 3013 3165 3067 videritPatrem
3195 3014 3490 3077 facientem,
3514 3024 3566 3065 ut
3591 3020 3715 3065 tunc
3738 3012 3819 3064 fa-

2240 3106 2362 3169 ciat,
2394 3118 2563 3173 neque
2589 3103 2863 3172 disciplina
2891 3117 3023 3171 opus
3049 3101 3205 3157 habet
3232 3116 3247 3155 :
3277 3101 3371 3154 sed
3394 3100 3535 3155 videt
3556 3100 3669 3169 ejus
3689 3099 3818 3154 sub—

2240 3195 2510 3258 stantiam,
2541 3194 2812 3265 ipsamque
2839 3193 2979 3246 clare
3007 3192 3150 3245 novit
3178 3209 3191 3245 :
3235 3191 3378 3246 Sicut
3400 3190 3540 3245 enim
3576 3190 3710 3243 novit
3738 3204 3820 3244 me

2240 3286 2415 3351 Pater,
2450 3293 2496 3338 et
2542 3299 2632 3355 ego
2661 3300 2874 3354 agnosco
2904 3283 3111 3336 Patrem
3148 3282 3325 3352 (Joan.
3353 3282 3439 3337 10.
3471 3281 3557 3349 15)
3586 3298 3598 3345 ;
3635 3282 3813 3335 omnia

2239 3383 2414 3429 autem
2445 3385 2693 3442 operatur
2713 3384 2767 3427 et
2794 3373 2953 3427 efficit
2994 3388 3112 3428 cum
3162 3381 3421 3442 potestate
3464 3372 3562 3442 ipsi
3608 3386 3814 3426 conve-

2240 3463 2425 3529 nienti,
2469 3478 2590 3518 cum
2638 3462 2982 3533 intelligentia
3030 3471 3083 3516 et
3126 3462 3381 3530 sapientia
3426 3462 3596 3529 ipsum
3645 3460 3818 3513 comi-

2242 3562 2413 3620 tante,
2444 3553 2527 3607 cui
2560 3551 2691 3605 nihil
2716 3562 2807 3605 aut
2830 3551 3033 3605 discere
3061 3559 3149 3604 aut
3178 3550 3356 3604 videre
3383 3564 3517 3617 opus
3551 3548 3638 3601 sit.
3668 3548 3817 3614 Quo-

2243 3643 2403 3699 modo
2434 3642 2572 3697 enim
2598 3656 2729 3711 opus
2749 3640 2923 3706 fuerit,
2951 3656 3070 3694 cum
3093 3640 3160 3693 sit
3182 3638 3409 3708 perfecta
3427 3638 3595 3692 Patris
3616 3638 3816 3706 imago,

2241 3744 2294 3790 et
2318 3734 2515 3798 omnia,
2544 3748 2662 3801 qua:
2693 3732 2802 3797 ille,
2832 3731 3075 3786 similiter
3103 3730 3259 3784 faciat
3282 3738 3475 3782 etcum
3504 3727 3692 3782 eadem
3721 3742 3820 3795 po-

2241 3824 2467 3881 testate?
2513 3824 2585 3877 De
2633 3832 2893 3893 potestate
2921 3822 3060 3876 enim
3090 3821 3313 3889 loquens
3351 3820 3464 3873 hazc
3487 3818 3762 3887 subjunxit
3796 3834 3814 3872 :

2244 3913 2352 3984 Ego
2379 3925 2423 3967 et
2459 3912 2610 3967 Pater
2639 3928 2791 3965 unum
2830 3928 2997 3965 sumus
3037 3908 3215 3979 (Joan.
3248 3909 3334 3964 10.
3361 3909 3473 3978 50).
3506 3908 3628 3963 Haec
3657 3909 3818 3976 igitur

2243 4004 2453 4069 omnia,
2504 4017 2621 4071 quae
2670 4001 2808 4056 dicta
2862 4009 3021 4066 sunt,
3075 4001 3300 4054 scientes
3333 4009 3385 4053 et
3422 3998 3814 4066 intelligentes,

2244 4108 2548 4148 aversemur
2577 4093 2943 4147 haereticorum
2964 4099 3153 4155 coetus,
3184 4098 3444 4158 rectaeque
3469 4088 3589 4145 fidei
3618 4100 3816 4159 perpe-

2246 4195 2337 4240 tuo
2366 4186 2677 4251 hazreamus,
2709 4193 2764 4239 et
2808 4193 3103 4237 accuratam
3135 4196 3418 4251 paremque
3444 4179 3698 4232 doctrina:
3740 4177 3821 4230 vi-

2246 4287 2352 4334 tam
2384 4277 2735 4341 instituamus,
2778 4285 2834 4329 ut
2864 4275 3031 4327 futura
3063 4274 3197 4328 bona
3237 4285 3645 4340 consequamur,
3688 4282 3818 4338 gra-

2246 4369 2316 4424 tia
2347 4378 2400 4423 et
2427 4366 2850 4422 miserationibus
2882 4365 3089 4419 Domini
3120 4363 3281 4417 nostri
3311 4361 3434 4415 Jesu
3467 4360 3684 4423 Christi,
3731 4357 3820 4411 cui

2246 4460 2413 4531 gloria
2441 4468 2492 4514 et
2517 4458 2815 4526 imperium,
2848 4471 2948 4510 una
2979 4468 3097 4511 cum
3130 4455 3281 4508 Patre
3309 4463 3362 4508 et
3386 4451 3584 4521 Spiritu
3608 4460 3819 4517 sancto,

2250 4564 2391 4607 nunc
2416 4557 2469 4605 et
2497 4562 2727 4619 semper,
2758 4555 2813 4603 et
2840 4548 2892 4601 in
2916 4546 3110 4602 saecula
3139 4544 3470 4599 saeculorum.
3507 4543 3703 4597 Amen.

588 5115 3787 5153 mm

1988 5262 2361 5323 MONITUM

653 5387 1039 5471 lianchquoque
1088 5386 1361 5471 homiliam
1398 5390 1538 5442 eruit
1579 5386 1979 5471 laudatissimus
2010 5385 2091 5437 vir
2134 5385 2322 5471 Ericus
2356 5383 2637 5437 Benzelius
2675 5399 2738 5471 ex
2784 5383 3074 5471 Qodicibuls
3110 5386 3417 5471 Anglicanis
3459 5397 3513 5445 et
3557 5389 3793 5471 Upsaliaa

582 5457 766 5511 edidit.
802 5453 897 5509 Est
932 5453 1145 5512 autem.
1183 5456 1322 5523 quod
1370 5466 1578 5524 spectat
1623 5457 1741 5525 ejus
1774 5464 1979 5524 partem
2010 5454 2422 5525 nonmlnimam
2449 5491 2463 5514 ,
2507 5453 2829 5525 praecedenti
2862 5470 2971 5508 non
3018 5453 3313 5509 dissimilis.
3343 5457 3493 5512 Licet
3535 5453 3679 5512 enim
3720 5462 3792 5515 de

584 5525 975 5580 Melchisedeco
999 5566 1011 5585 ,
1044 5534 1101 5578 ut
1132 5522 1235 5579 fert
1265 5522 1542 5593 inscriptio
1566 5567 1581 5590 ,
1613 5522 1819 5593 agatur,
1853 5540 1960 5577 non
2004 5522 2432 5593 minimagtamen
2468 5536 2591 5593 pars
2631 5522 3083 5593 homiligcontra
3125 5526 3414 5581 Anommos
3450 5535 3552 5580 est.
3584 5529 3792 5584 Deinde

584 5610 712 5665 vero
745 5602 930 5665 contra
969 5589 1783 5662 Melchisedecitas'disputatur.
1811 5593 1900 5665 qui
1932 5592 2181 5665 dicebant
2211 5590 2655 5665 Melchisedeeum
2680 5606 2799 5665 esse
2814 5589 2958 5665 [ilio
2990 5594 3242 5665 majorem
3271 5610 3295 5665 ;_
3317 5595 3404 5665 alii
3428 5605 3604 5650 autem
3635 5608 3795 5665 puta-

580 5664 715 5717 bant
743 5678 863 5717 esse
893 5664 1149 5732 Spiritum
1184 5672 1425 5732 sauctum
1452 5680 1470 5732 ;ν
1507 5657 1566 5715 υἱ
1608 5664 1763 5717 docet
1799 5657 2325 5732 etiamfipiphanius
2364 5657 2559 5712 Πωτεεί
2586 5658 2673 5723 46,
2702 5660 2771 5713 al.
2810 5660 2899 5723 55,
2931 5657 3153 5732 quodin
3185 5662 3327 5717 notis
3357 5664 3585 5732 dicimus
3626 5657 3789 5722 infra.

586 5732 725 5790 Cave
746 5730 1107 5805 autem'putes
1129 5736 1265 5790 hanc
1296 5732 1348 5787 in
1376 5731 1825 5788 Mclchisedecum
1850 5730 2119 5786 homiliam
2137 5743 2251 5785 eam
2277 5742 2415 5793 esse,
2441 5742 2599 5798 quam
2625 5737 3009 5787 commemorat
3042 5730 3455 5801 Chrysostomns
3481 5731 3535 5787 in
3558 5734 3795 5792 Homilia
