4112 6526
202 472 235 525 2

243 474 277 526 5

285 475 319 528 7

228 638 1653 664 _________________________._.___

1530 438 1616 491 DE
1662 432 2199 490 ueuauseoeco.
3373 436 3483 493 258

1662 614 3456 646 ______________________________._____.._.

1224 919 1842 1035 EJUSDEM
1926 909 2525 1025 HOMILIA

1585 1172 1671 1229 Dc
1716 1165 2177 1229 Mclchisedeoo.

1763 1389 1989 1404 —-—-—-—-

297 1693 321 1744 1
338 1734 348 1743 .
365 1691 657 1759 Scriptura:
674 1708 835 1745 δίη-τω
850 1693 1131 1761 difﬁcultas
1153 1701 1199 1746 ct
1223 1693 1525 1745 obscuritas.
1539 1688 1824 1757 «Aposto-

242 1784 409 1838 licam
429 1787 592 1839 hodie
612 1785 764 1837 vobis
794 1800 1029 1837 mensam
1051 1801 1321 1853 apponere
1340 1784 1480 1846 volo,
1520 1782 1652 1835 etad
1681 1780 1824 1848 pela-

244 1892 353 1944 gus
366 1877 510 1930 vocis
526 1876 671 1929 illius
687 1876 746 1927 D.
764 1874 910 1927 Pauli
924 1891 1225 1929 sermonem
1243 1874 1537 1928 extendere
1553 1886 1700 1940 paro.
1719 1868 1825 1921 Sed

250 1963 381 2030 quid
410 1960 634 2013 faciam?
664 1959 849 2012 Hmreo
873 1960 1135 2024 timeoque
1158 1971 1222 2008 ne
1249 1971 1275 2007 a
1309 1966 1456 2021 portu
1484 1955 1746 2005 solventes
1774 1963 1823 2003 et

251 2052 322 2104 ad
350 2050 664 2119 profundum
690 2048 1098 2116 apostolicarnm
1129 2047 1507 2099 sententiarum
1538 2043 1820 2110 progressi,

251 2142 479 2208 caligine
502 2140 867 2206 corripiamur,
896 2148 952 2190 ut
980 2137 1110 2189 solet
1138 2135 1377 2187 accidere
1408 2145 1679 2185 vectorum
1730 2132 1824 2183 im-

260 2231 615 2300 peritioribus.
644 2230 721 2282 llli
752 2242 974 2295 namque
998 2237 1268 2293 postquam
1298 2223 1475 2276 relicta
1502 2223 1823 2282 continente,

252 2322 325 2374 ab
374 2331 588 2387 utraque
635 2319 779 2370 navis
827 2327 972 2384 parte
1023 2317 1235 2382 pelagus
1276 2312 1539 2373 viderint,
1592 2309 1826 2376 nihilque

254 2410 400 2463 aliud
425 2425 575 2478 quam
610 2416 821 2476 pontum
850 2416 901 2459 et
927 2405 1132 2468 cadum,
1166 2404 1417 2470 vertigine
1442 2401 1816 2467 corripiuntur,

256 2516 322 2554 ac
354 2500 522 2553 navim
566 2513 683 2552 cum
731 2496 856 2548 mari
904 2497 953 2547 in
1000 2493 1181 2546 orbem
1230 2493 1360 2544 verti
1407 2500 1604 2557 putant.
1636 2489 1825 2541 Verum

255 2608 370 2645 non
402 2606 465 2644 ex
497 2589 655 2641 maris
681 2598 865 2642 natura
889 2626 901 2649 ,
954 2584 1044 2637 sed
1086 2599 1147 2636 ex
1182 2582 1535 2650 navigantium
1570 2580 1829 2646 imperitia

258 2680 548 2746 \ertigines
592 2680 850 2729 oriuntur.
904 2676 1004 2729 Alii
1037 2674 1175 2726 enim
1208 2681 1408 2732 nantte,
1455 2670 1606 2722 nudés
1640 2684 1827 2736 corpo-

258 2771 411 2823 ribus
450 2782 565 2820 sese
610 2766 907 2835 praacipites
943 2763 1070 2815 dant
1100 2763 1149 2814 in
1195 2760 1381 2823 undas,
1426 2774 1523 2812 nec
1549 2759 1828 2826 quidquam

262 2855 565 2924 lmjusmodi
614 2854 878 2921 patiuntur
929 2868 940 2902 :
988 2850 1081 2903 sed
1124 2859 1398 2917 postquam
1429 2850 1479 2902 in
1508 2848 1681 2915 ipsum
1711 2862 1831 2915 pro-

259 2949 481 3003 fumlum
527 2948 868 3007 devenerunt,
918 2942 1154 2995 securius
1200 2939 1415 3008 degunt,
1464 2954 1616 3005 quam
1668 2939 1699 2989 ii
1746 2937 1833 3005 qui

260 3041 314 3094 in
352 3039 464 3105 ipso
490 3037 600 3089 solo
629 3035 830 3097 sedent,
874 3033 1296 3099 salsuginemque
1330 3044 1442 3085 ore.
1477 3028 1662 3089 oculis,
1700 3036 1831 3079 toto-

260 3145 371 3197 que
400 3142 617 3193 corpore
645 3125 982 3191 excipientes,
1018 3123 1066 3174 id
1102 3136 1200 3174 non
1230 3134 1367 3187 mgre
1394 3118 1584 3171 ferunt.
1611 3118 1831 3169 Tantum

264 3219 479 3283 taleque
512 3227 591 3268 est
637 3215 909 3283 imperitiae
949 3214 1181 3273 malum;
1227 3220 1423 3263 tantum
1470 3210 1696 3262 vicissim
1742 3224 1833 3276 pe-

263 3310 403 3363 ritia:
434 3308 647 3360 bonum.
703 3306 821 3358 llaec
845 3304 1091 3357 terribilia
1122 3316 1342 3371 quinque
1370 3299 1693 3367 parvifacere
1718 3314 1837 3351 sua-

263 3400 392 3461 det;
443 3398 523 3450 illa
571 3412 719 3461 vero,
756 3398 911 3449 etiam
957 3411 1037 3459 ea,
1086 3410 1202 3461 qua:
1254 3401 1362 3445 tuta
1405 3402 1544 3447 sunt,
1591 3400 1832 3456 suspecta

265 3490 465 3541 habere
495 3496 546 3539 et
576 3486 875 3539 formidare.
908 3484 1007 3535 Alii
1030 3484 1165 3535 enim
1198 3483 1247 3534 in
1281 3482 1406 3548 ipsis
1436 3479 1666 3547 praealtis
1688 3480 1838 3531 tabu-

268 3581 393 3634 latis
423 3578 568 3630 navis
597 3577 837 3628 sedentes
864 3575 1081 3641 caligine
1113 3572 1487 3639 corripiuntur,
1521 3571 1607 3621 alii
1642 3570 1691 3621 in
1725 3584 1836 3620 me-

265 3670 375 3722 diis
419 3667 574 3720 etiam
634 3666 876 3718 ﬂuctibus
932 3678 1034 3716 non
1101 3663 1487 3730 perturbantur.
1554 3660 1663 3712 Hoc
1714 3660 1837 3712 item

268 3758 437 3810 menti
484 3764 675 3807 nostra:
726 3754 932 3807 accidit.
999 3753 1125 3805 Nam
1178 3751 1318 3803 illam
1368 3765 1508 3817 salpe
1557 3749 1837 3801 affectuum

265 3848 464 3899 fluctus
490 3845 756 3905 invadunt,
804 3844 928 3910 ipsis
972 3842 1185 3894 marinis
1212 3842 1456 3893 fluctibus
1485 3840 1842 3893 vehementio-

269 3952 384 3997 res,
427 3936 536 4000 qui,
581 3933 906 4000 tempestatis
933 3933 1117 3993 instar,
1166 3931 1394 3983 animum
1436 3930 1739 3997 deprimunt
1782 3943 1841 3981 ac

267 4029 523 4079 deorsum
567 4023 794 4083 trahunt,
824 4024 1035 4090 spiritus
1064 4023 1318 4075 malarum
1345 4022 1706 4088 cupiditatum,
1755 4019 1842 4089 qui

270 4129 520 4181 magnam
572 4112 759 4166 animis
806 4113 1247 4180 perturbationem
1295 4112 1546 4164 inferunt.
1597 4110 1700 4164 Sed
1753 4112 1838 4178 qui

270 4205 554 4274 imperitus
604 4205 989 4269 imparatusque
1037 4212 1139 4262 est,
1190 4201 1471 4268 incipiente
1514 4200 1604 4253 iraa
1644 4209 1843 4268 tempe.

272 4308 444 4357 state,
478 4296 649 4347 statim
685 4292 1034 4361 perturbatur,
1067 4292 1382 4355 concutitur,
1414 4293 1655 4358 agitatur.
1687 4290 1842 4344 Videt

271 4388 507 4440 animam
554 4383 827 4435 affectibus
876 4381 1133 4448 demergi,
1185 4389 1236 4432 et
1267 4379 1591 4446 naufragium
1620 4380 1758 4446 pati;
1789 4388 1842 4432 at

272 4476 365 4545 qui
403 4482 610 4542 paratus
642 4472 1026 4538 meditatusque
1056 4480 1155 4534 est,
1191 4470 1303 4522 haec
1333 4480 1546 4522 strenue
1572 4470 1796 4522 sustinet
1825 4485 1837 4533 ;

275 4576 546 4629 tamquam
594 4560 867 4613 nauclerus
915 4558 979 4610 ad
1027 4557 1437 4625 gubernaculum
1484 4557 1703 4620 sedens,
1768 4558 1843 4610 sic

273 4662 513 4707 mentem
567 4665 720 4717 supra
764 4660 936 4700 motus
985 4649 1141 4699 animi
1188 4648 1532 4710 constituens,
1573 4663 1673 4699 non
1701 4647 1844 4714 prius

274 4733 479 4789 desinit
502 4733 674 4784 omnia
706 4731 897 4794 moliri,
930 4729 1099 4783 donec
1127 4729 1373 4797 scapham
1416 4729 1480 4782 ad
1512 4731 1843 4797 tranquillqu

275 4823 626 4895 philosophia:
659 4830 861 4888 portum
890 4819 1185 4872 deduxerit.
1234 4819 1363 4871 Illud
1411 4820 1583 4885 itaque
1621 4820 1757 4887 quod
1796 4822 1844 4873 in

275 4914 415 4967 mari
444 4913 651 4974 accidit,
680 4921 732 4964 et
760 4910 898 4979 quod
929 4911 1104 4961 animo
1130 4911 1403 4977 contingit,
1437 4911 1593 4963 etiam
1625 4911 1674 4962 in
1707 4911 1844 4963 Seri-

275 5015 550 5073 pturarum
583 5002 907 5069 expositione
936 4998 1171 5051 accidere
1205 5014 1419 5053 necesse
1453 5011 1552 5063 est,
1576 5008 1633 5050 ut
1661 5015 1847 5066 nempe

272 5109 708 5149 commoveamur
733 5104 783 5146 et
812 5099 1175 5160 perturbemur
1204 5098 1410 5165 quando
1440 5100 1489 5150 in
1520 5100 1679 5152 altum
1703 5100 1847 5151 veni-

273 5198 429 5244 mus;
482 5199 583 5235 non
611 5183 749 5251 quod
774 5183 1156 5238 formidandum
1186 5188 1250 5237 sit
1281 5187 1525 5253 pelagus,
1571 5189 1661 5243 sed
1709 5189 1845 5256 quod

272 5291 394 5335 nos,
428 5274 512 5343 qui
544 5275 865 5339 navigamus,
899 5276 1123 5342 imperiti
1155 5279 1338 5328 simus.
1381 5278 1528 5342 Quod
1571 5279 1708 5331 enim
1761 5295 1847 5331 ac-

270 5366 449 5419 cidere
478 5363 663 5431 possit,
694 5372 749 5413 ut
772 5377 946 5415 sermo
970 5373 1151 5416 natura
1184 5380 1273 5416 sua
1306 5364 1489 5421 facilis.
1528 5368 1844 5421 audientium

272 5455 531 5524 imperitia
561 5452 796 5505 difﬁcilis
836 5453 1041 5516 evadat,
1078 5454 1293 5507 Paulum
1329 5457 1476 5507 vobis
1509 5468 1692 5509 testem
1721 5460 1818 5509 atl‘e

269 5563 397 5601 ram.
434 5544 569 5600 Cum
616 5542 842 5595 dixisset
881 5546 1020 5594 enim
1051 5543 1322 5595 Christum
1357 5544 1516 5597 fuisse
1552 5547 1845 5612 pontiﬁcem

258 5638 558 5692 secundum
587 5633 831 5685 ordinem
864 5631 1229 5695 Melchisedec,
1264 5642 1316 5685 et
1339 5633 1672 5701 disquireret,
1706 5637 1819 5702 quis

251 5746 371 5785 nam
403 5735 559 5784 esset
588 5723 681 5777 ille
716 5720 1086 5787 Melchisedec,
1138 5723 1314 5774 intulit
1367 5740 1378 5773 :
1430 5722 1504 5773 De
1528 5740 1620 5790 quo
1646 5724 1848 5793 grandis

242 5825 385 5878 nobis
451 5827 530 5874 est
584 5825 755 5868 sermo
798 5819 841 5863 ct
888 5812 1137 5880 explicata
1181 5812 1393 5882 difﬁcilis
1436 5808 1616 5883 (Hebr.
1648 5814 1699 5868 5.
1737 5815 1845 5883 11).

1927 1680 2060 1744 Quid
2110 1681 2269 1742 dicis,
2317 1683 2518 1737 Paule?
2566 1685 2645 1737 An
2689 1687 2952 1755 explicatu
2992 1687 3220 1742 difﬁcilis
3254 1690 3371 1757 tibi,
3404 1693 3488 1761 qui

1927 1772 2179 1835 spirituali
2209 1773 2459 1840 sapientia
2484 1775 2732 1843 prmditus
2765 1778 2855 1830 es?
2877 1779 2964 1845 qui
2997 1794 3182 1832 arcana
3210 1781 3492 1835 audivisti?

1927 1860 2012 1927 qni
2056 1861 2118 1913 ad
2166 1863 2374 1915 tertium
2417 1866 2600 1917 cadum
2651 1874 2827 1932 raptus
2871 1867 2969 1920 es?
3007 1867 3057 1921 Si
3104 1870 3192 1921 tibi
3234 1871 3491 1937 explicata

1928 1950 2176 2014 difﬁcilis,
2228 1955 2309 2005 cui
2360 1956 2845 2021 comprehensibilis
2894 1958 3034 2012 erit?
3082 1959 3203 2011 Mihi
3234 1960 3492 2026 explicatu

1928 2041 2170 2103 difﬁcilis,
2222 2044 2403 2111 inquit,
2437 2054 2532 2107 est,
2582 2060 2683 2097 non
2728 2046 2794 2099 ob
2835 2062 2998 2099 meam
3046 2048 3451 2102 imbecillitatem
3479 2090 3492 2111 ,

1929 2131 2019 2182 sed
2070 2132 2136 2182 ob
2190 2132 2501 2199 imperitiam
2552 2135 2868 2188 auditorum.
2922 2139 3048 2190 Cum
3092 2154 3215 2206 ergo
3239 2140 3493 2203 dixisset,

1932 2219 2199 2287 Explicatu
2253 2222 2484 2289 difﬁcilis,
2536 2224 2803 2292 subjunxit
2855 2243 2867 2279 :
2930 2225 3175 2289 Quoniam
3230 2227 3498 2281 imbecilles

1932 2310 2049 2377 facti
2074 2311 2187 2361 estis
2218 2310 2282 2361 ad
2308 2312 2631 2364 audiendum.
2688 2314 2871 2367 Viden’
2904 2331 3004 2367 non
3035 2326 3269 2368 naturam
3299 2332 3500 2370 sermo-

1933 2400 2032 2458 nis,
2083 2399 2171 2451 sed
2206 2400 2529 2453 audientium
2574 2403 2882 2470 imperitiam
2914 2420 3021 2457 rem
3051 2421 3165 2473 qure
3195 2422 3286 2473 per
3312 2422 3367 2459 se
3396 2406 3498 2460 dif-

1934 2486 2082 2540 ﬁcilis
2123 2506 2222 2541 non
2269 2500 2400 2553 erat,
2448 2492 2713 2545 difﬁcilem
2746 2494 3070 2549 reddidisse?
3118 2496 3308 2549 Eadem
3340 2513 3498 2565 porro

1931 2592 2085 2629 causa
2136 2594 2237 2630 non
2290 2579 2552 2632 difﬁcilem
2604 2583 2759 2634 modo
2784 2624 2795 2644 ,
2831 2585 2919 2635 SCil
2950 2585 3106 2636 etiam
3147 2601 3286 2649 eum,
3323 2586 3495 2640 brevis

1932 2680 2049 2719 eum
2080 2668 2164 2731 sit,
2211 2669 2418 2735 longum
2462 2669 2654 2721 reddit.
2708 2671 3035 2738 Quapr0pter
3086 2691 3186 2725 non
3238 2676 3500 2743 explicata

1933 2755 2195 2810 difﬁcilem
2231 2757 2385 2810 modo
2412 2759 2558 2822 dixit,
2593 2758 2685 2812 sed
2715 2762 2868 2812 etiam
2900 2763 3170 2829 grandem.
3204 2775 3254 2816 et
3278 2764 3503 2833 longitu.

1934 2847 2071 2899 dinis
2107 2856 2157 2899 et
2187 2846 2502 2901 difficultatis
2532 2864 2743 2902 causam
2774 2850 3045 2916 adjiciens,
3089 2853 3289 2905 aurium
3336 2854 3502 2907 imbe-

1935 2936 2224 2989 cillitatem.
2271 2937 2720 3002 Quemadmodum
2768 2941 2908 2993 enim
2948 2943 3157 3009 aegrotis
3202 2958 3304 2995 non
3345 2958 3506 3012 appo-

1937 3026 2104 3077 nenda
2146 3035 2224 3077 est
2274 3042 2451 3078 mensa
2491 3027 2638 3080 facile
2681 3030 2947 3096 parabilis,
2997 3031 3086 3083 sed
3126 3033 3282 3084 variis
3312 3033 3503 3086 referta

1937 3114 2083 3176 ciliis,
2119 3124 2172 3166 ut
2204 3115 2246 3167 si
2275 3131 2413 3183 τηεογ
2441 3117 2577 3169 hunc
2603 3128 2852 3186 respuat,
2885 3120 3108 3172 alterum
3139 3122 3398 3188 accipiat,
3452 3132 3506 3175 et

1938 3205 1978 3254 si
2008 3204 2106 3255 hoc
2138 3220 2238 3255 non
2266 3204 2524 3270 admittat,
2556 3206 2693 3257 aliud
2724 3217 2928 3269 sumat,
2979 3210 3020 3260 si
3074 3209 3211 3263 hunc
3249 3212 3501 3278 repellat,

1938 3294 2158 3346 alterum
2198 3294 2410 3361 deligat,
2450 3306 2504 3347 ut
2529 3296 2780 3349 varietate
2808 3296 3172 3353 difﬁcultatem
3203 3300 3502 3365 vincamus,

1939 3397 2000 3434 ac
2043 3383 2346 3435 diversitate
2397 3384 2699 3453 lautitiaque
2737 3401 2933 3439 mensa:
2960 3389 3118 3440 animi
3150 3388 3357 3443 fastidio
3386 3407 3501 3444 me-

1940 3473 2156 3524 deamur
2204 3490 2215 3524 :
2263 3474 2333 3525 ita
2374 3488 2510 3541 sarpe
2553 3476 2602 3526 in
2649 3478 2903 3529 concione
2939 3477 3252 3539 faciendum,
3286 3482 3497 3547 quando

1942 3564 2227 3616 imbecilles
2258 3578 2457 3628 sumus,
2490 3564 2643 3632 longa
2675 3566 2983 3633 apponeuda
3016 3578 3093 3620 est
3119 3570 3317 3628 oratio,
3348 3571 3506 3623 variis

1942 3653 2367 3705 similitudinibus
2398 3663 2449 3705 et
2477 3656 2733 3722 exemplis
2766 3657 3035 3719 instructa,
3076 3666 3325 3724 apparatu
3349 3659 3505 3713 etiam

1942 3757 2003 3795 ac
2044 3743 2288 3809 periodis,
2321 3743 2539 3811 aliisque
2568 3745 2843 3809 similibus,
2894 3756 2948 3798 ut
2973 3762 3036 3799 ex
3062 3749 3304 3802 omnibus
3343 3750 3506 3803 facilis

1942 3832 2093 3884 nobis
2122 3833 2188 3885 sit
2217 3832 2479 3885 utiliorum
2509 3834 2764 3888 delectus.
2816 3835 3006 3888 Verum
3051 3837 3254 3892 etiamsi
3295 3840 3508 3907 grandis

1945 3935 2119 3973 sermo
2149 3929 2293 3974 esset
2320 3922 2687 3991 explicatuque
2715 3923 2970 3987 difﬁcilis,
3000 3942 3102 3979 non
3133 3936 3303 3981 tamen
3333 3929 3507 3997 priva-

1945 4011 2017 4063 vit
2044 4026 2134 4065 eos
2162 4011 2397 4065 doctrina
2427 4012 2492 4066 de
2520 4013 2899 4068 Melchisedeco
2946 4033 2960 4069 :
3007 4031 3124 4069 cum
3162 4018 3302 4071 enim
3342 4020 3505 4084 dicit,

1948 4102 2165 4156 Grandis
2192 4113 2235 4157 et
2266 4106 2515 4172 explicata
2546 4106 2775 4174 difﬁcilis,
2828 4120 3008 4159 eormn
3038 4108 3266 4162 studium
3292 4112 3507 4175 excitat,

1947 4209 2011 4247 ne
2038 4195 2101 4247 ad
2132 4195 2449 4248 audiendum
2474 4199 2741 4265 segniores
2766 4197 2871 4250 sint
2897 4215 2908 4249 :
2933 4212 3051 4251 cum
3079 4208 3253 4252 autem
3272 4216 3506 4256 mensam

1946 4287 2180 4354 apponit,
2210 4302 2393 4340 eorum
2423 4287 2683 4340 desiderio
2712 4288 3051 4356 gratiﬁcatur.

2014 4377 2067 4427 2.
2104 4377 2210 4430 Hoc
2248 4386 2300 4429 et
2338 4391 2431 4430 nos
2468 4377 2735 4430 faciamus.
2788 4377 3008 4431 Etiamsi
3061 4379 3126 4432 ad
3192 4380 3407 4450 pelagus
3455 4392 3508 4436 et

1946 4465 2263 4533 profundum
2310 4468 2687 4519 sententiarum
2738 4468 3031 4535 pertingere
3071 4483 3173 4521 non
3210 4472 3501 4538 possimus,

1947 4570 2043 4607 nos
2095 4555 2419 4609 conﬁdenter
2464 4556 2591 4609 mari
2649 4557 3073 4621 committamus,
3140 4573 3244 4610 non
3314 4562 3507 4615 nostris

1948 4643 2060 4696 freti
2108 4644 2336 4709 viribus,
2395 4644 2485 4698 sed
2528 4648 2692 4713 gratia
2744 4645 2891 4698 nobis
2933 4661 3156 4714 superne
3195 4648 3311 4699 data
3353 4666 3367 4700 :
3402 4665 3506 4704 non

1952 4736 2135 4789 ﬁducia
2184 4745 2379 4799 nostra,
2424 4735 2514 4786 sed
2563 4734 2631 4787 ob
2680 4735 2957 4787 utilitatem
3001 4746 3224 4788 vestram
3254 4739 3511 4792 marinos

1948 4827 2356 4885 committamus,
2408 4822 2506 4877 hac
2549 4824 2599 4875 in
2651 4840 2707 4877 re
2753 4825 2966 4878 Paulum
3022 4826 3305 4881 imitantes.
3361 4830 3511 4893 Quod

1948 4919 2087 4970 enim
2131 4932 2230 4969 non
2262 4916 2539 4983 privaverit
2564 4932 2653 4969 eos
2681 4932 2922 4969 sermone
2971 4918 3035 4970 de
3080 4918 3460 4975 Melchisedeco
3487 4961 3503 4986 ,

1948 5009 2067 5060 audi
2117 5008 2402 5075 sequentia.
2454 5006 2587 5060 Cum
2631 5021 2755 5073 ergo
2799 5006 3054 5070 dixisset,
3085 5026 3101 5058 ε
3131 5009 3200 5062 De
3228 5026 3331 5078 quo
3362 5010 3513 5066 nobis

1948 5097 2157 5165 grandis
2178 5106 2256 5148 est
2276 5111 2473 5159 sermo,
2490 5106 2538 5148 et
2560 5096 2820 5163 explicatu
2839 5095 3061 5149 difﬁcilis
3086 5116 3101 5147 ι
3126 5096 3306 5169 (Hebr.
3326 5101 3375 5153 5.
3402 5102 3509 5170 11),

1950 5186 2213 5251 snbjunxit
2266 5202 2277 5234 :
2331 5203 2348 5234 ι
2379 5185 2471 5235 ilic
2518 5184 2654 5236 enim
2698 5184 3075 5249 Melchisedec,
3128 5202 3219 5240 rex
3266 5188 3501 5255 justitiaa,

1953 5275 2181 5339 itemque
2211 5289 2300 5324 rex
2339 5273 2532 5335 Salem,
2558 5272 2606 5324 id
2633 5282 2714 5326 est
2743 5288 2831 5325 rex
2865 5274 3025 5341 pacis,
3059 5275 3172 5329 sine
3198 5286 3365 5342 patre,
3397 5279 3513 5331 sine

1952 5375 2136 5425 matre,
2169 5366 2281 5415 sine
2302 5365 2623 5431 genealogia,
2655 5379 2825 5431 neque
2857 5365 3057 5417 initium
3087 5366 3312 5432 dierum,
3342 5382 3512 5435 neque

1954 5460 2105 5508 tinem
2156 5457 2273 5507 vitae
2321 5457 2535 5517 habens,
2582 5456 2896 5508 assimilatus
2921 5467 3095 5509 autem
3133 5456 3283 5520 Filio,
3334 5469 3515 5511 manet

1954 5546 2195 5597 «acerilus
2222 5544 2272 5595 in
2295 5555 2598 5611 perpetuum
2634 5562 2650 5595 ι
2685 5543 2862 5611 (Hebr.
2890 5546 2940 5598 7.
2973 5547 3110 5613 1-4).
3140 5546 3323 5599 Nonne
3352 5561 3513 5600 aures

1954 5646 2153 5686 vestras
2199 5633 2369 5696 feriit,
2417 5634 2539 5686 dum
2574 5634 2637 5687 de
2668 5634 2880 5689 homine
2927 5636 3144 5704 loquens
3187 5637 3335 5701 dixit,
3390 5636 3514 5691 Sine

1954 5733 2107 5791 patre,
2138 5725 2242 5774 sine
2282 5732 2455 5786 matre,
2500 5724 2605 5775 sine
2641 5725 2967 5793 geuealogia.’
3018 5726 3214 5794 Ecquid
3255 5726 3395 5788 dico,
3445 5727 3513 5782 de

1953 5812 2207 5868 homine?
2238 5813 2363 5867 Nam
2390 5815 2431 5868 si
2456 5814 2519 5869 de
2555 5813 2686 5869 Filio
2734 5814 3017 5884 diceretur,
3069 5832 3241 5871 annon
3271 5831 3511 5884 magnam
