4112 6486
673 436 784 491 259

672 542 909 588 moveret
934 530 1322 602 quccstionem?
1367 528 1498 582 Nam
1541 526 1584 579 si
1614 525 1728 579 sine
1761 529 1931 592 patre,
1976 517 2242 588 quomodo

671 625 876 679 Filius?
919 624 974 678 Si
1008 623 1123 677 sine
1153 631 1342 685 matre,
1383 616 1648 688 quomodo
1697 611 2050 683 Unigenitus?
2081 609 2245 662 Filius

673 716 813 769 enim
859 723 1060 781 patrem
1106 711 1296 765 habeat
1344 716 1573 777 oportet,
1617 705 1748 758 alias
1787 716 1916 757 vero
1961 700 2099 754 filius
2139 712 2244 750 non

672 805 846 857 fuerit.
871 801 974 856 Sed
1019 803 1132 855 sine
1176 809 1322 868 patre
1368 808 1421 851 et
1461 798 1576 851 sine
1611 804 1780 849 matre
1804 801 1887 847 est
1913 791 2077 845 Filius
2109 789 2240 849 Dei;

671 895 788 947 sine
817 904 988 961 patre,
1018 891 1305 945 secundum
1332 887 1612 950 infernam,
1657 885 1769 938 sine
1809 891 1997 945 matre,
2047 894 2241 934 secun-

670 983 797 1036 dum
822 996 1108 1049 supernam
1145 979 1560 1050 generationem.
1608 975 1737 1028 Nam
1787 988 1956 1041 neque
2002 972 2053 1024 in
2105 980 2241 1022 terra

671 1083 873 1142 patrem
903 1073 1103 1134 habuit,
1150 1087 1320 1139 neque
1348 1072 1399 1123 in
1427 1070 1569 1122 caelis
1607 1075 1851 1120 matrem.
1900 1063 2022 1118 Sine
2067 1077 2245 1131 genea-

673 1165 829 1234 logia.
877 1165 1105 1218 Audiant
1135 1163 1187 1226 ii,
1231 1161 1320 1230 qui
1372 1159 1717 1213 substantiam
1762 1156 1878 1222 ejus
1913 1152 2119 1207 curiose
2152 1165 2244 1204 ex-

672 1254 901 1322 plorant.
932 1253 1089 1321 Atqui
1132 1251 1281 1315 illud,
1315 1251 1439 1304 Sine
1471 1246 1780 1318 genealogia,
1814 1252 1998 1313 putant
2025 1241 2240 1312 quidam

670 1343 736 1396 de
765 1356 992 1411 superna
1021 1343 1134 1408 ejus
1162 1339 1496 1408 generatione
1520 1337 1715 1390 dictum
1747 1350 1893 1388 esse.

742 1431 927 1486 Contra
955 1433 1236 1484 Anonueos.
1270 1427 1495 1482 Christus
1519 1426 1764 1495 quomodo
1799 1427 1903 1479 sine
1931 1422 2239 1492 genealogia.

668 1555 741 1569 ---
770 1524 1011 1578 Haeretici
1052 1537 1208 1591 porro
1246 1535 1416 1589 neque
1460 1521 1559 1573 hoc
1604 1518 1820 1580 volunt;
1853 1532 1972 1570 nam
2007 1525 2060 1569 et
2101 1516 2242 1568 illam

673 1614 882 1668 curiose
907 1612 1178 1680 inquirunt
1200 1625 1262 1664 ac
1300 1618 1628 1674 scrutantur;
1665 1607 2047 1661 moderatiores
2069 1614 2242 1658 autem

671 1720 739 1757 ex
773 1703 907 1766 illis,
938 1703 1022 1755 illa
1050 1715 1302 1755 concessa
1326 1744 1340 1764 ,
1370 1699 1436 1754 de
1462 1699 1558 1752 hac
1587 1707 1794 1752 terrena
1824 1696 1924 1749 dici
1963 1704 2148 1763 putant
2179 1695 2243 1746 il-

671 1792 783 1858 lud,
813 1791 938 1844 Sine
959 1791 1268 1861 genealogia.
1294 1789 1645 1843 Ostendamus
1665 1801 1789 1855 ergo
1814 1786 1880 1839 de
1906 1796 2130 1852 utraque
2154 1799 2246 1852 ge-

671 1882 943 1934 neratione
974 1881 1073 1933 hoc
1104 1879 1301 1932 dixisse
1328 1880 1566 1942 Paulum,
1598 1877 1663 1930 de
1687 1890 1910 1944 superna
1939 1889 2126 1941 nempe
2150 1912 2167 1936 ,
2192 1881 2246 1926 et

670 1973 737 2026 de
766 1981 996 2025 terrena.
1023 1969 1151 2023 Nam
1181 1977 1235 2023 et
1264 1969 1350 2022 illa
1381 1967 1652 2022 tremenda
1685 2008 1708 2032 ,
1728 1975 1781 2019 et
1819 1964 1931 2018 haec
1961 1963 2242 2017 admodum

669 2077 860 2115 arcana
908 2071 1011 2116 est.
1038 2061 1367 2128 Quapropter
1406 2059 1565 2113 Isaias
1590 2059 1663 2112 ait
1688 2077 1701 2111 ε
1734 2057 2110 2111 Generationem
2138 2057 2247 2117 eius

670 2154 780 2220 quis
807 2151 1055 2203 enarrabit
1083 2149 1233 2217 (lsai.
1268 2149 1353 2203 55.
1389 2148 1444 2219 8)
1466 2149 1488 2199 ?
1517 2149 1706 2202 Verum
1724 2187 1738 2210 ,
1772 2147 1976 2215 inquies
1999 2187 2019 2212 ,
2043 2146 2109 2200 de
2137 2160 2245 2198 cm-

671 2242 788 2295 lesti
821 2241 906 2293 illa
933 2241 1040 2309 agit
1068 2239 1338 2308 propheta.
1370 2238 1502 2304 Quid
1529 2253 1653 2306 ergo
1697 2237 1933 2290 dicemus
1953 2236 2018 2289 de
2045 2235 2204 2288 Paulo
2225 2275 2244 2301 ,

669 2333 758 2400 qui
803 2343 1076 2400 postquam
1117 2331 1247 2384 duas
1292 2329 1660 2399 generationes
1701 2334 2247 2389 commemoraverat,

671 2423 796 2478 illud
826 2423 1094 2491 suhjttnxit
1117 2441 1128 2475 :
1154 2421 1278 2476 Sine
1297 2421 1627 2491 genealogia?
1653 2418 1721 2474 Ut
1750 2433 1851 2472 non
1878 2418 2033 2470 modo
2058 2431 2245 2470 secun-

670 2512 796 2566 dum
826 2512 968 2565 illam
1011 2511 1407 2579 generationem
1431 2548 1445 2573 ,
1477 2522 1578 2577 qua
1609 2509 1723 2561 sine
1763 2515 1932 2560 matre
1971 2517 2084 2560 erat
2108 2546 2120 2567 .
2150 2505 2251 2560 sed

672 2604 831 2658 etiam
853 2601 1140 2656 secundum
1172 2601 1308 2654 hanc
1338 2609 1599 2655 terrenam
1621 2639 1634 2664 ,
1659 2613 1758 2668 qua
1783 2600 1896 2652 sine
1919 2609 2067 2667 patre
2091 2606 2204 2650 erat
2227 2637 2249 2662 ,.

670 2691 815 2747 illum
845 2694 960 2746 sine
985 2690 1291 2760 genealogia
1315 2705 1433 2743 esse
1461 2689 1710 2743 crederes
1736 2706 1746 2739 :
1773 2688 1891 2742 ideo
1916 2704 2036 2742 cum
2063 2688 2244 2740 ambas

670 2784 969 2853 posuisset,
998 2791 1122 2835 tunc
1165 2782 1331 2846 dixit,
1360 2779 1483 2834 Sine
1528 2779 1838 2849 genealogia.
1882 2778 2087 2831 Etenim
2133 2779 2246 2832 hwc

672 2883 879 2927 terrena
919 2870 1466 2939 incomprehensibilis
1491 2879 1608 2932 est,
1634 2879 1689 2922 ut
1717 2870 1978 2922 cazlestem
2009 2869 2150 2921 illam
2179 2883 2244 2920 ne

670 2965 885 3033 quidem
919 2962 1178 3030 insiticere
1203 2960 1510 3013 audeamus.
1541 2957 1670 3011 Nam
1701 2959 1743 3011 si
1775 2957 2032 3011 vestibula
2063 2957 2242 3024 templi

673 3056 741 3108 ita
772 3052 1042 3108 tremenda
1065 3061 1117 3105 et
1142 3053 1408 3104 inaccessa
1434 3058 1601 3112 erant,
1623 3047 1688 3101 ad
1714 3048 1870 3116 adyta
1899 3047 2016 3116 quis
2043 3047 2244 3116 ingredi

669 3160 832 3198 ausus
856 3144 1033 3198 esset?
1059 3142 1207 3207 Quod
1237 3157 1264 3193 a
1299 3142 1452 3194 Patre
1477 3140 1686 3210 genitus
1715 3140 1782 3193 sit
1809 3140 1949 3203 novi,
1979 3140 2244 3208 quomodo

670 3244 845 3287 autem
879 3233 1076 3287 nescio.
1107 3231 1255 3298 Quod
1283 3245 1311 3284 a
1339 3231 1540 3300 virgine
1565 3239 1718 3284 natus
1746 3231 1814 3283 sit
1840 3229 1960 3284 novi
1979 3269 1995 3291 ,
2030 3229 2243 3283 modum

671 3336 845 3378 autem
875 3341 1043 3393 neque
1071 3324 1156 3377 hic
1183 3328 1354 3390 capio.
1376 3322 1605 3391 Utraque
1623 3322 1895 3391 generatio
1921 3322 1973 3376 in
2001 3322 2245 3376 confesso

669 3423 769 3473 est,
797 3423 850 3466 et
873 3413 1142 3480 utriusque
1169 3411 1356 3464 modus
1383 3419 1600 3463 tacetur.
1631 3410 1698 3463 Et
1720 3411 1854 3463 sicut
1883 3410 1966 3463 hic
1987 3410 2054 3463 de
2083 3411 2246 3478 virgi-

670 3518 758 3564 ne,
778 3503 1025 3571 ignorans
1048 3501 1311 3570 quomodo
1337 3516 1402 3555 ex
1423 3501 1622 3569 virgine
1652 3509 1805 3555 natus
1826 3500 1913 3565 sit,
1937 3499 2105 3568 ipsum
2127 3514 2244 3555 esse

671 3605 848 3647 natum
881 3594 1135 3648 confiteor
1158 3635 1173 3658 ,
1204 3609 1375 3660 neque
1419 3608 1530 3646 rem
1577 3592 1702 3645 tollo
1747 3601 1960 3660 propter
1999 3593 2244 3660 ignoran-

671 3688 796 3738 tiam
823 3705 834 3738 :
863 3687 930 3737 ita
961 3696 1014 3739 et
1046 3695 1099 3738 tu
1128 3684 1208 3737 fac
1234 3683 1299 3737 de
1329 3684 1501 3744 Patre,
1524 3684 1623 3738 etsi
1653 3700 1754 3736 non
1788 3682 1997 3735 noveris
2023 3696 2245 3750 quomo-

669 3775 738 3828 do
764 3776 968 3844 genitus
995 3775 1060 3828 sit
1088 3775 1153 3827 ab
1179 3788 1242 3826 eo
1265 3773 1447 3834 Filius,
1474 3773 1727 3826 confitere
1756 3782 1946 3825 tamen.
1977 3771 2031 3826 Si
2055 3772 2248 3825 dixerit

673 3865 766 3917 tibi
799 3863 1098 3926 haereticus,
1126 3862 1403 3929 Quomodo
1428 3862 1636 3931 genitus
1662 3870 1741 3916 est
1769 3877 1834 3914 ex
1858 3861 2011 3914 Patre
2038 3861 2245 3914 Filius?

673 3956 788 4024 ejus
819 3956 1007 4008 fastum
1037 3955 1089 4006 in
1117 3962 1311 4007 terram
1336 3953 1572 4022 deprime
1597 3993 1615 4016 ,
1643 3960 1696 4005 et
1721 3952 1806 4005 dic
1834 3952 1906 4004 illi
1933 3971 1945 4004 :
1976 3952 2246 4006 Descende

672 4047 740 4102 de
783 4047 961 4109 caelis,
992 4055 1044 4100 et
1073 4045 1293 4098 ostende
1331 4044 1594 4111 quomodo
1636 4054 1787 4096 natus
1829 4058 1893 4098 ex
1925 4042 2126 4111 virgine
2151 4085 2164 4108 ,
2193 4051 2249 4098 et

673 4146 798 4190 tunc
835 4136 901 4188 ad
943 4135 1026 4188 illa
1055 4135 1278 4202 respice.
1314 4134 1497 4188 Detine
1538 4135 1706 4201 ipsum
1731 4173 1746 4194 ,
1778 4144 1830 4187 et
1859 4132 2115 4186 conclude
2137 4174 2152 4198 ,
2181 4148 2248 4187 ne

672 4220 816 4280 Sinas
851 4227 1071 4289 resilire,
1098 4235 1151 4279 et
1177 4227 1230 4278 in
1264 4224 1617 4294 labyrinthum
1646 4224 2040 4278 ratiociniorum
2071 4240 2249 4294 regreb

672 4317 761 4378 di,
790 4316 881 4368 sed
911 4314 1088 4369 detiue
1125 4323 1179 4368 et
1206 4313 1402 4368 suffoca
1427 4355 1441 4377 ,
1475 4329 1578 4367 non
1607 4328 1763 4366 manu
1789 4353 1802 4376 ,
1835 4313 1929 4368 sed
1967 4316 2146 4368 verbo.
2173 4314 2250 4369 Ne

673 4407 769 4461 des
816 4406 885 4459 illi
925 4406 1226 4458 dilationem
1272 4412 1328 4457 ut
1365 4404 1579 4473 etl'ugiat
1620 4418 1724 4471 quo
1767 4404 1908 4457 velit.
1943 4402 2074 4457 llinc
2107 4405 2246 4456 enim

676 4495 956 4549 tumultum
985 4495 1214 4548 excitant
1236 4495 1371 4548 inter
1389 4493 1783 4562 disputandum,
1811 4495 1931 4562 quia
1959 4509 2054 4546 nos
2075 4495 2247 4562 sequi-

673 4601 791 4640 mur
817 4587 933 4638 illos
953 4625 966 4649 ,
998 4600 1168 4654 neque
1197 4584 1505 4638 abducimus
1528 4599 1619 4638 eos
1647 4583 1745 4638 sub
1773 4585 1916 4653 leges
1957 4586 2249 4639 divinarum

677 4669 1090 4737 Scripturarum.
1115 4668 1318 4723 Murum
1347 4671 1445 4739 ipsi
1467 4669 1696 4739 undique
1722 4670 2081 4739 circumpone,
2107 4671 2251 4724 testi-

676 4761 849 4816 monia
871 4760 1350 4828 Scripturarum,ac
1371 4777 1436 4816 ne
1455 4762 1659 4815 hiscere
1678 4761 1886 4830 quidem
1911 4761 2247 4831 poterit.Dic,

673 4850 938 4922 quomodo
977 4859 1127 4903 natus
1155 4859 1236 4903 est
1264 4867 1330 4904 ex
1358 4852 1600 4922 virgine?
1619 4850 1734 4905 Non
1759 4852 1977 4921 gradum
2021 4866 2209 4906 revoco
2232 4892 2246 4916 ,

677 4958 780 4995 non
803 4940 1010 4995 recedo.
1039 4940 1226 4994 Verum
1246 4955 1347 4993 non
1371 4941 1557 5010 poterit
1577 4943 1728 4998 nobis
1748 4943 1958 4997 modum
1979 4957 2250 5009 enarrare,

677 5036 774 5088 etsi
797 5035 1093 5088 sexcenties
1118 5033 1168 5087 id
1194 5033 1489 5087 contendat.
1521 5034 1654 5088 Cum
1678 5036 1819 5089 enim
1848 5035 1984 5089 Deus
2013 5034 2253 5090 occluse-

678 5125 766 5181 rit.
788 5124 903 5192 quis
923 5132 1105 5192 postea
1127 5124 1362 5192 aperiat?
1384 5123 1506 5177 llaec
1530 5124 1639 5177 sola
1669 5133 1890 5192 possunt
1907 5124 2007 5180 lide
2029 5125 2247 5194 percipi.

678 5215 731 5270 Si
768 5230 920 5282 porro
945 5228 1193 5282 nequeas,
1216 5213 1308 5267 sed
1329 5213 1596 5267 ratiocinia
1617 5229 1841 5282 quaeras,
1866 5213 1916 5267 id
1944 5214 2034 5266 tibi
2055 5214 2249 5278 dicam,

679 5306 817 5376 quod
848 5305 1089 5357 Christus
1119 5302 1405 5357 Nicodcmo
1428 5324 1438 5356 :
1462 5305 1521 5359 Si
1545 5313 1738 5358 terrena
1761 5304 1867 5356 dixi
1895 5305 2047 5368 vobis,
2076 5317 2122 5358 et
2153 5324 2252 5359 non

678 5397 878 5450 Cri‘dilis
905 5437 919 5459 ,
951 5394 1197 5463 quomodo
1238 5394 1280 5446 si
1308 5395 1480 5448 dixero
1508 5395 1725 5448 cwlestia
1753 5394 1959 5446 credetis
1987 5393 2164 5461 (Joan.
2193 5397 2246 5449 5.

683 5488 809 5556 12)?
839 5488 908 5540 De
949 5496 1065 5538 ortu
1095 5502 1157 5538 ex
1190 5485 1388 5554 virgine
1428 5485 1536 5539 dixi
1562 5527 1576 5551 ,
1607 5495 1659 5540 et
1690 5501 1794 5539 non
1840 5485 2087 5554 intelligis
2107 5527 2121 5549 ,
2153 5502 2253 5544 nec

679 5579 886 5633 hiscere
911 5577 1072 5630 audes
1098 5619 1111 5643 ,
1144 5587 1195 5631 et
1223 5587 1396 5630 tamen
1428 5591 1706 5644 supernam
1737 5577 2127 5646 generationem
2157 5592 2252 5631 cu-

683 5673 824 5722 riose
864 5668 1129 5738 exploras.
1159 5671 1329 5738 Atque
1365 5669 1563 5722 utinam
1599 5669 1786 5722 czelum
1817 5677 2051 5734 tantum;
2081 5669 2172 5724 sed
2201 5680 2253 5724 tu

683 5755 842 5814 etiam
869 5759 1116 5814 maiorum
1148 5759 1428 5814 Dontinum
1457 5758 1661 5813 curiose
1696 5744 1922 5814 rimaris.
1963 5760 2024 5816 Si
2061 5771 2256 5816 terrena

1116 412 1173 466 S.
1214 407 1403 464 JOAN.
1443 404 1813 462 CilllYSOST.
1857 400 2168 458 ARCIIIEP.
2210 395 2741 454 CONSTANTINOP.
2781 396 2866 449 DE
2906 396 3440 456 MliLClIlSEDECO.

3819 425 3929 474 2(ῑο

2355 515 2465 570 dixi
2489 516 2656 581 vobis,
2682 527 2727 570 et
2757 533 2856 569 non
2881 518 3099 571 creditis.
3126 517 3238 570 Non
3277 517 3446 583 dixit,
3477 516 3590 572 Non
3632 534 3918 588 persuaue-

2350 606 2513 671 mini,
2544 606 2634 660 sed
2661 645 2678 671 ,
2708 605 2829 659 Non
2859 607 3084 672 creditis;
3105 607 3387 662 ostendens
3413 608 3564 662 nobis
3587 646 3603 672 ,
3635 607 3677 660 si
3709 617 3924 662 terrena

2350 697 2452 751 ﬁde
2495 713 2627 766 opus
2654 697 2920 762 habeant,
2945 699 3110 753 multo
3159 698 3324 769 magis
3361 699 3610 752 exelestia.
3655 699 3766 753 Etsi
3797 708 3927 754 tunc

2347 787 2634 842 Nicodemo
2662 788 2728 842 de
2757 799 2907 857 partu
2936 789 3239 856 loqueretur
3270 789 3424 858 longe
3457 789 3697 852 minore;
3725 789 3791 844 de
3823 789 3926 843 bao

2348 878 2592 945 ptismate
2632 892 2862 946 namque
2906 891 3081 932 sermo
3125 885 3269 941 erat,
3317 888 3373 932 et
3410 877 3477 931 de
3519 879 3929 947 regeneratione

2347 967 2602 1034 spirituili
2629 987 2640 1020 :
2667 967 2758 1020 sed
2792 968 2964 1036 palam
2992 978 3073 1021 est
3097 983 3156 1022 ea
3197 970 3355 1022 etiam
3399 969 3500 1022 fide
3534 983 3650 1022 esse
3678 983 3931 1038 compre-

2349 1055 2644 1110 hensibilia.
2673 1056 2895 1110 Terrena
2921 1067 3095 1112 autem
3127 1059 3213 1114 illa
3242 1060 3475 1123 vocavit,
3505 1061 3608 1112 non
3635 1060 3773 1128 quod
3807 1070 3928 1114 ter.

2347 1161 2474 1200 rena
2502 1162 2628 1202 vere
2652 1147 2754 1200 sint
2775 1189 2789 1212 ,
2819 1147 2911 1201 sed
2951 1149 3086 1216 quod
3120 1149 3170 1202 in
3205 1158 3341 1202 terra
3371 1157 3798 1203 consummentur
3820 1189 3838 1213 ,
3875 1159 3932 1203 et

2347 1238 2742 1305 comparatione
2769 1238 2909 1291 illius
2935 1237 3230 1304 inefl’abilis,
3254 1247 3308 1292 et
3334 1254 3546 1294 omnem
3573 1249 3798 1295 mentem
3827 1255 3928 1294 Su-

2347 1327 2580 1394 perantis
2606 1328 2962 1396 generationis
2985 1369 3000 1391 ,
3034 1331 3147 1382 tunc
3175 1329 3281 1382 sint
3310 1337 3536 1384 terrena.
3571 1328 3625 1384 Si
3654 1345 3779 1400 ergo
3811 1347 3928 1385 non

2349 1426 2522 1485 potest
2548 1418 2763 1487 intelligi
2789 1458 2803 1482 ,
2831 1433 2936 1486 quo
2963 1427 3114 1487 pacto
3144 1434 3209 1473 ex
3232 1421 3381 1488 aquis
3405 1435 3793 1489 regenereinur,
3828 1422 3929 1475 sed

2348 1507 2456 1560 sola
2487 1507 2587 1560 ﬁde
2613 1507 2663 1562 id
2688 1509 2958 1576 percipere
2982 1517 3242 1577 oporteat,
3274 1524 3444 1578 neque
3470 1509 3683 1563 modum
3708 1513 3930 1566 curiose

2349 1599 2623 1665 explorare
2647 1615 2661 1652 :
2686 1608 2894 1667 quanta:
2925 1599 3142 1652 insaniae
3172 1598 3329 1653 fuerit
3356 1600 3422 1653 de
3447 1615 3674 1668 superna
3698 1617 3934 1671 genera-

2350 1689 2491 1741 tione
2513 1688 2763 1757 unigeniti
2781 1687 2898 1742 Filii
2923 1687 3146 1742 humana
3165 1690 3434 1743 ratiocinia
3455 1704 3756 1757 movere,et
3775 1694 3928 1748 modi

2348 1780 2706 1848 generationis
2722 1781 2953 1833 rationes
2973 1781 3254 1847 expetere?
3275 1781 3548 1848 Quomodo
3568 1783 3681 1837 sine
3705 1793 3856 1852 patre
3875 1796 3935 1838 et

2349 1873 2465 1924 sine
2495 1880 2660 1924 matre
2688 1871 2778 1924 Dei
2808 1870 2992 1935 Filius,
3011 1879 3064 1924 et
3087 1871 3351 1940 quomodo
3370 1872 3483 1928 sine
3503 1873 3808 1943 genealogia
3831 1874 3929 1935 sit,

2349 1964 2478 2017 satis
2503 1963 2924 2018 demonstratum
2951 1972 3052 2018 est.

2419 2054 2470 2107 3.
2503 2052 2606 2108 Sed
2649 2056 2896 2123 quoniam
2943 2053 3093 2107 multi
3145 2069 3249 2108 non
3298 2055 3650 2124 intelligentes
3693 2070 3808 2124 quas
3859 2057 3932 2112 de

2349 2142 2730 2199 Melchiscdcco
2751 2146 2943 2212 scripta
2973 2153 3113 2206 sunt,
3139 2145 3309 2212 ipsum
3335 2145 3490 2197 etiam
3522 2144 3732 2198 Christo
3756 2145 3932 2213 majo-

2348 2250 2460 2288 rem
2490 2249 2606 2290 esse
2634 2235 2898 2298 dixerunt,
2931 2233 3278 2303 hrcresimque
3303 2236 3714 2298 constituerunt,
3743 2244 3796 2289 et
3823 2251 3936 2289 vo-

2349 2333 2535 2378 cantur
2573 2324 3009 2379 Melchisedecita:
3040 2323 3115 2396 (α)
3141 2366 3155 2390 ,
3188 2326 3444 2394 nobisque
3472 2326 3842 2392 contendunt,
3875 2337 3934 2380 et

2351 2426 2584 2486 pugnant
2607 2457 2620 2478 ,
2654 2417 2824 2485 ipsum
2868 2431 2986 2471 esse
3028 2415 3238 2471 Christo
3275 2418 3528 2485 majorem
3553 2459 3567 2483 ,
3592 2417 3720 2472 illud
3755 2418 3940 2471 addu—

2349 2517 2529 2562 centes
2549 2549 2562 2569 ,
2596 2507 2670 2560 Tu
2701 2526 2751 2562 es
2774 2510 3005 2562 sacerdos
3041 2510 3094 2562 in
3129 2518 3368 2562 aeternum
3401 2510 3673 2564 secundum
3697 2512 3931 2565 ordinem

2350 2598 2684 2652 Melchisedec
2729 2600 3066 2668 (Psal.109.
3096 2602 3151 2669 4)
3187 2621 3199 2654 :
3243 2601 3344 2656 illis
3387 2616 3596 2671 quoque
3642 2617 3932 2659 occurrere

2349 2699 2580 2756 Oportet.
2613 2690 2800 2743 Dicunt
2825 2691 2965 2744 enim
2995 2690 3310 2756 :Quomodo
3338 2707 3442 2744 non
3475 2691 3628 2746 fuerit
3658 2692 3742 2746 ille
3768 2692 3926 2751 Chri-

2348 2787 2432 2832 sto
2475 2779 2684 2847 major,
2713 2779 3003 2834 secundum
3053 2781 3204 2849 cujus
3251 2781 3530 2850 imaginem
3579 2793 3633 2835 et
3680 2782 3928 2836 ordinem

2347 2869 2586 2922 Christus
2609 2870 2958 2926 sacerdotium
2976 2873 3222 2927 exercet?
3240 2872 3349 2927 Nos
3364 2889 3490 2943 ergo
3511 2873 3730 2928 dicimus
3751 2874 3928 2941 ipsum

2350 2959 2615 3014 hominem
2663 2975 2819 3024 esse,
2857 2962 3073 3030 perinde
3117 2974 3278 3032 atque
3318 2979 3416 3019 nos
3455 2966 3782 3032 passionibus
3823 2965 3932 3018 ob-

2351 3050 2562 3103 noxium
2586 3091 2599 3110 ,
2631 3065 2727 3104 nec
2755 3052 3010 3120 majorum
3039 3051 3246 3108 Christo
3268 3095 3282 3118 ,
3319 3056 3424 3108 imo
3463 3071 3560 3109 nec
3585 3056 3786 3111 Joanne
3825 3057 3933 3112 Ba-

2350 3141 2504 3210 ptista
2523 3159 2541 3194 ι
2571 3142 2740 3212 Major
2766 3145 2908 3197 enim
2948 3145 3036 3197 illo
3061 3185 3076 3210 ,
3109 3145 3276 3213 inquit
3311 3143 3552 3200 Christus
3578 3186 3593 3211 ,
3625 3147 3755 3199 inter
3780 3157 3931 3202 natos

2351 3233 2616 3285 mulierum
2657 3249 2758 3285 non
2797 3235 3015 3287 surrexit
3055 3233 3262 3305 (Matth.
3295 3237 3526 3307 1L“).
3569 3237 3671 3291 Alii
3713 3252 3929 3293 rursum

2349 3332 2590 3376 errantes
2617 3324 2796 3376 dicunt
2826 3325 2994 3391 ipsum
3020 3341 3137 3379 esse
3163 3325 3415 3394 Spiritum
3440 3339 3678 3382 sanctum
3705 3329 3802 3398 (b);
3832 3329 3930 3383 sed

2350 3410 2451 3464 hoc
2496 3426 2600 3463 non
2641 3412 2868 3465 dicimus
2913 3428 3029 3466 nos.
3069 3413 3198 3469 Nam
3243 3430 3360 3483 qua:
3403 3417 3692 3470 necessitas
3735 3417 3932 3473 fuisset

2349 3499 2578 3555 Verbum
2611 3501 2704 3554 Dei
2744 3502 3004 3556 incarnari
3031 3543 3045 3568 ,
3077 3503 3118 3557 si
3143 3504 3250 3572 jam
3290 3506 3418 3558 olim
3456 3505 3681 3575 Spiritus
3708 3517 3935 3562 sanctus

2350 3590 2508 3646 homo
2537 3591 2706 3645 factus
2737 3591 2961 3646 fuisset?
2989 3594 3118 3658 Quia
3166 3609 3293 3648 vero
3336 3609 3434 3649 nec
3479 3596 3646 3664 major
3671 3596 3892 3651 Christo
3914 3639 3930 3662 ,

2352 3699 2448 3736 nec
2471 3684 2696 3751 Spiritus
2723 3695 2940 3739 sanctus
2969 3697 3049 3738 est
3073 3727 3089 3751 ,
3116 3686 3293 3740 dicant
3321 3688 3482 3742 nobis.
3501 3689 3580 3742 illi
3600 3730 3614 3752 ,
3644 3690 3794 3757 eujus
3823 3690 3931 3745 loci

2351 3775 2524 3844 ipsum
2564 3791 2683 3830 esse
2729 3785 2961 3831 statuant
2986 3796 2997 3829 :
3028 3793 3091 3831 an
3123 3778 3392 3834 caelestis?
3420 3796 3486 3834 an
3527 3782 3792 3835 terrestris
3812 3782 3838 3836 τ
3863 3799 3934 3838 an

2351 3865 2724 3920 subterranei?
2753 3865 2806 3920 Si
2836 3881 2962 3935 ergo
2985 3868 3164 3922 dicant
3189 3868 3626 3924 Melchisedecum
3659 3872 3738 3926 vel
3761 3887 3793 3925 e
3820 3887 3934 3927 cae-

2353 3956 2563 4010 lestium
2610 3972 2830 4011 numero
2854 3999 2870 4024 ,
2901 3958 2984 4012 vel
3031 3960 3165 4013 alius
3202 3961 3578 4030 cujuscumque
3623 3963 3718 4016 loci
3767 3978 3933 4030 esse,

2351 4045 2567 4099 audiant
2606 4045 2750 4100 illum
2795 4062 2931 4115 genu
2973 4047 3185 4104 ﬂectere
3221 4050 3582 4118 Christo,qui
3623 4051 3933 4107 incarnatus

2351 4145 2434 4190 est
2460 4152 2524 4191 ex
2568 4137 2786 4205 Deipara
2827 4138 3008 4192 Maria.
3039 4140 3124 4194 Ait
3151 4141 3289 4195 enim
3305 4141 3582 4210 Apostolus
3604 4160 3616 4194 :
3642 4141 3755 4210 Ipsi
3780 4159 3935 4196 omne

2352 4244 2478 4296 genu
2510 4229 2751 4295 ﬂectetur,
2767 4237 2870 4282 etc.
2901 4228 3155 4300 (Philipp.
3181 4231 3235 4283 2.
3262 4231 3378 4299 10).
3396 4232 3451 4286 Si
3481 4245 3638 4285 omne
3667 4246 3805 4300 genu
3839 4231 3937 4286 ﬂe-

2353 4321 2531 4384 ctitur,
2567 4335 2694 4375 sane
2723 4320 3073 4376 Melchisedec
3102 4322 3310 4375 Christo
3341 4323 3514 4375 niinor
3535 4321 3710 4386 fuerit,
3737 4321 3936 4377 adorat

2355 4412 2492 4462 enim
2525 4410 2814 4463 Christum.
2843 4412 2896 4464 Si
2926 4411 3162 4464 infelices
3192 4411 3264 4463 illi
3293 4425 3356 4465 ac
3383 4412 3560 4465 miseri
3596 4425 3656 4465 ea
3686 4427 3804 4479 qua:
3843 4428 3938 4466 se-

2353 4507 2584 4564 quuutur
2604 4499 2966 4563 considerent;
2988 4513 3108 4552 nam
3137 4499 3420 4569 subjungit,
3448 4500 3764 4553 Assimilatus
3791 4499 3938 4556 Filio

2354 4590 2447 4643 Dei
2474 4589 2652 4658 (Hebr.
2675 4591 2726 4643 7.
2752 4592 2808 4660 3)
2833 4609 2843 4643 :
2870 4590 2938 4644 ita
2969 4591 3362 4659 intelligendum
3385 4599 3486 4656 est,
3516 4591 3683 4659 ipsum
3710 4606 3938 4661 nempe,

2352 4680 2574 4750 perinde
2601 4691 2757 4748 atque
2787 4696 2902 4745 nos,
2923 4680 2986 4734 ad
3019 4682 3298 4750 imaginem
3328 4692 3378 4735 et
3403 4681 3806 4735 similitudinem
3843 4683 3937 4736 Dei

2354 4770 2549 4824 factum
2580 4772 2758 4825 fuisse.
2787 4770 2952 4826 Judaei
2998 4786 3156 4840 porro
3181 4772 3361 4825 dicunt
3397 4772 3566 4840 ipsum
3595 4786 3660 4824 ex
3703 4773 3939 4825 fornica-

2356 4862 2500 4916 tione
2529 4857 2707 4917 natum
2739 4878 2856 4917 esse
2898 4863 2968 4934 (c)
2996 4904 3014 4929 ,
3042 4863 3264 4932 ideoque
3293 4864 3407 4918 sine
3430 4864 3729 4933 genealogis
3763 4879 3893 4919 esse
3923 4881 3937 4928 ;

2355 4954 2546 5022 quibus
2571 4970 2668 5008 nos
2695 4954 2932 5008 dicemus
2956 4994 2969 5017 ,
3001 4953 3139 5023 quod
3176 4954 3271 5022 ipsi
3303 4969 3580 5024 perperam
3624 4955 3935 5024 loquantur.

2357 5045 2564 5100 Etenim
2588 5045 2905 5108 Salomonis,
2933 5045 3022 5114 qui
3048 5060 3116 5098 ex
3147 5045 3384 5100 adultera
3417 5045 3555 5101 Uria:
3583 5062 3748 5099 uxore
3775 5058 3939 5100 natus

2421 5157 2493 5217 (η)
2527 5162 2593 5204 ne
2618 5155 3031 5218 Melchisedecitis,
3056 5167 3179 5216 quos
3194 5165 3528 5218 Iulianum.
3553 5164 3693 5205 vocat
3731 5156 3938 5218 Epipha-

2421 5183 2493 5217 υι)
2528 5183 2593 5204 IIC
2619 5183 3031 5211 NCILUI3WCbl|lay
3056 5183 3179 5216 Ὶυυῦ
3196 5183 3271 5206 ΙιιΑ
3295 5183 3528 5212 mutamus
3557 5183 3693 5205 ὶυυαι
3731 5183 3937 5218 σ’-μΙΙΙΙΙᾱ-

2357 5220 2484 5274 nius,
2531 5218 2640 5267 vide
2680 5218 2801 5278 apud
2849 5217 3003 5276 ipsum
3038 5219 3220 5279 haeresi
3265 5183 3344 5272 ἐῢ.
3375 5217 3440 5265 al.
3593 5232 3641 5279 p.
3681 5219 3766 5265 £68
3814 5219 3937 5279 edit.

2359 5288 2540 5334 Petam,
2565 5291 2673 5340 qua:
2697 5277 2888 5325 Omnino
2905 5291 3010 5340 curn
3037 5277 3115 5340 bis
3133 5287 3390 5327 consonant
3409 5293 3421 5336 ;
3437 5280 3500 5327 de
3525 5277 3606 5327 illo
3621 5280 3765 5326 etiam
3778 5285 3804 5323 'l
3819 5278 3938 5326 beo-

2357 5339 2830 5416 dot-etus,tt:L-retic.
2863 5339 3022 5386 Fabul.
3065 5339 3096 5386 ι.
3134 5340 3205 5392 lt.
3245 5352 3286 5386 c.
3311 5342 3362 5398 ὃ,
3394 5349 3524 5388 Joan.
3571 5347 3779 5386 Italnasc.
3835 5345 3940 5388 Har

2359 5403 2608 5523 ηῗὶῗῗξιιιὶ
2633 5459 2825 5508 dicebat
2859 5461 3254 5509 Melrliisedecum
3299 5473 3412 5510 esse
3450 5461 3668 5523 Spiritum
3713 5467 3940 5523 sanctum

2362 5521 2679 5579 erat'Hierax,
2709 5526 2838 5569 teste
2862 5523 3113 5584 Epiphanio
3150 5523 3199 5572 in
3236 5529 3357 5570 uter.
3393 5521 3939 5570 Mel'chisulecianorum

2361 5599 2408 5647 ν’
2427 5585 2661 5706 ὣῖῥυοᾴ
2678 5655 2788 5690 mox
2814 5643 3003 5703 dicitur,
3039 5656 3217 5706 nempe
3249 5642 3651 5706 Judeos‘dixisse
3676 5641 3944 5706 Melchise-

2363 5700 2534 5755 (locum
2551 5700 2617 5752 ex
2641 5703 2955 5768 fornicatione
2992 5700 3342 5768 natum'fuisse,
3377 5700 3534 5768 refert
3555 5707 3699 5755 etiam
3729 5705 3941 5768 nil-ha.

2368 5771 2475 5819 nius
2496 5770 2542 5817 in
2571 5764 2746 5814 ωτι-τεεί
2770 5765 3299 5816 Melchisedecianorum
3317 5780 3362 5828 ει.
3391 5765 3494 5813 473.
