4066 6464
181 403 270 457 259

179 505 405 571 είρήγης,
452 506 720 574 ἀπάτωρ,
766 508 1034 577 ἀμήτωρ,
1093 509 1582 578 ἀγενεαλόγητος,
1626 508 1777 577 μήτε

177 587 341 659 δέ)χῆθῖ
366 589 590 659 ἡμερῶν
611 592 784 657 ἔχων,
811 591 962 658 μήτε
983 592 1155 654 τέλος
1193 590 1360 657 ζωῆς,
1404 591 1776 659 ἀφωμοιωμέ-

177 673 261 719 ro;
284 655 345 706 δὲ
371 657 443 720 τῷ
472 655 585 721 ⁷1Ἶῴ
609 655 713 711 τοῦ
749 655 917 724 Θεοῦ,
953 660 1118 727 μένει
1158 655 1349 727 ἱερεὺς
1379 655 1463 726 εἰς
1492 655 1556 713 εὖ
1583 655 1778 724 διήνε-

178 742 271 803 κές.
297 736 409 808 Ἆρ’
433 744 491 793 ού
524 744 809 808 κατέξανεν
835 747 984 814 ὑμῶν
1000 747 1096 808 τὰς
1125 748 1313 808 ἀκοάς,
1340 747 1465 816 περὶ
1493 746 1776 816 ἀνθρώπου

177 826 509 896 ειαλεγόμενος
539 833 628 882 καὶ
650 831 840 898 λέγων,
887 832 1156 899 Ἀπάτωρ,
1180 833 1435 901 ἀμήτωρ,
1461 835 1778 901 ἀγενεαλό-

173 929 351 977 ῃυητοςς
385 917 486 966 Καὶ
514 917 564 968 τί
589 917 731 984 λέγω
771 919 899 988 περὶ
940 918 1256 986 ἀνθρώπου;
1287 921 1347 970 Εἰ
1391 920 1497 988 γάρ
1532 921 1655 987 περὶ
1687 919 1778 971 τοῦ

178 997 276 1050 Υξοῦ
303 1001 502 1067 λέγοιτο
535 1004 712 1065 τοῦτο,
758 1006 855 1056 οὐκ
881 1006 944 1057 ᾶν
974 1005 1168 1075 πολλὴν
1210 1007 1299 1058 καὶ
1324 1005 1490 1068 οὕτως
1528 1006 1779 1076 παράσχῃ

176 1086 390 1153 ζήτησινς
425 1091 482 1141 Εἰ
509 1091 612 1161 γὰρ
634 1092 877 1160 ἀπάτωρ,
901 1093 1015 1155 πῶς
1045 1095 1198 1156 Υίό;;
1233 1095 1364 1146 Εἱδέ
1390 1096 1637 1164 ἀμήτωρ,
1667 1096 1780 1157 πῶς

172 1171 473 1241 Μονογενήςς
518 1178 574 1227 Ὀ
598 1179 703 1247 γὰρ
731 1179 841 1241 υίὸς
878 1179 1078 1246 ὀφείλει
1102 1181 1312 1250 πατέρα
1343 1182 1504 1249 ἔχειν,
1536 1183 1655 1233 ἐπεὶ
1684 1183 1780 1233 οὐκ

173 1257 222 1307 ἂν
243 1259 316 1327 εἴη
345 1261 473 1324 υίός.
526 1264 682 1315 Ἀλλά
721 1266 812 1317 καὶ
841 1267 1067 1335 ἀπάτωρ
1097 1268 1240 1318 ἐστὶν
1271 1270 1297 1318 6
1340 1268 1464 1328 Υἱὸς
1503 1267 1595 1318 τοῦ
1624 1267 1776 1331 Θεοῦ,

171 1345 240 1394 καὶ
271 1347 490 1417 ἀμήτωρ
511 1366 524 1378 ·
566 1351 791 1420 ἀπάτωρ
817 1352 915 1418 τὴν
952 1353 1102 1403 κάτω
1127 1353 1396 1422 γέννησιν,
1430 1355 1657 1422 ἀμήτωρ
1685 1353 1781 1423 τὴν

167 1431 273 1483 ἄνω.
302 1433 430 1486 υῦτε
457 1436 565 1506 γάρ
592 1438 682 1488 ἐπὶ
711 1437 812 1504 γῆς
839 1438 992 1505 ἔσχεν
1031 1440 1255 1509 πατέρα,
1288 1441 1409 1492 ούτε
1443 1444 1497 1491 ἐν
1538 1441 1780 1510 οὐρανοῖς

161 1518 368 1587 μητέρα.
416 1522 928 1590 Ἀγενεαλόγητος.
975 1525 1339 1578 Ἀκουέτωσαν
1371 1530 1417 1578 οί
1459 1528 1556 1597 τὴν
1596 1528 1780 1580 οὐσίαν

166 1603 308 1656 αὑτοῦ
340 1606 924 1677 πολυπραγμονοῦντες.
963 1613 1152 1664 Καίτοι
1182 1615 1324 1675 τινὲς
1368 1613 1675 1682 νομίζουσιν
1700 1616 1780 1666 ὅτι

165 1688 216 1739 τὸ
248 1691 710 1761 Ἁγενεαλόγητος
740 1697 912 1760 τοῦτο,
942 1698 1183 1767 περὶτῆς
1219 1698 1331 1750 ἄνω
1364 1701 1666 1769 γεννήσεως
1703 1700 1780 1751 εἵ-

167 1792 323 1845 ρηται.

225 1865 276 1915 Οί
309 1865 399 1933 μὲν
426 1866 532 1938 γὰρ
564 1870 827 1938 αῖρετικοὶ
855 1869 977 1924 οῦτε
1011 1871 1166 1923 τοῦτο
1201 1871 1477 1940 βούλονται
1501 1888 1514 1902 °
1550 1873 1646 1925 καὶ
1675 1872 1779 1943 γὰρ

164 1947 242 1998 καὶ
276 1951 476 2020 ἐκείνην
521 1955 1031 2026 πολυπραγμονοῦσι
1076 1957 1169 2010 καὶ
1199 1959 1651 2029 περιεργάζονται
1680 1976 1691 1988 ·
1731 1960 1780 2010 οἱ

163 2031 211 2082 δὲ
228 2036 593 2106 ἐπιεικέστεροι
621 2041 820 2092 τούτων
849 2043 1063 2109 ἐκείνην
1095 2045 1193 2111 μὲν
1215 2045 1622 2114 παραχωροῦσι,
1653 2045 1780 2112 περ)⁸

160 2117 210 2169 δὲ
227 2122 406 2188 ταύτης
438 2126 585 2176 κάτω
629 2127 936 2194 νομίζουσιν
964 2129 1208 2197 είρῆσθαι
1237 2131 1312 2192 το,
1361 2132 1778 2198 Ἀγενεαλόγη-

162 2221 266 2270 τος.
303 2210 562 2280 Δείξωμεν
603 2209 695 2263 οῦν
741 2214 820 2264 ὅτι
871 2215 994 2282 περὶ
1024 2215 1288 2284 ἑκατέρας
1337 2219 1434 2284 τῆς
1478 2218 1779 2282 γεννήσεως

159 2295 298 2347 τοῦτο
340 2298 543 2360 Παῦλος
589 2297 729 2360 εἷπε,
778 2303 870 2353 καὶ
901 2303 1027 2369 περὶ
1060 2303 1159 2370 τῆς
1190 2302 1336 2372 [268]
1362 2306 1490 2365 ἀνω,
1529 2306 1621 2356 καὶ
1654 2306 1779 2374 περὶ

159 2381 248 2448 τῆς
274 2384 427 2437 κάτω.
466 2388 573 2438 Καὶ
604 2388 707 2455 γάρ
758 2389 982 2452 κάκείνη
1025 2390 1245 2458 φρικτὴ.
1281 2392 1371 2442 καὶ
1402 2391 1536 2461 αῦτη
1585 2409 1776 2460 μυστι⁶

159 2468 369 2539 κωτάτη.
403 2471 498 2522 Διά
519 2472 677 2524 τοῦτο
701 2475 794 2525 καὶ
825 2473 1054 2536 Ἡσαΐας
1080 2476 1240 2544 φησίν
1259 2491 1273 2506 ο
1311 2476 1429 2541 Τὴν
1444 2478 1657 2544 γενεὰν
1675 2479 1778 2530 αὐ-

157 2554 254 2606 τοῦ
280 2557 359 2621 τίς
388 2557 762 2626 διηγήσεταιξ
799 2560 958 2613 Ἀλλά
987 2562 1111 2631 περὶ
1144 2563 1377 2630 ἐκείνης,
1413 2565 1596 2632 φησὶν,
1628 2559 1777 2616 εἶπεν

155 2638 245 2708 τῆς
270 2642 384 2695 ἄνω.
421 2645 482 2697 Τί
517 2641 608 2697 οὖν
638 2647 864 2715 ἐροῦμεν
901 2647 976 2716 τῷ
1009 2647 1203 2717 Παύλῳ
1237 2650 1544 2718 ἀμφοτέρας
1575 2651 1776 2702 εἰπόντι

155 2725 240 2786 τὰς
259 2731 544 2797 γεννήσεις,
568 2733 657 2783 καὶ
673 2733 789 2785 τότε
802 2734 1127 2800 ἐπαγαγόντι
1149 2736 1228 2796 1b,
1256 2735 1738 2803 Ἀγενεαλό-ιητος
1759 2755 1772 2802 ;

158 2810 260 2864 Ἵνα
290 2815 355 2882 μὴ
392 2817 544 2884 μόνον
578 2819 694 2870 κατ’
725 2820 934 2886 ἐκείνην
959 2820 1055 2888 τὴν
1083 2821 1352 2889 γέννησιν,
1389 2823 1510 2872 καθ’
1537 2825 1601 2890 ἢν
1630 2825 1774 2891 ἀμή-

155 2913 255 2965 τωρ
276 2902 429 2966 ἐστὶν,
452 2902 590 2954 ἀλλά
618 2905 708 2956 καὶ⁴
736 2904 873 2956 κατά
902 2905 1122 2974 ταύτην,
1147 2906 1266 2957 καθ’
1289 2907 1354 2975 ἥν
1384 2909 1610 2977 ἀπάτωρ
1641 2910 1773 2970 ἐστὶ,

155 2986 243 3056 τὴν
292 2989 429 3041 κάτω
471 2990 632 3058 λέγω,
669 2992 1091 3063 ἀγενεαλόγητον
1141 2989 1279 3045 εἶναι
1315 2996 1642 3065 πιστεύσῃς⁸
1691 2996 1777 3049 διὰ

153 3073 294 3126 τοῦτο
322 3077 591 3149 ἀμφότερα
615 3079 746 3141 θεὶς.
773 3080 889 3130 τότε
917 3074 1089 3142 εἷπεν,
1131 3078 1632 3149 Ἁγενεαλόγητος.
1669 3083 1776 3134 Καὶ

154 3161 250 3228 γὰρ
277 3163 361 3213 καὶ
404 3164 594 3234 αῦτηή
643 3165 791 3216 κάτω
823 3166 1222 3235 ἀκατάληπτος,
1277 3168 1360 3220 ἵνα
1401 3169 1534 3237 πρὸς
1565 3169 1776 3236 ἐκείνην

157 3249 272 3316 μηδέ
301 3252 608 3320 παρακύψαι
649 3253 1024 3322 τολμήσωμεν.
1065 3255 1127 3307 EE
1152 3254 1258 3324 γάρ
1291 3255 1358 3307 τά
1393 3255 1654 3325 προαύλια
1681 3254 1774 3306 τοῦ

153 3337 265 3387 ναοῦ
286 3338 417 3389 οῦτω
439 3339 640 3406 φοόερά
672 3341 760 3391 καὶ
792 3340 1076 3408 ἀπρόσιτα,
1111 3342 1244 3409 πρὸς
1273 3341 1340 3392 τά
1370 3343 1533 3393 ἄδυτα
1559 3343 1639 3402 τίς
1668 3345 1775 3392 εἰσ-

153 3421 304 3473 ελθεῖν
361 3426 732 3495 ἐπιχειρήσει;
777 3427 892 3476 Ὅτι
937 3427 1195 3496 ἐγεννήθη
1241 3428 1388 3495 παρὰ
1427 3426 1519 3478 τοῦ
1569 3427 1776 3496 Πατρὸς

153 3503 267 3568 οἶδα,
295 3511 348 3561 1b
364 3511 418 3562 δὲ
449 3511 585 3574 πῶς,
613 3511 710 3562 οὐκ
731 3507 861 3564 οἶδα.
882 3511 1002 3564 Ὅτι
1027 3512 1218 3581 ἐτέχθη
1248 3512 1348 3564 ὑπὸ
1371 3512 1470 3580 τῆς
1496 3512 1775 3582 Παρθένου

153 3595 451 3664 ἐπίσταμαι,
493 3598 585 3649 τὸν
622 3597 678 3649 δὲ
718 3597 915 3666 τρόπον
947 3598 1063 3650 ούδέ
1096 3598 1326 3651 ἐνταῦθα
1356 3598 1774 3667 καταλαμϐάνω.

163 3681 402 3752 Ἐκατέρα
438 3685 545 3752 γὰρ
636 3685 883 3752 γέννησις
925 3684 1287 3754 ὡμολόγηται,
1321 3686 1413 3736 καὶ
1449 3685 1711 3754 ἑκατέρας
1747 3686 1776 3736 6

152 3767 321 3836 196m;
349 3769 649 3840 σεσίγηται.
679 3771 786 3822 Καὶ
817 3772 950 3839 ὅπερ
975 3771 1204 3823 ἐνταῦθα
1231 3771 1320 3822 ἐπὶ
1351 3772 1447 3839 τῆς
1478 3771 1772 3840 Παρθένου,

153 3856 240 3907 οὐκ
265 3858 412 3920 εἰδὼς
449 3857 564 3920 πῶς
592 3860 654 3907 ἐκ
683 3857 779 3924 τῆς
815 3857 1085 3925 παρθένου
1115 3857 1399 3925 ἐγεννήθη,
1429 3858 1672 3925 όμὸλογῶ
1695 3859 1775 3910 ὅτι

151 3943 404 4012 ἐγεννήθη,
437 3944 530 3994 καὶ
558 3943 656 3993 οὐκ
686 3941 892 4010 ἀναιρῶ
933 3942 992 3992 1b
1026 3943 1254 4010 πρᾶγμα
1284 3942 1369 3993 διὰ
1397 3942 1492 4011 τὴν
1525 3943 1772 4009 ἄγνοιαν⁶

150 4027 272 4080 οὕτω
309 4029 398 4080 καὶ
436 4030 499 4081 σὺ
533 4029 754 4097 ποίησον
781 4030 872 4080 ἐπὶ
903 4027 994 4080 τοῦ
1034 4030 1263 4098 Πατρὸς,
1305 4029 1352 4080 εί
1385 4031 1477 4080 καὶ
1502 4030 1598 4081 οὑκ
1630 4025 1775 4094 οἶδας

152 4113 252 4176 πῶς
275 4115 554 4186 ἐγεννήθη,
590 4115 936 4185 ὁμολόγησον.
974 4116 1089 4168 Κάν
1124 4117 1250 4187 εἴπῃ
1277 4133 1356 4168 σοι
1396 4116 1423 4166 6
1467 4119 1736 4186 αίρετικός
1759 4136 1772 4150 ο

150 4197 256 4260 Πῶς
278 4203 532 4272 ἐγεννήθη
566 4203 628 4254 ἐκ
657 4202 747 4254 τοῦ
771 4203 977 4272 Πατρὸς
1003 4205 1030 4255 6
1057 4203 1182 4264 Υίός
1209 4220 1220 4264 ;
1243 4204 1593 4256 κατάσπασον
1613 4206 1774 4258 αὐτοῦ

150 4289 199 4338 τι
223 4289 474 4359 φρύαγμα
493 4291 573 4352 είς
599 4289 697 4358 τὴν
719 4293 840 4360 γῆν,
870 4292 963 4342 κα)⁵
985 4292 1103 4342 εἰπέ
1127 4290 1263 4361 πρὸς
1289 4291 1474 4343 αὐτόν·
1497 4293 1775 4362 Κατάὸηθι

154 4375 207 4425 ἐκ
227 4375 327 4428 τῶν
353 4375 614 4446 οὐρανῶν,
644 4377 735 4427 καὶ
751 4376 916 4440 δεῖξον
945 4376 1057 4438 πῶς
1083 4375 1342 4445 ἐγεννήθη
1366 4377 1428 4428 ἐκ
1447 4380 1542 4447 τῆς
1562 4379 1772 4449 Παρθέ-

151 4475 244 4523 νου,
277 4463 368 4514 καὶ
396 4462 514 4513 τότε
552 4464 730 4514 ἐκεῖνα
760 4465 877 4532 ὅρα.
923 4464 1172 4532 Κάτασχε
1207 4464 1367 4515 αὑτὸν
1400 4465 1491 4516 καὶ
1523 4467 1775 4536 περίστη-

152 4563 244 4610 σον,
278 4550 349 4619 μὴ
374 4551 515 4618 ἀφῇς
546 4551 911 4620 ἀποπηδῆσαι,
943 4551 1073 4620 μηδέ
1101 4551 1445 4622 ἀναχωρῆσαι
1476 4554 1553 4615 είς
1568 4553 1657 4606 τὸν
1684 4553 1775 4606 λα-

150 4635 378 4706 ϐύρινθον
422 4638 530 4690 τῶν
562 4637 852 4707 λογισμῶν,
887 4638 1018 4690 ἀλλά
1048 4639 1284 4707 κάτασχε
1332 4640 1424 4691 καὶ
1458 4639 1771 4706 ἀπόπνιξον,

153 4724 212 4792 μὴ
244 4727 303 4794 τῇ
333 4724 496 4794 χειρὶ,
534 4723 666 4775 ἀλλά
696 4724 773 4792 τῷ
813 4726 1034 4793 ῥήματι.
1066 4726 1155 4795 Μὴ
1190 4725 1364 4796 δώσῃς
1393 4727 1537 4796 αύτῴ
1566 4727 1774 4780 διαστο-

149 4807 247 4878 λὴν,
298 4813 391 4862 καὶ
419 4811 652 4880 διαφύγῃ
684 4810 756 4872 ὡς
802 4809 1065 4878 βρύλεται.
1117 4811 1352 4863 Ἐκεῖθεν
1392 4815 1497 4882 γὰρ
1550 4813 1775 4883 θόρυὸον

150 4896 418 4962 ἐμποιοῦσι
451 4901 559 4960 τοῖς
589 4897 1007 4965 διαλεγομένοις,
1033 4898 1213 4967 ἐπειδὴ
1243 4900 1399 4967 ἡμεῖς
1432 4901 1610 4962 αὐτοῖς
1648 4903 1776 4953 ἀκο-

148 4981 446 5050 λουθοῦμεν,
491 4983 583 5035 καὶ
631 4984 728 5034 οὐκ
778 4985 1058 5052 ἀπάγομεν
1106 4984 1209 5035 ὑπὸ
1247 4985 1370 5046 τοὺς
1419 4986 1614 5054 νόμους
1667 4987 1775 5039 τῶν

150 5067 287 5122 θείων
319 5070 569 5140 Γραφῶν.
621 5069 846 5138 Περίθες
877 5070 1052 5120 τοίνυν
1099 5068 1245 5138 αὐτῷ
1287 5071 1544 5123 πάντοθεν
1581 5073 1776 5142 τειχίον

149 5157 230 5217 τὰς
260 5156 366 5208 ἀπὸ
397 5155 504 5207 τῶν
533 5156 754 5224 Γραιρῶν
791 5154 1111 5225 μαρτυρίας,
1149 5156 1238 5206 καὶ
1269 5156 1388 5207 ούδέ
1421 5159 1577 5225 χᾶναι
1614 5161 1773 5230 δυνή-

151 5257 302 5296 σεται.
326 5243 480 5303 Είπέ,
513 5241 631 5302 Πῶς
660 5242 918 5311 ἐγεννήθη
952 5245 1014 5294 ἐκ
1044 5243 1139 5310 τῆς
1189 5243 1461 5312 Παρθένου
1487 5262 1499 5308 ;
1531 5247 1642 5298 Οὐκ
1675 5249 1777 5316 ἀφ-

152 5327 356 5398 ίσταμαί
393 5344 508 5387 σου,
537 5328 654 5380 οὐδὲ
689 5327 972 5397 ἀναχωρῶ.
1023 5327 1160 5379 Ἀλλ’
1185 5329 1282 5380 οὐκ
1310 5331 1374 5381 ἂν
1403 5330 1512 5398 ἔχοι
1539 5333 1628 5385 τὸν
1655 5336 1777 5403 196-

149 5430 231 5465 πον
250 5418 380 5484 ήμῖν
403 5416 595 5475 εἰπεῖν,
622 5416 721 5466 κᾶν
755 5416 920 5483 μυρία
952 5415 1244 5483 φιλονεικῇ.
1279 5418 1444 5468 Ὅταν
1472 5418 1576 5488 γάρ
1602 5423 1626 5471 6
1647 5421 1777 5482 Θεὸς

150 5501 452 5572 ἀποκλείσῃ,
471 5502 552 5562 τίς
577 5499 760 5571 ἀνοίξῃ
785 5501 965 5552 λοιπόν
984 5518 996 5563 ;
1018 5501 1166 5569 Μόνη
1182 5503 1244 5569 τῇ
1267 5501 1443 5553 πίστει
1470 5503 1535 5552 τά
1557 5505 1777 5556 τοιαῦτα

152 5589 464 5658 παράδεκτα.
501 5587 557 5637 El
600 5586 654 5636 δέ
685 5587 781 5637 οὐκ
815 5587 875 5638 ἂν
897 5587 1057 5654 ἔχοις,
1102 5587 1233 5638 ἀλλὰ
1265 5592 1556 5656 λογισμούς
1591 5592 1777 5660 ἐπιζη-

148 5681 256 5738 τεῖς,
287 5676 396 5744 ἐρῶ
427 5674 562 5742 πρὸς,
592 5671 668 5734 σέ,
699 5671 726 5723 6
759 5673 888 5742 πρὸς
923 5674 1225 5742 Νικόδημον
1259 5676 1285 5725 ὁ
1315 5674 1545 5742 Χριστός
1578 5693 1739 5744 φησιν
1761 5697 1775 5710 ο

148 5763 199 5814 Εἰ
235 5765 304 5818 τὰ
349 5761 578 5830 ἐπίγεια
618 5756 787 5813 εἷπον
814 5759 971 5828 ὑμῖν,
1011 5762 1104 5814 καί
1147 5763 1215 5814 οὺ
1257 5763 1582 5828 πιστεύετε,
1631 5763 1774 5831 πῶς,

1513 396 1594 450 DE
1623 396 2164 454 ΜΕΙλΟΗΙὸΕῡΕΕΟ.

3408 416 3519 470 260

1877 509 1990 562 ἐὰν
2018 511 2089 563 τὰ
2107 509 2427 578 ἐπουράνια
2456 512 2618 576 εἴπω,
2643 514 2982 578 mandata;
3006 513 3142 585 Περὶ
3166 513 3261 584 τῆς
3293 515 3354 566 ἐκ
3371 515 3519 584 Παρ⁶

1886 595 2037 649 θένου
2067 597 2367 665 γεννήσεως
2386 594 2558 659 εἷπον,
2577 600 2669 652 καὶ
2693 600 2791 651 οὐκ
2807 596 2969 663 οἶδας.
2990 601 3106 653 ούδέ
3125 602 3282 670 χᾶναι
3297 601 3521 675 τολμᾷς,

1881 683 1976 735 καὶ
2001 683 2098 752 τὴν
2122 685 2370 754 οὐράνιον
2394 685 2756 756 περιεργάζη;
2790 687 2898 737 Καὶ
2918 687 3026 738 εἴθε
3060 687 3157 756 μὲν
3182 687 3270 740 τὸν
3296 687 3520 756 οὐρανὸν

1883 768 2059 836 μόνον,
2094 766 2227 819 ἀλλά
2265 768 2356 821 καὶ
2389 770 2478 820 τὸν
2504 771 2777 839 Δεσπότην
2810 771 2915 822 τῶν
2959 772 3198 839 οὐρανῶν
3242 771 3520 840 πολυπρα-

1879 855 2115 920 γμονεῖς.
2152 855 2218 903 El
2247 854 2314 906 τὰ
2340 855 2567 920 ἐπίγεια
2592 851 2762 907 εἷπον
2794 855 2952 922 ὑμῖν,
2974 857 3070 908 καὶ
3093 859 3161 908 οὐ
3189 859 3516 911 πιστεύετε.

1880 937 1994 991 Οὐκ
2031 934 2200 1002 εἶπεν,
2233 941 2293 991 ού
2342 940 2612 1004 πείθεσθε,
2658 941 2770 993 ἀλλ’
2810 943 2889 995 Οὐ
2934 945 3239 995 πιστεύετε
3263 961 3274 973 ⁸
3309 943 3519 1004 δεικνὺς

1879 1025 2028 1092 ἡμῖν,
2062 1023 2139 1074 ὅτι
2166 1026 2212 1076 εί
2245 1025 2335 1076 καὶ
2363 1025 2431 1075 τὰ
2457 1025 2669 1092 ἐπίγεια
2702 1028 2932 1090 πίστεως
2960 1028 3145 1088 δεῖται,
3177 1028 3351 1096 πολλῷ
3384 1029 3521 1096 μᾶλ-

1880 1108 1966 1158 λον
1993 1109 2058 1160 τά
2079 1110 2320 1178 οὐράνια.
2355 1112 2543 1164 Καίτοι
2576 1114 2694 1164 τότε
2723 1113 2799 1182 τῷ
2835 1115 3125 1183 Νικοδήμῳ
3153 1116 3278 1184 περί
3305 1113 3520 1166 τοκετοῦ

1879 1193 2144 1260 διελέγετο
2171 1197 2302 1249 πολὺ
2331 1197 2610 1260 ἐλάττονος
2630 1212 2642 1226 ·
2673 1200 2797 1268 περὶ
2836 1199 2926 1251 τοῦ
2954 1200 3326 1268 βαπτίσματος
3362 1200 3467 1270 γὰρ
3495 1203 3524 1253 6

1881 1279 2033 1346 λόγος
2058 1277 2144 1348 ἦν,
2169 1284 2257 1334 καὶ⁵
2285 1285 2380 1352 τῆς
2407 1285 2812 1353 ἀναγεννήσεως
2838 1285 2934 1352 τῆς
2955 1287 3324 1354 πνευματικῆς
3345 1303 3356 1314 ·
3390 1286 3523 1338 ἀλλὰ

1880 1366 2034 1435 δῆλον
2071 1368 2150 1418 ὅτι
2181 1371 2272 1420 καὶ
2302 1369 2468 1421 ταῦτα
2515 1369 2688 1421 πίστει
2730 1372 2844 1420 ἐστὶ
2876 1370 3214 1439 καταληπτά.
3277 1371 3522 1436 Ἐπίγεια

1877 1452 1936 1503 δέ
1972 1452 2110 1504 αύτά
2136 1454 2410 1517 ἐκάλεσεν,
2441 1456 2538 1506 οὐκ
2571 1455 2754 1517 ἐπειδὴ
2784 1457 2996 1522 ἐπίγειά
3021 1459 3190 1517 ἐστιν,
3223 1457 3336 1508 ἀλλ’
3373 1457 3518 1528 [ἓϐ9]

1881 1539 2065 1608 ἐπειδὴ
2091 1541 2147 1591 ἐν
2168 1544 2232 1610 τῇ
2266 1545 2332 1611 γῇ
2362 1543 2612 1605 τελεῖται,
2629 1544 2720 1594 καὶ
2752 1545 2815 1612 τῇ
2849 1545 3129 1613 συγκρίσει
3155 1546 3249 1612 τῆς
3273 1546 3380 1598 ἄνω
3403 1564 3524 1611 γεν-

1880 1626 2089 1694 νήσεως
2117 1628 2212 1693 τῆς
2243 1629 2550 1700 ἀπορρήτου
2586 1631 2677 1682 καί
2702 1631 2875 1681 πάντα
2908 1630 3336 1699 ύπερόαινούσης
3379 1632 3521 1694 νοῦν,

1881 1713 2096 1778 ἐπίγεια
2139 1713 2310 1765 ταῦτά
2347 1715 2510 1766 ἐστιν.
2550 1717 2610 1766 El
2642 1716 2817 1767 τοίνυν
2847 1715 2963 1777 πῶς
2997 1716 3410 1784 ἀναγεννώμεθα
3463 1721 3526 1769 ἐκ

1879 1797 1985 1848 τῶν
2012 1798 2214 1850 ὑδάτων
2244 1800 2303 1851 οῦ
2331 1800 2551 1851 δυνατὸν
2579 1801 2792 1863 εἰδέναι,
2821 1801 2954 1852 ἀλλά
2989 1803 3164 1854 πίστει
3193 1803 3322 1872 μόνῃ
3353 1819 3525 1872 παρα-

1879 1884 2126 1952 δέχεσθαι
2159 1887 2261 1957 χρὴ
2292 1888 2349 1940 τὸ
2367 1890 2663 1958 γινόμενον,
2689 1891 2781 1942 καὶ
2803 1890 2890 1941 τὸν
2921 1892 3117 1959 τρόπον
3144 1890 3216 1961 μὴ
3239 1892 3528 1961 περιεργά-

1882 1970 2096 2032 ζεσθαι·
2135 1974 2306 2042 πόσης
2341 1974 2406 2027 ἂν
2458 1975 2542 2044 εἴη
2583 1977 2775 2044 μανίας
2809 1977 2899 2028 ἐπὶ
2937 1978 3034 2046 τῆς
3083 1975 3192 2029 ἀνω
3228 1979 3527 2047 γεννήσεως

1879 2056 1971 2109 τοῦ
2006 2057 2321 2125 μονογενοῦς
2352 2061 2478 2112 Υίοῦ
2513 2061 2799 2131 λογισμοὺς
2826 2063 3190 2131 ἀνθρωπίνους
3218 2067 3402 2126 κινεῖν,
3433 2065 3527 2116 καὶ⁵

1880 2143 2078 2211 τρόπου
2115 2146 2417 2212 γεννήσεως
2451 2146 2677 2208 εὐθύνας
2711 2151 2989 2210 ἁπαιτείν;
3027 2149 3147 2211 Πῶς
3178 2149 3402 2218 ἀπάτωρ
3431 2151 3525 2202 καὶ

1879 2229 2110 2297 ἀμήτωρ
2137 2233 2163 2282 6
2193 2231 2319 2293 Υἱὸς
2339 2231 2431 2284 τοῦ
2457 2232 2611 2297 Θεοῦ,
2644 2234 2840 2296 ἱκανῶς
2866 2235 3254 2297 ἀποδέδεικται,
3285 2236 3378 2289 καὶ
3409 2235 3524 2300 πῶς

1879 2315 2320 2385 ἀγενεαλόγητος.
3369 2363 3395 2368 -
3425 2363 3444 2371 ~

1947 2407 2016 2468 γ’.
2071 2403 2208 2455 Ἀλλ’
2241 2405 2423 2476 ἐπειδὴ
2460 2406 2642 2458 πολλοὶ
2683 2407 2755 2476 μή
2783 2409 3066 2476 νοήσαντες
3113 2409 3179 2461 τὰ
3203 2410 3325 2477 περὶ
3356 2408 3518 2462 αὑτοῦ

1879 2490 2255 2558 γεγραμμένα,
2286 2493 2376 2543 καλ.
2405 2493 2618 2558 μείζονα
2644 2493 2734 2544 τοῦ
2763 2494 2991 2563 Χριστοῦ
3013 2496 3170 2546 αὑτὸν
3201 2492 3335 2546 εἶναι
3364 2497 3516 2564 εἰρήο

1880 2591 2024 2636 κασι,
2064 2578 2155 2628 καὶ
2196 2580 2586 2647 συνεστήσαντο
2618 2581 2826 2640 ἑαυτοῖς
2856 2581 3084 2649 αἵρεσιν,
3138 2581 3230 2632 καὶ
3278 2581 3522 2646 λέγονται

1877 2660 2338 2729 Μελχισεδεκιταὶ,
2373 2666 2465 2716 καὶ
2498 2665 2883 2731 φιλονεικοῦσιν
2906 2670 3055 2734 ἡμῖν,
3078 2665 3243 2728 δεῖξαι
3269 2666 3524 2735 βουλόμε-

1877 2763 1978 2809 νοι,
2013 2751 2090 2800 ὅτι
2125 2750 2322 2816 μείζων
2351 2753 2467 2802 ἐστὶ
2501 2751 2592 2802 τοῦ
2624 2751 2880 2818 Χριστοῦ,
2927 2753 3279 2822 προφέροντες
3311 2754 3388 2815 1b,
3437 2754 3522 2805 Σὺ

1876 2834 2065 2898 ἱερεὺς
2091 2837 2176 2897 είς
2193 2835 2297 2886 τὸν
2323 2835 2506 2888 αἰῶνα
2528 2837 2673 2888 κατὰ
2695 2836 2807 2902 τὴν
2835 2836 3002 2899 τάξιν
3031 2836 3397 2904 Μελχισεδέκ
3419 2839 3524 2890 ’δεῖ

1878 2919 1971 2971 καὶ
2001 2920 2134 2986 πρὸς
2162 2920 2355 2983 αὐτοὺς
2378 2922 2707 2990 ἀπαντῆσαι.
2739 2923 2873 2974 Φασὶ
2902 2923 3036 2991 γάρ’
3072 2921 3191 2985 Πῶς
3220 2924 3318 2974 οὑκ
3347 2925 3409 2974 ἂν
3437 2924 3521 2993 εἴη

1877 3007 2109 3076 Χριστοῦ
2141 3009 2359 3076 μείζων,
2379 3005 2438 3061 οὗ
2464 3009 2601 3061 κατά
2630 3008 2725 3079 τὴν
2754 3009 2934 3061 εἰκόνα
2961 3010 3052 3061 καὶ
3076 3010 3170 3080 τὴν
3195 3011 3344 3075 τάξιν
3377 3013 3523 3079 ἱερα-

1875 3092 2019 3143 τεύει
2060 3094 2330 3162 Χριστός;
2372 3095 2558 3163 Ἡμεῖς
2608 3092 2698 3148 οῦν
2742 3096 2966 3164 λέγομεν
3041 3096 3198 3147 αὐτὸν
3245 3098 3524 3166 ἄνθρωπον

1874 3181 2177 3250 ὁμοιοπαθῆ
2195 3182 2342 3250 ἡμῖν,
2372 3183 2463 3234 καὶ
2489 3181 2611 3234 οὗτε
2635 3182 2853 3252 μείζονα
2872 3182 2964 3235 τοῦ
2985 3183 3240 3255 Χριστοῦ,
3266 3185 3378 3237 ἀλλ’
3401 3185 3522 3237 οὔτε

1888 3266 2129 3319 Ἰωάννου
2167 3266 2259 3318 τοῦ
2295 3267 2597 3321 Βαπτιστοῦ
2620 3286 2634 3299 ο
2671 3270 2889 3328 Μείζων
2932 3271 3038 3338 γὰρ
3069 3270 3273 3330 αὑτοῦ,
3308 3274 3467 3340 φησὶν
3496 3275 3523 3325 ό

1875 3353 2127 3421 Χριστὸς,
2154 3353 2222 3404 ἐν
2237 3356 2541 3421 γεννητοῖς
2576 3356 2870 3422 γυναικῶν
2899 3359 3006 3408 οὐκ
3031 3357 3352 3425 ἐγήγερται.
3401 3358 3523 3409 Ἀλ-

1875 3428 1955 3480 λοι
1983 3429 2038 3480 δὲ
2064 3430 2222 3482 πάλιν
2246 3431 2603 3502 πλανηθέντες
2623 3434 2869 3501 λέγουσιν
2887 3436 3048 3488 αὐτὸν
3068 3433 3279 3489 εἶναιτὸ
3302 3438 3522 3506 Πνεῦμα

1874 3515 1934 3566 1b
1962 3515 2113 3582 ἆγιον
2139 3533 2152 3546 ·
2183 3517 2296 3568 ἀλλ’
2319 3519 2476 3586 ἡμεῖς
2517 3519 2633 3570 οὐδὲ
2664 3521 2818 3572 τοῦτό
2837 3538 3032 3588 φαμεν.
3087 3522 3236 3573 Ἐπεὶ
3265 3521 3346 3584 τίς
3371 3524 3524 3591 χρεία

1873 3605 1962 3656 τδν
1990 3605 2160 3671 Λόγον
2188 3605 2280 3657 τοῦ
2307 3605 2439 3657 Θεοῦ
2469 3607 2900 3676 ἐνανθρωπῆσαι,
2931 3609 3027 3677 ήδη
3046 3608 3209 3661 πάλαι
3237 3609 3328 3660 τοῦ
3351 3611 3519 3662 Πνεύ-

1877 3711 2042 3765 ματος
2059 3693 2346 3763 ἀνθρώπου
2374 3695 2872 3761 γεγονότοςςὊτιδέ
2890 3697 2986 3746 οὐκ
3012 3697 3155 3748 ἐστιν
3178 3697 3376 3765 μείζων
3399 3700 3524 3766 Χρι-

1877 3779 2023 3842 στοῦ,
2047 3779 2168 3831 οῦτε
2191 3781 2245 3834 δέ
2272 3781 2430 3832 πάλιν
2451 3779 2511 3830 1b
2541 3780 2761 3847 Πνεῦμα
2783 3781 2841 3831 τὸ
2864 3781 3038 3846 ἆγιον,
3061 3783 3362 3835 εἰπάτωσαν
3395 3787 3523 3852 ἡμῖν

1876 3868 2088 3926 ἐκεῖνοι,
2138 3865 2288 3916 ποίου
2319 3865 2517 3934 χωρίου
2549 3860 2686 3918 εἶναι
2718 3864 2877 3916 αὑτὸν
2909 3866 3181 3932 λέγουσιν·
3231 3865 3337 3938 ἆρα
3367 3874 3525 3939 ούρα-

1875 3953 1987 4004 νίου
2011 3947 2148 4020 ;ἆρα
2177 3953 2414 4019 ἐπιγείου
2437 3951 2500 4020 ;ἢ
2525 3951 2892 4019 καταχθονίου;
2913 3953 3037 4004 Ἐάν
3058 3949 3148 4004 οὖν
3172 3957 3416 4018 εἴπωσιν,
3443 3960 3522 4010 ὅτι

1875 4040 1980 4092 τῶν
2003 4038 2264 4108 οὐρανίων
2289 4041 2432 4090 ἐστὶν
2470 4041 2497 4090 ό
2524 4039 2870 4107 Μελχισεδὲκ,
2893 4039 2924 4108 ἣ
2948 4039 3104 4092 ἄλλου
3129 4042 3271 4104 τινὸς
3297 4045 3519 4113 χωρίου,

1881 4127 2258 4180 ἀκουσάτωσαν
2275 4128 2355 4178 ὅτι
2387 4128 2476 4178 καὶ
2503 4126 2662 4187 αὐτὸς
2683 4127 2811 4193 γόνυ
2833 4126 3070 4194 κάμπτει
3092 4129 3167 4198 τῷ
3194 4129 3409 4199 Χριστῷ
3447 4130 3523 4200 τῷ

1877 4213 2206 4282 σαρκωθέντι
2231 4215 2293 4264 ἐκ
2330 4213 2428 4281 τῆς
2468 4211 2714 4264 θεοτόκου
2738 4213 2978 4282 Μαρίας.
3008 4215 3166 4282 Λέγει
3190 4217 3294 4285 γὰρ
3324 4217 3520 4269 ὀἈπό-

1880 4300 2080 4364 στολος,
2105 4301 2183 4352 ὃτι
2209 4298 2372 4362 Αὐτῷ
2388 4298 2609 4366 κάμψει
2636 4297 2756 4352 πᾶν
2780 4302 2944 4366 γόνυ,
2969 4300 3059 4351 καὶ
3085 4300 3152 4352 τά
3178 4302 3323 4369 ἐξῆς.
3348 4303 3408 4354 Εἰ
3431 4300 3522 4356 οῦν

1875 4386 1980 4436 πᾶν
2003 4384 2128 4450 γόνυ
2153 4385 2406 4450 κάμπτει.
2431 4384 2458 4433 6
2477 4380 2799 4449 Μελχισεδὲκ
2821 4381 3053 4435 ἐλάττων
3077 4382 3140 4435 ἂν
3161 4384 3246 4452 εἴη
3275 4384 3364 4435 τοῦ
3391 4387 3522 4454 Χρι-

1876 4469 2000 4523 στοῦ
2019 4488 2031 4500 ·
2054 4470 2346 4541 προσκυνεῖ
2367 4468 2472 4538 γάρ
2492 4468 2566 4534 τῷ
2586 4485 2882 4536 προσκυνου
2893 4469 3035 4537 μένῳ
3059 4469 3295 4539 Χριστῷ.
3314 4471 3373 4521 ΕΙ
3391 4470 3442 4521 δέ
3469 4473 3518 4522 οί

1873 4557 2042 4610 ἄθλιοι
2074 4555 2165 4609 καὶ
2186 4555 2427 4617 τάλανες,
2451 4554 2544 4605 καὶ
2572 4553 2629 4605 1b
2663 4553 2786 4622 ἑξῆς
2815 4555 3101 4623 εἰρημένον
3134 4556 3478 4622 σκοπήσωσιν
3504 4573 3517 4586 ·

1874 4639 2122 4708 ἐπιφέρει
2152 4637 2258 4707 γὰρ
2295 4636 2485 4702 λέγων,
2525 4635 2967 4704 Ἀφωμοιωμένος
2996 4633 3073 4703 τῷ
3101 4635 3211 4704 Υίῷ
3238 4635 3331 4688 τοῦ
3362 4636 3517 4688 Θεοῦ·

1873 4727 2012 4781 οὕτω
2050 4727 2131 4778 δεῖ
2157 4728 2310 4786 νοεῖν,
2355 4724 2432 4776 ὅτι
2463 4721 2646 4791 ὥσπερ
2680 4721 2773 4773 καὶ
2812 4723 2975 4790 ἡμεῖς
3018 4723 3137 4774 κατ’
3167 4722 3347 4774 εἰκόνα
3386 4723 3519 4774 Θεοῦ

1874 4817 2171 4884 γεγόναμεν
2205 4813 2296 4864 καὶ
2328 4810 2605 4879 ὁμοίωσιν,
2638 4806 2778 4859 οὕτω
2805 4807 2896 4858 καὶ
2928 4808 3105 4870 αὑτός.
3144 4808 3378 4860 Ἰουδαῖοι
3422 4811 3520 4878 μὲν

1875 4905 1978 4973 γάρ
2025 4900 2182 4953 αὑτὸν
2226 4898 2470 4964 λέγουσιν
2509 4898 2572 4946 ἐκ
2614 4895 2864 4964 πορνείας
2912 4896 3252 4965 γεννηθέντα,
3295 4898 3387 4948 καὶ
3431 4897 3519 4948 διὰ

1874 4989 2027 5042 τοῦτο
2054 4985 2474 5054 ἀγενεαλόγητον
2507 4981 2753 5048 γενέσθαι
2778 4998 2790 5011 ο
2824 4981 2957 5050 πρὸς
3003 4981 3095 5044 οὓς
3138 4982 3386 5052 ,ιίροιῖομεν⁹
3437 4986 3518 5036 δτι

1864 5073 2068 5135 Κακῶς
2092 5089 2245 5140 φατε.
2287 5070 2395 5121 Καὶ
2435 5069 2538 5136 γάρ
2570 5067 2660 5118 καὶ
2690 5067 2936 5135 Σολομὼν
2970 5069 3029 5118 ἐκ
3059 5069 3158 5136 τῆς
3195 5069 3287 5120 τοῦ
3325 5071 3517 5140 Οὐρίου

1874 5159 2148 5230 γεννηθεὶς
2171 5154 2422 5224 γυναικὸς
2448 5153 2745 5223 μοιχαλίδος
2769 5152 3180 5219 γενεαλογεῖται.
3216 5156 3350 5208 Ἀλλ’
3373 5160 3519 5212 ἐπει-

1875 5248 1936 5317 δὴ
1969 5247 1996 5298 ὁ
2019 5243 2346 5311 Μελχισεδὲκ
2383 5241 2546 5302 τύπος
2576 5237 2642 5308 ἦν
2667 5239 2757 5291 τοῦ
2779 5238 3008 5308 Κυρίου,
3041 5241 3133 5292 καὶ
3159 5243 3338 5295 είκόνα
3360 5245 3518 5315 ἔφερε

1874 5335 1966 5386 τοῦ
2020 5330 2275 5399 Χριστοῦ,
2325 5328 2500 5388 καθὼς
2546 5328 2636 5376 καὶ
2681 5327 2878 5387 Ἰωνᾶς,
2920 5325 3005 5378 διὰ
3057 5327 3209 5380 τοῦτο
3261 5330 3291 5398 ή
3331 5331 3517 5402 Γραφὴ

1879 5419 2172 5487 παρέλιπεν
2223 5414 2382 5465 αὐτοῦ
2427 5414 2516 5464 τὸν
2558 5412 2784 5480 πατέρα,
2821 5411 2904 5462 ἵνα
2937 5411 2992 5462 ἐν
3019 5412 3229 5482 ἐκείνῳ,
3273 5416 3519 5487 καθάπερ

1877 5507 1931 5555 ἐν
1973 5505 2138 5554 εἰκόνι
2177 5501 2264 5552 τὸν
2296 5500 2503 5566 άληθῶς
2534 5499 2776 5566 ἀπάτορα
2820 5498 2907 5548 καὶ
2941 5499 3360 5568 ἀγενεαλόγητον
3391 5504 3520 5570 Χρι-

1881 5591 1998 5641 στὸν
2027 5587 2482 5658 ἐνοπτρισώμεθα.
2531 5585 2882 5650 ’Λντιλέγουσι
2923 5584 2976 5634 δὲ
3013 5586 3102 5636 καὶ
3132 5585 3285 5637 τοῦτο
3319 5589 3446 5655 ἡμῖν
3472 5590 3519 5640 οί

1879 5673 2318 5744 Μελχισεδεκιταὶ
2352 5673 2614 5737 λέγοντες·
2647 5671 2709 5720 Τί
2739 5667 2828 5722 οὖν
2849 5672 2997 5721 ἐστιν
3025 5670 3052 5721 ὃ
3079 5671 3223 5737 λέγει
3250 5672 3385 5741 πρὸς
3422 5675 3519 5727 αὑ-

1881 5765 1969 5816 τὸν
1997 5766 2024 5813 6
2050 5763 2253 5830 Πατήρ
2286 5758 2436 5830 [2'20]
2468 5757 2548 5809 Σὺ
2577 5757 2763 5821 ἱερεὺς
2787 5759 2868 5820 είς
2901 5756 3004 5808 τὸν
3028 5757 3206 5809 αἰῶνα
3236 5759 3377 5812 κατὰ
3411 5761 3524 5816 τὴν
