4112 6496
516 438 624 493 261
1284 412 1340 468 S.
1381 409 1662 468 JO.\NNlS
1699 405 2185 466 CHRYSOSTOMI
2221 403 2539 457 AllClllEP.
2582 399 3123 456 CONS'IANTINOP.
3814 421 3939 477 262

506 535 678 598 τάξιν
724 529 1128 599 Μελχισεδέκ;
1172 528 1313 598 Πρὸς
1361 526 1453 588 οὓς
1506 525 1753 594 λέγομεν.
1813 525 1891 574 ὅτι
1928 515 2078 581 οὗτος
2131 521 2158 571 ὁ
2259 518 2346 570 τὸν
2373 516 2630 585 μέλλοντα
2655 513 2940 581 γεννᾶσθαι
2965 516 3027 565 ὲκ
3055 514 3152 580 τῆς
3175 511 3438 599 παρθένου
3463 509 3676 599 Μαρίας
3708 511 3930 599 Ἰησοῦν

506 597 1024 688 Μελχισεδὲκηάνὴρ
1078 597 1280 674 δίκαιος
1339 613 1545 680 γέγονε,
1593 611 1685 662 καὶ
1725 608 1934 676 ἀληθῶς
1976 607 2157 657 εἰκόνα.
2258 602 2348 688 τὸν
2376 601 2624 688 Χριστον,
2655 600 2744 688 τον
2779 599 2904 650 Υἱὸν
2935 599 3036 688 τοῦ.
3063 599 3215 688 Θεοξ)Σ
3260 597 3354 667 βοᾷ
3391 598 3482 649 καὶ
3513 597 3678 688 λέᾼγμει·
3715 598 3800 688 ξὺ
3842 600 3924 688 15-

705 703 795 756 τοῦ
838 683 1092 771 Χριστοῦ.
1127 698 1447 768 Προφητικῷ
1479 697 1653 748 τοίνυν
1687 695 1952 762 πνεύματι
1984 691 2159 744 κινού·
2252 685 2805 753 ρεὺςείςτὸναιῶνα
2821 691 2964 738 κατὰ
2984 684 3093 751 τὴν
3111 683 3752 750 τάξινΜε.ὶχισεδέκ·οὐ
3771 683 3926 734 κατὰ

512 768 687 858 μενος,
721 789 816 857 τὴν
845 768 1136 857 μέλλουσαν
1169 784 1479 853 προσφορὰν
1509 783 1646 852 ὑπὲρ
1678 782 1782 831 τῶν
1807 782 1970 832 ἐθνῶν
1995 796 2160 848 προσ-
2261 774 2357 841 τὴν
2412 771 2636 840 Ἀαρὼν.
2674 771 2767 822 τοῦ
2816 772 2873 823 ὲν
2919 772 3134 840 μόσχοις
3181 773 3272 821 καὶ
3315 771 3505 837 ἄρνασι
3538 768 3923 837 λατρεύοντας·

509 872 824 942 κομίζεσθαι
864 872 1077 941 νοήσας.
1115 869 1262 938 ἄρτῳ
1306 869 1397 919 καὶ
1439 867 1563 937 οἴνῳ
1604 866 1694 916 τὸν
1726 864 1855 916 Θεὸν
1885 864 2154 932 ἐγέραιρε,
2261 860 2413 922 ἀλλὰ,
2451 860 2531 913 Σὺ
2567 861 2756 927 ἱερεὺς
2786 862 2871 924 εἰς
2903 859 3008 912 τὸν
3034 859 3216 912 αἰῶνα
3243 859 3386 911 κατὰ
3417 857 3528 924 τὴν
3558 859 3728 920 τάξιν
3757 862 3931 911 Μελ-

515 957 839 1026 μιμούμενος
869 955 958 1007 τὸν
1000 954 1252 1024 μέλλοντα
1287 953 1534 1022 Χριστόν.
1583 949 1795 1019 Ἐπειδὴ
1821 945 1912 1001 οὖν
1953 951 1984 1016 ἡ
2031 950 2157 1000 Ἰου-
2263 946 2524 1016 χισεδὲκ.
2558 947 2702 1015 ἄρτῳ
2735 947 2825 998 καὶ
2851 947 2976 1014 οἴνῳ
3005 946 3099 1012 τὴν
3125 946 3231 995 τῶν
3258 943 3728 1026 προσκομιζόντων
3756 961 3934 1010 προσο

509 1022 668 1095 δαέων
688 1022 1078 1110 ’συναγωγὴνὲν
1103 1040 1251 1104 τάξει
1277 1040 1367 1091 τοῦ
1411 1036 1616 1107 Ἀαρὼν
1646 1036 1830 1088 Θυσίαν
1857 1036 2156 1103 προσέφερε
2264 1033 2434 1103 φορὰν
2469 1033 2544 1093 εἰς
2563 1034 2621 1084 τὸ
2644 1031 2885 1100 διηνεκὲς
2909 1031 3212 1100 προσάγων.
3241 1032 3316 1080 Δι’
3349 1022 3407 1080 οὗ
3434 1030 3507 1098 τῷ
3535 1030 3703 1098 “arpi.
3733 1031 3764 1098 ἡ
3793 1031 3934 1094 δόξα

513 1128 589 1197 τῷ
623 1129 759 1196 Θεῷ.
789 1130 885 1179 οὐκ
923 1129 1082 1196 ἄρτον
1111 1129 1200 1178 καὶ
1225 1121 1383 1185 οἶνον,
1410 1125 1541 1176 ἀλλὰ
1566 1123 1794 1192 μόσχους
1821 1122 1913 1173 καὶ
1935 1122 2154 1188 ἀμνοὺς,
2266 1120 2359 1172 σὺν
2407 1117 2480 1187 τῷ
2515 1119 2761 1187 παναγὶῳ
2797 1118 3089 1184 Πνεύματι,
3131 1116 3226 1168 νῦν
3270 1117 3360 1168 κᾶὶ
3400 1116 3502 1175 ἀεὶ,
3548 1116 3640 1167 καὶ
3684 1117 3764 1177 εἰς
3796 1118 3936 1180 τοὺς

512 1215 603 1266 καὶ
648 1213 858 1274 Θυσίαις
903 1213 967 1264 δι’
1005 1213 1229 1281 αἵματος
1266 1210 1478 1274 ἐδόξαζε
1513 1210 1600 1262 τὸν
1626 1208 1777 1271 Θεὸν,
1815 1208 1843 1258 ὁ
1867 1206 1994 1269 Θεὸς
2023 1206 2158 1276 πρὸς
2264 1204 2465 1268 αἰῶνας
2501 1203 2605 1258 τῶν
2642 1203 2874 1258 αἰώνων.
2917 1204 3106 1260 ’Λμήιι

2027 2249 2404 2310 MONI'I'UM

679 2475 791 2532 Hae
819 2474 1055 2540 bomilia,
1088 2475 1348 2530 hactenus
1374 2471 1573 2546 ignota,
1607 2474 1806 2529 nullam
1839 2477 1891 2529 in
1925 2485 2034 2530 toto
2063 2479 2424 2547 Chrysnstomi
2468 2495 2691 2547 operum
2723 2481 2951 2534 decursu
2987 2484 3408 2549 praestantiorem
3451 2500 3567 2541 esse
3601 2502 3827 2556 compco

609 2595 807 2660 rimus;
840 2594 951 2649 sive
991 2593 1306 2664 elegantiam
1335 2602 1660 2662 spectemus,
1692 2592 1806 2647 sive
1844 2609 2042 2648 nervos
2072 2605 2126 2646 et
2155 2594 2310 2657 sales,
2343 2594 2455 2647 sive
2487 2594 2587 2647 alia
2622 2608 2804 2646 rerum
2833 2593 3175 2661 documenta,
3215 2613 3333 2666 quae
3379 2600 3444 2654 ad
3485 2617 3660 2657 mores
3689 2620 3823 2673 per-

607 2715 802 2777 tinent,
838 2712 902 2766 ad
931 2712 1347 2766 consuetudines
1368 2713 1778 2775 ecclesiasticas,
1811 2710 2186 2779 praecipueque
2243 2712 2307 2765 ad
2363 2712 2664 2768 historiam.
2701 2711 2917 2765 Annum
2959 2713 3100 2766 enim
3157 2713 3358 2769 indicat
3399 2716 3822 2788 Chrysostomns

608 2829 805 2884 habita:
842 2826 1140 2891 concionis,
1165 2826 1555 2880 hebdomadam
1578 2826 1730 2888 item,
1757 2839 1937 2877 rerum
1970 2834 2236 2894 gestarum
2267 2824 2439 2878 vicem
2472 2834 2526 2878 et
2550 2825 2692 2890 dies;
2733 2825 2805 2878 ita
2848 2834 2909 2880 ut
2955 2841 3060 2880 non
3109 2841 3271 2896 parva
3317 2830 3442 2885 hinc
3479 2847 3699 2891 eruatur
3749 2841 3820 2892 ad

607 2940 772 2995 vitam
804 2938 973 2992 sancti
1002 2938 1236 2992 doctoris
1264 2938 1520 2991 accessio.
1550 2937 1684 2992 Rem
1713 2937 1786 2990 uti
1821 2946 1967 3007 gesta
2001 2946 2084 2990 est
2114 2937 2201 2990 hic
2223 2937 2412 2990 ordine
2445 2935 2752 2992 referimus.

675 3055 830 3105 Anno
859 3052 978 3114 599,
1011 3059 1291 3118 postquam
1314 3065 1476 3103 unum
1504 3050 1612 3118 jam
1637 3065 1834 3102 annum
1859 3049 1911 3101 in
1928 3049 2237 3118 episcopatu
2262 3050 2851 3120 Constantinopolitano
2877 3067 3126 3109 emensus
3156 3065 3269 3110 erat
3293 3057 3724 3128 Chrysoslomus,
3758 3071 3820 3114 nt

611 3166 728 3236 ipse
750 3164 824 3219 ait
849 3164 1006 3228 infra,
1039 3166 1132 3216 καὶ
1157 3165 1264 3233 γὰρ
1305 3163 1544 3215 ἐνιαυτὸν
1574 3161 1680 3230 ἔχω
1708 3161 1892 3216 λοιπὸν
1919 3163 2019 3230 τῆς
2052 3164 2235 3214 πόλεως

2191 3180 2256 3224 ως
2283 3163 2478 3224 ἐπιϐὰς
2509 3163 2608 3230 τῆς
2636 3164 2923 3233 ὑμετέρας,
2977 3166 3252 3220 ordinatus
3281 3184 3473 3238 nempe
3505 3185 3646 3223 anno
3688 3172 3815 3229 398.

606 3287 787 3348 atque,
823 3289 881 3331 ut
903 3278 976 3331 ait
1006 3277 1273 3341 Socrates,
1300 3279 1367 3330 26
1397 3278 1694 3344 Februarii,
1736 3279 1866 3333 feria
1893 3287 2081 3342 quarta
2125 3279 2474 3332 hebdomadas
2506 3289 2726 3345 sanctae,
2778 3299 2897 3352 qua:
2923 3282 3053 3336 feria
3084 3298 3225 3336 anno
3254 3284 3355 3338 599
3390 3284 3660 3338 incidebat
3691 3283 3746 3337 in
3783 3286 3818 3336 (ἱ

605 3396 826 3466 Aprilis,
865 3406 971 3452 tam
1006 3398 1193 3467 ingens
1223 3397 1401 3466 pluvia
1426 3397 1646 3461 decidit,
1679 3405 1738 3450 ut
1763 3407 1939 3451 metus
1973 3408 2132 3463 esset,
2164 3414 2231 3452 ne
2251 3400 2361 3468 agri
2397 3401 2829 3465 devastarentur,
2861 3415 3168 3468 messesque
3193 3415 3380 3454 omnes
3418 3400 3471 3453 in
3517 3400 3812 3469 perniciem

606 3525 843 3572 ruerent.
871 3515 1008 3570 llinc
1036 3531 1241 3583 preces,
1271 3515 1690 3582 supplicationes
1715 3523 1766 3568 et
1799 3514 2075 3576 λιτανεῖαι,
2105 3531 2200 3569 seu
2235 3517 2584 3582 processiones
2605 3556 2618 3580 ,
2653 3517 2907 3585 episcopo
2937 3517 3072 3570 duce
3101 3525 3154 3570 et
3183 3525 3295 3570 toto
3321 3526 3672 3570 concurrente
3714 3533 3817 3585 po-

607 3634 735 3705 pulo
767 3633 830 3688 ad
873 3633 1164 3687 Ecclesiam
1221 3632 1584 3700 apostolorum
1629 3630 2094 3698 Constantinopoli
2143 3631 2565 3685 celeberrimam.
2618 3632 3004 3701 Deprecatores
3053 3632 3278 3685 adhibiti
3329 3642 3453 3685 sunt
3500 3632 3705 3693 Petrus,
3758 3641 3816 3684 et

613 3751 876 3812 Andreas,
908 3750 997 3816 qui
1033 3747 1335 3818 Byzantina:
1366 3746 1616 3802 Ecclesiae
1645 3745 1894 3800 fundator
1935 3744 2254 3810 habebatur,
2300 3745 2496 3800 Paulus
2526 3746 2650 3800 item
2683 3754 2737 3800 et
2767 3741 3082 3799 Timotheus
3110 3747 3173 3799 ad
3229 3743 3539 3813 placandam
3571 3742 3819 3797 Numinis

605 3864 740 3918 iram
771 3863 1004 3916 invocati
1039 3871 1181 3915 sunt.
1233 3860 1357 3914 Post
1398 3861 1511 3914 hare
1562 3861 1730 3914 imbre
1769 3868 2035 3922 cessante,
2081 3860 2307 3913 necdum
2338 3860 2544 3913 sublata
2577 3859 2883 3922 formidine,
2919 3859 3140 3924 trajecto
3190 3857 3416 3910 navibus
3446 3855 3701 3924 Bosporo,
3749 3855 3819 3908 ad

606 3975 901 4028 Ecclesiam
935 3973 1036 4025 SS.
1070 3973 1210 4027 Petri
1246 3983 1299 4025 et
1325 3972 1492 4035 Pauli,
1527 3974 1577 4025 in
1624 3975 1866 4041 opposita
1918 3974 2081 4026 maris
2111 3989 2201 4026 ora
2232 3975 2411 4038 sitam,
2445 3989 2565 4028 cum
2590 3975 2841 4044 episcopo
2871 3982 3014 4027 totus
3049 3983 3218 4027 costus
3263 3973 3515 4026 occurrit.
3542 3972 3655 4025 Hoc
3688 3986 3820 4040 per-

605 4083 777 4138 functi
831 4083 1072 4152 periculo
1127 4083 1702 4151 ConstantinOpolitani
1761 4083 2021 4152 plerique,
2084 4099 2188 4136 una

2244 4092 2450 4138 tantum
2513 4085 2832 4155 interposita
2892 4085 3009 4148 die,
3076 4086 3203 4152 μιᾶς
3267 4084 3466 4153 μεταξὺ
3519 4085 3817 4153 γενομένης

604 4197 836 4270 ἡμέρας,
874 4213 992 4266 qua:
1016 4198 1130 4250 dies
1156 4205 1271 4250 erat
1303 4197 1434 4250 feria
1469 4196 1508 4249 V
1555 4197 1607 4250 in
1642 4198 1804 4251 Coena
1837 4195 2067 4260 Domini,
2104 4212 2223 4250 cum
2257 4197 2311 4250 in
2359 4195 2651 4252 Parasceve
2699 4198 2807 4252 ludi
2853 4207 3128 4267 equestres
3162 4200 3507 4269 agitarentur,
3559 4200 3816 4253 transacti

603 4316 831 4389 periculi
862 4315 1225 4377 immemores,
1270 4317 1403 4368 nihil
1458 4325 1711 4368 curantes
1759 4315 1899 4368 diem
1926 4315 2066 4366 illam
2094 4328 2320 4378 sacram,
2369 4315 2420 4367 in
2466 4330 2570 4383 qua
2616 4330 2713 4382 pro
2759 4315 2906 4369 orbis
2943 4315 3113 4370 salute
3138 4315 3384 4369 Christus
3430 4315 3574 4369 cruci
3623 4315 3814 4370 affixus

605 4423 728 4488 fuit,
770 4425 837 4479 ad
882 4426 984 4479 hoc
1016 4427 1378 4496 spectaculum
1411 4437 1779 4492 accurrerunt,
1822 4436 2096 4496 totamque
2142 4428 2330 4480 urbem
2379 4428 2664 4480 inconditis
2695 4428 3018 4481 clamoribus
3064 4430 3422 4497 repleverunt,
3464 4401 3679 4484 interim
3721 4431 3812 4483 in-

607 4541 939 4610 gemiscente
967 4542 1217 4610 domique
1240 4540 1460 4595 sedente
1483 4539 1887 4609 Chrysostomo.
1917 4540 2103 4608 Neque
2130 4538 2258 4592 satis
2283 4539 2520 4592 habuere
2563 4538 2654 4598 illi,
2694 4539 2834 4608 quod
2877 4539 3017 4593 diem
3056 4549 3295 4595 sanctam
3325 4541 3645 4596 Parasceves
3687 4557 3816 4611 pro-

601 4658 742 4712 fanis
771 4658 1088 4726 spectaculis
1122 4658 1601 4721 dehonestassent;
1636 4657 1720 4710 die
1744 4658 1900 4711 etiam
1941 4657 2275 4725 insequente,
2328 4671 2447 4724 qua:
2477 4665 2591 4709 erat
2623 4654 2918 4710 Sabbatum
2952 4666 3216 4720 sanetum,
3248 4658 3313 4711 ad
3343 4658 3626 4714 theatrales
3657 4661 3817 4718 ludos

603 4788 662 4827 se
693 4773 1058 4841 contulerunt,
1108 4773 1199 4827 ubi
1224 4772 1524 4826 meretricia
1560 4781 1713 4826 erant
1756 4771 2078 4840 spectacula,
2103 4786 2220 4839 quae
2249 4770 2556 4840 singulatim
2596 4779 2650 4823 et
2683 4769 2892 4841 egregie
2918 4772 3156 4842 depingit
3184 4773 3614 4844 Chrysostomus,
3644 4773 3810 4844 inque

602 4887 1039 4960 praevaricatores
1093 4885 1401 4953 huiusmodi
1452 4885 1682 4953 graviter
1729 4883 2021 4946 invehitur,
2079 4883 2401 4952 demumque
2435 4882 2489 4935 in
2522 4881 2639 4934 illos
2687 4883 3259 4940 cxcommunicationis
3301 4888 3627 4941 sententiam
3678 4903 3813 4956 pro-

602 5007 831 5061 nunﬁnL

676 5121 773 5175 ilic
802 5117 1149 5189 quaerendum
1174 5117 1431 5174 incumbit
1460 5133 1527 5171 an
1554 5133 1678 5170 vere
1708 5126 1763 5170 et
1796 5132 1856 5170 cx
1895 5117 2077 5170 animo
2111 5118 2433 5171 sententiam
2489 5119 2627 5172 illam
2681 5119 2966 5188 protulerit
3015 5118 3449 5188 Chrysostomus,
3492 5135 3557 5172 an
3584 5119 3815 5172 commi-

604 5235 781 5288 nantis
817 5233 963 5304 [27f]
999 5233 1169 5287 solum
1212 5247 1381 5285 more.
1428 5232 1481 5284 Si
1518 5232 1678 5286 verba
1712 5239 1940 5300 spectes,
1974 5231 2458 5285 excommtuuCatio
2499 5231 2585 5284 illa
2611 5246 2669 5285 re
2712 5246 2775 5284 ac
2817 5245 2944 5285 vere
2981 5230 3198 5284 inducta
3228 5229 3488 5283 videatur.
3521 5231 3816 5297 Postquam

608 5349 747 5401 cnim
767 5347 990 5413 dixerat,
1034 5348 1139 5417 Age
1169 5348 1440 5402 sectionem
1488 5348 1792 5418 inferamus,
1825 5357 1952 5414 etc.,
1985 5349 2077 5413 ait,
2113 5348 2232 5400 ὲκδσ

2193 5346 2564 5402 Ξαλλέσθωσαν
2597 5352 2771 5402 τοίνυν
2819 5350 2868 5401 ol
2904 5348 3152 5416 τοιοῦτοι,
3203 5348 3498 5416 Ejiciantur
3538 5364 3658 5419 ergo
3711 5352 3817 5402 Im-
