4112 6544
244 503 348 557 261

247 618 366 670 est,
396 602 704 675 gmcalogia
738 609 911 655 tamen
941 597 1169 653 ducitur.
1202 594 1310 650 Sed
1335 593 1584 664 quoniam
1615 587 1832 644 Melchi-

250 698 409 753 sedcc
432 708 587 767 typus
606 704 719 749 erat
740 692 967 757 Domini,
1001 700 1054 746 et
1080 689 1364 759 imaginem
1393 685 1595 741 ferebat
1614 679 1831 745 Christi,

251 784 699 853 quemadmodum
726 792 778 837 et
808 781 969 836 Jonas
993 819 1008 846 ,
1039 779 1157 834 ideo
1193 777 1462 846 Scriptura
1491 775 1604 842 ejus
1630 780 1834 840 patrem

253 877 438 939 tacuit,
467 884 522 928 ut
552 876 603 928 in
630 874 740 940 illo,
772 883 1038 942 tamquam
1068 870 1123 924 in
1153 869 1398 938 imagine,
1427 866 1718 928 Christum,
1745 860 1833 931 qui

252 983 380 1022 vere
421 968 538 1022 sine
579 975 726 1036 patre
768 974 821 1018 et
865 963 980 1018 sine
1024 961 1331 1033 genealogia
1370 966 1486 1020 est,
1511 957 1830 1010 intueamur.

253 1056 368 1110 lioc
399 1057 556 1110 etiam
589 1055 739 1109 nobis
765 1053 1021 1122 objiciunt
1062 1047 1498 1104 Melchisedecitre
1522 1063 1533 1098 :
1557 1045 1691 1110 Quid
1731 1041 1833 1097 sibi

251 1147 365 1201 vnit
410 1162 536 1215 ergo
581 1146 631 1199 id
666 1144 803 1215 quod
843 1143 970 1198 dicit
997 1142 1045 1198 ei
1093 1142 1268 1203 Pater,
1314 1138 1388 1192 Tu
1431 1155 1481 1192 es
1508 1136 1738 1192 sacerdos
1780 1135 1833 1186 in

251 1249 495 1290 atternnm
524 1236 795 1289 secundum
825 1234 1052 1288 ordinem
1081 1231 1412 1285 Melcltisedec
1439 1228 1555 1298 (Ps.
1591 1227 1710 1281 109.
1735 1224 1832 1293 4)?

250 1329 456 1393 Quibus
501 1326 923 1395 respondemus,
968 1320 1410 1377 Melchisedecum
1459 1317 1626 1371 virum
1672 1314 1832 1368 fuisse

249 1417 449 1486 justum
473 1457 486 1479 ,
517 1426 570 1469 et
600 1429 724 1470 vere
752 1413 1029 1483 imaginem
1069 1411 1251 1464 tulisse
1291 1409 1505 1463 Christi.
1540 1408 1628 1460 Ille
1655 1406 1832 1473 itaque

253 1507 568 1575 prophetico
612 1507 796 1574 spiritu
837 1513 1013 1557 motus
1039 1545 1053 1569 ,
1081 1501 1310 1554 futuram
1359 1498 1680 1551 oblationem
1737 1508 1832 1563 pro

250 1598 499 1666 gentibus
528 1594 904 1666 proferentium
934 1593 1252 1661 intelligens.
1289 1605 1419 1660 pane
1442 1598 1494 1643 ct
1521 1591 1642 1642 vino
1669 1589 1829 1640 Deum

1142 491 1419 551 CONTRE
1456 483 1679 546 LUDOS
1712 482 1804 539 ET
1843 479 2611 542 THEATRA.—MONITUM.

3394 484 3506 540 262

1937 586 2236 643 Judaeorum
2267 603 2531 660 synagoga
2565 598 2853 645 secundum
2881 603 3120 646 ordinem
3163 592 3386 647 Aaronis
3415 594 3509 647 ho-

1938 677 2092 732 stiam
2120 677 2373 734 oii'ercbat
2399 679 2528 747 Deo,
2549 695 2652 735 non
2683 695 2870 750 panem
2897 691 2950 736 et
2971 682 3172 749 vinum,
3192 683 3286 738 sed
3313 685 3508 740 vitulos

1938 777 1992 822 et
2022 783 2217 836 agnos.
2251 777 2305 824 et
2349 771 2580 826 cruentis
2621 773 2892 827 sacrificiis
2920 774 3141 843 gloriam
3177 775 3285 830 Deo
3312 779 3514 830 refere-

1936 862 2044 925 bat,
2076 863 2211 916 Deus
2236 860 2301 915 ad
2328 877 2446 916 eum
2463 864 2548 932 qui
2571 878 2637 917 ex
2656 864 2860 933 virgine
2883 864 3040 918 Maria
3059 867 3352 921 nasciturus
3370 877 3506 931 erat,

1937 951 2119 1006 Jesum
2149 951 2413 1006 Christum
2445 952 2634 1007 Filium
2676 955 2769 1008 Dei
2790 996 2804 1019 ,
2831 955 3024 1009 clamat
3051 965 3105 1010 et
3146 957 3272 1010 dicit
3305 977 3318 1012 :
3352 957 3427 1010 Tu
3459 973 3510 1010 es

1937 1045 2166 1098 sacerdos
2211 1044 2264 1097 in
2303 1055 2546 1098 ceternum
2587 1048 2856 1100 secundum
2889 1049 3114 1102 ordinem
3149 1048 3507 1112 Melchisedec;

1937 1151 2043 1190 non
2070 1134 2358 1190 secundum
2403 1135 2643 1191 ordinem
2688 1138 2930 1201 Aarouis,
2967 1140 3052 1207 qui
3080 1139 3257 1193 vitulis
3279 1148 3330 1193 et
3361 1139 3510 1208 agnis

1938 1228 2047 1282 Deo
2070 1227 2268 1281 cultum
2295 1225 2557 1281 referebat
2583 1245 2596 1292 ;
2630 1227 2743 1290 sed,
2775 1226 2849 1280 Tu
2869 1244 2919 1280 es
2948 1229 3180 1281 sacerdos
3197 1229 3246 1281 in
3267 1238 3509 1282 a’ternum

1935 1318 2205 1372 secundum
2232 1318 2455 1380 ordinem
2485 1317 2815 1372 Melc/risedec
2839 1360 2853 1382 ,
2884 1334 3016 1388 pane
3046 1328 3100 1373 et
3129 1321 3249 1373 vino
3287 1320 3512 1373 aii'crcn-

1937 1410 2064 1465 tium
2095 1426 2278 1465 eorum
2303 1416 2551 1479 perpetua
2581 1425 2797 1464 munera
2825 1410 2930 1463 Deo
2954 1409 3201 1465 oil‘erens.
3226 1410 3327 1464 Per
3354 1424 3511 1478 quem

1937 1503 2080 1557 Patri
2105 1505 2269 1572 gloria
2293 1519 2412 1557 cum
2437 1504 2769 1556 sanctissimo
2798 1503 3013 1571 Spiritu,
3043 1519 3180 1558 nunc
3200 1514 3253 1557 ct
3277 1519 3508 1572 semper,

1936 1603 1989 1648 et
2019 1594 2069 1647 in
2099 1594 2290 1648 swcuia
2321 1593 2656 1647 smcuiorum.
2681 1595 2872 1646 Amen.

252 1687 434 1751 eoiuit,
471 1685 746 1742 Christum
776 1695 1052 1741 venturum
1092 1684 1344 1737 imitatus.
1375 1682 1634 1750 Quoniam
1675 1679 1832 1750 igitur

1323 2277 1429 2335 AD
1485 2276 1890 2336 'HOMiLIAM
1937 2272 2431 2348 SEQUENTEM.

247 2509 488 2578 jusmodi
511 2509 778 2571 homines;
821 2514 877 2560 ut
904 2513 1084 2560 autem
1128 2504 1386 2574 probetur
1423 2503 1599 2572 ipsum
1630 2518 1694 2557 ex
1732 2501 1914 2556 animo
1947 2510 2002 2555 et
2045 2501 2254 2554 sincere
2285 2499 2399 2553 haec
2422 2499 2670 2564 edixisse,
2700 2502 2884 2570 paucis
2929 2501 3220 2569 interiectis
3249 2501 3327 2554 sic
3363 2503 3436 2555 ait
3467 2516 3481 2552 :

260 2623 321 2678 Si
367 2642 487 2678 vero
540 2624 909 2692 perhorruistis
963 2623 1097 2675 hanc
1154 2621 1421 2673 audientes
1466 2619 1778 2672 sententiam
1833 2617 1999 2688 (video
2047 2633 2268 2686 namque
2333 2633 2505 2671 omnes
2557 2617 2940 2688 ingemiscentes
2990 2629 3037 2671 et
3091 2619 3476 2688 compunctos),

262 2746 601 2811 resipiscam,
654 2752 702 2796 et
753 2743 1006 2795 sententia
1057 2740 1226 2794 soluta
1281 2749 1374 2803 est,
1419 2737 1831 2808 μεταϐαλλέσθω

1937 2754 1958 2800 υ,
2002 2737 2094 2789 καὶ
2128 2736 2338 2789 λέλυται
2369 2736 2435 2788 τὰ
2467 2737 2564 2806 τῆς
2611 2738 2952 2804 ἀποφάσεως.
2991 2736 3121 2801 Quae
3163 2737 3324 2790 verba
3358 2751 3488 2789 sen-

264 2856 494 2911 tentiam
519 2868 644 2908 vere
675 2856 937 2922 prolatam
968 2865 1078 2920 prae
1109 2865 1166 2903 se
1200 2847 1341 2902 ferre
1367 2847 1638 2900 videntur.
1683 2846 1751 2899 At
1809 2853 1939 2914 puto
1973 2845 2084 2898 haec
2133 2853 2340 2898 tantum
2369 2847 2728 2900 comminandi
2758 2847 2938 2902 animo
2968 2849 3035 2901 ab
3077 2848 3315 2902 antistite
3344 2849 3487 2902 dicta

268 2967 460 3033 fuisse,
494 2983 597 3022 nec
623 2968 725 3021 nisi
771 2982 952 3035 parem
997 2965 1048 3017 in
1080 2963 1288 3034 cuipam
1323 2963 1503 3016 denuo
1530 2962 1706 3030 lapsos
1739 2975 1851 3026 eos,
1903 2959 1993 3028 qui
2030 2960 2096 3013 ad
2131 2960 2433 3016 spectacula
2469 2970 2835 3024 accnrrerant,
2870 2963 3476 3016 excommunicationem

268 3082 458 3135 subire
487 3081 740 3136 voluisse.

349 3191 500 3246 Aliud
536 3193 920 3262 explorandum
960 3192 1299 3262 proponitur,
1349 3206 1455 3260 quo
1484 3205 1679 3258 nempe
1716 3189 1801 3244 die
1848 3189 1996 3243 hanc
2049 3187 2366 3243 concionem
2399 3189 2649 3243 habuerit
2697 3189 3108 3258 Chrysostomus
3144 3209 3156 3242 :
3209 3206 3293 3244 res
3339 3193 3484 3244 enim

269 3303 586 3358 difficultate
617 3320 724 3358 non
782 3320 972 3359 vacare
1003 3304 1229 3358 videtur.
1278 3303 1337 3358 in
1379 3305 1480 3357 hac
1509 3303 1767 3357 concione
1793 3317 1831 3356 e:

1937 3302 2058 3368 lait,
2112 3301 2214 3372 πρὸ
2261 3300 2427 3370 τριῶν
2479 3301 2697 3372 ἡμερῶν
2744 3304 3035 3373 ιέπομϐρία²
3068 3313 3189 3357 ante
3226 3315 3327 3357 tres
3365 3306 3474 3358 dies

264 3415 445 3467 imber
472 3417 670 3484 iugem.
712 3414 884 3470 imber
907 3423 1087 3469 autem
1118 3415 1205 3469 ille
1229 3413 1426 3469 decidit
1475 3414 1608 3468 feria
1656 3422 1844 3482 quarta
1877 3411 2238 3467 iiebdomadis
2286 3421 2505 3478 sanctae,
2564 3413 2752 3482 quinta
2802 3415 2934 3468 feria
2979 3416 3031 3468 in
3069 3415 3232 3470 Coena
3277 3417 3487 3471 Domini

270 3529 415 3584 nihil
462 3539 790 3582 memoratur
853 3528 1131 3594 incidisse,
1159 3529 1215 3582 in
1242 3528 1538 3585 Parasceve
1577 3529 1687 3583 ludi
1723 3537 2003 3598 equestres
2054 3530 2254 3582 multos
2301 3537 2636 3595 averterunt,
2683 3528 2915 3584 Sabbato
2957 3531 3115 3584 iidem
3156 3533 3487 3586 theatrorum

271 3641 586 3710 spectacula
617 3640 886 3695 adierunt.
920 3640 1056 3696 Hinc
1076 3657 1203 3696 vero
1225 3644 1377 3712 sequi
1406 3644 1620 3698 videtur
1642 3645 1782 3697 hanc
1805 3643 2088 3697 Homiliam
2116 3644 2231 3712 ipso
2250 3643 2337 3696 die
2367 3650 2552 3696 sancto
2589 3642 2808 3695 Pascha
2839 3643 3072 3695 habitam
3100 3642 3298 3708 fuisse;
3348 3644 3490 3698 inter

271 3769 440 3824 quem
471 3765 523 3808 et
552 3754 735 3808 feriam
760 3764 1004 3823 quartam
1031 3757 1429 3825 praecedentem
1454 3767 1597 3811 retro
1626 3759 1980 3822 numerando,
2032 3767 2140 3810 tres
2169 3756 2575 3810 intercedebant
2614 3757 2727 3811 dies
2755 3758 2896 3826 pleni
2934 3767 2989 3812 et
3027 3761 3238 3831 integri,
3283 3761 3457 3814 Sabba

271 3879 418 3931 tum,
445 3867 738 3922 Parasccve
768 3879 820 3922 et
848 3870 978 3923 feria
1013 3872 1217 3939 quinta.
1245 3870 1348 3926 Sed
1389 3872 1432 3926 si
1464 3872 1548 3925 die
1576 3873 1792 3926 Pascha:
1815 3873 1993 3926 habita
2019 3872 2206 3927 concio
2234 3871 2354 3937 fuit,
2398 3889 2493 3927 cur
2513 3877 2529 3895 θ
2569 3889 2636 3926 ne
2685 3874 2909 3927 verbum
2943 3875 3158 3944 quidem
3202 3877 3267 3929 de
3306 3892 3489 3930 resur-

269 3985 522 4038 rectione
555 3985 759 4037 Domini
795 3984 848 4038 in
897 3993 1005 4038 tota
1043 3985 1259 4039 homiiia
1294 3986 1556 4040 habetur?
1601 3987 1731 4039 Nam
1774 3987 1875 4040 etsi
1917 3986 2022 4041 dici
2057 3987 2286 4041 fortasse
2333 3987 2502 4055 possit
2545 3985 2985 4057 Chrysostomum
3033 3991 3119 4042 illa
3155 3991 3259 4053 die,
3311 4000 3367 4042 ut
3406 3991 3489 4042 in-

269 4100 649 4168 dignationem
676 4115 825 4153 suam
857 4100 909 4153 in
937 4115 1048 4160 eos.
1080 4100 1170 4169 qui
1201 4100 1410 4154 theatra
1457 4100 1645 4154 diebus
1674 4101 1872 4154 sanctis
1902 4101 2162 4164 adierant,
2206 4107 2542 4162 exoneraret,
2579 4101 2893 4153 concionem
2929 4102 3196 4166 habuisse,
3247 4105 3488 4173 nihilque

268 4214 426 4269 aliud
467 4216 745 4283 cngitasse,
779 4231 844 4268 an
876 4216 1054 4270 decuit
1085 4215 1138 4268 in
1168 4216 1254 4269 die
1309 4223 1496 4269 sancto
1538 4217 1756 4269 Pascha:
1798 4217 1937 4268 nihil
1985 4215 2205 4268 omnino
2240 4214 2306 4267 de
2360 4223 2507 4268 tanta
2554 4215 2884 4282 celebritate,
2927 4231 2994 4270 ne
3025 4217 3246 4286 carptim
3297 4218 3485 4271 saltem

266 4331 462 4398 loqui?
495 4329 548 4383 Si
579 4345 706 4384 vero
736 4331 790 4383 in
830 4341 1142 4400 sequentem
1175 4331 1315 4384 diem
1348 4330 1631 4383 ilomiiiam
1683 4331 1977 4394 mittamus,
2021 4331 2121 4384 alia
2151 4338 2401 4400 exsurget
2447 4330 2730 4385 difficultas
2764 4349 2775 4384 :
2809 4345 2918 4384 non
2969 4331 3112 4384 enim
3142 4340 3250 4384 trcs
3278 4341 3483 4384 tantum

267 4450 419 4512 dies,
453 4449 544 4502 sed
585 4461 811 4518 quatuor
839 4449 982 4518 pleni
1009 4457 1059 4502 et
1093 4448 1307 4518 integri,
1341 4448 1710 4513 intercedant;
1765 4465 1951 4504 verum
1997 4449 2224 4503 fortasse
2263 4449 2678 4520 Chrysostomus
2703 4459 2812 4504 tres
2830 4450 3022 4504 dixerit
3059 4451 3175 4504 dies
3204 4466 3310 4502 non
3355 4466 3484 4518 snp-

269 4563 538 4634 putando,
593 4565 686 4619 sed
713 4564 927 4618 circiter
959 4573 1166 4633 tempus
1196 4564 1538 4634 assignando,
1587 4565 1731 4632 quod
1763 4565 1904 4634 apud
1936 4564 2109 4633 ipsum
2151 4580 2258 4619 non
2298 4566 2571 4622 insolitum
2606 4575 2705 4620 est.
2740 4563 2892 4629 Rem,
2933 4564 3166 4632 alioquin
3210 4580 3317 4617 non
3353 4565 3485 4618 tanti

268 4677 562 4739 momenti,
591 4675 805 4728 dubiam
844 4675 1212 4743 relinquimus.

349 4879 358 4891 ·’
395 4889 412 4920 ‹
437 4874 569 4922 Hanc
591 4871 928 4922 difﬁcultatem
971 4871 1114 4921 facile
1156 4869 1393 4932 expedire
1419 4867 1556 4929 licet,
1595 4870 1737 4917 modo
1775 4876 1921 4920 antea
1944 4878 2130 4921 eertum
2157 4870 2238 4929 sit,
2265 4872 2390 4919 hanc
2424 4871 2672 4920 homiiiam
2718 4871 2929 4920 habitam
2957 4887 3068 4920 esse
3095 4875 3172 4922 die
3212 4875 3480 4923 Paschatis.

270 4959 363 5013 Uti
399 4964 528 5008 enim
556 4961 928 5019 Chrysostomus
964 4960 1222 5020 presbyter
1247 4955 1503 5006 multotics
1529 4965 1636 5017 post
1659 4956 1942 5018 episcopum
1987 4963 2040 5005 et
2076 4959 2195 5005 alios
2218 4957 2392 5004 eodem
2412 4959 2492 5004 die
2524 4971 2578 5005 ac
2603 4957 2830 5005 continuo
2852 4957 2900 5005 in
2929 4958 3137 5006 ecclesia
3174 4958 3341 5006 habuit
3366 4972 3485 5005 con-

265 5051 482 5102 cionem,
509 5045 557 5091 id
578 5042 708 5102 quod
734 5054 793 5089 ex
821 5046 926 5102 ejus
959 5040 1268 5090 sermonibus
1293 5045 1493 5101 apparet
1517 5054 1527 5086 :
1554 5040 1619 5086 ita
1651 5040 1741 5086 hoc
1765 5037 1912 5086 etiam
1935 5040 2017 5087 die
2038 5041 2164 5087 alius
2184 5047 2294 5099 post
2320 5052 2432 5086 cum
2455 5036 2758 5100 episcopum,
2779 5045 2882 5089 sive
2910 5043 3184 5102 presbyter,
3214 5045 3314 5088 sive
3338 5043 3483 5099 aius,

264 5129 540 5181 orationem
582 5129 646 5176 de
686 5125 869 5173 Pascha
893 5123 1075 5172 habere
1099 5125 1279 5184 potuit,
1310 5129 1562 5183 postquam
1601 5125 1706 5180 ipse
1732 5119 1946 5180 graviter
1968 5125 2137 5168 contra
2179 5122 2451 5181 Spectacula
2478 5126 2528 5168 et
2569 5122 2756 5168 theatra
2784 5123 3092 5183 disputasset.
3133 5123 3300 5170 Habeo
3325 5122 3374 5171 in
3399 5125 3487 5172 ha:

263 5225 323 5261 re
352 5208 756 5261 consentientem
786 5208 942 5266 ipsum
968 5201 1407 5252 Montet'aicouium.
1435 5199 1558 5249 Vide
1586 5207 1698 5248 tom.
1728 5201 1783 5256 V,
1811 5215 1856 5260 p.
1887 5200 1990 5259 118,
2018 5199 2154 5248 not.b
2188 5236 2199 5247 .
2229 5215 2246 5246 ›
2276 5201 2388 5249 llaec
2424 5201 2505 5250 Ch.
2535 5202 2612 5250 ii‘r.
2649 5203 2856 5250 Matthaci
2895 5206 2939 5250 in
2967 5205 3090 5251 libro
3122 5204 3204 5265 qui
3230 5210 3486 5267 inscriptus

262 5301 369 5344 est:
396 5296 450 5343 J.
479 5285 813 5356 Chrysostomi
837 5282 1062 5338 Homitiae
1082 5284 1163 5348 IV,
1188 5285 1283 5335 vol.
1310 5285 1355 5346 2,
1381 5297 1427 5347 p.
1453 5285 1529 5345 77,
1560 5283 1775 5344 Miserae,
1812 5283 1942 5331 1792.
1973 5282 2158 5342 Quibus
2179 5283 2300 5332 adde
2324 5283 2487 5332 iiiontl‘.
2523 5286 2660 5334 Praef.
2691 5284 2805 5335 tomi
2829 5288 2989 5348 hujus,
3018 5287 3054 5349 ξι
3072 5288 3132 5349 ΙΙ,
3157 5292 3480 5351 eumdemth

256 5392 368 5437 tom.
399 5380 512 5444 xu,
539 5394 591 5442 ι).
615 5375 730 5425 521.
