4062 6476
413 421 524 476 265

405 526 495 578 καὶ
537 520 640 591 πρὸ
677 520 784 572 τῶν
812 513 1098 585 ὀφθαλμῶν
1124 513 1230 564 τῶν
1253 511 1528 581 ὑμετέρων
1555 507 1781 560 τιθέναι.
1813 506 1932 566 Πῶς
1962 504 2052 555 δυ-

406 621 674 692 νησόμεθα
693 619 781 670 τὸν
803 617 932 669 Θεὸν
956 613 1138 666 λοιπὸν
1165 611 1290 663 ἵλεω
1317 609 1569 677 ποιῆσαι;
1597 605 1714 667 πῶς
1735 601 2059 665 καταλλάξαι

403 720 780 792 όργιζόμενον;
831 713 940 785 Πρὸ
987 710 1150 782 τριῶν
1200 705 1417 780 ήμερῶν
1465 703 1735 774 ἐπομϐρία
1786 699 1879 753 καὶ
1911 699 2062 760 ὑετὸς

408 821 810 891 κατερρήγνυτο
845 815 1018 868 πάντα
1045 809 1393 882 παρασύρων,
1426 806 1517 860 ἀπ’
1545 802 1707 857 αὑτοῦ
1735 801 1825 855 τοῦ
1863 800 2061 870 στόμα-

406 940 495 984 τος
516 934 567 981 α,
602 919 672 980 ὡς
710 917 903 977 εἰπεῖν,
938 913 1034 982 τὴν
1069 911 1344 980 τράπεζαν
1377 909 1484 960 τῶν
1521 905 1769 976 γηπόνων
1809 899 2063 972 ἀφαρπά-

410 1021 536 1084 ζων,
561 1016 794 1085 στάχυας
820 1011 1101 1081 κομῶντας
1133 1007 1484 1067 κατακλίνων,
1517 1004 1584 1056 τά
1603 1002 1736 1055 ἄλλα
1760 1000 1972 1053 ἅπαντα
1996 998 2060 1065 τῇ

411 1118 689 1186 πλεονεξία
721 1116 817 1182 τῆς
859 1113 1028 1182 ὑγρᾶς
1066 1109 1392 1176 κατασήπων
1430 1104 1633 1164 οὐσίας’
1670 1101 1930 1152 λιτανεῖαι
1973 1096 2066 1148 καὶ

414 1219 702 1288 ίκετηρίαι,
725 1215 818 1268 καὶ
853 1214 1000 1265 πᾶσα
1030 1209 1181 1279 ήμῶν
1211 1209 1244 1277 ή
1280 1207 1430 1265 πόλις
1458 1206 1641 1273 ὥσπερ
1662 1202 1955 1271 χείμαρρος
1978 1201 2068 1250 ἐπὶ

413 1321 536 1380 τοὺς
583 1317 780 1376 τόπους
832 1312 938 1364 τῶν
994 1307 1299 1362 ἀποστόλων
1351 1305 1557 1373 ἔτρεχε,
1593 1302 1686 1354 καὶ
1742 1301 2068 1369 συνηγόρους

416 1415 784 1486 ἐλαμϐάνομεν
818 1411 907 1463 τὸν
955 1411 1106 1477 ἇγιον
1149 1409 1350 1476 Πέτρον
1389 1406 1480 1457 καὶ
1514 1405 1602 1456 τὸν
1645 1403 1908 1472 μακάριον
1951 1403 2070 1453 Ἀν-

416 1518 597 1589 δρέαν,
629 1516 723 1584 τὴν
749 1512 1010 1584 ξυνωρίδα
1041 1510 1146 1562 τῶν
1171 1508 1479 1561 ἀποστόλων
1509 1506 1559 1567 δ,
1593 1504 1802 1556 Παῦλον
1849 1503 1941 1554 καί
1982 1503 2072 1553 Τι-

423 1615 630 1687 μόθεον.
670 1613 802 1665 Μετ’
828 1612 1029 1669 ἐκεῖνα,
1058 1609 1152 1676 τῆς
1199 1607 1367 1676 ὀργῆς
1407 1604 1676 1674 λυθείσης,
1707 1603 1798 1655 καὶ
1843 1601 2072 1668 πέλαγος

422 1712 773 1782 περάσαντες,
814 1708 905 1760 καὶ
943 1706 1199 1774 κυμάτων
1238 1701 1761 1769 κατατολμήσαντες,
1804 1698 1894 1748 ἐπὶ
1951 1697 2074 1757 τοὺς

422 1809 746 1881 κορυφαίους
775 1807 1082 1875 ἐτρέχομεν,
1115 1802 1204 1853 τὸν
1233 1800 1434 1868 Πέτρον
1462 1798 1559 1866 τὴν
1597 1796 1830 1866 κρηπῖδα
1862 1794 1955 1862 τῆς
1988 1791 2076 1842 πί-

424 1927 612 1972 στεως,
644 1909 732 1960 τὸν
771 1905 977 1960 Παῦλον
1019 1903 1078 1955 τὸ
1127 1901 1316 1962 σκεῦος
1355 1899 1453 1968 τῆς
1493 1897 1736 1967 ἐκλογῆς,
1775 1896 2076 1964 πανήγυριν

423 2008 790 2068 ἐπιτελοῦντες
843 2003 1232 2072 πνευματικὴν,
1273 2001 1366 2053 καὶ
1419 2010 1440 2037 ο
1489 1999 1614 2060 τοὺς
1665 1996 1856 2057 ἄθλους
1899 1992 2078 2046 αὐτῶν

424 2106 903 2178 ἁνακηρύττοντες,
945 2103 1013 2154 τὰ
1053 2101 1287 2172 τρόπαια
1330 2099 1424 2152 καὶ
1466 2098 1564 2159 τὰς
1612 2097 1764 2158 νίκας
1804 2093 1898 2155 τὰς
1941 2090 2080 2144 κατά

424 2212 530 2265 τῶν
589 2206 876 2276 δαιμόνων.
929 2202 1038 2256 Καὶ
1092 2200 1215 2252 οὔτε
1255 2199 1333 2268 τῷ
1373 2198 1520 2267 φόϐῳ
1564 2197 1670 2248 τῶν
1716 2193 2007 2263 γινομένων
2051 2189 2078 2228 ἀ

427 2305 882 2373 καταπλαγέντες,
909 2301 1029 2354 οὕτε
1053 2302 1129 2370 τῷ
1161 2299 1378 2370 μεγέθει
1394 2299 1498 2350 τῶν
1515 2293 1948 2365 κατορθωμάτων
1974 2290 2080 2343 τῶν

425 2405 794 2463 ἀποστολικῶν
828 2414 851 2442 ο
887 2399 1282 2463 παιδευθέντες,
1321 2397 1510 2467 ἀθρόον
1541 2394 1682 2447 οὕτω
1721 2395 1848 2462 μιᾶς
1881 2389 2081 2460 μεταξὺ

427 2506 721 2576 γενομένης
747 2501 977 2571 ἡμέρας,
1008 2500 1232 2567 σκιρτᾷς
1249 2498 1341 2550 καὶ
1369 2496 1514 2565 βοᾷς,
1545 2495 1643 2563 τὴν
1676 2491 1870 2546 ἐαυτοῦ
1908 2490 2083 2559 ψυχὴν

428 2603 768 2677 αἰχμάλωτον
793 2599 896 2651 ὑπὸ
926 2597 1033 2649 τῶν
1073 2597 1258 2649 παθῶν
1299 2614 1373 2647 πα
1385 2595 1754 2664 ρασυρομένην
1780 2589 2042 2660 περιορῶν
2067 2604 2080 2651 ;

429 2705 491 2757 Ei
545 2701 601 2753 δέ
650 2697 868 2752 ἐϐούλου
918 2693 1114 2764 δρόμον
1162 2692 1369 2758 ἀλόγων
1407 2692 1558 2759 όρᾷν,
1597 2690 1736 2750 τίνος
1773 2689 1955 2741 ἕνεκεν
1987 2687 2086 2738 ούκ

429 2798 652 2864 ἔζευξας
683 2795 750 2848 τὰ
775 2795 942 2860 ἄλογα
972 2793 1028 2843 ἐν
1054 2790 1135 2842 σοὶ
1157 2788 1323 2857 πάθη,
1350 2787 1517 2856 θυμὸν
1543 2786 1632 2839 καί
1652 2785 1962 2854 ἐπιθυμίαν,
1994 2783 2087 2835 καὶ

430 2897 705 2965 ἐπέθηκας
733 2893 912 2952 αὐτοῖς
937 2888 1026 2942 τὸν
1047 2889 1145 2956 τῆς
1177 2885 1489 2955 φιλοσοφίας
1520 2884 1699 2950 ζυγὸν,
1733 2884 1823 2934 τὸν
1857 2881 2089 2952 χρηστὸν

433 2997 527 3049 καὶ
562 2992 781 3061 κοῦφον,
813 2988 905 3041 καὶ
939 2985 1242 3052 ἐπέστησας
1279 2984 1459 3043 αὐτοῖς
1485 2979 1741 3048 λογισμὸν
1779 2979 1954 3048 ὀρθὸν.
1997 2977 2090 3030 καὶ

433 3095 570 3166 πρὸς
596 3092 657 3144 τὸ
683 3087 929 3160 βραϐεῖον
951 3085 1156 3155 ήλασας
1185 3084 1281 3150 τῆς
1310 3081 1420 3135 ἄνω
1450 3081 1711 3149 κλήσεως,
1737 3079 1835 3129 οὐκ
1859 3078 1964 3130 ἀπὸ
1999 3075 2093 3146 μύ-

435 3213 560 3258 σους
586 3195 664 3256 εἰς
693 3191 880 3261 μύσος,
902 3186 1014 3240 ἀλλ’
1042 3184 1148 3238 ἀπὸ
1174 3183 1276 3251 γῆς
1303 3185 1380 3244 είς
1408 3183 1632 3251 οὐρανὸν
1653 3182 1892 3250 τρέχωνς
1925 3179 2093 3232 Τοῦτο

433 3297 543 3366 γὰρ
579 3293 678 3362 τῆς
724 3284 1080 3356 ἱπποδρομίας
1121 3281 1182 3334 τὸ
1233 3277 1370 3341 εἶδος
1416 3280 1548 3347 μετά
1593 3278 1687 3346 τῆς
1738 3278 1929 3346 ἡδονῆς
1978 3279 2096 3330 πολ-

434 3396 532 3464 λὴν
581 3390 691 3460 εχει
736 3386 834 3456 τήν
873 3383 1154 3451 ὠφέλειαν.
1209 3378 1345 3430 Ἀλλ’
1393 3379 1548 3444 ἀφεὶς
1605 3381 1672 3428 τά
1723 3377 1862 3430 κατά
1904 3377 2095 3430 σαυτὸν

437 3485 623 3548 ἀπλῶς
664 3483 757 3536 καὶ
791 3480 865 3542 ὼς
901 3477 1060 3546 ἔτυχε
1092 3473 1372 3546 φέρεσθαι,
1411 3473 1548 3542 ὑπὲρ
1582 3472 1676 3540 τῆς
1709 3471 1909 3541 ἐτέρων
1942 3472 2096 3542 νίκης

437 3587 632 3644 ἐκάθου
655 3585 697 3652 ί,
722 3581 932 3652 ἡμέραν
964 3575 1229 3645 τοσαύτην
1257 3575 1378 3643 είκῆ
1401 3574 1494 3626 κα)⁹
1517 3573 1692 3642 μάτην
1714 3571 1806 3625 καὶ
1830 3571 1920 3624 ἐπὶ
1947 3571 2097 3640 κακῷ

440 3685 712 3745 δαπανῶν.

512 3781 579 3852 β’.
605 3774 756 3850 [274]
770 3771 848 3825 Ἦ
870 3771 968 3824 οὐκ
989 3767 1144 3822 οἶσθα
1163 3769 1243 3822 ὅτι
1267 3768 1514 3838 καθάπερ
1534 3771 1691 3838 ἡμεῖς
1714 3769 1971 3839 ἀργύριον
1989 3772 2098 3832 τοῖς

441 3881 674 3941 οἰκέταις
710 3876 822 3936 τοῖς
866 3870 1151 3942 ἡμετέροις
1190 3867 1600 3936 ἐγχειρίζοντες.
1637 3867 1864 3930 εὐθύνας
1904 3869 2100 3931 αὐτοὺς

441 3981 536 4034 καὶ
567 3977 726 4048 μέχρι
757 3972 873 4033 ἐνὸς
902 3967 1235 4036 ἀπαιτοῦμεν
1268 3965 1475 4018 ὀϐολοῦο
1503 3965 1645 4019 οὕτω
1674 3966 1766 4019 καὶ
1791 3969 1818 4020 ό
1841 3967 1971 4031 Θεὸς
1993 3969 2100 4022 τῶν

443 4073 662 4146 ἡμερῶν
693 4071 788 4140 τῆς
822 4067 966 4136 ζωῆς
1004 4064 1102 4133 τῆς
1127 4062 1398 4132 ἡμετέρας
1437 4063 1722 4132 ἀπαιτήσει
1751 4063 1907 4132 λόγον
1931 4067 2099 4137 ήμᾶς,

445 4179 560 4240 πῶς
586 4176 820 4243 ἐκάστην
847 4170 1060 4240 ἡμέραν
1083 4168 1527 4237 ἐδαπανήσαμεν;
1560 4169 1623 4220 Τί
1649 4165 1742 4222 οῦν
1765 4172 2024 4242 ἐροῦμεν;
2050 4171 2101 4224 τί

443 4277 498 4329 δὲ
538 4268 1010 4340 ἀπολογησόμεθα,
1055 4268 1179 4320 ᾶταν
1218 4266 1316 4334 τῆς
1356 4265 1569 4335 ἡμέρας
1612 4267 1824 4337 ἐκείνης
1865 4270 2102 4324 ἀπαιτῶ.

449 4380 586 4451 μεθα
622 4377 874 4438 εύθύνας;
903 4372 1089 4433 ’Ἥλιος
1119 4369 1355 4423 ἀνέτειλε
1396 4369 1484 4421 διὰ
1535 4370 1612 4435 σὲ,
1651 4370 1744 4421 καὶ
1777 4371 1970 4443 σελήνη
2004 4375 2101 4444 τὴν

447 4483 616 4535 νύκτα
662 4477 910 4547 ἐφώτισε,
952 4473 1047 4527 καὶ
1083 4471 1323 4534 ποικίλος
1350 4471 1591 4542 ἀστέρων
1616 4472 1891 4542 ἀνέλαμψε
1923 4473 2099 4543 χορός·

449 4588 712 4638 ἔπνευσαν
763 4579 950 4646 ἄνεμοι
991 4575 1075 4628 διά
1125 4575 1203 4640 σὲ,
1246 4574 1474 4643 ἔδραμον
1520 4574 1769 4643 ποταμοί·
1817 4574 2106 4644 σπέρματα

451 4689 782 4753 ἐϐλάστησαν
809 4682 895 4734 διὰ
917 4680 996 4743 σέ,
1031 4680 1121 4731 καὶ
1145 4678 1285 4746 φυτὰ
1322 4676 1564 4746 ἀνεδόθη,
1593 4679 1685 4730 καὶ
1711 4677 1808 4747 τῆς
1832 4677 2044 4746 φύσεως
2077 4681 2104 4731 ὁ

450 4795 646 4864 δρόμος
664 4790 758 4859 τὴν
789 4786 993 4840 οείκείαν
1013 4783 1244 4851 ἐτήρησε
1269 4781 1439 4845 τάξιν,
1469 4782 1562 4834 καὶ
1584 4780 1765 4851 ἡμέρα
1785 4782 1954 4852 ἐφάνη
2014 4784 2106 4834 καὶ

518 5073 542 5101 ⁸
565 5070 840 5120 Secundum
870 5069 995 5118 istud
1015 5068 1366 5130 proverbium:
1403 5069 1555 5117 πολλὰ
1621 5069 1788 5127 μεταξὺ
1847 5071 1974 5118 πέλει
2031 5075 2108 5119 κύ-

453 5137 582 5187 λικος
603 5133 682 5179 καὶ
704 5133 880 5192 χείλεος
901 5133 1066 5192 ἀκρον.

516 5193 541 5231 δ
567 5185 772 5259 Ξυνωδίς
795 5185 926 5238 nom
947 5185 1101 5259 p'rinio
1126 5203 1340 5259 qurruni,
1360 5203 1436 5259 cui
1477 5185 1634 5250 juncti
1661 5195 1796 5259 _su_r_u
1847 5189 1942 5238 duo
1965 5188 2108 5259 equi;

516 5202 541 5231 ο
567 5202 772 5253 Ξυνωρις
795 5202 926 5238 nom
947 5202 1101 5252 primo
1126 5203 1340 5248 currum,
1360 5203 1436 5238 cui
1477 5202 1634 5250 Juncu
1687 5202 1796 5237 sum
1847 5202 1942 5238 auo
1965 5203 1991 5240 ε
2027 5203 2108 5247 ut;

454 5254 669 5303 secundo
691 5264 780 5318 ηιςτ
804 5249 1254 5318 εᾳιιονιιηζὶηυὶεεηι
1293 5256 1598 5315 juncturam;
1659 5252 1806 5298 tertio
1869 5202 2110 5312 quoinbel

453 5329 561 5376 par,
590 5309 827 5375 quodlibet
845 5309 1139 5373 'conjugium.

517 5380 538 5405 π
569 5375 656 5422 Καί
681 5375 864 5420 rectius
882 5371 1095 5419 abesset.

516 5435 540 5472 ιι
569 5437 665 5503 lino
685 5430 1232 5503 Tevopévm._lntelligit
1284 5433 1415 5480 enim
1459 5429 1824 5479 inundationem
1867 5430 2110 5490 imbrium,

455 5509 562 5554 qure
587 5497 681 5550 jam
705 5497 996 5540 cessaverat.

523 5559 542 5584 ε
572 5554 927 5620 κατορθώματα
946 5551 1240 5620 ἀποστολικᾴ
1291 5565 1422 5620 nunc
1451 5551 1668 5620 appuli“
1725 5550 1983 5609 auxilium,
2039 5553 2110 5598 lu-

459 5623 556 5662 lum
582 5616 640 5661 ab
661 5610 910 5673 apostblis,
937 5617 1045 5673 post
1065 5610 1449 5670 supplicaliones
1476 5610 1713 5670 publicas.

523 5674 540 5712 ί
583 5670 796 5721 Ἐκοὶθου.
846 5670 1032 5733 δυρριε
1068 5673 1246 5730 θεατής,
1311 5674 1386 5719 \el
1436 5673 1613 5726 κοιτής,
1671 5670 1762 5719 nisi
1809 5672 2109 5720 substituere

457 5737 594 5784 maiis
613 5733 806 5790 ἐκήδου.

1245 401 1300 451 S.
1344 393 1627 451 JOANNIS
1665 388 2149 446 CllRYbOSTOMI
2191 389 2505 445 ARCHIEP.
2547 385 3085 444 CONSTANTINOP.

3697 386 3818 444 266

2164 505 2256 570 νὺξ
2278 504 2517 575 παρῆλθε
2538 507 2582 544 ε’
2615 503 2896 558 καὶταῦτα
2922 504 3093 557 πάντα
3123 500 3306 568 γέγονε
3326 498 3415 552 διὰ
3437 497 3519 550 σέ’
3545 496 3608 550 σὺ
3631 496 3688 548 δέ
3706 494 3821 547 τῶν

2163 607 2471 676 κτισμάτων
2506 625 2586 659 σοι
2617 605 3064 675 διακονουμένων,
3095 603 3186 656 τοῦ
3219 601 3464 656 διαϐόλου
3497 600 3593 668 τὴν
3629 597 3824 651 ἐπιθυ-

2167 707 2293 776 μίαν
2323 706 2577 776 πληροῖς;
2609 708 2716 759 Καὶ
2744 705 2992 758 τοσοῦτον
3015 704 3164 774 παρά
3187 701 3278 755 τοῦ
3304 700 3436 754 Θεοῦ
3474 698 3825 768 μισθωσάμε-

2163 825 2250 870 νος
2293 803 2455 870 οἷκον,
2486 806 2575 858 τὸν
2609 805 2810 875 κόσμον
2849 805 2988 871 λέγω
3027 803 3231 864 τοῦτον,
3268 802 3366 853 οὐκ
3403 799 3685 859 ἀπέδωκας
3725 797 3828 847 τὸν

2170 907 2374 977 μισθόν.
2409 907 2511 960 Καὶ
2541 907 2638 959 ούκ
2684 907 2882 976 ήρκεσε
2919 908 2984 974 τῇ
3021 903 3257 973 προτέρα
3306 900 3506 970 ἡμέρα,
3555 899 3687 952 ἀλλά
3721 898 3828 951 καὶ

2165 1007 2260 1078 τὴν
2293 1009 2567 1078 δευτέραν,
2600 1009 2686 1059 ὅτε
2722 1005 3030 1059 ἀναπαῦσαι
3057 1005 3245 1075 μικρὸν
3271 1003 3434 1072 ἐχρῆν
3461 1001 3566 1053 ἀπὸ
3602 1001 3694 1069 τῆς
3728 1000 3831 1065 ἐγ-

2167 1107 2453 1175 γινομένης
2507 1106 2719 1167 κακίας,
2763 1105 2852 1158 ἐπὶ
2900 1104 3099 1174 θέατρα
3151 1103 3309 1156 πάλιν
3359 1100 3656 1160 ἀνέϐαινες.
3712 1099 3831 1150 ἀπὸ

2169 1207 2372 1260 καπνοῦ
2409 1208 2486 1267 είς
2508 1206 2616 1273 πῦρ
2639 1206 2867 1274 τρέχων,
2896 1206 2972 1265 εἰς
2995 1204 3177 1272 ἕτερον
3203 1201 3471 1272 βάραθρον
3493 1199 3674 1260 καθεὶς
3697 1200 3832 1250 ἐαυ-

2169 1308 2257 1360 τὸν
2287 1307 2678 1378 χαλεπώτερον.
2712 1308 2967 1376 Γέροντες
3000 1304 3186 1366 πολιάς
3213 1303 3562 1373 κατῄσχυνον,
3593 1303 3683 1353 καὶ
3713 1301 3833 1352 νέοι.

2170 1406 2266 1476 τὴν
2321 1407 2545 1476 νεότητα
2591 1405 3042 1475 κατεκρήμνιζον,
3093 1404 3186 1454 καὶ
3224 1402 3458 1471 πατέρες
3496 1400 3688 1462 παῖδας
3735 1400 3835 1452 ἀν-

2170 1507 2320 1574 ῆγον,
2355 1507 2416 1556 ἐκ
2450 1504 2745 1575 προοιμίων
2774 1505 2872 1573 τὴν
2902 1501 3262 1573 ἀπειρόκακον
3285 1498 3500 1570 ήλικίαν
3531 1500 3608 1562 είς
3631 1499 3699 1552 τὰ
3727 1499 3834 1567 τῆς

2173 1605 2434 1675 πονηρίας
2459 1603 2840 1672 ἐμϐιϐάζοντες
2867 1602 3133 1672 βάραθρα,
3158 1600 3297 1653 ὥστε
3325 1600 3424 1652 ούκ
3452 1601 3515 1655 ἄν
3533 1616 3617 1662 τις
3651 1601 3835 1670 ἀμάρο

2173 1719 2254 1754 τοι
2307 1702 2682 1763 παιδοκτόνους
2736 1702 2857 1753 ἀντὶ
2905 1700 3156 1769 πατέρων
3205 1699 3329 1760 τοὺς
3376 1696 3642 1758 τοιούτους
3691 1698 3835 1749 ἀπο-

2175 1800 2375 1864 καλῶν,
2431 1801 2523 1852 καὶ
2576 1803 2642 1870 τῇ
2687 1801 2713 1839 ιι
2761 1799 2928 1868 κακίᾳ
2981 1799 3078 1868 τήν
3122 1797 3298 1868 ψυχὴν
3346 1795 3676 1856 ἀπολλύντας
3723 1795 3839 1846 τῶν

2175 1906 2490 1976 τεχθέντων.
2557 1905 2664 1957 Καὶ
2714 1905 2840 1956 ποία
2901 1901 3101 1964 κακία;
3164 1901 3316 1970 φησί.
3357 1899 3454 1952 Διά
3514 1901 3620 1969 γὰρ
3676 1897 3840 1951 τοῦτο

2176 2007 2466 2076 ὀδυνῶμαι,
2508 2008 2588 2059 ὃτι
2627 2008 2720 2058 καὶ
2747 2005 2936 2066 νοσῶν,
2967 2005 3064 2056 ούκ
3095 1998 3240 2064 οἶδας
3272 2002 3352 2054 ὅτι
3385 2003 3578 2062 νοσεῖς,
3615 2002 3702 2053 ἵνα
3742 2001 3842 2052 καὶ

2177 2107 2266 2159 τὸν
2297 2105 2472 2176 ἰατρὸν
2508 2103 2861 2173 ἐπιζητήσῃς.
2895 2103 3152 2170 Μοιχείας
3175 2100 3360 2168 ἐγένου
3390 2098 3839 2168 πεπληρωμένος,

2177 2205 2270 2257 καὶ
2318 2205 2557 2274 ἐρωτᾷς,
2595 2203 2721 2255 ποία
2765 2203 2959 2266 κακίας
2988 2197 3022 2270 ἦ
3053 2200 3150 2252 ούκ
3189 2201 3424 2269 ἤκουσας
3467 2199 3561 2251 τοῦ
3603 2196 3840 2268 Χριστοῦ

2180 2307 2443 2374 λέγοντος·
2485 2306 2545 2358 '0
2577 2305 2877 2372 ἐμϐλέψας
2910 2303 3142 2373 γυναικί
3179 2301 3326 2370 πρὸς
3356 2302 3419 2355 τὸ
3452 2300 3842 2369 ἐπιθυμῆσαι,

2181 2404 2296 2471 ἤδη
2323 2405 2452 2471 ἐμοί
2455 2419 2676 2469 χευσεν
2696 2404 2928 2466 αὑτήνς
2951 2403 3015 2453 Τί
3039 2396 3131 2454 οὖν
3155 2400 3248 2453 ἐὰν
3281 2399 3354 2469 μὴ
3391 2399 3660 2468 ἐμϐλέψω,
3687 2398 3842 2467 φησὶ,

2184 2504 2316 2572 πρὸς
2363 2501 2421 2552 τὸ
2468 2500 2841 2569 ἐπιθυμῆσαι;
2884 2500 2992 2553 Καὶ
3021 2500 3135 2560 πῶς
3178 2498 3383 2569 δυνήσῃ
3424 2514 3490 2565 με
3525 2499 3738 2559 πεῖσαι;
3783 2496 3847 2546 Ὀ

2181 2603 2286 2672 γὰρ
2327 2601 2420 2653 τοῦ
2454 2601 2727 2670 θεωρῆσαι
2771 2601 2843 2669 μὴ
2878 2598 3113 2668 κρατῶν,
3148 2597 3280 2650 ἀλλά
3312 2595 3578 2665 τοσαύτην
3607 2595 3846 2663 σπουδὴν

2185 2701 2321 2770 ὑπὲρ
2355 2699 2446 2752 τοῦ
2481 2699 2720 2751 τοιούτου
2767 2708 2783 2734 ι
2820 2697 3119 2765 τιθέμενος,
3155 2696 3270 2758 πῶς
3300 2696 3435 2765 μετά
3471 2695 3530 2748 τὸ
3573 2694 3848 2764 θεωρῆσαι

2185 2799 2386 2870 δυνήσῃ
2418 2799 2593 2866 μένειν
2622 2796 2988 2867 ἀκηλίδωτος;
3026 2795 3116 2864 Μὴ
3142 2795 3249 2864 γὰρ
3281 2794 3421 2856 λίθος
3448 2810 3528 2846 σοι
3560 2793 3618 2845 τὸ
3650 2792 3847 2862 σῶμας

2190 2896 2262 2965 μὴ
2289 2896 2394 2962 γὰρ
2426 2894 2673 2963 σίδηρος;
2709 2893 2891 2962 Σάρκα
2919 2893 3244 2960 περίκεισαι,
3276 2893 3451 2960 σάρκα
3480 2890 3846 2960 ἀνθρωπίνην,

2187 2993 2307 3060 ἣτις
2344 2991 2533 3062 χόρτου
2564 2989 2940 3060 χαλεπώτερον
2974 2989 2986 3039 i
3034 2989 3137 3042 ὑπὸ
3165 2989 3263 3058 τῆς
3297 2988 3584 3058 ἐπιθυμίας
3613 2987 3849 3041 ἀνάπτε-

2191 3108 2298 3145 ται.

2263 3196 2372 3249 Καὶ
2411 3195 2462 3246 τί
2501 3193 2643 3260 λέγω
2685 3193 2747 3245 τὸ
2789 3193 3045 3263 θέατρον;
3089 3195 3175 3246 Ἐν
3217 3195 3389 3264 ἀγορᾷ
3445 3192 3700 3254 πολλάκις
3756 3192 3853 3244 ἐὰν

2195 3295 2591 3362 ἀπαντήσωμεν
2619 3294 2856 3360 γυναικὶ,
2878 3291 3269 3364 θορυϐούμεθα·
3305 3293 3369 3344 σὺ
3398 3290 3456 3342 δέ
3487 3291 3596 3342 ἀνω
3618 3289 3852 3358 καθήμε-

2197 3408 2306 3454 νος,
2330 3392 2459 3443 ὅπου
2489 3390 2723 3458 τοσαύτη
2761 3392 2895 3461 πρὸς
2920 3391 3301 3460 ἀσχημοσύνην
3328 3390 3684 3461 παράκλησις,
3713 3389 3856 3460 ὀρῶν

2197 3493 2425 3556 γυναῖκα
2476 3491 2678 3560 πόρνην
2719 3492 2898 3559 γυμνῇ
2944 3492 3011 3559 τῇ
3064 3490 3271 3558 κεφαλῇ
3323 3489 3460 3558 μετά
3513 3488 3710 3557 πολλῆς
3756 3487 3856 3555 τῆς

2199 3589 2576 3658 ἀναισχυντίας
2618 3587 2908 3652 εἰσιοῦσαν,
2945 3591 3119 3658 χρυσᾶ
3153 3585 3615 3657 περιϐεϐλημένην
3648 3586 3852 3655 ἱμάτια,

2201 3687 2652 3759 μαλακιζομένην,
2681 3687 3056 3758 θρυπτομένην
3079 3688 3128 3750 ι,
3163 3687 3382 3758 ᾅσματα
3417 3686 3644 3757 ᾅδουσαν
3673 3703 3858 3757 πορνιο

2198 3788 2289 3852 κά,
2322 3786 2810 3856 κατακεκλασμένα
2843 3787 2999 3856 μέλη,
3025 3787 3222 3858 αἰσχρά
3259 3786 3587 3858 προϊεμένην
3617 3789 3856 3857 ῥήματα,

2199 3888 2608 3958 ἀσχημονοῦσαν
2637 3888 2880 3950 τοιαῦτα,
2907 3889 3048 3957 ἀπερ
3076 3889 3104 3940 ό
3137 3888 3415 3958 θεωρήσας
3448 3887 3514 3940 ἀν
3543 3890 3624 3950 είς
3659 3886 3859 3939 ἔννοιαν

2198 3987 2388 4058 λάϐῃς,
2429 3988 2578 4040 κάτω
2608 3986 2853 4049 κύπτεις·
2885 3987 3087 4056 τολμᾷς
3115 3987 3286 4038 εἰπεῖν
3308 3987 3381 4048 ὠς
3406 3986 3558 4039 οὐδὲν
3591 3987 3804 4056 πάσχῃς
3836 3983 3856 4023 ι

2200 4087 2565 4159 ἀνθρώπινον;
2597 4085 2689 4156 Μή
2720 4085 2828 4156 γὰρ
2857 4085 3001 4148 λίθος
3029 4101 3110 4138 σοι
3147 4085 3206 4137 τὸ
3235 4083 3424 4154 σῶμα;
3459 4085 3532 4154 μή
3560 4084 3668 4154 γὰρ
3709 4084 3859 4154 σίδη-

2204 4210 2327 4265 ρος;
2365 4193 2440 4245 Οὐ
2466 4192 2572 4263 γάρ
2604 4191 3006 4261 παραιτήσομαι
3056 4188 3216 4243 πάλιν
3260 4187 3330 4241 τά
3361 4187 3501 4241 αὐτὰ
3541 4188 3733 4241 εἰπεῖν.
3769 4187 3860 4256 Μὴ

2201 4299 2309 4367 γὰρ
2343 4297 2447 4350 τῶν
2474 4294 2723 4365 μεγάλων
2754 4294 2849 4347 καὶ
2878 4293 3138 4360 γενναίων
3171 4291 3377 4362 ἀνδρῶν
3402 4291 3644 4353 ἐκείνων,
3673 4290 3723 4342 οῖ
3754 4289 3862 4343 ἀπὸ

2201 4399 2360 4468 ψιλῆς
2389 4398 2560 4463 ὂψεως
2585 4395 3014 4466 κατηνέχθησαν,
3051 4393 3198 4464 [275]
3230 4393 3655 4462 φιλοσοφώτερος
3685 4395 3748 4445 σὺ
3774 4387 3857 4457 εἷς

2204 4500 2316 4551 Οὐκ
2349 4500 2583 4567 ἤκουσας
2616 4497 2665 4549 τί
2692 4513 2852 4564 φησιν
2877 4497 2904 4547 ό
2933 4494 3196 4564 Σολομώνο
3229 4495 3621 4562 Περιπατήσει
3642 4512 3731 4560 τις
3767 4493 3860 4547 ἐπ’

2205 4599 2512 4668 ἀνθράκων
2548 4599 2764 4668 πυρὸς,
2813 4599 2953 4664 τοὺς
2999 4598 3066 4651 δὲ
3114 4598 3302 4663 πόδας
3347 4599 3419 4652 οὐ
3463 4599 3822 4652 κατακαύσει
3842 4615 3862 4662 ;

2218 4702 2523 4768 Ἀποδήσει
2561 4719 2648 4767 τις
2675 4703 2792 4770 πῦρ
2824 4703 2893 4754 ἐν
2924 4703 3146 4768 κόλπῳ,
3174 4702 3246 4755 τὰ
3269 4701 3337 4754 δὲ
3361 4703 3556 4770 ἱμάτια
3583 4704 3651 4756 οὐ
3682 4719 3860 4755 κατα-

2207 4805 2414 4858 καύσει
2433 4822 2451 4869 ;
2483 4804 2677 4870 Οὕτως
2702 4807 2734 4857 ὁ
2759 4804 2961 4856 εἰσιὼν
2986 4807 3074 4868 εις
3103 4803 3352 4871 γυναῖκα
3379 4803 3698 4872 ἀλλοτρίαν
3719 4813 3778 4858 ’³.
3802 4806 3863 4858 Εί

2209 4908 2314 4977 γάρ
2355 4907 2449 4960 καὶ
2485 4907 2558 4977 μὴ
2604 4907 2945 4975 συνεπλάκης
2986 4909 3049 4974 τῇ
3094 4905 3301 4977 πόρνῃ,
3336 4906 3470 4960 ἀλλά
3498 4910 3563 4975 τῇ
3607 4906 3863 4976 ἐπιθυμία

2277 5194 2591 5260 ξΠαρελθεῖν.
2630 5194 2709 5240 hic
2749 5206 2844 5260 nun
2892 5200 2969 5242 est
3013 5194 3329 5256 pertransire,
3381 5196 3468 5244 sed
3493 5192 3704 5256 prodire.
3771 5193 3862 5244 Lo-

2212 5253 2378 5314 quitur
2401 5253 2530 5314 enim
2564 5253 2625 5299 de
2649 5257 2918 5302 creatione.

2272 5312 2301 5350 ιι
2327 5312 2706 5373 Μαιὶῐηηοὺςτῇ.

2278 5375 2294 5442 ξ
2323 5373 2570 5442 intelligi;
2594 5375 2879 5442 πράγματος,
2905 5377 2952 5423 id
2979 5384 3056 5442 egi.
3076 5376 3160 5442 τοῦ
3188 5379 3436 5442 θεωρῆσαι.

2280 5435 2578 5505 {Senlgnii‘a
2625 5438 2838 5505 poalullal
2884 5443 2937 5485 ut
2966 5435 3293 5505 1331;016:1190»)
3336 5438 3545 5499 legatur,
3608 5442 3710 5494 aut,
3735 5439 3862 5496 quod

2214 5496 2490 5557 leniugesl,
2515 5495 2568 5557 οὐ
2595 5500 2700 5554 post
2723 5498 2893 5557 χόρτου
2921 5498 3140 5545 addatur.

2247 5554 2612 5661 ﬁniti-csychm
2689 5554 2968 5617 Θρύπτεται·
3041 5558 3378 5618 μαλακίζεται,
3433 5562 3600 5619 τρυφᾷ,
3650 5565 3862 5620 “gmw-1,

2216 5631 2398 5662 κΑαται.

2285 5676 2301 5745 ἰ
2331 5671 2509 5745 Malim,
2533 5675 2745 5745 πάσχεις·
2766 5690 2856 5745 nec
2880 5680 3007 5745 enim
3033 5691 3154 5745 onus
3176 5683 3250 5745 εει
3271 5676 3586 5745 εοιιὶυοςειὶνοτ

2283 5743 2322 5768 ἠ
2342 5735 2682 5795 Sepiuaginla:
2703 5739 2817 5799 πρὸς
2835 5740 3030 5798 γυναῖκα
3065 5735 3315 5800 ῦπανδρον,
3354 5735 3481 5799 ψιοᾱ
3503 5739 3677 5786 eodem
3717 5735 3859 5788 redit.
