4112 6504
258 422 372 476 265

263 522 442 575 culum
472 522 729 577 abductus
754 525 853 578 es?
883 523 1122 578 Hmccine
1147 525 1397 579 ferenda?
1422 524 1649 578 h:eccine
1676 525 1808 578 tole-

264 612 470 664 randa?
498 612 679 680 Neque
713 613 850 665 enim
890 613 1042 667 ﬁnem
1076 613 1259 667 faciam
1285 614 1394 667 hzec
1417 630 1557 683 saepe
1582 615 1808 681 dicendi,

260 701 612 769 doloremque
638 717 808 755 meum
844 703 918 755 sic
959 702 1203 766 leniendi,
1236 714 1292 755 ut
1318 718 1385 756 ne
1425 704 1571 755 illum
1598 703 1807 757 silentio

260 804 524 856 premam,
569 790 658 843 sed
720 790 769 841 iu
827 790 1051 843 medium
1103 791 1350 853 afferam,
1407 800 1458 843 et
1511 792 1577 843 ob
1629 791 1807 843 oculos

260 887 468 929 vestros
493 892 698 944 ponam.
731 877 1002 941 Quomodo
1043 880 1323 943 poterimus
1370 878 1612 945 deinceps
1642 879 1803 931 Deum

262 964 549 1030 propitium
594 965 850 1017 reddere?
878 966 1137 1033 quomodo
1181 967 1361 1017 iratum
1392 965 1539 1018 nobis
1569 967 1803 1019 reconci—

259 1050 427 1104 liare?
458 1053 593 1104 Ante
635 1062 739 1105 tres
777 1053 886 1105 dies
916 1054 987 1121 (a)
1022 1054 1335 1118 irrumpente
1379 1053 1549 1119 pluvia
1588 1055 1800 1122 ingenti,

258 1148 417 1205 atque
444 1141 615 1192 omnia
643 1156 814 1193 secum
848 1141 1103 1201 trahente,
1129 1150 1181 1193 ct
1205 1142 1267 1193 ab
1295 1157 1404 1202 ore,
1433 1153 1481 1194 ut
1514 1144 1577 1194 ita
1609 1142 1800 1205 dicam,

256 1226 607 1292 agricolarum
655 1242 885 1279 mensam
932 1227 1177 1291 rapiente,
1207 1239 1439 1281 comatas
1475 1228 1641 1295 spicas
1670 1230 1802 1294 dejio

256 1312 451 1375 ciente,
502 1323 789 1380 eacteraque
837 1315 1007 1366 omnia
1060 1329 1150 1380 per
1190 1314 1414 1369 humidae
1461 1320 1689 1369 materia:
1711 1330 1801 1368 co-

258 1399 398 1466 piam
428 1400 750 1463 devastante,
802 1402 990 1453 litania:
1014 1403 1085 1467 (ὸ)
1131 1413 1179 1455 et
1215 1406 1611 1470 supplicationes
1638 1404 1798 1469 fuere,

258 1496 472 1553 totaque
502 1490 683 1541 civitas
724 1497 897 1542 nostra
940 1492 1084 1558 quasi
1116 1499 1320 1544 torrens
1348 1493 1409 1543 ad
1444 1495 1549 1545 loca
1593 1502 1801 1559 aposto—

256 1577 428 1628 lorum
477 1579 720 1630 currebat
758 1594 770 1630 :
816 1578 1194 1647 advocatosque
1236 1580 1639 1647 implorabamus
1681 1596 1801 1633 san-

253 1673 394 1716 ctum
424 1665 638 1718 Petrum
662 1676 713 1719 et
738 1667 944 1720 beatum
972 1668 1253 1731 Andream,
1282 1670 1513 1735 parillud
1535 1671 1797 1735 apostolo-

255 1770 369 1806 rum
406 1755 504 1821 (c),
534 1756 744 1809 Paulum
770 1758 888 1810 item
911 1768 962 1811 et
987 1758 1337 1810 Timotheum.
1366 1759 1487 1811 Post
1510 1758 1624 1812 haec
1653 1776 1795 1821 vero,

250 1859 367 1895 cum
402 1844 478 1896 ira
506 1845 683 1899 sedata
708 1857 865 1910 esset,
897 1847 1143 1899 audacter
1174 1846 1400 1913 trajectis
1428 1847 1609 1915 pelago
1637 1848 1801 1900 flucti-

251 1934 475 2001 busque,
502 1936 566 1987 ad
589 1937 889 2005 coryphaeos
914 1937 1230 1989 accurrimus
1252 1936 1355 2003 (ά),
1388 1936 1591 1989 Petrum
1619 1936 1799 1990 funda-

250 2032 486 2075 mentum
517 2023 654 2083 fidei,
690 2034 742 2076 et
766 2023 977 2076 Paulum
1009 2038 1097 2077 vas
1123 2024 1408 2087 electionis,
1439 2024 1627 2077 festum
1656 2026 1795 2079 cele-

250 2110 468 2164 brantes
491 2111 776 2178 spirituale,
800 2127 1085 2179 eorumque
1120 2114 1401 2165 certamina
1434 2112 1792 2179 praedicantes,

250 2208 447 2265 tropa-a
486 2200 830 2267 victoriasquc
875 2212 1055 2254 contra
1105 2200 1389 2254 daemonas.
1432 2204 1498 2254 At
1535 2212 1586 2255 tu
1630 2218 1797 2270 neque

249 2287 531 2341 formidine
557 2298 814 2355 gestarum
846 2305 1017 2343 rerum
1064 2289 1361 2352 deterritus,
1413 2304 1577 2357 neque
1600 2291 1797 2359 magni-

249 2376 429 2430 tudine
466 2379 867 2444 apostolicorum
919 2389 1178 2445 gestorum
1230 2380 1504 2442 eruditus,
1557 2381 1621 2432 ita
1671 2396 1795 2433 con-

248 2463 440 2527 festim,
485 2480 592 2519 uno
629 2476 823 2519 tantum
853 2468 1155 2534 interposito
1198 2467 1298 2529 die,
1343 2469 1537 2529 exsilis,
1579 2468 1791 2533 clamas,

247 2553 475 2605 animam
528 2562 664 2605 tuam
710 2555 879 2620 pravis
908 2554 1175 2608 affectibus
1228 2557 1277 2607 in
1309 2556 1658 2621 captivitatem
1704 2556 1794 2608 ab-

246 2642 454 2696 ductam
496 2652 548 2695 ct
596 2644 845 2711 dejectam
897 2646 1233 2711 contemptim
1280 2643 1506 2711 aspicis?
1552 2643 1698 2708 Quod
1749 2644 1791 2695 si

249 2731 459 2783 volebas
491 2731 759 2783 brutorum
796 2747 1003 2784 cursum
1035 2740 1288 2797 Spectare.
1318 2746 1478 2799 quare
1526 2746 1626 2783 non
1667 2729 1789 2797 jun-

250 2818 365 2869 xisti
419 2819 599 2870 hrutos
654 2819 811 2869 animi
874 2818 945 2869 tui
996 2818 1239 2875 affectus,
1302 2818 1428 2867 iram
1494 2824 1546 2867 ct
1596 2830 1791 2867 concu-

248 2905 603 2973 piscentiam?
667 2919 759 2956 cur
815 2918 915 2956 non
975 2904 1261 2968 imposuisti
1318 2903 1394 2954 eis
1454 2902 1791 2968 philosophia:

246 2996 418 3063 jugum
442 3008 601 3046 suave
644 2992 767 3044 illud
812 3002 861 3044 et
890 2991 1003 3044 leve
1027 2990 1049 3041 ‘I
1077 3004 1169 3043 cur
1211 3003 1311 3042 non
1342 2990 1571 3057 aurigam
1598 2997 1789 3043 rectam

304 3145 374 3204 (α)
409 3142 720 3210 ltinc‘aliquid
748 3143 951 3210 emergit
973 3140 1275 3210 difficultatis.
1302 3140 1421 3210 Vide
1459 3140 1674 3210 monitum
1710 3152 1789 3210 su-

248 3200 344 3263 pra.
360 3200 766 3268 Monte/falconius.
800 3200 1021 3268 Equidem
1046 3200 1188 3268 credo
1231 3201 1351 3268 hanc
1389 3200 1627 3268 homilianm
1659 3201 1789 3248 babi-

246 3257 335 3309 iam
354 3276 464 3310 esse
475 3257 801 3329 Sablmtoante
817 3257 1009 3329 Pascha,
1018 3273 1112 3319 quo
1129 3259 1209 3328 die
1227 3261 1462 3329 theatrum
1483 3257 1547 3329 illi
1550 3259 1789 3329 frequen-

245 3324 417 3369 tabaut.
447 3323 663 3388 nationes
680 3322 741 3388 ita
765 3322 863 3367 inii.
879 3323 959 3367 Die
972 3317 1176 3388 Veneris
1186 3319 1535 3388 autePascltagin
1546 3317 1677 3367 Circo
1688 3320 1787 3366 fue-

244 3390 374 3433 runt;
391 3384 518 3429 inter
537 3381 623 3429 hos
633 3380 767 3427 ludos
785 3386 1005 3446 autemet
1020 3379 1287 3446 internistam
1304 3379 1788 3446 inundatiopem_u_nus

243 3440 343 3488 dies
360 3442 655 3488 intercessit:
677 3452 792 3499 ergo
812 3440 889 3486 die
901 3438 1111 3499 Mercurii
1134 3436 1221 3499 fuit
1238 3437 1493 3499 inundatio.
1506 3438 1588 3484 Die.
1605 3440 1787 3487 Sabbati

244 3499 458 3549 adierunt
495 3501 681 3548 theatra
714 3496 857 3546 {hoc
895 3497 1107 3557 ipsoidie
1136 3496 1299 3545 habuit
1326 3499 1616 3544 concionem.
1661 3503 1778 3557 Ergo

243 3570 406 3625 quarto
428 3556 1124 3625 die-post__calami_tatem.Yide
1143 3562 1441 3625 tamep,qu:e
1462 3568 1603 3625 supra
1624 3556 1781 3607 monui

244 3615 350 3667 ante
373 3620 497 3667 hanc
520 3615 752 3667 homiliam
778 3619 834 3684 ad
858 3616 1192 3684 Montefalconii
1212 3615 1691 3684 animadversionem.

304 3680 373 3739 (ὸ)
406 3679 599 3744 nantia:
622 3679 950 3744 processioucs
975 3683 1110 3744 erant
1126 3689 1231 3744 cum
1249 3674 1680 3744 supplicationibus,
1698 3680 1782 3744 vel

244 3736 297 3784 ad
311 3733 464 3786 'tieum
492 3733 836 3805 placandum'in
856 3736 1074 3805 adversis
1090 3736 1290 3805 casibus,
1313 3733 1395 3803 vel
1418 3734 1474 3805 ad
1499 3736 1674 3805 gratias
1697 3738 1782 3805 ipsi

243 3793 577 3862 agendas_pro_
605 3798 827 3862 acceptis.
855 3795 1133 3862 beneficiis;
1178 3793 1355 3862 Litmtiq
1396 3800 1464 3862 est
1484 3793 1783 3862 supplicatio

241 3851 495 3906 τόηιιηιιηίέ
514 3855 577 3903 ad
604 3851 764 3911 Deum,
788 3855 879 3902 sive
898 3854 1230 3913 proixtcriram
1250 3852 1377 3902 nobis
1393 3851 1700 3909 illatam,'sire
1717 3860 1781 3905 ad

241 3918 410 3976 gratias
434 3915 671 3976 agendum
692 3927 777 3973 pro
799 3913 925 3962 bonis
949 3911 1143 3976 cellulis,
1171 3914 1321 3976 inquit
1350 3922 1545 3976 symeon
1580 3914 1779 3962 Thessa-

240 3966 492 4023 lonicensis
517 3976 564 4041 in
585 3966 751 4041 Upusc.
774 3966 1183 4041 contrahalrcses.
1223 3966 1414 4041 Iiitanit'e‘
1445 3985 1635 4041 quoque
1656 3978 1779 4041 apud

240 4036 418 4083 latinos
440 4033 586 4081 medii
621 4030 712 4080 ἱενί
749 4036 1075 4092 processiones
1113 4044 1241 4090 saepe
1264 4030 1704 4092 sigtiilicaut_.lbid.,
1732 4035 1779 4083 in

241 4091 337 4141 (om
357 4091 688 4153 apostolonmt,
714 4090 761 4137 in
783 4090 1030 4153 ecclesiam
1056 4104 1227 4153 nempe
1249 4090 1323 4139 SS.
1346 4090 1691 4153 Apostolorum,
1716 4097 1777 4142 de

239 4165 325 4211 qua
365 4148 505 4201 modo
528 4152 818 4211 dicebamus;
845 4151 923 4195 ubi
960 4148 1202 4211 speciatim
1246 4148 1777 4211 Petrus,Apostolprnm

241 4208 469 4269 princeps,
497 4218 551 4260 et
572 4210 799 4269 Andreas,
823 4209 1073 4269 Byzantime
1091 4208 1307 4269 Ecclesiae
1328 4208 1541 4256 fundator
1560 4216 1610 4256 et
1634 4209 1777 4259 frater

239 4267 373 4332 l'etri,
398 4267 615 4332 itemque
639 4268 802 4317 Paulus
824 4267 873 4315 et
892 4267 1163 4332 Timotheus
1162 4268 1229 4332 jn
1256 4267 1503 4332 advocatos
1518 4270 1774 4332 compella-

240 4324 416 4390 bantur.
442 4324 561 4378 Hinc
604 4337 850 4390 Bosporum
888 4327 1121 4390 trajiciunt
1156 4324 1645 4390 Constantiuolmlitaiii
1667 4342 1775 4390 sup-

238 4389 430 4448 plicandi
461 4403 622 4447 causa,
642 4384 970 4449 Chrysostomo
987 4386 1235 4449 _et.isc0po
1265 4386 1404 4449 duce,
1430 4384 1487 4432 ad
1523 4384 1772 4436 ecclesiam

326 4454 444 4498 Petri
469 4456 525 4499 et
548 4444 669 4515 Pauli
682 4460 724 4515 _e
742 4444 954 4507 'rcgione
979 4444 1400 4515 gonstantinopolis
1437 4453 1565 4492 trans
1604 4451 1773 4515 Bospo-

236 4520 333 4556 rum
351 4512 507 4558 sitam.
538 4511 617 4556 Hic
651 4504 879 4555 observes
922 4504 1077 4559 velim,
1122 4504 1462 4551 invocationem
1506 4504 1772 4554 sanctorum

237 4568 598 4632 frequentatam,
641 4576 689 4616 et
726 4567 1115 4632 intercessionem
1149 4566 1385 4632 creditam
1423 4562 1771 4632 fuissequarto

234 4622 412 4684 stecido,
432 4622 597 4677 contra
614 4640 751 4688 quam
772 4626 991 4673 effutiunt
1012 4622 1239 4671 haeretici.
1257 4623 1306 4671 ld
1323 4624 1447 4683 quod
1467 4622 1635 4683 passim
1650 4627 1771 4684 apud

424 4696 604 4736 tomum
620 4690 913 4753 observatur.
992 4742 1003 4753 ε
1124 4748 1132 4753 _
1162 4743 1209 4753 __.
1295 4743 1324 4753 __
1585 4743 1597 4753 .
1622 4744 1667 4753 _.

289 4742 351 4807 (ἑ)
388 4748 455 4813 ita
481 4746 876 4813 hic_appnellantur
900 4742 1067 4791 Paulus
1090 4748 1144 4813 et
1161 4743 1451 4813 Timotheus,
1476 4743 1597 4801 quod
1622 4744 1769 4813 Timo-

233 4801 363 4855 theus
379 4801 764 4868 discipulus'fere
789 4816 1038 4865 numquam
1074 4813 1101 4848 a
1133 4801 1285 4850 latere
1323 4801 1447 4849 Pauli
1469 4806 1769 4861 praeceptoris

236 4878 435 4912 necessu.

478 4926 556 4973 his
586 4924 765 4983 colligit
788 4920 1182 4985 Montcfalconius,
1211 4918 1763 4985 Constantinopolitanos.

231 4980 390 5031 comite
414 4980 774 5048 Clirysostomo,_
788 4994 919 5029 mare
944 4981 1307 5048 traiecissensed
1327 4980 1373 5025 in
1396 4980 1639 5048 ipsa__urbe
1664 4990 1767 5030 erat

230 5045 362 5108 etiam
387 5037 618 5104 templum
657 5045 775 5090 Petri
822 5049 872 5089 et
894 5037 1034 5108 Pauli.
1062 5038 1112 5085 ld
1135 5039 1372 5108 didieihex
1405 5037 1765 5108 .Codicehquem

230 5101 270 5147 in
299 5097 504 5159 secunda
533 5111 662 5164 parte
686 5114 806 5166 mem
838 5108 885 5147 Ν.
910 5098 1199 5145 't‘cstameuti
1223 5098 1443 5165 Editionis
1460 5097 1691 5166 appellavi
1717 5112 1761 5147 a.

228 5166 282 5207 ια
307 5156 473 5210 eodem
498 5156 715 5223 cognovi,
749 5162 891 5207 factas
916 5171 1025 5205 esse
1050 5159 1379 5227 processiones
1416 5156 1623 5227 ad‘istud.
1642 5164 1763 5205 tem-

226 5220 359 5274 Dlum.
386 5224 472 5270 Sed
499 5215 594 5269 iste
616 5215 772 5269 Codex
800 5231 922 5265 nunc
945 5230 1037 5263 non
1057 5215 1163 5262 erat
1184 5215 1241 5261 ad
1264 5228 1443 5262 manus.
1470 5215 1588 5262 Vide
1613 5218 1762 5274 ipsum

228 5268 783 5344 Stontefalconfsuperius
808 5286 913 5325 nota
938 5278 994 5336 (ιι
1010 5278 1045 5344 ),
1071 5274 1291 5344 col.n26l.
1316 5282 1414 5321 Jam
1439 5287 1545 5321 cum
1556 5268 1749 5344 _Clll_‘}‘30-

225 5347 391 5389 stomus
413 5334 733 5403 vehementer
754 5345 881 5403 amet
902 5334 1125 5403 tropicam
1145 5334 1432 5403 dictionem,
1456 5335 1600 5403 credo
1641 5334 1743 5403 bzec

224 5401 434 5449 audacter
456 5396 878 5462 trajectivnpclago
919 5393 1238 5456 ﬂuctibusque,
1276 5394 1545 5462 accipienda
1570 5406 1678 5462 esse
1700 5394 1756 5462 de

225 5458 475 5520 calamitate
521 5452 601 5507 illa
640 5452 854 5520 feliciter
872 5452 1108 5520 superata.
1133 5452 1418 5520 Cpryphmus
1467 5454 1653 5520 proprie
1690 5459 1764 5501 est

224 5517 316 5565 dua:
350 5522 494 5575 chori,
520 5517 697 5566 deinde
735 5511 1075 5575 omnino'dut,
1104 5511 1337 5575 princeps,
1371 5511 1619 5575 excellens.
1652 5520 1761 5559 Frc-

221 5588 411 5634 queutcr
455 5570 619 5627 autem
648 5575 728 5623 vel
767 5581 929 5621 Petrus
962 5570 1396 5634 solus'c'oryphwm
1426 5572 1758 5634 apostolormn,

222 5630 291 5683 vel
323 5646 482 5687 Petrus
513 5644 565 5685 et
612 5634 776 5682 Paulus
813 5630 1057 5694 Corypltwi
1092 5630 1402 5691 apostatarum
1432 5630 1754 5695 appellantur,

218 5699 434 5759 ννυιεὶροδ
457 5695 786 5760 αροδιοξογωη.

1314 411 1572 467 CONTRA
1612 413 1827 467 LUDOS
1862 413 1947 466 ET
1984 416 2321 477 TllEATRA.

3344 454 3454 511 266

1916 532 2164 585 rationem
2209 537 2492 603 imposuisti
2541 544 2635 603 eis,
2680 559 2774 595 nec
2811 550 3080 603 cucurristi
3111 553 3173 605 ad
3217 555 3445 610 llt‘:‘.\'ltltt|

1917 632 2155 687 superna:
2202 628 2503 691 vocationis,
2535 646 2637 683 non
2666 648 2692 683 a
2726 637 2921 690 scelere
2944 640 2993 691 in
3034 642 3201 695 scelus
3229 643 3325 714 (α),
3352 648 3443 702 scd

1914 719 1941 755 a
1964 715 2106 760 terra
2133 708 2183 759 in
2203 712 2385 765 etelum
2430 731 2635 770 cursum
2684 720 2949 788 dirigens?
2978 726 3103 781 Nam
3131 708 3320 784 cursus
3355 734 3450 787 hu-

1912 794 2133 860 jusmodi
2176 814 2338 867 genus
2378 819 2493 856 cum
2540 809 2797 877 voluptate
2857 814 3065 869 multam
3118 822 3443 887 coniunctam

1916 884 2067 939 habet
2103 889 2390 944 utilitatem.
2435 895 2623 948 Verum
2672 905 2887 967 negotiis
2942 907 3040 958 tuis
3084 884 3358 965 temerario
3395 926 3446 968 ct

1914 973 2124 1030 fortuito
2152 981 2291 1032 casui
2335 984 2545 1047 relictis,
2588 987 2653 1037 de
2689 990 2903 1042 aliorum
2934 995 3145 1049 victoria
3189 1000 3444 1055 sollicitus

1912 1064 2147 1127 sedebas,
2178 1068 2315 1121 diem
2348 1082 2541 1124 tantum
2572 1074 2757 1127 frustra
2800 1090 2851 1129 et
2878 1088 3086 1146 temere,
3121 1084 3226 1139 imo
3253 1088 3302 1140 in
3333 1104 3440 1143 rem

1911 1144 2094 1198 malam
2119 1149 2400 1204 insmncns.

1977 1234 2030 1287 2.
2063 1239 2140 1289 An
2169 1240 2371 1306 ignoras
2415 1247 2845 1310 quemadmodum
2889 1269 2983 1306 nos
3024 1271 3138 1310 cum
3170 1270 3437 1328 argentum

1908 1323 2206 1382 domesticis
2233 1333 2421 1385 nostris
2465 1336 2732 1403 tradimus,
2763 1342 3014 1396 rationem
3054 1347 3119 1398 ab
3144 1349 3219 1401 eis
3245 1354 3437 1417 expeti-

1909 1429 2022 1466 mus
2049 1417 2109 1467 ad
2139 1433 2298 1486 usque
2324 1437 2479 1475 unum
2502 1425 2709 1480 obolum
2743 1446 2754 1479 :
2787 1430 2854 1481 ita
2884 1431 3040 1486 Deum
3081 1434 3279 1490 dierum
3321 1441 3436 1490 vita:

1908 1512 2098 1555 nostrae
2139 1507 2389 1561 rationem
2437 1527 2466 1561 ει
2515 1513 2664 1565 nobis
2692 1520 3039 1581 expetiturum
3070 1536 3205 1586 esse,
3253 1539 3437 1591 nempe

1905 1602 2005 1654 qua
2032 1592 2229 1646 ratione
2272 1611 2690 1667 imumqucmque
2712 1605 2847 1657 diem
2890 1612 3269 1677 transegimus?
3305 1614 3433 1680 Quid

1905 1693 2029 1746 ergo
2050 1679 2317 1736 dicemus?
2335 1702 2486 1753 quam
2505 1694 2890 1748 excusationem
2909 1697 3202 1762 alfcremus,
3232 1704 3435 1769 quando

1904 1766 2006 1821 diei
2033 1769 2171 1825 illius
2197 1775 2421 1828 rationes
2450 1783 2831 1843 eXposcentur?
2857 1786 3076 1854 Propter
3102 1798 3149 1841 te
3178 1766 3261 1844 sol
3294 1802 3436 1844 ortus

1904 1866 2002 1921 est,
2036 1859 2155 1913 luna
2180 1872 2384 1917 noctem
2409 1866 2733 1934 illuminavit,
2767 1874 2936 1929 varius
2961 1876 3223 1931 stellarum
3244 1881 3434 1936 chorus

1902 1943 2125 2012 effulsit;
2159 1962 2368 2017 propter
2411 1963 2459 2005 tc
2484 1953 2738 2009 flaverant
2787 1961 2945 2026 venti,
2991 1972 3041 2015 et
3086 1963 3222 2017 fluvii
3254 1982 3435 2020 umna-

1903 2044 2022 2087 runt
2046 2051 2061 2099 ;
2088 2047 2298 2104 propter
2342 2049 2390 2093 te
2416 2042 2609 2095 semina
2632 2047 2999 2113 germinarunt,
3046 2051 3235 2118 planta:
3260 2069 3436 2110 creve-

1902 2133 2041 2183 runt,
2072 2132 2269 2178 natura:
2289 2140 2473 2180 cursus
2496 2130 2728 2183 ordinem
2757 2136 2919 2187 tenuit
2946 2151 3116 2199 suum,
3141 2139 3253 2192 dies
3277 2156 3435 2209 appa-

1901 2212 2022 2274 ruit,
2053 2225 2257 2280 noxque
2307 2218 2602 2282 pertransiit
2642 2236 2654 2270 :
2700 2219 2910 2288 hmcque
2939 2225 3108 2276 omnia
3139 2236 3349 2294 propter
3386 2239 3435 2283 to

1904 2295 2033 2349 facta
2055 2309 2174 2352 sunt
2204 2317 2218 2352 :
2248 2310 2297 2353 tu
2325 2318 2449 2356 vero
2484 2305 2637 2358 rebus
2667 2310 2854 2363 creatis
2885 2310 2973 2363 tibi
3002 2314 3432 2378 ministrantibus,

1900 2386 2089 2440 diaboli
2138 2400 2369 2458 optatum
2416 2394 2635 2461 imples?
2674 2397 2878 2451 Etcum
2927 2409 3117 2454 tantam
3148 2418 3175 2455 a
3207 2404 3311 2457 Deo
3336 2406 3433 2458 do-

1900 2493 2059 2541 mum,
2093 2479 2227 2534 hnnc
2264 2483 2502 2536 videlicet
2528 2485 2795 2546 mundum,
2827 2490 3064 2542 mercede
3101 2493 3427 2555 condnvcris,

1900 2569 2189 2621 mercedem
2241 2586 2341 2624 non
2387 2573 2606 2625 solvisti.
2663 2575 2768 2628 Nec
2814 2578 2901 2629 tibi
2952 2581 3076 2631 satis
3134 2580 3224 2633 fuit
3264 2584 3430 2648 priore

1896 2653 1980 2707 die
2002 2655 2071 2724 (b)
2103 2657 2151 2709 id
2181 2660 2365 2726 egisse,
2415 2662 2567 2714 ctiam
2619 2664 2930 2731 insequenti,
2971 2682 3089 2720 cum
3135 2683 3162 2719 τι
3209 2671 3429 2736 nequitia

1897 2743 2109 2807 pristina
2135 2746 2340 2811 paulum
2370 2749 2638 2811 quiescere
2659 2753 2991 2815 oportuisset,
3016 2754 3077 2805 ad
3108 2755 3302 2808 tbi-atra
3330 2759 3428 2811 itc-

1896 2845 2008 2881 rum
2045 2834 2409 2898 conscendisti,
2454 2850 2479 2886 a
2515 2835 2654 2889 fumo
2692 2853 2904 2892 currens
2938 2841 3001 2894 ad
3054 2844 3241 2911 ignem,
3280 2854 3429 2914 teque

1898 2917 1946 2969 in
1998 2920 2135 2972 aliud
2189 2922 2415 2975 deterius
2460 2926 2754 2978 barathrum
2807 2927 3072 2995 conjecisti
3124 2929 3212 2999 (c).
3267 2932 3428 2986 Senes

1895 3021 2052 3060 canos
2092 3023 2214 3063 suos
2250 3011 2679 3077 dehonestabant,
2713 3015 3070 3071 adolescentes
3104 3018 3427 3086 juventntcm

1895 3110 2040 3149 suam
2064 3101 2469 3167 prtecipitabant,
2499 3112 2672 3169 patres
2697 3104 2827 3159 ﬁlios
2856 3120 2978 3160 suos
3003 3123 3064 3161 eo
3082 3109 3425 3174 adducebant,

1891 3187 1992 3254 iam
2021 3203 2049 3240 a
2075 3190 2326 3257 principio
2359 3200 2560 3246 :etatem
2602 3196 2842 3261 nequitia:
2867 3207 3130 3264 expertem
3160 3200 3210 3252 in
3234 3200 3424 3269 impro-

1895 3275 2065 3331 bitatis
2093 3278 2333 3333 barathra
2357 3281 2677 3347 inducentes,
2712 3286 2781 3337 ita
2810 3295 2983 3338 utnon
3029 3289 3237 3342 aberret
3280 3292 3423 3359 quis-

1893 3369 2049 3432 piam,
2076 3370 2117 3421 si
2142 3370 2275 3433 illos,
2312 3385 2415 3424 non
2462 3380 2651 3437 patres,
2695 3375 2783 3427 sed
2810 3375 3029 3429 filiorum
3070 3378 3425 3435 interfectores

1890 3455 2133 3521 appellet,
2158 3457 2243 3523 qui
2267 3459 2490 3526 nequitia
2536 3474 2625 3512 sua
2666 3462 2887 3515 animam
2921 3464 3198 3519 liberorum
3244 3468 3292 3520 in
3321 3484 3386 3522 ex
3407 3499 3420 3508 -

1893 3543 2036 3594 itittm
2062 3544 2343 3611 impellant.
2380 3547 2550 3616 Ecqua
2584 3550 2850 3616 nequitia?
2883 3552 3100 3621 inquies.
3142 3554 3260 3609 ldco
3283 3568 3421 3611 certe

1890 3630 2060 3699 lugeo,
2100 3634 2218 3700 quia
2262 3634 2383 3687 dum
2431 3637 2611 3689 morbo
2658 3638 2893 3703 laboras,
2932 3651 3183 3710 aegrotare
3225 3653 3272 3697 te
3320 3662 3419 3698 non

1889 3722 2041 3782 nosti,
2066 3732 2120 3775 ut
2147 3723 2403 3777 medicum
2438 3741 2657 3792 quzcras.
2690 3727 2957 3782 Adulterio
2980 3731 3160 3797 plenus
3190 3734 3417 3795 evasisti,

1886 3818 1937 3861 ct
1960 3810 2265 3879 interrogas,
2291 3827 2408 3879 qua:
2429 3815 2653 3880 nequitia
2686 3814 2797 3883 (tl)?
2839 3821 3023 3870 Annon
3054 3819 3238 3873 audisti
3267 3820 3415 3873 Chri-

1886 3904 2018 3947 stum
2071 3896 2327 3951 dicentem
2374 3917 2387 3952 :
2434 3900 2529 3965 Qui
2580 3903 2777 3967 respicit
2826 3904 3077 3957 mulierem
3118 3906 3185 3957 ad
3229 3923 3411 3960 concu-

1886 3986 2166 4049 piscendum
2186 4004 2311 4051 cant,
2331 3991 2442 4056 jam
2460 3992 2723 4044 nime/ratus
2747 4002 2815 4044 est
2835 4009 2939 4044 eain
2988 3994 3193 4062 (Matth.
3218 3997 3268 4049 5.
3290 3997 3419 4063 28)?

1882 4074 2011 4136 Quid
2033 4089 2175 4141 ergo,
2209 4076 2428 4143 inquies,
2460 4079 2502 4130 si
2533 4094 2633 4132 non
2656 4081 2926 4147 respiciam
2957 4084 3018 4136 ad
3047 4086 3415 4153 conenpiscen-

1881 4160 2041 4213 dum?
2068 4162 2128 4214 Et
2158 4165 2415 4230 quomodo
2457 4166 2505 4217 id
2537 4167 2658 4218 mihi
2686 4169 2999 4233 persuadere
3028 4172 3255 4238 poteris?
3289 4173 3416 4229 Nam

1880 4252 1967 4317 qui
2011 4252 2075 4304 ab
2120 4262 2329 4318 aspectu
2386 4270 2488 4306 non
2535 4263 2785 4323 temperat
2827 4256 2931 4329 (e);
2980 4262 3082 4314 imo
3130 4264 3215 4330 qui
3275 4274 3415 4318 tanto

1880 4340 2050 4393 studio
2074 4341 2136 4393 ad
2162 4341 2208 4393 id
2232 4343 2500 4407 incumbit,
2519 4347 2781 4412 quomodo
2800 4358 2915 4415 post
2939 4362 3203 4417 aspectum
3229 4357 3416 4421 poterit

1878 4444 1904 4480 a
1932 4429 2046 4482 labe
2078 4445 2233 4496 purus
2272 4434 2585 4485 remanere?
2612 4438 2687 4487 An
2723 4436 2852 4503 lapis
2894 4452 3085 4505 corpus
3123 4443 3310 4494 tuum?
3347 4459 3412 4496 an

1880 4518 2104 4569 ferrum?
2130 4519 2293 4571 Carne
2332 4521 2679 4573 circumdatus
2730 4537 2807 4587 cs,
2857 4538 3034 4588 carne,
3063 4526 3290 4593 inquam,
3322 4529 3416 4581 hn-

1878 4620 2046 4668 mana,
2079 4622 2193 4673 quac
2238 4609 2464 4661 velocius
2506 4623 2658 4676 quam
2692 4608 2886 4662 faenum
2925 4626 2952 4662 a
2994 4615 3411 4681 concupiscentia

1878 4694 2183 4746 incenditur.

1946 4802 2230 4855 Scortorum
2271 4804 2321 4852 in
2352 4804 2553 4854 theatris
2590 4804 2823 4867 impudici
2875 4817 3058 4874 gestus.
3106 4838 3177 4849 —
3213 4810 3407 4880 Ecquid

1874 4891 2128 4944 theatrum
2182 4893 2451 4945 memoro?
2490 4892 2543 4943 In
2573 4892 2685 4945 foro
2726 4910 2865 4962 saepe
2910 4898 2951 4948 si
2997 4899 3197 4953 mulieri
3225 4915 3409 4955 occur-

1931 5089 2000 5149 (a)
2036 5089 2085 5135 ld
2108 5094 2201 5149 cst,
2218 5094 2277 5149 ut
2298 5100 2406 5133 mox
2432 5087 2694 5149 apparebit,
2709 5099 2748 5149 Ae
2772 5086 2904 5136 Circo
2926 5088 2982 5135 ad
3009 5088 3265 5137 theatrum.

1930 5146 2000 5208 (ll)
2035 5146 2170 5208 Prior
2193 5147 2293 5195 dies
2319 5153 2395 5194 est
2416 5147 2521 5193 dies
2534 5146 2746 5208 Veneris
2768 5154 2878 5208 aute
2901 5149 3086 5195 Pascha.
3111 5156 3171 5197 Eo
3200 5152 3277 5198 die
3302 5150 3405 5199 fue-

1873 5205 2037 5257 rant'ia
2060 5207 2193 5254 Circo
2234 5221 2247 5255 :
2290 5208 2369 5253 die
2410 5207 2621 5265 proximo
2660 5205 2842 5252 Sabbati
2864 5213 2975 5255 ante
3000 5208 3172 5256 Pascha
3193 5210 3407 5261 adierant

1870 5272 2121 5317 theatrum.

1929 5329 1995 5387 (c)
2033 5326 2084 5372 lu
2124 5333 2297 5383 Graeco,
2333 5338 2461 5380 καθιίς,
2503 5325 2593 5372 hoc
2638 5328 2716 5373 est
2758 5326 2967 5387 proprie,
3011 5326 3253 5377 dcrmsisti.
3306 5338 3402 5379 Mox

1871 5385 1994 5433 enim
2018 5387 2175 5437 docet.
2204 5387 2442 5447 theatrum
2469 5388 2603 5444 pejus
2622 5396 2729 5431 esse
2761 5385 2907 5432 Circo.
2935 5392 3061 5436 liene
3084 5400 3239 5437 au'cm
3262 5390 3401 5447 dixit,

1868 5449 2120 5495 demittere
2142 5458 2195 5491 se
2220 5447 2264 5491 in
2289 5445 2576 5506 barathrum,
2593 5450 2836 5506 tamquam
2863 5448 2908 5492 in
2935 5448 3086 5496 locum
3105 5445 3401 5506 profundum.

1930 5507 2003 5565 (d)
2036 5508 2115 5565 Itis
2135 5518 2321 5565 prorsus
2342 5501 2507 5565 similia
2532 5503 2675 5549 habet
2697 5501 2743 5565 ιλ
2761 5502 2839 5557 IV,
2859 5511 2986 5565 Itoni.
3017 5509 3044 5565 δ
3068 5501 3127 5552 de.
3151 5509 3319 5557 Davide
3352 5517 3399 5558 et

1868 5563 2019 5622 sutile,
2038 5564 2127 5612 col.
2150 5564 2256 5618 603,
2281 5563 2444 5609 iisdem
2461 5575 2590 5620 swpe
2612 5563 2787 5608 verbis.
2813 5564 3202 5620 .tlontcﬂzlconius.

1929 5627 1993 5686 (ετ)
2029 5625 2082 5671 In
2107 5629 2280 5686 Greco,
2306 5635 2369 5669 τις
2410 5634 2576 5686 οιωρήεαι
2596 5634 2642 5679 μή
2664 5638 2811 5680 mm,
2838 5624 3085 5686 quzehune
3108 5638 3297 5673 sensum
3318 5640 3398 5673 ex-

1868 5679 2053 5745 hitic'at,
2074 5679 2152 5744 qui
2174 5690 2225 5728 se
2238 5692 2269 5727 α
2290 5679 2564 5740 spectaculis
2585 5692 2672 5727 non
2692 5679 2837 5739 potest
2858 5679 3085 5733 cohibere.
