4112 6476
662 391 773 449 267

664 511 840 552 ramus
860 539 874 564 ,
921 501 1281 567 perlurbamur
1309 519 1321 555 :
1353 512 1407 557 tu
1450 519 1573 558 vero
1611 519 1832 573 superne
1862 506 2082 569 sedens,
2111 503 2196 557 ubi

665 598 862 645 tantum
900 602 979 646 est
999 594 1062 647 ad
1086 595 1449 663 turpitudinem
1481 596 1886 660 incitamentum,
1920 595 2066 650 vides
2087 611 2198 648 mu-

668 679 844 733 lierem
865 681 936 752 (a)
966 683 1102 735 nudo
1121 684 1289 750 capite
1313 698 1428 737 cum
1459 685 1771 752 impudentia
1800 700 1982 752 magna
2002 686 2198 738 intran-

667 777 767 821 tem
796 809 809 834 ,
841 771 1011 824 aureis
1063 771 1292 824 indutam
1335 772 1672 832 vestimentis.
1704 772 1926 826 delicato
1953 772 2198 839 mollique

665 870 809 927 gestu
837 861 1299 924 utentem,cantica
1331 861 1614 914 meretricia
1656 870 1948 925 canentem,
1969 862 2195 913 carmina

675 950 891 1014 lubrica,
922 950 1085 1017 turpia
1131 949 1286 1002 verba
1331 949 1700 1017 proferentem,
1732 961 1939 1018 tamque
1981 951 2197 1015 Itin-iter

666 1048 937 1106 agentem,
983 1053 1135 1106 quam
1179 1047 1233 1091 tu
1280 1047 1426 1106 potes
1451 1039 1538 1106 qui
1582 1038 1723 1091 vides
1751 1039 1799 1090 in
1831 1046 2002 1091 mente
2026 1038 2199 1090 conci-

669 1141 811 1193 pere,
845 1136 897 1178 tu
941 1132 991 1178 te
1021 1126 1234 1179 inclinas
1264 1135 1320 1178 ut
1365 1125 1610 1190 respicias
1632 1165 1645 1188 ,
1675 1135 1726 1178 et
1766 1125 1925 1178 audes
1950 1124 2121 1177 dicere
2151 1133 2197 1176 tc

665 1214 794 1267 nihil
826 1214 1101 1266 humanum
1127 1215 1271 1281 pati?
1300 1213 1429 1266 Nunt
1468 1228 1657 1282 corpus
1701 1223 1841 1267 tuum
1871 1214 2030 1281 lapis,
2077 1229 2196 1265 num

665 1304 857 1358 ferrum
879 1305 996 1358 est?
1038 1304 1214 1370 Neque
1255 1305 1392 1355 enim
1422 1303 1602 1355 eadem
1648 1314 1882 1371 repetere
1925 1303 2191 1371 gravabor.

667 1391 921 1458 Numquid
953 1400 1004 1443 tu
1044 1392 1240 1458 majore
1267 1390 1588 1457 philosophia
1618 1390 1896 1442 instructus
1924 1403 1981 1442 es
2006 1429 2020 1452 ,
2043 1403 2194 1456 quam

666 1481 835 1549 magni
861 1481 932 1534 illi
961 1493 1021 1532 ac
1047 1481 1242 1532 strenui
1267 1481 1380 1540 viri,
1402 1480 1486 1546 qui
1512 1493 1599 1547 per
1621 1479 1907 1545 simplicem
1932 1489 2196 1544 aspectum

667 1571 910 1638 prostrati
933 1570 1093 1623 sunt?
1130 1573 1311 1622 Annon
1335 1567 1519 1620 audisti
1550 1568 1877 1622 Salomonem
1904 1567 2155 1620 dicentem
2182 1582 2196 1619 :

671 1658 966 1710 Ambulabit
1002 1660 1112 1726 quis
1146 1674 1295 1723 super
1337 1659 1584 1709 carbones
1625 1657 1788 1724 ignis,
1828 1665 1876 1708 et
1909 1655 2058 1722 pedes
2098 1669 2197 1704 non

666 1749 962 1802 comburat?
992 1747 1193 1816 Ligabit
1226 1750 1338 1817 quis
1371 1749 1536 1817 ignem
1567 1748 1619 1799 in
1655 1747 1792 1809 sinu,
1825 1755 1872 1798 et
1901 1746 2200 1798 uestimenta

666 1855 768 1892 non
803 1838 1070 1892 intendet?
1105 1837 1191 1891 Sic
1231 1840 1317 1907 qui
1353 1837 1638 1907 ingreditur
1672 1838 1737 1889 ad
1773 1838 2037 1888 mulierem
2075 1833 2202 1885 alie-

665 1944 786 1982 nam
821 1927 997 1998 (Prov.
1023 1929 1078 1982 6.
1111 1929 1201 1982 28.
1228 1928 1314 1981 27.
1349 1936 1397 1981 et
1427 1927 1534 1995 ΞΘ).
1570 1927 1681 1981 Etsi
1707 1927 1846 1981 enim
1871 1941 1992 1978 cum
2025 1937 2200 1978 mere-

668 2014 796 2066 trice
831 2027 932 2066 non
963 2012 1184 2070 coivisti,
1214 2022 1262 2062 at
1289 2011 1707 2077 concupiscentia
1734 2025 1850 2062 eum
1877 2012 1956 2062 illa
1984 2011 2198 2077 copula-

667 2111 748 2156 tus
776 2116 832 2156 es
853 2142 867 2166 ,
893 2110 942 2154 et
970 2101 1141 2154 animo
1163 2107 1425 2167 peccatum
1452 2099 1776 2167 perpetrasti.
1796 2098 1972 2166 Neque
2000 2107 2197 2151 tantum

672 2191 760 2244 illo
786 2201 1048 2258 tempore,
1073 2204 1250 2242 verum
1278 2188 1432 2242 etiam
1476 2189 1645 2240 soluto
1675 2187 1901 2250 theatro,
1929 2196 2198 2254 postquam

669 2280 752 2332 illa
780 2278 1036 2339 discessit,
1068 2277 1180 2342 ejus
1221 2277 1388 2340 imago
1418 2277 1468 2327 in
1513 2284 1694 2328 mente:
1713 2283 1796 2326 tua
1841 2274 2047 2337 insidet,
2083 2289 2197 2326 ver-

672 2370 754 2428 ba,
789 2366 1012 2427 habitus,
1041 2373 1303 2431 aSpeetns,
1331 2364 1563 2415 incessus
1585 2401 1598 2424 ,
1630 2362 1881 2428 elegantia
1912 2361 2005 2427 (ἡ),
2034 2375 2199 2413 mem-

671 2459 757 2508 bra
782 2454 1072 2508 meretricia
1112 2451 1188 2520 (ε)
1218 2467 1231 2511 ;
1264 2465 1324 2502 ac
1345 2447 1605 2503 sexcentis
1643 2447 1868 2514 acceptis
1894 2447 2199 2500 vulneribus

667 2543 910 2596 discedis.
943 2543 1125 2594 Annon
1158 2537 1274 2590 inde
1294 2537 1564 2589 domorum
1600 2533 2000 2588 subversiones?
2026 2547 2198 2585 annon

670 2631 789 2684 inde
817 2627 1146 2682 continentia:
1173 2624 1464 2694 pernicies?
1487 2637 1656 2675 annon
1684 2622 1802 2674 inde
1826 2619 2201 2674 connubiorum

673 2718 886 2771 divortia
912 2717 932 2767 ‘i
963 2731 1132 2767 annon
1162 2712 1281 2765 inde
1309 2711 1422 2763 lites
1447 2709 1684 2777 etjurgia
1705 2710 1728 2761 ‘l
1747 2724 1917 2762 annon
1946 2707 2066 2761 inde
2093 2722 2205 2760 mo-

679 2807 830 2859 lestia:
856 2813 909 2858 et
952 2802 1099 2855 tardia
1149 2801 1284 2853 nulla
1311 2801 1512 2851 ratione
1553 2797 1722 2850 fulta?
1758 2798 2034 2865 Postquam
2062 2796 2199 2849 enim

675 2899 753 2954 Illa
778 2896 1005 2963 repletus
1030 2891 1228 2944 rediisti
1256 2889 1506 2956 captivus,
1537 2887 1626 2940 tibi
1653 2901 1782 2940 uxor
1802 2885 2127 2953 injucundior
2151 2894 2203 2938 et

671 2983 952 3038 tlclormior
977 2980 1198 3037 videtur.
1238 2985 1288 3030 et
1315 2976 1462 3029 liberi
1499 2975 1919 3043 importuniores,
1949 2982 2000 3027 et
2026 2972 2201 3025 famuli

653 3072 897 3132 .oncrosi,
924 3069 1106 3121 domus
1127 3067 1331 3118 fastidio
1357 3074 1454 3125 est,
1482 3064 1746 3128 solitaque
1774 3077 1910 3114 cum
1933 3066 1995 3113 ad
2019 3061 2201 3113 dome-

670 3163 796 3215 stiea
841 3156 1236 3221 necessarioque
1279 3151 1480 3220 negotia
1528 3149 1749 3218 gerenda
1799 3148 2032 3200 molesta:
2077 3163 2089 3197 :
2143 3159 2202 3200 ac

676 3248 904 3319 quisquis
938 3245 1135 3298 accedit
1163 3241 1309 3296 oneri
1342 3239 1429 3292 tibi
1458 3247 1609 3306 atque
1652 3238 1975 3303 importunus
2000 3242 2096 3288 est.

738 3340 792 3392 ὅ.
817 3337 867 3389 1η
898 3350 1051 3388 causa
1080 3342 1252 3386 autem
1284 3329 1405 3382 illud
1438 3336 1537 3392 est,
1557 3327 1692 3395 quod
1718 3340 1818 3378 non
1840 3325 1979 3378 solus
1994 3323 2202 3376 domum

675 3427 856 3482 redeas
881 3464 895 3486 ,
925 3423 1013 3476 sed
1058 3419 1381 3474 meretricem
1414 3425 1578 3469 tecum
1630 3415 1787 3467 ducas
1829 3431 1841 3464 :
1875 3427 1974 3465 non
2000 3411 2165 3479 palam
2186 3449 2200 3474 ,

674 3532 772 3573 non
813 3523 1030 3583 aperte;
1063 3511 1111 3563 id
1160 3509 1297 3578 quod
1345 3520 1469 3558 sane
1515 3503 1833 3557 tolerabilius
1876 3512 2050 3562 esset;
2085 3516 2202 3552 nam

671 3621 799 3659 uxor
828 3604 962 3657 illam
983 3601 1085 3654 cito
1101 3597 1383 3666 depelleret
1409 3611 1420 3646 ε
1452 3593 1541 3647 sed
1566 3594 1615 3645 in
1641 3593 1832 3654 animo,
1860 3592 1908 3642 in
1932 3589 2201 3643 conscien-

668 3699 736 3748 tia
757 3692 1085 3751 insidentem,
1112 3697 1164 3741 et
1190 3678 1555 3753 Babylonicam
1582 3681 1839 3733 flammam
1871 3681 2005 3732 intus
2025 3693 2205 3731 accen-

667 3784 912 3842 tlcntem;
953 3779 1056 3830 imo
1096 3776 1386 3843 graviorem
1416 3789 1427 3822 :
1461 3786 1562 3823 non
1599 3771 1738 3823 enim
1767 3778 1947 3836 stupa,
1979 3767 2204 3834 naphtha

667 3883 718 3924 et
744 3871 848 3939 pix.
880 3867 970 3920 sed
1000 3880 1113 3933 qua:
1143 3877 1297 3930 supra
1325 3859 1568 3921 diximus,
1593 3871 1709 3911 esca
1741 3856 1878 3909 illius
1907 3856 2039 3924 ignis
2061 3863 2201 3917 sunt,

667 3969 720 4013 et
746 3957 917 4011 omnia
944 3967 1033 4006 sus
1062 3953 1228 4020 deque
1253 3956 1480 4002 vertunt.
1505 3951 1578 3999 Ac
1603 3944 2035 4013 quemadmodum
2067 3943 2098 3994 ii
2120 3944 2202 4010 qui

669 4049 796 4103 febri
825 4047 1080 4109 laborant,
1108 4041 1203 4096 etsi
1227 4040 1419 4093 nullam
1443 4052 1531 4091 eos
1552 4036 1636 4105 qui
1665 4037 1762 4089 sibi
1790 4036 2088 4087 ministrant
2108 4034 2207 4086 cri-

669 4136 896 4194 minandi
939 4147 1146 4188 causam
1195 4131 1454 4192 habeant,
1486 4127 1552 4180 ob
1593 4124 1756 4178 morbi
1785 4125 1886 4175 vim
1928 4123 2206 4190 importuni

669 4226 912 4280 omnibus
941 4230 1060 4274 sunt
1085 4261 1096 4280 ,
1127 4218 1369 4271 alimenta
1392 4214 1673 4282 repellunt,
1702 4211 1931 4265 medicos
1963 4209 2096 4262 male
2117 4224 2204 4262 ac-

669 4316 869 4386 cipiunt
898 4310 999 4380 (ά),
1032 4306 1364 4360 familiaribus
1407 4304 1732 4362 irascuntur,
1775 4307 1952 4352 contra
1989 4297 2207 4349 famulos

668 4408 814 4463 rabie
845 4405 1114 4458 feruntur:
1145 4396 1220 4450 sic
1248 4393 1334 4463 qni
1376 4392 1474 4447 hoc
1516 4389 1658 4458 gravi
1701 4388 1883 4440 morbo
1921 4393 2161 4439 tenentur
2187 4422 2204 4446 ,

668 4492 890 4560 inquieti
914 4501 1055 4548 sunt,
1093 4487 1454 4554 indignantur,
1486 4493 1696 4544 semper
1723 4477 1860 4528 illam
1897 4488 2006 4543 pra:
2034 4470 2204 4525 oculis

670 4584 944 4637 habentes.
988 4576 1030 4629 Ο
1071 4591 1155 4629 res
1198 4569 1618 4640 indignissimasl
1662 4566 1858 4631 Lupus,
1902 4563 2004 4625 leo,
2052 4570 2207 4614 caete-

671 4686 849 4739 neque
893 4669 1016 4722 ferae
1062 4663 1263 4732 sagittis
1308 4659 1559 4727 impetitae
1608 4654 1816 4722 fugiunt
1862 4660 2202 4703 venatorem:

675 4765 834 4816 homo
855 4767 1028 4810 autem
1053 4753 1258 4805 ratione
1279 4747 1554 4817 praeditus,
1589 4742 1914 4802 vulneratus,
1951 4753 2066 4791 eam
2091 4753 2208 4804 qua:

677 4851 845 4917 ipsum
872 4840 1164 4897 vulneravit
1182 4836 1438 4902 sequitur,
1463 4834 1533 4885 ita
1555 4841 1614 4884 ut
1643 4830 1795 4896 longe
1817 4825 2025 4895 gravius
2051 4825 2210 4877 telum

677 4914 919 5002 excipiat,
950 4941 1000 4983 ct
1024 4930 1074 4981 in
1100 4929 1316 4980 vulnere
1346 4923 1444 4977 sibi
1472 4922 1703 4989 placeat;
1725 4916 1863 4984 quod
1880 4925 1959 4968 est
1977 4914 2211 4966 omnium

679 5000 1097 5080 acerbissimum,
1124 5014 1474 5078 morbnmque
1500 5005 1843 5060 insanabilem
1876 5001 2051 5054 efficit.
2082 5000 2210 5051 Nam

733 5177 807 5234 (τι)
843 5173 894 5219 ιη
916 5179 1091 5234 στερη.
1116 5177 1257 5234 ξένην»
1277 5163 1366 5234 ιιρε
1391 5165 1480 5212 οειν
1507 5149 2208 5234 εῑιθῑειζέςεξιμὲ.ίξ.ηιξ¹ξτξιε’.Ξὲ

673 5208 1486 5294 (ξξῖὲξέωδιωιωδζ
1507 5221 1630 5269 Mox,
1652 5212 1778 5258 nudo
1802 5208 1983 5269 capite;
2009 5208 2054 5255 id
2080 5210 2205 5255 enim

672 5273 1073 5343 biiﬁi'iifaéébr’um
1090 5273 1369 5332 habebatur.
1585 5331 1596 5343 .
1648 5329 1677 5343 Δ,
1857 5328 1885 5343 γ,
1901 5341 1908 5343 Α
1925 5342 1941 5343 ἡ
1955 5324 2041 5343 ___‘_,

735 5328 1285 5412 ξ’ὁ)”ίῖἱ”‹ῖῖιέῐ>ὶὲᾆ,ἷρῖιθμδςτ
1302 5352 1324 5396 ἡ
1347 5328 2087 5412 δυάιεξΐκιῖἶέυὲἡἮξξιηῗῖἔίέίέηίαν
2104 5340 2207 5374 5”"

673 5390 1231 5473 rhiiiiéiin'iniéiiigéiui
1255 5390 1324 5445 de
1341 5390 1498 5444 cantu.
1523 5390 2109 5473 silvnéntieﬁnlgtiggtimm'
2122 5448 2184 5473 Μ

1015 5452 1185 5517 (itaita,
1232 5469 1316 5517 itin
1361 5466 1524 5515 ιορνυιά,
1556 5452 1668 5497 licet
1703 5452 1843 5495 etiam
1886 5452 2204 5502 interpretati,

675 5529 948 5582 meretricia:
972 5529 1219 5572 cautiones.
1728 5581 1731 5582 ν

733 5562 947 5580 Mm...”
972 5562 1219 5572 ..........----
1796 5569 1802 5575 ν

733 5593 811 5652 (ά)
848 5590 898 5637 lu
942 5594 1096 5652 Grasse
1124 5615 1137 5639 ,
1173 5589 1384 5652 τιεξςοντις,
1409 5586 1515 5635 qua:
1561 5583 1654 5619 vox
1695 5567 1866 5616 melius
1902 5562 2204 5618 redderetur,

677 5641 910 5707 accusant,
930 5641 1289 5706 reprehendunt.

1319 394 1372 448 S.
1413 393 1681 450 JOANNIS
1717 394 2174 453 CHRYSOSTOMI
2213 396 2521 453 ARCUIEP.
2559 397 3076 458 CONSTANTINOP.

3732 408 3844 463 268

2309 509 2396 576 qui
2426 507 2576 562 ulcus
2596 524 2695 562 non
2726 510 2835 563 odit
2858 551 2872 575 ,
2899 525 3066 578 neque
3089 510 3153 563 ab
3176 525 3239 564 eo
3271 510 3471 563 liberari
3501 512 3674 577 cupit,
3704 525 3834 576 quo.

2303 597 2456 650 modo
2493 598 2746 652 medicum
2775 599 3017 666 quierat?
3054 598 3172 652 Ideo
3209 599 3386 652 dolore
3429 597 3624 651 afficior
3657 638 3674 663 ,
3722 599 3839 652 ideo

2303 685 2586 738 discrucior
2606 726 2619 746 ,
2651 687 2768 753 quia
2801 695 2939 740 tanta
2978 697 3185 754 accepta
3217 689 3441 754 pernicie
3470 687 3591 740 itide
3613 688 3840 742 discedi-

2306 775 2369 825 tis
2391 813 2405 834 ,
2437 783 2487 825 et
2510 782 2719 839 propter
2744 775 2979 841 exiguam
3008 775 3321 842 voluptatem
3353 784 3660 843 perpetuum
3691 774 3841 829 fertis

2304 861 2556 913 dolorem.
2589 861 2792 914 Etenim
2833 872 2952 915 ante
2997 863 3285 930 gehennam
3326 873 3378 916 et
3406 863 3713 933 supplicium
3756 863 3841 916 hic

2304 955 2562 1000 extremas
2598 964 2625 999 a
2652 948 2794 1001 vobis
2821 963 3000 1016 pinnas
3026 951 3322 1017 exposcitis.
3352 952 3535 1004 Annon
3583 951 3684 1004 hoc
3704 991 3719 1014 ,
3754 951 3839 1003 dic

2305 1035 2451 1098 mihi,
2482 1047 2770 1088 extremum
2800 1037 3108 1104 supplicium
3135 1049 3232 1102 est,
3268 1039 3419 1091 talem
3459 1039 3839 1108 concupiscen-

2309 1125 2429 1176 tiam
2453 1125 2612 1189 alere,
2643 1138 2890 1193 perpetuo
2914 1128 2989 1178 uri
3016 1167 3029 1190 ,
3057 1137 3110 1180 et
3140 1127 3402 1181 fornacem
3438 1129 3647 1181 absurdi
3688 1144 3834 1180 amo-

2304 1213 2375 1266 ris
2405 1213 2596 1280 ubique
2639 1213 2976 1267 circumferre
2995 1253 3008 1274 .
3040 1229 3237 1268 necnon
3264 1217 3597 1270 conscientia:
3626 1233 3841 1269 accusa-

2304 1301 2540 1354 tionem?
2592 1302 2861 1366 Quomodo
2901 1303 2963 1356 ad
3013 1303 3185 1355 limina
3241 1304 3325 1356 illa
3376 1319 3518 1357 sacra
3584 1304 3840 1358 accedes?

2304 1389 2563 1456 quomodo
2590 1399 2767 1458 tanges
2810 1392 3070 1444 czeleSIem
3119 1406 3347 1445 mensam
3368 1397 3390 1442 Υ
3416 1391 3698 1456 Quomodol
3731 1407 3842 1444 ser-

2307 1492 2486 1531 mones
2511 1477 2578 1531 de
2606 1479 2922 1531 continentia
2967 1480 3235 1532 auditurus
3259 1495 3334 1541 es,
3364 1481 3625 1533 ulceribus
3656 1482 3841 1548 plenus

2307 1568 2562 1636 tantisque
2591 1568 2910 1632 vulneribus,
2931 1570 3265 1635 animumque
3291 1570 3484 1623 habens
3510 1570 3628 1623 huic
3654 1571 3840 1623 morbo

2304 1655 2654 1710 servientem?
2675 1655 2868 1723 Ecquid
2895 1670 3024 1722 Opus
3051 1665 3127 1709 est
3153 1656 3248 1708 alia
3281 1657 3496 1708 dicere?
3526 1657 3604 1709 Ex
3636 1657 3698 1709 iis
3722 1672 3838 1723 qua:

2305 1761 2440 1800 nunc
2467 1745 2602 1813 apud
2645 1761 2739 1800 nos
2769 1757 2988 1815 aguntur
3025 1746 3145 1798 licet
3185 1746 3340 1797 animi
3379 1745 3611 1798 dolorem
3641 1745 3840 1812 perspi-

2303 1851 2442 1890 cere.
2471 1835 2583 1889 Jam
2613 1836 2751 1888 enim
2773 1835 2920 1888 video
2940 1833 3211 1903 quosdam,
3231 1835 3319 1900 qui
3347 1833 3465 1884 dum
3495 1831 3605 1886 ha'e
3634 1833 3837 1899 loquor,

2305 1925 2500 1978 frontes
2530 1925 2623 1977 sibi
2652 1925 2963 1992 percutiunt,
2993 1924 3308 1991 multamque
3335 1923 3478 1976 vobis
3499 1924 3715 1990 gratiam
3748 1922 3841 1973 ha-

2305 2013 2422 2075 beo,
2453 2013 2588 2081 quod
2611 2013 2830 2080 populus
2858 2012 2969 2065 sitis
2994 2013 3440 2066 commiseratione
3468 2011 3668 2078 plenus.
3708 2011 3840 2062 Puto

2305 2112 2477 2158 autem
2503 2103 2694 2155 multos
2724 2102 2943 2155 fortasse
2972 2116 3149 2155 eorum
3182 2102 3267 2168 qui
3299 2101 3424 2153 nihil
3471 2107 3754 2167 peccarnnt
3785 2099 3835 2151 id

2303 2205 2475 2261 agere,
2495 2192 2730 2245 dolentes
2757 2191 2821 2244 de
2841 2189 3055 2244 fratrum
3089 2191 3404 2243 vulneribus.
3438 2188 3712 2255 PrOptvrea
3738 2188 3838 2240 do-

2305 2285 2387 2338 leo
2411 2293 2463 2336 et
2488 2283 2796 2344 discrucior,
2827 2281 2964 2349 quod
3006 2281 3157 2334 talem
3208 2293 3412 2347 gregem
3442 2278 3673 2331 diabolus
3719 2292 3839 2342 pes-

2307 2374 2529 2427 snmdet.
2582 2372 2768 2425 Verum
2798 2372 2838 2422 si
2869 2369 3151 2428 volueritis,
3182 2370 3286 2420 cito
3327 2367 3400 2418 illi
3440 2369 3722 2432 ingressum
3747 2367 3844 2415 ob-

2307 2469 2582 2513 struemus.
2609 2457 2880 2524 Quomodo
2903 2467 2955 2510 et
2977 2472 3076 2524 qua
3101 2456 3337 2508 ratione?
3366 2454 3418 2508 Si
3443 2454 3673 2507 infirmos
3706 2453 3841 2506 bona

2308 2547 2602 2602 valetudine
2627 2562 2743 2600 esse
2771 2547 3074 2599 videamus:
3106 2546 3148 2598 si
3187 2545 3438 2598 doctrina:
3479 2545 3604 2596 retia
3635 2557 3843 2610 expan-

2307 2636 2488 2689 dentes
2535 2635 2911 2688 circumeamus
2954 2633 3224 2700 quirsitum
3253 2645 3344 2684 eos
3383 2631 3524 2697 quia
3555 2629 3678 2682 feris
3702 2630 3844 2695 capti

2307 2736 2446 2789 sunt,
2478 2733 2530 2778 et
2551 2738 2610 2776 ex
2643 2722 2764 2791 ipsis
2794 2722 2960 2775 leonis
2981 2719 3212 2773 faucibus
3237 2735 3329 2773 eos
3355 2717 3730 2771 abstrahamus.
3767 2717 3845 2770 Nc

2309 2812 2432 2865 mihi
2454 2811 2597 2864 dicas
2626 2827 2637 2862 :
2682 2810 2840 2864 Pauci
2889 2818 3010 2863 sunt
3060 2809 3092 2861 ii
3135 2809 3221 2876 qui
3251 2823 3279 2860 a
3313 2821 3471 2876 grege
3497 2815 3616 2857 sunt
3649 2807 3841 2858 avulsi.

2311 2903 2523 2955 Etiamsi
2550 2901 2727 2953 decem
2759 2907 2954 2951 tantum
2985 2896 3205 2959 fuerint,
3232 2910 3332 2948 non
3365 2907 3574 2962 parvum
3608 2893 3726 2944 hinc
3751 2893 3848 2944 de-

2310 2990 2607 3041 trimentum
2642 3005 2653 3039 :
2685 2985 2890 3038 etiamsi
2941 2986 3188 3052 quinque,
3239 2982 3321 3036 vel
3368 2981 3503 3042 duo,
3551 2983 3632 3034 vel
3686 2997 3843 3034 unus.

2307 3074 2734 3143 Quandoquidem
2761 3075 2917 3127 etiam
2948 3081 3122 3139 pastor
3150 3071 3235 3123 ille
3255 3109 3268 3133 ,
3302 3069 3417 3121 ideo
3455 3069 3650 3122 relictis
3678 3083 3846 3119 nona-

2308 3167 2447 3234 ginta
2470 3178 2654 3216 novem
2676 3161 2880 3224 ovibus,
2902 3161 2966 3213 ad
2993 3174 3142 3212 unam
3170 3159 3417 3221 cucurrit,
3449 3172 3543 3209 nec
3570 3157 3720 3208 rediit
3745 3156 3848 3208 do-

2309 3269 2405 3309 nec
2433 3255 2568 3308 illam
2597 3251 2902 3314 reduceret,
2935 3257 2988 3304 et
3017 3247 3390 3302 claudicantem
3422 3256 3630 3298 centum
3660 3245 3843 3296 ovium

2311 3355 2580 3396 numerum
2603 3379 2616 3402 ,
2650 3353 2744 3406 per
2791 3336 3167 3391 restitutionem
3217 3335 3330 3402 ejus
3350 3372 3364 3396 ,
3393 3348 3507 3400 qua:
3536 3343 3806 3386 erraverat
3831 3374 3848 3398 ,

2309 3429 2591 3497 complevit
2619 3429 2636 3494 (
2667 3425 2847 3477 Matth.
2889 3424 2971 3477 18.
3005 3423 3070 3476 12
3171 3422 3245 3476 Ne
3271 3422 3432 3485 dicas,
3462 3436 3616 3473 unum
3647 3431 3849 3474 tantum

2310 3535 2425 3573 csse
2458 3535 2470 3570 :
2511 3518 2604 3572 sed
2629 3516 2793 3584 cogita
2816 3554 2828 3577 ,
2857 3528 2976 3568 esse
3002 3514 3249 3576 animam,
3292 3520 3505 3579 propter
3533 3525 3688 3577 quam
3718 3512 3850 3563 visi-

2311 3610 2432 3661 bilia
2463 3608 2634 3660 omnia
2683 3605 2815 3658 facta
2862 3613 3015 3666 sunt;
3047 3610 3258 3670 propter
3277 3615 3429 3668 quam
3459 3599 3619 3667 leges,
3648 3599 3854 3665 suppli.

2309 3700 2408 3765 cia,
2433 3705 2620 3751 statuta
2649 3702 2995 3760 sexeentaque
3025 3690 3266 3744 miracula
3290 3697 3504 3755 patrata,
3526 3688 3855 3754 diversaeque

2310 3790 2400 3842 Dei
2422 3785 2788 3855 operationes;
2833 3790 3042 3850 pr0pter
3085 3792 3239 3845 quam
3290 3790 3388 3829 nec
3426 3773 3702 3842 Unigenito
3751 3788 3851 3827 suo

2310 3878 2564 3948 pepercit.
2595 3874 2772 3942 Cogita
2801 3880 3050 3939 quantum
3101 3881 3194 3934 pro
3227 3879 3328 3918 uno
3356 3864 3422 3916 sit
3451 3864 3672 3930 pretium
3701 3861 3852 3914 solu-

2312 3980 2436 4033 tum,
2461 3981 2521 4019 ae
2550 3979 2614 4018 ne
2641 3959 2985 4033 parvipendas
3021 3959 3133 4024 ejus
3159 3955 3374 4008 salutem
3401 3991 3414 4015 ,
3453 3949 3541 4004 sed
3571 3949 3852 4003 discedens

2310 4057 2460 4110 nobis
2498 4053 2658 4107 reduc
2683 4050 2847 4113 illum,
2881 4045 3040 4099 suade
3068 4043 3140 4097 illi
3183 4055 3249 4095 ne
3277 4041 3328 4092 in
3359 4037 3498 4106 paria
3531 4035 3764 4099 incidat,
3794 4045 3852 4090 e:

2309 4145 2651 4200 sufficientem
2676 4141 2928 4192 habemus
2954 4132 3325 4188 defensionem.
3359 4127 3448 4182 Sin
3478 4140 3575 4180 nec
3601 4138 3697 4178 nos
3719 4139 3852 4178 con-

2311 4233 2565 4292 sulentes,
2607 4243 2702 4280 nec
2729 4240 2821 4277 vos
2870 4223 3136 4275 hortantes
3162 4218 3315 4281 ferat,
3352 4221 3607 4283 potestate
3634 4212 3851 4265 demum

2312 4332 2425 4373 utar
2445 4333 2503 4372 ea
2527 4357 2541 4378 ,
2570 4330 2720 4382 quam
2757 4313 2894 4366 Deus
2924 4308 3073 4362 nobis
3105 4305 3250 4360 dedit
3278 4317 3380 4357 non
3419 4301 3485 4354 ad
3530 4299 3850 4354 destructio-

2312 4422 2454 4473 nem,
2482 4404 2570 4459 sed
2592 4403 2654 4456 ad
2684 4397 3101 4454 mdiﬁcationem.

2379 4471 2584 4549 L'ldeo
2634 4487 2860 4557 prmdico
2885 4523 2900 4550 ,
2947 4491 3002 4536 et
3044 4479 3312 4548 perspicua
3363 4489 3492 4529 voce
3527 4472 3735 4527 clamo:
3791 4471 3852 4526 Si

2311 4585 2424 4653 quis
2452 4588 2567 4650 post
2615 4577 2748 4629 hanc
2783 4570 3198 4626 cobet-tationem
3229 4574 3383 4631 atque
3421 4561 3707 4616 doctrinam
3733 4597 3746 4619 ,
3780 4559 3852 4611 ad

2313 4649 2538 4741 iniquam
2569 4667 2890 4720 theatrorum
2938 4656 3223 4727 perniciem
3271 4651 3538 4713 defecerit,
3567 4664 3669 4702 non
3698 4649 3854 4700 illum

2314 4736 2444 4818 intra
2490 4762 2600 4812 lucc
2646 4762 2791 4822 septa
2831 4751 2905 4820 (a)
2935 4747 3179 4814 recipiam
3207 4782 3220 4806 ,
3251 4756 3355 4794 non
3385 4736 3754 4790 administrabo
3803 4738 3857 4789 ei

2312 4847 2574 4920 mysteria,
2603 4858 2705 4896 non
2736 4837 3027 4908 permittam
3055 4840 3108 4884 ut
3130 4842 3327 4883 sacram
3351 4839 3580 4878 mensam
3607 4823 3854 4887 attingat;

2312 4912 2402 4995 sed
2431 4928 2864 5004 quemadmodum
2893 4931 3125 4991 pastores
3153 4929 3277 4970 oves
3303 4913 3475 4966 scabie
3507 4912 3680 4980 plenas
3702 4924 3730 4961 a
3758 4924 3856 4962 sa-

2314 5031 2392 5082 nis
2429 4999 2754 5090 scquestrant
2782 5055 2797 5080 ,
2825 5029 2890 5068 ne
2929 5009 3131 5064 caeteris
3155 5005 3392 5058 morbum
3422 4999 3810 5054 communicent
3843 5017 3856 5050 :

2313 5121 2379 5170 ita
2407 5123 2458 5166 et
2482 5125 2578 5177 ego
2607 5107 2809 5159 faciam.
2844 5101 2970 5154 Nam
2989 5099 3030 5151 si
3049 5093 3307 5164 quondam
3330 5092 3569 5158 leprosus
3586 5096 3732 5140 extra
3759 5101 3858 5138 ea.

2312 5216 2416 5259 stra
2443 5201 2622 5254 sedere
2659 5193 2964 5262 jubebatur,
2998 5197 3150 5254 atque
3177 5182 3378 5237 etiamsi
3406 5195 3492 5232 rex
3523 5186 3698 5239 esset,
3727 5190 3856 5229 eum

2311 5292 2601 5348 diademate
2620 5283 2921 5353 ejiciebatur
2944 5295 2957 5342 ;
2984 5276 3146 5330 multo
3173 5271 3335 5338 magis
3360 5281 3454 5322 nos
3477 5280 3594 5320 eum
3620 5265 3707 5332 qui
3737 5267 3864 5318 ani-

2374 5445 2444 5498 ta)
2479 5445 2571 5484 Hoc
2593 5433 2701 5498 quid
2727 5433 2804 5485 δίεν
2831 5430 2932 5498 ipse
2955 5435 3147 5498 meis-‘5
3157 5421 3302 5498 Ρῖἱῗέί.
3319 5415 3580 5498 ίξέῗὲῗὲἱδὲἓ
3757 5413 3851 5498 ,ξξί

2311 5473 2709 5547 cui;
2727 5473 2949 5547 lavinia,
2977 5483 3050 5531 vel
3073 5473 3310 5547 ubi'eraot
3343 5473 3598 5547 auditores,
3609 5473 3733 5547 “vel
3749 5487 3864 5547 quo

2311 5543 2335 5608 ἶ
2333 5543 2539 5606 iurabant
2566 5563 2709 5602 sacrae
2734 5543 2881 5598 emitte
2899 5556 3034 5594 causa
3054 5556 3065 5590 :
3089 5543 3309 5601 mysteria
3329 5543 3454 5584 enim
3474 5544 3653 5580 suam
3668 5543 3866 5582 cmi.

2315 5617 2534 5678 appellat.
