4112 6536
257 452 365 506 269

267 569 349 607 ma
377 556 624 624 leprosos
653 567 733 610 est
774 573 836 612 ex
886 558 966 610 his
1007 559 1168 610 sacris
1199 559 1384 610 castris
1414 557 1808 610 eliminabimns.

264 644 334 698 Ut
364 647 502 698 enim
542 647 712 714 primo
747 647 1114 700 cohortatione
1163 655 1213 699 et
1262 647 1483 699 consilio
1514 661 1636 700 usus
1666 660 1810 699 sum:

263 736 337 788 sic
366 745 421 788 et
447 751 587 789 nunc
614 746 731 805 post
757 745 950 789 tantam
991 737 1414 789 adhortationem
1448 745 1498 789 et
1525 735 1814 788 doctrinam

268 836 484 877 necesse
513 833 595 876 est
636 825 844 877 demum
899 824 1181 877 sectionem
1225 824 1379 877 etiam
1426 823 1674 890 inﬂigere.
1732 823 1818 875 Et-

263 912 404 963 enim
440 926 608 965 amnis
652 913 854 965 tandem
905 922 987 966 est
1031 913 1236 979 elapsus
1276 912 1353 980 (a)
1395 926 1456 965 ex
1512 925 1614 980 quo
1644 912 1694 964 in
1727 926 1815 964 ve-

262 1008 428 1051 stram
475 1000 736 1054 civitatem
789 1001 1038 1054 advectus
1081 1015 1232 1063 sum,
1289 1015 1459 1068 neque
1485 1000 1684 1054 cessavi
1725 1000 1818 1053 hac

263 1084 335 1138 de
361 1100 424 1138 re
465 1100 559 1139 vos
590 1087 888 1155 frequenter
925 1087 1210 1141 cohortari.
1247 1087 1377 1152 Quia
1415 1088 1572 1156 igitur
1610 1087 1816 1155 quidam

269 1172 322 1224 in
355 1174 457 1226 bac
499 1174 642 1226 sanie
693 1183 1111 1242 permanserunt,
1142 1189 1236 1244 age
1283 1174 1491 1228 demum
1533 1176 1816 1229 sectionem

263 1261 574 1316 inferamus.
607 1263 719 1316 Etsi
761 1265 902 1318 enim
935 1265 1130 1318 ferrum
1171 1280 1274 1318 non
1320 1265 1558 1326 habeam,
1591 1273 1644 1318 at
1698 1281 1816 1319 ver-

266 1351 394 1404 bum
429 1352 595 1405 habeo
625 1352 762 1407 ferro
795 1353 995 1407 acutius
1039 1354 1111 1422 (b)
1138 1369 1150 1405 :
1182 1355 1281 1408 etsi
1323 1354 1494 1422 ignem
1524 1368 1626 1408 non
1658 1354 1816 1407 feram

267 1440 361 1506 (c),
392 1449 449 1492 at
490 1440 723 1494 doctrina
761 1440 907 1497 adest
936 1443 1058 1496 mihi
1108 1436 1226 1512 igne
1253 1444 1564 1508 ferventior,
1592 1459 1706 1512 qua:
1730 1458 1793 1496 ve

265 1526 571 1580 lientcntius
594 1543 745 1582 urere
775 1530 957 1597 possit.

335 1613 877 1669 Excommunicationis
900 1618 1138 1670 sententia
1163 1619 1215 1670 in
1242 1620 1355 1671 illos
1396 1621 1480 1688 qui
1513 1621 1816 1674 theatrorum

263 1701 554 1768 spectacula
582 1702 749 1756 diebus
777 1707 958 1758 sanctis
988 1706 1307 1757 adierunt.—
1331 1707 1404 1761 Ne
1429 1724 1644 1776 spernas
1665 1710 1819 1778 igitur

263 1789 586 1842 sententiam
611 1801 859 1844 nostram.
892 1793 1138 1858 Quamvis
1181 1796 1318 1848 enim
1365 1796 1494 1850 viles
1540 1797 1817 1850 admodum

262 1891 324 1929 ac
366 1877 696 1933 miserabiles
715 1882 896 1946 simus,
938 1893 1167 1938 attamen
1202 1901 1230 1937 a
1262 1886 1434 1938 divina
1465 1889 1628 1956 gratia
1656 1889 1821 1956 digni-

264 1974 429 2019 tatem
448 1969 764 2035 accepimus,
795 1988 892 2038 qua
921 1974 1179 2040 possimus
1206 1975 1316 2028 hanc
1345 1976 1572 2030 efﬁcere.
1607 1978 1822 2044 Ejician-

266 2063 352 2106 tur
381 2069 514 2120 ergo
535 2055 828 2124 hujusmodi
848 2059 1102 2126 homines,
1125 2064 1344 2131 utetqui
1374 2065 1483 2118 sani
1513 2075 1632 2119 sunt
1655 2067 1823 2119 valen-

264 2143 432 2196 tiores
456 2144 714 2208 evadant;
746 2157 796 2200 et
822 2149 908 2216 qui
940 2151 1122 2204 morbo
1145 2151 1401 2218 laborant,
1440 2169 1468 2206 a
1499 2156 1640 2222 gravi
1668 2158 1818 2225 aegri-

265 2231 450 2284 tudine
477 2232 544 2285 ad
586 2235 859 2288 sanitatem
890 2252 1004 2291 sese
1050 2253 1294 2293 revocare
1339 2242 1556 2307 possint.
1603 2244 1657 2298 Si
1700 2261 1822 2298 vero

267 2319 652 2384 pcrhorruistis
673 2323 804 2376 hanc
832 2325 1099 2379 audientes
1124 2330 1433 2382 sententiam
1461 2333 1478 2398 (
1501 2332 1649 2385 video
1681 2348 1823 2386 nam—

264 2423 367 2472 que
388 2423 579 2462 omnes
599 2411 998 2479 ingemiscentes
1021 2425 1073 2468 et
1093 2422 1473 2488 compunclos),
1495 2424 1820 2490 resipiscam,

264 2506 317 2549 et
347 2500 612 2550 sententia
640 2500 805 2553 soluta
834 2513 929 2555 est.
949 2504 1398 2568 Quemadmodum
1419 2511 1554 2562 enim
1580 2513 1820 2581 alligandi

263 2593 586 2651 potestatem
626 2589 955 2655 accepimus,
1009 2593 1084 2644 sic
1137 2604 1188 2645 et
1229 2596 1494 2659 solvendi,
1541 2614 1601 2651 ae
1645 2616 1823 2654 rursus

264 2672 587 2725 sententiam
616 2673 836 2729 ferendi.
864 2677 975 2730 Non
1003 2679 1140 2732 enim
1165 2681 1351 2735 fratres
1375 2694 1581 2739 nostros
1611 2688 1818 2742 abscin-

264 2760 392 2814 dere
439 2763 685 2817 volumus
709 2806 721 2829 ,
754 2767 845 2819 sed
876 2771 1210 2836 oiprobrium
1254 2773 1502 2830 Ecclesiae
1532 2777 1819 2846 depellere.

265 2847 412 2902 Nunc
435 2851 631 2918 quippe
660 2867 756 2905 nos
784 2863 836 2907 et
865 2857 1085 2923 gentiles
1110 2859 1422 2926 irridebunt,
1454 2873 1506 2917 et
1531 2865 1693 2920 Judazi
1717 2878 1822 2922 tra-

266 2936 716 3004 ducent.quando
751 2957 845 2994 nos
890 2943 1029 3010 ipsos
1077 2957 1354 3012 peccantes
1389 2950 1459 3003 ita
1487 2951 1819 3022 despicimus.

267 3025 416 3080 Tunc
445 3035 623 3080 autem
650 3038 704 3082 et
729 3030 804 3082 illi
827 3031 1102 3087 admodum
1135 3051 1229 3089 nos
1256 3037 1557 3106 laudabunt,
1585 3052 1636 3096 et
1667 3045 1824 3098 mira-

264 3113 465 3168 buntur
495 3115 803 3183 Ecclesiam,
835 3118 975 3188 leges
1001 3133 1204 3177 nostras
1221 3128 1448 3181 reveriti.
1469 3130 1631 3186 Nemo
1652 3133 1823 3201 itaque

263 3213 329 3252 ex
359 3201 444 3266 iis,
471 3203 636 3270 quiin
656 3203 835 3258 eadem
867 3214 1547 3281 permanentfornicatione,
1578 3221 1626 3272 in
1657 3223 1822 3275 cccle-

264 3287 394 3340 siam
423 3290 622 3349 veniat.
658 3293 748 3345 sed
776 3302 828 3347 et
856 3310 884 3347 a
915 3298 1061 3351 vobis
1096 3302 1424 3371 corripiatur,
1455 3317 1505 3360 et
1532 3313 1822 3365 communis

263 3376 332 3468 sit
361 3377 556 3432 hostis.
586 3380 645 3433 Si
665 3383 771 3447 quis
792 3400 890 3436 non
910 3387 1069 3439 obedit
1098 3391 1237 3443 verba
1257 3403 1421 3446 nostra
1441 3414 1525 3464 per
1541 3401 1816 3468 epistolam,

263 3467 394 3520 hunc
415 3479 610 3534 notate,
642 3482 686 3524 et
709 3489 768 3526 ne
793 3478 1205 3533 commisceamini
1225 3499 1335 3535 cum
1358 3486 1443 3538 illo
1466 3487 1536 3556 (2.
1562 3486 1734 3544 Thess.
1765 3467 1816 3548 '5.

262 3555 731 3650 i4).-lloeautem
759 3562 912 3617 facite
945 3582 958 3617 :
1011 3582 1202 3636 neque.
1228 3555 1614 3641 colloquatnini,
1653 3595 1820 3650 neque

259 3645 399 3699 domi
434 3649 737 3714 recipiatis,
782 3667 950 3721 neque
978 3671 1173 3711 mensa:
1200 3665 1478 3730 participes
1515 3645 1816 3738 admittatis,

257 3745 426 3799 neque
451 3734 723 3800 ingressus
746 3740 824 3791 vel
855 3756 1116 3807 egressus,
1146 3762 1312 3814 neque
1335 3751 1384 3801 in
1422 3752 1534 3807 foro
1577 3772 1692 3809 cum
1721 3734 1819 3814 illis

255 3823 545 3875 versemini
564 3838 577 3873 :
598 3832 650 3877 et
676 3827 751 3880 sic
769 3829 914 3885 facile
936 3832 1052 3885 illos
1081 3840 1519 3906 recuperabimus.
1543 3848 1616 3899 Ac
1634 3865 1814 3916 quem-

313 3951 1229 4042 {Q‘E‘llrxsos‘t‘omusAigﬂgpiﬁsCOpatum
1248 3974 1815 4042 _Conslant_inopolitanum

527 4020 685 4095 fuerat
703 4020 954 4095 ginno5ﬁ8;
979 4020 1158 4095 μιωίδὶε

250 4077 468 4148 Wes?
493 4075 536 4148 ιο,
559 4076 606 4148 β,
627 4089 676 4148 ,ςρ
774 4075 1094 4148 sanguine...
1120 4075 1152 4076 "
1185 4075 1289 4080 ί
1391 4075 1422 4085 ··
1752 4078 1763 4093 ‹

309 4130 382 4253 (ὺέ
416 4133 586 4211 Yerba
609 4135 764 4207 divina
791 4130 1037 4201 intelligit:
1143 4154 1296 4199 n'essit
1316 4156 1440 4201 enim
1465 4162 1604 4207 ιίυιηι,
1633 4164 1676 4210 ,4,
1711 4165 1779 4212 [2.

309 4189 356 4248 (ε
415 4201 529 4240 δειη
554 4196 748 4253 medim,
773 4206 871 4253 θυι.
910 4210 959 4249 ut
1003 4217 1087 4253 “Os
1125 4162 1373 4253 lmtuinmr-
1417 4218 1622 4253 ρΙιὶνιινηί
1670 4227 1776 4253 ηις...

245 4189 388 4300 mli}.
415 4201 529 4240 ⁸³³³³
554 4196 748 4255 medici.
773 4206 871 4258 aut.
910 4189 972 4249 ur
1003 4217 1087 4254 uo.
1125 4189 1812 4282 ιυςιᾱῖίιςιῑιλ;··;;ι;ί·ιξ;ϊέίηξιὲῖξῖι.

1358 441 1622 496 CONTRA
1662 441 1872 496 LUDOS
1910 440 1994 494 ET
2032 438 2366 493 TIIEATRA.

3362 441 3474 496 270

1919 556 2196 608 admodum
2228 564 2500 608 venatores
2526 555 2660 608 feras
2688 563 2840 620 captu
2868 550 3107 604 difﬁciles
3138 563 3239 602 non
3271 560 3336 600 ex
3369 559 3472 597 una

1923 655 2087 711 parte,
2118 645 2208 698 sed
2237 645 2461 711 undique
2485 645 2735 711 pellentes
2755 685 2768 704 ,
2803 644 2851 694 in
2902 642 3028 694 retia
3053 639 3374 706 conjiciunt:
3404 633 3469 686 ita

1921 752 1974 788 et
2000 752 2092 788 nos
2119 750 2230 799 eos,
2257 736 2343 802 qui
2371 734 2601 787 moribus
2627 734 2822 787 efferati
2857 743 2997 794 sunt,
3046 746 3145 782 una
3196 727 3468 796 pellamus,

1922 837 1972 877 et
2002 827 2105 877 cito
2132 826 2180 877 in
2223 825 2404 877 salutis
2423 824 2552 878 retia
2578 823 2935 888 conjiciemus,
2968 835 3062 872 nos
3088 834 3150 873 ex
3173 831 3272 870 una
3302 821 3467 884 parte,

1924 926 2015 964 vos
2041 928 2102 965 ex
2125 912 2240 964 alia.
2268 910 2335 965 Ut
2363 911 2518 978 igitur
2542 910 2666 963 illud
2695 909 2918 973 eveniat,
2943 923 3033 960 vos
3060 920 3264 975 quoque
3287 902 3466 956 nobis-

1922 1015 2042 1053 cum
2088 999 2424 1067 indignemini
2461 1017 2472 1052 :
2503 999 2606 1051 imo
2634 999 2805 1066 potius
2855 1012 2947 1064 pro
2993 997 3083 1049 Dei
3131 994 3330 1063 legibus
3378 989 3471 1043 do-

1923 1091 2043 1150 lete.
2085 1097 2137 1142 et
2173 1088 2422 1156 paulatim
2452 1087 2702 1140 avertctis
2744 1100 2834 1138 eos
2863 1101 2925 1138 ex
2957 1083 3221 1146 fratribus,
3249 1081 3335 1149 qui
3372 1079 3472 1131 hoc

1923 1176 2105 1230 morbo
2150 1175 2386 1229 laborant
2431 1184 2482 1227 et
2537 1176 2585 1226 in
2637 1174 2736 1226 hoc
2779 1179 3044 1240 peceatum
3101 1171 3365 1231 incidunt,
3418 1175 3474 1220 ut

1926 1272 2172 1332 perpetuo
2212 1264 2328 1316 illos
2356 1263 2623 1316 vobiscum
2655 1262 2896 1315 servetis.
2925 1260 3102 1327 Neque
3130 1259 3269 1312 enim
3308 1270 3471 1324 parvo

1923 1353 2138 1406 crimine
2174 1353 2248 1405 rei
2288 1352 2453 1410 eritis.
2486 1351 2528 1403 si
2561 1359 2752 1403 tantam
2785 1349 3062 1417 perniciem
3109 1345 3467 1414 neglexeritis.

1923 1447 2014 1500 sed
2037 1461 2223 1516 magno
2251 1446 2505 1513 supplicio
2534 1445 2678 1497 eritis
2705 1443 2934 1495 obnoxii.
2966 1440 3094 1494 Nam
3139 1439 3181 1490 si
3213 1439 3263 1491 in
3307 1437 3473 1489 homi-

1925 1550 2046 1587 num
2072 1534 2290 1597 mdibus,
2320 1548 2438 1586 cum
2466 1534 2580 1600 quis
2604 1547 2668 1584 ex
2719 1531 2922 1584 famulis
2950 1538 3224 1598 argentum
3251 1528 3333 1580 vel
3376 1540 3467 1577 au-

1923 1641 2036 1679 rum
2070 1624 2268 1678 furatus
2295 1623 2718 1692 deprehenditur,
2751 1637 2852 1674 non
2877 1622 2984 1689 ipse
3011 1622 3152 1674 solus
3172 1619 3258 1687 qui
3285 1618 3472 1684 depre-

1925 1715 2117 1769 hensus
2137 1724 2237 1780 est,
2259 1713 2349 1768 sed
2374 1715 2528 1768 etiam
2556 1713 2768 1776 conscii,
2791 1721 2843 1765 et
2867 1713 2954 1779 qui
2981 1727 3082 1764 nou
3112 1708 3473 1768 revelaveriut,

1926 1821 2076 1875 poena
2131 1805 2462 1873 plectuntur,
2513 1803 2675 1856 multo
2723 1802 2886 1870 magis
2937 1802 2986 1854 in
3038 1800 3287 1853 Ecclesia.
3327 1797 3474 1849 Tunc

1925 1897 2063 1950 enim
2085 1894 2222 1948 dicet
2253 1894 2342 1946 tibi
2373 1893 2508 1946 Deus
2541 1909 2552 1942 :
2585 1891 2711 1945 Cum
2737 1890 2942 1943 videres
2964 1906 3024 1942 ex
3050 1888 3206 1942 domo
3236 1901 3347 1939 nica
3371 1900 3472 1938 non

1925 1993 2228 2053 argenteum
2253 1982 2335 2035 vel
2362 1996 2576 2034 aureum
2603 1996 2692 2033 vas
2718 1979 2856 2033 furto
2883 1978 3067 2046 abripi,
3090 1976 3179 2029 sed
3203 1976 3474 2028 continen-

1929 2076 2050 2126 tiam
2092 2073 2316 2136 auferri;
2363 2085 2586 2138 eumque
2616 2071 2700 2138 qui
2723 2069 3007 2137 pretiosum
3036 2081 3223 2134 corpus
3254 2063 3473 2130 accipit.

1926 2175 1978 2217 et
2002 2164 2295 2232 hujusmodi
2327 2162 2564 2216 sacriﬁcii
2589 2162 2847 2228 particeps
2876 2168 2974 2226 est,
3014 2159 3062 2211 in
3085 2158 3275 2212 diaboli
3305 2158 3475 2211 locum

1926 2252 2092 2317 abire,
2133 2252 2260 2305 etin
2289 2260 2484 2304 tantum
2516 2259 2783 2318 peccatum
2816 2249 3074 2312 incidere,
3126 2263 3218 2301 cur
3260 2245 3470 2313 siluisti,

1926 2359 2018 2397 cur
2038 2344 2087 2398 id
2115 2344 2296 2409 tulisti,
2322 2359 2415 2398 cur
2440 2361 2544 2397 non
2565 2345 2879 2397 annuntiasti
2907 2343 3184 2406 sacerdoti,
3213 2357 3280 2396 ne
3306 2357 3476 2412 pmna:

1929 2434 2022 2486 abs
2052 2444 2100 2487 te
2123 2442 2484 2501 repeterentur
2513 2449 2616 2485 nott
2644 2434 2814 2486 leves?
2855 2433 2974 2485 Ideo
2994 2444 3043 2485 et
3070 2435 3166 2500 «ﬁgo
3195 2433 3395 2486 etiamsi
3427 2432 3476 2485 id

1929 2522 2054 2574 mihi
2085 2522 2250 2575 dolori
2275 2521 2508 2574 futurum
2539 2523 2605 2572 sit
2633 2524 2730 2587 (a),
2767 2537 2830 2574 ne
2859 2537 2885 2573 a
2913 2524 3240 2588 gravioribus
3268 2522 3476 2590 quidem

1928 2612 2212 2666 inferendis
2251 2612 2419 2678 pcenis
2445 2612 2738 2666 abstinebo.
2765 2611 2940 2679 Longe
2962 2611 3148 2664 melius
3178 2613 3368 2681 quippe
3398 2619 3476 2664 est

1929 2718 2027 2756 nos
2071 2702 2155 2756 hic
2201 2717 2430 2756 tnmrore
2471 2702 2718 2765 allectos,
2754 2720 2782 2753 a
2833 2702 3007 2755 futuro
3051 2703 3215 2770 abripi
3256 2702 3472 2771 judicio,

1929 2807 2082 2860 quam
2109 2792 2385 2846 verborum
2412 2793 2577 2860 gratia
2607 2791 2918 2860 lenitateqne
2947 2806 3068 2845 usos
3093 2831 3106 2856 ,
3133 2792 3271 2846 hunc
3301 2792 3474 2846 vobis-

1928 2897 2046 2936 cum
2074 2897 2256 2950 ptenas
2288 2882 2451 2936 luere.
2481 2881 2658 2950 Neque
2695 2882 2831 2933 enim
2863 2891 3030 2934 tutum
3070 2881 3214 2935 vobis
3245 2881 3325 2934 vel
3365 2881 3476 2934 sine

1928 2976 2161 3045 periculo
2216 2982 2338 3038 est,
2384 2989 2468 3028 res
2515 2971 2809 3041 hujusmodi
2851 2973 3056 3026 silentio
3106 2983 3298 3040 tegere.
3346 2970 3475 3025 Nam

1929 3066 2147 3132 quisque
2170 3074 2398 3118 vestrum
2443 3077 2536 3130 pro
2557 3076 2614 3115 se
2646 3076 2826 3128 [uenas
2851 3061 2993 3112 dabit
3017 3077 3029 3111 :
3072 3076 3168 3129 ego
3196 3076 3321 3114 vero
3358 3074 3471 3112 om-

1928 3157 2070 3209 nium
2115 3155 2268 3208 saluti
2319 3168 2433 3207 sum
2461 3153 2734 3206 obnoxius.
2763 3151 3113 3217 Quamobrem
3163 3166 3265 3203 non
3316 3150 3471 3202 ﬁnem

1926 3245 2112 3299 faciam
2165 3245 2338 3298 omnia
2387 3243 2572 3312 agendi
2601 3252 2653 3296 et
2698 3242 2924 3306 dicendi,
2970 3241 3173 3295 etiamsi
3209 3256 3300 3292 vos
3341 3254 3470 3294 inm-

1927 3351 2048 3393 rore
2072 3336 2281 3393 afﬁcere
2306 3344 2559 3404 oporteat,
2583 3336 2783 3392 etiamsi
2812 3336 3058 3388 molestus
3080 3335 3255 3388 videar
3271 3342 3322 3388 et
3347 3349 3473 3388 one-

1927 3440 2097 3492 rosus,
2137 3436 2194 3479 ut
2233 3425 2424 3492 possim
2453 3425 2657 3477 adstare
2681 3433 2800 3478 ante
2844 3423 3066 3477 tribunal
3102 3423 3225 3476 illud
3256 3422 3472 3476 horren-

1926 3516 2050 3571 dum
2074 3556 2089 3580 ,
2138 3517 2334 3569 nullam
2375 3514 2571 3568 habens
2608 3516 2861 3567 maculam
2893 3523 2981 3568 aut
3011 3513 3181 3566 labem
3222 3511 3303 3564 vel
3349 3511 3472 3579 quid

1928 3605 2244 3674 hujusmodi.
2290 3604 2497 3658 Utinam
2528 3613 2721 3667 autem,
2773 3604 3015 3670 precibus
3054 3609 3375 3662 sanctorum,
3438 3601 3470 3652 ii

1925 3696 2012 3763 qui
2039 3694 2269 3762 corrupti
2319 3702 2440 3745 sunt
2467 3692 2619 3745 citius
2649 3699 3010 3752 revertantur;
3042 3690 3110 3742 illi
3135 3703 3260 3743 vero
3289 3687 3375 3755 qui
3407 3688 3472 3740 il-

1926 3786 2036 3839 laesi
2059 3795 2380 3847 manserunt,
2400 3783 2449 3835 in
2472 3783 2723 3849 majorem
2745 3790 2985 3834 ornatum
2998 3779 3472 3846 continentiamque

1927 3874 2199 3943 proficiant
2233 3881 2393 3926 :utet
2435 3886 2526 3924 vos
2555 3872 2776 3924 salutem
2817 3868 3239 3936 consequamini,
3286 3877 3338 3918 ct
3377 3879 3473 3917 nos

1926 3967 2178 4026 laetemur,
2213 3973 2264 4016 et
2293 3963 2426 4014 Deus
2456 3961 2617 4028 gloria
2645 3960 2900 4010 afficiatur
2933 3971 3069 4010 nunc
3097 3965 3150 4009 ct
3174 3969 3401 4023 semper.
3421 3963 3472 4006 et

1922 4056 1973 4108 in
2000 4052 2198 4105 inﬁnita
2231 4050 2417 4104 szecula
2446 4048 2773 4101 saeculorum.
2807 4049 2992 4100 Anien.

1983 4225 2053 4286 (a)
2085 4224 2139 4272 In
2162 4230 2337 4280 Graeco,
2381 4237 2496 4287 usa-.m
2533 4233 2731 4287 1:p0_0.mv_
2752 4233 2884 4287 λυπιῖν,
2905 4233 3026 4286 quas
3044 4231 3191 4287 voces
3226 4219 3295 4264 sic
3329 4226 3470 4276 opor-

1922 4279 2091 4333 tuisset
2115 4279 2439 4344 interpretari,
2465 4279 2673 4342 quamvis
2697 4280 2904 4328 dolerent
2925 4279 3015 4328 sint
3036 4279 3272 4328 illaturus.

260 4526 3429 4562 "WWWWM
2181 4552 2228 4562 _.

1328 4766 1434 4822 AD
1465 4765 1700 4824 HOMll
1715 4766 1873 4825 .IAM
1913 4768 2404 4838 SEQUEN'I‘EM.

256 4964 431 5028 initio,
470 4965 822 5033 maximeque
855 4966 907 5018 iu
943 4968 1045 5019 fine
1080 4965 1316 5020 homilize
1340 4967 1430 5019 ait.
1465 4968 1598 5022 Cum
1626 4981 1804 5022 autem
1832 4982 1970 5036 saepe
1996 4972 2195 5027 morbis
2224 4973 2448 5026 amictus
2479 4975 2658 5042 fuerit,
2694 4994 2800 5032 non
2827 4979 2893 5032 ita
2931 4981 3086 5036 facile
3117 4997 3218 5048 est,
3250 4987 3301 5039 in
3327 4991 3464 5055 quod

256 5083 473 5144 tempus
509 5074 632 5127 haec
671 5074 908 5128 incidant
950 5079 1388 5144 deprehendere,
1435 5096 1609 5148 neque
1645 5081 1823 5135 dicere
1866 5084 2108 5138 valemus
2146 5085 2515 5138 Antiochimne
2553 5102 2619 5139 an
2647 5087 3106 5161 Constantinopoli
3146 5097 3258 5150 haec
3290 5099 3462 5152 habita

252 5189 446 5243 concio
481 5188 672 5242 fuerit.
702 5186 1002 5245 Antiochia:
1046 5202 1220 5245 tamen
1255 5193 1449 5248 dictam
1483 5197 1706 5249 suadere
1753 5196 1962 5250 videtur
1991 5197 2165 5267 ipsum
2196 5197 2516 5266 principium
2550 5199 2811 5265 homilize,
2851 5205 2936 5258 ubi
2969 5221 3024 5260 se
3053 5208 3119 5260 ad
3165 5209 3471 5270 docendum

249 5298 573 5370 imperitum
609 5294 895 5366 proﬁtetur
917 5298 1340 5369 Cbrysostomus.
