4112 6488
640 428 745 482 271

1393 396 1451 451 S.
1489 387 1762 449 JOANNIS
1796 371 2266 442 CﬂRYSOSTOMl
2299 368 2613 428 ARCHIEP.
2652 368 3173 426 CONSTANTINOP.

3754 384 3867 436 272

634 496 3844 566 __________________..__________——————————_.

1992 599 2450 673 HOMILIA

644 806 704 850 ιιι
757 792 1179 848 Δροετοιιαυιί
1218 783 1457 831 υιοτῠιι
1516 783 1532 820 ἶ

1577 776 1698 821 HOC
1740 770 1951 816 AUTEH
1996 763 2217 809 εοιτοτη

2325 761 2487 813 QUOD
2541 761 2603 803 IN
2646 758 2991 803 NOVISSIMIS
3036 758 3257 800 DIEBUS
3298 756 3507 798 BBUNT
3558 749 3856 795 TEIIPORA

1903 883 2132 929 onavu
2175 859 2258 940 (2.
2291 862 2447 921 Tim.
2492 862 2551 920 3.
2598 863 2680 939 1).

2030 1020 2460 1059 mum

726 1184 779 1236 1.
798 1179 991 1235 Caritas
1009 1166 1346 1241 Chrysostomi
1365 1176 1480 1230 erga
1502 1153 1790 1223 discipulos.
1814 1146 1959 1201 Fidei
1987 1142 2117 1240 oculi

654 1229 955 1325 uideni
977 1229 1197 1318 Chrislus
1225 1252 1393 1325 agebat
1457 1245 1627 1300 Juda'i
1654 1245 1913 1325 praesentes
1936 1248 2034 1287 non
2070 1229 2201 1283 uide-

662 1322 797 1413 bant.
825 1322 1075 1410 Abraham
1102 1346 1216 1415 ﬁdei
1235 1322 1389 1397 oculis
1416 1336 1536 1389 vidit
1562 1330 1865 1385 nasciturum
1879 1322 2204 1415 lsaacurnz—

938 1405 1145 1508 quidein
1174 1446 1288 1487 sum
1319 1426 1423 1496 (a)
1461 1433 1514 1478 et
1541 1431 1737 1489 egenus
1755 1455 1770 1478 ,
1823 1420 1992 1508 atque.
2019 1406 2083 1460 ad
2112 1405 2207 1459 do-

662 1529 886 1586 cendum
913 1496 1183 1593 imperitus
1209 1534 1221 1568 :
1247 1514 1336 1570 sed
1361 1526 1478 1567 cum
1506 1516 1735 1562 vestrum
1760 1508 1952 1555 emtum
1978 1496 2205 1555 intueor,

666 1581 1320 1676 inﬁrmitatis'obliviscor,
1344 1603 1699 1672 paupertatem
1737 1592 1941 1660 ignoro,
1992 1581 2205 1651 imperi-

673 1712 798 1763 tiam
849 1720 952 1759 non
1010 1698 1341 1754 novi:tanta
1391 1701 1579 1756 nempe
1621 1691 1702 1738 est
1752 1676 1981 1735 caritatis
2021 1678 2208 1726 vestrm

664 1758 919 1865 tvrannis.
944 1790 1269 1857 Quapropter
1294 1777 1518 1835 alacrius
1537 1787 1691 1843 quam
1718 1769 1774 1833 ii,
1815 1766 1903 1836 qui
1946 1758 2209 1817 facultati-

668 1854 768 1939 bus
792 1854 1077 1941 abundant,
1119 1870 1365 1942 egestatis
1387 1878 1515 1919 mea:
1545 1872 1777 1916 mensam
1802 1854 1950 1909 vobis
1980 1861 2206 1920 appono.

669 1967 1107 2044 llagnanimitatis
1130 1976 1287 2033 porro
1311 1957 1466 2027 huius
1490 1968 1584 2011 vos
1613 1960 1853 2005 auctores
1891 1944 2019 1998 mihi
2059 1942 2206 2003 estis,

668 2029 793 2119 dum
821 2064 994 2131 lapsos
1022 2029 1239 2124 erigitis,
1261 2050 1377 2118 quia
1404 2046 1469 2100 ad
1510 2039 1823 2097 audiendum
1853 2032 2002 2101 proni
2050 2029 2176 2083 estis
2195 2066 2210 2093 ,

668 2167 826 2225 atque
852 2121 916 2205 ab
945 2164 1037 2203 ore
1057 2121 1235 2200 nostro
1256 2137 1509 2211 pendetis.
1531 2134 1617 2187 Sic
1632 2141 1683 2185 et
1710 2127 1834 2196 pulli
1856 2121 2211 2180 hirundinum,

670 2208 787 2301 cum
814 2239 993 2295 vident
1016 2208 1343 2288 advolantem
1372 2231 1614 2284 matrem,
1642 2233 1674 2272 e
1702 2215 1822 2270 nido
1851 2226 1966 2266 sese
1988 2208 2214 2264 elleren-

672 2340 752 2384 tes
778 2339 830 2383 et
849 2339 1071 2397 pronum
1096 2319 1442 2375 obtendentes
1468 2310 1681 2371 collum,
1710 2307 1779 2358 ita
1807 2303 1978 2357 cibum
2019 2299 2083 2351 ab
2129 2297 2216 2351 illa

676 2388 960 2487 accipiunt.
990 2408 1187 2466 Eodem
1208 2404 1364 2460 modo
1391 2411 1445 2457 et
1473 2412 1565 2451 vos
1590 2410 1707 2449 cum
1734 2390 1928 2460 ingenti
1954 2388 2217 2440 alacritate

674 2508 1073 2561 concionantem
1128 2501 1427 2557 intuentes,
1468 2505 1533 2544 ex
1570 2488 1743 2554 lingua
1788 2495 1903 2535 mea
1935 2476 2216 2547 profectam

677 2595 967 2650 doctrinam
1011 2587 1268 2655 excipitis,
1315 2591 1365 2636 et
1391 2588 1666 2645 antequam
1702 2571 1861 2625 verba
1882 2584 1945 2622 ex
1972 2581 2063 2620 ore
2088 2564 2220 2617 exsi-

688 2684 833 2745 liant,
863 2695 923 2734 ea
963 2677 1135 2731 studio
1160 2685 1348 2739 magno
1378 2666 1552 2720 omnia
1587 2660 1845 2729 abripitis.
1870 2657 1997 2722 Quis
2040 2668 2143 2705 non
2168 2660 2222 2704 et

676 2785 770 2824 vos
799 2779 851 2823 et
873 2783 967 2821 nos
991 2779 1147 2833 super
1173 2762 1253 2815 his
1281 2760 1461 2812 beatos
1490 2752 1756 2823 praedicet,
1784 2747 1901 2815 quia
1929 2754 2115 2808 nempe
2141 2740 2219 2792 Io-

678 2861 887 2929 quimur
911 2856 988 2907 Ad
1002 2830 1145 2905 aures
1160 2847 1463 2901 audientium
1492 2840 1672 2909 (Eccli.
1708 2838 1794 2889 25.
1828 2833 1951 2901 12)?
1978 2830 2222 2882 Commu-

678 2947 760 3000 nis
791 2944 953 3004 labor,
1001 2936 1291 2993 communis
1318 2940 1372 2985 et
1407 2941 1632 2987 corona;
1684 2933 1964 2979 commune
1995 2917 2217 2975 lucrum.

680 3032 973 3091 communis
1017 3029 1173 3083 etiam
1220 3033 1272 3079 et
1316 3034 1537 3075 merces.
1582 3015 1701 3069 ideo
1745 3011 1985 3065 Christus
2042 3008 2223 3061 beatos

684 3116 1280 3196 prmdicavitdiscipulos
1295 3113 1505 3167 dicens:
1538 3105 1696 3159 Vestri
1713 3113 1873 3157 autent
1908 3098 2033 3152 beati
2068 3094 2220 3158 oculi,

680 3184 798 3284 quia
839 3212 1022 3275 vident,
1054 3217 1101 3261 et
1120 3184 1263 3258 aures
1286 3211 1455 3255 uestra
1476 3240 1491 3264 ,
1518 3197 1635 3264 quia
1661 3193 1869 3246 audiunt
1907 3186 2113 3257 (Matth.
2135 3184 2220 3237 15.

684 3279 807 3374 16).
829 3300 1108 3357 Concedite
1130 3296 1257 3352 mihi
1285 3302 1341 3347 ut
1361 3293 1443 3345 his
1463 3291 1616 3345 etiam
1645 3284 1814 3339 verbis
1844 3295 1938 3334 vos
1970 3279 2222 3344 alloquar,

685 3362 1100 3463 quandoquidem
1142 3393 1335 3438 tantam
1378 3377 1636 3435 exhibetis
1674 3372 2030 3425 alacritatem:
2065 3362 2224 3418 Vestri

685 3491 847 3533 autent
868 3455 991 3531 beati
1007 3475 1155 3537 oculi,
1187 3472 1301 3541 quia
1324 3470 1504 3529 vident,
1529 3475 1574 3518 et
1602 3478 1744 3515 aures
1773 3468 1961 3522 vestrae,
1983 3455 2098 3524 quia
2130 3469 2227 3504 au-

686 3571 846 3622 diunt.
876 3567 1069 3620 Verum
1096 3562 1233 3632 quod
1273 3571 1425 3612 aures
1444 3553 1652 3623 quidem
1683 3559 1869 3604 vestra:
1892 3545 2103 3598 audiant
2133 3557 2226 3610 pa-

689 3659 792 3711 lam
815 3665 892 3710 est
917 3671 929 3706 :
960 3653 1098 3721 quod
1138 3650 1274 3704 oculi
1303 3661 1426 3701 vero
1448 3642 1605 3697 vestri
1629 3640 1859 3701 videant,
1897 3636 2030 3689 sicut
2067 3633 2227 3687 disci-

685 3748 791 3815 puli
821 3757 943 3799 tunc
963 3742 1225 3803 videbant,
1246 3738 1296 3791 id
1325 3737 1683 3789 demonstrare
1710 3730 1957 3787 conabor.
1980 3734 2035 3778 ut
2066 3724 2227 3777 beati-

687 3836 812 3889 tudo
846 3842 1016 3886 vestra
1043 3844 1144 3883 non
1191 3824 1422 3886 dimidia,
1466 3820 1560 3874 sed
1604 3819 1817 3873 omnino
1864 3814 2089 3883 perfecta
2136 3812 2222 3863 sit.

685 3922 820 3989 Quid
847 3935 971 3989 ergo
988 3928 1109 3971 tunc
1130 3914 1374 3968 videbant
1402 3906 1664 3975 discipuli?
1678 3905 1908 3958 Mortuos
1928 3901 2221 3963 suscitatus,

686 4024 853 4063 amcos
884 4009 1047 4060 visum
1078 4003 1406 4069 recipientes,
1437 3997 1672 4064 leprosos
1702 3990 2005 4052 mundatos,
2048 3986 2226 4055 pulsos

686 4102 972 4159 dmmouas,
1001 4092 1213 4148 claudos
1256 4087 1597 4147 ambulantes,
1629 4092 1826 4135 naturze
1855 4081 2036 4132 vitium
2072 4090 2226 4130 omne

684 4195 998 4243 correctum.
1022 4182 1144 4235 llaec
1164 4187 1366 4232 ctnuuc
1392 4188 1483 4227 vos
1510 4172 1714 4231 videtis,
1740 4169 1942 4223 etiamsi
1973 4184 2074 4220 non
2115 4182 2224 4221 cor-

686 4275 845 4343 poris,
893 4271 985 4324 sed
1017 4268 1132 4321 lidei
1160 4265 1343 4319 oculis.
1372 4257 1675 4330 Huiusmodi
1707 4271 1927 4323 namque
1949 4265 2068 4308 sunt
2106 4255 2223 4308 ﬁdei

685 4363 865 4416 oculi:
907 4373 1023 4426 qua:
1050 4371 1152 4408 non
1186 4359 1438 4421 apparent
1486 4349 1692 4411 vident,
1736 4354 1788 4399 et
1830 4359 1946 4412 qua:
1993 4343 2223 4395 nondum

687 4450 819 4504 tacta
858 4457 977 4501 sunt
1006 4445 1313 4511 intelligunt.
1355 4438 1625 4495 Uudeuam
1681 4435 1779 4487 hoc
1819 4433 2221 4495 demonstratur,

686 4551 873 4604 nempe
903 4534 1055 4587 ﬁdem
1085 4546 1200 4585 esse
1226 4538 1489 4596 aspectum
1520 4533 1574 4579 et
1612 4530 1971 4590 argumentum
2004 4532 2103 4571 non
2134 4532 2224 4585 ap-

688 4622 1173 4697 parentiumiAudi
1202 4619 1417 4673 Paulum
1449 4615 1704 4668 dicentem
1737 4629 1749 4663 :
1777 4610 1869 4661 Est
1906 4618 2066 4660 autem
2101 4608 2225 4673 ﬁdes

683 4714 1039 4785 sperandarimt
1059 4708 1330 4762 substantia
1367 4720 1547 4767 rerum,
1570 4708 1909 4770 argumentum
1944 4712 2041 4748 non
2078 4711 2228 4762 appa-

682 4806 891 4859 rentium
920 4800 1097 4872 (Hebr.
1113 4801 1197 4852 11.
1214 4799 1286 4864 1).
1310 4798 1370 4849 Et
1391 4794 1527 4862 quod
1546 4791 1778 4845 mirabile
1794 4798 1893 4853 est,
1921 4788 1971 4839 bi
1992 4786 2226 4840 carnales

682 4895 820 4951 oculi
847 4907 962 4959 qua:
985 4890 1081 4942 sub
1105 4896 1369 4954 aSpectum
1395 4883 1586 4936 cadunt
1605 4919 1618 4939 .
1663 4878 1862 4941 vident,
1894 4890 2012 4944 qua:
2054 4882 2224 4927 autem

684 4988 781 5043 sub
796 4991 1059 5053 aspectum
1090 4992 1195 5033 non
1221 4976 1430 5039 cadunt,
1461 4987 1564 5025 non
1594 4969 1806 5022 vident:
1838 4977 1889 5018 at
1932 4963 2047 5017 ﬁdei
2090 4960 2227 5015 oculi

688 5076 897 5131 omnino
910 5078 1111 5132 contra,
1132 5080 1245 5133 qua:
1266 5063 1361 5116 sub
1386 5068 1649 5128 aspectum
1667 5055 1878 5117 cadunt,
1902 5067 2004 5104 non
2028 5049 2222 5113 vident,

680 5180 805 5235 quae
848 5175 974 5214 vero
1002 5157 1096 5212 sub
1137 5161 1402 5221 aspectum
1456 5163 1559 5201 non
1614 5145 1823 5205 cadunt,
1850 5140 2046 5193 vident.
2078 5136 2225 5202 Quod

678 5266 857 5310 autem
897 5264 1015 5319 qua:
1041 5244 1281 5300 videntur
1326 5253 1428 5292 non
1461 5236 1689 5299 videant,
1738 5242 1792 5286 et
1842 5244 1957 5299 quae
2009 5242 2112 5281 non
2148 5226 2225 5277 vi-

677 5343 873 5397 dentur
912 5313 1139 5393 videant,
1193 5328 1384 5385 Paulus
1430 5324 1717 5378 declaravit
1745 5321 1825 5373 bis
1852 5317 2023 5372 verbis
2054 5334 2068 5368 :
2097 5313 2225 5367 Nam

692 5432 1082 5486 Momentaneum
1102 5432 1145 5478 et
1165 5421 1265 5475 leae
1289 5415 1613 5470 tribulationis
1639 5426 1792 5475 supra
1818 5408 2018 5460 modum
2036 5406 2086 5456 in
2110 5402 2196 5456 sub
2212 5427 2227 5440 -

686 5521 893 5590 (imitate
919 5526 1155 5569 (sternunt
1191 5508 1361 5578 gloria:
1386 5503 1574 5572 pondus
1597 5506 1826 5567 operatur
1852 5496 1903 5547 in
1927 5493 2103 5553 nobis;
2128 5504 2225 5542 non

742 5632 757 5688 ί
770 5627 817 5689 Ct)
848 5626 1207 5688 On'ysostomua
1232 5613 1498 5665 inﬁrmitate
1519 5609 1727 5668 corporis
1751 5605 2011 5653 laborabat.

2307 1140 2727 1195 considerantibus
2754 1140 2893 1193 nobis
2916 1153 3027 1206 qua
3053 1137 3297 1200 videntur,
3323 1137 3409 1190 sed
3428 1150 3537 1205 qua:
3568 1151 3665 1188 non
3690 1135 3837 1187 uiden

2306 1238 2387 1282 tur
2411 1230 2465 1299 (2
2494 1229 2608 1283 Cor.
2631 1230 2683 1281 4.
2716 1227 2825 1295 17).
2858 1226 2925 1279 Et
2947 1225 3210 1294 quomodo
3237 1224 3492 1293 quispiam
3520 1237 3580 1276 ea
3609 1235 3726 1294 quze
3754 1234 3862 1273 nou

2308 1320 2549 1373 videntur
2568 1316 2792 1371 viderit?
2814 1318 2930 1381 Quo
2950 1315 3053 1369 alio
3078 1314 3253 1377 modo,
3277 1314 3374 1367 nisi
3405 1312 3522 1366 ﬁdei
3552 1311 3751 1365 oculis?
3771 1309 3867 1364 Sic

2309 1419 2363 1465 et
2385 1411 2507 1464 alibi
2535 1411 2601 1462 ait
2627 1425 2639 1459 :
2674 1407 2801 1459 Fide
2822 1406 3142 1474 intelligimus
3154 1413 3324 1472 aptata
3343 1418 3449 1456 esse
3472 1400 3654 1455 sarcula
3676 1399 3862 1469 (Hebr.

2311 1501 2397 1554 11.
2420 1500 2494 1568 3).
2521 1496 2835 1563 Quomodo?
2864 1510 2967 1548 non
2994 1494 3132 1548 enim
3152 1492 3405 1549 videmus.
3428 1491 3493 1545 Ut
3519 1507 3579 1544 ea:
3601 1489 3867 1543 inuisibili.

2311 1588 2400 1642 bus
2424 1587 2630 1641 visibilia
2650 1587 2840 1652 ﬁerent.
2860 1584 3029 1637 Vultis
3045 1583 3181 1636 aliud
3199 1583 3457 1652 proferam
3483 1581 3861 1643 testimonium,

2313 1678 2449 1747 quod
2480 1676 2597 1730 ﬁdei
2626 1676 2760 1729 oculi
2787 1689 2848 1728 ea
2883 1674 3089 1727 videant
3128 1690 3243 1742 quae
3270 1688 3371 1726 non
3399 1670 3675 1726 videntur?
3703 1671 3866 1726 Gala-

2315 1768 2381 1821 tis
2406 1764 2683 1834 aliquando
2708 1764 2945 1818 scribens
2990 1763 3181 1816 Paulus
3206 1762 3411 1815 dicebat
3441 1777 3453 1813 :
3486 1762 3613 1814 Ante
3655 1776 3870 1829 quorum

2314 1855 2481 1909 oculos
2509 1853 2655 1908 Iesus
2680 1852 2902 1906 Christus
2929 1852 3245 1920 prcscriptus
3264 1861 3334 1904 est
3360 1851 3411 1902 in
3436 1850 3568 1903 vobis
3596 1849 3870 1915 cruciﬁxus

2317 1944 2453 2018 (Gal.
2484 1946 2533 1997 δ.
2566 1946 2638 2013 1).

2385 2034 2438 2087 2.
2466 2032 2600 2100 Quid
2627 2032 2775 2095 dicis,
2799 2046 2831 2084 ο
2854 2031 3006 2085 beate
3031 2029 3225 2083 Paule?
3252 2030 3302 2081 in
3332 2027 3599 2083 Galatiane
3623 2026 3873 2080 viderunt

2318 2140 2436 2179 eum
2467 2123 2667 2179 Galatia
2688 2122 3035 2175 cruciﬁxum?
3068 2135 3239 2172 nonne
3263 2118 3572 2172 conﬁtemur
3598 2130 3783 2170 omnes
3815 2115 3872 2167 in

2321 2215 2592 2269 Palmstina
2642 2212 2693 2265 in
2721 2210 2890 2265 media
2919 2210 3099 2263 Judrea
3128 2209 3391 2261 Christum
3438 2221 3556 2261 esse
3606 2220 3823 2275 passum
3847 2205 3871 2257 ἲ

2320 2303 2591 2373 Quomodo
2619 2317 2743 2372 ergo
2792 2302 2959 2369 ipsum
3002 2298 3198 2352 Galam:
3238 2296 3551 2351 cruciﬁxum
3580 2294 3871 2348 viderunt?

2324 2395 2502 2455 Fidei.
2531 2408 2635 2446 non
2687 2391 2895 2450 carnis.
2936 2387 3119 2442 oculis.
3170 2387 3409 2439 Vidistin’
3433 2384 3694 2454 quomodo
3742 2384 3865 2436 ﬁdei

2322 2487 2459 2540 oculi
2499 2499 2559 2538 ea
2607 2498 2721 2552 qua:
2767 2495 2870 2534 non
2915 2486 3167 2547 apparent
3193 2476 3445 2529 videant?
3473 2476 3512 2528 A
3557 2483 3702 2527 tanto
3729 2474 3875 2526 enim

2325 2576 2594 2630 intervallo
2651 2583 2705 2627 et
2731 2582 2849 2642 post
2877 2580 3077 2624 tantum
3101 2576 3303 2635 tempus
3330 2565 3591 2619 Christum
3621 2563 3867 2616 viderunt

2324 2668 2654 2721 cruciﬁxum.
2675 2664 2761 2717 Sic
2785 2671 2836 2716 et
2863 2676 2956 2714 vos
2985 2658 3172 2712 videtis
3217 2664 3450 2709 mortuos
3490 2660 3829 2720 resurgentes
3856 2666 3871 2701 :

2324 2760 2399 2811 sic
2428 2756 2583 2810 hodie
2617 2755 2830 2809 cernitis
2864 2753 3126 2819 leprosum
3167 2745 3471 2801 mundatutn
3504 2763 3517 2797 :
3553 2746 3629 2797 sic
3665 2742 3871 2811 paraly.

2327 2851 2484 2903 ticum
2510 2848 2711 2901 vidistis
2754 2851 2984 2897 erectum
3010 2880 3025 2905 ,
3054 2849 3107 2894 et
3135 2839 3298 2907 magis
3328 2836 3530 2889 vidistis
3554 2875 3568 2899 ,
3593 2850 3749 2902 quam
3776 2832 3872 2885 Ju.

2325 2938 2443 3000 dmi,
2475 2936 2561 3005 qui
2581 2945 2704 2989 tunc
2721 2932 2957 2986 aderant.
2988 2928 3067 2982 illi
3088 2939 3311 2994 namque
3336 2931 3619 2993 praesentes
3650 2937 3752 2973 non
3782 2919 3875 2973 ad.

2326 3030 2517 3083 misere
2564 3022 2903 3083 miraculum,
2942 3034 3034 3072 vos
3076 3025 3250 3071 autem
3299 3015 3545 3067 absentes
3592 3010 3748 3064 ﬁdem
3777 3009 3877 3061 ad-

2328 3117 2562 3171 misistis.
2605 3113 2780 3181 ltaque
2818 3111 2934 3178 jure
2976 3107 3083 3162 dixi
3120 3104 3269 3158 vobis
3294 3145 3306 3165 ,
3329 3101 3471 3155 Beati
3506 3102 3654 3153 vestri
3696 3098 3830 3151 oculi
3860 3138 3875 3161 ,

2328 3208 2441 3277 quia
2485 3205 2647 3259 vident
2670 3200 2874 3274 (Matth.
2908 3201 2989 3253 l3.
3019 3195 3123 3267 16).
3158 3193 3309 3261 Quod
3343 3193 3386 3245 si
3436 3191 3646 3245 aliunde
3670 3204 3879 3257 quoque

2328 3298 2533 3350 discere
2561 3292 2787 3346 volueris
2807 3330 2822 3353 ,
2854 3289 2974 3343 ﬁdei
3019 3285 3202 3339 oculos
3230 3299 3312 3346 ea,
3339 3296 3455 3349 qua:
3479 3296 3583 3332 non
3613 3278 3877 3340 videntur,

2330 3388 2504 3441 videre
2526 3425 2540 3448 .
2562 3394 2617 3438 et
2645 3400 2702 3437 ca
2730 3423 2744 3444 .
2776 3395 2891 3450 quae
2930 3378 3190 3438 videntur,
3234 3382 3634 3441 prtetcrcurrere
3667 3385 3680 3419 :
3709 3379 3879 3432 neque

2330 3478 2466 3531 enim
2508 3475 2609 3527 alio
2646 3470 2802 3525 modo
2835 3466 3058 3521 viderint
3080 3479 3140 3517 ea
3163 3502 3178 3526 ,
3208 3476 3323 3529 qua:
3352 3473 3457 3511 non
3487 3457 3747 3519 videntur,
3777 3453 3879 3506 nisi

2329 3581 2485 3635 supra
2523 3564 2658 3618 dicta
2687 3560 3021 3629 despexerint
3047 3572 3060 3607 :
3085 3553 3205 3607 audi
3235 3550 3449 3605 Paulum
3475 3548 3542 3601 de
3578 3544 3882 3599 Abraham

2330 3657 2672 3712 disserentem
2694 3692 2708 3717 ,
2736 3649 2875 3718 quod
2910 3660 3096 3713 nempe
3142 3642 3259 3695 ﬁdei
3300 3638 3467 3693 oculis
3494 3636 3685 3691 viderit
3711 3635 3881 3687 ﬁlium

2330 3763 2483 3802 suum
2513 3745 2653 3798 Isaac
2698 3740 3013 3794 nasciturum
3039 3775 3052 3797 ,
3091 3744 3142 3787 ct
3168 3733 3243 3785 sic
3279 3728 3538 3796 acceperit
3574 3724 3881 3793 promissio-

2332 3853 2471 3890 nem.
2522 3832 2654 3899 Quid
2686 3830 2823 3884 enim
2854 3827 2964 3879 ait?
2992 3824 3057 3876 Et
3094 3838 3189 3875 non
3225 3820 3508 3887 inﬁrmatus
3544 3823 3614 3867 est
3636 3813 3757 3880 ﬁde,
3791 3826 3880 3863 nec

2329 3925 2650 3981 consideravit
2674 3935 2851 3988 corpus
2869 3931 3013 3971 suum
3038 3921 3315 3967 emortuum
3344 3907 3514 3977 (Rom.
3546 3906 3599 3958 ι.
3631 3904 3741 3971 19).
3771 3900 3882 3954 Ma-

2329 4033 2430 4087 gna
2465 4015 2541 4067 vis
2583 4010 2723 4065 ﬁdei.
2770 4003 3216 4072 Quemadmodum
3246 3999 3385 4052 enim
3425 3994 3757 4062 Cogitationes
3784 3990 3879 4041 ho-

2331 4079 2517 4162 ;ninum
2567 4103 2751 4157 timida:
2800 4107 2911 4152 sunt
2941 4105 2986 4148 et
3022 4094 3237 4160 inﬁrma
3279 4088 3428 4161 (Sap.
3460 4086 3513 4141 9.
3544 4084 3631 4153 14)
3655 4099 3669 4145 ;
3692 4083 3773 4135 sic
3819 4079 3883 4132 ll-

2330 4200 2423 4254 des
2468 4196 2616 4251 fortis
2663 4200 2951 4261 potensque
3005 4194 3100 4238 est.
3156 4182 3273 4235 Non
3319 4175 3643 4231 consideravit
3694 4186 3881 4237 corpus

2330 4304 2470 4341 suum
2508 4258 2801 4337 emortuum.
2832 4274 3013 4331 Viden'
3034 4268 3295 4340 quomodo
3319 4264 3540 4318 visibllia
3586 4258 3879 4314 dimiserit?

2328 4372 2589 4443 quomodo
2642 4383 2744 4422 non
2801 4361 3087 4429 respexerit
3135 4360 3184 4410 in
3243 4350 3605 4408 senectutem?
3656 4346 3884 4400 Etiamsi

2331 4436 2443 4516 lucc
2482 4475 2589 4531 pra:
2615 4456 2781 4511 oculis
2824 4460 2955 4514 erat,
2990 4447 3080 4502 sed
3130 4444 3250 4499 ﬁdei
3289 4442 3454 4495 oculis
3480 4436 3716 4499 videbat,
3773 4447 3880 4486 non

2329 4528 2496 4611 oculis
2542 4548 2798 4617 corporis.
2839 4543 2961 4598 Ideo
2991 4554 3097 4592 non
3135 4532 3364 4603 respexit
3406 4528 3470 4582 ad
3508 4532 3836 4581 senectutem
3859 4564 3878 4584 ,

2331 4660 2497 4716 neque
2525 4642 2602 4696 Ad
2633 4613 2903 4694 emortuam
2942 4630 3132 4683 vulvam
3163 4624 3334 4679 Sarra:
3358 4620 3528 4691 (Rom.
3560 4617 3611 4669 4.
3636 4613 3749 4682 l9).
3785 4613 3883 4666 Hie

2331 4703 2655 4791 stei‘ilitatem
2691 4725 2841 4781 nobis
2859 4718 3175 4775 subindicat.
3206 4712 3403 4778 Duplex
3428 4708 3569 4761 enim
3598 4703 3879 4756 inﬁrmitas

2330 4834 2441 4881 erat
2460 4841 2471 4887 ;
2491 4823 2587 4873 alia
2617 4834 2645 4870 a
2667 4820 2955 4871 senectute,
2981 4807 3079 4858 alia
3107 4804 3169 4855 ab
3199 4797 3501 4853 inﬁrmitate
3522 4800 3747 4847 natura.
3769 4788 3877 4843 Ne-

2330 4930 2431 4985 que
2459 4882 2597 4965 euim
2644 4914 2841 4959 tantum
2891 4910 3081 4964 corpus
3129 4892 3196 4944 ob
3221 4897 3429 4943 etatem
3471 4883 3537 4938 ad
3590 4882 3877 4935 liberorum

2329 4967 2740 5072 procreationem
2778 4990 3008 5055 ineptum
3050 4990 3161 5034 erat
3180 5017 3197 5043 ,
3225 4976 3317 5031 sed
3345 4975 3497 5028 vulva
3526 4982 3735 5039 quoque
3765 4967 3881 5036 ejus

2330 5064 2383 5149 et
2407 5099 2604 5145 natura:
2633 5083 2841 5137 ofﬁcina
2864 5084 2976 5131 erat
3001 5077 3238 5125 emortua
3261 5106 3276 5132 ,
3303 5064 3461 5119 etiam
3480 5069 3602 5114 ante
3627 5064 3879 5112 senectu-

2333 5145 2435 5238 tem
2461 5220 2474 5243 ,
2508 5188 2693 5241 nempe
2733 5170 2800 5223 ob
2830 5163 3179 5220 sterilitatem.
3205 5154 3385 5209 Viden‘
3412 5158 3606 5220 quanta
3654 5145 3878 5213 impedi-

2332 5269 2540 5329 menta?
2586 5237 2837 5319 Senectus
2883 5253 3015 5314 viri,
3064 5256 3305 5305 senectus
3358 5242 3538 5298 uxoris
3582 5237 3878 5291 :sterilitas

2332 5364 2496 5431 major
2522 5359 2675 5416 obex,
2706 5364 2860 5420 quam
2886 5349 3130 5397 senectus
3154 5356 3166 5390 :
3189 5351 3306 5390 nam
3336 5332 3463 5387 illud
3482 5339 3564 5385 est
3590 5328 3878 5382 maximum

2332 5454 2397 5507 ad
2418 5415 2705 5504 liberorum
2726 5415 3152 5507 procreationem
3178 5422 3626 5494 impedimentum.
3655 5415 3877 5469 Verum-

2336 5553 2507 5597 tamen
2538 5536 2649 5589 ba:c
2667 5498 2838 5585 omnia
2870 5516 3258 5592 praetereat-rit,
3296 5517 3452 5576 atque
3472 5503 3641 5561 oculis
3669 5500 3793 5557 ﬁdei
3820 5498 3873 5553 in
