4112 6512
1742 895 2132 979 ΟΜΙΛΙΑ

208 1193 316 1260 εις
371 1192 435 1247 τὸ
488 1188 893 1246 ἁποστολικὸν
919 1185 1109 1254 ῥητόν
1165 1183 1229 1237 τὸ
1263 1182 1462 1251 ,λόγον’
1525 1177 1692 1233 Τοῦτο
1723 1177 1778 1230 δὲ
1836 1178 2147 1299 γὶιέιτίέἕίκετε,
2204 1179 2284 1232 ὅτι
2328 1181 2386 1233 έν
2435 1178 2689 1249 ἐσχάταις
2733 1178 2966 1249 ἡμέραις
3014 1179 3220 1233 ἔσονται
3284 1181 3460 1249 καιροὶ
3512 1200 3604 1253 χαι

294 1678 364 1725 α’.
406 1668 656 1737 ’Δσθενὴς
704 1667 800 1736 μέν
829 1667 942 1733 ειμι
970 1664 1061 1716 καὶ
1094 1662 1322 1731 πτωχὸς,
1356 1662 1448 1714 καὶ
1473 1660 1861 1714 διδασκαλικῶν

220 1756 451 1824 ἄπειρος
488 1754 674 1820 λόγωνο
726 1750 836 1803 ἀλλ’
869 1752 994 1802 ὅταν
1027 1749 1118 1800 ῐδω
1166 1748 1254 1798 τὸν
1288 1747 1546 1817 ὑμέτερον
1587 1745 1858 1813 σύλλογον,

224 1838 646 1905 ἐπιλανθάνομαι
678 1835 773 1905 τῆς
799 1834 1095 1895 ἀσθενείας,
1121 1831 1295 1898 ἀγνοῶ
1328 1833 1424 1899 τὴν
1459 1830 1741 1900 πτωχείαν,
1764 1831 1862 1882 οὐκ

224 1919 345 1973 οἶδα
366 1922 462 1991 τὴν
490 1920 757 1989 ἀπειρίαψ
794 1917 1015 1984 τοιαύτη
1033 1916 1138 1985 γὰρ
1168 1917 1264 1985 τῆς
1290 1915 1554 1984 ὑμετέρας
1585 1915 1799 1983 ἀγάπης
1826 1916 1859 1988 ή

224 2006 500 2077 τυραννίς.
522 2006 611 2057 Διὸ
637 2005 727 2055 καὶ
752 2003 857 2054 τῶν
880 2006 935 2055 ὲν
956 2002 1181 2070 εὐπορίᾳ
1218 2000 1564 2052 καθεστώτων
1595 1999 1862 2070 προθυμό-

225 2109 385 2161 τερον
425 2092 550 2158 ὑμῖν
589 2088 685 2157 τὴν
725 2091 821 2157 τῆς
874 2086 1138 2155 πτωχείας
1192 2085 1526 2154 παρατίθημι
1566 2086 1857 2155 τράπεζαν.

226 2177 444 2245 Ταύτης
475 2176 531 2227 δὲ
558 2176 710 2242 ὑμεῖς
734 2173 891 2227 αῐτιοι
918 2173 1014 2239 τῆς
1046 2171 1457 2240 μεγαλοψυχίας,
1486 2173 1551 2239 τῇ
1588 2170 1861 2241 προθυμίᾳ

228 2263 330 2330 τῆς
365 2261 674 2332 ἀκροάσεως
702 2262 824 2320 τοὺς
857 2257 1305 2317 ἀναπεπτωκότας
1333 2257 1703 2325 διεγείροντες,
1725 2257 1860 2327 πρὸς

228 2350 330 2418 τὴν
368 2349 622 2417 ἀκρόασιν
655 2345 955 2415 κεχηνότες,
994 2343 1086 2396 καὶ
1118 2343 1217 2411 τῆς
1266 2342 1358 2394 τοῦ
1392 2342 1634 2408 λέγοντος
1666 2342 1859 2410 ἐκκρε-

233 2435 465 2503 μάμενοι
490 2432 747 2499 γλώττης.
780 2429 933 2482 Οὕτω
953 2428 1044 2480 καὶ
1073 2428 1277 2478 νεοσσοὶ
1313 2427 1609 2496 χελιδόνων,
1650 2427 1860 2480 ἐπειδὰν

231 2519 384 2572 ἴδωσι
414 2516 852 2587 προσιπταμένην
901 2515 996 2582 τὴν
1032 2512 1260 2582 μητέρα,
1300 2512 1396 2579 τῆς
1434 2510 1622 2572 καλιᾶς
1654 2511 1858 2578 προκύ-

229 2604 427 2670 ψαντες
468 2602 706 2661 καὶτοὺς
758 2600 982 2667 αὐχένας
1031 2600 1343 2665 ποιήσαντες
1368 2598 1671 2666 ὲκκρεμεῖς,
1723 2596 1861 2647 οῦτω

228 2688 471 2756 δέχονται
491 2687 589 2754 τὴν
616 2683 743 2753 παρ’
769 2684 974 2751 ἐκείνης
1002 2683 1222 2750 τροφήν.
1256 2679 1409 2731 Οὕτω
1429 2681 1519 2731 καὶ
1540 2680 1692 2747 ὑμεῖς
1727 2680 1860 2748 μετά

230 2778 430 2846 πολλῆς
462 2776 560 2844 τῆς
584 2773 880 2844 προθυμίας
901 2772 1032 2839 πρὸς
1063 2772 1151 2822 τὸν
1182 2769 1398 2835 λέγοντα
1439 2768 1738 2835 βλέποντες,
1774 2766 1858 2817 δέ-

228 2864 389 2931 χεσθε
416 2863 512 2931 τὴν
538 2860 642 2913 ἀπὸ
670 2856 815 2928 [279]
841 2857 936 2925 τῆς
958 2855 1196 2923 γλώττης
1229 2852 1584 2921 κομιζομένην
1606 2852 1729 2920 ὑμῖν
1750 2852 1860 2904 διά-

229 2946 393 3009 λεξιν,
418 2947 511 2998 καὶ
556 2945 683 3014 πρὶν
712 2943 744 3013 ἢ
780 2942 845 2993 τὰ
877 2942 1091 3009 ῥήματα
1134 2938 1432 3005 ἐκπηδῆσαι
1477 2936 1568 2988 τοῦ
1602 2936 1861 3004 στόματος

230 3031 408 3101 ἡμῶν,
434 3032 674 3100 ἥρπασεν
706 3028 739 3097 ἡ
766 3026 970 3078 διάνοια
997 3025 1063 3076 τά
1095 3022 1373 3091 ὶεγόμενα.
1410 3020 1501 3083 Τίς
1535 3016 1625 3073 οῦν
1664 3021 1760 3072 οὐκ
1797 3018 1861 3073 ἀν

230 3118 328 3168 καὶ
354 3116 493 3183 ὑμᾶς
524 3113 616 3167 καὶ
649 3114 791 3181 ἡμᾶς
840 3112 931 3162 ἐπὶ
968 3109 1171 3169 τούτοις
1231 3106 1594 3175 μακαρίσειεν,
1622 3106 1701 3156 ὅτι
1721 3105 1863 3171 λέγο-

234 3219 335 3271 μεν
366 3202 463 3264 Είς
493 3194 608 3251 ὦτα
629 3196 997 3263 ᾁκουόντων;
1026 3192 1214 3252 Κοινὸς
1236 3194 1263 3243 ὁ
1296 3191 1468 3251 πόνος,
1498 3190 1667 3249 κοινὸς
1712 3190 1803 3240 καὶ
1834 3191 1861 3241 ὁ

230 3286 511 3353 στέφανος·
540 3282 712 3336 κοινὸν
727 3281 785 3333 τὸ
800 3279 1006 3349 κέρδος,
1026 3276 1197 3337 κοινὸς
1226 3275 1317 3327 καὶ
1337 3276 1364 3326 ὁ
1393 3273 1596 3343 μισθός.
1619 3273 1715 3325 Διά
1742 3273 1861 3325 τοῦ·

229 3388 295 3423 το
318 3370 447 3422 καὶὸ
472 3367 694 3438 Χριστὸς
726 3364 1021 3433 ἐμακάρισε
1050 3361 1172 3423 τοὺς
1211 3358 1451 3428 μαθητὰς
1480 3357 1862 3438 λέγων”Υμῶν

231 3454 304 3506 δὲ
315 3453 583 3521 μακάριοι
613 3455 663 3503 οἱ
690 3448 994 3517 ὀφθαλμοὶ,
1024 3447 1109 3498 ὅτι
1146 3445 1466 3507 βλέπουσι,
1514 3442 1610 3494 καὶ
1639 3442 1708 3494 τὰ
1747 3437 1863 3494 ὦτα

230 3537 420 3605 ὑμῶν,
451 3537 539 3588 ὅτι
585 3536 888 3589 ἀκούουσι.
931 3531 1057 3582 Δότε
1088 3547 1173 3598 μοι
1212 3529 1378 3580 ταῦτα
1402 3527 1467 3579 τὰ
1503 3528 1713 3595 ῥήματα
1772 3527 1863 3577 καὶ

233 3621 371 3688 πρὸς
402 3621 542 3688 ὑμᾶς
581 3620 770 3679 εἰπεῖν,
798 3616 982 3683 ἐπειδὴ
1033 3615 1123 3666 καὶ
1168 3613 1263 3681 τὴν
1309 3612 1472 3681 αὐτὴν
1500 3611 1861 3662 ὲπιδείκνυσθε

234 3707 557 3776 προθυμίαν·
597 3702 786 3769 ’Υμῶν
813 3701 877 3753 δὲ
913 3699 1182 3769 μακάριοι
1210 3702 1262 3751 οἱ
1288 3697 1589 3765 ὀφθαλμοὶ,
1618 3694 1861 3757 ὅτιβλέο

233 3807 437 3853 ⁶ττουονι,
489 3789 584 3841 καὶ
629 3789 700 3841 τὰ
745 3783 863 3839 ὦτα
902 3786 1083 3853 ὑμῶν,
1121 3784 1203 3836 ὅτι
1250 3784 1588 3835 ἀκούουσιν.
1620 3780 1752 3831 Ἀλλ’
1782 3781 1861 3832 ὅτι

237 3877 341 3945 μὲν
374 3875 521 3943 ὑμῶν
548 3873 614 3925 τά
639 3868 747 3925 ὧτα
781 3870 984 3935 ἀκούει,
1016 3869 1187 3938 δῆλον·
1212 3869 1290 3920 ὅτι
1314 3867 1369 3919 δὲ
1407 3867 1497 3918 καὶ
1524 3867 1569 3917 οἱ
1603 3864 1862 3932 ὀφθαλμοὶ

238 3962 510 4029 βλέπουσι,
560 3958 803 4027 καθάπερ
853 3956 1071 4007 ἐϐλεπον
1119 3954 1168 4004 οἱ
1228 3952 1461 4021 μαθηταὶ
1509 3951 1660 4013 τότε,
1710 3950 1862 4001 τοῦτο

235 4046 507 4109 ἀποδεῖξαι
534 4043 875 4112 πειράσομαι,
907 4040 991 4092 ῐνα
1026 4038 1096 4109 μὴ
1120 4038 1177 4100 ἐξ
1198 4037 1465 4107 ἡμισείας,
1500 4035 1608 4087 ἀλλ’
1640 4034 1860 4103 ὁλόκλη-

238 4150 329 4202 ρος
354 4130 501 4199 ὑμῶν
531 4132 560 4181 ό
601 4127 940 4197 μακαρισμὸς
1068 4126 1131 4175 Τί
1160 4120 1248 4175 οὖν
1287 4122 1508 4173 ἔϐλεπον
1534 4120 1652 4171 τότε
1684 4121 1731 4171 οἱ
1766 4136 1863 4188 μα-

236 4217 425 4285 θηταῖς
460 4214 698 4281 Νεκροὺς
738 4211 1150 4279 ἀνισταμένους,
1180 4208 1407 4275 τυφλοὺς
1448 4204 1861 4268 ἀναϐλέποντας,

235 4301 463 4369 λεπροὺς
492 4298 927 4367 καθαιρομένους,
957 4294 1207 4363 δαίμονας
1235 4292 1633 4360 ἐλαυνομένους,
1664 4290 1864 4359 χωλοὺς

241 4385 567 4453 βαδίζοντας,
592 4384 732 4437 ἅπαν
761 4382 970 4451 φύσεως
1000 4380 1294 4449 ἁμάρτημα
1324 4376 1709 4444 διορθούμενον.
1727 4374 1866 4427 Ταῦ-

236 4486 307 4520 τα
335 4468 551 4536 βλέπετε
580 4470 671 4521 καὶ
693 4468 845 4536 ὑμεῖς
879 4466 992 4528 νῦν,
1025 4466 1070 4515 εί
1103 4465 1196 4516 καὶ
1229 4462 1301 4531 μὴ
1330 4464 1440 4522 τοῖς
1471 4461 1559 4514 τοῦ
1597 4460 1861 4530 σώματος,

239 4554 375 4607 ἀλλὰ
405 4556 515 4615 τοῖς
550 4556 645 4621 τῆς
670 4552 894 4613 πίστεως
923 4549 1233 4618 ὀφθαλμοῖς.
1264 4545 1513 4598 Τοιαῦται
1542 4547 1648 4616 γὰρ
1688 4546 1743 4597 αί
1766 4546 1863 4613 τῆς

238 4640 467 4699 πίστεως
488 4638 654 4704 ὄψεις·
692 4637 759 4688 τὰ
795 4637 867 4705 μὴ
890 4634 1179 4703 φαινόμενα
1203 4632 1469 4701 βλέπουσι,
1503 4632 1592 4683 καὶ
1617 4631 1682 4681 τά
1710 4630 1866 4700 μηδέ-

240 4742 327 4777 πω
367 4722 668 4790 πραχθέντα
709 4721 1041 4773 κατανοοῦσι.
1085 4718 1250 4771 Πόθεν
1276 4717 1431 4769 τοῦτο
1455 4717 1627 4785 δῆλον,
1651 4717 1729 4767 ὅτι
1774 4716 1864 4767 πί-

240 4825 355 4867 στις
372 4806 489 4872 ὁψις
508 4805 621 4857 ἐστὶ
646 4804 751 4856 τῶν
772 4805 846 4873 μὴ
868 4804 1202 4873 βλεπομένων
1230 4804 1320 4854 καὶ
1345 4803 1557 4869 ἔλεγχος
1576 4818 1590 4866 ;
1609 4802 1866 4852 Ἀκουσον

237 4891 334 4943 τοῦ
364 4891 570 4943 Παύλου
609 4889 868 4955 λέγοντος
902 4891 1073 4941 Ἔστι
1126 4888 1193 4940 δὲ
1241 4890 1437 4952 πίστις
1478 4886 1866 4953 ἐλπιζομένων

241 4979 569 5040 ὑπόστασις
624 4973 987 5040 πραγμάτων,
1042 4974 1288 5040 ἐλεγχος
1344 4975 1413 5025 οὐ
1457 4972 1861 5039 βλεπομένων.

239 5062 425 5115 Καὶτὸ
454 5060 518 5130 δὴ
565 5058 887 5127 θαυμαστὸν,
932 5050 1074 5109 οὗτοι
1109 5059 1203 5126 μὲν
1232 5061 1279 5110 οί
1310 5059 1405 5125 τῆς
1430 5058 1626 5125 σαρκὸς
1667 5056 1863 5125 ὀφθαλ-

250 5148 343 5215 μοὶ
366 5146 432 5198 τὰ
458 5146 553 5215 μὲν
599 5143 843 5213 ὁρώμενα
888 5141 1157 5210 βλέπουσι,
1204 5143 1270 5195 τὰ
1306 5144 1361 5195 δὲ
1416 5142 1488 5209 μὴ
1510 5142 1755 5211 ὁρώμενα
1804 5144 1862 5195 οὑ

242 5230 538 5300 βλέπουσιν·
566 5232 615 5282 οῖ
641 5230 696 5281 δὲ
725 5228 821 5296 τῆς
853 5227 1078 5288 πίστεως
1096 5226 1356 5295 ὀφθαλμοὶ
1379 5226 1681 5278 τούναντίον
1702 5227 1861 5289 ἅπαν,

238 5317 305 5369 τὰ
328 5316 426 5387 μὲν
450 5314 702 5386 ὁρώμενα
750 5314 811 5367 οὑ
854 5312 1129 5382 βλέπουσι,
1174 5312 1241 5362 τὰ
1273 5312 1327 5362 δὲ
1361 5312 1433 5383 μὴ
1472 5311 1719 5383 ὁρώμενα
1749 5310 1867 5379 βλέ-

238 5419 407 5455 πουσι.
430 5402 541 5455 Καὶ
575 5402 654 5453 ὅτι
700 5400 767 5452 τά
802 5399 1100 5467 Βλεπόμενα
1149 5398 1208 5447 οὑ
1242 5396 1511 5465 βλέπουσι,
1560 5400 1650 5451 καὶ
1676 5397 1743 5450 τὰ
1793 5398 1864 5466 μὴ

236 5485 533 5557 βλεπόμενα
566 5485 869 5554 βλέπουσιν,
908 5486 936 5537 ὁ
968 5481 1174 5542 Παῦλος
1206 5482 1465 5547 ἐδήλωσεν
1485 5483 1650 5535 είπὼν
1675 5484 1862 5545 οὕτως’

231 5576 295 5631 Τὸ
320 5578 424 5647 γὰρ
463 5571 809 5639 παραυτίκα
834 5570 1091 5637 ἐλαφρὸν
1118 5566 1225 5633 τῆς
1254 5568 1508 5632 θλίψεως
1541 5571 1666 5620 καθ’
1691 5572 1865 5635 ὑπερ-

218 5665 402 5735 ϐουλὴν
448 5664 543 5724 εις
602 5655 935 5723 ὑπερϐολὴν
986 5655 1219 5710 αἰώνιον
1256 5650 1444 5720 ,ϐάρος
1497 5653 1677 5718 δόξης
1727 5655 1867 5721 ἡμῖν

1962 1659 2384 1729 κατεργάζεται,
2402 1660 2485 1728 μὴ
2532 1661 2919 1713 σκοπούντων
2952 1664 3117 1731 ἡμῶν
3146 1665 3215 1717 τὰ
3232 1666 3346 1727 ﬁde
3360 1668 3599 1734 τόμενα,

1959 1747 2118 1801 ἀλλὰ
2144 1749 2215 1800 τὰ
2239 1747 2323 1815 μὴ
2368 1748 2729 1813 βλεπόμενα.
2761 1747 2867 1798 Καὶ
2914 1748 3026 1811 πῶς
3054 1751 3117 1802 ἄν
3150 1766 3228 1811 τις
3284 1752 3381 1803 ίδοι
3426 1751 3492 1803 τὰ
3523 1754 3597 1823 μὴ

1961 1832 2293 1901 βλεπόμενα;
2324 1832 2444 1891 Πῶς
2471 1831 2659 1890 ἄλλως,
2694 1831 2857 1899 ἀλλ’ἢ
2886 1835 2993 1893 τοῖς
3022 1836 3115 1901 τῆς
3138 1835 3370 1896 πίστ-ως
3399 1836 3595 1899 ὀφθαλ-

1963 1920 2109 1987 μοῖς;
2145 1917 2296 1969 Οὕτω
2324 1918 2416 1969 καὶ
2448 1915 2678 1985 ἀλλαχοῦ
2714 1934 2862 1985 φησι’
2888 1918 3091 1970 Πίστει
3112 1919 3366 1987 νοοῦμεν
3390 1938 3594 1989 κατηρ-

1958 2002 2151 2055 τίσθαι
2186 1999 2325 2064 τοὺς
2345 2001 2576 2063 αίῶνας.
2611 1999 2764 2063 Πῶς;
2805 2001 2866 2051 οὐ
2902 2000 3006 2071 γὰρ
3046 2001 3270 2069 εἴδομεν.
3298 2004 3396 2067 Εἰς
3416 2004 3479 2056 τὸ
3508 2005 3594 2072 μὴ

1958 2085 2024 2137 ἐκ
2051 2083 2416 2153 φαινομένων
2444 2086 2512 2135 τὰ
2528 2083 2872 2151 ,βλεπόμενα
2922 2087 3246 2152 γεγονέναι,
3281 2088 3434 2154 φησί.
3466 2087 3597 2140 Βού-

1958 2169 2111 2221 λεσθε
2136 2170 2226 2222 καὶ
2262 2168 2449 2237 ἑτέραν
2483 2170 2711 2239 παράγω
2738 2170 3056 2239 μαρτυρίαν,
3081 2172 3161 2221 ὅτι
3183 2171 3250 2223 τὰ
3290 2174 3363 2240 μὴ
3399 2172 3592 2240 βλεπό-

1962 2271 2095 2324 μενα
2160 2254 2443 2323 βλέπουσιν
2487 2254 2536 2305 οἱ
2582 2254 2676 2322 τῆς
2728 2254 2959 2317 πίστεως
3009 2256 3301 2323 ὀφθαλμοῖς
3334 2258 3595 2320 Γαλάταις

1960 2341 2087 2392 ποτὲ
2113 2340 2377 2409 γράφωνὸ
2407 2338 2612 2401 Παῦλος
2641 2340 2838 2407 ἔλεγεν·
2862 2337 2958 2403 Οἷς
2975 2343 3097 2394 κατ’
3120 2344 3459 2411 ὀφθαλμοὺς
3492 2346 3595 2413 Ἰη-

1960 2425 2105 2488 σοῦς
2127 2422 2371 2490 Χριστὸς
2394 2423 2725 2491 προεγράφη
2748 2426 2815 2475 ἐν
2838 2426 2975 2492 ὑμῖν
2991 2428 3450 2495 ἐσταυρωμένος.

2032 2510 2094 2578 β’.
2124 2510 2185 2561 Τί
2210 2509 2401 2574 λέγεις,
2431 2506 2475 2561 ὧ
2503 2510 2731 2578 μακάριε
2752 2511 2959 2574 ﬂatile;
2992 2513 3048 2563 ὲν
3076 2513 3304 2582 Γαλατία
3332 2514 3590 2583 σταυροῦ-

1962 2612 2119 2664 μενον
2154 2595 2312 2645 αὑτὸν
2348 2591 2481 2645 εἶδον
2524 2594 2790 2658 Γαλάταις
2829 2594 2946 2663 οὐχὶ
2981 2597 3175 2658 πάντες
3210 2600 3589 2668 ὁμολογοῦμεν,

1956 2681 2034 2731 ὃτι
2067 2682 2122 2730 έν
2154 2678 2477 2747 Παλαιστίνῃ
2525 2679 2580 2729 ἐν
2614 2679 2751 2747 μέσῃ
2787 2680 3007 2749 Ἰουδαίᾳ
3037 2681 3095 2733 τὸ
3140 2683 3305 2745 πάθος
3350 2685 3588 2749 ἐγένετο;

1958 2763 2077 2823 Πῶς
2106 2758 2195 2814 οὖν
2228 2761 2383 2814 αὑτὸν
2420 2759 2555 2814 εἶδον
2606 2763 2994 2833 σταυρούμενον
3036 2766 3294 2826 Γαλάται;
3339 2767 3459 2830 Τοῖς
3495 2770 3592 2839 τῆς

1961 2850 2189 2909 πίστεως
2225 2848 2532 2917 ὀφθαλμοῖς,
2566 2848 2623 2899 οὑ
2672 2852 2779 2910 τοῖς
2810 2849 2908 2917 τῆς
2950 2853 3165 2920 σαρκός.
3218 2850 3365 2916 Εἶδες
3394 2855 3508 2917 πῶς
3540 2856 3591 2908 οἱ

1959 2935 2057 3003 τῆς
2111 2936 2342 2994 πίστεως
2388 2932 2648 3002 ὀφθαλμοὶ
2693 2934 2760 2984 τά
2809 2935 2881 3003 μὴ
2931 2937 3225 3005 φαινόμενα
3273 2939 3588 3007 βλέπουσιν;

1972 3022 2101 3076 Ἀπὸ
2147 3022 2396 3075 τοσούτου
2453 3022 2579 3089 γοῦν
2626 3022 2986 3092 διαστήματος
3035 3026 3125 3077 καὶ
3165 3028 3299 3095 μετὰ
3344 3028 3593 3080 τοσοῦτον

1959 3108 2144 3177 χρόνον
2170 3108 2257 3159 τὸν
2282 3107 2509 3177 Χριστὸν
2544 3102 2678 3159 εἶδον
2705 3108 3114 3177 σταυρούμενον.
3134 3111 3285 3163 Οὕτω
3317 3111 3406 3164 καὶ
3437 3111 3590 3180 ὑμεῖς

1961 3191 2180 3261 βλέπετε
2244 3192 2363 3251 τοὺς
2411 3192 2631 3261 νεκροὺς
2693 3188 3099 3261 ἀνισταμένους·
3159 3195 3294 3246 οὕτω
3357 3198 3590 3265 σήμερον

1960 3277 2123 3328 εἴδετε
2191 3275 2280 3327 τὸν
2332 3276 2524 3345 λεπρὸν
2594 3276 3005 3345 καθαιρόμενον·
3066 3278 3231 3341 οὕτως
3280 3280 3445 3332 εἴδετε
3502 3282 3588 3336 τὸν

1960 3361 2392 3430 παραλελυμένον
2432 3362 2750 3424 ἀναστάντα,
2779 3360 2925 3432 [280]
2962 3364 3053 3414 καὶ
3103 3364 3295 3432 μᾶλλον
3330 3366 3588 3420 Ἰουδαίων

1966 3447 2064 3497 τῶν
2114 3446 2389 3516 παρόντων
2435 3446 2619 3497 εἴδετε.
2662 3447 2883 3497 Ἐκεῖνοι
2933 3448 3028 3515 μὲν
3067 3449 3169 3516 γὰρ
3219 3450 3478 3517 παρόντες
3525 3454 3586 3503 οὑ

1963 3530 2315 3600 παρεδέξαντο
2346 3532 2406 3581 τὸ
2439 3530 2637 3597 θαῦμα,
2667 3532 2818 3598 ὑμεῖς
2864 3532 2917 3583 δὲ
2965 3533 3187 3595 ἀπόντες
3228 3536 3586 3604 παρεδέξασθε

1961 3634 2055 3685 την
2080 3616 2276 3667 πίστιν.
2310 3616 2467 3667 Ὥστε
2492 3616 2710 3675 δικαίως
2755 3613 2901 3668 εἶπον
2932 3618 3063 3685 πρὸς
3093 3620 3251 3685 ὑμᾶς,
3280 3620 3358 3670 ὃτι
3392 3624 3589 3673 Μακά-

1953 3718 2069 3767 ριοι
2102 3701 2241 3769 ὑμῖν
2268 3704 2319 3753 vl
2352 3702 2658 3768 ὀφθαλμοὶ,
2688 3703 2772 3753 ὅτι
2794 3701 3150 3763 βλέπουσιν.
3188 3705 3245 3755 EE
3279 3706 3334 3756 δὲ
3361 3706 3451 3756 καὶ
3476 3706 3583 3757 ἐτέ-

1965 3786 2132 3853 ρωθεν
2167 3785 2342 3853 βούλει
2387 3785 2571 3853 μαθεῖν
2615 3786 2694 3837 ὅτι
2736 3786 2800 3836 τὰ
2842 3786 2914 3854 μὴ
2960 3787 3256 3855 βλεπόμενα
3307 3789 3587 3857 βλέπουσιν

1962 3873 2007 3921 οἱ
2044 3871 2138 3939 τῆς
2166 3871 2395 3931 πίστεως
2420 3870 2698 3937 ὀφθαλμοὶ,
2724 3870 2791 3921 τὰ
2820 3871 2872 3921 δὲ
2900 3870 3196 3938 βλεπόμενα
3224 3874 3585 3942 παρατρέχου-

1965 3971 2045 4006 σιν
2065 3968 2078 3981 ·
2113 3955 2230 4007 οὐδὲ
2259 3956 2364 4024 γὰρ
2396 3956 2460 4007 ἂν
2486 3955 2653 4016 ἄλλως
2685 3956 2838 4006 ἴδοιεν
2870 3955 2935 4005 τὰ
2966 3955 3038 4024 μὴ
3083 3957 3395 4025 βλεπόμενα,
3429 3962 3475 4009 εί
3512 3960 3585 4028 μὴ

1964 4042 2424 4109 καταφρονήσαιεν
2468 4040 2573 4090 τῶν
2618 4040 2943 4109 εἰρημένων⁹
2998 4043 3220 4093 ἄκουσον
3252 4043 3341 4094 τοῦ
3378 4043 3585 4096 Παύλου

1962 4127 2086 4194 περὶ
2121 4127 2212 4178 τοῦ
2244 4126 2489 4198 Ἀϐραὰμ
2523 4126 2917 4194 διαλεγομένου,
2947 4129 3023 4180 ὅτι
3066 4131 3173 4190 τοῖς
3218 4130 3314 4197 ’τῆς
3360 4131 3587 4193 πίστεως

1961 4211 2249 4279 ὀφθαλμοῖς
2278 4205 2379 4262 εἶδε
2411 4212 2498 4263 τὸν
2525 4212 2637 4265 υἱὸν
2658 4213 2963 4282 τικτόμενον
2983 4213 3069 4265 τὸν
3103 4215 3303 4276 Ἰσαὰκ,
3328 4215 3417 4266 καὶ
3449 4215 3587 4267 οὕτω

1963 4295 2276 4358 κατεδέξατο
2326 4296 2420 4366 τὴν
2472 4298 2810 4363 ἐπαγγελίαν.
2878 4300 2939 4350 Τί
2977 4300 3081 4368 γάρ
3132 4315 3289 4367 φησι;
3336 4301 3441 4353 Καὶ
3499 4299 3584 4366 μὴ

1962 4380 2300 4445 ἀσθενήσας
2327 4379 2399 4448 τῇ
2423 4383 2635 4444 πίστει,
2660 4384 2728 4435 οὐ
2752 4387 3070 4449 κατενόησε
3098 4386 3159 4435 τὸ
3187 4384 3397 4437 ἑαυτοῦ
3421 4382 3588 4451 σῶμα

1963 4466 2413 4533 νενεκρωμένον.
2438 4467 2657 4536 Μεγάλη
2687 4468 2782 4535 τῆς
2809 4468 3036 4531 πίστεως
3064 4468 3356 4537 ήδύναμις.
3382 4470 3589 4537 Ὥσπερ

1965 4550 2068 4616 γὰρ
2094 4550 2364 4617 λογισμοὶ
2410 4550 2726 4617 ἀνθρώπων
2756 4552 2935 4604 δειλοί
2969 4555 3066 4605 καὶ
3116 4553 3405 4618 ἀσθενεῖς,
3450 4554 3589 4605 οὕτω

1966 4634 2142 4695 πίστις
2176 4634 2366 4703 ἰσχυρά
2407 4635 2498 4686 καὶ
2545 4635 2761 4704 δυνατή.
2795 4638 2875 4689 Οὐ
2904 4638 3230 4704 κατενόησε
3265 4639 3330 4690 τὸ
3375 4638 3587 4690 ἑαυτοῦ

1965 4719 2131 4785 σῶμα
2162 4722 2613 4785 νενεκρωμένον.
2656 4721 2811 4790 Ὁρᾷς
2859 4723 2974 4781 πῶς
3012 4723 3184 4789 ἀφῆκε
3210 4722 3274 4773 τά
3309 4722 3589 4791 ὁρώμενα;

1965 4805 2077 4865 πῶς
2105 4805 2201 4855 οὑκ
2232 4800 2365 4855 εἶδεν
2393 4806 2466 4866 είς
2512 4805 2569 4856 τὸ
2606 4806 2809 4874 γῆρας;
2868 4810 3050 4858 Καίτοι
3082 4824 3139 4873 γε
3176 4808 3301 4858 αὐτὸ
3344 4809 3447 4876 πρὸ
3483 4809 3589 4859 τῶν

1966 4889 2254 4957 ὀφθαλμῶν
2288 4890 2491 4940 ἔκειτο·
2549 4890 2679 4941 ἀλλά
2726 4895 2834 4952 τοῖς
2884 4892 2977 4959 τῆς
3015 4892 3243 4954 πίστεως
3301 4891 3589 4960 ὀφθαλμοῖς

1964 4977 2128 5044 ἑώρα,
2163 4976 2222 5028 οὐ
2252 4980 2360 5039 τοῖς
2388 4977 2477 5030 τοῦ
2508 4978 2769 5047 σώματος.
2800 4979 2886 5030 Διὸ
2916 4984 3010 5032 οὐκ
3040 4977 3141 5032 εἶδε
3170 4983 3228 5033 τὸ
3261 4983 3450 5051 γῆρας,
3473 4984 3589 5036 οὐδὲ

1964 5062 2058 5128 τὴν
2101 5062 2361 5129 νέκρωσιν
2406 5063 2646 5132 Σάρραςο
2708 5064 2766 5115 οὑ
2814 5066 3098 5132 κατενόησε
3141 5068 3258 5133 Τὴν
3300 5066 3592 5135 νέκρωσιν

1964 5146 2072 5210 τῆς
2118 5146 2344 5213 μήτρας
2393 5147 2639 5215 Σάρρας.
2693 5150 2799 5217 Τὴν
2850 5152 3124 5217 στείρωσιν
3177 5157 3305 5223 ἡμῖν
3362 5156 3592 5209 ἐνταῦθα

1965 5232 2275 5287 αἰνίττεται.
2322 5233 2486 5303 Διπλῆ
2520 5234 2625 5305 γὰρ
2666 5236 2697 5304 ἡ
2742 5235 2985 5288 ἀσθένεια
3016 5232 3100 5306 ἦν,
3145 5240 3174 5308 ή
3227 5239 3323 5308 μὲν
3352 5243 3455 5293 ἀπὸ
3495 5242 3592 5311 τῆς

1967 5317 2195 5386 ἡλικίας,
2240 5319 2272 5385 ἡ
2314 5318 2369 5370 δὲ
2407 5319 2512 5371 ἀπὸ
2552 5321 2649 5387 τῆς
2689 5321 2966 5385 ἀσθενείας
2999 5324 3225 5390 φύσεως.
3272 5327 3343 5377 Ού
3387 5328 3489 5395 γὰρ
3530 5329 3591 5380 τὸ

1969 5400 2124 5467 σῶμα
2158 5400 2312 5468 μόνον
2340 5402 2426 5453 διὰ
2462 5402 2556 5470 τὴν
2598 5404 2808 5470 ἠλικίαν
2850 5408 3114 5478 ἄχρηστον
3140 5404 3205 5477 ἦν
3241 5410 3374 5477 πρὸς
3412 5412 3593 5462 παιδο-

1966 5486 2169 5550 γονίαν,
2192 5484 2325 5538 ἀλλά
2348 5486 2438 5537 καὶ
2479 5487 2612 5556 αὐτὴ
2652 5490 2683 5556 ἠ
2731 5490 2909 5560 μήτρα
2953 5494 3263 5563 νενέκρωτο,
3300 5496 3389 5546 καὶ
3414 5495 3471 5546 τὸ
3496 5497 3594 5562 τῆς

1967 5572 2180 5637 φύσεως
2220 5572 2593 5643 ἐργαστήριον,
2631 5575 2722 5625 καὶ
2761 5576 2863 5644 πρὸ
2892 5578 2983 5630 τοῦ
3016 5581 3195 5648 γήρως
3228 5582 3494 5651 ἄχρηστον
3524 5577 3597 5651 ἦν

1966 5654 2053 5709 διὰ
2079 5654 2176 5721 τὴν
2209 5656 2505 5723 στείρωσιν.
2538 5654 2687 5722 Εἶδες
2714 5661 2811 5713 ὅσα
2836 5662 3159 5732 κωλύματα;
3196 5665 3267 5718 Τὸ
3300 5670 3469 5735 γῆρας
3499 5666 3596 5720 τοῦ
