4062 6462
604 368 715 422 273

591 478 796 549 ἀνδρὸς,
826 478 882 528 τὸ
914 480 1082 544 γῆρας
1108 475 1202 542 τῆς
1232 475 1505 540 γυναικός·
1545 476 1572 540 ή
1617 473 1707 524 τοῦ
1731 475 1912 540 γήρως
1947 474 2206 539 ἀχρηστο-

593 581 720 632 τερα
762 560 1073 629 στείρωσς·
1125 562 1214 612 καὶ
1260 559 1365 627 γὰρ
1407 561 1496 610 καὶ
1538 558 1688 610 τοῦτο
1723 559 1949 624 μάλιστα
1991 557 2211 622 κώλυμα

593 647 945 712 παιδογονίας.
978 645 1112 696 Ἀλλ’
1144 647 1288 712 ὅμως
1321 644 1486 694 ταῦτα
1518 642 1688 695 πάντα
1720 641 2083 709 παρέδραμεν,
2119 639 2208 690 καὶ

591 733 698 792 τοῖς
726 731 820 790 τῖπς
846 731 1073 790 πίστεως
1104 729 1390 796 ὀφθαλμοῖς
1418 729 1492 788 είς
1534 727 1654 787 τοὺς
1698 725 1950 792 οὐρανοὺς
1991 723 2207 789 ἀνέστη,

594 817 847 884 μεγίστην
868 815 971 864 τῶν
993 813 1404 882 ἐπηγγελμένων
1435 810 1698 872 ἀπόδειξιν
1720 810 1851 876 ἔχων
1876 809 1970 876 τὴν
1987 807 2208 874 δύναμιν

589 900 679 951 τοῦ
715 900 1099 968 ὑποσχομένου.
1135 899 1229 949 Διά
1268 898 1419 949 τοῦτο
1453 900 1550 959 Είς
1583 895 1693 959 τὴν
1723 893 2074 960 ἐπαγγελίαν
2104 891 2206 942 τοῦ

593 986 732 1039 Θεοῦ
764 987 832 1037 οὐ
864 985 1117 1050 διεκρίθη
1152 983 1224 1047 τῇ
1255 981 1514 1044 ἀπιστίᾳ,
1553 979 1684 1030 ἀλλ’
1711 976 2109 1043 ἐνεδυναμώθη
2136 973 2208 1040 τῇ

590 1073 804 1123 πίστει.
855 1069 1126 1135 Βακτηρία
1171 1068 1273 1135 γάρ
1319 1066 1396 1126 τίς
1433 1067 1574 1116 ἐστιν
1602 1063 1790 1130 ίσχυρά
1819 1063 1851 1129 ή
1882 1061 2078 1120 πίστις,
2119 1060 2209 1110 καὶ

587 1156 636 1206 λι
647 1156 748 1224 μὴν
781 1154 1040 1221 ἀσφαλὴς,
1073 1153 1168 1218 τῆς
1199 1150 1304 1202 τῶν
1341 1148 1606 1216 λογισμῶν
1635 1147 2037 1198 ἀπαλλάττουσα
2072 1144 2207 1195 πλά-

591 1259 703 1310 νης,
737 1241 828 1292 καὶ
860 1241 915 1290 ἐν
938 1237 1127 1307 ἡσυχία
1152 1235 1310 1300 πολλῇ
1345 1234 1437 1301 τὴν
1458 1231 1627 1300 ψυχὴν
1655 1231 2015 1282 ἀναπαύουσα.
2034 1229 2210 1295 ’Υμῶν

591 1326 656 1375 δὲ
676 1325 943 1392 μακάριοι
972 1325 1024 1373 οι
1059 1320 1362 1387 ὀφθαλμοί,
1401 1318 1482 1368 ὅτι
1505 1317 1802 1375 βλέπουσι
1827 1332 1838 1343 ·
1882 1315 1972 1366 καὶ
1998 1314 2102 1381 γὰρ
2131 1315 2207 1374 εἰς

591 1412 718 1462 αὐτὸ
783 1408 935 1460 πάλιν
990 1404 1294 1457 ἐπανελθεῖν
1349 1403 1630 1466 ἀναγκαῖον
1684 1401 1742 1450 τὸ
1793 1402 1958 1466 ῥῆμα.
2023 1397 2208 1449 Καίτοι

591 1496 808 1546 ἔϐλεπον
845 1493 934 1545 καὶ
959 1493 1007 1542 οί
1038 1489 1269 1542 Ἰουδαῖοι
1293 1488 1357 1538 τὰ
1379 1488 1494 1537 τότε
1530 1487 1798 1552 γινόμενα.
1833 1484 1968 1534 Ἀλλ’
1997 1483 2056 1534 ού
2080 1482 2208 1532 ταύο

589 1597 686 1647 την
734 1576 1022 1646 μακαρίζει
1066 1575 1160 1642 τὴν
1193 1573 1310 1638 ὄψιν
1338 1573 1430 1639 τὴν
1477 1570 1703 1634 ἐξωθενο
1755 1568 1890 1635 αὕτη
1937 1568 2041 1635 γάρ
2090 1567 2206 1617 καθ’

590 1665 782 1730 ἑαυτὴν
811 1663 906 1730 οὕχ
927 1662 1024 1728 ὁρᾷ
1052 1659 1118 1710 τὰ
1149 1658 1410 1725 θαύματα,
1451 1656 1559 1706 ἀλλ’
1581 1660 1612 1722 ή
1637 1654 1796 1704 ἔνδον.
1837 1654 2054 1703 Ἐκεῖνοι
2075 1647 2208 1702 εῗδον

590 1748 783 1813 τυφλὸν
819 1746 910 1797 καὶ
943 1744 1122 1810 ἔλεγον
1145 1760 1158 1774 ·
1215 1739 1397 1803 Οὗτός
1433 1741 1618 1799 ἐστιν,
1669 1740 1775 1790 οὑκ
1808 1739 1974 1790 ἐστιν
2001 1733 2172 1798 οὗτος
2193 1751 2204 1762 '

593 1831 934 1895 καλέσωμεν·
964 1827 1143 1880 αὑτοῦ
1171 1826 1306 1889 τοὺς
1339 1823 1552 1891 γονεῖς.
1583 1822 1818 1883 Ἀκούεις
1849 1819 2208 1889 ἀμφιδαλλόν-

591 1933 732 1979 mw;
761 1917 888 1984 δρᾷς
923 1915 1002 1965 ὅτι
1030 1913 1126 1963 οὐκ
1159 1912 1312 1978 ἀρκεῖ
1335 1913 1366 1976 ή
1397 1909 1487 1960 τοῦ
1520 1907 1762 1976 σώματος
1805 1907 1924 1973 ὄψις
1958 1907 2088 1974 πρὸς
2116 1905 2208 1974 τὴν

591 1999 681 2049 τοῦ
713 1997 979 2062 θαύματος
1005 1994 1257 2061 θεωρίαν;
1294 1995 1353 2043 Οἱ
1392 1991 1648 2060 παρόντες
1680 1991 1769 2041 καὶ
1807 1989 2058 2057 θεώμενοι
2094 1988 2207 2040 ἐλε-

593 2101 685 2150 γον
707 2098 720 2111 ·
765 2077 946 2142 Οὗτός
985 2080 1169 2138 ἐστιν,
1210 2079 1315 2129 οὐκ
1347 2077 1509 2127 ἔστιν
1536 2071 1710 2136 οὗτος
1733 2091 1746 2103 ’
1785 2076 1941 2142 ἡμεῖς
1973 2074 2025 2125 δὲ
2058 2075 2102 2124 οἱ
2136 2075 2208 2142 μὴ

594 2168 850 2236 παρόντες
876 2165 934 2216 ού
969 2165 1212 2232 λέγομεν,
1247 2159 1426 2224 Οὗτός
1457 2161 1637 2220 ἐστιν,
1666 2162 1771 2211 οὐκ
1803 2158 1967 2210 ἔστιν
2002 2155 2205 2220 οὗτος’

592 2253 703 2304 ἀλλ’
732 2252 918 2314 Αὐτός
951 2249 1131 2300 ἐστιν.
1159 2247 1390 2314 Ἐμαθες
1436 2245 1508 2306 ὼς
1551 2245 1695 2296 οὐδὲν
1727 2244 1944 2310 βλάπτει
1983 2245 2013 2310 ἠ
2047 2245 2210 2295 ἀπου-

595 2339 703 2396 σία,
734 2337 856 2386 ὅταν
883 2335 1109 2394 πίστεως
1141 2331 1400 2398 ὀφθαλμοὶ
1440 2324 1558 2391 ὦσι,
1605 2330 1694 2381 καὶ
1726 2329 1798 2388 ὼς
1839 2329 1985 2379 οὐδὲν
2016 2329 2210 2394 ὠφελεῖ

593 2424 626 2490 ὴ
674 2421 955 2488 παρουσία,
993 2420 1115 2470 ὅταν
1146 2418 1367 2476 πίστεως
1399 2414 1658 2481 ὀφθαλμοὶ
1713 2414 1784 2482 μὴ
1830 2408 1962 2474 ὦσις
2015 2414 2077 2464 Τί
2106 2413 2208 2480 γὰρ

594 2506 826 2564 ἐκείνους
870 2502 1040 2570 ὤνησε
1084 2501 1142 2550 τὸ
1180 2499 1334 2561 ίδεῖν;
1401 2499 1580 2552 Οόδέν.
1613 2499 1797 2565 Ἡμεῖς
1841 2497 1944 2565 γὰρ
1993 2497 2208 2548 ἐκείνων

596 2589 917 2654 σαφέστερον
963 2585 1189 2652 εἴδομεν.
1227 2584 1374 2634 Ἐπεὶ
1415 2578 1504 2633 οὖν
1537 2583 1814 2650 βλέπουσιν
1861 2584 1908 2632 οί
1952 2581 2209 2649 ὀφθαλμοὶ

597 2670 744 2736 ὑμῶν
773 2668 1019 2736 Θεωρίαν,
1045 2668 1136 2718 καὶ
1163 2666 1344 2717 ἀκούει
1368 2667 1431 2715 τὰ
1459 2660 1570 2716 ὦτα
1603 2667 1877 2734 ἀκρόασιν,
1911 2667 1974 2734 ἣν
2012 2668 2038 2715 ὁ
2081 2667 2212 2731 Χρι-

597 2755 715 2815 στὸς
744 2753 1060 2820 ἐμακάρισε,
1102 2752 1230 2819 φέρε
1261 2751 1386 2816 ύμῖν
1415 2751 1535 2810 τοὺς
1575 2749 1906 2816 μαργαρίτας
1942 2749 2045 2799 τῶν
2075 2749 2209 2813 Γρα-

597 2839 710 2906 φῶν
742 2837 1085 2905 παραθῶμεν.
1111 2836 1316 2902 ’Ὥσπερ
1357 2835 1462 2901 γάρ
1501 2835 1609 2894 τοῖς
1638 2833 1896 2893 Ἰουδαίοις
1937 2830 2082 2901 [28!]
2116 2832 2210 2882 ούκ

597 2925 818 2976 ἐπέλυσε
848 2924 911 2974 τὰ
938 2923 1218 2988 ζητήματα
1239 2921 1266 2970 ό
1299 2917 1542 2988 Χριστὸς,
1567 2917 1699 2968 ἀλλά
1730 2918 1820 2968 καὶ
1845 2917 2076 2968 ἐπέτεινε
2114 2919 2209 2984 τὴν

597 3009 878 3073 ἀσάφειαν,
929 3004 1108 3073 ἐπειδὴ
1161 3004 1232 3072 μὴ
1280 3005 1582 3070 προσεῖχον·
1639 3001 1777 3052 οὕτω
1823 3001 1882 3069 δὴ
1935 3002 2024 3053 καὶ
2065 3001 2208 3069 ὑμῖν,

600 3093 783 3160 ἐπειδὴ
823 3091 1128 3159 προσέχετε,
1159 3089 1226 3140 τά
1247 3087 1592 3156 κεκρυμμένα
1624 3087 1770 3152 άγειν
1801 3087 1875 3147 είς
1907 3088 2061 3153 μέσον
2087 3087 2208 3153 χρή.

599 3178 706 3229 Καὶ
734 3177 838 3244 γάρ
869 3173 1159 3242 προσῆλθον
1184 3175 1229 3223 οἱ
1263 3173 1493 3239 μαθηταὶ
1522 3172 1610 3222 καὶ
1637 3171 1927 3238 ἐθαύμαζον
1952 3172 2208 3236 λέγοντες·

599 3261 755 3313 Διατί
785 3261 851 3310 ἐν
873 3257 1230 3325 παραϐολαῖς
1257 3257 1458 3318 λαλεῖς
1479 3256 1776 3318 αὑτοῖς;⁹Ο
1805 3257 1858 3306 δέ
1893 3256 2012 3322 ἔφη,
2033 3256 2213 3307 Ἐπει-

599 3345 673 3411 δὴ
713 3345 1041 3406 ,ϐλέποντες
1070 3345 1136 3392 οὐ
1170 3339 1521 3402 βλέπουσιν.
1550 3340 1748 3390 Οὐκοῦν
1778 3340 1955 3406 ἐπειδὴ
1986 3340 2055 3407 μὴ
2085 3341 2212 3390 ἰδόνο

601 3447 690 3490 τες
736 3430 889 3496 ὑμεῖς
933 3426 1116 3489 εἴδετε,
1164 3427 1449 3490 ἀναγκαῖον
1503 3424 1574 3492 μὴ
1624 3426 1677 3475 ἐν
1727 3424 1996 3491 παραϐολῇ
2043 3425 2211 3475 εἰπεῖν

605 3515 736 3580 πρὸς
769 3514 907 3577 ὑμᾶς
931 3527 943 3539 ·
993 3511 1081 3562 καὶ
1106 3510 1282 3578 ἐπειδὴ
1317 3511 1641 3572 Ἀκούοντες
1671 3511 1776 3559 οὐκ
1870 3503 2210 3559 ἀκούουσιν.

603 3595 804 3647 Οὐκοῦν
830 3593 1010 3659 ἐπειδὴ
1047 3594 1199 3659 ὑμεῖς
1241 3593 1311 3659 μὴ
1353 3594 1670 3652 ἀκούσαντες
1701 3593 1836 3650 τότε,
1882 3591 2098 3642 ἀκούετε
2124 3591 2213 3642 νῦν

603 3681 699 3731 οὐκ
722 3677 1018 3744 ἐλαττον,ἧ
1062 3677 1177 3727 τότε
1221 3675 1477 3742 ἠκούσατε
1521 3688 1567 3736 ο,
1621 3677 1903 3740 ἀναγκαῖον
1952 3676 2090 3742 ὑμᾶς
2143 3676 2214 3742 μὴ

603 3762 966 3830 ἀποστερῆσαι
998 3761 1094 3827 τῆς
1117 3760 1384 3828 τραπέζης
1413 3759 1626 3826 ταύτης.
1668 3760 1770 3809 Καὶ
1803 3759 1906 3826 γὰρ
1935 3761 1962 3809 ὁ
1990 3759 2213 3824 Χριστὸς

603 3847 819 3906 τούτους
857 3845 952 3912 ούχ
979 3839 1135 3913 ἦττον
1169 3846 1492 3910 ἐμακάρισεν
1526 3844 1556 3910 ἢ
1588 3843 1818 3904 ἐκείνους
1838 3859 1850 3873 ·
1892 3839 2056 3906 Εἶδες
2087 3843 2212 3910 γὰρ,

607 3931 754 3999 φησὶ,
783 3929 878 3980 καί
916 3929 1301 3989 ἐπίστευσαςο
1330 3925 1597 3993 μακάριοι
1639 3929 1687 3978 ol
1730 3925 1812 3992 μὴ
1845 3925 2084 3988 ίδόντες,
2121 3925 2217 3976 καί

607 4017 1046 4076 πιστεύσαντες.
1078 4013 1164 4079 Μὴ
1184 4014 1354 4063 τοίνυν
1377 4013 1592 4079 ὀκνηροί
1616 4011 1822 4078 γίνεσθε
1849 4012 1979 4079 πρὸς
1999 4011 2212 4079 ἀρετὴν,

607 4103 686 4153 ὅτι
739 4099 809 4168 μὴ
848 4099 963 4150 κατ’
1012 4097 1246 4156 ἐκείνους
1295 4097 1414 4155 τοὺς
1455 4096 1692 4164 χρόνους,
1733 4096 1864 4146 ἀλλὰ
1903 4096 2018 4147 κατ’
2061 4096 2217 4147 αὑτὸν

608 4186 874 4254 ἐγένεσθε.
905 4185 997 4234 Ἂν
1024 4185 1130 4251 γὰρ
1162 4182 1376 4242 ἐθέλοις,
1404 4183 1500 4232 οὐκ
1531 4179 1830 4249 ἐζημιώθης
1855 4198 1868 4212 ο
1908 4182 2089 4247 ὥσπερ
2127 4178 2216 4233 οὖν

610 4270 788 4321 πολλοὶ
815 4271 905 4320 καὶ
927 4269 1032 4320 τῶν
1057 4269 1174 4318 τότε
1200 4266 1513 4335 γενομένων,
1555 4267 1733 4334 ἐπειδὴ
1766 4266 1837 4334 μὴ
1875 4265 2074 4333 ἡθελον,
2121 4268 2217 4317 οὐκ

610 4353 978 4422 ὠφελήθησαν.

677 4444 744 4504 γ’.
769 4436 830 4487 Τί
850 4433 937 4488 οὖν
958 4437 1138 4487 ἐστιτδ
1162 4436 1389 4504 σήμερον
1405 4433 1757 4500 ἁναγνωσθέν;
1790 4435 1960 4488 Τοῦτο
1981 4435 2046 4485 δὲ
2065 4434 2215 4502 γινώ-

611 4535 802 4581 σκετε,
825 4520 911 4572 ὅτι
948 4521 1016 4571 ἐν
1047 4520 1322 4584 ἐσχάταις
1353 4518 1588 4585 ἡμέραις
1619 4520 2006 4583 ἐνστήσονται
2035 4519 2218 4583 καιροὶ

613 4606 880 4670 χαλεποί.
907 4605 994 4673 Τῷ
1023 4605 1263 4671 Τιμοθέῳ
1295 4605 1449 4654 πάλιν
1491 4607 1516 4654 ό
1549 4603 1750 4664 Παῦλος
1780 4604 2090 4656 ἐπιστέλλει.
2123 4605 2220 4653 Φο-

613 4690 744 4757 6ερά
773 4693 804 4757 ἡ
839 4689 1066 4757 ἀπειλή·
1115 4688 1244 4739 ἀλλὰ
1280 4689 1669 4755 διαναστῶμεν·
1702 4688 1916 4748 τούτους
1958 4689 2064 4756 γὰρ
2095 4689 2219 4754 ήμῖν

610 4774 732 4834 τοὺς
761 4775 977 4841 καιροὺς
1025 4774 1329 4832 αἰνίττεται,
1383 4773 1470 4822 καὶ
1510 4774 1630 4832 τοῦς
1679 4772 1811 4839 μετά
1848 4773 2082 4833 τούτους,
2130 4775 2220 4824 καὶ

612 4859 734 4919 τοὺς
760 4859 883 4925 περὶ
911 4859 1004 4923 την
1039 4857 1333 4907 συντέλειαν
1364 4857 1546 4923 αύτήν.
1583 4857 1757 4908 Τοῦτο
1789 4857 1854 4908 δὲ
1884 4858 2217 4924 γινώσκετε,

613 4943 700 4995 ὅτι
730 4945 796 4995 ἐν
831 4942 1108 5008 ἐσχάταις
1136 4941 1372 5008 ἡμέραις
1407 4941 1795 5005 ἐνστήσονται
1835 4942 2017 5009 καιροί
2059 4947 2223 5008 χαλε-

616 5029 734 5080 ποί.
765 5029 939 5096 Βραχὺ
966 5027 1025 5077 τὸ
1054 5028 1218 5093 ῥῆμα,
1261 5028 1352 5078 καὶ
1382 5026 1583 5094 μεγάλη
1623 5029 1651 5094 ή
1678 5026 1915 5093 δύναμις.
1967 5029 2222 5097 Καθάπερ

618 5113 723 5180 γὰρ
749 5111 816 5162 τὰ
838 5111 1094 5179 ἀρώματα
1119 5111 1176 5159 ού
1207 5109 1282 5177 τῷ
1311 5110 1514 5178 πλήθει,
1552 5109 1682 5160 ἀλλά
1711 5113 1772 5178 τῇ
1802 5111 1958 5176 φύσει
1977 5111 2071 5179 τὴν
2095 5114 2220 5164 εὐω-

617 5197 732 5248 δίαν
755 5196 1072 5247 ἐνδείκνυται
1096 5209 1109 5223 ⁶
1159 5193 1295 5244 οὕτω
1329 5197 1416 5245 καὶ
1441 5197 1494 5244 αί
1526 5194 1660 5244 θεῖαι
1688 5195 1891 5261 Γραφαὶ
1911 5195 1970 5245 ού
1993 5194 2069 5262 τῷ
2091 5196 2225 5262 πλήν

618 5281 699 5333 θει
717 5280 821 5331 τῶν
847 5281 1112 5348 ῥημάτων,
1144 5278 1272 5329 ἀλλά
1297 5283 1360 5345 τῇ
1393 5280 1610 5347 δυνάμει
1634 5279 1738 5331 τῶν
1767 5280 2087 5348 ἐγκειμένων
2110 5283 2226 5332 πᾶ-

619 5382 714 5418 σαν
735 5367 858 5433 ἡμῖν
883 5367 1166 5432 παρέχουσι
1189 5362 1282 5430 τήν
1309 5364 1585 5428 ὠφέλειαν.
1610 5360 1759 5415 Οὕτω
1783 5365 1872 5416 καὶ
1892 5364 2224 5432 θυμιάματος

683 5576 706 5604 ⁸
729 5574 809 5625 Sic
831 5588 939 5622 mss.
968 5576 1061 5624 Sed
1078 5577 1297 5624 mendum
1322 5579 1548 5637 suspicor.

1355 363 1411 413 ὃ.
1448 358 1726 414 JOANNIS
1771 355 2236 412 CIIRYSOSTOHI
2279 354 2588 408 ARLIHhP.
2626 356 3153 413 CONSTANTINOP.

3823 385 3930 439 274

2311 469 2466 535 φύσις
2504 472 2592 522 καὶ
2637 472 2754 523 καθ’
2782 473 2976 541 ἐαυτην
3013 475 3109 542 μέν
3146 477 3290 528 ἐστιν
3331 476 3531 544 εὐώδης
3553 491 3566 506 ·
3598 475 3733 528 ἐπάν
3761 475 3816 526 δι
3849 479 3924 535 είς

2310 555 2417 622 πῦρ
2441 556 2604 623 αὐτὴν
2651 557 2904 625 ἐμὸάλης,
2949 560 3066 609 τότε
3120 561 3294 610 πᾶσαν
3335 560 3692 612 ἐπιδείκνυται
3733 559 3829 628 τὴν
3869 559 3922 622 ἐξ

2310 639 2472 706 αὐτῆς
2499 641 2704 709 ήδονήν.
2730 642 2880 693 Οὕτω
2909 643 2999 694 καὶ
3031 645 3064 711 ὴ
3093 644 3209 695 θεία
3238 645 3421 714 Γραφὴ
3449 646 3541 695 καλ⁸
3576 645 3694 695 καθ’
3730 644 3921 712 ἑαυτήν

2313 724 2408 792 μέν
2438 726 2578 776 ἐστιν
2604 726 2790 793 ήδίστη
2810 743 2823 756 ⁸
2863 727 3076 779 ἐπειδὰν
3099 729 3153 779 δέ
3179 728 3275 795 τῆς
3301 728 3452 796 ήμῶν
3478 727 3795 795 ἐπιλάϐηται
3827 728 3920 795 ψυ-

2309 809 2427 875 χῆς,
2454 810 2696 878 καθάπερ
2735 813 2810 872 είς
2843 811 3189 879 θυμιατήριον
3231 813 3556 880 ἐμπεσοῦσα,
3598 813 3812 864 ᾶπαντα
3841 813 3922 864 τὴν

2307 888 2449 944 οἷκον
2473 894 2566 961 τῆς
2589 894 2808 956 εὐωδίας
2837 896 3150 963 ἐμπίπλησι.
3185 897 3358 949 Τοῦτο
3386 897 3452 948 δὲ
3482 897 3816 964 γινώσκετε,
3840 898 3923 948 ὅτι

2306 979 2375 1028 ἐν
2403 977 2680 1044 ἐσχάταις
2724 979 2964 1044 ἡμέραις
3003 981 3391 1046 ἐνστήσονται
3433 983 3617 1048 καιροὶ
3652 984 3915 1048 χαλεποί.

2310 1062 2442 1129 Περὶ
2470 1063 2564 1130 τῆς
2600 1063 2897 1124 συντελείας
2923 1064 3086 1130 λέγει.
3114 1065 3176 1115 Τί
3206 1061 3295 1116 οὖν
3338 1066 3467 1134 πρὸς
3497 1065 3574 1126 σέ,
3608 1059 3650 1117 ὦ
3693 1067 3924 1134 μακάριε

2308 1145 2514 1207 Παῦλε;
2567 1147 2616 1197 τί
2664 1147 2716 1198 δέ
2769 1147 2899 1216 πρὸς
2955 1147 3235 1215 Τιμόθεον;
3271 1149 3321 1200 τί
3371 1149 3425 1201 δέ
3473 1151 3605 1218 πρὸς
3641 1151 3770 1210 τοὺς
3806 1149 3921 1200 τότε

2307 1230 2624 1293 ἀκούοντας;
2659 1232 2862 1299 Μικρὸν
2885 1231 2989 1298 γὰρ
3011 1231 3229 1300 ὕστερον
3249 1232 3522 1300 μέλλουσιν
3546 1233 3919 1302 ἀποθνήσκειν,

2309 1316 2698 1384 ἐξαρπάζεσθαι
2721 1315 2825 1365 τῶν
2855 1316 3106 1367 ἐπιόντων
3135 1316 3318 1368 δεινῶν
3337 1321 3428 1368 καὶ
3453 1319 3695 1384 πονηρῶν
3728 1317 3924 1384 ἀνθρώ-

2310 1418 2440 1452 πων.
2479 1401 2614 1451 Ἀλλ’
2646 1401 2762 1468 οὐχὶ
2794 1400 2858 1451 τὰ
2896 1400 3132 1469 παρόντα
3170 1400 3346 1468 βλέπω
3379 1402 3554 1468 μόνον,
3587 1402 3766 1469 φησὶν,
3794 1402 3923 1453 ἀλλά

2311 1485 2398 1534 καὶ
2429 1485 2494 1535 τὰ
2529 1484 2780 1552 μέλλοντα
2811 1484 3039 1552 προορῶ.
3077 1484 3206 1551 Οὐχὶ
3245 1485 3339 1552 τῆς
3369 1484 3633 1553 παρούσης
3680 1485 3922 1552 φείδομαι

2309 1569 2557 1636 ποίμνης,
2582 1567 2713 1619 άλλά
2743 1567 2832 1618 καὶ
2861 1567 2998 1634 ὑπὲρ
3035 1566 3132 1634 τῆς
3167 1567 3451 1636 μελλούσης
3475 1568 3686 1634 ἀγωνιῶ
3713 1570 3803 1620 καὶ
3838 1568 3921 1619 δέ·

2307 1653 2477 1704 δοικα.
2516 1653 2701 1718 Ἡμεῖς
2749 1651 2845 1718 μὲν
2888 1652 2992 1719 γάρ
3032 1652 3137 1702 τῶν
3183 1653 3440 1704 συνόντων
3473 1655 3600 1721 ημῖν
3629 1654 3923 1724 ἀνθρώπων

2313 1737 2458 1805 μόλις
2495 1733 2785 1802 ποιούμεθα
2816 1735 3080 1803 πρόνοιαν,
3105 1739 3304 1796 ἐκεῖνος
3325 1736 3380 1788 δὲ
3413 1738 3545 1805 ύπέρ
3565 1736 3670 1787 τῶν
3704 1738 3920 1804 μηδέπω

2305 1821 2593 1889 τεχθέντων
2626 1820 2819 1889 πολλὴν
2854 1825 3076 1873 ποιεῖται
3110 1823 3204 1890 τὴν
3232 1822 3479 1890 σπουδήν.
3507 1821 3658 1873 Οὕτω
3687 1824 3779 1872 καὶ
3812 1837 3919 1872 ποι·

2311 1907 2415 1976 μὴν
2456 1907 2668 1975 ἀριστος
2716 1908 2810 1975 οὐχ
2851 1909 2973 1958 ὅταν
3017 1907 3099 1977 ίδη
3150 1908 3274 1968 τοὺς
3323 1907 3512 1966 λύκους
3565 1906 3814 1967 ἐπιόντας
3860 1908 3921 1973 τῇ

2310 1993 2505 2061 ποίμνῃ
2535 1994 2625 2043 καὶ
2653 1993 2757 2043 τῶν
2786 1993 3060 2061 προϐάτων
3093 1993 3251 2056 ἐγγὺς
3277 1990 3608 2059 γενομένους,
3644 1992 3766 2042 τότε
3799 2007 3923 2059 προ-

2307 2077 2449 2145 λέγει
2483 2079 2655 2146 μόνον,
2701 2079 2831 2130 ἀλλά
2874 2080 2962 2129 καὶ
3001 2078 3271 2148 πόρρωθεν
3311 2075 3464 2136 ὄντας
3513 2075 3723 2146 μηνύει.
3776 2076 3922 2128 Οὕτω

2307 2165 2400 2214 καὶ
2426 2165 2452 2214 ό
2482 2161 2705 2224 Παῦλος,
2729 2163 2970 2232 καθάπερ
2995 2164 3192 2231 ποιμὴν
3217 2163 3449 2230 ἀριστος,
3474 2163 3554 2227 ἐφ’
3589 2161 3790 2228 ὑψηλοῦ
3823 2178 3923 2228 χω-

2313 2249 2422 2317 ρίου
2475 2248 2564 2299 τοῦ
2615 2248 2711 2316 τῆς
2765 2247 3089 2316 προφητείας
3135 2245 3434 2314 ἀξιώματος
3475 2245 3798 2313 καθήμενος,
3833 2245 3921 2297 καὶ

2308 2339 2416 2397 τοῖς
2476 2334 2623 2405 [282]
2669 2335 3011 2402 προφητικοῖς
3064 2331 3350 2399 ὀφθαλμοῖς
3421 2330 3617 2382 ἀνωθεν
3681 2330 3921 2398 προορῶν

2307 2422 2694 2488 κατατρέχοντα
2723 2420 2787 2470 τά
2816 2418 2992 2486 θηρία,
3023 2419 3106 2468 ἐπ’
3151 2416 3315 2483 αὐτῆς
3358 2416 3454 2483 τῆς
3491 2414 3792 2476 συντελείας
3834 2417 3920 2484 ὁρ-

2312 2505 2517 2574 μῶντας
2543 2507 2631 2557 καὶ
2654 2503 3084 2570 ἀποτεινομένους
3125 2503 3257 2553 κατά
3295 2501 3386 2567 τῆς
3415 2501 3640 2565 ποίμνης
3675 2500 3918 2568 προλέγει

2308 2592 2398 2643 καὶ
2426 2589 2962 2658 προδιαμαρτύρεται,
3006 2587 3088 2637 ῖνα
3120 2586 3208 2636 καὶ
3250 2587 3368 2645 τοὺς
3404 2585 3620 2652 μηδέπω
3651 2587 3917 2652 γεννωμέ-

2310 2691 2428 2734 νους
2458 2673 2838 2741 παρασκευάσῃ
2878 2672 3082 2737 νήφειν,
3116 2670 3206 2721 καὶ
3237 2671 3410 2720 πᾶσαν
3450 2669 3654 2739 τειχίσῃ
3683 2669 3781 2735 τὴν
3809 2669 3918 2718 ποί-

2312 2775 2444 2826 μνην
2472 2761 2534 2825 τῇ
2572 2757 2885 2825 προφητεία.
2942 2758 3042 2806 Καὶ
3078 2756 3181 2820 γάρ
3220 2755 3309 2805 καὶ
3358 2755 3530 2820 πατὴρ
3578 2753 3913 2820 φιλόστοργος

2307 2843 2477 2894 οἰκίαν
2515 2842 2952 2908 οἰκοδομούμενος
2986 2839 3233 2899 πολλάκις
3266 2842 3374 2898 τοῖς
3413 2837 3572 2888 αὑτοῦ
3610 2841 3761 2889 παισὶ
3788 2839 3918 2904 λαμο

2309 2927 2448 2994 πρὰν
2489 2927 2580 2978 καὶ
2622 2925 2853 2994 μεγάλην
2888 2924 3054 2984 οὕτως
3093 2924 3374 2987 οἰκοδομεῖ,
3415 2923 3507 2989 ούχ
3542 2921 3676 2972 ὥστε
3700 2923 3915 2982 ἐκείνοις

2310 3013 2576 3079 χρησίμην
2605 3010 2848 3076 γενέσθαι
2893 3008 3065 3076 μόνον,
3096 3007 3226 3058 άλλά
3260 3007 3350 3058 καὶ
3395 3008 3629 3072 ἐγγόνοις
3683 3009 3775 3058 καὶ
3814 3011 3915 3066 τοῖς

2313 3095 2424 3162 μετ’
2453 3095 2702 3154 ἐκείνους.
2734 3092 2883 3143 Οὕτω
2913 3092 3002 3142 καὶ
3027 3090 3269 3158 βασιλεὺς
3293 3091 3438 3142 πόλει
3473 3092 3758 3159 φιλουμένη
3781 3108 3916 3159 περι-

2311 3180 2481 3230 ϐαλὼν
2503 3180 2671 3245 τεῖχος
2711 3176 2920 3240 ἔξωθεν,
2956 3175 3186 3240 ἀσφαλὲς
3215 3173 3365 3226 τοῦτο
3405 3179 3544 3226 ποιεῖ
3589 3176 3678 3226 καὶ
3709 3177 3914 3244 ίσχυρδν

2311 3259 2651 3328 καὶδιαρκές,
2685 3263 2778 3328 οὐχ
2807 3261 2889 3311 ῖνα
2912 3261 3000 3311 ἐπὶ
3028 3260 3122 3328 τῆς
3149 3261 3334 3326 γενεᾶς
3354 3259 3509 3310 αὑτοῦ
3545 3259 3706 3327 μόνης
3729 3261 3917 3326 ὑπηρε-

2310 3353 2394 3416 τῇ.
2422 3349 2530 3400 ἀλλ’
2562 3348 2643 3398 ἵνα
2685 3348 2774 3397 καὶ
2814 3350 2919 3406 τοῖς
2968 3345 3098 3412 μετά
3130 3345 3294 3396 ταῦτα
3334 3347 3461 3396 πᾶσι
3495 3346 3708 3412 γένηται
3739 3348 3916 3412 χρήσι-

2313 3450 2429 3501 μον,
2458 3431 2515 3481 ού
2548 3431 2676 3498 πρὸς
2699 3430 2790 3489 τὰς
2819 3429 2932 3480 τότε
2964 3429 3219 3496 μηχανὰς,
3245 3428 3374 3478 ἁλλά
3411 3428 3540 3495 πρὸς
3570 3428 3666 3488 τὰς
3703 3429 3915 3490 ὕστερον

2310 3514 2598 3581 γενομένας
2633 3508 2925 3579 προσϐολάς
2961 3509 3268 3576 ἐπιτήδειον.
3325 3509 3474 3558 Οὕτω
3522 3511 3612 3560 καὶ
3650 3511 3676 3560 ό
3722 3508 3916 3568 Παῦλος

2313 3597 2578 3665 ἐποίησεν.
2612 3596 2823 3662 Ἐπειδὴ
2864 3595 2968 3661 γὰρ
2998 3592 3061 3644 τὰ
3087 3594 3381 3660 γράμματα
3415 3593 3734 3644 ἁποστολικὰ
3774 3594 3914 3660 τείχη

2313 3685 2417 3735 τῶν
2445 3681 2770 3749 Ἐκκλησιῶν
2807 3682 2966 3740 ἐστιν,
2987 3679 3102 3745 ούχὶ
3128 3680 3249 3738 τοὺς
3275 3677 3389 3728 τότε
3422 3678 3574 3745 μόνον
3593 3678 3767 3739 ὄντας,
3796 3677 3919 3728 ἀλλα

2317 3769 2406 3818 καὶ
2439 3768 2557 3826 τοὺς
2583 3766 2799 3832 ὕστερον
2829 3763 3108 3829 ἐσομένους
3136 3760 3484 3829 ἀσφαλίζεται
3514 3761 3789 3812 διἀύτῶν.
3820 3762 3917 3812 Καὶ

2315 3852 2480 3910 οὕτως
2528 3849 2737 3916 ἰσχυρὸν
2780 3847 2870 3898 καὶ
2907 3845 3117 3915 ἀρραγῆ
3145 3846 3230 3896 τὸν
3270 3844 3542 3914 περίϐολον
3583 3844 3764 3896 τοῦτον
3799 3861 3920 3895 κατι·

2315 3935 2590 3995 ἐσκεύασε,
2609 3934 2696 3984 καὶ
2715 3932 2859 4002 πάσῃ
2883 3931 3196 3999 περιήλασεν
3219 3931 3373 3981 αύτον
3399 3933 3460 3998 τῇ
3489 3930 3773 3999 οἰκουμένῃ
3795 3929 3919 3998 μετὰ

2315 4016 2606 4083 ἀσφαλείας
2638 4015 2867 4082 ἀπάσης,
2898 4014 3032 4065 ὥστε
3069 4016 3160 4064 καὶ
3199 4014 3318 4074 τοὺς
3347 4014 3482 4073 τότε,
3519 4013 3609 4065 καὶ
3648 4014 3772 4074 τοὺς
3814 4014 3917 4080 μετ’

2317 4100 2566 4160 ἐκείνους.
2603 4100 2692 4150 καὶ
2729 4100 2850 4159 τοὺς
2871 4097 2984 4159 νῦν,
3016 4097 3248 4157 καὶτοὺς
3280 4093 3426 4159 αὖθις
3451 4097 3740 4165 ἑπομένους
3769 4097 3917 4164 μέχρι

2317 4187 2410 4252 τῆς
2435 4184 2525 4235 τοῦ
2559 4183 2788 4253 Χριστοῦ
2814 4183 3103 4251 παρουσίας
3136 4181 3344 4248 ἀπάσης
3372 4179 3667 4244 ἀπαλλάξαι
3694 4181 3794 4248 τῆς
3823 4181 3920 4232 τῶν

2318 4269 2581 4337 πολεμίων
2636 4268 2960 4336 πολιορκίας.
3007 4265 3249 4317 Τοιαῦται
3281 4265 3385 4315 τῶν
3427 4264 3592 4329 ἀγίων
3636 4265 3693 4315 αί
3733 4263 3917 4331 ψυχαί·

2319 4353 2670 4421 φιλόστοργοι,
2718 4351 3078 4418 κηδεμονικαὶ,
3129 4348 3390 4417 πατρικήν
3433 4346 3639 4400 εῦνοιαν
3688 4349 3920 4416 ἀποκρύ-

2318 4455 2540 4488 πτουσαι
2577 4435 2651 4503 τῷ
2680 4435 2900 4503 φίλτρῳ,
2942 4437 3030 4484 καὶ
3063 4433 3156 4498 τὴν
3183 4434 3277 4501 τῆς
3311 4433 3518 4499 φύσεως
3555 4432 3920 4501 φιλοστοργίαν

2319 4524 2558 4580 νικῶσαι,
2593 4524 2683 4572 καὶ
2712 4521 2804 4582 τάς
2832 4520 3018 4580 ὠδῖνας
3056 4519 3460 4588 ύπερὸαίνουσαι
3493 4517 3722 4582 ἐκείνας·
3766 4520 3918 4572 Πνεύ-

2323 4625 2483 4676 ματος
2506 4609 2608 4675 γάρ
2635 4609 2736 4658 εἰσι
2768 4607 2855 4657 καὶ
2877 4607 3021 4666 θείας
3049 4607 3280 4672 χάριτος.

2386 4733 2446 4784 δ’.
2481 4731 2730 4782 Βούλεσθε
2754 4731 2844 4780 καὶ
2872 4729 3124 4798 ἑτέρωθεν
3144 4727 3296 4790 δείξω
3325 4730 3499 4791 πάλιν,
3522 4732 3599 4782 ὅτι
3624 4729 3683 4782 οὗ
3710 4729 3778 4780 τά
3808 4725 3916 4778 καθ’

2318 4818 2537 4877 ἐαυτοῦς
2568 4814 2889 4883 μεριμνῶσιν
2929 4815 2976 4864 οἱ
3023 4813 3180 4878 ἅγιοι,
3209 4813 3322 4864 οὑδέ
3359 4815 3492 4881 ὑπὲρ
3519 4813 3623 4864 τῶν
3654 4813 3916 4881 παρόντων

2321 4903 2576 4952 δεδοίκασι
2605 4900 2774 4966 μόνον,
2808 4897 2937 4949 ἀλλά
2965 4900 3053 4949 καὶ
3080 4899 3211 4966 ὑπὲρ
3239 4898 3342 4949 τῶν
3377 4897 3510 4966 μετά
3534 4897 3703 4949 ταῦτα
3736 4898 3915 4963 ἐσομέ-

2319 5003 2420 5036 νων
2443 5002 2456 5049 ;
2488 4983 2782 5052 Πῳσῆλθον
2815 4983 2978 5050 αὐτῷ,
3004 4985 3181 5050 φησὶν,
3208 4985 3254 5034 οἱ
3289 4982 3518 5050 μαθηταὶ
3540 4982 3629 5033 ἐπὶ
3654 4982 3746 5033 τοῦ
3773 4983 3915 5048 δρους

2320 5073 2619 5141 καθημένῳ,
2656 5067 2924 5136 ἄνθρωποι
2960 5068 3139 5118 λοιπὸν
3169 5067 3528 5135 γεγηρακότες
3556 5065 3647 5118 καὶ
3678 5067 3792 5133 μετ’
3814 5064 3914 5114 612'-

2321 5175 2412 5222 γον
2471 5157 2650 5225 χρόνον
2702 5153 2975 5222 μέλλοντες
3019 5154 3309 5221 ἀποδημεῖν
3357 5153 3463 5204 ἀπὸ
3505 5155 3603 5220 τῆς
3653 5150 3915 5220 παρούσης

2323 5243 2478 5310 ζωῆς.
2507 5241 2568 5291 Τί
2595 5233 2682 5290 οὗν
2706 5238 2975 5306 ἐρωτῶσι;
3004 5237 3053 5289 τί
3079 5237 3372 5302 ἀγωνιῶσις
3401 5239 3450 5288 τί
3474 5236 3765 5298 δεδοίκασι;
3791 5235 3918 5302 ὑπὲρ

2323 5327 2474 5376 τίνων
2501 5324 2595 5391 τήν
2623 5321 2806 5372 πεῦσιν
2839 5322 2914 5390 τῷ
2941 5321 3232 5391 διδασκάλῳ
3252 5321 3632 5390 προσάγουσιν;
3661 5317 3769 5390 ἆρα
3795 5320 3918 5385 ὑπὲρ

2324 5410 2427 5462 τῶν
2460 5408 2596 5459 κατά
2619 5409 2714 5474 τὴν
2740 5407 2877 5474 ζωὴν
2908 5407 3099 5472 αὐτῶν.
3130 5409 3160 5476 ἦ
3190 5407 3323 5474 ὑπὲρ
3347 5406 3451 5457 τῶν
3473 5405 3610 5458 κατά
3642 5406 3767 5467 τοὺς
3810 5403 3920 5472 κρέ’

2326 5511 2441 5553 νους
2473 5493 2735 5552 ἐκείνους;
2774 5492 3047 5559 Οὐδαμῶς.
3087 5491 3237 5541 Ἀλλὰ
3268 5492 3432 5543 πάντα
3459 5491 3635 5542 ἐκεῖνα
3660 5489 3920 5558 παραδριο

2333 5580 2512 5647 μόντες
2537 5579 2584 5628 τί
2606 5578 2843 5643 λέγουσι;
2885 5579 2940 5628 Τί
2964 5579 3022 5628 τὸ
3053 5577 3294 5640 σημεῖον
3325 5573 3427 5636 τῆς
3457 5573 3573 5634 σῆς
3605 5573 3915 5640 παρουσίας
