4112 6494
198 392 312 448 273

215 506 398 562 caelum
428 526 602 581 usque
628 517 851 568 surrexit
871 556 884 576 .
910 532 1148 584 magnum
1170 517 1367 568 habens
1392 517 1764 583 promissorum

223 609 615 666 argumentum,
641 604 752 669 ejus
779 619 965 672 nempe
991 604 1075 672 qui
1109 605 1415 669 promiserat
1438 612 1767 670 potestatem.

246 686 345 740 deo
369 687 434 740 In
462 693 783 756 promissione
809 692 907 745 Dei
942 710 1040 745 non
1062 694 1313 745 ~Itazsitauit
1359 694 1623 761 diﬂidentia
1644 733 1657 755 ,
1687 694 1773 746 sed

230 777 531 842 :onfortatus
554 787 626 829 est
652 780 751 843 ﬁde
774 778 943 849 (Rom.
968 781 1018 831 4.
1050 779 1162 846 20).
1198 780 1401 832 Etenim
1436 794 1529 833 ceu
1556 781 1770 833 baculus

224 862 435 928 quidam
460 865 641 918 ﬁrmus
668 876 907 935 tutusque
928 877 1105 934 portus
1132 868 1261 920 ﬁdes
1289 878 1385 931 est,
1414 884 1530 935 qua:
1559 884 1586 921 a
1617 870 1773 923 ratio-

223 954 484 1007 ciniorum
509 970 687 1009 errore
704 956 917 1020 liberat,
947 958 1279 1025 animumque
1314 959 1366 1010 in
1402 960 1773 1025 tranquillitate

224 1056 416 1109 magna
447 1045 729 1096 constituit.
770 1044 926 1097 Vestri
954 1056 1118 1097 autem
1141 1047 1263 1097 beati
1284 1048 1413 1099 oculi
1437 1087 1449 1109 ,
1480 1049 1595 1115 quia
1615 1050 1773 1099 vident

224 1128 444 1195 (Matth.
478 1132 560 1184 15.
588 1132 677 1198 16)
698 1149 710 1192 ;
732 1148 851 1185 nam
878 1133 978 1186 hoc
1002 1134 1195 1187 dictum
1228 1135 1400 1187 denuo
1433 1136 1772 1203 repetendum

224 1228 330 1271 est.
359 1221 514 1287 Atqui
554 1222 709 1273 etiam
748 1222 914 1275 Judaai
956 1232 1077 1275 tunc
1116 1223 1298 1276 eadem
1347 1224 1457 1290 ipsa
1506 1224 1768 1277 videbant.

224 1304 424 1358 Verum
456 1321 557 1359 non
584 1307 683 1361 hoc
702 1317 969 1362 externum
992 1310 1195 1363 videndi
1220 1326 1382 1378 genus
1410 1311 1617 1364 beatum
1640 1327 1772 1379 prse-

225 1393 370 1446 dicat
400 1410 413 1450 :
438 1397 535 1447 hoc
573 1397 761 1465 quippe
786 1413 878 1465 per
915 1399 1142 1466 seipsum
1173 1400 1420 1452 miracula
1466 1414 1566 1452 non
1597 1400 1769 1463 videt,

226 1481 323 1533 scd
353 1482 612 1536 internum
636 1487 904 1552 conspicit.
937 1486 1014 1538 llli
1037 1501 1232 1539 czecum
1255 1488 1498 1541 videbant
1518 1489 1776 1541 dicebant-

227 1584 355 1635 que,
389 1570 485 1623 Hic
512 1582 600 1637 est,
630 1590 726 1626 non
748 1585 814 1627 est
836 1576 935 1639 hic;
962 1591 1185 1628 vocemus
1214 1579 1320 1645 ejus
1348 1589 1570 1645 parentes
1596 1579 1770 1645 (Joan.

228 1658 287 1712 9.
319 1660 370 1711 8.
402 1660 453 1712 9.
490 1662 597 1729 i8).
628 1664 789 1716 Audis
814 1664 1173 1732 ambigentes?
1202 1666 1369 1719 viden‘
1400 1682 1500 1719 non
1530 1668 1773 1723 sufﬁcere

228 1750 473 1815 corporis
516 1759 779 1816 aspectum
843 1752 906 1805 ad
956 1753 1192 1805 miraculi
1241 1755 1629 1821 spectaculum?
1678 1757 1773 1820 Qui

228 1847 517 1891 orresentes
547 1847 597 1891 et
618 1849 911 1906 spectantes
934 1851 1080 1895 erant
1109 1842 1349 1895 dicebant
1377 1859 1391 1896 :
1421 1842 1519 1895 Hic
1546 1853 1652 1907 est,
1678 1860 1775 1896 non

224 1934 304 1977 est
328 1925 443 1987 ln'c;
470 1940 566 1980 nos
590 1942 713 1980 vero
740 1929 830 1996 qui
864 1938 1149 1996 praesentes
1179 1946 1279 1984 non
1318 1946 1499 1985 sumus
1522 1974 1534 1995 ,
1569 1949 1669 1985 non
1698 1933 1775 1985 di-

227 2015 420 2077 cimus,
458 2015 551 2067 llic
577 2024 664 2081 est,
692 2034 787 2070 non
808 2029 877 2071 est
902 2021 1002 2084 hic;
1028 2021 1141 2084 sed,
1175 2019 1291 2088 Ipse
1316 2032 1405 2075 est.
1436 2024 1665 2076 Didicisti
1696 2026 1775 2076 ni-

226 2102 305 2155 hil
332 2104 620 2159 absentiam
651 2123 857 2174 nocere,
885 2123 1001 2163 cum
1051 2111 1165 2163 fidei
1205 2113 1392 2167 adsunt
1419 2114 1584 2175 oculi;
1616 2115 1773 2166 nihil-

225 2205 335 2258 que
384 2194 617 2247 utilitatis
644 2211 706 2249 ex
763 2198 1035 2264 praesentia
1078 2200 1313 2267 percipi,
1348 2215 1464 2253 cum
1492 2202 1605 2254 ﬁdei
1638 2204 1773 2255 oculi

225 2294 336 2333 non
363 2281 588 2337 adsunt?
616 2285 748 2349 Quid
791 2287 928 2340 enim
972 2288 1075 2341 illis
1116 2289 1308 2357 profuit
1355 2291 1573 2345 videre?
1613 2292 1770 2345 Nihil.

226 2366 338 2419 Nos
364 2371 500 2423 enim
531 2372 723 2426 clarius
749 2389 899 2441 quam
930 2376 1002 2428 illi
1034 2376 1289 2432 videmus.
1320 2379 1572 2443 Queniam
1617 2381 1773 2448 igitur

226 2458 368 2509 oculi
396 2460 555 2512 vestri
576 2460 748 2514 vident
771 2478 834 2516 eo
851 2464 1077 2527 videndi,
1109 2474 1161 2517 et
1180 2481 1330 2519 aures
1347 2477 1534 2519 vestrm
1559 2468 1773 2521 audiunt

228 2557 299 2596 eo
322 2545 564 2599 audiendi
593 2563 782 2616 genere
806 2588 821 2613 ,
853 2551 989 2618 quod
1019 2551 1252 2605 Christus
1277 2553 1481 2606 beatum
1527 2555 1772 2621 prmdica-

224 2633 340 2699 vit,
392 2635 609 2702 agedum
640 2638 783 2691 vobis
829 2639 1107 2707 Scriptum
1156 2656 1387 2708 gemmas
1430 2657 1768 2709 apponamus.

226 2722 680 2787 Quemadmodum
705 2726 842 2779 enim
892 2727 1085 2781 Judzeis
1125 2732 1439 2796 quaestiones
1475 2747 1576 2784 non
1618 2733 1772 2785 solvit

224 2810 488 2874 Christus,
521 2813 626 2867 imo
647 2816 789 2867 auxit
816 2815 1184 2870 obscuritatem
1209 2857 1223 2882 ,
1250 2820 1372 2886 quia
1404 2836 1503 2872 non
1534 2822 1771 2874 attende-

224 2897 355 2951 bant
387 2917 399 2951 :
426 2900 500 2953 sic
528 2909 580 2954 et
603 2902 749 2955 vobis
772 2943 786 2966 ,
818 2905 937 2972 quia
960 2913 1159 2959 attento
1186 2908 1309 2960 estis
1335 2908 1509 2960 animo
1529 2949 1542 2973 ,
1571 2894 1771 2962 occulta

229 2988 290 3040 in
338 2990 571 3044 medium
606 2994 869 3048 adducere
915 3012 1009 3064 par
1041 3008 1141 3051 est.
1184 2999 1391 3054 Etenim
1435 3018 1774 3061 accesserunt

227 3077 496 3145 discipuli,
521 3090 575 3133 et
596 3084 924 3138 mirabantur
939 3088 1206 3140 dicentes:
1227 3088 1331 3141 Cur
1354 3093 1407 3142 in
1424 3096 1681 3159 parabolis
1700 3099 1771 3149 eis

226 3161 451 3250 loqueris
483 3165 683 3231 (Matth.
717 3168 799 3222 l3.
836 3170 919 3223 10.
961 3181 1007 3223 et
1040 3173 1160 3234 l5)?
1198 3172 1287 3228 llle
1316 3192 1442 3232 vero
1479 3184 1766 3250 respondit,

229 3248 364 3313 Quia
384 3250 596 3303 videntes
616 3268 711 3305 non
736 3255 914 3307 vident.
942 3256 1070 3321 Quia
1096 3258 1250 3325 igitur
1278 3274 1369 3312 vos
1398 3275 1498 3314 non
1536 3248 1772 3317 videntes

227 3337 443 3403 videtis,
470 3354 563 3407 par
586 3350 665 3395 est
692 3343 838 3396 vobis
866 3347 979 3398 sine
1006 3347 1248 3414 parabole
1269 3349 1440 3417 loqui;
1469 3358 1519 3403 et
1538 3354 1654 3420 quia
1674 3354 1774 3403 Au-

227 3425 414 3478 dientes
434 3442 533 3479 non
574 3430 801 3482 audiunt.
851 3432 922 3501 (a)
948 3432 1077 3498 Quia
1108 3435 1258 3503 igitur
1282 3452 1373 3490 vos
1396 3439 1482 3506 qui
1524 3448 1644 3493 tunc
1669 3456 1772 3493 non

226 3511 519 3577 audivistis,
550 3531 686 3569 nunc
708 3532 809 3570 non
840 3521 1010 3573 minus
1038 3522 1224 3575 auditis
1247 3564 1261 3587 ,
1292 3540 1445 3592 quam
1476 3535 1595 3580 tunc
1620 3528 1771 3580 audi-

227 3600 457 3665 vissetis,
477 3614 877 3660 consentaneum
898 3619 1081 3663 estvos
1102 3626 1204 3663 non
1230 3613 1325 3665 hac
1348 3614 1549 3680 privare
1571 3631 1773 3669 mensa.

231 3686 439 3741 Etenim
467 3689 705 3746 Christus
742 3694 837 3748 hos
862 3710 965 3749 non
1011 3699 1183 3752 minus
1211 3701 1393 3755 beatos
1436 3704 1733 3768 przedicavit
1756 3747 1771 3770 ,

228 3793 385 3845 quam
414 3780 531 3833 illos
564 3798 576 3833 :
610 3782 787 3836 Vidisti
825 3800 1077 3855 namque,
1128 3789 1228 3855 ait,
1260 3801 1304 3843 et
1333 3794 1621 3858 credidisti;
1648 3797 1774 3849 beati

228 3868 315 3935 qui
362 3884 463 3921 non
504 3871 731 3925 viderunt
754 3913 769 3937 ,
812 3884 857 3927 et
886 3878 1195 3931 crediderunt
1234 3878 1405 3949 (Joan.
1438 3883 1527 3936 20.
1560 3884 1668 3955 29).
1699 3886 1774 3940 Ne

228 3955 389 4023 igitur
416 3958 534 4013 ideo
557 3974 743 4029 segnes
768 3963 833 4016 ad
862 3966 1104 4020 virtutem
1134 3977 1318 4033 estote,
1352 3972 1488 4038 quod
1518 3974 1615 4026 illis
1645 3986 1775 4028 tem-

229 4044 445 4108 poribus
476 4062 578 4101 non
626 4048 823 4104 fueritis
846 4092 861 4115 ,
892 4054 984 4107 sed
1011 4054 1109 4108 hoc
1155 4066 1388 4125 tempore
1416 4061 1616 4114 vivatis.
1644 4062 1773 4117 Nam

227 4130 273 4181 si
317 4132 575 4199 volueris,
606 4136 736 4189 nihil
775 4138 895 4193 hinc
934 4141 1231 4197 detrimenti
1276 4147 1562 4214 percipies;
1595 4165 1777 4217 quem-

229 4219 511 4275 admodum
543 4226 688 4279 multi
718 4242 916 4292 eorum,
942 4233 1027 4298 qui
1055 4242 1175 4287 tunc
1202 4234 1429 4302 fuerunt,
1450 4239 1569 4306 quia
1596 4240 1776 4296 nolue-

230 4318 371 4371 runt,
397 4310 521 4363 nihil
550 4314 671 4367 hinc
697 4317 930 4372 utilitatis
957 4334 1257 4390 percepere.

301 4399 354 4451 3.
398 4400 672 4470 Scriptura
696 4406 873 4460 divina:
899 4410 1071 4463 virtus.
1105 4411 1297 4466 Paulus
1326 4431 1424 4469 non
1449 4418 1513 4471 de
1547 4423 1778 4488 presenti

229 4485 411 4576 solum,
440 4490 526 4539 sed
550 4492 694 4543 etiam
735 4495 795 4546 de
821 4498 987 4564 futuro
1024 4515 1170 4567 grege
1200 4504 1463 4561 sollicitus.
1492 4485 1776 4576 Apostolica

229 4574 419 4660 scripta
444 4579 619 4629 muenia
639 4578 993 4636 Ecclesiarum.
1016 4588 1247 4654 Apostoli
1272 4593 1330 4643 de
1361 4574 1773 4660 (uturisvsolliciti.

230 4657 414 4715 Petrus
461 4668 794 4733 apostolorum
855 4674 1141 4741 coryphazus
1170 4716 1184 4739 ,
1241 4688 1333 4730 etc.
1363 4657 1532 4735 'Orbis
1596 4688 1775 4752 praefe-

232 4759 373 4815 ctus,
402 4762 493 4805 etc.
524 4755 864 4823 —Quidnam
908 4762 1061 4829 igitur
1098 4763 1253 4819 hodie
1293 4767 1481 4821 lectum
1520 4774 1636 4825 est?
1664 4773 1776 4827 Hoc

230 4850 397 4891 autem
424 4842 590 4895 scitote
609 4883 623 4906 ,
645 4848 775 4912 quod
810 4849 862 4900 in
890 4851 1161 4904 novissimis
1182 4854 1349 4907 diebus
1386 4868 1527 4909 erunt
1556 4868 1775 4929 tempora

229 4932 402 4999 gravia
435 4932 516 5002 (2.
551 4933 682 4988 Tim.
708 4937 759 4989 5.
789 4940 863 5005 1).
890 4941 1165 4997 Timotheo
1192 4959 1399 4999 rursum
1430 4950 1609 5002 scribit
1635 4950 1771 5004 Pau-

231 5023 332 5075 lus.
363 5022 635 5080 Terribilis
672 5030 1035 5097 comminatio;
1063 5035 1154 5087 sed
1198 5036 1426 5089 animum
1466 5039 1723 5107 erigamus
1756 5058 1770 5093 :

231 5111 345 5166 haec
394 5116 582 5184 quippe
644 5125 877 5186 tempora
928 5121 1078 5175 nobis
1128 5125 1418 5181 subindicat
1464 5128 1727 5197 Scriptura
1755 5171 1769 5197 ,

228 5216 432 5257 necnon
455 5214 569 5272 post
597 5204 768 5259 futura
788 5247 803 5273 ,
836 5208 1095 5278 etiamque
1122 5227 1180 5266 ea
1224 5230 1340 5282 quae
1366 5222 1773 5275 consummatio-

227 5307 347 5348 nem
375 5304 630 5363 spectant.
660 5295 770 5349 Hoc
810 5308 974 5351 autem
1016 5302 1185 5355 scitote
1205 5344 1219 5369 ,
1249 5307 1382 5373 quod
1408 5308 1458 5360 in
1502 5312 1775 5365 novissimis

227 5385 396 5440 diebus
423 5397 567 5441 erunt
590 5397 814 5456 tempora
842 5392 1031 5459 gravia.
1059 5392 1223 5448 Breve
1250 5396 1446 5451 dictum
1467 5440 1481 5465 ,
1510 5409 1564 5455 et
1591 5418 1773 5471 magna

225 5474 403 5529 virtus.
452 5476 906 5544 Quemadmodum
950 5482 1088 5534 enim
1127 5494 1358 5540 aromata
1388 5502 1492 5543 non
1529 5493 1673 5558 copia
1722 5500 1775 5546 et

274 5652 344 5716 (a)
375 5660 455 5705 mc
481 5659 653 5703 textus
672 5652 883 5704 deﬁcere
906 5656 1105 5706 videtur.

762 405 824 459 ΙΝ
864 405 1079 473 ILLUD,
1122 407 1249 461 HOC
1284 405 1561 461 SCITOTE
1599 404 1779 470 QUOD
1816 404 1879 457 IN
1915 405 2283 463 NOVISSIMIS
2323 410 2574 477 DIEBUS,
2619 413 2768 467 ETC.

3298 434 3405 490 274

1874 514 2030 580 mole,
2058 517 2150 569 sed
2176 526 2356 571 natura
2382 520 2709 586 fragrantiam
2740 522 2977 576 emittunt
3008 541 3021 577 :
3051 530 3125 578 sic
3150 536 3201 579 ct
3224 526 3411 579 divina:

1871 602 2151 672 Scriptum
2199 621 2298 659 non
2352 609 2680 663 multitudine
2733 612 3046 675 verborum,
3097 616 3186 667 sed
3258 617 3407 667 insita

1873 693 2060 747 virtute
2081 734 2095 759 ,
2126 703 2282 747 totam
2331 698 2481 749 nobis
2521 699 2749 765 pr:ebent
2781 702 3072 754 utilitatem.
3100 702 3184 754 Sic
3212 706 3406 756 incensr

1874 794 2051 833 natura
2081 798 2173 850 per
2198 785 2420 851 seipsam
2450 802 2660 839 suavem
2681 789 2866 840 emittit
2896 791 3137 853 odorem;
3162 792 3206 844 si
3235 801 3406 843 autem

1875 870 2076 936 injicias
2118 873 2169 924 in
2218 873 2386 940 ignem
2411 914 2425 937 ,
2462 886 2582 928 tunc
2610 877 2961 930 omnimodam
3005 896 3150 933 suam
3204 880 3408 933 exhibet

1872 961 2207 1028 voluptatem.
2261 962 2333 1015 lta
2364 965 2518 1016 etiam
2544 964 2718 1017 divina
2762 968 3030 1033 Scriptura
3058 984 3147 1035 per
3184 972 3408 1038 scipsam

1873 1048 2176 1101 suavissima
2202 1059 2299 1113 est;
2325 1065 2442 1103 cum
2470 1061 2640 1104 autem
2670 1054 2892 1106 animam
2926 1068 3153 1108 nostram
3190 1072 3383 1122 occupa

1872 1138 2098 1199 verit,ac
2124 1138 2238 1191 siin
2265 1138 2577 1192 thuribulum
2603 1141 2856 1203 inciderit,
2880 1153 3035 1195 totam
3062 1145 3267 1195 domum
3294 1160 3412 1195 sna-

1873 1223 1922 1274 vi
1960 1224 2137 1290 implet
2163 1224 2341 1277 odore.
2369 1225 2479 1277 Hoc
2508 1237 2669 1278 autem
2690 1230 2858 1280 scitote
2878 1267 2892 1289 ,
2933 1229 3067 1294 quod
3102 1228 3153 1279 in
3195 1230 3407 1279 novissi-

1877 1312 1971 1362 mis
2011 1308 2183 1362 diebus
2222 1323 2370 1364 erqu
2396 1324 2615 1381 tempora
2658 1316 2803 1369 dura.
2851 1318 2923 1369 De
2969 1319 3413 1371 consummatione

1876 1398 2117 1465 loquitur.
2142 1401 2272 1465 Quid
2300 1402 2397 1454 hoc
2423 1403 2487 1454 ad
2512 1413 2578 1467 te,
2609 1405 2758 1457 beate
2787 1406 2978 1459 Paule?
2998 1407 3117 1473 quid
3144 1408 3205 1459 ad
3238 1407 3413 1459 Timo-

1876 1488 2088 1541 theum?
2119 1490 2238 1557 quid
2265 1492 2328 1543 ad
2360 1493 2471 1543 illos
2497 1495 2581 1559 qui
2607 1502 2725 1544 tunc
2747 1494 3058 1547 audiebant?
3084 1496 3231 1549 Brevi
3262 1506 3407 1564 post-

1874 1591 1933 1629 ea
1983 1587 2213 1646 tempore
2255 1582 2486 1633 morituri
2514 1591 2694 1646 erant,
2722 1598 2749 1634 a
2779 1583 2961 1636 futuris
3006 1585 3103 1637 illis
3146 1587 3411 1638 calamita-

1877 1665 2012 1717 tibus
2061 1675 2113 1718 et
2141 1680 2167 1718 a
2202 1670 2371 1733 pravis
2418 1668 2712 1723 hominibus
2760 1672 3029 1738 eripiendi.
3072 1672 3259 1726 Verum
3309 1690 3409 1727 non

1877 1756 2151 1820 prmsentia
2197 1766 2394 1809 tantum
2419 1760 2639 1825 respicio
2661 1800 2675 1823 ,
2708 1760 2890 1826 inquit,
2914 1761 3004 1813 sed
3028 1760 3198 1813 futura
3226 1765 3409 1827 pra-vi.

1876 1842 1993 1894 deo.
2021 1842 2132 1895 Non
2162 1860 2390 1910 praesens
2416 1855 2610 1897 tantum
2637 1862 2760 1913 grex
2798 1848 2921 1899 mihi
2951 1849 3282 1900 sollicitudini
3309 1859 3407 1913 est,

1875 1930 1967 1983 sed
2014 1932 2165 1984 etiam
2196 1947 2286 1998 pro
2316 1932 2486 1985 futuro
2528 1949 2682 2002 grege
2707 1950 2869 2003 angor
2908 1946 2960 1988 et
2991 1937 3165 1989 timeo.
3195 1936 3299 1989 Nos
3325 1938 3406 1989 vix

1876 2018 1937 2071 iis
1963 2019 2046 2085 qui
2079 2019 2343 2071 nobiscum
2392 2031 2662 2073 versantur
2691 2021 2982 2075 hominibus
3027 2023 3366 2091 prospicimus
3394 2063 3407 2085 ,

1876 2106 1959 2159 ille
1989 2122 2111 2159 vero
2133 2122 2223 2174 pro
2254 2109 2313 2159 iis
2335 2110 2420 2175 qui
2450 2110 2677 2161 nondum
2709 2112 2812 2162 nati
2847 2122 2971 2165 sunt
2997 2152 3007 2167 .
3038 2112 3246 2164 multam
3280 2113 3411 2177 gerit

1875 2195 2289 2249 sollicitudinem.
2321 2199 2405 2251 Sic
2430 2208 2480 2251 et
2506 2207 2680 2266 pastor
2705 2200 2930 2266 Optimus
2950 2215 3049 2252 non
3078 2216 3192 2252 cum
3216 2202 3403 2253 viderit

1876 2282 2022 2348 lupos
2050 2283 2304 2336 irruentes
2331 2285 2379 2336 in
2402 2300 2629 2353 gregem,
2648 2286 2754 2353 jam
2780 2301 2939 2353 prope
2961 2303 3082 2341 oves
3107 2291 3405 2350 accessisse,

1874 2376 1996 2422 tunc
2018 2371 2067 2423 id
2094 2371 2325 2437 praedicit
2354 2382 2571 2436 tantum,
2601 2374 2689 2426 sed
2716 2376 2869 2424 etiam
2897 2375 3073 2440 procul
3100 2375 3266 2427 adhuc
3296 2391 3408 2427 vor-

1872 2466 2046 2509 santes
2088 2458 2295 2510 indicat.
2330 2459 2401 2511 Ita
2429 2474 2632 2526 quoque
2657 2460 2845 2512 Paulus
2871 2501 2885 2525 ,
2913 2461 3047 2513 sicut
3073 2470 3246 2528 pastor
3268 2464 3405 2528 opti-

1873 2559 2005 2608 mus,
2035 2544 2087 2598 in
2110 2546 2317 2599 excelso
2346 2547 2459 2599 loco
2486 2588 2499 2610 ,
2530 2549 2580 2600 in
2621 2549 2906 2615 prophetiae
2950 2564 3136 2616 nempe
3160 2550 3409 2617 dignitate

1874 2632 2063 2685 sedens
2087 2674 2101 2699 ,
2151 2649 2212 2687 ac
2238 2634 2555 2701 prOplieticis
2580 2637 2742 2688 oculis
2769 2651 2970 2689 sursum
3003 2638 3197 2703 positus
3260 2639 3408 2688 inva-

1875 2733 2022 2772 suras
2052 2720 2187 2772 feras
2232 2720 2524 2786 praevidens
2544 2761 2558 2783 ,
2591 2721 2705 2775 illas
2734 2723 2782 2773 in
2830 2722 2936 2789 ipsa
2962 2723 3408 2776 consummatione

1873 2808 1922 2860 in
1948 2823 2154 2876 gregem
2181 2809 2424 2875 impetum
2448 2809 2673 2863 facturas
2700 2819 2749 2863 et
2783 2812 3048 2864 invasuras
3074 2827 3189 2865 esse
3220 2812 3409 2879 praedi-

1877 2897 1945 2949 cit
1976 2906 2027 2949 et
2067 2898 2435 2965 prazsigniﬁcat
2457 2936 2473 2962 ,
2502 2906 2555 2950 ut
2584 2912 2675 2950 eos
2703 2900 2858 2951 etiam
2878 2938 2892 2963 ,
2924 2901 3009 2966 qui
3050 2901 3273 2953 nondum
3306 2902 3409 2953 nati

1873 2994 2018 3035 erant
2041 3025 2053 3047 ,
2078 2984 2139 3036 ad
2164 2985 2471 3051 vigilandum
2526 2985 2830 3048 induceret,
2860 2994 2910 3038 et
2953 2987 3216 3053 prophetia
3247 2997 3408 3040 totum

1873 3073 2099 3126 muniret
2146 3088 2373 3141 gregem.
2424 3075 2625 3126 Etenim
2672 3082 2817 3141 pater
2860 3074 3015 3141 prolis
3067 3090 3282 3139 amans,
3323 3078 3407 3143 qui

1874 3161 2011 3214 aedes
2060 3162 2344 3214 exzediﬁcat
2366 3202 2379 3225 ,
2413 3178 2551 3229 S'lee
2597 3164 2712 3215 filiis
2742 3164 2847 3214 suis
2891 3164 3007 3216 illas
3038 3164 3332 3232 splendidas
3359 3175 3407 3217 et

1873 3248 2070 3315 amplas
2117 3249 2403 3312 construit,
2450 3264 2552 3301 non
2599 3251 2750 3302 modo
2798 3261 2853 3302 ut
2894 3251 2995 3303 illis
3037 3260 3233 3303 tantum
3261 3253 3411 3305 utiles

1873 3338 2261 3406 commoquue
2302 3340 2440 3401 sint,
2470 3341 2558 3393 sed
2587 3342 2741 3393 etiam
2787 3342 3057 3409 nepotibus
3092 3351 3142 3394 et
3170 3343 3410 3409 posteris.

1876 3426 1948 3478 Ita
1978 3442 2179 3495 quoque
2227 3444 2316 3483 rex
2347 3429 2637 3482 adamatam
2678 3432 2854 3484 urbem
2905 3432 3161 3484 moenibus
3188 3433 3410 3484 circum-

1876 3516 2075 3577 munit,
2116 3516 2281 3583 iisque
2327 3516 2487 3569 ﬁrmis
2531 3519 2789 3584 tutisque,
2833 3534 2945 3586 qua:
2983 3536 3083 3572 non
3133 3529 3281 3574 aetate
3322 3536 3412 3574 sua

1876 3603 2052 3667 modo,
2083 3604 2171 3659 sed
2194 3606 2347 3658 etiam
2372 3606 2806 3674 subsequentibus
2848 3616 2899 3660 et
2924 3608 3142 3675 posteris
3176 3607 3413 3661 omnibus

1876 3692 1981 3746 sint
2031 3694 2300 3758 tutamini,
2332 3709 2427 3747 nec
2474 3695 2723 3749 adversus
2750 3696 3011 3750 machinas
3041 3705 3237 3749 tantum
3282 3696 3415 3748 illius

1878 3782 2145 3849 temporis,
2176 3781 2269 3835 sed
2293 3782 2543 3837 adversus
2572 3784 2767 3836 futuras
2792 3785 3083 3836 invasiones
3108 3793 3160 3835 et
3188 3782 3415 3836 obsidio-

1878 3884 1971 3921 nes
1997 3878 2134 3924 stare
2182 3872 2398 3937 possint.
2436 3872 2521 3925 Sic
2569 3873 2722 3925 etiam
2765 3871 2953 3923 Paulus
2982 3870 3121 3923 fecit.
3158 3871 3411 3935 Quoniam

1875 3959 2153 4025 apostolica
2181 3960 2369 4025 scripta
2399 3960 2587 4011 mmuia
2618 3969 2735 4011 sunt
2757 3959 3127 4020 Ecclesiarum,
3152 3975 3252 4011 non
3281 3975 3415 4025 pra:-

1877 4056 2050 4102 sentes
2081 4057 2313 4113 tantum,
2346 4048 2436 4101 sed
2484 4050 2637 4101 etiam
2684 4059 2919 4115 posteros
2964 4064 3055 4116 per
3096 4049 3179 4102 illa
3230 4051 3414 4101 munit.

1878 4136 2047 4204 Atque
2071 4136 2137 4188 ita
2165 4136 2368 4187 ﬁrmum
2392 4144 2442 4187 et
2468 4134 2830 4187 inconcussum
2873 4145 3075 4202 septum
3123 4137 3416 4203 hujusmodi

1879 4225 2197 4286 construxit,
2243 4233 2297 4276 et
2342 4239 2457 4276 cum
2490 4233 2630 4276 tanta
2672 4224 2871 4278 cautela
2902 4224 2989 4275 illo
3028 4232 3189 4276 totum
3236 4224 3414 4277 orbem

1879 4312 2327 4376 circummunivit,
2360 4322 2413 4364 ut
2438 4327 2528 4365 eos
2558 4312 2642 4379 qui
2668 4320 2770 4363 tum
2799 4309 3077 4374 vivebant,
3108 4321 3159 4363 et
3186 4312 3271 4379 qui
3303 4313 3416 4365 illos

1879 4418 2130 4472 excepere
2150 4443 2164 4466 ,
2188 4411 2241 4455 et
2262 4418 2351 4455 eos
2380 4404 2465 4469 qui
2494 4413 2627 4453 nunc
2651 4409 2769 4452 sunt
2792 4439 2804 4461 ,
2829 4409 2880 4452 et
2904 4410 3138 4467 posteros
3166 4416 3328 4473 usque
3352 4403 3416 4455 ad

1879 4493 2073 4548 Christi
2101 4494 2378 4545 adventum
2408 4499 2585 4541 contra
2608 4503 2813 4540 omnem
2843 4490 3168 4542 inimicorum
3198 4490 3419 4542 obsidio.

1880 4596 1998 4634 nem
2028 4590 2161 4633 tutos
2193 4585 2482 4632 conservet.
2514 4577 2667 4629 Tales
2712 4586 2831 4630 sunt
2873 4588 3169 4632 sanctorum
3194 4581 3417 4633 animm:

1880 4670 2094 4721 fratrum
2122 4675 2356 4718 amantes
2381 4706 2395 4730 ,
2427 4665 2494 4718 de
2532 4665 2634 4717 illis
2656 4666 2920 4732 sollicitas,
2945 4681 3122 4721 amore
3150 4678 3417 4736 paternam

1880 4764 2185 4824 superantes
2238 4754 2687 4818 benevolentiam,
2721 4764 2774 4808 et
2814 4755 3149 4811 dilectionem
3199 4759 3419 4811 materni

1879 4853 2057 4913 partus
2092 4861 2104 4895 :
2136 4842 2221 4896 hic
2254 4858 2476 4911 namque
2505 4842 2731 4911 Spiritus
2756 4852 2808 4896 et
2834 4844 3015 4897 divina:
3043 4846 3222 4911 gratiae
3247 4856 3347 4899 est.

1948 4934 1998 4985 4.
2035 4932 2199 4985 Vultis
2230 4940 2285 4984 ut
2309 4932 2517 4986 aliunde
2545 4934 2703 4986 etiam
2725 4933 2871 4986 vobis
2896 4934 3269 4997 demonstrem,
3303 4948 3421 4987 san—

1880 5020 1991 5078 cios
2038 5039 2140 5076 non
2169 5038 2285 5091 qua:
2328 5024 2391 5076 ad
2423 5038 2571 5076 suum
2610 5033 2814 5089 tempus
2852 5032 3086 5090 spectant
3134 5023 3301 5076 solum
3328 5038 3419 5075 cu-

1879 5129 2030 5177 rare,
2060 5127 2231 5180 neque
2279 5127 2371 5180 pro
2424 5112 2765 5179 praesentibus
2812 5111 2977 5163 solum
3024 5121 3295 5173 metuere,
3330 5109 3419 5162 sed

1878 5205 2032 5257 etiam
2061 5216 2155 5269 pro
2181 5201 2244 5254 iis
2264 5202 2348 5269 qui
2378 5211 2553 5268 postea
2581 5198 2735 5251 futuri
2763 5198 2918 5251 sunt?
2947 5199 3311 5260 Accesserunt,
3344 5198 3419 5248 in-

1879 5295 2009 5363 quit,
2040 5293 2105 5347 ad
2143 5307 2264 5346 eum
2294 5294 2345 5345 in
2375 5300 2553 5345 monte
2590 5290 2859 5344 sedentem
2892 5290 3146 5354 discipuli,
3182 5288 3419 5340 homines

1880 5383 2251 5452 propemodum
2272 5396 2441 5445 senes,
2472 5383 2559 5450 qui
2582 5390 2697 5450 post
2726 5381 2984 5435 modicum
3011 5390 3211 5446 tempus
3231 5392 3292 5430 ex
3323 5377 3422 5430 hac

1881 5479 1985 5529 vita
2012 5474 2291 5529 discessuri
2317 5481 2483 5526 erant.
2516 5472 2649 5538 Quid
2678 5486 2801 5540 ergo
2828 5471 3094 5539 quaerunt?
3116 5468 3182 5520 de
3203 5481 3305 5535 quo
3330 5481 3423 5519 an-

1880 5568 2105 5633 guntur?
2142 5566 2266 5633 quid
2310 5565 2527 5619 timent?
2555 5566 2741 5634 quibus
2787 5564 2852 5617 de
2898 5562 3065 5616 causis
3119 5559 3422 5626 magistrum

1884 5654 2294 5721 percontantur?
2338 5668 2458 5706 num
2489 5653 2552 5706 de
2574 5653 2726 5707 rebus
2752 5693 2763 5715 ,
2795 5666 2908 5719 qua:
2946 5649 3070 5717 ipsis
3096 5645 3414 5701 v'ivcntibus.
