4112 6484
716 394 828 449 275

704 506 793 551 aut
820 495 955 550 circa
989 492 1070 546 itta
1102 498 1332 557 tempora
1359 495 1622 541 eventura:
1665 481 1853 538 erant?
1878 480 2108 535 Minime.
2139 473 2242 528 Sed

700 591 772 642 iis
817 581 1177 653 praetermissis
1222 579 1462 632 omnibus
1499 575 1623 643 quid
1655 572 1862 628 dicunt?
1885 570 2028 635 Quod
2051 571 2246 639 signum

703 679 941 728 adventus
967 675 1069 737 tui,
1101 683 1146 725 et
1169 668 1602 724 consummationis
1625 664 1791 720 saeculi
1816 663 2023 732 (Matth.
2053 660 2141 714 24.
2170 658 2251 728 3)?

704 765 888 818 Viden‘
915 763 1032 817 illos
1060 762 1217 817 etiam
1244 759 1312 817 de
1336 756 1783 815 consummatione
1825 753 2000 807 saeculi
2025 755 2250 805 interro-

703 870 828 923 gare
851 894 865 918 ,
897 863 952 908 et
995 853 1061 906 de
1090 850 1276 905 futuris
1319 848 1616 903 hominibus
1657 860 1777 900 esse
1827 842 2111 898 soliicitos?
2137 839 2249 894 Non

705 946 843 999 enim
885 958 977 996 sua
1003 942 1182 995 vident
1205 938 1424 1007 apostoli
1451 979 1464 999 ,
1491 937 1583 991 sed
1612 951 1728 1004 qua:
1752 936 1971 988 aliorum
2003 941 2124 986 sunt
2143 972 2156 990 ,
2200 940 2252 983 et

705 1034 863 1087 simul
895 1047 1077 1086 omnes
1104 1043 1156 1085 et
1182 1029 1398 1084 seorsim
1435 1027 1645 1096 singuli.
1676 1026 1860 1080 Petrus
1906 1025 2078 1090 itaque
2105 1020 2251 1074 ebori

709 1126 850 1177 illius
896 1123 1242 1192 coryplunus,
1290 1135 1350 1174 os
1386 1118 1740 1186 apostolorum
1787 1115 2055 1176 omnium,
2100 1121 2254 1180 caput

709 1215 845 1267 illius
888 1213 1093 1264 familia:
1115 1251 1131 1276 ,
1162 1211 1302 1263 orbis
1335 1210 1488 1262 totius
1519 1207 1792 1275 praefectus
1817 1248 1830 1270 ,
1864 1206 2251 1259 fundamentum

715 1303 981 1367 Beclesiaa,
1013 1301 1202 1354 ardens
1236 1300 1423 1353 Christi
1451 1309 1676 1359 amator;
1700 1312 1818 1349 nam
1847 1297 1946 1358 Ait,
1978 1294 2146 1355 Petre,
2177 1294 2253 1344 di-

714 1391 825 1459 ligis
846 1406 922 1441 me
951 1391 1060 1456 plus
1082 1390 1156 1440 Itis
1183 1388 1357 1455 (Joan.
1387 1386 1446 1439 Ἡ
1463 1427 1474 1439 .
1500 1387 1618 1452 15).
1651 1386 1770 1439 Ideo
1797 1385 1909 1452 ejus
1934 1383 2111 1438 Iaudes
2137 1398 2255 1449 pro-

717 1481 848 1545 fero,
884 1488 944 1531 ut
971 1477 1182 1530 discatis
1222 1491 1339 1530 eum
1371 1490 1492 1528 vt-re
1515 1474 1778 1527 Christum
1805 1473 2049 1527 dilexisse
2075 1490 2086 1524 :
2110 1482 2255 1527 certe

712 1569 826 1636 ejus
870 1583 990 1634 erga
1021 1568 1296 1620 Dominum
1342 1566 1534 1618 amoris
1579 1573 1939 1633 argumentum
1973 1563 2255 1618 maximum

713 1667 825 1711 erat
870 1657 1166 1710 sollicitudo
1198 1656 1505 1708 famulorum
1534 1655 1665 1722 ejus.
1697 1653 1810 1707 Non
1845 1668 1941 1722 ego
1966 1652 2077 1705 haec
2101 1652 2219 1704 dico
2239 1690 2254 1715 ,

711 1747 804 1801 sed
835 1748 943 1815 ipse
959 1747 1180 1799 dilectus
1215 1747 1464 1798 Dominus
1493 1764 1508 1798 :
1539 1747 1598 1799 Si
1622 1761 1760 1797 amas
1786 1762 1877 1809 me,
1907 1746 2090 1813 inquit,
2115 1759 2259 1812 pasce

713 1854 822 1893 oves
851 1854 999 1889 meas.
1039 1837 1312 1890 Videamus
1337 1852 1460 1903 ergo
1504 1852 1625 1887 num
1656 1851 1776 1888 vere
1819 1836 2041 1902 pastoris
2071 1834 2257 1902 praefe—

711 1937 915 1982 Cturam
964 1925 1193 1978 obtineat
1215 1965 1230 1989 ,
1264 1940 1386 1977 num
1433 1939 1558 1977 vere
1588 1939 1712 1977 oves
1739 1925 1950 1992 diligat,
1985 1939 2106 1976 num
2137 1937 2258 1976 vere

712 2017 882 2084 gregis
898 2030 1076 2068 amans
1089 2017 1173 2076 sit,
1195 2025 1248 2068 ut
1263 2015 1523 2068 discamus
1540 2030 1655 2067 eum
1674 2014 1827 2067 etiam
1849 2023 2109 2081 pastorem
2129 2013 2259 2068 dile-

719 2105 894 2158 xisse:
929 2103 1052 2156 illud
1081 2105 1219 2158 enim
1254 2104 1406 2171 hujus
1427 2117 1544 2156 esse
1580 2113 1942 2171 argumentum
1985 2103 2135 2156 dixit.
2164 2103 2259 2156 llic

712 2193 1098 2261 itaque-Petrus
1125 2234 1139 2258 ,
1168 2203 1438 2262 postquam
1478 2194 1650 2246 omnia
1686 2208 1778 2247 sua
1819 2193 2114 2262 abiecerat,
2150 2203 2261 2249 rete

713 2297 902 2351 nempe
930 2291 980 2337 et
1000 2298 1337 2351 quaecumque
1361 2285 1408 2336 in
1434 2285 1668 2336 navicula
1690 2294 1858 2348 erant,
1882 2285 2076 2338 relictis
2108 2281 2256 2348 mari,

715 2381 828 2426 arte
857 2381 908 2425 et
927 2372 1100 2424 domo.
1123 2373 1197 2424 Ne
1219 2387 1374 2439 porro
1396 2373 1743 2435 attendamus,
1763 2372 1875 2426 hmo
1899 2387 2057 2440 pauca
2081 2372 2257 2437 fuisse,

715 2461 807 2515 scd
836 2460 946 2517 lucc
970 2462 1143 2514 omnia
1179 2462 1309 2515 bona
1347 2476 1437 2515 sua
1466 2462 1748 2527 exstitisse,
1775 2463 1989 2530 ejusque
2017 2461 2259 2515 alacrita~

715 2558 818 2606 tem
851 2549 1136 2602 laudemus.
1157 2549 1283 2603 Nam
1307 2565 1366 2604 ea
1397 2565 1513 2617 qua:
1533 2551 1665 2603 duos
1686 2551 1928 2604 denarios
1944 2551 2258 2619 conjecerat,

714 2654 818 2692 non
856 2654 1092 2705 magnam
1125 2643 1460 2706 pecuniarum
1510 2641 1701 2696 molem
1742 2642 2016 2709 deposuit,
2047 2643 2137 2696 sed
2181 2642 2260 2694 in-

714 2736 896 2792 gentes
923 2727 1079 2780 studii
1111 2731 1188 2780 sui
1214 2729 1420 2781 divitias
1457 2729 1718 2792 ostendit,
1745 2731 2179 2798 quemadmodum
2207 2740 2261 2784 et

718 2813 800 2866 hic
824 2815 872 2865 in
901 2829 1082 2882 magna
1115 2824 1416 2882 paupertate
1446 2816 1706 2884 ingentem
1745 2819 2027 2871 alacritatis
2055 2819 2259 2885 copiam

715 2902 955 2970 prtcbuit.
985 2904 1131 2969 Quod
1158 2905 1294 2957 enim
1321 2905 1466 2958 alteri
1498 2916 1645 2958 erant
1667 2907 1880 2974 prcedia,
1911 2909 2069 2972 servi,
2098 2907 2258 2972 mdes,

714 3011 916 3058 aurum,
939 2995 1036 3048 hoc
1066 2995 1137 3048 illi
1179 3006 1329 3050 erant
1357 2997 1518 3062 retia,
1551 3011 1694 3050 mare
1716 3038 1730 3061 ,
1762 3013 1850 3051 ars
1869 3039 1881 3061 ,
1909 2999 2162 3052 navicula.
2188 2998 2263 3052 Ne

716 3085 892 3152 itaque
922 3085 1020 3138 hoc
1056 3085 1386 3140 attendamus
1409 3127 1422 3150 ,
1455 3101 1519 3137 an
1557 3100 1720 3154 pauca
1747 3088 2046 3156 reliquerit,
2079 3089 2169 3142 sed
2197 3104 2260 3141 an

719 3174 894 3225 omnia
917 3174 1205 3241 reliquerit.
1230 3175 1357 3227 Nam
1390 3176 1439 3228 id
1468 3176 1604 3244 quod
1646 3179 1899 3246 quaeritur
1927 3189 2035 3242 est,
2067 3196 2167 3235 non
2196 3195 2260 3233 an

718 3277 900 3330 magna
933 3277 995 3314 an
1025 3277 1179 3329 parva
1207 3263 1522 3330 deponeret,
1553 3266 1643 3317 sed
1690 3282 1755 3319 an
1785 3268 1915 3320 nihil
1964 3269 2137 3322 minus
2185 3270 2265 3321 in-

721 3350 899 3412 ferret,
931 3367 1084 3419 quam
1114 3353 1306 3406 inferre
1337 3364 1531 3424 posset.
1560 3355 1818 3410 Omnibus
1842 3357 2014 3426 itaque
2037 3359 2256 3424 relictis,

721 3444 904 3509 patria,
930 3442 1107 3505 domo,
1136 3445 1316 3496 amicis
1339 3484 1352 3505 ,
1381 3447 1644 3512 cognatis,
1679 3447 1782 3499 imo
1807 3447 1914 3514 ipsa
1937 3451 2215 3503 securitate
2246 3464 2260 3502 :

720 3548 838 3584 nam
869 3533 964 3585 hoc
992 3533 1146 3585 modo
1166 3534 1410 3601 pupulum
1432 3535 1702 3589 Iudaicum
1731 3537 1826 3590 sibi
1855 3539 2117 3590 inimicum
2140 3538 2262 3589 red-

721 3621 849 3672 didit
873 3638 885 3671 :
919 3619 1037 3672 Jam
1059 3622 1188 3672 enim
1208 3661 1225 3683 ,
1250 3623 1417 3689 inquit
1443 3663 1456 3685 ,
1488 3626 1886 3691 conspirauerunt
1910 3624 2079 3675 Iudici
2097 3665 2111 3688 ,
2140 3632 2190 3674 ut
2221 3623 2264 3676 si

719 3710 829 3777 quis
857 3725 964 3761 eum
997 3712 1314 3774 conﬁteretur
1341 3727 1444 3763 esse
1480 3712 1727 3765 Christum
1751 3751 1764 3774 ,
1790 3722 1927 3764 extra
1962 3729 2265 3781 synagogam

723 3801 860 3866 ﬁeret
888 3799 1065 3868 (Joan.
1095 3802 1145 3857 9.
1178 3800 1302 3870 22).
1352 3801 1502 3856 Unde
1532 3804 1695 3870 palam
1729 3806 1815 3863 Iit,
1848 3818 1967 3856 eum
1995 3818 2090 3857 nec
2113 3803 2265 3857 dubi-

723 3901 863 3944 tasse
885 3929 900 3954 ,
935 3907 1031 3946 nec
1063 3892 1294 3946 timuisse
1340 3893 1478 3945 circa
1515 3909 1729 3961 regnum
1764 3895 2010 3947 calorum
2039 3910 2052 3958 ;
2082 3894 2171 3947 sed
2199 3895 2265 3949 de

723 3982 812 4033 illo
833 3981 1111 4033 admodum
1140 3996 1444 4048 persuasum
1474 3981 1652 4041 fuisse.
1677 3992 1834 4050 atque
1864 3998 1925 4036 ex
1951 3983 2059 4051 ipsa
2091 3997 2263 4035 rerum

723 4070 1173 4121 denmnstratione
1200 4110 1213 4131 ,
1242 4069 1347 4122 imo
1387 4079 1506 4121 ante
1545 4085 1718 4122 rerum
1764 4071 2264 4124 demonstrationem

723 4176 786 4212 ex
808 4157 1090 4211 Salvatoris
1115 4172 1241 4210 voce
1269 4157 1555 4213 credidisse
1578 4195 1592 4218 ,
1625 4164 1682 4209 5e
1712 4159 1882 4224 ipsum
1906 4162 2120 4213 omnino
2149 4176 2267 4229 pos-

727 4261 996 4300 scssurum
1038 4261 1175 4300 esse.
1227 4244 1355 4299 Cum
1385 4246 1603 4299 dixisset
1628 4246 1764 4299 enim
1791 4287 1803 4307 ,
1833 4246 1940 4298 Nos
1985 4251 2265 4315 reliquimus

726 4339 910 4400 omnia,
957 4347 1001 4390 et
1026 4338 1216 4405 sequuti
1240 4352 1405 4388 sumus
1431 4345 1492 4398 te,
1517 4336 1634 4404 quid
1661 4337 1748 4387 erit
1794 4336 1975 4388 nobis?
2005 4337 2269 4403 respOndit

726 4428 802 4479 cis
828 4426 1067 4480 Christus
1097 4442 1108 4476 :
1145 4426 1388 4479 Sedebitis
1420 4442 1567 4494 super
1593 4425 1846 4476 duodecim
1876 4427 2097 4487 thronos,
2135 4427 2268 4492 judi-

726 4524 891 4564 caates
930 4515 1186 4565 duodecim
1224 4513 1376 4566 tribus
1404 4513 1784 4581 Israel(Matt/z.
1814 4514 1995 4567 19.27.
2015 4513 2124 4584 28).
2150 4515 2271 4567 Haec

731 4614 887 4665 porro
914 4601 1143 4665 prtemisi
1163 4641 1176 4663 ,
1207 4613 1263 4655 ut
1289 4619 1406 4655 cum
1449 4604 1616 4670 ipsum
1646 4617 1740 4669 pro
1767 4604 2034 4656 conservis
2059 4605 2267 4656 anxium

730 4689 1013 4743 ostendero
1036 4730 1048 4753 ,
1075 4705 1141 4742 ne
1181 4691 1326 4743 dicas
1353 4693 1524 4758 ipsum
1567 4693 1666 4744 sibi
1704 4692 1959 4746 timuisse.
1999 4692 2269 4756 Quomodo

732 4783 870 4834 enim
910 4781 1203 4842 timuisset,
1235 4789 1508 4847 postquam
1538 4784 1579 4832 is
1618 4781 1707 4848 qui
1736 4782 1901 4848 ipsum
1927 4791 2272 4835 coronaturus

731 4882 873 4933 erat,
903 4871 1213 4924 sententiam
1257 4871 1446 4922 tulerat
1484 4871 1552 4922 de
1595 4886 1788 4924 corona
1835 4881 1888 4924 et
1928 4871 1993 4926 de
2044 4874 2272 4940 praemiis

732 4963 830 5030 ipsi
862 4961 1240 5014 conferendis?
1269 4960 1360 5012 Hic
1393 4959 1567 5026 itaque
1595 4959 1776 5011 Petrus
1795 5001 1807 5020 ,
1835 4964 1922 5027 qui
1950 4959 2123 5014 omnia
2153 4964 2271 5014 reli-

733 5058 937 5116 querat,
972 5050 1058 5116 qui
1085 5049 1380 5104 confidebat
1402 5049 1466 5103 de
1495 5063 1652 5118 regno
1681 5050 1925 5102 caelorum
1950 5091 1962 5113 ,
1995 5052 2273 5104 accedente

737 5140 1017 5206 aliquando
1056 5141 1218 5194 divite
1245 5142 1470 5210 quodam
1494 5182 1506 5204 ,
1540 5157 1600 5194 ac
1624 5141 1829 5195 dicente
1882 5140 1977 5209 ipsi
2024 5140 2232 5194 Christo
2257 5179 2271 5205 ,

739 5232 871 5298 Quid
909 5236 1088 5299 [aetum
1134 5241 1187 5284 ut
1233 5243 1382 5284 vitam
1422 5245 1653 5286 wternam
1705 5234 1965 5285 hereditate
2009 5249 2278 5300 consequar

735 5322 944 5390 (Matth.
978 5323 1061 5375 l9.
1097 5321 1226 5388 i6)?
1254 5337 1369 5374 cum
1392 5324 1749 5388 respondisset
1773 5323 1821 5376 ei
1846 5321 2099 5378 Christus.
2126 5321 2183 5375 Si
2204 5327 2275 5374 vis

735 5415 978 5480 perlectus
1003 5429 1122 5478 esse,
1145 5414 1286 5478 vade,
1319 5417 1469 5466 vende
1493 5415 1656 5466 omnia
1684 5430 1793 5477 qua:
1817 5415 1982 5479 habes,
2006 5423 2048 5467 et
2078 5414 2142 5466 da
2163 5430 2277 5470 oau-

739 5506 950 5568 veribus,
982 5515 1025 5557 et
1051 5509 1177 5568 veni,
1203 5521 1401 5570 sequere
1428 5519 1503 5555 me
1529 5503 1682 5570 (Ibid.
1717 5522 1762 5556 υ.
1786 5504 1900 5571 El);
1929 5503 2114 5559 deinde
2151 5504 2235 5557 ubi
2255 5541 2272 5566 ,

741 5594 829 5648 illo
880 5597 1086 5650 tristitia
1136 5597 1362 5659 affecto,
1410 5595 1646 5648 Christus
1701 5595 1971 5661 discipulis
2031 5595 2272 5659 dixerat,

749 5683 916 5742 Videte
960 5705 1105 5756 quam
1144 5689 1340 5757 diﬂicile
1376 5688 1546 5740 diritas
1588 5686 1928 5756 ingrediantur
1970 5689 2020 5739 iu
2069 5702 2271 5752 regnum

1398 375 1454 430 S.
1492 372 1761 428 JOANNIS
1796 364 2261 424 CHRYSOSTOMI
2299 365 2609 424 ARCHIEP.
2635 370 3153 431 CONSTANTINOP.

3807 399 3923 453 276

2349 478 2582 532 (telorum
2604 497 2622 533 :
2641 498 2806 549 amen,
2829 501 2971 538 amen
3001 488 3111 540 dico
3137 491 3267 543 vobis
3295 530 3309 553 ,
3341 495 3538 562 [acilius
3563 506 3634 548 est
3659 503 3913 551 cometam

2355 586 2439 637 per
2486 573 2709 639 foramen
2754 590 2872 628 acus
2919 579 3142 646 ingredi,
3180 598 3325 648 quam
3363 585 3560 638 divitem
3603 589 3654 639 in
3700 606 3914 657 regnum

2353 659 2447 712 Dei
2489 661 2697 729 (Matth.
2738 666 2825 720 i9.
2872 666 2964 733 24)
2995 684 3009 721 :
3037 669 3220 725 Petrus
3270 674 3525 729 bonorum
3573 681 3912 746 possessione

2354 767 2578 817 vaeuus,
2610 756 2696 824 qui
2725 756 2790 810 de
2833 773 2993 825 regno
3038 762 3359 827 confidebat,
3389 767 3475 833 qui
3511 767 3578 821 de
3615 784 3705 821 sua
3736 772 3912 824 salute

2355 856 2457 894 non
2519 843 2766 908 timebat;
2824 849 3019 900 certior
3087 848 3252 905 laetus
3301 853 3366 907 de
3408 854 3607 910 honore
3650 859 3748 911 sibi
3801 859 3912 912 illic

2355 931 2628 997 reposito,
2686 931 2766 986 his
2812 935 3002 990 auditis
3047 937 3285 1004 dicebat,
3347 943 3468 1007 Quis
3517 948 3691 1012 poterit
3739 950 3915 1000 salvus

2354 1033 2459 1071 esse
2487 1018 2644 1086 (Ibid.
2673 1038 2720 1074 υ.
2754 1021 2843 1090 Ξὸ)
2869 1023 2892 1076 ?
2914 1025 3044 1090 Quid
3078 1027 3228 1081 times
3251 1069 3264 1090 ,
3298 1044 3330 1084 ο
3374 1032 3523 1087 beate
3551 1035 3742 1088 Petre?
3781 1035 3911 1103 quid

2357 1111 2743 1180 vereris‘iquid
2785 1116 3046 1182 trepidas?
3089 1116 3270 1173 Omnia
3311 1122 3580 1190 abiecisti,
3617 1126 3794 1179 omnia
3825 1126 3912 1179 di-

2356 1199 2541 1253 misisti
2568 1217 2581 1263 ;
2610 1201 2675 1255 de
2703 1202 2949 1258 divitibus
2976 1215 3056 1258 est
3083 1222 3282 1275 sermo,
3308 1211 3450 1279 quod
3479 1212 3668 1267 dicitur
3695 1214 3913 1269 illorum

2357 1295 2440 1340 ost
2479 1291 2742 1343 accusatio
2773 1307 2790 1344 :
2815 1302 2868 1345 tu
2895 1310 3019 1348 vero
3049 1296 3099 1348 in
3126 1309 3434 1366 paupertate
3463 1311 3515 1356 et
3548 1303 3717 1371 inopia
3747 1306 3913 1358 vitam

2357 1376 2486 1444 agis.
2522 1377 2732 1442 Verum,
2769 1381 2931 1449 inquit
2957 1383 3042 1436 ille
3066 1424 3079 1444 ,
3104 1400 3206 1439 non
3237 1403 3294 1441 ea
3327 1405 3442 1458 qua:
3474 1392 3539 1444 ad
3563 1408 3646 1446 me
3669 1406 3918 1460 spectant

2358 1465 2589 1524 attendo,
2619 1467 2709 1520 sed
2739 1471 2961 1524 aliorum
2999 1473 3272 1530 utilitatem
3317 1494 3514 1546 qurcro.
3550 1482 3673 1536 Ideo
3701 1484 3767 1539 de
3796 1488 3915 1540 suis

2361 1553 2519 1607 rebus
2573 1556 2758 1611 tiducia
2800 1561 3019 1628 plenus,
3046 1563 3112 1619 de
3141 1567 3359 1622 aliorum
3406 1573 3570 1627 salute
3607 1577 3916 1632 sciscitabav

2362 1651 2463 1707 tur,
2490 1645 2688 1713 dicens,
2707 1648 2829 1714 Quis
2853 1662 3010 1720 potest
3032 1656 3196 1708 saluus
3216 1674 3319 1711 esse
3332 1661 3358 1712 ἓ

2431 1735 2483 1788 5.
2517 1735 2704 1791 Paulus
2731 1741 2792 1792 de
2817 1751 3122 1807 posterorum
3149 1747 3406 1801 animabus
3441 1753 3697 1806 sollicitus.
3721 1785 3790 1794 —
3815 1757 3910 1810 Vi.

2360 1827 2537 1882 distin’
2567 1832 2919 1898 apostolorum
2969 1837 3414 1893 sollicitudinem?
3444 1847 3703 1910 quomodo
3747 1865 3914 1901 utnun

2361 1917 2469 1973 sint
2505 1924 2738 1988 corpus?
2767 1922 2993 1977 vidistin’
3035 1941 3137 1993 quo
3168 1940 3317 1994 pacto
3358 1942 3407 1984 ct
3440 1947 3532 2000 pro
3563 1937 3916 2000 prmsentibus

2362 2016 2412 2060 et
2440 2023 2532 2076 pro
2557 2009 2741 2063 futuris
2765 2011 2974 2066 timeret
3000 2015 3221 2068 Petrus?
3246 2017 3330 2070 Sic
3355 2020 3509 2072 etiam
3539 2022 3743 2076 Paulus.
3771 2024 3924 2090 Qua-_

2365 2106 2577 2165 propter
2605 2099 2808 2152 dicebat
2841 2118 2854 2153 :
2893 2101 3115 2169 Scitote,
3165 2108 3297 2172 quod
3333 2109 3384 2160 in
3425 2111 3696 2164 novissimis
3739 2114 3917 2168 diebus

2362 2196 2504 2240 erunt
2543 2197 2764 2258 tempora
2791 2193 2961 2261 gravia
2988 2193 3076 2261 (2.
3100 2194 3230 2249 Tim.
3256 2200 3305 2253 3.
3339 2200 3420 2267 l).
3466 2201 3688 2270 idipsum
3719 2206 3828 2272 agit
3863 2216 3917 2259 et

2363 2275 2506 2330 alibi.
2534 2280 2756 2342 Quando
2784 2283 2924 2334 enim
2957 2299 3020 2339 ex
3051 2286 3171 2338 Asis
3199 2287 3522 2344 discessurus
3547 2306 3675 2354 erat,
3709 2303 3760 2345 et
3802 2294 3918 2347 Ro-

2364 2381 2501 2418 mam
2529 2367 2906 2436 depoitandus,
2940 2372 3163 2442 indeque
3190 2375 3240 2428 in
3269 2379 3459 2431 caelum
3487 2381 3914 2435 transferendus:

2364 2467 2507 2508 mors
2536 2457 2728 2524 quippe
2756 2469 3053 2513 sanctorum
3084 2477 3224 2517 mors
3249 2480 3349 2518 non
3377 2476 3456 2520 est
3476 2506 3489 2530 ,
3520 2469 3609 2521 sed
3641 2471 3916 2524 translatio

2362 2557 2392 2594 a
2423 2544 2637 2598 terrain
2668 2547 2852 2599 caelum
2877 2589 2891 2611 ,
2925 2563 2954 2601 a
2985 2550 3330 2605 deterioribus
3359 2553 3424 2607 ad
3453 2556 3692 2618 meliora,
3727 2572 3754 2609 a
3783 2573 3916 2610 con-

2363 2635 2528 2688 servis
2554 2635 2617 2687 ad
2650 2637 2955 2701 Dominum,
2995 2641 3059 2692 ab
3089 2642 3384 2698 hominibus
3412 2645 3476 2698 ad
3515 2647 3723 2712 angelos
3754 2667 3767 2699 :
3793 2650 3915 2714 quia

2367 2721 2522 2790 igitur
2545 2723 2782 2779 abiturus
2806 2740 2920 2780 erat
2945 2729 3008 2781 ad
3033 2731 3262 2783 omnium
3292 2733 3563 2786 Dominum
3587 2735 3771 2795 Deum,
3800 2750 3915 2788 om.

2364 2811 2446 2862 nia
2472 2827 2587 2878 qua:
2612 2813 2675 2865 ad
2701 2814 2870 2881 ipsum
2908 2818 3232 2882 pertinebant
3270 2820 3427 2886 probe
3451 2822 3787 2888 dispensavit.
3818 2824 3918 2876 ει.

2363 2900 2501 2952 enim
2533 2912 2726 2967 quanto
2763 2910 2998 2970 tempore
3024 2920 3140 2959 cum
3170 2908 3436 2974 discipulis
3468 2912 3592 2975 fuit,
3624 2928 3739 2965 eum
3769 2914 3918 2968 omni
3946 2965 3947 2968 η

2363 2988 2629 3058 diligentia
2660 2991 2951 3045 doctrinam
2985 2995 3107 3062 ipsis
3140 2997 3437 3064 impertivit,
3470 3015 3530 3054 ac
3554 3001 3682 3053 dixit
3719 3019 3732 3054 :
3761 2979 3948 3054 MunJi

2364 3079 2458 3134 dus
2485 3097 2595 3134 sum
2623 3098 2654 3132 a
2681 3083 2920 3150 sanguine
2963 3087 3178 3138 omnium
3211 3088 3227 3155 (
3245 3089 3353 3140 Act.
3385 3090 3470 3143 20.
3498 3090 3633 3158 96);
3678 3090 3918 3160 nihilque

2366 3174 2707 3239 praetermisi,
2737 3174 2919 3242 inquit,
2961 3191 3139 3229 eorum
3179 3194 3292 3245 qua:
3328 3179 3391 3232 ad
3430 3181 3646 3234 salutem
3685 3181 3915 3235 admini-

2365 3261 2577 3314 stranda
2617 3273 2785 3315 erant.
2835 3263 2965 3330 Quid
3010 3265 3206 3333 igitur?
3253 3276 3524 3336 postquam
3567 3283 3656 3322 sua
3701 3270 3754 3322 in
3802 3280 3917 3324 tuto

2367 3351 2746 3416 collocaverat,
2790 3369 2906 3407 cum
2952 3358 3182 3408 accusari
3227 3372 3257 3410 a
3297 3358 3519 3412 Domino
3564 3375 3664 3411 non
3710 3371 3912 3428 posset,

2366 3440 2500 3495 circa
2545 3455 2603 3495 ea
2645 3456 2761 3507 quae
2804 3442 2867 3492 ad
2911 3442 3027 3494 vita:
3057 3457 3162 3496 sum
3207 3454 3408 3513 tempus
3452 3448 3814 3515 pertinebant,
3848 3467 3915 3503 an

2369 3528 2597 3595 neglexit
2619 3529 2827 3582 animas
2853 3539 2966 3595 post
2995 3529 3227 3585 futuras?
3255 3532 3589 3602 Nequaquam
3616 3554 3628 3589 :
3652 3537 3741 3590 sed
3765 3538 3916 3604 quasi

2367 3614 2432 3667 de
2463 3615 2564 3667 illis
2591 3616 2745 3667 etiam
2775 3617 3028 3670 rationem
3060 3619 3305 3686 daturus,
3332 3636 3406 3676 διο
3438 3633 3490 3677 et
3519 3624 3602 3676 illa
3627 3639 3746 3678 cum
3771 3625 3917 3679 omni

2367 3706 2696 3758 aceuratione
2723 3707 2855 3760 dixit
2877 3708 2972 3771 eis,
3003 3719 3055 3762 et
3084 3710 3214 3774 hmo,
3243 3727 3358 3778 qua:
3382 3727 3487 3779 1am
3519 3715 3770 3782 legemus,
3797 3729 3918 3767 ver-

2367 3793 2429 3847 ba
2457 3811 2469 3844 :
2493 3795 2759 3858 Attendite,
2791 3797 2973 3863 inquit,
3003 3797 3136 3851 vobis
3163 3800 3279 3866 ipsis
3299 3810 3344 3852 et
3369 3805 3592 3854 universo
3612 3806 3750 3870 gregi
3776 3805 3914 3869 (Act.

2367 3881 2452 3935 20.
2483 3882 2608 3953 28).
2641 3883 2879 3940 Vidistin'
2917 3896 3163 3953 quantum
3206 3889 3413 3941 illorum
3443 3890 3591 3943 sollic
3616 3889 3792 3944 tudine
3818 3893 3916 3946 dc-

2370 3974 2572 4026 vinctus
2600 3975 2782 4028 esset?
2826 3975 2952 4029 Nam
2998 3977 3183 4044 singuli
3223 3988 3456 4032 nostrum
3497 3996 3611 4048 qnze
3657 3995 3748 4034 sua
3794 3992 3918 4035 sunt

2369 4074 2579 4129 curant,
2613 4065 2702 4119 ille
2729 4081 2851 4119 vero
2878 4067 3186 4134 prarpositus
3227 4083 3343 4134 quae
3385 4069 3447 4122 ad
3493 4083 3673 4122 omnes
3711 4079 3918 4136 specta-

2372 4151 2514 4205 bant.
2563 4153 2909 4218 Quamobrem
2953 4155 3019 4208 de
3061 4154 3361 4207 doctoribus
3409 4158 3477 4207 ait
3516 4173 3526 4206 :
3574 4154 3670 4218 Qui
3710 4158 3919 4224 uigilant

2370 4257 2517 4308 super
2540 4244 2728 4293 animos
2760 4253 2939 4294 vestras
2961 4281 2974 4304 ,
3019 4260 3157 4303 quasi
3185 4245 3421 4295 rationem
3447 4246 3689 4296 reddituri
3719 4245 3914 4312 (Hebr.

2373 4330 2455 4382 13.
2493 4330 2611 4389 l7).
2650 4329 2993 4383 Formidabtle
3021 4345 3200 4383 revera
3231 4331 3474 4386 iudicium
3497 4371 3510 4390 .
3541 4347 3657 4385 cum
3688 4348 3787 4400 pro
3815 4345 3917 4387 tam

2373 4417 2564 4484 ingenti
2590 4418 2779 4483 pepulo
2806 4421 3032 4470 rationes
3059 4428 3180 4470 sunt
3208 4418 3487 4472 reddenda:
3516 4437 3529 4472 .'
3559 4421 3670 4485 sed,
3696 4431 3748 4474 ut
3775 4422 3919 4475 dice-

2373 4509 2522 4569 bam,
2557 4509 2681 4575 ipsis
2705 4509 2884 4561 accitis
2910 4510 2980 4560 ait
3008 4525 3019 4559 :
3045 4509 3290 4562 Attendite
3314 4511 3447 4563 vobis
3475 4512 3593 4578 ipsis
3621 4521 3665 4564 et
3692 4516 3923 4566 universo

2372 4598 2526 4666 gregi,
2568 4601 2617 4649 in
2659 4614 2752 4666 quo
2791 4614 2873 4650 vos
2914 4599 3131 4658 Spiritus
3171 4609 3370 4652 sanctus
3409 4605 3574 4666 posuit
3611 4613 3838 4667 pastores
3877 4614 3922 4656 et

2374 4689 2628 4753 episcopos
2652 4687 2783 4752 (Act.
2807 4685 2893 4739 20.
2918 4686 3028 4751 28).
3070 4687 3200 4750 Quid
3243 4686 3431 4740 factum
3456 4692 3579 4742 est?
3618 4704 3710 4743 cur
3741 4691 3922 4745 horta-

2374 4779 2487 4829 ris?
2527 4794 2593 4830 an
2632 4778 2752 4844 quid
2795 4793 2948 4844 grave
2978 4777 3272 4844 pra-vides?
3300 4794 3364 4830 an
3409 4780 3531 4848 quid
3562 4785 3749 4834 durum
3795 4797 3920 4851 pro-

2375 4867 2573 4934 spicis?
2597 4882 2660 4920 an
2691 4866 2824 4934 quod
2864 4867 3146 4925 periculum
3177 4866 3431 4931 imminet,
3463 4885 3529 4922 an
3558 4886 3673 4938 qua:
3699 4873 3919 4924 caland-

2379 4967 2478 5015 tas,
2507 4972 2570 5008 an
2614 4955 2850 5009 bellum?
2895 4954 3003 5017 Dic,
3049 4971 3264 5014 mneso:
3298 4972 3416 5009 nam
3456 4958 3609 5011 altior
3641 4958 3794 5012 nobis
3821 4973 3918 5013 es:

2378 5063 2474 5101 nec
2498 5047 2770 5107 prmsentia
2793 5044 2948 5098 modo
2968 5045 3130 5105 vides,
3156 5047 3246 5099 sed
3272 5047 3425 5100 etiam
3449 5048 3614 5101 futura
3638 5050 3914 5116 prznvides.

2379 5137 2475 5192 Dic
2499 5133 2650 5202 igitur
2671 5153 2765 5189 cur
2787 5136 2896 5189 haec
2921 5139 3073 5204 przcci
3084 5136 3192 5204 pias
3216 5146 3268 5190 et
3294 5137 3538 5192 horteris.
3567 5139 3701 5201 Scia,
3730 5142 3917 5208 inquit,

2377 5239 2505 5299 quod
2533 5239 2640 5293 post
2676 5228 3014 5282 discessionem
3052 5245 3210 5281 meam
3239 5230 3489 5280 intrabunt
3517 5244 3566 5279 tn
3590 5243 3790 5294 gregem
3817 5232 3920 5297 lupi

2378 5335 2547 5388 graves
2577 5317 2730 5385 (Ibid.
2758 5333 2805 5368 υ.
2828 5315 2937 5375 29).
2971 5316 3148 5369 Viden'
3173 5316 3311 5384 quod
3337 5316 3570 5369 dicebant
3589 5356 3604 5378 ,
3653 5319 3924 5383 quomodo

2377 5425 2482 5463 non
2512 5411 2574 5461 de
2603 5408 2667 5461 iis
2691 5407 2860 5460 selum
2890 5408 2978 5474 qui
3006 5423 3101 5461 suo
3128 5418 3361 5474 tempore
3389 5415 3538 5464 erant
3564 5410 3754 5462 anxius
3781 5418 3922 5462 esset

2378 5510 2431 5553 et
2479 5501 2698 5557 timeret,
2740 5497 2830 5549 sed
2863 5499 3017 5550 etiam
3065 5497 3131 5551 de
3174 5498 3236 5550 iis
3265 5498 3349 5563 qui
3380 5503 3497 5558 post
3539 5493 3916 5552 discessionem

2379 5590 2537 5655 ipsius
2567 5586 2724 5639 futuri
2751 5596 2916 5639 erant.
2960 5585 3220 5638 Intrabunt
3249 5587 3379 5637 enim
3407 5585 3512 5650 lupi
3531 5623 3544 5646 ,
3573 5584 3742 5652 inquit
3768 5603 3783 5650 ;
3825 5601 3917 5639 ne-

2382 5694 2481 5748 que
2522 5677 2821 5745 simpliciter
2844 5715 2859 5741 ,
2897 5675 3063 5744 Lupi,
3091 5674 3182 5730 sed
3211 5675 3365 5729 etiam
3405 5671 3533 5741 Lupi
3574 5687 3782 5741 graces,
3821 5688 3925 5732 non
