4062 6504
181 421 287 476 275

189 536 280 586 καί
307 532 404 597 τῆς
422 533 772 596 συντελείας
793 531 892 583 τοῦ
913 531 1155 595 αίῶνος;
1182 528 1331 593 Εἶδες
1354 533 1626 592 κάκείνους
1647 530 1782 598 ὐπὲρ

189 619 281 686 τῆς
308 616 602 676 συντελείας
637 615 730 666 τοῦ
777 615 964 672 αἰῶνος
993 617 1322 684 ἐρωτῶντας,
1371 617 1460 667 καὶ
1503 615 1638 683 ὑπὲρ
1680 614 1785 663 τῶν

192 702 442 770 ὶσομένων
483 699 780 768 ἀνθρώπων
817 698 1217 767 φροντίζονταςς
1252 701 1324 752 Οὐ
1363 699 1465 767 γάρ
1501 700 1567 750 τὰ
1587 697 1786 750 ἑαυτῶν

190 786 371 855 ὁρῶσιν
396 787 444 835 οί
471 783 769 846 ἀπόστολοι,
802 783 932 835 ἀλλά
963 784 1028 834 τά
1056 784 1162 834 τῶν
1184 783 1350 836 ἀλλων
1379 783 1635 851 καὶκοινῇ
1659 782 1787 833 πάν-

190 890 276 934 τες
308 873 393 924 καὶ
443 873 545 940 ίδίᾳ
590 871 829 931 ἕκαστος.
880 870 936 921 '0
976 866 1065 921 οὖν
1111 870 1308 938 Πέτρος
1336 872 1364 920 6
1388 873 1666 936 κορυφαῖος
1697 867 1786 918 τοῦ

194 957 359 1027 χοροῦ,
381 957 440 1008 16
465 957 632 1024 στόμα
659 956 764 1007 τῶν
793 953 1093 1006 ἀποστόλων
1123 956 1388 1017 ἀπάντων,
1414 956 1445 1023 ἠ
1471 955 1672 1022 κεφαλὴ
1694 954 1790 1020 τῆς

194 1043 401 1112 φατρίας
432 1043 661 1106 ἐκείνης,
691 1043 718 1092 6
743 1041 838 1106 τῆς
871 1040 1180 1107 οἰκουμένης
1217 1041 1426 1106 ἀπάσης
1469 1039 1786 1106 προστάτης,

191 1129 222 1176 6
254 1126 480 1193 θεμέλιος
515 1125 612 1191 τῆς
646 1123 978 1188 Ἐκκλησίας,
1002 1125 1028 1174 6
1052 1122 1245 1190 θερμὸς
1270 1119 1494 1188 ἐραστὴς
1527 1120 1616 1170 τοῦ
1661 1121 1781 1184 Χρι-

195 1211 342 1262 στοῦ·
384 1209 579 1273 Πέτρε,
618 1207 742 1274 γὰρ,
777 1209 925 1274 φησὶ,
958 1206 1144 1273 φιλεῖς
1178 1221 1252 1271 με
1297 1203 1500 1255 πλεῖον
1538 1204 1789 1262 τούτωρ-;

194 1295 284 1346 Διά
303 1293 450 1345 τοῦτο
468 1292 610 1357 λέγω
632 1291 700 1341 τὰ
722 1288 982 1357 ἐγκώμια,
1015 1291 1097 1340 ἵνα
1131 1288 1329 1356 μάθητε
1359 1289 1436 1338 ὅτι
1473 1290 1632 1348 ὅντως
1655 1287 1792 1351 φιλεῖ

193 1378 277 1428 τὸν
305 1378 554 1445 Χριστόν⁹
584 1374 676 1426 τοῦ
719 1376 823 1441 γὰρ
855 1376 930 1432 είς
968 1372 1056 1424 τὸν
1087 1372 1352 1439 Δεσπότην
1385 1372 1596 1440 φίλτρου
1632 1373 1662 1438 ὴ
1693 1385 1791 1435 κη-

192 1460 398 1527 δεμονία
424 1460 530 1511 τῶν
557 1458 748 1509 δούλων
774 1455 1061 1524 τεκμήριόν
1099 1457 1212 1506 ἐστι
1255 1456 1518 1522 μέγιστον.
1559 1455 1665 1507 K01
1696 1454 1792 1504 οὐκ

195 1544 297 1608 ἐγὼ
332 1543 494 1595 ταῦτα
542 1541 700 1606 λέγω,
747 1538 858 1590 ἀλλ’
893 1537 1047 1599 αὐτὸς
1088 1539 1115 1589 6
1149 1537 1456 1605 φιλούμενος
1489 1537 1754 1604 Δεσπότης
1779 1553 1790 1564 ·

194 1627 261 1679 ει
289 1626 472 1692 φιλεῖς
511 1641 603 1691 με,
633 1623 779 1690 φησὶ,
815 1623 1081 1689 ποίμαινε
1121 1622 1188 1674 τὰ
1214 1622 1466 1689 πρόϐατά
1490 1638 1625 1688 μου.
1652 1620 1795 1670 Ἰδωο

199 1727 290 1778 μεν
320 1707 405 1762 οὖν
445 1710 609 1769 ὅντως
657 1709 704 1758 εί
746 1707 990 1775 ποιμένος
1036 1705 1182 1776 [285]
1216 1706 1322 1774 ἔχει
1361 1703 1702 1774 προστασίαν,
1747 1705 1793 1754 εί

192 1795 350 1853 ὅντως
379 1792 712 1862 κηδεμονίαν,
740 1793 784 1843 εί
812 1792 972 1852 ὅντως
1002 1793 1143 1857 φιλεῖ
1177 1790 1243 1842 τά
1275 1789 1531 1858 πρόϐατα,
1559 1791 1604 1838 εἰ
1634 1787 1793 1848 ὅντως

196 1874 533 1943 φιλόστοργός
567 1876 680 1924 ἐστι
710 1873 833 1941 1:591
858 1874 953 1939 τὴν
981 1871 1226 1939 ποίμνην,
1276 1871 1360 1921 ἵνα
1405 1869 1793 1936 καταμάθωμεν

192 1961 270 2010 δτι
307 1961 393 2011 καὶ
423 1960 512 2011 τὸν
541 1959 769 2025 ποιμένα
801 1958 972 2024 φιλεῖ·
1007 1956 1161 2007 τοῦτο
1196 1954 1301 2022 γάρ
1337 1951 1537 2005 ἐκείνου
1580 1953 1797 2021 σημεῖον

193 2042 382 2112 ἔφησεν
412 2037 568 2094 εῖναι.
591 2033 754 2101 0610;
789 2041 960 2092 τοίνυν
984 2041 1011 2092 6
1047 2040 1244 2109 Πέτρος
1276 2040 1483 2092 ἀπαντα
1517 2037 1671 2107 ῥίψας
1699 2039 1796 2089 ὅσα

193 2124 321 2194 εἶχε,
349 2127 403 2178 τὸ
425 2127 654 2188 δίκτυον,
687 2125 753 2176 τά
785 2125 841 2176 ὲν
864 2124 938 2193 τῷ
972 2123 1135 2192 πλοίῳ
1166 2125 1355 2186 πάντα,
1401 2125 1492 2176 καὶ
1523 2124 1675 2190 ἀφεὶς
1701 2122 1795 2191 τὴν

193 2211 464 2275 θάλατταν,
493 2211 588 2279 τὴν
611 2209 818 2278 τέχνην,
857 2209 952 2276 τήν
975 2208 1163 2260 οίκίαν.
1190 2208 1278 2277 Μὴ
1293 2209 1397 2277 γάρ
1420 2206 1482 2277 δὴ
1503 2207 1654 2259 τοῦτο
1680 2205 1795 2257 ίδω-

197 2311 312 2362 μεν,
339 2297 416 2346 ὅτι
445 2294 600 2360 ὀλίγα
624 2292 814 2357 ταῦτα,
849 2291 958 2344 ἀλλ’
984 2292 1062 2342 ὅτι
1091 2292 1261 2343 πάντα
1293 2291 1358 2342 τὰ
1400 2291 1523 2343 ὄντα
1543 2309 1555 2325 ο
1589 2291 1679 2342 καὶ
1701 2288 1796 2357 τήν

192 2379 488 2445 προθυμίαν
521 2377 900 2443 ἑπαινέσωμεν.
924 2377 1026 2426 K01
1045 2375 1199 2442 γάρὴ
1226 2375 1290 2426 τὰ
1313 2373 1401 2427 δύο
1431 2374 1797 2426 καταϐαλοῦσα

192 2462 411 2530 δηνάρια
459 2464 516 2512 οὐ
565 2461 723 2512 πολὺν
769 2461 923 2524 δγκον
990 2459 1249 2527 κατέθηκε
1304 2459 1611 2526 χρημάτων,
1666 2457 1796 2509 ἀλλά

193 2549 350 2598 πολὺν
396 2546 614 2597 πλοῦτον
647 2545 948 2608 ἐπεδείξατο
997 2545 1376 2612 προαιρέσεως,
1425 2542 1667 2609 καθάπερ
1708 2543 1796 2594 καὶ

192 2619 337 2692 0610;
386 2633 440 2681 ὲν
484 2629 643 2696 πολλῇ
709 2628 864 2695 πενίᾳ
914 2626 1146 2695 μεγάλην
1188 2626 1438 2695 εὐπορίαν
1504 2626 1796 2694 προθυμίας

192 2715 502 2781 παρέσχετο.
549 2713 719 2780 Ὀπερ
752 2710 856 2778 γάρ
908 2709 1072 2779 ἑτέρῳ
1116 2711 1303 2778 χωρία,
1349 2708 1440 2760 καὶ
1480 2708 1793 2776 ἀνδράποδα,

193 2798 280 2848 καὶ
306 2798 590 2864 οἰκήματα,
646 2796 734 2845 καὶ
782 2794 1012 2862 χρυσίον,
1041 2794 1198 2845 τοῦτο
1243 2795 1427 2860 ἐκείνῳ
1471 2793 1528 2843 τδ
1571 2793 1794 2851 δίκτυον,

193 2882 280 2931 x01
308 2883 340 2948 ή
371 2881 618 2937 θάλαττα,
655 2880 745 2929 καὶ
781 2880 811 2944 ή
855 2877 1033 2943 τέχνη,
1066 2878 1154 2926 καὶ
1186 2878 1244 2926 τὸ
1276 2877 1471 2925 πλοῖον.
1522 2874 1604 2942 Μὴ
1629 2874 1798 2924 τοίνυν

189 2961 342 3013 τοῦτο
367 2961 578 3028 ἴδωμεν,
603 2961 648 3010 εί
678 2959 828 3024 ὀλίγα
853 2957 1076 3024 ἀφῆκεν,
1099 2957 1206 3008 ἀλλ’
1235 2959 1280 3008 εί
1311 2957 1382 3024 μὴ
1411 2957 1578 3007 πάντα
1605 2957 1796 3023 ἀφῆκε.

192 3047 354 3098 Τοῦτο
385 3047 487 3114 γάρ
519 3046 629 3096 ἐστι
649 3044 708 3095 τὸ
733 3042 1067 3110 ζητούμενον.
1097 3044 1192 3095 οὐκ
1213 3040 1359 3108 ὀλίγα
1388 3041 1420 3110 ἢ
1450 3041 1610 3092 πολλά
1639 3058 1794 3092 x010-

191 3130 379 3191 Θεῖναι,
414 3128 544 3180 ἀλλὰ
587 3129 744 3195 μηδὲν
789 3127 985 3178 ἐλάττω
1031 3129 1125 3195 τῆς
1171 3127 1369 3188 οἰκείας
1400 3127 1668 3193 δυνάμεως
1689 3127 1798 3176 είσ-

192 3216 443 3278 ενεγκεῖν.
470 3214 648 3264 Πάντα
674 3213 846 3262 τοίνυν
873 3213 1046 3278 ἀφεὶς,
1076 3212 1165 3262 καὶ
1202 3210 1446 3278 πατρίδα,
1476 3209 1566 3260 καὶ
1606 3209 1795 3268 οίκίαν,

192 3300 284 3350 καὶ
323 3297 524 3363 φίλους,
559 3297 650 3348 καὶ
693 3297 979 3362 συγγενεῖς,
1019 3295 1111 3347 καὶ
1150 3295 1313 3362 αὐτὴν
1349 3295 1442 3362 τὴν
1482 3293 1796 3360 ἀσφάλειαν⁶

192 3383 283 3433 καὶ
333 3379 438 3446 γάρ
476 3380 565 3431 τὸν
614 3379 778 3447 δῆμον
827 3379 916 3428 τὸν
958 3378 1234 3428 Ἰουδαϊκὸν
1288 3378 1458 3444 ἑαυτῴ
1509 3376 1677 3444 τούτῳ
1725 3376 1801 3444 τῷ

189 3464 373 3533 τρόπῳ
394 3463 793 3530 ὲξεπολέμησενσ
819 3461 954 3525 Ἤδη
984 3461 1107 3528 γὰρ,
1149 3462 1295 3529 φησὶ,
1327 3460 1640 3513 συνέθεντο
1672 3462 1803 3512 Ἰου-

189 3548 362 3610 δαῖοι,
392 3547 497 3599 ἐὰν
543 3564 629 3608 τις
676 3544 1009 3611 ὁμολογήσῃ
1038 3544 1217 3596 αὐτὸν
1252 3543 1516 3609 Χριστὸν,
1547 3545 1802 3595 ἀποσυν-

189 3634 413 3700 άγωγος
435 3630 684 3698 γένηται.
705 3629 858 3680 Ὅθεν
885 3629 1054 3696 δῆλον,
1079 3629 1156 3680 ὃτι
1183 3629 1279 3679 οὐκ
1306 3627 1656 3696 ἀμφέδαλλεν,
1688 3629 1802 3680 οὐδὲ

189 3717 442 3769 ἐδεδοίκει
474 3714 712 3782 περὶτῆς
739 3712 1004 3780 βασιλείας
1036 3711 1141 3762 τῶν
1172 3710 1425 3780 οὐρανῶν,
1449 3710 1580 3762 ἀλλά
1606 3712 1801 3778 σφόδρα

189 3801 494 3860 ἐπέπειστο,
541 3799 631 3850 καὶ
659 3798 752 3850 ἀπ’
778 3798 942 3862 αὐτῆς
976 3797 1071 3864 τῆς
1102 3796 1208 3847 τῶν
1239 3795 1564 3863 πραγμάτων
1596 3796 1804 3846 ἀποδείο

189 3885 346 3950 ξεως,
384 3885 477 3935 καὶ
505 3883 606 3951 πρὸ
631 3882 726 3949 τῆς
751 3882 855 3932 τῶν
882 3881 1206 3947 πραγμάτων
1232 3877 1546 3942 ἀποδείξεως
1578 3879 1680 3930 ἀπὸ
1706 3880 1800 3945 τῆς

186 3968 285 4021 τοῦ
330 3966 576 4034 Σωτῆρος
620 3967 813 4030 φωνῆς,
845 3965 921 4015 ὅτι
959 3964 1341 4031 κληρονομήσει
1379 3962 1588 4022 πάντως
1619 3963 1796 4029 αὐτήν.

187 4053 372 4106 Εἰπὼν
396 4051 519 4118 γὰρ,
546 4050 626 4101 ὅτι
655 4048 845 4114 Ἡμεῖς
870 4047 1174 4113 ἀφήκαμεν
1201 4046 1407 4105 πάντα,
1433 4045 1526 4096 καί
1555 4046 1804 4110 ἠκολου-

187 4135 460 4202 θήσαμέν
483 4148 598 4196 σοι,
636 4133 693 4183 τί
729 4130 870 4198 ἡμῖν
893 4130 1089 4191 ἐσται;
1127 4129 1389 4197 ἀπεκρίθη
1420 4129 1597 4189 αὐτοῖς
1624 4132 1650 4180 6
1677 4131 1805 4197 Χρι-

188 4220 336 4280 στὸς,
365 4220 445 4270 ὅτι
475 4215 817 4282 Καθήσεσθε
841 4214 937 4265 ἐπὶ
967 4211 1186 4264 δώδεκα
1216 4215 1477 4279 θρόνους,
1506 4214 1804 4278 κρίνοντες

186 4303 298 4366 τὰς
361 4301 582 4352 δώδεκα
644 4295 836 4364 φυλὰς
881 4296 985 4348 τοῦ
1039 4295 1288 4361 Ἰσραήλ.
1343 4295 1520 4346 Ταῦτα
1575 4295 1628 4346 δὲ
1679 4312 1805 4346 κατ·

187 4384 484 4444 εσκεύασα,
514 4382 597 4433 ἶνα
638 4381 762 4431 ὅταν
806 4379 958 4442 δείξω
998 4379 1152 4429 αὐτὸν
1193 4379 1499 4443 ἀγωνιῶντα
1529 4379 1664 4446 ὑπὲρ
1699 4381 1804 4430 τῶν

189 4467 512 4528 συνδούλων,
561 4465 634 4533 μὴ
667 4465 820 4532 εἴπῃς
849 4463 927 4515 ὅτι
960 4463 1094 4531 ὑπὲρ
1133 4462 1319 4513 ἑαυτοῦ
1364 4462 1632 4514 ἐδεδοίκει.
1685 4463 1804 4524 Πῶς

186 4553 301 4619 γάρ
330 4549 394 4602 ἀν
418 4549 633 4611 ἔδεισεν,
672 4545 830 4598 αὐτοῦ
874 4545 963 4596 τοῦ
1019 4545 1287 4613 μέλλοντος
1323 4547 1479 4597 αὐτὸν
1520 4546 1804 4611 στεφανοῦν

185 4633 604 4701 ἀποφηναμένου
635 4632 769 4698 ὑπὲρ
812 4629 904 4681 τοῦ
953 4629 1208 4695 στεφάνου
1247 4633 1337 4681 καὶ
1375 4629 1481 4680 τῶν
1513 4629 1801 4698 βραϐείων;

186 4716 361 4779 Οὗτος
383 4717 553 4769 τοίνυν
579 4718 607 4768 6
646 4715 860 4780 Πέτρος,
898 4716 924 4764 6
958 4715 1128 4764 πάντα
1160 4714 1332 4779 ἀφεὶς,
1360 4716 1388 4764 6
1421 4713 1633 4782 θαρρῶν
1672 4716 1804 4783 ὑπὲρ

184 4809 290 4874 τῆς
317 4800 579 4870 βασιλείας
604 4799 706 4850 τῶν
734 4798 990 4865 οὐρανῶν,
1016 4798 1383 4865 προσελθόντος
1407 4800 1530 4849 ποτὲ
1559 4799 1804 4850 πλουσίου

184 4890 358 4948 τινὸς,
393 4887 481 4937 καὶ
510 4883 744 4944 εἰπόντος
774 4881 850 4949 τῷ
881 4882 1108 4950 Χριστῷ,
1137 4883 1194 4933 Τί
1220 4881 1442 4944 ποιήσω
1475 4884 1571 4934 ἵνα
1598 4887 1806 4950 κληρο-

184 4971 438 5042 νομήσω
470 4969 616 5035 ζωὴν
659 4966 918 5028 αῖώνιον;
951 4966 1042 5016 καὶ
1085 4963 1173 5014 τοῦ
1209 4964 1435 5034 Χριστοῦ
1476 4967 1604 5034 πρὸς
1653 4969 1805 5018 αὑτὸν

188 5063 648 5133 ἀποκριναμένου,
696 5062 762 5112 El
799 5059 984 5121 θέλεις
1011 5058 1227 5121 τέλειος
1254 5054 1420 5118 εἶναι,
1453 5057 1654 5124 ὕπαγε,
1689 5059 1804 5109 πώ-

184 5161 394 5228 λησόν
432 5171 545 5208 σου
590 5154 661 5206 τὰ
698 5150 1048 5218 ὑπάρχοντα,
1101 5150 1194 5201 καί
1240 5149 1339 5211 δὸς
1391 5151 1655 5216 πτωχοῖς,
1712 5155 1803 5204 καὶ

187 5257 372 5319 δεῦρο
430 5249 734 5303 ἀκολούθει
773 5261 899 5313 μοι·
952 5241 1066 5296 εἶτα
1114 5245 1242 5313 πρὸς
1288 5245 1439 5296 τοῦτο
1490 5245 1806 5313 λυπηθέντος

184 5345 536 5408 ὲκείνου,,καὶ
564 5341 800 5408 λέγοντος
819 5341 928 5400 τοῖς
956 5339 1215 5406 μαθηταῖς
1243 5338 1332 5389 τοῦ
1355 5338 1805 5406 Χριστοῦ,⁹ορᾶτε

184 5442 320 5505 πῶς
353 5438 659 5498 δυσκόλως
684 5433 1040 5500 εἰσέρχονται
1070 5434 1122 5484 οί
1159 5433 1430 5483 πλούσιοι
1463 5435 1548 5495 είς
1576 5431 1806 5497 τὴνβα-

183 5535 423 5590 σιλειάν
461 5529 577 5582 τῶν
615 5527 908 5593 οὐρανώνο
951 5524 1127 5592 ἀμὴν,
1155 5524 1311 5591 ἀμὴν
1341 5524 1490 5589 λέγω
1522 5523 1676 5590 ὑμῖν,
1721 5523 1804 5574 ὅτι

187 5628 590 5694 εὐκοπώτερόν
615 5624 742 5680 ἐστι
770 5621 1033 5690 κάμηλον
1049 5621 1143 5673 διὰ
1168 5621 1534 5688 τρυπήματος
1556 5619 1800 5686 ῥαφίδος

863 417 927 470 ιΝ
966 417 1187 482 ILLUD,
1227 417 1358 473 110C
1397 417 1677 472 SCI'I’OTE
1715 413 1896 481 QUOD
1933 412 1994 466 ΙΝ
2029 410 2404 466 NOVISSIMIS
2444 411 2704 476 DIEBUS,
2747 413 2892 468 ETC.

3384 448 3495 505 276

1884 525 2192 587 εἰσελθεῖν,
2229 527 2266 592 ἢ
2311 527 2601 578 πλούσιον
2621 528 2704 590 είς
2727 526 2838 591 τὴν
2856 527 3173 588 ,ϐασιλείαν
3196 529 3298 580 τοῦ
3322 533 3463 585 Θεοῦ
3482 549 3496 564 ⁶

1884 611 1912 661 6
1935 611 2152 678 Πέτρος,
2177 612 2204 660 6
2226 611 2499 677 ἀκτήμων,
2529 610 2556 659 6
2592 609 2802 677 θαρρῶν
2834 609 2968 677 ὐπὲρ
2997 613 3093 678 τῆς
3133 612 3419 678 βασιλείας,
3472 618 3502 670 6

1886 695 2018 762 ὑπὲρ
2055 694 2151 761 τῆς
2179 693 2364 744 ἑαυτοῦ
2392 693 2462 761 μὴ
2491 692 2735 754 δεδοικὼς
2773 694 3055 761 σωτηρίας,
3087 697 3113 746 6
3146 700 3500 765 πεπεισμένος

1887 779 2067 844 σαφῶς
2097 779 2219 846 1:591
2245 777 2341 844 τῆς
2373 778 2487 827 ἐκεῖ
2508 777 2650 844 αὐτῷ
2669 778 3026 845 ἀποκειμένης
3055 779 3232 845 τιμῆς,
3269 783 3500 844 ἀκούσας

1886 863 2053 914 ταῦτα
2095 862 2263 926 ἕλεγε’
2316 863 2406 924 Τίς
2442 861 2679 912 δύναται
2720 861 3011 926 σωθῆναι;
3045 862 3107 912 Τί
3155 863 3410 924 δέδοικας,
3455 861 3499 916 ῶ

1891 947 2119 1013 μακάριε
2149 945 2356 1013 Πέτρε;
2393 945 2441 994 τί
2483 945 2744 1012 ἀγωνιᾷςς
2783 946 2833 994 τί
2867 947 3112 1013 τρέμειςς
3154 948 3329 999 Πάντα
3355 950 3499 1017 E99:-

1886 1028 2010 1094 ψας,
2042 1029 2213 1080 πάντα
2262 1028 2505 1094 ἀφῆκαςο
2562 1027 2684 1094 1:591
2716 1026 2820 1076 τῶν
2861 1029 3218 1081 πλουτούντων
3261 1032 3287 1080 6
3325 1030 3496 1096 λόγος,

1888 1110 2102 1162 ἐκείνων
2151 1110 2440 1177 κατηγορία
2485 1109 2884 1176 τὸλεγόμενον·
2931 1113 2990 1161 σύ
3027 1113 3080 1162 δὲ
3117 1115 3172 1164 ὲν
3212 1115 3366 1182 πενίᾳ
3409 1112 3501 1164 καὶ

1891 1194 2235 1262 ἀκτημοσύνη
2265 1195 2518 1254 διατελεῖς
2547 1194 2670 1256 ζῶν.
2705 1195 2835 1244 Ἀλλ’
2865 1196 2923 1246 οὐ
2952 1197 3011 1246 τὸ
3036 1198 3265 1262 ἐμαυτοῦ
3297 1200 3498 1259 σκοπῶ,

1892 1279 2072 1346 φησὶν,
2101 1278 2231 1329 ἀλλά
2259 1281 2347 1328 καὶ
2391 1278 2449 1328 τὸ
2480 1278 2675 1346 ἑτέρων
2715 1278 2988 1345 συμφέρον
3028 1281 3187 1346 ζητῶ.
3229 1283 3323 1332 Διά
3350 1284 3502 1333 τοῦτο

1893 1363 2029 1430 ὑπὲρ
2073 1363 2176 1412 τῶν
2221 1361 2337 1412 καθ’
2380 1360 2562 1411 ἑαυτὸν
2605 1361 2833 1429 θαρρῶν,
2876 1362 3010 1429 ὑπὲρ
3049 1365 3152 1413 τῶν
3197 1365 3365 1416 ἄλλων
3409 1365 3504 1432 τὴν

1892 1444 2036 1514 [984]
2061 1444 2244 1495 πεῦσιν
2267 1445 2574 1511 προσήγαγε
2613 1443 2798 1510 λέγων,
2832 1446 2922 1507 τίς
2943 1445 3183 1496 δύναται
3216 1448 3504 1511 (nuo-ﬁrm;

1959 1527 2018 1578 5'.
2041 1522 2187 1586 Εἶδες
2201 1526 2304 1576 τῶν
2331 1528 2630 1578 ἀποστόλων
2656 1529 2748 1595 τὴν
2770 1529 3111 1596 κηδεμονίαν;
3136 1531 3248 1590 πῶς
3269 1532 3323 1580 ἓν
3351 1532 3506 1598 σῶμά

1891 1613 2056 1671 είσιν;
2089 1606 2223 1670 εἶδες
2253 1611 2364 1670 πῶς
2393 1611 2484 1661 καὶ
2514 1612 2647 1678 ὑπὲρ
2672 1613 2774 1663 τῶν
2802 1615 3074 1680 παρόντων
3118 1615 3205 1664 καὶ
3235 1615 3368 1684 ὑπὲρ
3399 1617 3503 1666 τῶν

1896 1694 2186 1762 μελλόντων
2209 1694 2450 1744 ἐδεδοίκει
2474 1699 2499 1745 6
2533 1696 2755 1762 115190;;
2789 1697 2938 1747 Οῦτω
2965 1699 3054 1748 καὶ
3099 1701 3125 1748 6
3166 1699 3385 1759 Παῦλος.
3417 1701 3504 1751 Διὸ

1894 1780 2058 1846 ἔλεγε·
2109 1778 2450 1839 Γινώσκετε,
2491 1781 2576 1831 ὅτι
2617 1782 2682 1830 ἐν
2713 1781 2988 1847 ἐσχάταις
3016 1783 3252 1849 ἡμέραις
3290 1787 3502 1852 ἐνστή-

1892 1879 2094 1916 σονται
2134 1865 2318 1928 καιροὶ
2360 1866 2624 1929 χαλεποί.
2672 1868 2776 1916 Καὶ
2824 1867 3048 1934 ἀλλαχοῦ
3093 1869 3146 1919 δὲ
3185 1869 3336 1920 τοῦτο
3366 1873 3507 1920 ποιεῖ

1893 1949 2066 2001 πάλιν.
2098 1947 2306 2016 Ἐπειδὴ
2325 1950 2429 2015 γὰρ
2447 1949 2628 2016 ἔμελλε
2649 1948 2824 1999 λοιπὸν
2846 1951 3164 2015 ἀφίστασθαι
3190 1953 3286 2019 τῆς
3302 1953 3500 2014 Ἀσίας,

1891 2034 1981 2084 καὶ
2015 2034 2102 2086 51:1
2130 2032 2225 2100 τὴν
2257 2032 2466 2100 Ῥώμην
2500 2032 2739 2098 ἄγεσθαι,
2766 2035 2857 2084 καὶ
2893 2035 3095 2085 ἐκεῖθεν
3120 2038 3207 2086 ἐπὶ
3233 2038 3321 2088 τὸν
3343 2039 3502 2106 0690-

1892 2115 1978 2166 νὺν
2012 2116 2301 2183 ἀποδημεῖν
2322 2131 2334 2143 ο
2370 2118 2396 2167 ὁ
2442 2115 2660 2177 Θάνατος
2688 2116 2792 2184 γὰρ
2815 2117 2918 2167 τῶν
2952 2119 3114 2183 ἁγίων
3134 2120 3230 2170 οὐκ
3270 2120 3378 2171 ἔστι
3413 2122 3502 2172 θά-

1893 2215 2062 2261 νατος,
2101 2199 2230 2250 ἀλλά
2274 2202 2591 2266 μετάστασις
2616 2203 2719 2252 ἀπὸ
2747 2203 2842 2269 γῆς
2873 2204 2948 2263 είς
2981 2204 3220 2272 οὐρανὸν,
3255 2205 3360 2256 ἀπὸ
3396 2207 3502 2257 τῶν

1893 2283 2177 2336 ἐλαττόνων
2209 2285 2285 2344 εἰς
2323 2285 2389 2334 τὰ
2429 2284 2630 2351 βελτίω,
2676 2286 2780 2338 ἀπὸ
2824 2287 2925 2336 τῶν
2960 2288 3247 2338 συνδούλων
3289 2290 3378 2340 ἐπὶ
3414 2291 3502 2340 τὸν

1892 2369 2178 2436 Δεσπότην,
2203 2369 2307 2420 ἀπὸ
2333 2369 2437 2421 τῶν
2463 2368 2753 2438 ἀνθρώπων
2770 2372 2899 2437 πρὸς
2916 2374 3037 2432 τοὺς
3064 2373 3316 2438 ἀγγέλους
3338 2390 3348 2401 ·
3385 2376 3502 2426 51:51

1894 2450 1985 2505 οὖν
2012 2454 2228 2521 ἔμελλεν
2272 2457 2483 2508 ἀπιέναι
2527 2457 2660 2525 πρὸς
2687 2458 2775 2508 τὸν
2812 2458 2917 2508 τῶν
2953 2460 3197 2510 ἀπάντων
3235 2461 3502 2530 Δεσπότην

1894 2537 2039 2601 Θεὸν,
2077 2540 2165 2588 καὶ
2194 2540 2260 2589 τὰ
2289 2541 2404 2591 καθ’
2433 2541 2614 2590 ἑαυτὸν
2641 2542 2810 2591 πάντα
2844 2542 3016 2601 καλῶς
3040 2544 3362 2612 ᾡκονόμησε.
3397 2547 3503 2597 Καὶ

1893 2620 1997 2689 γὰρ
2032 2621 2116 2671 τὸν
2142 2622 2344 2689 χρόνον,
2391 2623 2447 2673 ὃν
2487 2624 2644 2690 συνῆν
2680 2626 2787 2684 τοῖς
2829 2625 3106 2691 μαθηταῖς,
3152 2627 3284 2691 μετά
3329 2629 3503 2696 πάσης

1893 2706 2168 2773 ἀκριϐείας
2201 2705 2296 2771 τὴν
2331 2707 2664 2756 διδασκαλίαν
2689 2708 2864 2765 αὐτοῖς
2903 2709 3179 2775 παρέθετο,
3211 2709 3300 2760 καὶ
3331 2711 3498 2777 λέγει·

1894 2789 2156 2852 Καθαρὸς
2186 2788 2296 2852 ἐγὼ
2339 2789 2451 2838 ἀπὸ
2500 2788 2602 2840 τοῦ
2638 2791 2876 2855 αἵματος
2927 2791 3179 2854 πάντων,
3225 2795 3313 2844 καὶ
3357 2797 3504 2847 οὐδὲν

1896 2869 2150 2930 ἐνέλιπον,
2186 2871 2334 2936 φησὶ,
2365 2871 2469 2920 τῶν
2494 2871 2808 2936 ὀφειλόντων
2841 2875 3195 2943 είσενεχθῆναι
3234 2878 3362 2945 πρὸς
3403 2896 3505 2929 σω·

1894 2954 2103 3022 τηρίαν.
2146 2955 2207 3004 Τί
2258 2951 2376 3015 o6v;
2423 2956 2602 3024 ἐπειδὴ
2646 2958 2711 3006 τά
2773 2958 2888 3008 καθ’
2935 2961 3116 3012 ἑαυτὸν
3160 2963 3502 3028 ἠσφαλίσατο,

1896 3039 2076 3108 ἐπειδὴ
2106 3039 2436 3104 ἐγκαλεῖσθαι
2459 3041 2554 3091 οὐκ
2590 3041 2813 3108 ήμελλεν
2841 3042 2942 3092 ἀπὸ
2967 3043 3054 3093 τοῦ
3082 3048 3341 3097 Δεσπότου
3371 3049 3505 3117 ὑπὲρ

1897 3124 2000 3174 τῶν
2033 3125 2146 3175 κατ’
2179 3125 2337 3175 αὐτὸν
2383 3125 2602 3191 χρόνων,
2627 3120 2730 3192 ἀρα
2762 3126 2996 3194 ἠμέλησε
3032 3128 3135 3180 τῶν
3173 3131 3303 3196 μετὰ
3339 3133 3504 3184 ταῦτα

1896 3208 2074 3275 ψυχῶν
2097 3225 2110 3270 ;
2137 3209 2392 3276 Οὐδαμῶς
2417 3225 2428 3237 ·
2465 3209 2573 3260 ἀλλ’
2599 3208 2778 3277 ῶσπερ
2807 3211 3007 3276 μέλλων
3037 3213 3124 3262 καὶ
3164 3215 3380 3266 ἐκείνων
3417 3217 3505 3267 εὐ-

1898 3293 2056 3354 θύνας
2087 3295 2320 3361 ὑπέχειν,
2346 3294 2511 3354 οὕτως
2535 3297 2755 3346 κάκεῖνα
2796 3298 2928 3362 μετὰ
2959 3299 3130 3365 πάσης
3159 3301 3331 3362 αὐτοῖς
3362 3301 3505 3368 λέγει

1896 3381 1992 3444 τῆς
2025 3377 2319 3445 ἀκριϐείας,
2352 3379 2442 3428 καὶ
2464 3379 2596 3427 αὐτᾶ
2632 3378 2664 3428 ἃ
2695 3381 2849 3428 πάλιν
2887 3381 3273 3450 ἀναγνώσωμεν
3311 3386 3374 3436 τά
3408 3388 3503 3453 ρή-

1903 3477 2058 3530 ματα·
2090 3463 2430 3526 Προσέχετε,
2467 3463 2646 3528 φησὶν,
2680 3461 2905 3525 ἑαυτοῖς
2949 3463 3042 3513 καὶ
3076 3467 3244 3517 παντὶ
3275 3468 3351 3530 τῷ
3380 3487 3505 3522 ποι-

1895 3544 2060 3611 μνίῳ.
2097 3541 2240 3604 Εἶδες
2289 3545 2400 3604 πῶς
2437 3539 2504 3610 ἦν
2542 3544 2906 3611 συνδεδεμένος
2943 3547 3115 3597 αὐτῶν
3145 3552 3207 3616 τῇ
3240 3553 3505 3616 φροντίδις

1911 3629 2089 3694 Ἢμῶν
2127 3629 2221 3694 μὲν
2259 3630 2363 3696 γὰρ
2401 3630 2621 3689 ἕκαστος
2645 3629 2708 3679 τὰ
2748 3631 2863 3680 καθ’
2889 3631 3069 3681 ἑαυτὸν
3101 3636 3348 3701 μεριμνᾷ,
3387 3635 3413 3683 6
3451 3636 3505 3684 δὲ

1901 3712 2169 3782 προεστὼς
2202 3713 2267 3763 τά
2310 3714 2538 3764 πάντων.
2582 3713 2668 3762 Διό
2708 3730 2835 3781 φησι
2863 3715 2984 3781 περὶ
3023 3716 3126 3766 τῶν
3157 3717 3505 3769 διδασκάλωνο

1903 3798 2124 3858 Οίτινες
2165 3797 2566 3862 ἀγρυπνοῦσιν
2610 3796 2753 3862 ὑπὲρ
2809 3796 2921 3849 τῶν
2964 3800 3171 3865 ψυχῶν
3208 3801 3383 3867 ὑμῶν,
3430 3803 3508 3866 ὡς

1900 3882 2082 3948 λόγον
2114 3880 2540 3944 ἀποδώσοντες.
2582 3881 2806 3948 Φοὸερδν
2842 3882 3001 3943 ὅντως
3041 3884 3096 3934 τὸ
3127 3887 3450 3954 κρυπτήριον
3479 3900 3504 3925 α

1902 3965 2038 4032 ὑπὲρ
2061 3964 2307 4014 τοσούτου
2348 3963 2513 4030 δήμου
2551 3964 2643 4024 τὰς
2676 3965 2892 4025 εὐθύνας
2932 3967 3170 4034 ὑπέχειν·
3217 3969 3346 4029 ἀλλ’,
3375 3972 3507 4038 ὅπερ

1904 4049 2102 4113 ἔλεγον,
2137 4047 2362 4105 καλέσας
2389 4046 2578 4110 αὐτούς
2609 4064 2734 4114 φησι
2756 4063 2768 4076 ⁸
2800 4050 3121 4116 Προσέχετε
3147 4054 3371 4116 ἑαυτοῖς
3409 4056 3502 4105 καί

1902 4133 2071 4184 παντί
2109 4130 2185 4193 τῷ
2218 4130 2482 4195 ποιμνίῳ,
2517 4132 2582 4180 ἐν
2609 4124 2655 4193 ᾧ
2684 4132 2835 4197 ὑμᾶς
2874 4134 3033 4184 ἔθετο
3071 4135 3133 4184 τὸ
3172 4138 3405 4202 Πνεῦμα
3445 4139 3510 4189 τὸ

1903 4215 2067 4280 ἅγιον
2105 4214 2382 4277 ποιμένας
2426 4212 2520 4262 καὶ
2553 4212 2929 4277 ἐπισκόπους.
2969 4216 3030 4266 Τί
3066 4217 3309 4282 γέγονεν;
3369 4219 3508 4280 τίνος

1904 4301 2080 4350 ἕνεκεν
2111 4299 2414 4364 παραινεῖςς
2451 4298 2519 4362 μή
2547 4313 2597 4346 τι
2625 4299 2851 4365 προορᾷς
2879 4299 3073 4360 δεινόνς
3107 4303 3175 4367 μή
3207 4319 3256 4352 τι
3288 4304 3506 4368 προσλέ-

1904 4401 2022 4443 πεις
2047 4381 2299 4448 χαλεπόν;
2335 4381 2404 4449 μή
2439 4396 2518 4440 τις
2542 4380 2794 4445 κίνδυνος,
2825 4385 2893 4450 μή
2924 4401 3003 4444 τις
3037 4385 3297 4452 συμφορὰ,
3325 4389 3395 4455 μή
3426 4405 3508 4449 τις

1905 4467 2132 4532 πόλεμος
2153 4481 2165 4526 ;
2201 4465 2330 4515 Εἰπέ
2352 4479 2366 4493 ⁶
2398 4464 2486 4515 καὶ
2504 4466 2608 4532 γὰρ
2636 4464 2947 4531 ὑψηλότερος
2970 4468 3119 4534 ήμῶν
3147 4469 3392 4535 ἕστηκας·
3416 4473 3509 4523 καὶ

1903 4551 1960 4601 οὐ
1987 4552 2051 4600 τά
2072 4550 2306 4616 παρόντα
2332 4547 2539 4614 βλέπεις
2565 4549 2737 4614 μόνον,
2761 4548 2887 4598 ἀλλά
2917 4550 3004 4600 καὶ
3021 4551 3086 4600 τὰ
3109 4551 3363 4618 μέλλοντα
3383 4570 3512 4620 προς-

1904 4637 2049 4704 ορᾷς.
2075 4635 2203 4687 Εἰπὲ
2232 4634 2401 4684 τοίνυν
2434 4634 2570 4693 τίνος
2606 4633 2782 4683 ἕνεκεν
2812 4635 3198 4700 παραγγέλλεις
3225 4637 3390 4689 ταῦτα
3419 4641 3512 4691 καὶ

1907 4721 2197 4786 παραινεῖς.
2230 4714 2391 4780 Οἶδα,
2424 4718 2601 4784 φησὶν,
2627 4717 2709 4767 ὅτι
2725 4719 2868 4782 μετὰ
2891 4718 3001 4783 τὴν
3025 4720 3224 4785 ἄφιξίν
3248 4739 3363 4787 μου
3390 4726 3510 4774 εισ-

1903 4805 2242 4856 ελεύσονται
2273 4803 2443 4853 λύκοι
2467 4801 2669 4866 ,βαρεῖς
2694 4804 2776 4863 είς
2804 4801 2866 4852 τὸ
2890 4804 3172 4868 ποίμνιον.
3210 4803 3354 4866 Εἶδες
3377 4808 3512 4875 ὅπερ

1905 4889 2102 4952 ελεγον,
2125 4887 2235 4946 πῶς
2254 4887 2348 4953 οὐχ
2369 4887 2502 4954 ὑπὲρ
2521 4886 2625 4934 τῶν
2650 4887 2767 4937 καθ’
2784 4887 2967 4937 ἑαυτὸν
2983 4889 3179 4955 χρόνων
3197 4891 3397 4957 ἀγωνιᾷ
3418 4895 3507 4943 καὶ

1904 4977 2100 5027 δέδοικε
2127 4974 2297 5041 μόνον,
2319 4974 2448 5023 ἀλλὰ
2475 4973 2564 5023 καὶ
2584 4973 2717 5043 ὑπὲρ
2735 4975 2838 5024 τῶν
2862 4975 2992 5041 μετά
3016 4976 3110 5043 τὴν
3130 4977 3305 5042 ἄφιξιν
3325 4978 3508 5042 αὐτοῦς

1905 5060 2359 5113 Εἰσελεύσονται
2387 5058 2491 5124 γὰρ
2515 5058 2703 5119 λύκοι,
2732 5059 2875 5126 φησί·
2903 5059 2994 5110 καὶ
3007 5063 3101 5126 οὐχ
3126 5061 3322 5122 ἁπλῶς,
3341 5062 3506 5127 λύκοι,

1905 5145 2053 5203 ἀλλὰ,
2087 5143 2260 5194 Λύκοι
2277 5140 2499 5206 βαρεῖς,
2531 5140 2614 5207 μὴ
2634 5142 2955 5209 φειδόμενοι
2984 5144 3086 5195 τοῦ
3111 5148 3400 5211 ποιμνίου.
3426 5149 3512 5197 Δι-

1906 5228 2064 5287 πλοῦς
2103 5228 2129 5276 6
2178 5225 2424 5291 πόλεμος·
2456 5226 2683 5277 ἀπουσία
2715 5227 2938 5287 Παύλου,
2975 5229 3066 5278 καὶ
3085 5228 3261 5293 ἔφοδος
3292 5231 3396 5280 τῶν
3420 5231 3512 5282 16-

1905 5327 2028 5363 κων·
2051 5310 2166 5360 οὐδὲ
2186 5311 2211 5359 6
2228 5309 2531 5369 διδάσκαλος
2551 5311 2820 5378 πάρεστιν,
2839 5313 2925 5361 καὶ
2940 5311 2984 5360 οί
3006 5311 3392 5380 διαφθείροντες
3405 5318 3512 5366 61::-

1905 5396 2184 5446 κείσονται.
2208 5395 2311 5443 K01
2349 5395 2532 5444 σκόπει
2571 5395 2892 5462 κακουργίαν
2921 5395 3136 5464 θηρίων,
3161 5401 3251 5448 καὶ
3270 5399 3512 5467 πονηρῶν

1968 5630 1991 5656 ⁸
2016 5629 2092 5675 Sic
2115 5640 2198 5676 ms.
2223 5628 2317 5675 Sed
2334 5629 2461 5676 haud
2484 5630 2630 5681 dubie
2670 5631 2926 5693 legendum
2948 5631 3190 5690 χρπήριον.
