4112 6496
174 425 280 480 277

162 538 422 592 parcentes
469 529 628 599 gregi.
678 526 875 598 Duplex
923 527 1116 581 bellum
1160 544 1174 581 :
1221 526 1367 579 Pauli
1416 525 1649 578 absentia
1680 533 1732 577 et

167 619 395 673 incursio
423 619 672 688 luporum
704 635 717 671 :
746 617 932 672 doctor
956 630 1060 671 non
1088 616 1290 680 aderit,
1318 626 1370 669 et
1396 623 1733 682 corruptores

165 711 535 765 imminebunt.
572 712 649 766 Ac
677 711 941 781 perpende
980 710 1210 764 ferarum
1243 709 1521 773 vafritiem,
1554 717 1608 761 et
1636 708 1733 759 im-

166 802 452 869 proborum
496 802 769 856 hominum
796 802 1122 856 versutiam:
1167 800 1455 853 absentiam
1502 798 1731 851 doctoris

163 891 531 950 observarunt,
560 899 612 943 et
641 901 761 944 tunc
784 904 996 959 gregem
1026 888 1350 942 invaserunt.
1380 887 1511 953 Quid
1541 884 1731 953 igitur?

164 993 254 1031 nos
284 979 405 1033 sine
437 979 571 1033 duce
598 987 650 1033 et
680 979 969 1048 patrocinio
996 978 1217 1040 deseris,
1252 986 1556 1043 tantumque
1593 974 1733 1027 cala-

163 1068 368 1121 mitates
419 1068 683 1134 prmdicis,
730 1082 899 1135 neque
932 1068 1086 1119 ullam
1132 1065 1395 1133 excogitas
1420 1062 1733 1117 consolatio-

162 1157 317 1209 nem?
351 1156 549 1210 Verum
579 1156 623 1209 si
650 1158 750 1208 hoc
776 1155 956 1218 facias,
981 1156 1223 1207 timorem
1249 1169 1425 1221 auges,
1454 1161 1503 1205 et
1528 1152 1730 1203 animos

160 1248 367 1316 dejicis,
423 1262 618 1301 nervos
662 1247 924 1311 dissolvis,
973 1256 1128 1315 atque
1175 1261 1360 1298 manus
1389 1243 1727 1297 audientium.

164 1334 282 1390 Ideo
336 1334 497 1400 prius
543 1334 647 1387 illis
691 1332 953 1402 Spiritum
1001 1334 1445 1385 commemoravit
1483 1350 1493 1382 :
1545 1331 1607 1384 In
1634 1349 1730 1400 quo

162 1441 241 1478 vos
270 1423 510 1491 Spiritus
537 1434 737 1477 sanctus
784 1425 948 1492 posuit
976 1435 1198 1492 pastores
1238 1436 1282 1475 et
1312 1424 1567 1490 episc0pos
1594 1422 1725 1487 (Act.

160 1516 244 1569 20.
272 1514 391 1585 28).
428 1514 651 1568 Etiamsi
682 1514 875 1568 Paulus
901 1515 1086 1577 abeat,
1121 1514 1316 1582 inquit,
1342 1522 1395 1565 at
1428 1512 1729 1566 Paracletns

164 1606 329 1660 adest.
366 1606 558 1659 Viden‘
585 1605 848 1675 quomodo
886 1620 1067 1658 eorum
1100 1604 1268 1657 erexit
1291 1603 1520 1655 animum
1544 1642 1557 1662 ,
1594 1602 1730 1654 divi-

164 1710 281 1747 num
313 1706 745 1747 commemorans
768 1694 1063 1756 doctorem,
1094 1693 1241 1760 cujus
1262 1706 1361 1760 ope
1391 1700 1443 1743 et
1474 1692 1583 1757 ipse
1608 1689 1728 1741 dum

163 1798 397 1850 (muscus
418 1794 562 1836 esset
590 1782 837 1836 valebat?
859 1783 963 1835 Cur
995 1796 1121 1849 ergo
1153 1781 1393 1834 timorem
1422 1778 1638 1846 injecit?
1667 1777 1732 1831 Ut

162 1872 416 1925 desidiam
468 1871 780 1925 eliminaret.
815 1870 1107 1939 Utrumque
1131 1870 1268 1924 enim
1302 1880 1552 1937 prmstare
1577 1867 1733 1920 debet

164 1962 205 2013 is
230 1962 313 2029 qui
343 1961 440 2014 dat
466 1959 775 2016 consilium:
798 1976 895 2014 nec
923 1961 1228 2029 permittere
1257 1970 1309 2011 nt
1337 1957 1543 2010 auditor
1568 1954 1729 2008 confl-

165 2051 269 2115 ἀτη,
293 2066 362 2105 ne
392 2050 612 2119 segnior
638 2050 857 2114 evadat;
886 2065 1055 2118 neque
1076 2048 1481 2118 perterrefacere
1510 2055 1727 2109 tantum,

163 2157 228 2197 ne
272 2144 324 2194 in
370 2142 597 2195 nimium
642 2151 838 2195 metum
886 2140 1099 2194 incidat.
1149 2138 1278 2192 Cum
1318 2154 1445 2207 ergo
1477 2137 1731 2205 Spiritum

164 2233 605 2287 commemoravit
629 2273 643 2296 ,
680 2232 930 2287 timorem
955 2230 1147 2301 ejecit;
1175 2248 1299 2285 cum
1321 2230 1478 2297 lupos
1503 2229 1728 2290 addidit,

168 2325 441 2393 Segnitiem
476 2323 696 2391 depulit.
730 2323 857 2392 ιλιιρὶ
900 2339 1102 2391 graves,
1148 2339 1245 2375 non
1277 2331 1531 2390 parcentes
1572 2319 1728 2389 gregi.

171 2414 418 2467 Attendite
448 2412 604 2466 vobis.
639 2412 785 2465 Nihil
810 2413 1051 2473 subtraxi,
1083 2412 1248 2479 inquit
1278 2430 1289 2464 :
1316 2426 1571 2465 memores
1593 2419 1733 2464 esto-

174 2511 218 2555 te
250 2504 371 2557 mei.
418 2502 629 2557 Sufficit
656 2504 797 2556 enim
824 2501 969 2554 Pauli
1004 2502 1253 2554 memoria
1280 2500 1342 2553 ad
1377 2500 1615 2553 fiduciam
1648 2500 1731 2552 in-

170 2593 412 2645 dendam.
446 2592 564 2645 Non
597 2590 901 2644 memoriam
931 2590 1009 2643 sui
1041 2590 1203 2657 tangit
1231 2590 1422 2653 solmn,
1455 2589 1546 2643 sed
1572 2591 1728 2642 etiam

174 2682 481 2735 memoriam
511 2690 799 2749 gestorum.
822 2680 971 2746 Quod
995 2680 1133 2733 enim
1158 2695 1262 2733 non
1290 2680 1597 2747 simpliciter
1623 2694 1732 2731 me-

176 2770 387 2823 moriam
422 2772 505 2823 sui
540 2770 804 2837 postulet:
850 2768 942 2823 sed
971 2779 1026 2821 ut
1065 2769 1323 2822 recordati
1367 2768 1512 2834 ejus,
1562 2768 1731 2835 ipsum

178 2856 447 2909 uuitentur
475 2894 489 2916 ,
542 2854 795 2906 audituro
841 2852 1014 2905 cuivis
1059 2853 1278 2923 subjicit
1320 2872 1331 2905 :
1382 2855 1733 2909 Recordann‘ni

175 2946 296 3008 mei,
330 2947 570 3013 quoniam
614 2962 701 3014 per
730 2946 993 2997 triennium
1039 2955 1180 2998 nocte
1220 2955 1263 2998 et
1306 2946 1386 2997 die
1414 2962 1512 2997 non
1548 2946 1732 2997 cessavi

175 3049 275 3083 cum
304 3034 546 3103 lacrymis
571 3045 616 3087 et
642 3034 899 3103 gemitibus
925 3034 1025 3087 illis
1050 3034 1274 3085 omnibus
1322 3050 1526 3087 monens
1552 3049 1730 3085 unum-

174 3138 400 3191 quemque
425 3133 642 3176 vestrum
673 3122 805 3193 (.lct.
833 3122 920 3177 20.
947 3123 1054 3191 51).
1084 3122 1195 3175 Non
1223 3122 1392 3175 solum
1422 3125 1525 3175 mei
1548 3136 1728 3175 recor-

174 3211 277 3265 dari
308 3227 401 3266 vos
432 3212 633 3280 cupio;
674 3212 766 3267 sed
809 3213 966 3267 etiam
1011 3212 1290 3280 temporis,
1335 3210 1725 3274 admonitionis,

174 3315 339 3365 curre,
388 3302 746 3370 lacrymarnm
794 3312 846 3354 et
895 3302 1182 3369 gemituum
1223 3300 1429 3352 illorum
1471 3298 1725 3351 omnium.

176 3389 625 3453 Quemadmodum
650 3390 788 3444 enim
814 3398 1129 3458 aegrotorum
1158 3388 1382 3457 cognati,
1406 3404 1526 3442 cum
1552 3387 1732 3441 vident

177 3478 282 3532 illos
310 3479 465 3533 dictis
515 3479 622 3532 suis
667 3478 948 3546 multisque
996 3478 1207 3531 monitis
1252 3492 1353 3528 non
1402 3477 1590 3530 cedere
1631 3491 1730 3532 nec

176 3568 441 3624 admittere
471 3570 721 3623 alimenta
752 3580 805 3622 et
846 3568 1124 3636 pharmaca
1170 3570 1324 3637 aegris
1351 3570 1724 3637 competentia,

177 3658 546 3729 lacrymantur,
587 3669 643 3713 ut
673 3660 791 3713 illos
833 3658 1038 3714 facilius
1067 3659 1278 3713 ﬂectant
1308 3678 1320 3712 :
1351 3661 1427 3713 sic
1456 3669 1507 3713 et
1537 3660 1727 3714 Paulus

174 3762 287 3817 erga
331 3748 617 3818 discipulos
666 3763 723 3802 se
764 3748 1013 3817 gerebat;
1058 3759 1175 3801 eum
1223 3748 1434 3803 videbat
1476 3748 1727 3803 doctrinm

176 3850 457 3892 sermonem
484 3837 551 3891 ad
580 3837 903 3893 suadendum
932 3837 1194 3891 infirmum
1214 3852 1354 3903 esse,
1379 3840 1725 3908 lacrymarnm

175 3925 417 3981 medelam
450 3927 754 3981 inducebat.

235 4016 285 4069 6.
324 4017 449 4082 Quis
480 4026 658 4071 autem
687 4031 790 4072 non
823 4018 1081 4072 reveritus
1108 4027 1281 4082 esset,
1312 4017 1528 4071 Paulum
1559 4018 1725 4088 lacry-

175 4116 386 4161 mantem
414 4121 643 4161 cernens
673 4121 735 4161 ac
770 4116 1068 4176 gementem
1089 4148 1103 4172 ,
1133 4107 1336 4162 etiamsi
1365 4122 1521 4161 sensu
1561 4109 1725 4177 magis

176 4191 445 4251 destitutus
472 4196 665 4250 fuisset
684 4236 699 4260 ,
729 4212 884 4266 quam
915 4195 1151 4264 lapides?
1196 4196 1435 4249 Vidistin‘
1462 4198 1725 4263 quomodo

174 4286 318 4340 etiam
348 4287 453 4341 illic
482 4286 659 4339 futura
689 4285 1026 4354 prmdixerit?
1059 4286 1152 4339 llic
1182 4286 1339 4339 etiam
1368 4285 1593 4352 idipsum
1620 4286 1727 4353 agit

174 4376 339 4432 dicens
371 4396 383 4430 :
414 4377 534 4431 Hoc
558 4386 723 4429 autem
752 4378 940 4441 scitote,
974 4377 1210 4445 quoniam
1236 4377 1288 4428 in
1315 4376 1595 4429 novissimis
1616 4378 1722 4427 die-

174 4468 253 4523 bus
279 4478 417 4523 erunt
445 4479 673 4536 tempora
701 4468 872 4538 gravia
900 4467 975 4537 (2.
1006 4467 1133 4519 Tim.
1160 4468 1211 4521 5.
1237 4466 1311 4537 l).
1340 4464 1446 4520 Cur
1471 4476 1641 4520 autem
1673 4466 1721 4519 id

175 4559 432 4615 Timotheo
458 4560 539 4613 ait
563 4599 578 4623 ,
627 4574 723 4614 nec
751 4558 877 4613 dicit
910 4576 923 4612 :
954 4558 1135 4612 Sciant
1182 4558 1214 4612 ii
1263 4557 1351 4626 qui
1398 4564 1516 4625 post
1562 4558 1719 4610 futuri

174 4658 299 4712 sunt,
344 4651 452 4704 fore
493 4657 735 4716 tempora
780 4646 1001 4717 gravia?
1043 4647 1133 4702 sed
1154 4647 1303 4702 Scito
1334 4654 1423 4711 tu,
1466 4655 1521 4699 ut
1550 4647 1721 4701 discas

176 4737 463 4808 discipulum
496 4738 716 4807 perinde
754 4747 911 4807 atque
955 4739 1259 4806 magistrum
1299 4737 1386 4790 illa
1418 4737 1572 4789 etiam
1604 4753 1720 4804 quae

176 4826 327 4885 futura
356 4841 475 4887 sunt
500 4846 711 4886 curare.
738 4830 793 4885 Si
824 4830 964 4884 enim
993 4844 1096 4883 non
1125 4839 1380 4893 curasset,
1409 4845 1511 4882 non
1542 4844 1717 4896 parem

176 4917 234 4970 illi
262 4921 667 4977 sollicitudinem
699 4920 1053 4989 imposuisset.
1095 4920 1168 4973 Ita
1200 4918 1319 4973 fecit
1358 4930 1406 4973 et
1438 4919 1675 4973 Christus
1704 4936 1715 4971 :

175 5007 276 5073 quia
304 5011 438 5063 enim
471 5014 810 5063 accesserant
839 5006 1100 5075 discipuli,
1129 5008 1265 5075 quod
1294 5006 1490 5061 vellent
1516 5022 1574 5060 ea
1600 5024 1718 5075 quae

177 5097 229 5149 ad
255 5100 762 5153 consummationem
797 5098 1104 5166 spectabant
1147 5098 1386 5153 ediscere
1410 5140 1424 5163 ,
1471 5099 1543 5151 ait
1572 5098 1674 5152 illis
1704 5117 1715 5152 :

177 5185 385 5241 Auditnri
427 5188 549 5243 estis
578 5188 750 5255 prtelia
783 5186 1011 5258 (Matth.
1046 5186 1134 5240 24.
1164 5186 1258 5256 6).
1292 5187 1448 5255 Atqui
1494 5202 1597 5240 non
1640 5188 1713 5240 illi

176 5276 375 5331 audituri
417 5285 593 5333 erant.
632 5275 798 5331 Unum
828 5291 1053 5345 namque
1099 5284 1181 5329 est
1222 5291 1415 5345 corpus
1464 5276 1713 5329 fidelium.

178 5363 241 5415 Ac
263 5364 700 5431 quemadmodum
742 5365 775 5417 ii
813 5365 899 5433 qui
930 5374 1051 5419 tunc
1089 5373 1272 5429 erant,
1314 5366 1380 5418 de
1410 5365 1715 5433 postfuturis

178 5453 454 5519 audiebant,
478 5458 555 5510 sic
579 5464 631 5510 et
663 5469 758 5509 nos
786 5454 850 5509 de
879 5454 982 5509 illis
1006 5456 1093 5524 qui
1118 5465 1241 5510 tunc
1271 5456 1415 5509 fuere
1442 5456 1709 5510 discimus.

179 5540 235 5595 iit
257 5546 385 5600 enim
412 5547 557 5613 dixi,
603 5562 765 5601 unum
797 5560 989 5616 corpus
1031 5560 1151 5599 eum
1196 5547 1296 5600 illis
1326 5561 1537 5608 sumus,
1572 5556 1713 5600 arcte

179 5643 337 5689 mutuo
359 5638 647 5708 conjuncti,
673 5638 873 5693 etiamsi
900 5649 1188 5693 extremam
1216 5638 1570 5691 membrorum
1596 5652 1713 5705 par-

180 5730 267 5777 tem
292 5741 599 5798 occupamus
632 5747 643 5781 :
676 5741 965 5799 corpusque
990 5728 1091 5782 hoc
1122 5741 1216 5782 nec
1246 5736 1450 5797 tempus
1477 5736 1708 5796 separat,

764 409 829 464 1N
868 409 1088 474 ILLUD,
1130 408 1259 465 llOC
1297 405 1575 462 SCITOTE
1612 404 1791 471 QUOD
1832 406 1893 459 IN
1932 405 2298 467 NOVISSIMIS
2336 413 2598 481 DIEBUS,
2641 418 2787 473 ETC.

3283 442 3394 497 278

1844 537 1940 577 nec
1967 524 2112 577 locus
2146 543 2159 578 :
2194 536 2377 581 mutuo
2404 530 2543 583 enim
2573 532 2798 601 colligati
2829 548 3008 588 sumus
3028 577 3042 601 ,
3076 551 3177 591 non
3206 554 3397 595 nervo-

1838 630 1952 667 rum
1980 616 2284 671 cireuitibus
2309 659 2321 678 ,
2364 620 2454 672 sed
2489 622 2720 675 caritatis
2759 624 2979 678 vinculis
3010 626 3239 695 undique
3267 645 3399 684 con-

1836 704 2025 756 stricti.
2059 705 2179 757 Ideo
2208 716 2258 760 et
2298 707 2412 760 illos
2444 709 2579 761 circa
2609 725 2706 763 nos
2732 712 3044 781 alloquitur,
3075 726 3125 769 et
3157 731 3252 771 nos
3280 736 3397 786 qua:

1836 788 1897 842 ad
1942 792 2058 845 illos
2102 804 2341 861 spectant
2385 797 2677 851 audiamus.
2731 800 2915 867 Opera:
2960 805 3184 871 pretium
3219 816 3302 858 est
3343 819 3397 862 et

1836 879 1958 931 illud
2006 898 2277 949 quairere,
2307 900 2399 937 cur
2442 887 2631 954 ubique
2680 889 2844 941 tristia
2892 906 3073 945 versus
3117 895 3394 961 prmsentis

1836 968 1955 1021 vitm
2006 972 2160 1025 linem
2207 989 2483 1027 accessura
2526 977 2683 1029 dicat.
2736 980 2940 1031 Etenim
2982 982 3103 1033 alibi
3131 983 3258 1036 dicit
3290 1001 3302 1036 :
3333 984 3397 1038 In

1835 1062 2112 1113 novissimis
2139 1064 2308 1116 diebus
2330 1066 2580 1118 discedent
2605 1069 2807 1135 quidam
2833 1087 2861 1121 a
2885 1071 2984 1137 ﬁde
3007 1071 3294 1140 (l.Tim.4.
3314 1076 3395 1142 l);

1834 1155 1887 1200 et
1916 1149 1997 1200 hic
2026 1165 2230 1202 rursum
2262 1154 2334 1202 ait
2368 1170 2380 1204 :
2408 1152 2471 1204 In
2502 1156 2783 1207 novissimis
2810 1157 2980 1209 diebus
3009 1169 3151 1211 erunt
3176 1170 3401 1228 tempora

1834 1238 2003 1304 gravia
2035 1236 2125 1305 (2.
2155 1238 2281 1290 Tim.
2314 1241 2364 1292 5.
2396 1242 2417 1293 1
2447 1248 2484 1308 ).
2519 1242 2756 1297 Christus
2798 1261 3003 1313 quoque
3049 1247 3128 1300 his
3170 1265 3399 1304 consona

1838 1329 2195 1393 prmuuntians
2225 1331 2396 1383 aiebat
2427 1350 2438 1384 :
2470 1332 2597 1385 Nam
2629 1334 2692 1386 In
2732 1339 3154 1390 consummatione
3178 1341 3401 1393 audituri

1834 1418 1948 1468 estis
1977 1419 2153 1485 pratia
2180 1428 2224 1470 et
2255 1421 2513 1486 opiniones
2545 1424 2831 1489 prwtiorum
2856 1467 2868 1489 ,
2902 1435 2945 1477 et
2976 1431 3133 1495 [antes
3170 1438 3213 1479 et
3244 1440 3401 1496 pestes

1836 1504 2056 1569 (Matth.
2081 1507 2171 1561 24.
2196 1508 2246 1561 6.
2274 1508 2355 1577 7).
2390 1510 2494 1563 Cur
2524 1528 2647 1580 ergo
2680 1514 2729 1565 in
2766 1519 3215 1570 consummatione
3248 1528 3321 1572 tot
3350 1528 3404 1572 et

1837 1601 1994 1646 tanta:
2019 1596 2174 1647 simul
2199 1598 2565 1652 calamitates?
2593 1602 2814 1664 Quidam
2844 1604 3039 1667 dicunt,
3069 1604 3400 1661 fatiscentem

1835 1694 1887 1737 et
1916 1685 2266 1739 infirmantem
2300 1698 2559 1753 naturam,
2586 1692 2719 1744 sicut
2746 1708 2935 1761 corpus
2958 1695 3220 1761 quoddam
3253 1698 3401 1751 senio

1838 1773 2133 1828 confectum
2166 1777 2359 1831 multos
2386 1779 2602 1832 attrahit
2632 1782 2861 1844 morbos,
2896 1784 2970 1835 sic
2996 1800 3110 1836 eam
3139 1800 3395 1839 consene-

1835 1873 2067 1918 scentem
2096 1866 2287 1919 multas
2312 1868 2577 1923 attrahere
2601 1870 2943 1925 calamitates.
2974 1874 3040 1924 At
3067 1889 3256 1941 corpus
3284 1876 3399 1943 qui.

1834 1952 1954 2006 dem
1995 1953 2062 2007 ob
2103 1956 2339 2023 corporis
2384 1957 2739 2011 infirmitatem
2786 1960 3073 2013 secundum
3122 1963 3288 2027 legem
3333 1964 3400 2017 ad

1836 2045 2039 2097 senium
2084 2047 2270 2098 venit:
2305 2047 2619 2114 pestilentire
2663 2058 2872 2111 autem,
2928 2050 3097 2113 bella,
3145 2061 3198 2104 et
3246 2062 3401 2107 terra:

1836 2144 2010 2188 motus
2030 2176 2045 2199 ,
2088 2150 2190 2189 non
2222 2138 2288 2190 ob
2316 2145 2517 2190 natura:
2547 2147 2868 2193 senectutem
2914 2140 3175 2194 accidunt.
3220 2142 3402 2211 Neque

1835 2225 1973 2278 enim
2004 2225 2120 2278 ideo
2159 2227 2402 2280 accidunt
2432 2227 2486 2280 hi
2520 2229 2720 2294 morbi,
2751 2230 2889 2296 quod
2935 2242 3187 2284 creatura:
3216 2248 3401 2285 conse-

1835 2324 2053 2367 nescant
2084 2333 2096 2370 :
2133 2315 2313 2369 Fames
2354 2333 2577 2387 nempe,
2623 2320 2935 2387 pestilentior,
2977 2330 3022 2372 et
3062 2330 3205 2373 terra:
3241 2332 3401 2374 motas

1838 2420 1925 2471 per
1948 2404 2056 2457 loca
2082 2422 2099 2458 :
2126 2408 2217 2459 sed
2262 2409 2380 2475 quia
2422 2409 2691 2462 hominum
2732 2411 2937 2463 animos
2966 2412 3227 2479 corrumpi
3260 2413 3398 2465 futu-

1837 2509 1951 2547 rum
1980 2504 2062 2549 est
2094 2514 2107 2548 :
2144 2496 2256 2551 haec
2295 2499 2486 2566 quippe
2524 2500 2699 2552 omnia
2742 2509 2862 2552 sunt
2891 2501 3113 2555 ultiones
3153 2511 3397 2569 peccato-

1835 2600 1971 2647 rum,
2004 2598 2057 2639 et
2082 2588 2477 2656 mgritudinibus
2521 2590 2763 2643 humanis
2794 2593 3045 2643 remedia.
3090 2592 3219 2645 Nam
3250 2595 3401 2661 (γετί-

1838 2673 2045 2727 tudines
2086 2675 2328 2729 humana:
2372 2689 2495 2729 tunc
2535 2690 2809 2746 augentur.
2858 2680 2924 2732 Et
2961 2694 3122 2746 quare
3154 2690 3274 2733 tunc
3304 2696 3399 2733 au-

1835 2766 2067 2832 gcntur?
2098 2766 2317 2831 inquies.
2350 2768 2627 2833 Quoniam,
2660 2779 2710 2821 ut
2742 2770 2869 2822 mihi
2898 2771 3120 2834 videtur,
3146 2771 3396 2839 judicium

1835 2860 1886 2904 et
1916 2866 2082 2918 paena:
2114 2855 2161 2904 in
2201 2854 2504 2908 diuturnum
2551 2865 2756 2925 tempus
2799 2858 3111 2911 dill'eruntur
3132 2901 3144 2925 ,
3177 2875 3237 2913 ac
3264 2877 3397 2914 non-

1834 2940 1957 2993 dum
2003 2942 2215 2996 advenit
2264 2943 2463 3004 Judex.
2516 2946 2602 3013 qui
2652 2948 2907 2999 rationem
2955 2949 3203 3002 reddituri
3254 2961 3395 3015 sunt,

1832 3030 2103 3098 segniores
2134 3032 2381 3085 evadunt.
2416 3033 2469 3086 id
2501 3034 2640 3102 quod
2673 3038 2830 3089 etiam
2868 3036 3112 3089 Christus
3141 3039 3205 3091 de
3246 3054 3393 3091 servn

1837 3136 2060 3186 nequam
2091 3120 2238 3185 dicit,
2273 3123 2439 3190 ipsum
2475 3124 2591 3177 ideo
2623 3127 3055 3194 negligentiorem
3086 3128 3260 3181 fuisse.
3294 3130 3400 3181 Mo-

1835 3224 1919 3261 ras
1953 3210 2114 3263 trahit
2142 3211 2385 3265 dominus
2416 3229 2584 3279 meus,
2617 3215 2785 3283 inquit
2813 3216 2897 3269 ille
2926 3231 3110 3271 servus
3136 3260 3148 3281 ,
3180 3217 3401 3286 ideoque

1836 3313 2123 3353 conservos
2152 3301 2491 3367 verberabat,
2538 3313 2590 3356 et
2622 3304 2810 3359 herilcs
2839 3306 3114 3361 facultates
3153 3323 3399 3376 pessum-

1833 3388 2007 3443 dabat.
2060 3388 2256 3444 Idcirco
2301 3392 2539 3446 Christus
2585 3396 2951 3449 accedentibus
2996 3397 3292 3466 discipulis,
3344 3411 3396 3451 et

1832 3482 2188 3544 quarrentibus
2218 3482 2455 3537 ediscere
2486 3485 2621 3537 diem
2654 3489 3153 3549 consummationis,
3189 3504 3291 3541 non
3320 3490 3399 3541 in-

1832 3568 2060 3635 dicavit,
2094 3583 2149 3625 ut
2176 3572 2468 3626 futurorum
2511 3576 2737 3628 incertos
2766 3593 2861 3631 nos
2888 3578 3098 3631 assidue
3131 3579 3179 3630 in
3211 3580 3399 3633 timore

1831 3670 2026 3722 servet,
2058 3670 2108 3712 et
2135 3662 2325 3728 singuli
2354 3678 2565 3731 semper
2592 3665 2819 3718 futurum
2848 3677 3241 3733 exspectantes,
3266 3677 3318 3721 et
3346 3670 3395 3720 in

1831 3762 1924 3813 spe
1950 3747 2146 3801 Christi
2175 3749 2433 3804 adventus
2461 3763 2730 3806 versantes
2752 3796 2765 3818 ,
2799 3754 3155 3822 diligentiores
3196 3766 3393 3809 essent.

1832 3838 1955 3892 Ideo
1998 3840 2246 3895 admonet
2284 3843 2543 3911 quisliiam
2584 3844 2766 3898 dicens
2800 3862 2811 3896 :
2844 3844 2925 3897 Ne
2950 3845 3153 3909 differas
3180 3847 3398 3900 converti

1830 3930 1896 3979 ad
1916 3928 2207 3992 Dominum,
2250 3948 2404 4001 neque
2428 3924 2675 4001 exspectes
2721 3936 2782 3986 de
2808 3935 2887 3986 die
2915 3935 2963 3985 in
2992 3934 3118 3985 diem
3140 3976 3153 3998 ,
3183 3952 3244 3987 ne
3269 3939 3396 4004 forte

1830 4020 1950 4071 dum
1982 4022 2178 4085 tardas,
2210 4024 2482 4076 conteraris
2513 4022 2709 4091 (Ereti.
2740 4024 2790 4076 5.
2821 4023 2873 4077 8.
2899 4024 2983 4090 9).
3020 4023 3219 4076 Incerta
3253 4041 3395 4078 mors

1829 4118 1927 4173 cst,
1964 4112 2152 4179 inquit,
2185 4124 2237 4165 et
2279 4114 2395 4165 ideo
2438 4114 2663 4177 incerta,
2700 4121 2756 4165 ut
2782 4129 2989 4180 semper
3018 4115 3270 4169 sollicitus
3298 4118 3390 4169 sis.

1829 4198 2159 4266 Quapropter
2185 4200 2318 4251 sicut
2360 4199 2441 4250 fur
2466 4209 2621 4252 noctu
2644 4241 2655 4262 ,
2690 4202 2765 4253 sic
2803 4202 2916 4255 dies
2949 4203 3149 4255 Domini
3179 4206 3389 4258 veniet:

1831 4302 1933 4340 non
1964 4298 2019 4339 ut
2050 4288 2272 4351 furetur,
2303 4288 2392 4341 sed
2420 4298 2475 4341 ut
2502 4303 2599 4341 nos
2623 4290 2883 4342 cautiores
2909 4291 3111 4344 reddat.
3144 4291 3270 4344 Nam
3302 4295 3393 4361 qui

1827 4386 2105 4429 venturum
2137 4375 2303 4430 furem
2330 4378 2599 4446 praevidet,
2631 4379 2680 4431 in
2710 4378 2899 4447 vigiliis
2928 4382 3052 4447 agit,
3081 4390 3134 4433 et
3172 4396 3391 4436 accensa

1828 4465 2036 4519 lucerna
2067 4481 2275 4533 semper
2294 4468 2490 4536 vigilat.
2520 4468 2606 4521 Sic
2633 4476 2683 4521 et
2709 4483 2800 4520 vos
2829 4468 3000 4538 itaque
3022 4484 3240 4523 accensa
3270 4471 3391 4525 fidei

1826 4562 1880 4607 et
1904 4555 2027 4606 recti
2051 4555 2169 4607 vitae
2200 4556 2416 4608 instituti
2450 4556 2565 4608 luce
2587 4596 2601 4617 ,
2631 4556 2927 4622 splendidas
2951 4558 3191 4612 habetote
3223 4560 3391 4614 lucer-

1826 4657 1951 4704 nas,
1986 4644 2037 4697 in
2067 4644 2294 4697 assiduis
2326 4645 2531 4712 vigiliis.
2564 4644 2693 4711 Quia
2726 4649 2863 4698 enim
2907 4648 3174 4700 nescimus
3220 4666 3387 4716 quan-

1824 4734 2015 4787 donatn
2060 4750 2288 4804 sponsus
2336 4745 2587 4789 venturus
2633 4738 2735 4798 sit,
2783 4753 2990 4803 semper
3024 4748 3228 4805 paratos
3272 4756 3388 4795 esse

1825 4833 2052 4892 oportet,
2085 4835 2142 4878 ut
2168 4840 2287 4878 cum
2314 4826 2533 4889 venerit,
2568 4842 2662 4879 nos
2692 4826 2967 4893 vigilantes
2997 4828 3244 4879 inveniat.

1894 4915 1944 4966 7.
1983 4913 2362 4983 Chrysostomus
2391 4916 2678 4981 infirmitate
2716 4916 2935 4981 corporis
2976 4917 3198 4983 exposita
3228 4918 3378 4982 finem

1823 5004 2038 5056 orationi
2085 5005 2315 5072 imponit.
2358 5034 2427 5043 —
2468 5005 2623 5058 Plura
2667 5005 2845 5058 dicere
2885 5005 3073 5057 vellem
3108 5006 3235 5057 :sed
3277 5007 3388 5060 hzrc

1824 5096 2057 5164 proferre
2086 5095 2363 5151 infirmitas
2394 5098 2627 5165 corporis
2654 5098 2736 5149 vix
2770 5097 3026 5163 permisit,
3055 5112 3153 5164 qua
3185 5113 3210 5149 a
3242 5098 3388 5151 vobis

1824 5186 1979 5253 longo
2024 5196 2259 5252 tempore
2304 5187 2512 5239 avulsus
2553 5201 2688 5239 sum.
2742 5186 2975 5251 Longum
3020 5186 3143 5237 mihi
3182 5197 3388 5254 tempus

1822 5275 1938 5339 fuit,
1970 5292 2070 5328 non
2119 5291 2338 5330 numero
2382 5275 2719 5340 dierum,sed
2766 5274 3051 5327 secundum
3085 5290 3384 5329 mensuram

1820 5365 2034 5419 affectus
2065 5367 2245 5419 animi.
2291 5366 2599 5419 Amantibus
2620 5367 2757 5417 enim
2779 5404 2793 5427 ,
2821 5366 2915 5417 etsi
2946 5365 3107 5417 breve
3134 5363 3339 5417 absenti
3362 5382 3403 5413 ιιι

1824 5463 2047 5523 tempus,
2074 5455 2291 5507 multum
2327 5465 2497 5506 tamen
2530 5454 2817 5521 ingensque
2834 5454 3057 5506 videtur.
3096 5453 3217 5505 Ideo
3248 5454 3355 5504 Pan
3379 5482 3405 5490 -

1821 5544 1898 5596 lus
1924 5559 2042 5597 cum
2069 5560 2095 5595 a
2127 5543 2683 5596 TheSsalonicensibus
2700 5542 2904 5595 modico
2928 5551 3161 5610 tempore
3188 5536 3393 5591 abfuis-

1820 5643 1918 5696 set,
1944 5635 2148 5687 dicebat
2174 5653 2185 5687 :
2222 5653 2238 5684 ι
2265 5634 2391 5698 Nos,
2424 5634 2609 5688 fratres
2629 5678 2640 5697 ,
2673 5637 2857 5703 privati
2900 5634 3047 5685 vobis
3077 5632 3140 5683 ad
3176 5641 3388 5697 tempus

1824 5725 1984 5783 bene.
2025 5724 2188 5788 vultu,
2238 5740 2340 5779 non
2389 5725 2565 5787 corde,
2619 5726 2967 5779 abundantius
3022 5720 3388 5774 festinavimus
