4112 6510
717 434 827 487 279

717 545 907 600 faciem
935 549 1166 598 vestram
1193 539 1392 596 videre.
1419 557 1437 591 ι
1480 539 1536 595 Si
1562 539 1755 594 Paulus
1781 537 1870 608 qui
1903 538 2140 590 omnium
2167 547 2284 588 ma-

717 634 858 688 xime
889 630 1248 702 philosophari
1270 629 1488 696 sciebat,
1510 642 1577 684 ne
1597 629 1663 682 ad
1683 638 1788 684 tem
1797 644 1891 698 pus
1905 627 2116 697 quidem
2139 626 2286 680 horae

718 725 854 787 tulit,
886 721 1152 792 quomodo
1179 735 1279 775 nos
1304 727 1379 774 tot
1407 719 1595 773 diebus
1619 715 2040 773 sustinebimus?
2069 715 2172 772 Sed
2196 715 2286 770 ille

716 813 928 882 quidem
959 810 1036 880 (a)
1061 807 1152 884 [ne
1182 808 1252 866 ad
1287 809 1470 865 horam
1501 808 1716 879 quidem
1743 809 1894 875 tulit;
1922 821 2022 877 ego
2049 819 2173 861 vero
2208 812 2287 858 tot

715 904 922 957 dierum
970 897 1288 973 absentiam]
1313 915 1418 955 non
1447 899 1584 954 ultra
1612 899 1808 964 ferens,
1833 896 2169 952 manentibus
2193 894 2286 948 ad-

717 992 818 1044 huc
864 990 1038 1045 morbi
1087 991 1344 1060 reliquiis,
1372 989 1437 1044 ad
1467 1004 1562 1045 vos
1597 989 1829 1054 cucurri,
1855 987 2142 1043 maximum
2197 998 2288 1040 me

1417 424 1474 480 S.
1509 419 1782 479 ιοΑΝΜε
1815 416 2285 476 CHRYSOSTOMI
2322 417 2634 474 ARCHIEP.
2669 415 3200 475 CONSTANTINOP.

3849 446 3956 501 280

2391 539 2584 602 putans
2615 529 2908 587 remedium
2939 531 3222 595 adhibere,
3260 527 3497 586 caritatis
3523 537 3713 586 vestrm
3743 543 3934 586 eousor

2391 627 2544 681 tium.
2589 623 2646 679 ld
2671 624 2816 679 enim
2839 623 2970 678 mihi
2994 623 3104 693 ipsa
3132 622 3460 677 medicorum
3485 636 3644 690 opera
3675 622 3885 687 utilius,
3907 628 3960 674 et

2391 715 2536 770 omni
2566 713 2709 784 quod
2733 712 2856 769 inde
2879 712 3108 769 mutuari
3156 712 3356 784 possim
3399 711 3588 767 solatio
3629 710 3959 766 commodius

2393 815 2496 870 est,
2527 814 2698 860 vestra
2728 802 2935 859 scilicet
2959 803 3060 858 frui
3094 804 3350 866 caritate;
3381 815 3482 870 qua
3518 802 3720 855 utinam
3765 799 3958 854 diutius

2391 895 2621 965 gaudere
2649 894 2806 949 liceat
2828 933 2843 958 ,
2871 894 3116 962 precibus
3143 899 3198 947 et
3231 890 3698 946 intercessionibus
3727 889 3959 944 omnium

2397 992 2726 1048 sanctorum,
2769 982 2836 1036 ad
2861 981 3083 1050 gloriam
3113 981 3320 1035 Domini
3368 979 3533 1033 nostri
3574 978 3700 1032 Jesu
3744 977 3957 1040 Christi,

2393 1088 2488 1144 per
2506 1088 2666 1143 quem
2687 1082 2879 1126 etcum
2907 1086 3012 1141 quo
3036 1071 3174 1125 Patri
3196 1070 3384 1138 gloria,
3415 1071 3582 1121 honor
3599 1108 3614 1130 ,
3644 1067 3958 1136 imperium,

2395 1179 2497 1218 una
2515 1177 2636 1217 cum
2663 1170 2846 1216 sancto
2872 1161 3093 1229 Spiritu,
3127 1175 3268 1214 nunc
3291 1168 3345 1214 et
3365 1167 3663 1226 setniper,et
3687 1159 3740 1211 in
3769 1157 3958 1210 saecula

777 1205 849 1266 (a)
881 1211 993 1262 Qua
1012 1205 1202 1253 uncinis
1221 1204 1505 1255 clauduntur
1525 1202 1865 1254 desiderantur
1885 1203 1937 1255 h
1955 1206 2121 1254 αεω
2144 1207 2196 1254 et
2219 1214 2286 1253 ex

712 1267 993 1326 conjectura
1011 1266 1188 1327 scripta
1209 1269 1338 1315 Sunt.

2394 1252 2729 1309 saeculorum.
2757 1254 2947 1306 Amen.

752 1380 3922 1426 Μ

2123 1622 2503 1684 MONITUM

796 1833 878 1888 Ad
923 1834 1064 1888 hanc
1120 1834 1393 1890 homiliam
1427 1832 1543 1888 haec
1593 1841 1745 1887 notat
1797 1833 2050 1902 Savilius,
2080 1851 2137 1906 p.
2176 1831 2280 1888 815
2309 1848 2322 1884 :
2360 1849 2378 1882 ι
2411 1829 2640 1885 Homilia
2675 1842 2760 1885 est
2789 1830 3027 1887 melioris
3072 1840 3214 1886 notae
3250 1841 3304 1887 et
3334 1833 3718 1903 Chrysostomo
3751 1832 3933 1901 digna,

723 1976 976 2049 quamvis
1003 1977 1057 2031 in
1084 1976 1337 2047 Catalogo
1364 1977 1674 2048 Augustano
1701 1977 1920 2031 minime
1943 1975 2261 2047 reperiatur.
2300 1971 2695 2041 Dcscripsimus
2720 1984 2836 2024 eam
2867 1985 2934 2025 ex
2971 1970 3175 2041 optimo
3225 1970 3586 2040 Manuscripto
3616 1970 3672 2024 in
3719 1969 3926 2025 Biblio-

727 2116 886 2171 theca
907 2117 1216 2188 Augustana
1255 2137 1267 2172 :
1308 2134 1485 2189 neque
1512 2118 1660 2174 aliud
1705 2127 1964 2189 praeterea
2010 2116 2331 2187 suppetebat
2376 2111 2664 2182 exemplar.
2697 2111 2866 2168 Porro
2906 2111 3039 2167 illud
3083 2111 3411 2166 monendum
3448 2110 3720 2173 duximus,
3772 2109 3938 2163 multa

732 2246 956 2316 reperiri
981 2247 1036 2301 in
1071 2246 1298 2304 llomilia
1324 2259 1510 2306 octava
1545 2249 1601 2304 in
1633 2250 1861 2321 primam
1887 2251 1952 2305 ad
1982 2248 2492 2305 Thessalonicenses
2526 2245 2708 2302 affinia
2741 2246 2826 2309 iis,
2861 2263 2980 2317 qua:
3022 2248 3124 2302 hac
3158 2247 3211 2301 in
3240 2246 3480 2301 oratione
3507 2243 3800 2307 habentur,
3835 2252 3936 2298 tam

748 2458 856 2471 δ..-
874 2464 1333 2476 -—__—_-—-.———

1342 2465 1716 2477 *ἡ

1722 2468 1972 2476 ——_—_—
2005 2465 2938 2477 ,—_—._—.._._____.—-—._._

1887 2623 2709 2710 CHRYSOSTOMI

957 2789 1041 2833 D8
1085 2792 1404 2838 PERF’ECTA
1448 2793 1780 2852 CARITATB,
1815 2798 1895 2840 DE
1939 2798 2236 2842 MEBCRDE
2278 2799 2536 2844 OPEBUM
2565 2800 2684 2844 Ριιο
2727 2801 2968 2845 MERITO
3009 2802 3394 2859 TRIBUBNDA,
3441 2802 3649 2856 DEQUB

1980 2898 2464 2943 couruuc'rtous
2509 2875 2620 2964 (a).

1947 3037 2494 3075 σππση-σππ-σ-ση

753 3179 806 3233 1.
844 3177 1014 3232 Omne
1061 3191 1193 3246 opus
1238 3175 1433 3231 bonum
1464 3179 1697 3232 caritatis
1739 3176 1938 3232 fructus
1974 3189 2097 3234 est:
2127 3180 2248 3236 ideo

685 3268 849 3322 multa
877 3268 1016 3321 circa
1047 3267 1191 3321 illam
1227 3267 1365 3322 dicta
1405 3266 1868 3334 circumferuntur,
1908 3268 2119 3324 Christo
2166 3271 2250 3324 di-

681 3368 835 3414 cente
876 3357 988 3412 :ln
1029 3359 1121 3412 hoc
1155 3369 1449 3429 cognoscent
1493 3376 1682 3426 omnes,
1710 3361 1827 3428 quia
1869 3361 2103 3429 discipuli
2154 3363 2249 3414 mei

680 3451 826 3514 estis,
850 3451 893 3502 si
917 3451 1230 3503 dilectionem
1278 3450 1545 3503 habueritis
1585 3451 1653 3503 ad
1690 3451 1895 3504 invicem
1933 3451 2112 3522 (Joan.
2156 3453 2243 3507 13.

680 3539 772 3606 55)
795 3555 809 3603 ;
843 3539 1006 3592 Paulo
1033 3547 1208 3593 autem
1234 3539 1532 3593 clamante:
1559 3539 1762 3593 Nemini
1781 3541 2050 3609 quidquam
2067 3543 2247 3594 debea-

680 3630 762 3691 tis,
796 3630 892 3682 nisi
917 3638 966 3681 ut
995 3629 1203 3682 invicem
1231 3630 1452 3699 diligatis
1477 3629 1651 3701 (Rom.
1683 3632 1766 3685 l5.
1801 3630 1877 3703 8).
1910 3631 2041 3684 Illud
2069 3640 2245 3686 autem

680 3734 784 3772 non
817 3719 930 3771 sine
949 3733 1105 3772 causa
1137 3720 1287 3785 dixit,
1307 3720 1400 3773 sed
1425 3729 1482 3773 ut
1503 3730 1740 3774 mutuum
1755 3737 1870 3777 esse
1892 3721 2124 3776 debitum
2146 3721 2245 3775 do-

679 3816 842 3861 ceret.
871 3807 1320 3872 Quemadmodum
1346 3809 1487 3865 enim
1499 3812 1706 3879 corpori
1721 3811 2026 3865 alimentum
2038 3826 2248 3879 semper

679 3898 956 3964 debemus,
989 3900 1191 3969 ipsique
1217 3901 1403 3956 damus
1432 3901 1546 3972 (per
1564 3912 1726 3958 totam
1748 3905 1941 3974 quippe
1960 3905 2120 3958 vitam
2145 3905 2246 3960 hoc

680 3989 912 4044 debitum
964 3991 1326 4062 extenditur):
1357 3994 1434 4046 sic
1477 3994 1617 4048 circa
1667 3996 1937 4049 caritatem
1981 3996 2246 4064 agendum

679 4080 877 4134 docet:
906 4080 1011 4136 imo
1050 4081 1203 4150 longe
1255 4082 1443 4150 majori
1496 4084 1690 4150 studio,
1720 4099 1786 4139 eo
1825 4085 1964 4153 quod
1992 4085 2056 4139 ad
2083 4087 2241 4139 vitam

679 4172 906 4226 deducat
953 4180 1227 4238 aeternam,
1257 4187 1321 4227 ac
1362 4186 1482 4228 cum
1524 4175 1626 4228 illis
1665 4177 1753 4243 qui
1781 4190 1842 4229 ea
1872 4176 2074 4244 praediti
2121 4185 2244 4230 sunt

678 4276 892 4330 semper
913 4271 1140 4315 maneat.
1170 4261 1301 4315 Nam
1328 4262 1557 4329 Manent,
1585 4265 1772 4334 inquit,
1804 4266 1898 4318 tria
1923 4267 2027 4318 haec
2047 4304 2063 4330 ,
2096 4266 2243 4333 ﬁdes,

679 4370 812 4422 spes,
843 4353 1059 4415 caritas;
1085 4356 1248 4421 major
1297 4362 1464 4406 autem
1506 4355 1684 4407 horum
1717 4364 1786 4408 est
1813 4357 1995 4408 caritas
2024 4355 2098 4427 (l.
2125 4355 2242 4409 Cor.

680 4447 767 4500 15.
801 4445 910 4514 13).
942 4444 1058 4499 Non
1081 4444 1255 4498 verbis
1273 4454 1448 4498 autem
1473 4443 1651 4508 modo,
1689 4444 1780 4498 sed
1809 4445 1966 4499 etiam
1999 4445 2246 4513 operibus

680 4536 824 4590 illam
873 4535 1143 4588 discimus.
1197 4535 1273 4589 Ac
1318 4535 1487 4603 primo
1516 4535 1724 4602 quidem
1754 4549 1848 4603 per
1879 4533 2090 4588 modum
2128 4549 2235 4603 quo

679 4641 777 4682 nos
805 4626 1072 4695 propagati
1093 4641 1294 4680 sumus.
1317 4627 1445 4680 Cum
1465 4627 1605 4680 enim
1630 4626 1767 4681 Deus
1785 4641 1946 4680 unum
1964 4625 2245 4680 ell‘ormas-

679 4726 759 4770 set
786 4716 1076 4780 hominem,
1119 4730 1184 4770 ex
1231 4715 1320 4768 illo
1364 4716 1524 4783 jussit
1567 4730 1751 4770 omnes
1779 4716 1927 4778 oriri,
1954 4725 2012 4769 ut
2059 4730 2248 4770 omnes

681 4817 863 4861 mutuo
891 4808 1038 4875 quasi
1061 4823 1222 4860 unum
1243 4821 1362 4861 esse
1389 4816 1709 4875 reputemus,
1728 4816 1781 4861 et
1811 4808 1861 4860 in
1887 4807 2106 4861 caritate
2127 4823 2243 4862 mu-

681 4909 769 4953 tua
786 4899 980 4966 degere
1001 4897 1324 4952 studeamus.
1350 4898 1547 4953 Deinde
1568 4913 1662 4968 per
1674 4899 1990 4953 commercia
2012 4905 2244 4953 mutuam

678 4990 1019 5045 dilectionem
1038 4989 1306 5056 sapienter
1329 4990 1565 5042 curavit:
1594 5005 1694 5057 quo
1722 5000 1896 5044 autem
1925 4990 2083 5045 modo
2099 4989 2241 5043 audi.

679 5085 810 5137 Cum
847 5080 1027 5134 multis
1046 5080 1228 5133 orbem
1257 5081 1544 5147 compleret
1588 5081 1760 5144 bonis,
1788 5083 2002 5137 cuilibet
2043 5083 2244 5152 regioni

681 5175 945 5243 propriam
977 5172 1236 5226 fructuum
1280 5172 1508 5239 speciem
1552 5172 1769 5241 largitus
1804 5184 1904 5238 est,
1932 5183 1986 5226 ut
2031 5184 2248 5242 pr0pter

682 5279 809 5318 usus
836 5263 1204 5316 necessitatem
1233 5277 1327 5315 nos
1349 5272 1528 5315 mutuo
1555 5262 1827 5328 adeuntes,
1851 5273 1902 5316 et
1927 5279 2043 5331 qua:
2061 5279 2248 5332 super—-

680 5367 910 5406 vacanea
938 5362 1059 5404 sunt
1087 5352 1329 5420 utrinque
1371 5351 1636 5404 tradentes
1659 5392 1673 5416 ,
1700 5366 1762 5404 ac
1789 5368 1904 5420 quae
1934 5352 2124 5406 desunt
2150 5367 2244 5405 no-

682 5444 762 5498 bis
781 5441 1446 5509 accipicntes,congeneres
1464 5450 1672 5493 nostros
1689 5440 1987 5509 diligamus.
2011 5440 2240 5509 ldipsum

682 5533 839 5585 etiam
871 5531 923 5584 in
952 5528 1170 5598 singulis
1197 5527 1319 5581 fecit
1347 5528 1659 5587 hominibus.
1683 5529 1800 5584 Non
1823 5531 1963 5584 enim
1985 5532 2246 5587 concessit

743 5728 816 5787 (a)
850 5727 1026 5776 (lollata
1052 5739 1158 5774 cum
1180 5723 1353 5775 Codice
1377 5723 1652 5775 Colbertino
1674 5726 1782 5776 971).

2499 3039 2660 3076 mn

2362 3188 2418 3233 ut
2447 3193 2632 3235 omnes
2661 3179 2835 3233 omnia
2870 3180 3100 3245 scirent,
3129 3179 3222 3234 sed
3252 3179 3374 3234 huic
3403 3179 3547 3234 dedit
3576 3181 3923 3245 medicinam.

2353 3271 2429 3324 illi
2458 3270 2695 3326 fabrilem
2724 3281 2915 3338 artem,
2952 3272 3040 3325 alii
3069 3273 3224 3325 aliam
3243 3313 3260 3338 ,
3293 3282 3350 3326 ut
3378 3275 3568 3328 mutuis
3597 3287 3816 3345 egentes
3843 3277 3926 3332 of-

2357 3360 2509 3426 ﬁciis,
2542 3374 2639 3414 nos
2671 3370 2853 3414 mutuo
2887 3361 3187 3430 diligamus.
3230 3361 3286 3415 in
3317 3363 3675 3431 spiritualibus
3713 3380 3928 3436 quoque

2352 3450 2578 3518 idipsum
2608 3451 2789 3504 videre
2818 3461 2918 3515 est,
2949 3460 3007 3505 ut
3047 3452 3120 3504 ait
3145 3452 3338 3506 Paulus
3367 3469 3381 3505 :
3415 3471 3432 3503 ι
3456 3454 3557 3506 Alii
3583 3455 3800 3522 quidem
3831 3457 3926 3509 da-

2352 3550 2436 3594 tur
2462 3556 2639 3596 sermo
2668 3543 2937 3611 sapientiae
2956 3581 2972 3608 ,
2999 3542 3087 3595 alii
3113 3557 3291 3596 sermo
3335 3543 3566 3597 scicntia:
3586 3583 3601 3608 ,
3630 3545 3719 3598 alii
3749 3555 3926 3600 autem

2354 3632 2654 3701 pr0phetia,
2683 3635 2770 3687 alii
2800 3634 2967 3702 gratia
2995 3634 3324 3687 curationum
3346 3675 3360 3698 ,
3389 3635 3473 3687 alii
3501 3649 3694 3703 genera
3725 3635 3928 3704 lingua-

2351 3739 2491 3790 rum,
2515 3725 2600 3778 alii
2619 3725 2986 3794 interpretatio
3010 3739 3313 3778 sermonum
3348 3740 3368 3776 ι
3395 3724 3469 3794 (1.
3491 3723 3606 3777 Cor.
3629 3725 3716 3779 i2.
3738 3725 3924 3795 8.10).

2351 3815 2547 3871 Verum
2601 3817 2731 3870 nihil
2780 3831 2938 3886 supra
2991 3817 3263 3870 caritatem
3324 3833 3338 3868 :
3388 3817 3736 3885 quamobrem
3783 3817 3928 3871 illam

2351 3908 2595 3961 omnibus
2617 3908 2728 3975 ipse
2755 3905 2988 3974 pra-fert,
3019 3905 3101 3959 his
3125 3905 3302 3960 verbis
3335 3920 3348 3957 :
3383 3923 3402 3956 ι
3439 3904 3494 3960 Si
3537 3905 3730 3974 linguis
3759 3905 3930 3960 homi-

2352 4013 2476 4050 num
2518 3997 2704 4064 loquar
2737 4005 2789 4050 et
2817 3997 3144 4064 angelorum,
3175 3995 3448 4049 caritatem
3485 4005 3657 4050 autem
3680 4011 3792 4050 non
3837 3996 3930 4049 ha-

2351 4086 2525 4151 beam,
2555 4087 2719 4140 factus
2747 4101 2862 4139 sum
2888 4087 3030 4139 velut
3049 4102 3121 4140 aes
3146 4101 3361 4152 sonans,
3378 4097 3468 4140 aut
3491 4087 3794 4156 cymbalum
3827 4088 3930 4142 tin-

2352 4177 2504 4231 niens
2535 4194 2547 4228 :
2581 4185 2635 4230 et
2665 4177 2708 4228 si
2747 4175 2978 4228 habuero
3006 4175 3360 4244 prophetiam,
3417 4175 3686 4244 solamque
3734 4191 3930 4231 arcana

2351 4266 2549 4328 omnia,
2571 4274 2625 4318 et
2654 4265 2696 4318 si
2726 4264 2957 4318 habuero
2988 4264 3164 4327 fidem,
3185 4265 3256 4317 ita
3288 4272 3343 4317 ut
3363 4273 3567 4318 montes
3585 4264 3926 4329 transferam,

2350 4358 2622 4410 caritatem
2651 4365 2826 4410 autem
2852 4370 2955 4408 non
2987 4353 3240 4420 habuero,
3262 4355 3391 4408 nihil
3413 4370 3560 4408 sum»
3587 4357 3658 4424 (l.
3685 4355 3815 4410 Cor.
3847 4358 3930 4412 15.

2351 4448 2402 4502 1.
2433 4447 2520 4519 2).
2550 4447 2733 4515 Neque
2778 4446 2864 4499 hic
2900 4446 3044 4499 stetit
3068 4485 3083 4510 ,
3107 4446 3214 4499 imo
3238 4446 3395 4499 etiam
3426 4454 3647 4499 mortem
3697 4461 3806 4516 pro
3851 4448 3929 4516 pia

2350 4537 2606 4606 religione
2636 4536 2764 4590 nihil
2790 4535 2921 4589 lucri
2951 4535 3146 4589 habere
3176 4537 3512 4603 pronuntiat,
3544 4536 3642 4590 nisi
3669 4536 3820 4590 adsit
3847 4552 3936 4591 ca-

2351 4631 2497 4683 ritas.
2528 4627 2707 4696 Neque
2728 4629 2841 4681 sine
2868 4642 3024 4681 causa
3056 4626 3170 4681 haec
3195 4627 3262 4681 de
3285 4627 3501 4682 caritate
3522 4627 3656 4680 dixit
3681 4642 3694 4678 :
3727 4628 3936 4682 sciebat

2351 4720 2513 4782 enim,
2543 4718 2699 4787 plane
2717 4718 2932 4782 sciebat,
2965 4726 3148 4786 utpote
3189 4726 3572 4786 praeceptorum
3602 4717 3696 4771 Dei
3734 4718 3935 4783 cultor,

2351 4809 2451 4862 hac
2481 4807 2660 4860 firmas
2702 4807 2908 4860 radices
2961 4815 3212 4875 ponente,
3241 4809 3475 4859 omnium
3523 4806 3794 4862 bonorum
3828 4807 3938 4862 fru-

2351 4909 2466 4953 ctus
2485 4900 2672 4953 emitti.
2699 4898 2825 4951 Illud
2849 4898 3008 4962 enim,
3037 4897 3155 4951 Non
3185 4897 3505 4950 niwcltaberis
3522 4939 3535 4960 ,
3560 4914 3661 4951 non
3687 4901 3896 4954 occides
3920 4941 3933 4964 ,

2352 5006 2450 5042 non
2476 4989 2742 5059 furaberis,
2775 5005 2873 5040 non
2901 4987 3085 5057 falsum
3110 4988 3442 5040 testimonium
3463 4987 3594 5039 dices
3615 4986 3820 5055 (Exod.
3844 4989 3932 5041 30.

2355 5080 2562 5149 l5-l6),
2621 5087 2673 5134 et
2701 5079 2870 5148 siqua
2915 5079 3013 5130 alia
3048 5086 3326 5145 praecepta,
3355 5077 3404 5130 in
3439 5079 3537 5131 hoc
3576 5093 3705 5142 uno,
3752 5094 3853 5134 ceu
3886 5080 3934 5133 iu

2353 5171 2525 5240 capite
2549 5168 3092 5238 comprehenduntur,
3124 5167 3310 5236 Diliges
3333 5169 3618 5234 proximum
3638 5177 3790 5220 tuum
3813 5171 3937 5221 sicut

2354 5265 2562 5330 teipsum
2592 5262 2734 5329 (Lev.
2761 5261 2847 5314 19.
2875 5260 2958 5314 18.
2984 5258 3098 5313 Gal.
3132 5260 3183 5313 5.
3210 5259 3315 5328 14).
3337 5257 3538 5327 Ecquid
3561 5272 3696 5325 opus
3719 5269 3808 5313 est
3825 5260 3936 5313 haec

2355 5369 2512 5423 parva
2561 5352 2768 5417 dicere,
2802 5365 3094 5420 magnaque
3125 5349 3338 5404 tacere?
3369 5349 3591 5418 Propter
3645 5353 3934 5406 caritatem

2354 5447 2419 5500 ad
2465 5460 2562 5499 nos
2605 5442 2879 5497 descendit
2927 5442 3150 5496 dilectus
3179 5441 3270 5494 Dei
3302 5439 3485 5504 Filius,
3525 5439 3613 5508 qui
3645 5441 3933 5496 nobiscum

2356 5536 2657 5592 horninibus
2704 5542 2942 5589 versatus
2988 5541 3071 5587 est
3095 5542 3148 5586 et
3179 5529 3450 5594 habitavit,
3475 5537 3530 5582 ut
3554 5529 3935 5598 multiplicium

2356 5629 2572 5682 deorum
2600 5641 2786 5682 errore
2813 5625 3040 5690 sublato,
3065 5636 3292 5691 veraque
3315 5621 3618 5674 annuntiata
3647 5622 3931 5691 religione,

2359 5727 2594 5772 mutuam
2622 5718 2894 5772 caritatem
2946 5715 3183 5771 homines
3218 5713 3451 5778 doceret,
3479 5710 3933 5780 quemadmodum
