4062 6490
173 470 280 524 279

178 573 470 644 συντυχίαν.
487 576 640 645 Ἐμοὶ
668 576 773 646 γάρ
800 577 891 629 xal
923 578 1119 646 ἰατρῶν
1150 577 1343 648 χειρῶν
1371 577 1793 649 χρησιμώτερον,

1399 467 1485 522 DE
1522 464 1873 521 PERFECTA
1910 463 2208 520 CARITAT
2217 468 2273 521 Ε.

1898 575 2052 639 δόξαν
2076 577 2168 629 τού
2198 576 2392 647 Κυρίου
2420 576 2572 646 ήμῶν
2611 575 2781 646 Ἰησοῦ
2806 574 3058 645 Χριστοῦ,
3087 575 3151 627 δι’
3178 564 3237 626 οὗ
3273 571 3366 625 καὶ
3408 570 3528 641 μεθ’

3423 470 3535 527 280

175 661 264 712 καὶ
308 661 481 730 πάσης
511 662 609 730 τῆς
636 661 837 713 ἰκετθεν
881 662 1224 731 παραμυθίας
1264 663 1706 732 λυσιτελέστερον,
1735 664 1796 714 τὸ
1899 656 1958 713 οῦ
1992 660 2065 730 τῷ
2094 662 2266 732 Πατρὶ
2293 662 2435 727 δόξα,
2480 662 2632 731 τιμὴ,
2679 660 2892 731 κράτος,
2922 661 3038 729 ἅμα
3079 658 3155 729 τῷ
3195 658 3329 727 ἀγίῳ
3356 654 3525 708 Πνεύ-

173 744 265 814 τῆς
296 747 560 816 ὑμετέρας
587 746 872 800 ἀπολαύειν
899 747 1116 815 ἀγάπης
1138 763 1151 777 ⁸
1182 743 1249 818 ἦς
1292 748 1494 815 γένοιτο
1538 748 1794 817 διηνεκῶς
1904 763 2030 816 ματι
2054 785 2069 809 ,
2107 747 2201 800 νῦν
2238 749 2331 800 καὶ
2367 748 2452 802 ἀεὶ
2476 786 2492 811 ,
2530 747 2622 799 καὶ
2657 749 2735 810 είς
2769 747 2894 810 τοὺς
2930 747 3127 809 αἰῶνας
3164 744 3265 797 τῶν
3300 742 3524 799 αἰώνων.

173 830 450 902 ἑντρυφᾷν,
480 832 665 901 εὐχαῖς
693 833 786 886 καὶ
814 832 1123 904 πρεσϐείαις
1148 832 1360 886 πάντων
1383 832 1488 886 τῶν
1512 833 1695 901 ἀγίων,
1718 832 1796 893 είς

1912 830 2098 900 Ἀμήν.

264 1439 3414 1479 W

1017 1605 1124 1664 AD
1177 1604 1587 1664 HOMILIAM
1640 1604 1735 1663 DE
1793 1603 2199 1665 PERFECTA
2253 1601 2672 1664 CARITATE.

260 1817 435 1873 verbis
457 1829 616 1886 quam
644 1827 827 1868 sensu.
854 1812 1039 1882 Neque
1065 1818 1245 1866 tamen
1289 1810 1607 1882 ἀπάνθισμα
1635 1824 1753 1866 esse
1800 1818 1952 1879 puto,
1995 1792 2089 1866 sed
2118 1811 2366 1868 eumdem
2393 1812 2461 1868 de
2484 1813 2669 1869 iisdem
2693 1812 2856 1868 rebus
2877 1809 3067 1867 eodem
3106 1824 3245 1880 pene
3278 1816 3438 1864 modo

255 1957 484 2013 diversis
514 1950 848 2021 temporibus
894 1949 1113 2003 dixisse.
1154 1966 1173 1999 ι
1223 1946 1405 2002 Savilii
1429 1948 1495 2003 de
1523 1946 1621 2002 hac
1673 1947 1892 2003 homilia
1937 1947 2258 2003 sententiam
2307 1949 2537 2005 libenter
2565 1950 2877 2019 amplector.
2910 1947 3005 2001 Est
3034 1946 3177 2001 enim
3202 1946 3436 2018 Clirysm

259 2102 436 2147 stomo
469 2092 647 2163 digna,
692 2091 760 2147 ad
795 2106 972 2147 mores
1002 2090 1362 2147 instituendos
1392 2091 1613 2162 optima,
1645 2100 1695 2145 et
1722 2090 1890 2145 sancti
1914 2090 2151 2145 doctoris
2192 2090 2385 2158 stylum
2426 2090 2584 2160 sapit.
2620 2088 2885 2144 Caeterum
2932 2086 3067 2141 nihil
3104 2086 3280 2153 oll'ert,
3333 2101 3440 2156 quo

259 2230 532 2301 possimus
555 2231 921 2286 internoscere
949 2230 1319 2285 Antiochiaene
1342 2245 1410 2285 an
1439 2229 1900 2299 Constantinopoli
1923 2230 2106 2285 habita
2140 2230 2318 2285 fuerit.

1429 2531 2232 2621 ΧΡΥΣΟΣΤΟΜΟΥ

466 2712 595 2781 Περὶ
632 2714 861 2779 τελείας
890 2711 1141 2783 ἀγάπης,
1165 2716 1261 2769 καὶ
1287 2717 1397 2786 τῆς
1421 2718 1543 2771 κατ’
1569 2717 1745 2781 ἀξίαν
1765 2716 1882 2771 τῶν
1907 2716 2093 2785 ἔργων
2120 2715 2589 2780 ἀνταποδόσεως,
2624 2714 2718 2767 καὶ
2748 2714 2876 2782 περὶ
2905 2714 3293 2781 κατανύξεως.

256 3092 327 3147 α’.
359 3092 508 3143 Πᾶσα
532 3089 726 3158 πρᾶξις
757 3089 930 3159 ἀγαθὴ
958 3091 1161 3159 καρπὸς
1191 3091 1404 3161 ἀγάπης
1453 3092 1594 3143 ἐστί·
1623 3091 1701 3144 διὸ
1730 3092 1821 3143 xal

188 3178 356 3240 πνλὺς
374 3177 496 3244 περὶ
516 3175 679 3243 αὐτῆς
700 3176 728 3226 ό
746 3174 915 3240 λόγος,
936 3174 1028 3227 τοῦ
1052 3175 1146 3243 μὲν
1169 3176 1399 3246 Χριστοῦ
1428 3176 1686 3243 λέγοντος⁵
1730 3178 1823 3228 Ἐν

190 3264 377 3324 τούτῳ
400 3261 721 3328 γνώσονται
744 3258 979 3323 πάντες,
1001 3260 1088 3311 ὅτι
1116 3260 1241 3326 ἐμοὶ
1259 3262 1511 3327 μαθηταί
1535 3262 1691 3321 ἐστε,
1717 3262 1823 3314 ἐὰν

193 3344 453 3414 ἀγαπᾶτε
487 3343 824 3408 ἀλλήλους·
855 3342 947 3395 τοῦ
987 3344 1041 3395 δὲ
1080 3345 1283 3397 Παύλου
1310 3345 1532 3413 βοῶντος
1551 3362 1563 3375 ·
1603 3346 1822 3411 Μηδενὶ

190 3429 381 3495 μηδὲν
418 3428 700 3493 ὀφείλετε,
732 3429 781 3478 ει
826 3426 910 3493 μὴ
959 3426 1024 3478 τὸ
1072 3427 1305 3494 ἀγαπᾷν
1351 3429 1675 3493 ἀλλήλους.
1712 3430 1821 3499 Οὐχ

194 3512 378 3573 ἀπλῶς
418 3506 586 3574 εἶπεν,
627 3510 737 3562 ἀλλ’
763 3510 837 3572 ὡς
868 3511 1169 3578 ὀφείλοντας
1207 3512 1462 3583 ἀλλήλοις.
1482 3514 1567 3574 ’ος
1609 3515 1712 3583 γάρ
1746 3514 1822 3583 τῷ

196 3598 404 3666 σώματι
436 3596 534 3664 τὴν
567 3595 764 3665 τροφὴν
792 3596 876 3647 ἀεὶ
909 3596 1004 3663 μὲν
1030 3596 1307 3665 ὀφείλομεν
1336 3598 1495 3666 αὐτῷ,
1539 3599 1622 3650 ἀεὶ
1673 3598 1817 3670 [9.88]

193 3680 250 3732 δὲ
275 3680 591 3747 ἀποδίδομεν
620 3679 785 3750 (πάσῃ
814 3680 919 3748 γὰρ
940 3680 1092 3748 ἡμῶν
1118 3684 1180 3750 τῇ
1212 3682 1321 3751 ζωῇ
1349 3682 1407 3733 τό
1442 3683 1671 3735 τοιοῦτον
1702 3701 1822 3735 ow-

195 3764 490 3817 ικτείνεται
533 3765 747 3832 χρέος)·
782 3764 920 3816 οὕτω
949 3766 1040 3816 καὶ
1081 3766 1170 3816 ἐπὶ
1208 3769 1303 3836 τῆς
1332 3768 1546 3836 ἀγάπης
1587 3768 1820 3821 διδάσκει

197 3852 369 3901 ποιεῖν
389 3866 402 3878 ·
440 3849 631 3916 μᾶλλον
653 3848 709 3900 δὲ
734 3850 823 3900 καὶ
852 3849 1026 3918 πολλῷ
1052 3849 1229 3911 πλέον,
1257 3851 1363 3919 ὅσῳ
1389 3853 1479 3903 καὶ
1519 3852 1649 3920 πρὸς
1690 3852 1820 3904 αἰώ-

196 3950 306 3985 νιον
339 3934 517 4003 όδηγετ
542 3933 702 4002 ζωὴν,
724 3934 813 3986 καὶ
843 3938 1253 4003 συμπαραμένει
1278 3940 1386 4000 τοῖς
1405 3938 1611 4007 ἔχουσιν
1632 3940 1818 4008 αὑτήν.

194 4019 371 4071 Μένει
405 4018 528 4086 γὰρ,
566 4018 715 4085 φησὶ.
746 4017 815 4069 τὰ
844 4019 972 4084 τρία
1001 4019 1197 4081 ταῦτα,
1229 4022 1445 4084 πίστις,
1474 4022 1664 4087 ἐλπὶς,
1688 4021 1822 4090 ἀγά-

195 4118 276 4167 πη
298 4120 311 4134 ο
334 4101 542 4170 μείζων
567 4101 632 4153 δὲ
659 4103 876 4154 τούτων
904 4104 941 4169 ἡ
977 4101 1189 4170 ἀγάπη.
1228 4103 1300 4155 Οὐ
1335 4105 1491 4172 μόνον
1517 4105 1571 4157 δὲ
1600 4106 1685 4158 διὰ
1723 4110 1819 4176 ρη-

198 4188 398 4253 μάτων,
432 4186 559 4239 ἀλλά
603 4188 693 4239 καὶ
720 4186 803 4238 διὰ
834 4187 1166 4255 πραγμάτων
1204 4185 1557 4257 διδασκόμεθα
1597 4190 1815 4257 ταύτην.

198 4272 307 4323 Kal
351 4271 563 4339 πρῶτον
610 4271 704 4337 μὲν
739 4270 823 4321 διὰ
853 4271 943 4321 τοῦ
982 4269 1178 4337 τρόπου
1222 4271 1316 4339 τῆς
1352 4272 1614 4342 ἡμετέρας
1660 4291 1820 4326 κατα-

197 4356 552 4424 σκευῆς.Ἕνα
593 4354 699 4423 γὰρ
747 4354 949 4414 πλάσας
994 4357 1021 4406 ό
1070 4354 1199 4418 Θεὸς
1241 4355 1535 4426 ἄνθρωπον,
1565 4359 1622 4423 ἐξ
1659 4360 1815 4415 αὑτοῦ

197 4442 400 4501 πάντας
446 4438 737 4507 προσέταξε
784 4438 1049 4506 γενέσθαι,
1094 4440 1176 4492 ἵνα
1218 4442 1412 4505 πάντες
1453 4444 1705 4513 ἀλλήλους
1747 4446 1818 4509 ὡς

192 4526 286 4577 ινα
324 4524 626 4592 νομίζωμεν
643 4534 681 4585 ⁸,
716 4525 806 4575 καὶ
844 4524 900 4575 ὲν
932 4524 1115 4594 ἀγάπῃ
1156 4528 1288 4595 πρὸς
1329 4527 1579 4598 ἀλλήλους
1623 4529 1819 4598 διάγειν

194 4609 829 4675 σπουδάζωμεν.”Επειτα
855 4609 947 4661 καὶ
973 4609 1058 4661 διά
1095 4610 1190 4677 τῆς
1227 4611 1331 4663 τῶν
1371 4614 1818 4683 συναλλαγμάτων

191 4693 469 4761 ἐπιμιξίας
513 4692 686 4759 σοφῶς
718 4693 846 4760 ἡμῖν
876 4693 934 4744 τὸ
963 4694 1274 4761 φιλάλληλον
1311 4699 1784 4768 ἐπραγματεύσατο
1802 4718 1815 4731 ο

192 4779 286 4829 καὶ
316 4777 451 4840 πῶς,
474 4776 649 4829 ἄκουε.
678 4776 887 4829 Πολλῶν
910 4778 1117 4847 πλήσας
1135 4780 1229 4848 τὴν
1249 4782 1563 4852 οἰκουμένην
1584 4785 1816 4850 ἀγαθῶν,

193 4865 392 4915 ἔδωκεν
440 4863 635 4929 ἑκάστῃ
676 4861 827 4931 χώρᾳ
869 4863 1027 4916 πάλιν
1075 4864 1368 4928 ίδιάζουσαν
1424 4869 1819 4938 ἐπιτηδειότητα

193 4946 442 5015 καρπῶν,
465 4945 549 4996 ἶνα
575 4945 660 4997 διὰ
683 4947 741 4997 τὸ
769 4947 864 5015 τῆς
888 4946 1072 5017 χρείας
1093 4948 1382 5015 ἀναγκαῖον
1413 4953 1545 5020 πρὸς
1568 4952 1820 5023 ἀλλήλους

194 5030 519 5099 βαδίζοντες,
555 5031 647 5081 καὶ
693 5030 799 5081 τῶν
842 5032 1255 5100 περιττευόντων
1305 5035 1684 5102 μεταδιδόντες,
1730 5040 1821 5089 καὶ

190 5116 299 5168 τῶν
353 5114 637 5166 λειπόντων
680 5115 806 5181 ήμῖν
860 5115 1364 5185 ἀντιλαμϐάνοντες,
1414 5119 1709 5188 ἀγαπῶμεν
1764 5123 1820 5174 τὸ

188 5200 478 5270 ὁμόφυλον.
518 5198 684 5250 Τοῦτο
710 5198 801 5249 καὶ
829 5202 910 5265 ἐφ’
938 5202 1162 5255 ἑκάστου
1199 5203 1486 5271 πεποίηκεν
1514 5204 1607 5256 ἀνθ
1618 5205 1815 5273 ρώπον.

191 5288 261 5339 Οῦ
292 5286 403 5354 γὰρ
431 5285 602 5337 πάντα
633 5286 792 5336 nam
820 5283 1014 5337 ἔδωκεν
1036 5286 1247 5349 ειδέναι,
1278 5287 1407 5338 ἀλλά
1433 5287 1508 5356 τῷ
1535 5289 1629 5356 μὲν
1657 5291 1821 5359 ἰατρι-

191 5373 317 5441 κὴν,
345 5370 419 5438 τῷ
450 5370 504 5422 δὶ
533 5367 861 5436 τεκτονικὴν,
892 5369 984 5422 καὶ
1023 5370 1163 5437 ἀλλῳ
1188 5370 1367 5441 ἀλλην,
1411 5373 1494 5424 ἴνα
1538 5374 1821 5443 χρῄζοντες

224 5588 278 5661 ’⁸
306 5586 438 5661 qub.
480 5589 706 5661 ἀλλῄλους
747 5586 1002 5659 νομίζομεν.
1047 5586 1223 5661 Ppulo.
1250 5595 1373 5661 post.
1396 5590 1530 5639 Colb.
1567 5591 1818 5661 ἐπιμιξίας

194 5648 469 5766 Emam
496 5648 608 5707 ἡμῖν
642 5648 1010 5704 πραγματεύεται
1049 5648 1103 5691 τὸ
1164 5648 1455 5707 φιλάλληλον
1501 5648 1686 5697 πολλῶν
1730 5653 1818 5711 γάρ

358 5722 460 5761 σας.

558 5802 819 5861 Ρηιιοι..
864 5804 977 5864 Gn.
1022 5804 1167 5863 LVI.

1833 2920 1901 2931 ...-

1923 3090 2177 3159 ἀλλήλων,
2211 3091 2507 3159 ἀγαπῶμεν
2537 3091 2811 3159 ἀλλήλους.
2846 3093 2951 3144 Kal
3000 3095 3056 3145 ὲν
3099 3097 3210 3156 τοῖς
3256 3111 3544 3165 πνευματι-

1921 3178 2033 3237 κοῖς
2059 3174 2114 3226 δὲ
2151 3174 2306 3227 πάλιν
2336 3175 2396 3226 τὸ
2429 3175 2557 3227 αὐτὸ
2585 3177 2858 3243 γινόμενον
2888 3177 2981 3229 ίδοι
3005 3194 3087 3240 τις
3113 3178 3198 3238 ἂν,
3230 3179 3303 3241 ῶς
3330 3198 3488 3249 φησιν
3514 3184 3543 3234 δ

1920 3258 2146 3322 Παῦλος,
2179 3259 2258 3311 ὅτι
2295 3257 2377 3323 Τῷ
2401 3260 2514 3326 μὲν
2538 3259 2760 3313 δίδοται
2786 3261 2963 3328 λόγος
2991 3262 3223 3329 σοφίας,
3244 3263 3321 3327 τῷ
3350 3264 3415 3317 δὲ
3439 3268 3544 3318 λό-

1921 3362 2023 3414 γος
2064 3344 2352 3412 γνώσεως,
2393 3346 2555 3406 ἄλλῳ
2596 3344 2663 3397 δὲ
2704 3348 3043 3414 προφητεία,
3076 3348 3240 3413 ἄλλῳ
3272 3350 3337 3403 δὲ
3379 3354 3541 3419 χαρί-

1920 3442 2113 3495 σματα
2144 3429 2416 3496 ίαμάτων,
2462 3428 2625 3493 ἄλλῳ
2660 3430 2727 3482 δὲ
2767 3430 2907 3498 γένη
2948 3434 3256 3500 γλωσσῶν,
3278 3435 3441 3498 ἄλλῳ
3475 3436 3543 3489 δὲ

1920 3512 2191 3580 ἑρμηνεία
2223 3514 2527 3581 γλωσσῶν.
2546 3514 2681 3565 Ἀλλ’
2708 3516 2856 3567 οὐδὲν
2881 3516 2978 3584 τῆς
3005 3519 3218 3588 ἀγάπης
3244 3520 3505 3589 ἀνώτερον
3524 3537 3538 3551 ο

1919 3596 1995 3649 διὸ
2032 3598 2120 3650 xal
2158 3601 2367 3652 πάντων
2400 3600 2563 3667 αὐτὴν
2601 3600 2915 3669 προέθηκεν,
2960 3602 3127 3664 οὕτως
3162 3604 3358 3655 εἰπών’
3406 3605 3544 3658 Ἐὰν

1920 3679 1987 3732 δὲ
2008 3681 2131 3745 ταῖς
2156 3681 2457 3749 γλώσσαις
2481 3681 2597 3734 τῶν
2621 3683 2939 3749 ἀνθρώπων
2967 3684 3131 3738 λαλῶ
3170 3688 3263 3742 καὶ
3303 3688 3419 3741 τῶν
3440 3689 3543 3759 dr-

1918 3761 2129 3830 γέλων,
2159 3765 2395 3833 ἀγάπην
2421 3766 2488 3817 δὲ
2512 3766 2595 3833 μὴ
2625 3767 2761 3834 ἔχω,
2795 3768 3008 3835 γέγονα
3046 3772 3270 3839 χαλκὸς
3292 3774 3472 3840 ἠχῶν,
3502 3776 3539 3841 ἢ

1920 3849 2222 3915 κύμϐαλον
2263 3848 2573 3908 ἀλαλάζον·
2621 3851 2715 3903 καί
2753 3852 2859 3905 ἐὰν
2891 3853 3004 3921 ἔχω
3037 3860 3410 3923 προφητείαν,
3445 3861 3541 3912 καί

1916 3931 2049 3985 εἰδῶ
2072 3933 2141 3985 τὰ
2165 3932 2462 3999 μυστήρια
2493 3933 2703 3994 πάντα,
2736 3936 2831 3987 καὶ
2860 3937 2965 3988 ἐὰν
2994 3940 3107 4005 ἔχω
3132 3941 3353 4003 πίστιν,
3387 3942 3540 3995 ὥστε

1920 4016 2023 4082 ὄρη
2043 4018 2434 4084 μεθιστάνειν,
2457 4018 2695 4085 ἀγάπην
2718 4016 2787 4069 δὲ
2801 4019 2885 4086 μὴ
2909 4020 3041 4087 ἔχω,
3076 4023 3252 4076 οὐδέν
3271 4027 3401 4091 ειμι.
3433 4028 3539 4080 Καὶ

1919 4101 2035 4151 οὐδὲ
2063 4101 2219 4168 μέχρι
2251 4100 2451 4152 τούτων
2493 4102 2638 4169 ἔστη,
2685 4102 2817 4154 ἀλλά
2846 4104 2936 4156 καὶ
2967 4105 3057 4157 τὸν
3098 4108 3233 4177 ὑπὲρ
3268 4110 3538 4172 εὐσεϐείας

1920 4183 2142 4235 θάνατον
2181 4185 2329 4236 οὐδὲν
2358 4186 2495 4255 ἔχειν
2524 4187 2871 4253 ἀποφαίνεται
2902 4189 3104 4259 κέρδος,
3134 4194 3207 4263 μή
3239 4194 3539 4265 προσούσης

1921 4268 2153 4336 ἀγάπης.
2189 4269 2260 4320 Οὐ
2295 4270 2465 4337 μάτην
2494 4270 2548 4321 δὲ
2572 4270 2802 4323 τοσαῦτα
2824 4274 2947 4341 περὶ
2974 4275 3135 4342 αὐτῆς
3170 4276 3402 4345 εἴρηκεν·
3423 4278 3538 4347 ᾔδει

1918 4353 2043 4421 γὰρ,
2077 4353 2191 4421 ᾔδει
2220 4352 2420 4419 σαφῶς,
2467 4354 2559 4407 ἆτε
2608 4355 2844 4425 γεωργὸς
2885 4356 2988 4408 τῶν
3024 4358 3243 4410 ἐντολῶν
3271 4360 3358 4412 τοῦ
3383 4362 3535 4427 Θεοῦ,

1917 4439 2015 4500 ὅτι,
2045 4437 2242 4507 ταύτης
2271 4439 2631 4508 ὲρῤιζωμένης
2660 4439 2926 4507 ἀσφαλῶς,
2947 4441 3097 4493 ότῶν
3133 4443 3344 4510 ἀγαθῶν
3371 4447 3539 4500 ἀπάν-

1917 4538 2021 4574 των
2060 4521 2335 4590 βλαστάνει
2386 4523 2607 4591 καρπός.
2658 4522 2728 4574 Τὸ
2758 4524 2863 4594 γὰρ
2888 4563 2902 4586 ,
2952 4528 3033 4578 Οὐ
3070 4529 3425 4595 μοιχεύσεις,
3466 4534 3537 4584 οὐ

1917 4610 2245 4673 φονεύσεις,
2277 4607 2345 4657 οὐ
2383 4607 2656 4672 κλέψεις,
2702 4611 2771 4661 οὺ
2812 4609 3415 4679 ψευδομαρτυρήσεις,
3447 4617 3537 4667 καὶ

1918 4690 1969 4740 εἴ
1996 4707 2076 4750 τις
2097 4689 2251 4757 ἑτέρα
2279 4689 2479 4758 ἐντολὴ,
2499 4691 2553 4741 ὲν
2578 4691 2747 4761 τούτῳ
2768 4693 2843 4761 τῷ
2861 4693 2999 4763 λόγῳ
3026 4696 3532 4764 ἀνακεφαλαιοῦται,

1919 4775 1974 4825 ὲν
2010 4772 2102 4841 τῷ,
2144 4773 2481 4839 Ἀγαπήσεις
2529 4774 2633 4825 τὸν
2675 4778 2934 4841 πλησίον
2977 4793 3091 4832 σου
3138 4781 3216 4846 ὠς
3260 4784 3531 4835 σεαυτόν.

1918 4856 2025 4907 Kal
2054 4856 2102 4907 τί
2142 4855 2243 4927 χρὴ
2276 4856 2342 4908 τὰ
2394 4858 2561 4926 μικρά
2600 4858 2793 4924 λέγειν,
2825 4859 2891 4912 τά
2939 4863 3145 4929 μεγάλα
3190 4864 3532 4928 σιωπῶνταςς

1918 4942 1993 4993 Δι’
2038 4942 2253 5009 ἀγάπην
2290 4942 2519 5008 κατῆλθε
2570 4944 2701 5009 πρὸς
2738 4946 2883 5012 ἡμᾶς
2932 4948 2959 4997 ὁ
2996 4948 3267 5016 ἀγαπητὸς
3292 4949 3413 5011 Υἱὸς
3440 4951 3533 5002 τοῦ

1918 5024 2070 5088 Θεοῦ,
2129 5027 2219 5079 καὶ
2264 5027 2557 5094 ὁμόσκηνος
2603 5029 2695 5080 καὶ
2744 5028 3038 5097 ὁμοδίαιτος
3087 5034 3195 5093 τοῖς
3239 5033 3535 5102 ἀνθρώποις

1918 5112 2154 5177 γέγονεν,
2184 5111 2269 5162 ἴνα
2288 5110 2382 5178 τὴν
2417 5110 2666 5163 πολύθεον
2700 5111 2993 5174 καταλύσας
3029 5114 3264 5183 πλάνην,
3312 5118 3403 5169 καὶ
3440 5120 3534 5187 τὴν

1920 5195 2088 5263 ἀληθῆ
2141 5196 2492 5262 καταγγείλας
2542 5196 2891 5261 θεογνωσὶαν,
2956 5198 3051 5265 τὴν
3102 5200 3233 5268 πρὸς
3282 5202 3533 5270 ἀλλήλους

1920 5282 2131 5347 ἀγάπην
2157 5280 2334 5349 διδάξῃ
2364 5282 2486 5340 τοὺς
2516 5280 2847 5351 ἀνθρώπους,
2886 5281 3064 5343 καθὼς
3110 5284 3354 5353 Ἰωάννης
3397 5303 3533 5354 μαρ-

1918 5367 2067 5432 τυρεῐ
2107 5364 2274 5430 λέγων
2296 5380 2308 5393 '
2336 5365 2521 5423 Οὕτως
2554 5363 2861 5430 ἠγάπησεν
2896 5368 2927 5416 ό
2958 5366 3097 5430 Θεὸς
3138 5369 3242 5418 τὸν
3290 5372 3531 5435 κόσμον,

1920 5448 2006 5499 ὅτι
2033 5447 2136 5499 τὸν
2176 5448 2304 5500 Υίὺν
2334 5448 2513 5500 αὐτοῦ
2545 5448 2649 5499 τὸν
2686 5447 2977 5515 μονογενῆ
3010 5449 3258 5513 ἔδωκεν,
3290 5452 3387 5505 ἵνα
3418 5452 3531 5516 πᾶς

1921 5536 1952 5584 ὀ
1979 5534 2268 5584 πιστεύων
2298 5535 2381 5593 είς
2410 5533 2591 5584 αὐτὸν
2621 5534 2703 5600 μὴ
2746 5534 3053 5598 ἀπόληται,
3094 5535 3229 5585 ἀλλ’.
3251 5536 3358 5602 ἔχῃ
3387 5538 3535 5603 ζωὴν

1920 5616 2169 5668 ιιιὼνιον.
2212 5618 2341 5668 Ὑπὸ
2386 5617 2581 5686 ταύτης
2630 5618 2967 5686 ὲκκαιόμενος
3006 5621 3033 5669 ὁ
3074 5618 3275 5682 Παῦλος
3318 5622 3411 5690 τὴν
3444 5624 3531 5674 ούο

1926 5701 2100 5767 ράνιον
2126 5700 2301 5767 ἀφῆκε
2328 5700 2526 5769 φωνὴν,
2562 5701 2656 5767 Τίς
2683 5699 2833 5769 ἡμᾶς
2854 5701 3087 5767 χωρίσει
3117 5702 3230 5756 ἀπὸ
3268 5702 3371 5769 τῆς
3391 5706 3531 5768 d211-

2992 5809 3061 5867 18
