4062 6464
510 554 625 606 mm
662 539 763 593 τοῦ
795 537 1085 608 Χριστοῦ;
1115 538 1301 608 λέγων’
1326 540 1548 606 θλίψις,
1580 540 1617 606 ἢ
1654 536 1800 609 [289]
1834 548 2123 599 στενοκωθ

507 625 620 689 ρίαν
662 624 700 692 ἢ
746 624 1012 693 διαηψὸςν
1041 624 1079 692 ἢ
1116 624 1304 692 λιμὸς,
1336 624 1375 691 ἢ
1415 626 1724 691 γυμνότης.
1755 623 1792 689 ἢ
1832 620 2123 682 κίνδυνοι-ι

508 708 547 775 ἢ
571 708 856 777 μάχαιρα;
883 710 1308 777 Καταφρονήσας
1334 710 1389 761 δὲ
1425 709 1625 761 τούτων
1647 708 1720 770 ώς
1747 705 1993 766 εὐτελῶν,
2037 704 2128 756 καὶ

508 792 575 845 τὰ
604 793 778 862 πολλῷ
800 792 997 845 τούτων
1026 793 1240 862 μείζονα
1267 793 1490 845 τέθεικεο
1534 794 1663 862 φησὶ
1689 791 1812 861 γὰρ,
1852 791 1976 843 Ὀτι
1996 790 2129 843 οὔτε

510 877 775 942 θάνατος,
806 880 947 931 οὔτε
970 877 1099 945 ζωὴ,
1130 879 1264 931 οὔτε
1293 878 1601 939 ἐνεστῶτα,
1642 877 1774 929 οὔτε
1796 875 2127 944 μέλλοντα,

510 964 645 1015 οὔτε
666 964 890 1031 ὕψωμα,
916 966 1049 1018 οὔτε
1064 964 1267 1028 βάθος,
1291 964 1427 1017 οὔτε
1452 981 1537 1028 τις
1553 967 1745 1027 κτίσις
1762 964 1933 1029 ἑτέρα
1948 962 2129 1027 δυνήο

511 1061 671 1100 σεται
703 1048 856 1114 ἡμᾶς
889 1051 1129 1116 χωρίσαι
1168 1048 1281 1101 ἀπὸ
1315 1047 1420 1113 τῆς
1450 1047 1679 1114 ἀγάπης
1706 1048 1808 1100 τοῦ
1844 1047 1985 1099 Θεοῦ
2025 1046 2130 1113 τῆς

510 1132 578 1182 ἐν
604 1131 826 1197 Χριστῷ
877 1132 1073 1198 Ἰησοῦ
1115 1130 1192 1195 τῷ
1235 1133 1425 1198 Κυρίῳ
1453 1131 1632 1198 ἡμῶν.
1680 1130 1950 1183 Ἐντεῦθεν
1984 1131 2131 1183 οὐδὲν

511 1214 730 1282 ἠδύνατο
750 1228 775 1256 ι
808 1217 1029 1286 χωρίσαι
1055 1217 1144 1268 τὸν
1178 1216 1437 1285 μακάριον
1456 1217 1655 1267 ἐκεῖνον
1686 1214 1785 1267 ὐπὸ
1800 1215 1896 1283 τῆς
1918 1215 2132 1285 ἀγάπης

510 1300 964 1369 πυρπολούμενον,
995 1302 1092 1353 οὐκ
1116 1302 1358 1372 οὐρανὸς,
1383 1302 1440 1353 ού
1479 1302 1569 1369 γῆ,
1600 1302 1659 1352 οὐ
1683 1300 1941 1364 Θάλασσα,
1968 1302 2027 1352 οὐ
2066 1301 2132 1352 τά

511 1385 568 1435 ἐν
593 1387 701 1446 τοῖς
727 1385 965 1455 οὐρανοῖς
993 1385 1249 1455 βασίλεια,
1287 1385 1346 1437 οὐ
1399 1384 1467 1437 τὰ
1507 1388 1563 1437 ἐν
1613 1385 1735 1455 ᾅδου
1771 1385 2094 1454 κολαστήρια
2116 1402 2129 1415 ·

512 1468 724 1521 πάντων
753 1470 857 1537 γὰρ
888 1470 1168 1540 ὑπερεώρα
1196 1471 1280 1521 διὰ
1303 1469 1391 1521 τὸν
1416 1471 1663 1538 Χριστόν.
1714 1472 1774 1523 El
1807 1471 1862 1523 δέ
1895 1471 1986 1523 καὶ
2011 1472 2133 1533 τοὺς

510 1550 694 1613 ἄλλους
721 1552 1061 1621 ἐξετάσωμεν
1078 1554 1281 1620 ἁγίους,
1298 1555 1501 1617 πάντας
1521 1556 1816 1626 εὑρήσομεν
1836 1557 1900 1609 δι’
1920 1557 2134 1625 ἀγάπην

512 1636 775 1706 εὐαρεστή
784 1653 996 1699 σαντας.

581 1720 649 1789 β’.
667 1722 729 1773 Ἡ
750 1722 932 1790 ἀγάπη
953 1722 1183 1775 δείκνυσι
1210 1741 1290 1777 σοι
1316 1726 1405 1778 τὸν
1434 1726 1654 1795 πλησίον
1678 1728 1751 1789 ὡς
1780 1728 2018 1788 σεαυτὸν,
2046 1727 2137 1778 καὶ⁵

511 1804 717 1873 χαίρειν
753 1821 811 1856 σε
834 1804 1067 1858 διδάσκει
1110 1809 1199 1859 ἐπὶ
1226 1812 1336 1870 τοῖς
1363 1810 1566 1861 ἐκείνου
1599 1810 1797 1875 καλοῖς,
1833 1811 2015 1881 ὥσπερ
2046 1812 2136 1863 ἐπὶ

509 1891 619 1950 τοῖς
648 1891 777 1951 σοῖς,
812 1890 905 1942 καὶ
938 1890 1119 1960 φέρειν
1142 1894 1303 1946 αὐτοῦ
1337 1894 1403 1947 τά
1434 1896 1801 1964 ἐλαττώματα,
1838 1896 2020 1965 ὥσπερ
2045 1898 2136 1948 καί

510 1973 579 2026 τὰ
616 1973 701 2026 σά.
746 1974 807 2027 Ἦ
837 1975 1018 2045 ἀγάπη
1060 1976 1118 2029 ἐν
1149 1978 1304 2047 σῶμα
1342 1982 1464 2043 τούς
1488 1981 1708 2042 πολλοὺς
1752 1981 2132 2049 ἀπεργάζεται,

512 2058 604 2111 καὶ
632 2060 942 2129 Πνεύματος
973 2063 1125 2129 ἁγίου
1164 2064 1341 2132 δοχεῖα
1381 2067 1476 2128 τὰς
1522 2067 1715 2118 τούτων
1750 2068 2136 2129 κατασκευάζει

512 2140 704 2209 ψυχάς·
733 2141 792 2193 οὐ
819 2142 924 2212 γάρ
951 2143 1291 2213 διῃρημένοις
1320 2146 1574 2215 ἀλλήλων,
1598 2148 1888 2215 ἡνωμένοις
1919 2149 1973 2201 δὲ
1999 2150 2135 2201 κατὰ

510 2225 683 2294 ψυχὴν
705 2225 765 2278 τὸ
782 2228 877 2296 τῆς
900 2229 1117 2298 εἰρήνης
1141 2232 1574 2283 ἐπαναπαύσεται
1605 2231 1841 2301 Πνεῦμα.
1870 2233 1931 2284 Ἠ
1954 2232 2136 2301 ἀγάπη

513 2311 668 2361 κοινά
704 2314 846 2362 ποιεῖ
878 2314 1007 2365 πᾶσι
1038 2312 1106 2365 τά
1136 2315 1358 2367 ἑκάστου
1391 2316 1711 2385 ὑπάρχοντα,
1757 2316 1934 2378 καθώς
1977 2334 2138 2387 φησιν

516 2396 546 2461 ή
583 2394 759 2462 βίϐλος
789 2394 894 2448 τῶν
920 2396 1191 2466 ιῐράξεων·
1225 2400 1331 2453 Τοῦ
1368 2400 1434 2452 δὲ
1463 2400 1726 2465 πλήθους
1762 2400 1877 2454 τῶν
1903 2416 2139 2455 πιστευ-

514 2479 748 2532 σάντων
770 2476 846 2549 ἦν
870 2482 907 2547 ἠ
938 2483 1143 2549 καρδία
1184 2484 1277 2536 καί
1307 2487 1343 2552 ἠ
1376 2486 1543 2553 ψυχὴ
1564 2487 1687 2553 μία·
1732 2487 1828 2539 καὶ
1857 2488 2055 2553 οὐδείς
2084 2505 2139 2540 τι

514 2561 630 2615 τῶν
653 2566 1034 2631 ὑπαρχόντων
1071 2567 1225 2631 αὐτῷ
1255 2570 1460 2636 ἔλεγεν
1510 2570 1662 2621 ἴδιον
1693 2566 1863 2633 εἶναι,
1895 2572 2030 2623 ἀλλ’
2065 2568 2141 2639 ἦν

512 2648 719 2711 αὐτοῖς
741 2649 969 2702 ἅπαντα
997 2651 1181 2704 κοινά
1208 2653 1303 2704 καὶ
1329 2653 1612 2707 διεδίδοτο
1648 2654 1896 2717 ἑκάστῳ,
1941 2657 2140 2709 καθότι

513 2732 591 2785 ἄν
612 2750 698 2797 τις
723 2736 927 2801 χρείαν
953 2733 1092 2802 εἶχε.
1122 2738 1276 2789 Ποῖον
1303 2738 1442 2791 οὕτω
1467 2742 1638 2809 τεῖχος
1665 2742 1917 2810 ἀρραγές,
1973 2744 2139 2810 ἀρμοο

514 2817 602 2886 νίᾳ
638 2818 797 2873 λίθων
830 2820 1133 2889 εὐμεγεθῶν
1173 2823 1556 2893 ὠχυρωμένον,
1599 2826 1898 2894 ἀπόρθητον
1938 2827 2139 2893 γίνεται

512 2903 627 2964 ταῖς
656 2902 762 2954 τῶν
807 2904 1009 2973 ἐχθρῶν
1040 2905 1262 2974 ἐφόδοις,
1297 2907 1369 2970 ὼς
1400 2909 1459 2960 τὸ
1488 2910 1731 2979 σύστημα
1756 2910 1863 2963 τῶν
1888 2911 2140 2979 ἀλλήλους

514 2986 866 3054 ἀγαπώντων,
913 2990 1004 3043 καὶ
1049 2992 1105 3043 ἐν
1141 2991 1478 3062 ὁμοφροσύνῃ
1506 2996 1999 3064 περιεσφιγμένωνς
2035 2998 2141 3048 Καὶ

514 3072 679 3135 αὐτάς
706 3074 797 3126 τοῦ
831 3074 1068 3128 διαϐόλου
1096 3077 1392 3145 προσϐολὰς
1411 3079 1437 3116 b
1464 3079 1835 3149 ἀποκρούεταιο
1873 3082 1963 3132 καὶ
1999 3082 2142 3150 μάλα

515 3158 753 3219 εἰκότως.
777 3162 836 3212 Οἱ
863 3160 969 3229 γάρ
996 3163 1108 3229 μετ’
1135 3162 1375 3231 ἀλλήλων
1412 3164 1529 3215 κατ’
1568 3164 1773 3217 ἐκείνου
1798 3167 2141 3235 παρατασσό-

518 3260 683 3311 μενοι,
702 3244 793 3296 καὶ
818 3244 890 3313 μὴ
908 3250 1021 3314 μετ’
1045 3247 1246 3298 ἐκείνου
1270 3248 1385 3299 κατ’
1400 3248 1637 3317 ἀλλήλων
1657 3250 1923 3319 ἱστάμενοι
1941 3261 1989 3314 ο,
2013 3254 2143 3321 ἀήτ-

514 3345 660 3394 τητοι
688 3328 919 3395 γίνονται
942 3332 1051 3393 τοῖς
1072 3330 1234 3383 αὐτοῦ
1276 3335 1645 3401 μηχανήμασι,
1690 3333 1757 3385 τὰ
1793 3335 2013 3404 λαμπρά
2045 3337 2143 3401 τῆς

514 3411 729 3481 ἀγάπης
760 3412 1055 3481 ἐγείροντες
1076 3414 1330 3483 τρόπαια.
1366 3417 1473 3468 Καὶ
1504 3416 1746 3486 καθάπερ
1769 3419 1823 3469 αἱ
1848 3418 1945 3487 τῆς
1979 3419 2143 3488 λύρας

515 3498 715 3566 νευραὶ,
750 3498 939 3550 πολλαὶ
975 3500 1071 3568 μὲν
1111 3494 1298 3564 οὖσαι,
1340 3501 1419 3562 είς
1464 3501 1589 3570 μίαν
1626 3502 1682 3554 δέ
1721 3502 1968 3555 νεύουσαι
2003 3521 2141 3573 συμ-

516 3582 737 3649 φωνίαν,
775 3583 1127 3653 τερπνότατόν
1168 3602 1219 3637 τι
1261 3584 1417 3654 μέλος
1442 3585 1659 3654 ἡχοῦσιν
1684 3604 1697 3617 ·
1734 3586 1902 3650 οὓτως
1926 3590 1973 3641 οἱ
2012 3590 2143 3660 πρὸς

520 3668 646 3735 μίαν
678 3670 1101 3738 συγκεκραμένοι
1123 3669 1362 3739 γνώμην,
1407 3670 1599 3740 εὔηχον
1632 3673 2015 3742 ἀνακρούονται
2048 3677 2144 3745 τῆς

515 3753 731 3822 ἀγάπης
761 3753 851 3807 τὸν
880 3754 1130 3822 φθόγγον.
1174 3755 1271 3807 Διά
1312 3754 1466 3807 τοῦτο
1505 3756 1849 3823 συμϐουλεύει
1877 3761 1904 3810 ὁ
1938 3760 2145 3823 Παῦλος

515 3840 577 3893 τδ
608 3840 736 3892 αὐτὸ
785 3842 1026 3909 φρονεῖν,
1072 3839 1165 3893 καὶ
1206 3840 1399 3907 λέγειν,
1450 3841 1543 3893 καὶ
1591 3841 1848 3910 ἀλλήλους
1898 3844 2145 3911 ἡγεῖσθαι

517 3925 870 3997 ὑπερέχοντας
899 3924 1121 3987 ἑαυτῶν,
1156 3924 1293 3977 ὥστε
1330 3924 1402 3994 μὴ
1428 3928 1494 3994 τῇ
1538 3924 1812 3996 φιλοτιμίᾳ
1841 3927 2145 3982 διαλύεσθαι

515 4012 613 4082 τὴν
643 4011 878 4080 ἀγάπην,
916 4010 1049 4062 ἀλλά
1075 4009 1171 4080 τὴν
1200 4011 1360 4080 τιμὴν
1397 4010 1974 4081 ἀντιπαραχωροῦντας
2002 4013 2027 4052 ἀ
2057 4014 2147 4066 ἀλ-

517 4097 715 4165 λήλοις,
760 4097 817 4147 ἐν
848 4094 1063 4164 ὁμονοίᾳ
1094 4094 1317 4161 διάγειν.
1358 4096 1463 4147 Καὶ
1493 4096 1651 4149 πάλιν
1697 4097 1859 4166 φησί’
1889 4100 1966 4150 Δι’
2008 4099 2147 4167 ἀνά-

518 4193 630 4245 πης
664 4179 975 4232 δουλεύετε
1012 4178 1315 4243 ἀλλήλοις.
1360 4178 1422 4230 '0
1453 4180 1560 4247 γὰρ
1601 4178 1716 4244 πᾶς
1752 4182 1931 4248 νόμος
1963 4182 2031 4234 ἐν
2058 4182 2146 4235 ἐνί

517 4265 672 4331 λόγῳ
720 4262 1044 4330 πληροῦται
1066 4302 1079 4326 ,
1123 4263 1192 4315 ἐν
1230 4262 1328 4327 τῷ,
1371 4263 1724 4331 Ἀγαπήσεις
1750 4266 1854 4316 τὸν
1885 4267 2148 4331 πλησίον

520 4363 633 4401 σου
660 4350 738 4412 ὠς
766 4348 1039 4400 σεαυτόν.
1080 4346 1138 4399 '0
1184 4347 1408 4414 ἀγαπῶν
1442 4348 1540 4399 οὐκ
1572 4348 1873 4400 ἐπιτάττειν
1907 4349 2147 4417 βούλεται

524 4434 697 4500 μόνον,
716 4432 848 4484 ἀλλά
876 4433 968 4484 καὶ
982 4432 1376 4485 ἐπιτάττεσθαι’
1402 4433 1494 4484 καὶ
1521 4433 1696 4502 χαίρει
1724 4433 1921 4501 μᾶλλον
1941 4435 2150 4487 ἐπιτατ-

518 4520 757 4587 τόμενος,
784 4518 926 4587 ἥπερ
954 4517 1265 4570 ἐπιτάττων.
1308 4518 1365 4569 '0
1396 4518 1618 4583 ἀγαπῶν
1660 4518 1973 4588 χαρίζεσθαι
2025 4519 2147 4587 βού-

519 4603 665 4655 λεται
694 4602 908 4671 μᾶλλον,
943 4602 975 4671 ἢ
1004 4602 1161 4673 χάριν
1190 4602 1481 4671 λαμϐάνειν
1503 4620 1516 4634 ’
1550 4603 1691 4655 θέλει
1737 4604 1844 4673 γάρ
1873 4605 2149 4674 ὀφειλέτην

520 4687 657 4756 ἔχειν
679 4687 769 4739 τὸν
798 4686 963 4754 φίλον,
988 4688 1129 4756 ἢπερ
1154 4687 1311 4751 αὐτὸς
1330 4689 1562 4756 ὀφείλειν
1589 4690 1797 4759 ἐκείνῳ.
1834 4692 1892 4742 '0
1920 4692 2145 4757 ἀγαπῶν

522 4773 610 4824 καὶ
636 4772 878 4841 βούλεται
909 4770 1220 4841 χαρίζεσθαι
1250 4773 1325 4841 τῷ
1360 4774 1720 4844 ἀγαπωμένῳ,
1759 4776 1848 4827 καὶ
1879 4776 1937 4827 οὐ
1972 4775 2145 4844 βούλεο

520 4875 606 4910 ται
632 4858 802 4909 δοκεῖν
838 4856 1184 4927 χαρίζεσθαι,
1237 4858 1327 4910 καὶ
1364 4859 1547 4927 ἄρχειν
1596 4861 1758 4922 αὐτὸς
1804 4860 2145 4930 εὐεργεσίας,

521 4942 613 4995 καὶ
646 4944 717 5010 μὴ
749 4942 919 4996 δοκεῖν
960 4942 1145 5013 ἄρχειν
1185 4942 1515 5012 εὐεργεσίας.
1561 4946 1709 5013 Τάχα
1736 4946 1877 5007 τινὲς
1904 4945 2150 5011 ἀγνοοῦσι

519 5026 579 5076 τὸ
609 5025 808 5093 λεχθέν·
833 5025 1024 5079 οὐκοῦν
1048 5027 1114 5078 δι’
1150 5025 1534 5095 ὐποδείγματος
1567 5028 1696 5079 αὐτὸ
1727 5030 1933 5097 ποιήσω
1963 5031 2146 5097 σαφές.

525 5111 780 5179 Ἐμελλεν
800 5113 827 5162 ὀ
856 5110 1225 5180 φιλάνθρωπος
1256 5110 1406 5182 [290]
1428 5113 1698 5180 Δεσπότης
1723 5112 1811 5164 τὸν
1840 5114 1963 5165 Υἱδν
1992 5113 2148 5165 αὐτοῦ

522 5194 832 5264 χαρίζεσθαι
866 5195 1002 5265 ὐπέρ
1032 5196 1216 5264 ἡμῶν·
1265 5197 1379 5251 ἀλλ’
1413 5198 1497 5250 ἵνα
1534 5196 1607 5267 μὴ
1650 5196 1773 5267 δόξῃ
1814 5196 2148 5268 χαρίζεσθαι,

583 5402 609 5466 ξ
644 5403 772 5466 Qolb.
796 5406 946 5466 ἡμῶν.
974 5405 1077 5466 Καὶ-
1094 5405 1223 5452 οὐδὲν
1245 5405 1459 5460 ἠδύνατο.

584 5458 614 5499 ι’
634 5464 767 5527 ςοὶῒ).
794 5458 875 5527 τὰς
891 5466 978 5527 γάρ
1000 5463 1083 5527 τοῦ
1107 5458 1324 5527 διαϐόλου
1344 5466 1513 5527 προσῇ.

524 5583 536 5595 ⁸
585 5527 606 5553 ’³
636 5523 884 5631 “traham!
904 5523 965 5583 μὴ
988 5524 1086 5586 μετ’
1108 5524 1284 5570 ἐκείνου
1308 5523 1410 5570 κατ’
1433 5524 1645 5580 ἀλλήλων
1675 5524 1932 5585 ἱστάμενοι,
1972 5524 2151 5572 desunt

524 5598 570 5631 ιιι
595 5596 683 5630 ῐης.
831 5618 839 5628 .

523 5598 570 5632 ιιι
595 5596 683 5630 ms.
709 5596 839 5631 ωιο.

583 5646 608 5681 ά
633 5642 711 5706 Slq
746 5642 876 5706 C9:b.
899 5641 1066 5706 _Savﬂ.
1090 5655 1231 5706 Averq
1267 5641 1677 5705 παραχωροῦντας.
1725 5640 1846 5691 Infra
1878 5643 2143 5706 legendum

523 5710 639 5766 pulo
665 5701 751 5750 οὐκ
781 5700 1036 5750 ἐπιτάττειν
1056 5702 1109 5749 οὐ
1135 5700 1365 5763 βούλεταί.

1274 427 1330 484 S.
1364 424 1637 481 JOANNIS
1672 414 2146 479 οηιιῖεοετοιιι
2185 412 2497 469 ARClllEP.
2537 410 3077 468 CONSTANTINOP.

3752 408 3863 460 282

2234 528 2345 579 ἀλλ⁹
2375 526 2589 597 ὀφειλὴν
2624 526 2945 588 ἀποδιδόναι,
2981 523 3271 593 προσέταξε
3302 522 3378 592 τῷ
3407 519 3652 592 Ἀϐραὰμ
3678 516 3858 570 δοῦναι

2232 614 2319 664 τὸν
2354 614 2463 664 υἱὸν
2493 613 2672 674 αὐτοῦ,
2700 614 2785 663 ἵνα
2813 610 2966 662 τοῦτο
2989 610 3080 661 καὶ
3103 610 3258 670 αὐτὸς
3282 606 3465 667 ποιῶν,
3505 605 3577 674 μὴ
3601 604 3673 663 ὡς
3698 602 3859 672 χάριν

2231 701 2422 763 διδους,
2444 701 2554 752 ἀλλ’
2581 703 2655 762 ὡς
2703 700 2857 769 χρέος
2903 696 3178 757 ἀποδιδοὺς
3230 694 3418 763 εὑρεθῇ
3453 693 3535 743 διὰ
3567 690 3655 741 τὸν
3690 690 3860 756 ὑπερ-

2234 786 2489 839 ϐάλλοντα
2516 785 2736 839 πλοῦτον
2760 785 2856 852 τῆς
2890 782 3050 835 αὐτοῦ
3081 781 3424 847 ἀγαθότητος.
3453 773 3579 827 Οἶδα
3606 776 3685 826 ὅτι
3712 774 3860 838 ξένον

2235 870 2477 936 φαίνεται
2506 873 2614 931 τοῖς
2644 869 2850 931 πολλοῖς
2882 868 2941 920 τὸ
2968 866 3170 934 λεχθέν.
3201 866 3272 916 Τὸ
3308 864 3362 914 δέ
3389 864 3557 913 αῖτιον
3577 900 3590 923 ,
3618 861 3698 911 ὅτι
3736 858 3862 927 περὶ

2237 957 2552 1025 πράγματος
2586 955 2895 1023 διαλέγομαι
2921 953 3009 1005 τὸν
3037 951 3256 1020 οὐρανὸν
3282 947 3549 1007 οἰκοῦντος
3584 946 3694 997 νῦν.
3734 945 3861 994 ’Ὡσ-

2237 1057 2339 1111 περ
2371 1041 2478 1108 γὰρ
2518 1043 2564 1092 εἱ
2597 1040 2776 1106 ἔλεγον
2806 1040 2928 1107 περί
2965 1054 3103 1097 τινος
3147 1034 3309 1103 φυτοῦ
3344 1036 3398 1084 ἐν
3435 1032 3587 1100 Ἰνδία
3617 1030 3863 1096 τικτομέ-

2237 1144 2345 1184 νου,
2376 1127 2467 1177 καὶ
2506 1119 2566 1177 οὗ
2612 1126 2795 1195 μηδεὶς
2833 1127 3023 1193 πεῖραν
3070 1123 3255 1174 ἐλαϐεν
3279 1161 3291 1181 ,
3341 1120 3437 1170 οὐκ
3484 1118 3549 1169 ἀν
3599 1116 3809 1183 ἴσχυσεν
3836 1113 3865 1163 ὀ

2237 1211 2387 1278 λόγος
2412 1211 2774 1278 παραστῆσαι,
2810 1209 2908 1262 κᾶν
2941 1208 3104 1277 μυρία
3145 1207 3266 1277 περὶ
3295 1203 3453 1258 αὐτοῦ
3493 1203 3689 1268 ἐλεγοψ
3724 1199 3865 1250 οὓτω

2238 1299 2330 1348 καὶ
2362 1296 2453 1348 νῦν
2478 1298 2574 1348 ὅσα
2598 1295 2660 1347 ἂν
2684 1296 2838 1357 εῐπω,
2872 1295 3042 1362 μάτην
3076 1290 3201 1360 ἐρῶ·
3234 1291 3293 1342 οὐ
3322 1288 3427 1357 γὰρ
3457 1285 3689 1338 συνιοῦσι
3724 1299 3865 1343 τινες

2238 1383 2304 1435 τὰ
2323 1382 2603 1450 λεγόμενα.
2648 1380 2733 1432 Ἐν
2752 1380 2960 1449 οὐρανῷ
2980 1380 3106 1444 γὰρ,
3134 1375 3206 1438 ὦς
3235 1375 3367 1443 ἐφην
3384 1413 3398 1437 ,
3426 1372 3579 1424 τοῦτο
3604 1367 3868 1435 πεφύτευο

2239 1484 2324 1519 ται
2360 1468 2417 1519 τὸ
2446 1468 2625 1535 φυτόν.
2662 1466 2797 1517 Ἀλλ’
2837 1465 2929 1517 ἐάν
2970 1464 3234 1531 θέλωμεν,
3281 1460 3372 1511 καὶ
3414 1458 3539 1525 παρ’
3575 1457 3705 1524 ἡμῖν
3737 1451 3866 1505 αὐτὸ

2242 1552 2559 1621 φυτευθῆναι
2581 1550 2817 1603 δυνατόν.
2848 1549 2944 1600 Διά
2981 1547 3135 1599 τοῦτο
3178 1547 3283 1614 γάρ
3322 1543 3667 1611 ἐδιδάχθημεν
3695 1540 3865 1605 λέγειν

2242 1638 2373 1708 πρὸς
2416 1638 2503 1689 τὸν
2550 1640 2605 1689 ἐν
2638 1636 2879 1704 οὐρανοῖς
2928 1633 3140 1702 Πατέρα
3161 1648 3173 1661 °
3212 1628 3522 1695 Γενηθήτω
3549 1626 3612 1678 τὸ
3645 1622 3869 1691 θέλημὰ

2242 1738 2357 1775 σου
2385 1724 2452 1775 ἐν
2474 1720 2702 1789 οὐρανῷ
2730 1720 2824 1772 καὶ
2855 1719 2949 1771 ἐπὶ
2980 1718 3085 1785 τῆς
3108 1716 3238 1785 γῆς.

2308 1816 2375 1877 γ’.
2416 1810 2503 1877 Μὴ
2534 1808 2708 1860 τοίνυν
2739 1807 2990 1860 ἀδύνατον
3030 1800 3165 1856 εἶναι
3195 1802 3499 1871 νομίσωμεν
3530 1798 3589 1851 τὸ
3632 1797 3868 1850 τοιοῦτον

2241 1896 2438 1962 ἀγαθὸν
2478 1893 2790 1963 κτήσασθαι.
2830 1891 3057 1944 Δυνατὸν
3097 1890 3223 1958 γὰρ,
3250 1889 3414 1949 ὅντως
3451 1885 3690 1948 δυνατὸν,
3723 1884 3773 1935 εί
3803 1899 3864 1949 γε

2245 1980 2535 2050 βουλόμεθα
2582 1980 2766 2049 νήφειν
2786 1995 2799 2008 ·
2830 1978 2889 2030 οὐ
2924 1976 3074 2029 τοῦτο
3103 1976 3156 2027 δὲ
3184 1976 3354 2043 μόνον,
3395 1972 3526 2025 ἀλλά
3572 1973 3663 2024 καὶ
3696 1973 3869 2022 πᾶσαν

2242 2066 2574 2136 κατορθῶσαι
2629 2065 2725 2133 τὴν
2779 2065 2994 2134 ἀρετήν.
3057 2060 3387 2128 Λύτεξουσίῳ
3417 2058 3523 2128 γὰρ
3562 2056 3871 2125 προαιρέσει

2243 2151 2642 2221 κυϐερνώμεθα,
2674 2152 2767 2202 καὶ
2796 2151 2892 2218 οὐχ
2920 2148 3251 2218 εἱμαρμένης
3280 2146 3507 2216 ἀνάγκῃ,
3538 2144 3674 2196 κατά
3701 2158 3869 2203 τινας,

2244 2237 2590 2305 ὐποκείμεθα,
2626 2238 2681 2288 ἐν
2710 2236 2785 2304 τῷ
2819 2235 2985 2287 θέλειν
3026 2234 3116 2286 καὶ
3149 2232 3222 2302 μὴ
3256 2232 3421 2284 θέλειν
3451 2229 3744 2299 ὁριζόμενοι
3782 2231 3874 2278 καὶ

2244 2323 2310 2375 τὰ
2340 2322 2477 2374 καλά
2509 2322 2715 2375 κεῖσθαι
2748 2322 2840 2373 καὶ
2873 2324 2939 2374 τὰ
2962 2320 3123 2372 κακά.
3177 2318 3273 2369 Διά
3323 2316 3475 2369 τοῦτο
3522 2315 3625 2382 γὰρ
3671 2314 3698 2364 ὀ
3743 2313 3872 2373 Θεὸς

2245 2408 2336 2459 καὶ
2368 2406 2632 2475 βασιλείαν
2661 2407 2939 2475 ὑπέσχετο,
2978 2405 3069 2456 καὶ
3116 2403 3379 2472 τιμωρίαν
3408 2401 3716 2469 ἠπείλησεν.
3760 2399 3871 2448 Οὐκ

2244 2492 2308 2544 ἀν
2334 2493 2387 2545 δὲ
2420 2496 2529 2553 τοῖς
2555 2494 2760 2560 ἀνάγκῃ
2784 2490 3079 2559 δεδεμένοις
3112 2488 3278 2550 οὕτως
3328 2487 3543 2555 ἐποίησε
3566 2502 3580 2515 ⁸
3624 2484 3726 2536 τῶν
3766 2484 3872 2553 γὰρ

2246 2577 2349 2627 ἀπὸ
2378 2575 2595 2643 γνώμης
2622 2574 2912 2643 γινομένων
2960 2572 3219 2633 ἀντίδοσίς
3247 2574 3389 2623 ἐστιν
3430 2569 3709 2638 ἑκατέρων.
3760 2568 3873 2618 Οὐκ

2247 2661 2311 2712 ἂν
2336 2660 2526 2730 νόμους
2554 2661 2764 2728 έθηκεν,
2787 2661 2885 2712 οὐκ
2908 2660 2971 2713 ἂν
2997 2658 3338 2726 παραινέσεις
3363 2655 3574 2714 ἔδωκεν,
3597 2656 3641 2705 εί
3662 2653 3874 2719 δεσμοῖς

2246 2746 2574 2815 εἱμαρμένης
2602 2744 2987 2814 κεκρατημένοι
3017 2740 3176 2813 ἦμεν.
3222 2741 3357 2793 Ἀλλ’
3396 2740 3575 2807 ἐπειδὴ
3608 2735 3873 2804 ἐλεύθεροὶ

2247 2832 2428 2898 ἐσμεν,
2454 2832 2544 2883 καί
2575 2831 2671 2899 τῆς
2701 2831 2834 2892 ἱδίας
2861 2829 3221 2898 προαιρέσεως
3266 2826 3458 2894 κύριοι,
3494 2826 3587 2875 καὶ
3628 2822 3729 2873 ἀπὺ
3777 2821 3875 2889 μὲν

2251 2916 2511 2985 ῥᾳθυμίας
2536 2916 2790 2985 γινόμεθα
2819 2916 3023 2983 φαῦλοι,
3054 2915 3158 2966 ἀπὸ
3186 2914 3239 2977 δὲ
3272 2912 3498 2979 σπουδῆς
3522 2908 3757 2977 χρηστοὶ,
3790 2907 3874 2959 διὰ

2247 3001 2401 3052 τοῦτο
2424 3000 2594 3053 ταῦτα
2624 3001 2983 3053 κατεσκεύασε
3028 3001 3096 3052 τά
3138 3001 3432 3068 φάρμακα,
3472 2995 3549 3064 τῷ
3591 2994 3734 3061 φόϐῳ
3778 2997 3874 3062 τῆς

2250 3086 2516 3148 κολάσεως
2555 3087 2647 3138 καὶ
2674 3090 2737 3155 τῇ
2780 3086 3066 3155 προσδοκίᾳ
3092 3085 3187 3153 τῆς
3215 3082 3485 3152 βασιλείας
3511 3080 3875 3151 διορθούμενος

2248 3173 2411 3240 ἡμᾶς,
2448 3170 2540 3223 καὶ
2572 3171 2871 3239 φιλοσοφεῖν
2910 3170 3187 3225 παιδεύων.
3214 3171 3325 3223 Οὐκ
3356 3170 3417 3220 ἐκ
3447 3166 3643 3219 τούτων
3677 3165 3731 3216 δὲ
3780 3165 3874 3233 μό-

2248 3275 2355 3320 νον,
2408 3257 2539 3309 ἀλλά
2585 3258 2676 3310 καὶ
2724 3256 2783 3321 ἐξ
2824 3251 2896 3310 ὧν
2926 3258 3081 3325 ἡμεῖς
3107 3257 3256 3308 αὐτοὶ
3289 3254 3564 3323 ποιοῦμεν,
3610 3252 3762 3320 δῆλον
3796 3253 3874 3303 ὅτι

2249 3341 2369 3394 οὔτε
2396 3344 2715 3413 εἱμαρμένη,
2746 3343 2866 3395 οὐτε
2898 3344 3054 3411 τύχη,
3096 3342 3216 3394 οὔτε
3255 3342 3495 3408 γένεσις,
3532 3338 3649 3391 οὐτε
3686 3338 3876 3407 δρόμος

2250 3430 2489 3499 ἀστέρων
2528 3430 2594 3481 τά
2626 3430 2744 3481 καθ’
2776 3431 2919 3497 ἡμᾶς
2946 3428 3153 3480 διοικεῖ.
3193 3430 3254 3479 Εἱ
3293 3427 3399 3495 γὰρ
3430 3426 3632 3477 ἐκεῖθεν
3650 3425 3877 3493 ἢρτηται

2249 3515 2315 3567 τά
2352 3516 2603 3585 γινόμενα
2650 3515 2841 3579 πάντα,
2889 3516 2979 3567 καὶ
3022 3515 3080 3566 οὐ
3124 3514 3222 3582 τῆς
3255 3511 3619 3582 προαιρέσεως
3656 3509 3761 3560 τῶν
3789 3510 3877 3560 ἀν-

2252 3600 2499 3669 θρώπων,
2521 3602 2660 3663 τίνος
2689 3600 2873 3653 ἐνεκεν
2904 3602 3180 3669 μαστιγοῖς
3202 3599 3290 3651 τὸν
3313 3598 3524 3665 οἱκέτην
3555 3595 3874 3661 κεκλοφότας

2250 3686 2390 3748 τίνος
2422 3687 2603 3739 ἕνεκεν
2638 3686 3005 3755 μοιχευθεῖσαν
3032 3684 3128 3755 τὴν
3153 3686 3380 3752 γυναῖκα
3421 3683 3500 3744 είς
3536 3681 3878 3748 δικαστήριον

2251 3771 2423 3833 ἐλκεις
2448 3787 2461 3834 ;
2494 3771 2634 3834 τίνος
2662 3771 2842 3823 ἐνεκεν
2881 3770 3102 3841 αἱσχύνῃ
3132 3770 3378 3840 πράττων
3413 3768 3479 3819 τά
3502 3768 3708 3830 ἀτοπα;
3738 3765 3877 3824 τίνος

2251 3856 2431 3908 ἐνεκεν
2462 3857 2578 3908 οὐδὲ
2603 3856 2669 3909 τά
2710 3858 2922 3925 ῥήματα
2953 3856 3135 3923 φέρεις
3167 3854 3581 3922 ὀνειδιζόμενος,
3632 3851 3743 3904 ἀλλ’
3788 3850 3877 3901 ἐάν

2251 3942 2333 4002 τίς
2368 3956 2423 3991 σε
2448 3941 2646 4011 καλέσῃ
2674 3940 2927 4009 μοιχὸν,ἢ
2959 3939 3168 4007 πόρνον,
3204 3940 3236 4006 ἢ
3268 3938 3527 4007 μέθυσον,
3563 3938 3596 4006 ἡ
3628 3953 3679 3988 τι
3709 3932 3877 3986 τοιοῦ-

2251 4042 2360 4089 τον,
2394 4025 2545 4096 ὕϐριν
2576 4025 2635 4078 τὸ
2667 4028 2890 4095 πρᾶγμα
2920 4025 3136 4087 καλεῖς;
3168 4025 3229 4075 Εἱ
3258 4024 3360 4092 γὰρ
3393 4022 3466 4091 μὴ
3498 4022 3595 4089 τῆς
3621 4023 3716 4089 σῆς
3746 4018 3879 4086 γνώ-

2256 4129 2359 4182 μης
2383 4112 2443 4164 τὸ
2476 4111 2817 4181 ἁμαρτάνειν,
2863 4109 2985 4162 οὐτε
3026 4109 3271 4178 ἔγκλημα
3317 4109 3377 4159 τὸ
3419 4107 3713 4175 γινόμενον,
3759 4104 3877 4155 οὒτε

2255 4197 2405 4267 ὕϐρις
2436 4198 2495 4249 τὸ
2535 4196 2839 4266 λεγόμενον.
2886 4194 2996 4248 Νῦν
3042 4194 3096 4247 δέ
3140 4196 3231 4246 καὶ
3260 4194 3324 4245 δι’
3357 4185 3429 4244 ὧν
3478 4194 3585 4251 τοῖς
3640 4189 3879 4258 ἁμαρτά-

2255 4300 2429 4335 νουσιν
2468 4284 2526 4334 οὐ
2575 4281 2978 4349 συγγινώσκεις,
3022 4280 3112 4332 καὶ
3147 4279 3211 4329 δι’
3252 4271 3325 4330 ὧν
3358 4277 3515 4337 αὐτὸς
3558 4275 3779 4344 αἰσχύνῃ
3814 4275 3877 4326 τά

2256 4368 2397 4419 κακά
2424 4367 2695 4434 πράττων,
2736 4366 2827 4417 καὶ
2854 4365 3130 4417 λανθάνειν
3176 4362 3519 4425 σπουδάζεις,
3554 4363 3646 4413 καὶ
3689 4360 3755 4412 δι’
3807 4353 3877 4411 ὧν

2254 4453 2377 4512 τοὺς
2419 4451 2583 4503 ταῦτά
2632 4467 2709 4501 σοι
2765 4449 3125 4520 προφέροντας
3174 4448 3427 4517 ὑϐριστὰς
3478 4445 3745 4514 νομίζεις,
3799 4444 3878 4497 διὰ

2255 4536 2464 4587 πάντων
2490 4537 2781 4603 ὁμολογεῖς,
2823 4537 2903 4587 ὅτι
2931 4533 3029 4586 οὐκ
3057 4533 3269 4603 ἀνάγκῃ
3296 4532 3496 4584 δέδεται
3524 4532 3588 4583 τά
3620 4532 3874 4600 ἡμέτερα,

2255 4621 2310 4673 ἀ)
2320 4620 2384 4671 λά
2404 4620 2765 4689 προαιρέσεως
2784 4619 3058 4689 ἐλευθερίᾳ
3077 4618 3375 4686 τετίμηται.
3392 4617 3513 4678 Τοῖς
3528 4615 3653 4684 γοῦν
3672 4617 3876 4681 ἀνάγκη

2256 4706 2631 4774 κατεχομένοις
2654 4705 3035 4773 συγγινώσκειν
3074 4704 3309 4773 οἴδαμεν.
3357 4703 3474 4754 Κᾶν
3508 4703 3608 4754 ὑπὸ
3638 4699 3878 4768 δαίμονός

2255 4809 2334 4854 τις
2362 4792 2696 4861 ὀχλούμενος,
2720 4793 2753 4861 ἢ
2784 4792 2869 4844 τὸν
2894 4792 3091 4860 χιτῶνα
3130 4791 3387 4860 διαρρήξῃ
3415 4790 3503 4841 τὸν
3538 4788 3815 4858 ἡμέτερον.
3846 4784 3877 4850 ἦ

2256 4878 2462 4946 πληγὰς
2500 4878 2783 4948 ἐπενέγκῃ,
2829 4877 2888 4927 οὐ
2924 4878 3080 4945 μόνον
3110 4876 3167 4926 οὐ
3200 4875 3491 4942 κολάζομεν
3522 4874 3695 4929 αὐτὸν,
3749 4869 3880 4921 ἀλὶά

2257 4960 2401 5030 [29!]
2434 4962 2525 5013 καὶ
2555 4960 2803 5027 ἐλεοῦμεν
2832 4963 2922 5011 καὶ
2960 4960 3410 5027 συγγινώσκομεν.
3448 4960 3511 5010 Τί
3536 4958 3761 5026 δήποτε;
3802 4957 3878 5006 ὅτι

2256 5049 2404 5116 οὐχή
2432 5048 2526 5115 τῆς
2566 5046 2924 5115 προαιρέσεως
2958 5046 3251 5114 ἐλευθερία,
3295 5047 3406 5098 ἀλλ’
3436 5049 3467 5114 ἡ
3505 5045 3597 5096 τοῦ
3632 5042 3874 5109 δαίμονος

2260 5132 2348 5201 βία
2380 5134 2547 5185 ταῦτα
2580 5131 2885 5201 εἰργάσατο.
2910 5132 3067 5182 Ὥστε
3100 5133 3147 5183 εἱ
3168 5133 3257 5183 καὶ
3280 5131 3345 5182 τά
3375 5131 3505 5184 ἀλλα
3524 5130 3881 5197 ἁμαρτήματα

2258 5218 2361 5269 ἀπὸ
2393 5218 2491 5285 τῆς
2540 5217 2778 5284 ἀνάγκης
2810 5216 2906 5284 τῆς
2957 5216 3092 5269 κατὰ
3136 5216 3232 5285 τὴν
3274 5216 3602 5285 εἱμαρμένην
3641 5213 3878 5278 ἐγίνετο,

2260 5304 2592 5371 συνέγνωμεν
2613 5301 2696 5353 ἄν’
2720 5302 2899 5370 ἐπειδὴ
2920 5302 2973 5353 δέ
2995 5303 3147 5370 ἴσμεν
3168 5311 3212 5366 ⁸,
3236 5303 3314 5354 ὃτι
3339 5302 3436 5353 οὐκ
3464 5300 3603 5350 ἐστιν
3625 5298 3879 5364 ἀνάγκης,

2257 5388 2340 5440 διὰ
2376 5387 2527 5441 τοῦτο
2568 5387 2624 5438 οὐ
2676 5386 3142 5454 συγγινώσκομεν,
3190 5386 3310 5437 οὐτε
3345 5382 3591 5436 δεσπόται
3631 5382 3879 5444 οἰκέταις,

2256 5474 2375 5527 οὔτε
2412 5474 2596 5542 ἄνδρες
2634 5473 2912 5539 γυναιξὶν,
2966 5472 3085 5524 οὐτε
3144 5475 3393 5538 γυναῖκες
3443 5468 3715 5538 ἀνδράσιν,
3765 5466 3881 5521 οὐτε

2323 5705 2345 5730 ε
2374 5699 2503 5757 Hac,
2532 5698 2689 5754 ἐπειδὴ
2712 5699 2761 5747 δὲ
2783 5698 2934 5759 ἴσμεν,
2960 5699 3137 5747 desunt
3158 5710 3205 5743 ιιι
3225 5694 3357 5745 Colb.
