4112 6506
313 444 421 498 281

304 546 535 599 Joannes
566 542 875 597 testiﬁcatur
916 540 1093 594 dicens
1120 555 1132 590 :
1160 556 1178 588 ι
1218 537 1306 592 Sic
1327 536 1461 591 Deus
1490 535 1669 589 dilexit
1706 547 1858 586 mun-

307 634 455 696 dum,
486 642 542 685 ut
575 632 766 685 Filium
798 643 948 685 suum
976 628 1296 696 unigenitum
1321 626 1560 692 daret,ut
1577 627 1745 677 omnis
1771 624 1857 691 qui

304 725 475 777 credit
502 724 552 776 in
582 725 750 792 ipsum
775 737 876 775 non
907 727 1102 789 pereat,
1132 717 1223 771 sed
1274 716 1463 769 habeat
1503 716 1659 767 vitam
1703 719 1857 765 aster.

305 828 429 865 nam
461 832 479 865 ι
524 811 702 880 (Joan.
729 813 779 865 ὅ.
812 810 922 880 16).
955 808 1061 861 Hac
1097 806 1287 860 ardens
1319 804 1508 858 Paulus
1538 802 1671 855 hanc
1698 800 1856 854 caele-

304 911 442 955 stem
472 900 647 953 emisit
688 913 866 963 vocem
904 914 917 949 :
956 915 973 948 ι
997 896 1121 962 Quis
1158 908 1253 947 nos
1298 891 1557 961 separabit
1588 905 1615 942 a
1643 888 1859 943 caritate

302 988 544 1042 Christi?
574 988 856 1050 tribulatio,
888 1000 953 1039 an
1005 984 1263 1052 angustia,
1306 995 1367 1034 ac
1401 978 1753 1048 persequutio,
1791 990 1856 1028 an

304 1076 494 1139 fames,
526 1091 590 1129 an
613 1076 839 1141 auditas,
864 1089 928 1127 an
959 1070 1263 1141 periculum,
1287 1083 1352 1121 an
1369 1064 1784 1137 gladiusi(Rom.
1803 1064 1855 1117 8.

304 1165 439 1233 55)?
467 1165 559 1220 His
604 1180 759 1233 porro
802 1164 947 1232 quasi
975 1160 1241 1215 vilioribus
1283 1157 1564 1227 despectis,
1589 1156 1651 1209 iis
1694 1156 1859 1209 multo

304 1255 509 1322 majora
544 1255 731 1323 adjecit
761 1270 773 1306 :
807 1271 824 1304 ι
844 1253 971 1320 Quia
1006 1265 1172 1319 neque
1198 1264 1359 1314 mors,
1385 1267 1403 1299 ι
1462 1247 1657 1317 inquit,
1719 1262 1737 1295 ι
1763 1260 1856 1299 ne-

304 1358 411 1410 que
440 1347 565 1407 vita,
594 1358 761 1411 neque
782 1340 1046 1404 instantia,
1076 1354 1243 1408 neque
1263 1337 1454 1397 futura,
1480 1350 1647 1402 neque
1678 1334 1854 1387 altitu-

304 1431 396 1494 do,
427 1446 595 1498 neque
625 1430 960 1500 profundum,
985 1443 1155 1497 neque
1175 1434 1416 1481 creatura
1439 1424 1536 1477 alia
1552 1423 1741 1493 poterit
1761 1436 1858 1476 nos

304 1534 553 1588 separare
579 1534 608 1572 a
637 1520 852 1573 caritate
877 1518 997 1581 Dei,
1020 1532 1137 1585 qua:
1163 1525 1244 1570 est
1270 1514 1323 1570 in
1349 1514 1557 1569 Christo
1602 1512 1724 1567 Jesu
1758 1511 1860 1563 Do-

306 1614 454 1663 mino
482 1619 661 1663 nostro
700 1628 719 1660 ι
753 1608 911 1677 (Ibid.
933 1623 978 1660 υ.
1009 1609 1097 1663 33.
1123 1606 1237 1677 59).
1265 1606 1394 1660 Hinc
1440 1604 1569 1657 nihil
1614 1615 1858 1671 separare

307 1700 479 1767 potuit
524 1700 731 1754 beatum
759 1697 903 1750 illum
944 1696 1161 1750 caritate
1197 1694 1488 1756 ardentem,
1519 1706 1621 1745 non
1646 1691 1853 1754 caelum,

306 1804 412 1841 non
445 1798 605 1852 terra,
638 1802 739 1840 non
767 1800 910 1841 mare
932 1825 945 1849 ,
969 1800 1071 1839 non
1098 1798 1313 1854 regnum
1334 1783 1579 1839 caelorum
1601 1821 1614 1845 ,
1647 1795 1750 1834 non
1778 1780 1857 1834 in-

304 1877 440 1931 ferni
469 1876 718 1944 supplicia
752 1875 959 1928 :omnia
1000 1874 1189 1943 quippe
1218 1882 1428 1942 propter
1460 1870 1724 1923 Christum
1758 1867 1854 1922 de-

303 1966 578 2033 spiciebat.
598 1965 746 2031 Quod
782 1966 825 2019 si
851 1965 981 2019 alios
1016 1978 1221 2032 quoque
1259 1970 1468 2016 sanctos
1497 1960 1851 2026 exploremus,

302 2068 491 2109 omnes
517 2055 969 2123 deprehendemus
994 2054 1059 2108 ob
1085 2054 1352 2108 caritatem
1375 2051 1629 2121 placuisse
1656 2050 1781 2104 Deo.

376 2144 431 2196 9..
483 2142 678 2197 Caritas
726 2160 844 2213 erga
896 2144 1175 2211 proximum
1210 2156 1337 2211 qua.
1364 2170 1433 2179 —
1454 2140 1653 2194 Caritas
1682 2138 1852 2207 proxi-

304 2249 450 2286 mum
480 2233 572 2287 tibi
611 2234 821 2287 exhibet
861 2234 996 2286 sicut
1029 2232 1381 2299 temetipsum,
1429 2239 1583 2298 teque
1611 2229 1677 2282 de
1717 2227 1855 2281 illius

301 2323 477 2387 bonis,
508 2322 728 2391 perinde
756 2333 911 2391 atque
937 2321 1003 2376 de
1030 2322 1133 2375 tuis
1162 2320 1390 2389 gaudere
1416 2319 1589 2384 docet,
1614 2318 1854 2386 illiusque

301 2412 494 2466 damna
526 2411 675 2479 quasi
704 2420 789 2465 tua
819 2411 975 2465 ferre.
1008 2410 1209 2465 Caritas
1241 2409 1432 2462 multos
1477 2419 1854 2473 unumcorpus

302 2502 488 2565 efﬁcit,
520 2502 831 2570 illorumque
859 2501 1061 2554 animas
1098 2499 1325 2567 Spiritus
1360 2497 1523 2550 sancti
1558 2492 1854 2548 habitacula

302 2589 476 2643 reddit
502 2606 513 2641 :
543 2605 648 2642 non
674 2590 813 2643 enim
834 2590 885 2642 in
915 2588 1129 2649 divisos,
1154 2586 1245 2641 sed
1274 2585 1324 2638 in
1349 2584 1655 2652 conjunctos
1680 2582 1853 2635 animo

302 2678 532 2746 Spiritus
576 2678 717 2747 pacis
758 2676 1057 2747 requiescit.
1110 2676 1313 2730 Caritas
1359 2674 1678 2742 singulorum
1717 2670 1853 2723 bona

305 2768 551 2821 omnibus
597 2768 891 2821 communia
938 2767 1126 2830 reddit,
1182 2775 1238 2818 ut
1287 2766 1359 2817 ait
1412 2764 1543 2815 liber
1586 2762 1848 2815 Actuum:

313 2877 329 2907 ι
364 2856 708 2910 Multitudinis
749 2867 920 2910 autem
947 2856 1270 2909 credentium
1314 2860 1427 2907 erat
1454 2867 1547 2906 cor
1588 2865 1766 2913 unum,
1802 2858 1854 2903 et

306 2947 480 2999 anima
514 2961 613 2999 una
643 2964 655 2997 ε
686 2961 780 3000 nec
818 2948 1089 3015 quisquam
1132 2958 1337 3007 eorum,
1387 2956 1502 3011 qum
1532 2940 1851 3009 possidebat,

306 3036 499 3104 aliquid
522 3051 672 3089 suum
695 3051 811 3090 esse
831 3035 1051 3098 dicebat,
1080 3034 1171 3087 sed
1199 3041 1351 3087 erant
1376 3032 1477 3084 illis
1504 3030 1679 3083 omnia
1706 3043 1852 3083 com-

308 3129 483 3182 munia
525 3145 540 3179 :
586 3136 639 3182 et
684 3127 1008 3181 dividebatur
1042 3125 1259 3194 singulis
1301 3132 1451 3192 prout
1488 3122 1672 3189 cuique
1722 3134 1853 3188 opus

305 3226 418 3272 erat
450 3236 469 3268 ι
516 3218 650 3285 (Act.
676 3217 728 3271 4.
761 3215 843 3270 52.
871 3217 981 3283 55).
1010 3214 1188 3281 Qualis
1217 3226 1395 3266 murus
1440 3212 1508 3264 ita
1551 3208 1751 3270 ﬁrmus,
1784 3209 1851 3260 ita

304 3310 656 3363 concinnitate
701 3308 970 3377 grandium
1009 3305 1260 3373 lapidum,
1307 3302 1534 3356 hostium
1578 3299 1852 3353 conatibus

307 3398 722 3467 mexpugnahilis
746 3406 846 3459 est,
878 3405 933 3448 nt
957 3405 1125 3449 cactus
1160 3406 1275 3446 sese
1297 3400 1479 3444 mutuo
1503 3387 1847 3457 diligentiam,

304 3498 356 3541 et
396 3488 690 3541 concordia:
734 3501 868 3540 nexu
900 3483 1237 3553 junctorum?
1278 3480 1445 3533 Etiam
1492 3478 1631 3546 ipsos
1659 3473 1853 3529 diaboli

307 3579 530 3647 impetus
566 3586 806 3640 coercet;
854 3573 1143 3642 etquidem
1180 3571 1298 3640 jure
1344 3568 1551 3624 merito.
1594 3565 1724 3620 Nam
1764 3564 1850 3632 qui

306 3668 550 3722 concordi
580 3668 752 3721 animo
790 3674 970 3719 contra
1012 3664 1157 3716 illum
1200 3662 1365 3714 aciem
1392 3660 1672 3720 instruunt,
1700 3657 1770 3707 ita
1798 3662 1852 3705 ut

307 3756 463 3809 nullis
491 3770 519 3807 a
550 3764 688 3808 ctetu
732 3752 1116 3815 deﬁcientibus,
1160 3764 1281 3803 cum
1326 3748 1415 3801 illo
1455 3753 1596 3800 stent
1623 3742 1849 3807 adversi,

306 3846 418 3913 ejus
445 3843 700 3898 machinis
728 3851 849 3896 sunt
870 3841 1066 3906 invicti,
1094 3838 1466 3908 splendidaque
1494 3835 1726 3889 caritatis
1744 3834 1852 3886 eri-

304 3948 433 4005 gunt
479 3946 691 4003 tropaea.
734 3935 810 3987 Ac
848 3930 1287 4001 quemadmodum
1333 3930 1459 3999 lyrae
1499 3926 1665 3988 nervi,
1704 3924 1851 3978 multi

306 4041 421 4079 cum
466 4025 590 4087 sint,
618 4025 663 4077 si
703 4025 753 4077 in
788 4037 944 4076 unum
973 4028 1285 4076 concentum
1329 4017 1564 4082 tendant,
1606 4014 1853 4069 suavissi-

307 4128 443 4165 mam
493 4112 803 4164 cantilenam
866 4109 1026 4163 edunt
1070 4125 1083 4159 :
1137 4109 1213 4161 sic
1258 4107 1344 4175 qui
1400 4120 1503 4159 uno
1554 4103 1855 4157 coalescunt

307 4202 502 4265 animo,
520 4200 808 4268 jucundum
841 4199 1073 4252 caritatis
1101 4197 1333 4266 pulsibus
1372 4209 1556 4247 sonum
1588 4192 1849 4245 emittttnt.

308 4293 426 4346 Ideo
458 4299 640 4344 auctor
666 4302 745 4344 est
774 4291 984 4354 Paulus,
1014 4298 1069 4341 ιιι
1094 4287 1276 4341 ﬁdeles
1303 4285 1525 4355 idipsum
1547 4282 1774 4336 sentiant
1800 4290 1854 4334 et

306 4386 496 4443 dicant.
526 4384 757 4451 aliosque
784 4391 965 4452 putent
984 4396 1040 4435 se
1068 4380 1367 4448 superiores
1395 4391 1533 4440 esse,
1564 4390 1629 4429 ne
1656 4374 1853 4427 ambitu

306 4476 536 4525 solvatur
553 4472 762 4536 caritas,
781 4471 870 4525 sed
886 4471 1083 4523 honore
1100 4469 1213 4521 aliis
1227 4467 1493 4531 cedentes,
1510 4468 1560 4518 in
1575 4463 1854 4519 concordia

313 4562 498 4628 legant
519 4559 767 4629 (Philipp.
800 4561 851 4612 ὅ.
886 4559 967 4614 16.
999 4569 1043 4611 et
1072 4560 1124 4611 2.
1148 4558 1226 4627 3).
1254 4556 1586 4624 Rursumque
1613 4554 1685 4605 ait
1709 4570 1722 4603 ι
1753 4551 1854 4605 Per

308 4652 561 4704 caritatem
588 4652 759 4702 servile
786 4650 1009 4701 invicem.
1050 4648 1223 4698 Omnis
1251 4647 1381 4697 enim
1410 4646 1489 4695 lea:
1532 4646 1581 4695 in
1609 4658 1705 4694 uno
1744 4657 1850 4693 ser-

310 4756 450 4792 mone
491 4740 721 4807 t'mpletttr
746 4753 763 4789 :
790 4737 975 4803 Diliges
998 4736 1278 4805 proximum
1309 4742 1451 4784 tuum
1486 4734 1610 4783 sicut
1645 4731 1852 4797 teipsum

312 4876 327 4897 δ
358 4827 474 4881 Gal.
520 4828 573 4880 5.
624 4828 698 4881 13.
753 4827 837 4880 14.
896 4824 1047 4877 chit.
1083 4823 1328 4891 19.18).
1376 4822 1471 4887 Qui
1519 4821 1704 4888 diligit,
1750 4835 1852 4872 non

311 4918 466 4972 modo
506 4933 609 4971 non
639 4919 911 4985 imperare,
959 4915 1049 4970 sed
1094 4915 1248 4969 etiam
1280 4912 1523 4980 imperari
1564 4912 1670 4963 vult
1697 4928 1707 4960 :
1733 4925 1855 4977 gau-

309 5010 497 5077 detque
541 5007 704 5075 magis
732 5008 1010 5073 imperatus
1032 5020 1184 5074 quam
1228 5004 1508 5071 imperans.
1539 5001 1635 5066 Qui
1662 5000 1849 5067 diligit,

309 5100 524 5167 gratiam
578 5095 816 5149 conferre
864 5096 1078 5157 mavult,
1132 5108 1287 5161 quam
1340 5093 1607 5159 accipere;
1660 5090 1856 5142 mavult

309 5192 498 5258 quippe
522 5188 813 5242 debitorem
844 5188 1063 5239 amicum
1106 5186 1319 5249 habere,
1347 5200 1501 5253 quam
1543 5184 1654 5251 ipse
1684 5184 1727 5234 ei
1760 5183 1853 5234 de-

308 5278 442 5331 bitor
468 5292 607 5333 esse.
631 5277 728 5343 Qui
755 5276 942 5344 diligit,
975 5278 1142 5328 amico
1170 5277 1385 5343 gratiam
1423 5275 1657 5327 conferre
1694 5282 1853 5338 cupit,

308 5383 402 5424 nec
442 5380 621 5424 tamen
656 5370 763 5421 vult
806 5366 1045 5421 conferre
1094 5367 1295 5419 videri:
1330 5367 1380 5418 in
1427 5364 1680 5418 beneﬁt-io
1720 5378 1855 5430 prte-

308 5459 489 5513 stando
516 5459 713 5528 primas
758 5466 957 5521 tenere,
995 5471 1089 5509 nec
1135 5466 1305 5509 tamen
1340 5456 1533 5523 primas
1578 5463 1753 5507 tenere
1778 5453 1855 5504 vi-

306 5552 427 5604 deri.
466 5551 576 5603 lloc
615 5548 755 5602 forte
784 5548 993 5616 quidam
1026 5562 1125 5600 non
1160 5547 1452 5615 intelligunt
1478 5565 1489 5598 :
1519 5545 1855 5613 quamobrem

302 5641 346 5692 itl
370 5640 620 5709 exemplo
650 5640 987 5705 conspicuum
1020 5638 1248 5691 reddam.
1281 5638 1727 5691 (Ilementissimus
1760 5638 1858 5689 Do-

297 5744 462 5787 mmus
488 5746 590 5803 pro
638 5729 791 5783 nobis
831 5728 1015 5782 Filium
1060 5744 1207 5781 suum
1238 5727 1452 5781 daturus
1484 5739 1631 5781 erat:
1674 5738 1721 5778 nt
1769 5744 1856 5781 au-

1458 421 1545 477 DE
1584 412 1933 474 PEBFECTA
1969 413 2332 477 CARITATE.

3397 441 3508 495 282

1968 536 2072 585 tem
2098 546 2200 585 non
2228 535 2490 590 videretur
2531 536 2579 589 id
2610 537 2805 606 largiri,
2854 538 2946 591 sed
2989 538 3220 592 debitum
3269 540 3506 602 reddere.

1964 621 2209 688 praecepit
2251 624 2549 678 Abrahamo
2594 636 2648 680 ut
2688 627 2849 681 ﬁlium
2894 644 3043 682 suum
3074 630 3242 693 daret,
3290 641 3348 685 ut
3389 647 3507 686 cum

1964 708 2185 777 idipsum
2206 713 2317 779 ipse
2342 712 2553 779 faceret,
2585 730 2686 768 non
2709 717 2923 784 gratiam
2948 727 3195 786 praestare
3223 719 3506 781 videretur.

1963 799 2054 852 sed
2083 800 2315 854 debitum
2355 803 2595 869 reddere,
2640 814 2853 873 propter
2894 810 3347 875 supereminentes
3373 810 3475 864 divi

1964 888 2059 941 tias
2080 888 2328 944 bonitatis
2354 906 2479 945 suae.
2515 891 2636 947 Scio
2666 895 2841 948 multis
2871 895 2939 958 id,
2974 898 3109 965 quod
3137 898 3383 963 diximus,
3415 915 3505 951 nov

1964 993 2081 1031 vum
2120 979 2452 1051 insolensqne
2480 983 2660 1038 videri.
2689 984 2742 1037 In
2773 1000 2924 1040 causa
2967 999 3139 1042 autem
3176 1000 3255 1044 est
3281 990 3416 1059 quod
3442 993 3509 1045 de

1963 1080 2020 1118 re
2046 1065 2247 1135 loquar,
2278 1083 2392 1137 qum
2432 1086 2569 1124 nunc
2612 1072 2663 1124 in
2695 1073 2836 1126 cmlis
2877 1085 3130 1129 versatur.
3161 1077 3503 1143 Quemadmo-

1962 1153 2083 1205 dum
2120 1156 2256 1207 enim
2290 1171 2330 1208 ει
2358 1156 2421 1211 de
2466 1160 2639 1226 planta
2679 1161 2920 1229 loquerer
2960 1164 3010 1217 in
3054 1164 3192 1218 India
3238 1178 3507 1225 nascente.

1968 1256 2117 1310 quam
2148 1258 2301 1297 nemo
2326 1248 2645 1313 experientia
2671 1259 3031 1317 cognosceret,
3062 1268 3164 1305 non
3193 1268 3399 1321 possem
3438 1254 3506 1307 il-

1965 1333 2062 1384 lam
2085 1346 2327 1389 sermone
2360 1337 2640 1403 explicare,
2671 1341 2874 1393 etiamsi
2900 1353 3144 1396 sexcenta
3172 1344 3237 1398 de
3266 1344 3347 1396 illa
3380 1361 3503 1396 nar-

1963 1436 2131 1477 rarem
2158 1441 2169 1475 :
2198 1426 2273 1478 sic
2315 1427 2469 1479 etiam
2510 1442 2649 1481 nunc
2690 1428 2877 1483 frustra
2905 1432 3105 1500 loquar,
3147 1448 3264 1486 cum
3296 1435 3502 1502 quidam

1961 1525 2021 1563 ea
2050 1526 2166 1579 quae
2190 1512 2297 1580 jam
2330 1515 2445 1568 dico
2476 1531 2574 1568 non
2602 1518 2906 1587 intelligant.
2940 1521 2990 1573 ln
3020 1523 3149 1576 caelo
3175 1538 3417 1592 namque,
3451 1537 3506 1578 ιιι

1960 1600 2087 1662 dixi,
2116 1600 2230 1656 haec
2257 1602 2429 1671 planta
2452 1603 2689 1659 habetur.
2715 1607 2816 1661 Sed
2842 1608 2884 1661 si
2914 1610 3249 1677 voluerimus,
3275 1613 3323 1664 in
3355 1614 3506 1666 nobis

1960 1689 2115 1742 etiam
2150 1690 2236 1744 illa
2283 1692 2439 1745 inseri
2478 1703 2670 1763 potest.
2717 1695 2836 1749 Ideo
2881 1699 3021 1751 enim
3058 1700 3275 1754 instituti
3324 1716 3504 1755 sumus

1960 1790 2018 1834 ut
2042 1780 2274 1836 dicamus
2300 1783 2437 1837 Patri
2484 1785 2553 1837 illi
2592 1786 2678 1855 qui
2716 1797 2795 1840 est
2841 1789 2890 1840 in
2919 1789 3061 1841 caelis
3091 1806 3103 1840 :
3134 1789 3251 1842 Fiat
3280 1791 3506 1846 voluntas

1960 1880 2045 1923 tua
2066 1869 2116 1923 in
2141 1870 2262 1924 calo
2287 1881 2331 1925 et
2358 1873 2407 1925 in
2437 1882 2565 1926 terra
2594 1874 2799 1945 (Matth.
2824 1876 2874 1931 6.
2912 1877 3015 1947 10).

2030 1962 2082 2015 5.
2122 1960 2298 2015 Libem
2321 1963 2546 2027 arbitrio,
2577 1980 2677 2017 non
2705 1965 2798 2031 fati
2838 1970 3120 2021 necessitate
3152 1970 3502 2039 gubernantur.

1958 2081 2026 2091 -—
2049 2051 2124 2105 Ne
2147 2066 2274 2121 ergo
2301 2061 2540 2120 putemus
2566 2068 2666 2107 non
2698 2070 2849 2123 posse
2871 2072 2965 2111 nos
2992 2058 3285 2126 hujusmodi
3311 2062 3505 2118 bonum

1965 2141 2245 2214 possidere.
2284 2143 2564 2197 Possumus
2605 2143 2764 2207 enim,
2795 2160 2916 2200 vere
2958 2162 3256 2215 possumus,
3296 2153 3338 2203 si
3366 2152 3494 2205 veli-

1960 2243 2075 2284 mus
2093 2229 2409 2299 advigilare;
2438 2246 2605 2301 neque
2627 2231 2723 2286 hoc
2744 2241 2966 2298 tantum,
2997 2235 3088 2289 sed
3115 2236 3268 2290 etiam
3294 2251 3503 2293 omnem

1957 2333 2210 2374 exercere
2235 2319 2496 2373 virtutem.
2523 2320 2714 2376 Libero
2736 2323 2873 2375 enim
2899 2323 3112 2377 arbitrio
3130 2325 3501 2393 gubernamur,

1959 2422 2128 2477 neque
2157 2407 2246 2462 fati
2275 2410 2591 2473 necessitati,
2633 2418 2689 2463 ut
2713 2411 2921 2479 quidam
2948 2422 3149 2481 putant,
3178 2416 3502 2484 subjicitnur,

1957 2515 2072 2552 cum
2098 2499 2367 2553 delinitum
2395 2501 2461 2553 sit
2494 2510 2547 2553 ut
2577 2501 2709 2553 intra
2737 2501 2869 2555 velle
2895 2511 2948 2555 et
2974 2505 3111 2557 nolle
3139 2504 3270 2558 bona
3303 2508 3506 2562 malave

1958 2588 2052 2641 sita
2080 2590 2205 2643 sint.
2238 2589 2357 2644 Ideo
2384 2606 2604 2658 namque
2637 2592 2772 2644 Deus
2810 2600 2864 2645 et
2906 2608 3120 2662 regnum
3158 2598 3415 2663 prmnisit,
3452 2607 3507 2652 et

1958 2681 2266 2748 supplicium
2299 2683 2524 2735 minatus
2561 2692 2658 2736 est.
2702 2684 2857 2750 Atqui
2899 2684 2946 2736 id
2987 2699 3267 2754 numquam
3314 2689 3505 2756 egisset

1960 2784 2077 2838 etga
2116 2771 2429 2824 necessitate
2457 2772 2657 2823 vinctos
2686 2788 2697 2822 :
2729 2786 2846 2824 nam
2878 2786 3059 2826 eorum
3091 2791 3205 2842 qua:
3230 2791 3292 2828 ex
3323 2777 3505 2829 volun-

1961 2869 2065 2913 tate
2089 2860 2238 2924 liunt,
2267 2858 2518 2912 alterutra
2558 2873 2671 2912 sors
2712 2860 2879 2913 datur.
2920 2860 3209 2930 Numquam
3243 2864 3379 2931 leges
3408 2879 3504 2932 po-

1957 2948 2166 3012 suisset,
2199 2962 2296 3002 ncc
2323 2948 2517 3000 monita
2558 2947 2812 3011 dedisset,
2846 2948 2889 3000 si
2921 2964 3016 3003 nos
3049 2950 3138 3002 l‘ati
3167 2951 3388 3004 vinculis
3412 2952 3505 3007 dc-

1959 3039 2260 3092 tineremur.
2291 3037 2393 3091 Sed
2424 3037 2543 3105 quia
2572 3037 2716 3089 liberi
2763 3051 2962 3101 sumus,
2996 3040 3265 3107 nostrique
3303 3041 3503 3094 arbitrii

1957 3127 2173 3188 domini,
2201 3137 2355 3196 atque
2384 3143 2448 3180 ex
2486 3126 2684 3195 ignavia
2728 3128 2892 3194 pravi,
2936 3142 3103 3196 exque
3132 3129 3303 3183 studio
3333 3140 3383 3183 ct
3410 3146 3501 3185 eo-

1957 3226 2080 3272 natu
2124 3218 2243 3271 boni
2278 3217 2552 3280 elﬁcimur,
2602 3217 2796 3271 idcirco
2851 3217 2963 3271 hare
3004 3220 3232 3273 remedia
3279 3223 3503 3289 paravit,

1957 3323 2146 3374 nempe
2182 3316 2321 3361 metu
2350 3308 2586 3375 supplicii
2618 3321 2679 3360 ac
2716 3318 2807 3373 Spe
2844 3308 2986 3375 regni
3023 3322 3117 3360 nos
3143 3310 3405 3375 emendat,
3452 3322 3504 3363 et

1956 3396 2018 3449 ad
2045 3395 2509 3463 philosophandum
2539 3395 2778 3447 instituit.
2807 3395 2985 3463 Neque
3009 3395 3129 3449 hinc
3155 3405 3375 3459 tantum,
3411 3402 3504 3451 sed

1957 3488 2111 3540 etiam
2143 3501 2206 3539 ex
2236 3486 2317 3548 iis,
2342 3500 2457 3553 qua:
2484 3498 2578 3537 nos
2613 3485 2707 3551 ipsi
2752 3485 2968 3552 agimus,
3004 3484 3185 3552 liquet,
3227 3501 3393 3555 neque
3424 3487 3501 3539 fa-

1957 3584 2086 3632 tum.
2114 3589 2282 3641 neque
2309 3573 2586 3638 fortunam,
2620 3588 2786 3640 neque
2813 3575 3063 3641 genesim,
3094 3590 3263 3642 neque
3292 3591 3499 3630 cursum

1956 3671 2216 3717 astrorum
2243 3674 2420 3716 nostra
2453 3676 2649 3731 regere.
2686 3662 2811 3715 Nam
2852 3664 2896 3716 si
2925 3662 3044 3717 hinc
3071 3664 3300 3731 pendent
3328 3670 3503 3720 omnia

1956 3770 2070 3823 qute
2096 3762 2366 3824 geruntur,
2390 3769 2492 3806 non
2524 3761 2695 3807 autem
2724 3770 2751 3805 a
2781 3754 2944 3807 libero
2974 3755 3239 3809 hominum
3262 3755 3499 3821 arbitrio,

1956 3860 2050 3899 cur
2074 3842 2302 3913 ﬂagellas
2328 3858 2536 3897 servum
2570 3842 2791 3896 furatum
2808 3846 2830 3892 ν
2855 3858 2949 3896 cur
2968 3844 3257 3898 adulteram
3287 3862 3499 3901 uxorem

1956 3934 2019 3988 ad
2047 3934 2213 3987 forum
2247 3933 2447 3987 trahis?
2473 3947 2563 3986 cur
2590 3945 2641 3985 te
2682 3932 2858 3999 pudet,
2905 3948 3023 3987 cum
3052 3936 3278 3990 absurda
3313 3954 3500 4006 perpe-

1960 4025 2098 4078 tras?
2125 4038 2221 4091 qua
2255 4023 2319 4075 de
2363 4036 2517 4075 causa
2564 4038 2627 4074 ne
2656 4023 2811 4075 verba
2851 4023 3059 4091 quidem
3096 4026 3500 4095 vituperantium

1958 4115 2205 4177 sustines,
2243 4112 2331 4166 sed
2361 4114 2403 4165 si
2439 4112 2555 4180 quis
2587 4122 2635 4163 te
2672 4114 2957 4178 mtechum,
2990 4123 3079 4168 aut
3109 4114 3498 4183 fornicatoretn,

1958 4214 2047 4257 aut
2072 4204 2356 4267 ebriosum,
2384 4202 2466 4255 vel
2497 4201 2619 4270 quid
2644 4203 2813 4256 simile
2839 4212 3008 4267 vocet,
3044 4205 3091 4257 id
3130 4207 3500 4259 contumeliam

1957 4292 2223 4361 appellas?
2263 4291 2388 4345 Nam
2433 4292 2474 4344 si
2522 4306 2621 4343 non
2670 4306 2734 4344 ex
2778 4300 2865 4343 tuo
2903 4292 3117 4344 arbitrio
3157 4308 3360 4360 peccas,
3408 4311 3506 4349 nec

1958 4383 2153 4435 crimen
2182 4382 2280 4436 erit
2307 4380 2444 4449 quod
2475 4379 2680 4438 feceris.
2717 4394 2811 4432 nec
2853 4381 3163 4434 contumelia
3193 4383 3329 4450 quod
3358 4383 3502 4436 dica-

1960 4480 2061 4524 tur.
2092 4471 2239 4525 Nunc
2265 4480 2436 4523 autetn
2472 4479 2525 4521 et
2554 4468 2689 4534 quod
2725 4468 3054 4534 peccantibus
3087 4486 3189 4522 non
3222 4485 3423 4537 parcas,
3453 4482 3506 4525 et

1960 4561 2095 4629 quod
2138 4574 2359 4628 peccans
2408 4559 2704 4619 erubescas,
2747 4566 2799 4609 et
2847 4558 3007 4610 latere
3047 4573 3215 4622 cures,
3266 4570 3318 4613 et
3367 4563 3505 4629 (ιιιυά

1960 4649 2366 4702 contumeliosos
2399 4653 2547 4712 putes
2585 4660 2693 4705 eos,
2744 4645 2831 4713 qui
2875 4645 2987 4698 haec
3018 4647 3106 4699 tibi
3138 4648 3456 4715 exprobrant
3491 4667 3501 4678 -

1961 4740 2043 4792 his
2070 4747 2210 4791 certe
2236 4736 2478 4790 omnibus
2507 4735 2790 4797 conﬁteris,
2823 4744 2999 4788 nostra
3046 4751 3146 4787 non
3195 4739 3504 4789 necessitate

1962 4831 2129 4881 vincta
2156 4842 2292 4888 esse,
2319 4825 2410 4880 sed
2440 4825 2636 4878 arbitrii
2670 4825 2905 4879 libertate
2933 4827 3126 4877 ornari.
3158 4826 3222 4877 lis
3248 4836 3391 4879 certe
3420 4830 3501 4894 qui

1962 4918 2274 4972 necessitate
2303 4918 2599 4970 detinentur
2621 4931 2834 4982 parcere
2860 4915 3106 4969 solemus.
3129 4916 3181 4969 Si
3206 4918 3321 4983 quis
3347 4931 3374 4968 a
3402 4917 3507 4967 da:-

1962 5022 2115 5060 mone
2148 5007 2389 5073 agitatus,
2438 5014 2524 5056 aut
2569 5006 2791 5057 tunicam
2840 5012 3067 5056 nostram
3099 5004 3378 5071 discerpat,
3423 5016 3508 5057 aut

1965 5100 2140 5167 plagas
2171 5095 2377 5157 inferat,
2428 5110 2528 5147 non
2561 5094 2718 5145 modo
2745 5109 2851 5147 non
2894 5094 3194 5147 ulciscimur
3229 5109 3372 5157 eum,
3417 5095 3507 5147 sed

1963 5188 2119 5240 etiam
2148 5187 2461 5239 miseramur
2497 5185 2645 5251 eique
2675 5185 2953 5251 parcimus.
2986 5184 3195 5249 Quare?
3233 5185 3359 5249 Quia
3405 5200 3508 5236 non

1964 5274 2163 5329 arbitrii
2192 5274 2423 5335 libertas,
2458 5272 2548 5325 sed
2590 5272 2844 5323 dmmonis
2871 5271 3114 5324 violentia
3158 5272 3270 5323 haec
3297 5283 3510 5339 operata

1966 5378 2065 5421 est.
2096 5367 2273 5434 Itaque
2318 5367 2360 5416 si
2406 5365 2504 5416 alia
2547 5364 2703 5415 etiam
2736 5371 2943 5429 peccata
2976 5377 3039 5415 ex
3084 5362 3171 5414 fati
3205 5363 3514 5417 necessitate

1969 5461 2413 5525 perpetrarentur,
2446 5453 2836 5519 ignosceremus
2863 5452 3067 5519 utique;
3110 5454 3227 5520 quia
3257 5466 3381 5504 vero
3406 5453 3512 5504 sci-

1968 5562 2084 5602 mus
2108 5548 2194 5600 illa
2223 5560 2326 5599 non
2360 5558 2424 5597 ex
2467 5542 2776 5596 necessitate
2804 5541 3082 5609 proﬁcisci,
3130 5541 3246 5593 ideo
3274 5557 3368 5594 nec
3399 5542 3513 5596 lteri

1967 5638 2174 5692 famulis
2198 5644 2435 5706 parcunt,
2470 5649 2566 5689 nec
2594 5633 2685 5686 viri
2727 5633 2995 5694 uxoribus,
3032 5644 3127 5684 nec
3154 5645 3342 5683 uxores
3367 5632 3513 5695 viris,

1972 5744 2139 5792 neque
2164 5736 2339 5796 patres
2384 5724 2519 5788 liliis,
2565 5736 2731 5791 neque
2760 5721 2993 5788 magistri
3021 5719 3308 5788 discipulis,
3344 5733 3517 5789 neque
