4112 6480
633 423 743 477 283

634 524 891 593 principes
936 523 1173 589 subditis,
1222 521 1313 577 sed
1342 536 1489 576 acres
1517 522 1773 576 scelerum
1812 520 2164 588 exploratores

636 614 933 682 ultoresque
982 626 1179 676 sumus,
1247 611 1312 665 ad
1368 611 1641 666 tribunalia
1694 610 1945 671 sistimus,
2005 608 2165 677 plagis

634 702 953 769 subjicimus,
981 700 1396 770 eorreptionibus
1422 701 1635 765 utimur,
1662 699 1894 767 nihilque
1922 712 2025 751 non
2054 697 2165 766 agi-

633 806 768 852 mus,
801 798 857 843 ut
884 791 1001 843 illos
1036 805 1064 842 ιι
1109 790 1258 843 malis
1303 790 1602 858 eripiamus.
1638 788 1784 840 Filiis
1809 800 1934 840 vero
1975 784 2167 839 nostris

635 879 942 947 paedagogos
978 878 1179 941 damus,
1218 879 1435 946 illosque
1481 876 1544 930 ad
1590 875 1865 944 magistros
1894 874 2165 935 mittimus,

634 967 800 1018 minas
824 967 1159 1028 iutentamus,
1191 965 1404 1018 verbera
1434 964 1732 1032 infligimus,
1777 962 2043 1029 multaque
2070 961 2167 1013 alia

634 1053 959 1115 adhibemus,
987 1063 1039 1105 ut
1070 1054 1213 1120 probi
1241 1053 1476 1105 evadunt.
1508 1050 1640 1117 Quid
1668 1066 1791 1119 ergo
1814 1064 1945 1117 opus
1971 1048 2168 1101 labori-

637 1144 734 1196 bus
797 1143 1139 1196 sudorihusve
1165 1141 1230 1195 ad
1255 1142 1495 1194 virtutem
1535 1139 1923 1195 exercendam?
1951 1137 2080 1191 Nam
2126 1137 2171 1189 si

639 1230 741 1282 fato
774 1231 1109 1283 constitutum
1138 1231 1224 1292 sit,
1270 1229 1459 1282 bonum
1486 1228 1598 1282 fore
1621 1228 1948 1297 quempiam;
1994 1228 2038 1282 is
2063 1227 2172 1281 sive

640 1319 859 1370 dormiat
887 1327 977 1370 aut
1002 1326 1184 1370 stertat
1209 1317 1377 1369 bonus
1401 1316 1498 1370 erit
1527 1333 1540 1369 :
1572 1317 1677 1369 imo
1696 1317 1867 1384 potius
1889 1315 2057 1369 bonus
2088 1314 2173 1367 ille

638 1409 902 1462 vocandus
927 1424 1031 1461 non
1070 1417 1169 1471 est,
1197 1409 1282 1475 qui
1324 1422 1388 1461 ex
1418 1408 1728 1461 necessitate
1756 1406 1875 1459 talis
1918 1406 2005 1458 sit.
2036 1403 2173 1471 Quid

640 1513 769 1565 opus
790 1497 1054 1551 laboribus
1082 1496 1419 1549 sudoribusve
1442 1494 1505 1548 ad
1533 1495 1809 1563 nequitiam
1838 1492 2175 1563 fugiendam?

642 1585 768 1639 Nam
810 1587 851 1639 si
880 1585 986 1638 fato
1009 1585 1349 1638 constitutum
1378 1585 1465 1649 sit,
1495 1585 1684 1637 malum
1712 1585 1819 1639 fore
1841 1584 2171 1652 quempiam;

642 1676 686 1727 is
728 1674 929 1729 etiamsi
980 1682 1252 1727 sexcentas
1296 1673 1475 1727 subeat
1512 1673 1762 1737 miserias,
1808 1672 1977 1726 malus
2005 1682 2174 1725 tamen

641 1767 773 1818 erit:
803 1766 907 1817 imo
936 1778 1038 1817 non
1066 1764 1256 1816 malum
1283 1776 1399 1816 eum
1429 1777 1520 1831 par
1544 1771 1623 1817 est
1650 1777 1857 1827 vocare,
1880 1762 1965 1827 (tui
1996 1776 2177 1815 neces-

643 1854 794 1905 sitate
834 1852 898 1903 ad
943 1850 991 1903 id
1038 1850 1349 1917 impellatur.
1398 1850 1464 1904 Ut
1508 1850 1644 1903 enim
1684 1849 2079 1913 dmmoniacum,
2133 1852 2176 1903 si

644 1940 984 1993 contumelias
1014 1941 1259 2007 proferat,
1291 1939 1333 1991 si
1365 1940 1617 2006 percutiat
1645 1938 1764 2008 (hoc
1803 1940 1942 1992 enim
1973 1953 2177 1991 rursum

646 2039 762 2083 utor
782 2029 1064 2098 exemplo),
1100 2043 1201 2081 non
1227 2028 1654 2081 contumeliosum
1682 2029 2003 2094 appellamus
2033 2047 2044 2080 :
2076 2042 2179 2081 non

646 2122 739 2187 ipsi
770 2121 959 2187 quippe
988 2118 1350 2171 contumeliam
1386 2118 1748 2179 adscribimus,
1795 2118 1885 2171 sed
1928 2118 2182 2172 daemonis

648 2210 939 2264 necessitati
973 2225 985 2259 :
1012 2208 1085 2261 sic
1111 2221 1206 2260 ncc
1235 2207 1547 2275 improbum,
1577 2208 1618 2259 si
1658 2208 1764 2259 fato
1793 2208 1856 2259 ad
1898 2207 2181 2275 nequitiam

650 2301 960 2367 impellatur,
1001 2311 1243 2351 \ocemus
1288 2295 1606 2363 improbum;
1652 2304 1707 2348 ut
1752 2311 1919 2364 neque
1967 2296 2183 2363 probum

648 2390 968 2459 appellemus
987 2386 1223 2456 probum.
1248 2385 1448 2437 Etenim
1466 2386 1506 2437 si
1532 2386 1629 2439 hoc
1649 2387 1987 2443 concedatur.
2010 2386 2181 2438 omnia

651 2488 827 2532 nostra
858 2490 1061 2544 pessum
1100 2476 1280 2535 ibunt;
1323 2473 1459 2525 nulla
1492 2474 1590 2527 erit
1626 2474 1811 2537 virtus,
1840 2476 1977 2527 nulla
2008 2475 2186 2543 nequi-

652 2568 741 2626 tia,
788 2580 890 2618 non
943 2572 1104 2624 artes,
1154 2578 1253 2615 non
1295 2562 1452 2629 leges.
1503 2562 1733 2629 nihilque
1771 2563 2043 2631 ejusmodi.
2084 2557 2188 2617 Cur

655 2669 811 2722 porro
839 2663 1030 2707 tantam
1057 2667 1233 2706 curam
1256 2655 1433 2723 aegroti
1460 2652 1787 2715 adhibemus,
1820 2653 2065 2718 pecunias
2091 2666 2186 2705 ex-

655 2743 950 2811 pendimus,
997 2742 1226 2795 medicus
1272 2742 1606 2800 accersimus,
1650 2740 1924 2808 pharmaca
1972 2739 2190 2807 apponi-

655 2845 791 2895 ntus,
819 2832 986 2883 ventri
1014 2830 1379 2884 abstinentiam
1420 2830 1715 2891 indicimus,
1754 2827 2191 2895 concupiscentia!

654 2921 857 2974 frenum
888 2918 1182 2987 injicimus?
1202 2917 1330 2970 Nam
1358 2919 1397 2969 si
1429 2933 1492 2971 ex
1524 2917 1627 2971 fato
1659 2918 1883 2985 pendent
1918 2918 2114 2970 sanitas
2138 2924 2193 2970 et

656 3009 890 3070 morbus,
918 3009 1193 3075 supernum
1218 3016 1338 3060 sunt
1360 3008 1692 3076 pecuniarum
1719 3022 1981 3076 expenstc,
2010 3020 2194 3076 super-

656 3098 789 3151 ﬂuus
816 3096 1137 3151 medicorum
1172 3110 1314 3159 usus,
1346 3110 1729 3164 supervacanea
1776 3096 1993 3148 infirmis
2034 3108 2191 3148 accu-

656 3196 766 3239 rata
814 3187 899 3239 illa
938 3186 1037 3240 cibi
1082 3187 1323 3239 tenuitas.
1350 3185 1496 3239 Nunc
1538 3195 1711 3239 autem
1757 3195 1809 3238 et
1835 3200 1898 3238 ex
1931 3185 2010 3237 his
2039 3192 2093 3237 et
2129 3198 2193 3237 ex

656 3275 772 3327 aliis
795 3273 1141 3336 ostendimus,
1186 3273 1315 3326 nihil
1356 3288 1535 3327 eorum
1564 3288 1678 3326 esse
1724 3272 2061 3340 superfhnnn.
2092 3272 2194 3325 Ve-

658 3378 774 3415 rum
803 3362 1028 3416 facessat
1057 3362 1142 3414 illa
1174 3362 1262 3414 fati
1292 3360 1463 3416 fabula
1494 3378 1506 3413 :
1540 3376 1658 3414 nam
1687 3377 1801 3429 qua:
1845 3362 1906 3413 ad
1956 3376 2050 3414 nos
2080 3376 2198 3428 pcr-

661 3453 847 3516 tinent,
878 3451 1003 3504 nulli
1048 3450 1393 3519 subjiciuntur
1430 3451 1750 3513 necessitati,
1796 3450 1888 3502 sed
1914 3451 2109 3513 omnia,
2141 3460 2198 3503 ttt

660 3542 789 3606 dixi,
814 3541 1013 3594 arbitrii
1040 3541 1278 3594 libertate
1302 3540 1490 3594 donata
1519 3551 1658 3593 sunt.

729 3634 783 3685 4.
825 3631 1034 3684 Moralis
1073 3631 1367 3685 exhortatio.
1408 3629 1659 3681 Iudicium
1701 3628 1794 3681 Dei
1830 3645 1975 3698 quam
2018 3630 2197 3681 timen-

664 3722 801 3773 dum.
828 3719 1042 3773 —Hcec
1086 3733 1203 3772 cum
1247 3718 1489 3778 sciamus,
1534 3716 1726 3779 dilecti,
1775 3717 1879 3769 imo
1921 3715 1999 3770 his
2050 3717 2202 3786 longe

666 3811 813 3879 plura
842 3807 1021 3876 (multa
1050 3807 1188 3860 enim
1232 3806 1332 3858 alia
1378 3805 1477 3858 dici
1520 3816 1747 3872 possent,
1791 3804 1880 3857 sed
1910 3804 2021 3857 lucc
2050 3812 2203 3857 erunt

664 3895 1062 3965 sapientioribus
1096 3892 1261 3962 satis),
1290 3892 1544 3961 fugiamus
1584 3892 1886 3957 nequitiam,
1928 3892 2204 3960 diligamus

665 3987 931 4047 virtutem,
964 3994 1019 4037 ut
1046 4000 1109 4037 ex
1138 3983 1290 4037 rebus
1331 3982 1456 4051 ipsis
1500 3981 1851 4043 ostendamus,
1898 3996 1995 4035 nos
2040 3982 2204 4036 libero

666 4074 737 4125 uti
764 4072 828 4125 ad
862 4087 921 4126 ea
951 4087 1065 4139 quae
1093 4071 1299 4138 placent
1336 4068 1569 4135 arbitrio,
1602 4085 1667 4123 ne
1711 4069 2090 4124 confundamur
2115 4072 2204 4125 illo

668 4161 770 4223 die,
799 4175 903 4229 quo
929 4159 1248 4227 singulorum
1271 4174 1425 4228 opera
1453 4159 1837 4213 revelabuntur.
1869 4159 2048 4213 Omnes
2076 4163 2205 4213 enim

668 4266 756 4303 nos
807 4249 1114 4318 manifestari
1151 4258 1340 4314 oportet
1380 4257 1493 4301 ante
1529 4247 1742 4299 tribunal
1782 4246 1984 4309 Christi,
2033 4259 2088 4301 ut
2134 4251 2207 4302 ait

667 4339 877 4402 Paulus,
900 4347 949 4390 ut
967 4338 1146 4404 referat
1164 4338 1509 4405 unusquisque,
1535 4346 1678 4404 prout
1697 4337 1865 4403 gessit,
1888 4337 1987 4388 sive
2006 4336 2203 4401 bonum,

668 4430 768 4483 sive
805 4430 989 4481 "talum
1015 4428 1089 4499 (2.
1142 4428 1254 4481 Cor.
1286 4430 1338 4482 5.
1385 4428 1491 4495 10).
1534 4428 1800 4490 Tribuual,
1841 4443 2036 4497 quasso,
2083 4429 2206 4481 illud

672 4520 941 4574 nobiscum
979 4528 1299 4587 reputemus,
1341 4519 1487 4587 quasi
1526 4519 1629 4585 jam
1676 4519 1902 4583 adesset,
1940 4518 2207 4584 Judexquc

668 4609 892 4672 sederet,
920 4617 973 4661 et
999 4607 1170 4661 omnia
1197 4607 1567 4667 revelarentur,
1600 4607 1651 4658 in
1682 4607 2013 4676 mediumque
2038 4608 2206 4661 addu-

668 4705 931 4753 cereutur.
964 4696 1075 4749 Non
1119 4696 1279 4749 modo
1316 4696 1453 4749 enim
1486 4710 1581 4749 nos
1622 4695 1828 4750 adstare
1857 4706 2081 4765 oportet,
2114 4696 2205 4750 sed

668 4789 824 4841 etiam
854 4785 1192 4840 manifestari.
1216 4785 1399 4837 Annon
1422 4784 1764 4838 erubescitis?
1790 4799 1962 4837 annon
1995 4784 2209 4853 perhor-

668 4876 910 4931 rescitis?
940 4890 1112 4928 annon
1143 4889 1282 4943 saepe
1309 4875 1438 4927 mori
1463 4876 1629 4942 potius
1648 4886 1907 4942 optamus,
1937 4891 2089 4945 quam
2121 4892 2210 4930 oc-

668 4968 863 5021 eultum
914 4965 1082 5018 scelus
1125 4963 1507 5018 venerabiiibus
1552 4965 1731 5017 amicis
1772 4966 1962 5018 nostris
2002 4964 2208 5034 detegi?

668 5058 783 5123 Quo
811 5065 929 5108 tunc
973 5068 1127 5108 sensu
1160 5053 1465 5120 afficiemur,
1507 5069 1624 5107 cum
1652 5064 1861 5121 peccata
1905 5065 2079 5109 nostra
2114 5072 2205 5111 co-

669 5161 779 5198 ram
830 5144 1071 5196 omnibus
1113 5142 1308 5210 angelis
1355 5142 1753 5209 hominibusque
1804 5142 2112 5210 detegentur
2156 5154 2209 5200 et

668 5247 789 5291 ante
818 5237 997 5289 oculos
1031 5234 1314 5287 sistentur?
1343 5235 1564 5303 Arguam
1606 5244 1671 5299 te,
1702 5234 1887 5302 inquit,
1922 5245 1965 5287 et
1994 5245 2207 5289 statuam

668 5335 841 5377 rontra
874 5325 1047 5391 facient
1076 5332 1213 5374 tuam
1253 5333 1447 5391 peccata
1481 5333 1565 5375 tua
1591 5321 1755 5390 (Psal.
1801 5324 1887 5377 49.
1918 5323 2029 5391 21).
2059 5325 2206 5390 Quod

666 5416 712 5469 si
750 5430 807 5469 re
835 5414 1064 5467 nondum
1094 5421 1368 5480 praesente,
1401 5413 1491 5466 sed
1535 5422 1730 5465 tantum
1771 5414 2057 5480 supposita,
2091 5429 2203 5468 ser-

670 5518 928 5573 moneque
969 5503 1249 5570 descripta,
1300 5503 1617 5555 conscientia
1662 5511 1878 5570 urgente
1915 5503 2203 5569 obruimur,

672 5594 790 5663 qmd
832 5593 1081 5645 faciemus
1124 5606 1239 5644 cum
1272 5600 1474 5657 tempus
1520 5589 1705 5653 aderit,
1738 5605 1854 5642 cum
1902 5600 2038 5643 totus
2067 5592 2208 5647 orbis

674 5695 902 5749 prmscus
940 5680 1059 5743 crit,
1086 5694 1203 5731 cum
1230 5677 1395 5746 angeli
1426 5684 1478 5729 ct
1516 5675 1835 5743 archangeli,
1864 5692 1979 5729 cum
2013 5683 2202 5747 princi-

1372 414 1427 468 S.
1463 410 1729 466 JOANNIS
1765 405 2222 466 CllRYSOSTOMI
2260 404 2570 462 ARCIIIEP.
2611 406 3131 464 CONSTANTINOP.

3709 427 3818 481 284

2276 523 2425 581 patus
2468 524 2520 569 et
2553 525 2858 585 potestates,
2905 534 3022 573 cum
3053 520 3189 575 tuba:
3231 521 3525 590 frequentes
3553 521 3811 590 clangent,

2272 620 2389 658 cum
2408 606 2531 673 justi
2560 609 2826 675 rapientur
2852 610 2903 663 in
2931 611 3180 677 nubibus,
3209 621 3260 666 et
3287 613 3467 678 ingens
3494 613 3594 664 erit
3621 626 3811 681 pecca—

2274 706 2440 750 torum
2472 697 2623 751 flctus
2645 699 2668 750 ?
2693 699 2820 765 Quis
2851 708 2969 755 tunc
3006 712 3174 756 terror
3216 701 3573 769 apprehendet
3612 716 3705 755 eos
3729 702 3819 770 qui

2274 786 2326 838 in
2358 796 2493 839 terra
2533 788 2847 841 manebunt?
2893 788 3023 843 Nam
3073 789 3220 856 Una,
3268 791 3453 859 inquit,
3488 791 3732 857 rapietur,
3774 800 3821 842 et

2275 892 2372 928 una
2408 876 2752 945 relinquetur:
2778 895 2903 931 unus
2941 890 3236 945 aestimetur,
3279 890 3324 934 et
3350 895 3480 932 unus
3519 880 3823 947 relinquetur

2275 965 2484 1032 (Matth.
2526 966 2613 1019 24.
2638 966 2747 1035 40).
2775 967 2889 1032 Quo
2917 976 3069 1021 erunt
3096 968 3169 1020 illi
3200 969 3394 1029 animo,
3436 966 3643 1036 quando
3668 966 3820 1019 vidca-

2275 1055 2400 1106 bunt
2430 1054 2547 1108 illos
2589 1069 2777 1123 magno
2812 1070 2929 1108 cum
2970 1054 3167 1109 honore
3194 1055 3410 1119 assumi,
3443 1070 3501 1110 se
3537 1071 3664 1109 vero
3699 1070 3819 1109 cum

2276 1140 2434 1193 multa
2460 1142 2776 1208 turpitudine
2800 1143 3057 1211 relinqui?
3080 1142 3192 1196 Non
3218 1150 3405 1211 potest,
3429 1158 3555 1208 non,
3585 1144 3821 1210 inquam,

2279 1237 2469 1295 potest,
2502 1229 2701 1283 credite
2728 1229 2875 1292 mihi,
2916 1231 3078 1283 verbo
3106 1231 3358 1284 declarari
3394 1230 3589 1284 doloris
3614 1231 3822 1299 magni-

2278 1316 2420 1370 tudo.
2450 1316 2665 1371 Vidistis
2693 1333 2832 1386 saepe
2860 1334 2950 1373 eos
2980 1319 3065 1388 qui
3096 1320 3160 1373 ad
3199 1331 3421 1374 mortem
3452 1320 3825 1373 adducuntur?

2277 1405 2391 1471 Quo
2414 1406 2530 1457 illos
2554 1406 2728 1461 animo
2757 1408 2948 1475 putatis
2968 1422 3083 1461 esse
3111 1407 3230 1461 dum
3254 1408 3316 1461 ad
3341 1409 3529 1461 ostium
3558 1410 3825 1477 pergunt?

2277 1495 2407 1562 Quid
2436 1512 2536 1549 non
2565 1512 2740 1566 agere,
2783 1498 2904 1566 quid
2947 1513 3047 1551 non
3076 1499 3177 1566 pati
3207 1508 3466 1567 Optarent,
3512 1507 3567 1551 ut
3609 1516 3638 1552 a
3680 1510 3823 1553 tanta

2278 1585 2500 1654 caligine
2533 1587 2892 1654 eriperentur?
2931 1587 3113 1640 Audivi
3149 1602 3245 1657 ego
3285 1589 3475 1641 multos
3500 1603 3680 1641 eorum
3710 1590 3822 1655 qui,

2280 1684 2551 1743 postquam
2597 1674 2801 1729 abducti
2852 1674 3075 1738 fuerant,
3120 1674 3494 1745 lmperatorutn
3543 1677 3821 1730 clementia

2280 1766 2529 1829 revocati,
2562 1765 2797 1819 dicerent
2835 1781 2891 1820 se
2929 1767 3103 1820 animo
3142 1768 3207 1818 ita
3237 1766 3561 1835 perturbato,
3594 1766 3664 1819 ita
3704 1781 3827 1833 per-

2281 1854 2427 1908 culso
2466 1853 2645 1921 fuisse,
2674 1863 2729 1909 ut
2768 1870 2938 1922 neque
2977 1856 3216 1909 homines
3240 1856 3383 1923 quasi
3415 1855 3653 1910 homines
3682 1852 3828 1909 vide-

2284 1952 2421 1998 rent.
2468 1944 2656 1998 Verum
2688 1944 2807 2012 quid
2835 1944 2899 1999 de
2932 1945 3168 1998 abductis
3196 1945 3416 2013 loquor?
3442 1944 3827 1999 Circumstabat

2284 2036 2558 2089 multitudo
2604 2035 2869 2089 hominum
2918 2051 3137 2104 quorum
3183 2050 3365 2105 magna
3408 2048 3529 2104 pars
3575 2036 3831 2089 abductos

2285 2139 2388 2177 non
2414 2133 2646 2178 noverat.
2675 2125 2857 2193 Siquis
2884 2125 3203 2193 singulorum
3244 2126 3446 2177 animos
3474 2123 3819 2191 explorasset,

2287 2217 2482 2269 nullum
2510 2216 2790 2285 reperisset
2821 2226 2921 2268 tam
2965 2216 3264 2278 immanem,
3298 2223 3401 2268 tam
3430 2215 3679 2279 ferocem,
3723 2224 3829 2267 tam

2287 2314 2549 2357 strenuum
2564 2304 2646 2373 qui
2670 2320 2771 2372 prta
2788 2313 2985 2358 terrore
3001 2314 3051 2358 ct
3067 2319 3278 2372 angore,
3295 2318 3395 2358 non
3414 2304 3642 2357 demisso
3656 2304 3833 2356 animo

2288 2401 2443 2445 esset.
2466 2392 2616 2457 Quod
2650 2393 2692 2445 si
2714 2391 2835 2445 dum
2858 2393 2967 2457 alii,
2992 2392 3115 2460 ipsis
3136 2392 3273 2445 nullo
3292 2392 3691 2445 necessitudinis
3718 2392 3835 2444 viu-

2288 2480 2409 2533 culo
2457 2482 2643 2547 juncti,
2704 2488 2871 2534 morte
2925 2480 3281 2545 mulctantur,
3335 2481 3403 2533 ita
3451 2479 3621 2534 affecti
3675 2490 3833 2543 sunt;

2289 2568 2495 2637 quando
2517 2584 2612 2621 nos
2632 2570 2680 2621 in
2703 2568 2934 2636 graviora
2962 2568 3267 2632 incidemus,
3293 2584 3397 2637 quo
3419 2568 3614 2621 erimus
3634 2569 3831 2628 animo,

2291 2673 2319 2710 a
2345 2658 2534 2726 gaudio
2557 2658 2645 2710 illo
2672 2656 2917 2711 ineffabili
2940 2657 3111 2725 ejecti,
3141 2657 3264 2710 etin
3287 2658 3661 2725 sempiternum
3689 2656 3835 2709 missi

2293 2745 2635 2812 supplicium?
2665 2745 2869 2797 Etenim
2917 2744 3120 2797 etiamsi
3150 2745 3290 2797 nulla
3330 2754 3471 2799 esset
3506 2749 3768 2813 gelienna,
3802 2759 3833 2795 a

2295 2842 2440 2887 tanto
2473 2833 2751 2900 splendore
2779 2832 2916 2900 ejici,
2950 2842 2998 2886 et
3027 2833 3138 2887 sine
3168 2832 3365 2886 honore
3391 2833 3837 2899 recedere,quan-

2298 2931 2403 2973 tum
2433 2928 2571 2975 esset
2593 2921 2931 2988 supplicium!
2960 2920 3086 2974 Nam
3110 2923 3151 2974 si
3181 2920 3438 2989 hodieque
3464 2922 3838 2989 Imperatorem

2298 3010 2677 3081 ingredientem
2707 3011 2853 3064 multi
2880 3020 3171 3074 cernentes,
3200 3026 3454 3079 suamque
3480 3019 3841 3079 paupertatcm

2296 3100 2707 3165 considerantes,
2741 3116 2844 3153 non
2887 3108 3079 3153 tantam
3112 3101 3400 3169 percipiunt
3424 3114 3485 3153 ex
3514 3099 3612 3152 hoc
3636 3108 3842 3167 specta-

2296 3188 2415 3243 culo
2460 3188 2799 3257 voluptatem,
2843 3200 3091 3257 quantum
3131 3203 3410 3242 maerorem
3461 3204 3523 3242 ex
3568 3203 3654 3252 eo,
3702 3188 3843 3256 quod

2300 3276 2490 3329 nullius
2524 3276 2709 3329 horum
2748 3276 2852 3330 sint
2892 3286 3164 3331 consortes
3192 3277 3472 3341 bonorum,
3502 3290 3670 3343 neque
3705 3277 3845 3329 inter

2300 3366 2517 3418 clientes
2565 3365 2867 3432 imperantis
2896 3375 3363 3428 connmnereutur,
3390 3365 3509 3431 quid
3551 3373 3674 3417 tunc
3702 3364 3847 3417 erit?

2302 3453 2431 3506 Num
2464 3468 2676 3521 parvum
2720 3468 2839 3508 esse
2870 3456 3064 3522 putatis
3098 3454 3410 3522 supplicium
3451 3455 3500 3506 in
3538 3453 3702 3505 choro
3754 3454 3849 3506 illo

2304 3558 2406 3595 non
2436 3545 2740 3597 acccnseri?
2771 3545 3011 3598 ineffabili
3040 3545 3202 3613 gloria
3245 3560 3345 3598 non
3377 3543 3618 3613 dignari?
3664 3543 3731 3595 ab
3758 3544 3849 3595 illo

2305 3644 2441 3686 coetu
2481 3642 2533 3686 et
2560 3632 2993 3686 inenarrabilibus
3024 3633 3171 3686 bonis
3210 3633 3388 3702 procul
3409 3632 3599 3699 abjici?
3622 3633 3691 3685 At
3728 3646 3849 3684 cum

2305 3733 2495 3791 praeter
2525 3724 2634 3776 lucc
2658 3732 2811 3777 erunt
2844 3723 3094 3788 tenebrae,
3138 3723 3330 3776 stridor
3359 3722 3611 3787 dentium,
3641 3722 3850 3775 vincula

2307 3814 2624 3877 insolubilis,
2656 3814 2849 3867 vermis
2889 3815 2976 3883 qui
3019 3828 3124 3867 non
3170 3814 3411 3878 moritur,
3462 3813 3593 3881 ignis
3623 3813 3711 3881 qui
3745 3828 3851 3865 non

2308 3904 2674 3968 exstinguitur,
2719 3904 2876 3955 animi
2928 3918 3140 3968 mceror,
3183 3904 3418 3971 angustia
3453 3943 3467 3967 ,
3524 3903 3712 3971 lingua:
3756 3902 3854 3955 ad-

2309 4000 2529 4057 ustre,ut
2551 3992 2634 4044 illa
2662 3991 2853 4056 divitis,
2879 4006 2994 4045 cum
3022 3991 3358 4059 plorabimus,
3380 4001 3432 4045 et
3453 4005 3605 4045 nemo
3634 3992 3735 4044 erit
3764 3992 3853 4059 qui

2309 4080 2503 4142 audiat,
2535 4095 2652 4134 cum
2698 4081 3105 4150 ingemiscentus
3146 4090 3200 4135 et
3239 4080 3519 4136 fremcmus
3559 4096 3623 4133 cx
3651 4080 3857 4133 dolori-

2313 4170 2425 4233 bus,
2452 4178 2504 4222 et
2529 4184 2684 4223 nemo
2703 4168 2957 4235 attendet,
2983 4170 3210 4239 undique
3236 4170 3595 4237 respiciemus,
3622 4175 3674 4220 et
3701 4181 3858 4220 nemo

2311 4256 2477 4311 aderit
2503 4257 2590 4325 qui
2622 4258 2925 4312 consoletur
2955 4274 2967 4310 :
3000 4273 3104 4326 quo
3133 4259 3186 4310 in
3216 4258 3401 4311 ordine
3428 4255 3717 4310 locabimus
3741 4270 3859 4319 eos,

2310 4346 2398 4413 qui
2429 4346 2482 4398 in
2524 4346 2820 4413 hujusmodi
2858 4355 2997 4399 statu
3044 4345 3355 4398 versantur?
3399 4342 3522 4411 quid
3554 4342 3860 4411 hujusmodi

2312 4434 2584 4487 animabus
2606 4434 2991 4488 miserabilius?

2382 4526 2433 4579 5.
2474 4525 2527 4578 Si
2568 4539 2720 4591 porro
2754 4525 2806 4577 in
2848 4538 3084 4577 carceres
3134 4524 3346 4592 ingressi
3373 4564 3387 4588 ,
3419 4522 3539 4576 dum
3588 4518 3863 4590 squalidos

2314 4613 2429 4667 illos
2469 4612 2701 4664 videmus
2723 4651 2737 4676 ,
2764 4612 2852 4680 qui
2898 4611 3095 4664 catenis
3143 4610 3325 4664 ferreis
3353 4610 3508 4663 vincti
3538 4618 3687 4670 sunt,
3727 4610 3864 4663 alios

2314 4716 2437 4754 vero
2462 4700 2511 4752 in
2542 4700 2770 4753 tenebris
2796 4698 3102 4761 conclusos,
3132 4697 3434 4766 frangimur,
3468 4696 3861 4759 horrescimus,

2314 4788 2545 4857 nihilque
2568 4803 2675 4841 non
2704 4787 2904 4856 agimus
2932 4802 2996 4839 ne
3036 4788 3087 4839 in
3113 4796 3306 4838 tantam
3338 4786 3680 4837 calamitatem
3727 4786 3864 4836 iuci-

2315 4876 2527 4929 damus:
2552 4891 2669 4927 cum
2699 4874 3018 4927 abducemur
3039 4875 3191 4925 vincti
3221 4874 3269 4926 io
3294 4874 3549 4941 gehenna:
3576 4882 3863 4934 tormenta,

2315 4980 2418 5033 quo
2462 4964 2658 5018 erimus
2712 4962 2928 5015 animo?
2956 4962 3077 5030 quid
3134 4961 3412 5014 faciemus?
3457 4959 3570 5013 Non
3616 4960 3759 5015 enim
3801 4974 3865 5012 ex

2316 5053 2457 5107 ferro
2496 5067 2619 5107 cusa
2659 5061 2781 5105 sunt
2826 5051 2909 5103 illa
2937 5052 3162 5113 vincula,
3186 5051 3276 5103 sed
3306 5066 3370 5105 ex
3404 5051 3539 5118 igne,
3564 5050 3651 5116 qui
3695 5064 3861 5101 num~

2316 5158 2467 5211 quam
2494 5141 2871 5209 exstinguitur,
2910 5154 3007 5192 nec
3045 5140 3267 5208 aequales
3309 5140 3458 5192 nobis
3482 5149 3602 5192 sunt
3631 5138 3700 5191 illi
3727 5178 3743 5200 ,
3775 5136 3862 5205 qui

2316 5231 2465 5284 nobis
2482 5227 2871 5295 praeficiuntur,
2889 5242 3020 5295 quos
3047 5242 3186 5294 saepe
3219 5227 3519 5281 demulcere
3555 5227 3728 5289 liceat,
3770 5223 3863 5277 sed

2316 5320 2486 5387 angeli
2518 5315 2777 5371 terribiles
2805 5324 2858 5369 et
2903 5316 3337 5369 immisericordes
3360 5357 3375 5381 ,
3416 5329 3548 5384 quos
3585 5330 3650 5368 ne
3691 5314 3866 5382 respi-

2316 5423 2434 5462 cere
2478 5407 2683 5474 quidem
2732 5404 3007 5471 possimus.
3048 5406 3237 5474 quique
3283 5405 3351 5459 ob
3393 5402 3766 5459 contumeliam
3812 5404 3862 5454 in

2318 5498 2593 5552 Dominqu
2624 5494 3265 5562 irrogatam,vehementer
3282 5495 3518 5549 saeviunt.
3548 5492 3658 5546 Non
3682 5492 3863 5547 videro

2316 5597 2417 5647 est,
2448 5598 2504 5638 ut
2542 5585 2644 5644 hic,
2672 5583 2800 5636 alios
2828 5592 3062 5651 argento,
3103 5583 3233 5636 alios
3259 5584 3394 5643 cibo,
3424 5583 3555 5635 alios
3599 5582 3819 5635 suadela
3841 5620 3858 5645 ,

2320 5681 2413 5733 sibi
2447 5675 2853 5729 consolationem
2902 5688 3083 5741 parare
3105 5713 3119 5739 ,
3151 5673 3242 5727 sed
3289 5672 3461 5725 omnia
3500 5673 3566 5726 ibi
3594 5673 3750 5726 venia
3774 5686 3859 5727 ca-
