4062 6528
437 451 548 508 285

443 561 571 614 ριον,
604 549 722 609 τοὺς
751 548 804 600 δὲ
833 549 1064 618 τροφὰς,
1098 553 1220 612 τοὺς
1253 550 1306 602 δέ
1334 551 1520 617 λόγους
1558 552 1869 618 εἰσάγοντας
1905 565 2081 621 παρα-

438 630 723 698 κλητικοὺς
777 633 918 698 ἰδεῖν,
967 636 1057 686 καὶ
1106 636 1449 704 παραμυθίας
1491 640 1687 706 τυχεῖν,
1732 637 1863 690 ἀλλά
1910 640 2082 690 πάντα

436 718 551 767 ἐκεῖ
588 717 958 785 ἀσύγγνωστα.
997 722 1112 774 Κᾶν
1152 723 1271 775 Νῶε
1311 719 1365 794 ᾖ.
1411 724 1511 776 κᾶν
1543 723 1681 787 Ἰὼϐ,
1725 724 1824 778 κᾶν
1867 725 2079 793 Δανιὴλ,

435 802 529 854 καὶ
560 805 684 867 τοὺς
720 807 946 868 οἰκείους
971 808 1114 860 ἴδωσι
1142 808 1547 878 κολαζομένους,
1573 812 1632 864 οὐ
1658 811 1890 880 τολμῶσι
1915 830 2080 882 παρα-

437 888 640 957 στῆναι,
671 892 761 943 καί
791 897 944 962 χεῖρα
972 893 1170 961 ὀρέξαι.
1205 896 1310 948 Kal
1343 898 1447 965 γὰρ
1482 898 1577 966 τὴν
1610 899 1673 950 ἐκ
1703 901 1912 967 φύσεως
1943 916 2076 967 συμ-

433 973 660 1026 πάθειαν
690 976 1021 1046 ἀναιρεῖσθαι
1053 980 1172 1031 τότε
1206 981 1486 1048 συμϐαίνει
1547 983 1760 1052 Ἐπειδὴ
1793 983 1899 1052 γάρ
1931 984 2075 1053 εὑρί-

435 1075 648 1112 σκονται
679 1061 872 1114 δίκαιοι
901 1065 1102 1116 τέκνων
1130 1067 1463 1135 ἁμαρτωλῶν
1487 1069 1739 1138 πατέρες,
1773 1070 1865 1121 καὶ
1895 1070 2076 1131 παῖδες

431 1143 624 1210 ἀγαθοὶ
643 1147 842 1210 γονέων
868 1149 1114 1217 πονηρῶν
1139 1149 1217 1218 (οὐ
1240 1151 1344 1220 γάρ
1371 1151 1578 1218 φύσεώς
1601 1155 1762 1211 ἐστιν,
1786 1153 1916 1205 ἀλλά
1941 1152 2076 1220 γνώ-

432 1244 540 1297 μης
570 1231 637 1282 τὰ
665 1231 848 1298 κακά),
881 1232 1018 1284 ὥστε
1057 1234 1302 1302 καθαράν
1327 1237 1507 1300 αὐτοῖς
1531 1233 1665 1289 εἶναι
1693 1237 1787 1307 τὴν
1815 1238 2077 1307 εὐφροσύ-

428 1329 543 1383 νην,
582 1316 672 1367 καὶ
713 1316 785 1385 μὴ
826 1320 893 1386 τῇ
933 1318 1030 1388 τῆς
1078 1320 1412 1388 συμπαθείας
1449 1323 1659 1392 ἀνάγκῃ
1709 1322 2072 1374 κατακλᾶσθαι

425 1400 550 1460 τοὺς
597 1401 962 1465 ἀπολαύοντας
1004 1403 1112 1456 τῶν
1157 1405 1372 1472 ἀγαθῶν
1423 1408 1672 1472 ἐκείνων,
1727 1410 1818 1460 καὶ
1874 1408 2074 1476 ταύτην

428 1483 746 1538 σϐέννυσθαι
776 1488 894 1539 τότε
923 1488 1057 1552 ἐστὶ,
1085 1489 1176 1541 καὶ
1209 1491 1400 1553 αὐτοὺς
1428 1496 1850 1559 συναγανακτεῖν
1878 1494 1954 1562 τῷ
1982 1497 2074 1545 Δε-

428 1569 599 1642 σπότῃ
641 1573 776 1624 κατά
823 1573 929 1624 τῶν
970 1575 1180 1626 οἰκείων
1223 1575 1555 1645 σπλάγχνων.
1603 1579 1660 1630 Εἰ
1705 1579 1811 1648 γάρ
1855 1580 1946 1632 καὶ
1981 1579 2073 1632 νῦν

423 1670 584 1721 τινες,
620 1656 744 1710 ὅταν
775 1657 920 1709 ίδωσι
941 1659 1170 1725 φαύλους
1193 1662 1314 1723 τοὺς
1337 1663 1509 1715 αὐτῶν
1532 1663 1740 1728 παῖδας,
1768 1665 2072 1735 ἀποκηρύτ-

421 1755 591 1804 τουσι,
632 1741 720 1794 καὶ
753 1744 847 1807 τῆς
889 1745 1200 1811 συγγενείας
1239 1748 1624 1818 ἀποτέμνουσι,
1665 1751 1841 1820 πολλῷ
1877 1752 2070 1821 μᾶλλον

421 1825 481 1876 ἐν
507 1827 572 1895 τῇ
618 1827 790 1897 κρίσει
824 1828 981 1881 τοῦτο
1019 1833 1321 1899 γενήσεται.
1365 1831 1657 1903 Τοιγαροῦν
1693 1836 1877 1906 μηδεὶς
1918 1838 2068 1889 ἐλπι-

421 1907 577 1972 ζέτω,
609 1913 814 1981 χρηστά
840 1915 911 1983 μὴ
939 1917 1325 1985 ἐργασάμενος,
1349 1921 1400 1969 τὶ
1435 1921 1681 1989 χρηστὸν,
1713 1923 1812 1974 κᾶν
1845 1925 2068 1991 μυρίους

418 1994 517 2069 Im
541 1999 833 2067 προγόνους
853 2001 1106 2065 δικαίους.
1131 2005 1416 2071 Ἕκαστος
1436 2008 1543 2076 γὰρ
1567 2010 1887 2078 κομίσεται,
1914 2012 2064 2079 φησὶ,

417 2081 491 2133 τὰ
524 2082 618 2136 διὰ
654 2083 761 2136 τοῦ
800 2085 1086 2155 σώματος,
1121 2089 1266 2156 πρὸς
1297 2091 1333 2143 d
1369 2093 1643 2159 ἔπραξεν,
1679 2096 1796 2147 alte
1823 2096 2063 2163 ἀγαθόν,

414 2166 537 2220 alta
577 2173 783 2224 κακόν.
821 2172 1182 2242 Ἀκούσωμεν,
1215 2179 1529 2250 παρακαλῶ,
1561 2181 1651 2232 καὶ
1687 2183 2061 2252 σωφρονῶμεν.

420 2254 516 2306 ’Δν
543 2254 652 2325 πῦρ
681 2257 806 2328 ἔχῃς
825 2258 1112 2328 ἐπιθυμίας
1135 2264 1390 2332 πονηρᾶς,
1417 2265 1660 2334 ἐννόησον
1682 2268 1775 2336 τῆς
1798 2267 2064 2330 κολάσεως

415 2338 626 2422 ἐκείνης
647 2340 705 2392 τὸ
727 2342 853 2411 πῦρ,
884 2345 975 2396 καὶ
1002 2346 1155 2396 τοῦτο
1183 2348 1544 2401 κατασϐεσθὲν
1570 2350 1790 2418 οἴχεται.
1826 2354 1920 2404 "Av
1947 2352 2064 2422 βου-

412 2421 580 2494 ληθῇς
603 2425 928 2494 φθέγξασθαί
962 2446 1013 2480 τι
1049 2430 1153 2484 τῶν
1183 2433 1412 2493 ἀτόπων,
1441 2436 1685 2504 ἐννόησον
1710 2437 1798 2489 τὸν
1825 2437 2062 2507 βρυγμὸν

411 2523 520 2610 τῶν
556 2527 797 2591 ὀδόντων,
839 2531 930 2583 καὶ
960 2531 1171 2600 χαλινὸς
1207 2533 1354 2587 ἔσται
1389 2552 1467 2587 σοι
1507 2536 1794 2605 φόϐος.”Αν
1821 2540 2062 2610 ἁρπάσαι

413 2609 662 2686 θελήσῃς,
690 2614 915 2667 ἄκουσον
942 2616 1032 2668 τοῦ
1066 2618 1313 2672 δικαστοῦ
1337 2620 1599 2688 λέγοντος,
1621 2622 1847 2687 Δήσατε
1864 2609 2060 2680 αὑτοῦ

407 2698 610 2768 χεῖρας
635 2699 731 2751 καὶ
753 2700 958 2766 πόδας,
982 2704 1079 2755 καί
1099 2704 1319 2766 ,ϐάλετε
1346 2707 1528 2760 αὐτόν
1553 2710 1638 2772 εἰς
1666 2709 1730 2760 τὸ
1759 2710 1973 2775 σκότος
1993 2714 2058 2765 τὸ

408 2783 713 2852 ἐξώτερον,
740 2786 831 2838 καὶ
856 2787 1055 2857 ταύτην
1079 2789 1325 2853 ἐκϐαλεῖς
1345 2790 1438 2861 τὴν
1461 2791 1764 2862 ἐπιθυμίαν.
1795 2797 1889 2846 “Av
1914 2796 2058 2865 ὠμὸς

410 2873 505 2925 καὶ
535 2871 842 2942 ἀνελεήμων
871 2872 957 2947 ᾖς,
987 2876 1354 2945 ἀναμνήσθητι
1380 2878 1486 2929 τῶν
1511 2878 1790 2949 παρθένων
1819 2882 2053 2946 ἐκείνων,

408 2955 486 3022 αῖ,
529 2955 633 3009 τῶν
676 2956 964 3026 λαμπάδων
999 2960 1172 3012 αὐτῶν
1214 2962 1532 3015 σϐεσθεισῶν
1571 2964 1657 3017 διὰ
1697 2966 1757 3018 τὸ
1803 2967 1876 3038 μὴ
1916 2968 2059 3037 ἔχειν

407 3041 606 3105 ἔλαιον,
634 3043 726 3096 τοῦ
765 3046 1045 3114 νυμφῶνος
1074 3046 1344 3114 ἐξέπεσον,
1377 3049 1467 3101 καλ⁵
1499 3051 1703 3118 ταχέως
1735 3052 1833 3121 ἔσῃ
1871 3055 2055 3120 φιλάν-

407 3125 642 3198 θρωπος.
675 3131 768 3182 “Av
799 3131 1016 3200 μεθύειν
1044 3134 1135 3185 καὶ
1165 3137 1372 3204 τρυφᾷν
1398 3134 1685 3205 ἐπιθυμῇς,
1715 3138 1936 3190 ἄκουσον
1962 3140 2054 3192 τοῦ

408 3214 658 3268 πλουσίου
693 3217 954 3285 λέγοντος,
981 3220 1223 3288 Πέμψον
1247 3220 1526 3286 Λάζαρον,
1567 3224 1650 3274 ἴνα
1685 3223 1836 3294 ἀκρῳ
1863 3225 1939 3294 τῷ
1965 3225 2053 3279 δα-

405 3301 584 3372 κτύλῳ
623 3303 901 3374 καταψύξῃ
949 3305 1044 3374 τὴν
1081 3307 1503 3378 τηγανιζομένην
1548 3308 1814 3378 γλῶσσαν,
1857 3312 1949 3364 καὶ
1993 3313 2052 3365 οὐ

400 3387 756 3458 τυγχάνοντος
788 3390 885 3457 τῆς
907 3391 1190 3458 αἰτήσεως,
1219 3394 1310 3443 καὶ
1325 3394 1528 3462 ταχέως
1543 3397 1823 3466 ἀποστήσῃ
1839 3397 1930 3449 τοῦ
1950 3399 2055 3450 πά-

404 3472 526 3538 θους
558 3473 727 3546 [294].
772 3477 880 3527 Καὶ
911 3477 978 3527 τά
1020 3476 1151 3529 ἄλλα
1182 3477 1238 3529 δὲ
1274 3479 1447 3530 πάντα
1482 3479 1654 3548 τούτῳ
1695 3482 2053 3550 κατορθώσεις

399 3558 478 3628 τῷ
504 3561 688 3630 τρόπῳ
716 3575 728 3587 '
761 3560 910 3612 οὐδὲν
942 3564 1048 3630 γάρ
1076 3561 1327 3631 φορτικὸν
1365 3564 1620 3628 ἐπέταξεν
1646 3566 1673 3616 6
1696 3563 1845 3627 Θεός.
1885 3566 2054 3620 Πόθεν

399 3638 492 3696 οὖν
520 3646 749 3714 φορτικά
788 3645 1031 3713 φαίνεται
1072 3647 1138 3698 τά
1177 3648 1556 3718 ἐπιτάγματα;
1589 3649 1722 3702 Ἀπὸ
1757 3651 1856 3720 τῆς
1889 3652 2052 3722 ρᾳθυ-

402 3730 530 3798 μίας
558 3731 654 3800 τῆς
685 3732 972 3801 ἡμετέρας.
1007 3733 1213 3801 Ὠσπερ
1241 3733 1365 3802 γὰρ,
1402 3734 1496 3785 ἐάν
1530 3735 1931 3806 σπουδάζωμεν,
1959 3739 2050 3791 καὶ

396 3815 467 3870 τά
501 3816 755 3870 δοκοῦντα
795 3817 963 3885 βαρέα
1004 3817 1176 3885 κοῦφα
1214 3819 1362 3873 ἐσται
1404 3821 1497 3872 καὶ
1535 3820 1708 3890 ῥᾴδια,
1737 3821 1926 3887 οὕτως,
1957 3825 2050 3877 ἐὰν

398 3917 749 3989 ρᾳθυμῶμεν,
770 3921 860 3972 καὶ
878 3921 943 3972 τά
963 3920 1169 3992 φορητά
1193 3924 1434 3989 φανεῖται
1453 3921 1683 3976 δύσκολα
1702 3925 1853 3993 ήμῖν.
1875 3926 2050 3997 "Amp

395 4003 610 4058 ᾶπαντα
633 4005 993 4075 λογισάμενοι,
1029 4008 1100 4076 μὴ
1135 4007 1261 4069 τοὺς
1291 4008 1609 4078 τρυφῶντας
1641 4009 2046 4080 μακαρίζωμεν,

393 4088 528 4142 ἀλλά
549 4089 608 4141 τὸ
627 4089 775 4152 τέλος
797 4091 972 4142 αὐτῶν
1002 4092 1286 4160 ἐννοῶμεν.
1307 4093 1319 4113 ’
1335 4092 1576 4147 Ενταῦθα
1601 4094 1699 4164 μὲν
1723 4095 1830 4164 γάρ
1849 4095 2049 4165 κόπρος

393 4175 492 4230 καὶ
533 4175 886 4246 πολυσαρκία,
922 4178 1035 4227 ἐκεῖ
1062 4178 1117 4228 δὲ
1150 4177 1362 4248 σκώληξ
1388 4179 1479 4232 καὶ
1518 4177 1646 4250 πῦρ.
1677 4180 1768 4249 Μὴ
1795 4182 1919 4243 τοὺς
1947 4182 2047 4251 ἀρ·

394 4261 682 4325 πάζοντας,
723 4262 855 4314 ἀλλά
884 4261 936 4313 τί
964 4261 1024 4314 τὸ
1051 4261 1201 4325 τέλος
1232 4263 1428 4317 αὐτῶν.
1472 4264 1734 4318 Ἐνταῦθα
1773 4267 2047 4334 φροντίδες

392 4367 486 4421 καὶ
520 4366 690 4432 πόνοι,
735 4368 852 4420 ἐκεῖ
892 4365 1066 4436 δεσμά
1105 4365 1272 4419 ἄλυτα
1304 4366 1396 4419 καὶ
1433 4365 1620 4428 σκότος
1646 4366 1926 4438 ἐξώτερον.
1955 4369 2046 4440 Μή

389 4455 515 4516 τοὺς
555 4452 708 4523 δόξης
735 4452 992 4522 ἐρῶντας,
1037 4451 1170 4505 ἀλλά
1202 4452 1254 4504 τί
1282 4452 1342 4504 τὸ
1373 4451 1521 4514 τέλος
1549 4451 1744 4506 αὐτῶν.
1788 4453 2046 4508 Ἐνταῦθα

390 4539 600 4595 δουλεία
627 4539 718 4593 καὶ
747 4539 1014 4608 εἰρωνεία,
1044 4540 1156 4591 ἐκεῖ
1187 4537 1356 4609 ζημία
1384 4539 1547 4607 πολλὴ
1588 4539 1680 4592 καὶ
1708 4538 1768 4591 τὸ
1803 4539 2042 4610 διηνεκὲς

390 4625 800 4697 ἐμπυρίζεσθαι.
821 4626 918 4679 “Av
939 4624 1107 4688 οὕτως
1127 4627 1335 4688 ἐαυτοῖς
1355 4624 1741 4695 διαλεγώμεθα,
1765 4627 2044 4680 καὶταῦτα

390 4713 484 4765 καὶ
510 4713 579 4764 τά
602 4711 824 4764 τοιαῦτα
857 4711 1090 4781 συνεχῶς
1122 4710 1407 4783 ἐπᾴδωμεν
1438 4713 1552 4772 ταῖς
1596 4715 1854 4781 πονηραῖς
1888 4711 2042 4781 ήμῶν

389 4800 721 4869 ἐπιθυμίαις,
754 4799 960 4869 ταχέως
985 4799 1077 4851 καλ⁸
1109 4799 1306 4850 κακίαν
1341 4796 1684 4866 ἐκφύγωμεν,
1722 4797 1814 4850 καί⁵
1844 4800 2040 4868 ἀρετήν

390 4885 826 4957 κατορθώσομεν,
862 4886 953 4937 καὶ
985 4885 1074 4936 τὸν
1107 4885 1214 4936 τῶν
1244 4883 1519 4953 παρόντων
1546 4883 1721 4953 ἔρωτα
1754 4883 2037 4955 σϐέσομεν,

389 4975 483 5029 καὶ
514 4975 603 5026 τὸν
635 4974 742 5025 τῶν
786 4971 1082 5042 μελλόντων
1118 4970 1408 5039 ἀνάψομεν.
1452 4971 1516 5022 Τί
1547 4969 1652 5039 γάρ
1684 4970 1795 5041 ἔχει
1837 4971 1905 5024 τά
1940 4989 2040 5026 πα-

393 5061 552 5132 ρόντα
589 5060 818 5129 βέϐαιον,
845 5059 878 5129 ἢ
909 5057 959 5110 τί
988 5058 1134 5124 ξένον
1161 5057 1247 5109 καὶ
1281 5057 1597 5126 παράδοξον,
1625 5060 1704 5111 ὃτι
1734 5061 1909 5111 πᾶσαν
1941 5058 2039 5128 τήν

391 5147 622 5216 σπουδὴν
648 5147 725 5208 εἰς
755 5145 890 5197 αὐτά
917 5143 1317 5212 ἀναλίσκωμενς
1343 5143 1475 5213 Οὐχὶ
1498 5142 1566 5194 τά
1594 5142 1730 5196 αὺτά
1753 5143 2036 5207 διαπαντὸς

388 5234 600 5304 ὁρῶμεν
630 5225 1220 5300 ἀνακυκλούμενα,οἰον
1272 5229 1449 5298 ήμέρα
1495 5229 1587 5282 καὶ
1637 5229 1747 5293 νὺξ,
1799 5232 1891 5296 νὺξ
1943 5233 2034 5284 καὶ

387 5323 584 5392 ἡμέρα,
617 5317 818 5389 χειμὼν
848 5317 940 5370 καὶ
975 5317 1147 5386 θέρος,
1183 5316 1335 5386 θέρος
1364 5317 1456 5368 καὶ
1494 5313 1715 5385 χειμὼν,
1748 5316 1839 5366 καὶ
1877 5313 2033 5369 πλέον

387 5408 564 5472 οὐδένς
614 5405 928 5474 Ἀνάψωμεν
971 5404 1144 5456 τοίνυν
1195 5403 1298 5455 τῶν
1347 5401 1638 5471 μελλόντων
1683 5399 1895 5466 ἀγαθῶν
1942 5399 2032 5451 τὸν

389 5495 569 5549 πόθον.
612 5493 830 5560 Μεγάλη
875 5490 981 5560 γὰρ
1027 5489 1308 5563 ἀπόκειται
1343 5489 1464 5554 δόξα
1500 5490 1607 5549 τοῖς
1650 5486 1908 5548 δικαίοις,
1939 5487 2030 5539 καὶ

387 5585 454 5651 ἢν
480 5582 578 5634 οὐκ
606 5579 682 5632 ενι
712 5579 1050 5648 παραστῆσαι
1075 5576 1234 5643 λόγῳ.
1266 5569 1346 5626 Τὰ
1376 5574 1480 5642 γὰρ
1513 5573 1736 5643 σώματα
1768 5572 1902 5642 μετά
1932 5573 2028 5641 τὴν

386 5672 672 5725 ἀνάστασιν
737 5663 1090 5723 ἀπολαϐόντες
1145 5659 1414 5730 ἄφθαρτα,
1476 5656 1875 5724 συνδοξάζονται
1942 5661 2028 5712 καί⁸

391 5752 836 5829 συμϐασιλεύουσι
864 5749 938 5820 τῷ
971 5747 1202 5819 Χριστῷ.

1206 436 1259 490 S.
1299 435 1581 491 JOANNIS
1618 435 2101 493 CHRYSOSTOEI
2140 435 2450 494 ARCHIEP.
2485 443 3024 502 CONSTANTINOP.

3718 451 3826 506 286

2258 554 2316 616 ς’.
2344 555 2577 609 Τοῦτοδέ
2599 559 2779 627 ήλίκον
2803 561 2967 622 ἐστὶν,
2987 556 3231 614 ἐντεῦθεν
3247 553 3527 623 εἰσόμεθαο
3555 550 3749 621 μᾶλλον
3771 560 3825 602 ει

2187 639 2370 705 σαφῶς
2402 641 2499 710 μὲν
2534 643 2826 711 οὐδαμόθεν
2852 641 3105 712 εἰσόμεθα
3134 657 3147 671 ·
3183 640 3320 692 ὥστε
3346 639 3402 691 δὲ
3430 637 3536 691 ἀπὸ
3563 637 3669 688 τῶν
3699 637 3824 704 παρ’

2185 724 2314 792 ἡμῖν
2344 728 2562 793 ἀγαθῶν
2589 729 2922 798 ἀναχθέντες,
2953 727 3151 798 μικράν
3175 725 3301 794 γοῦν
3323 741 3441 777 τινα
3468 723 3716 792 λάϐωμεν
3742 721 3827 772 ἔνο

2184 827 2349 874 νοιαν,
2365 812 2438 875 ώς
2462 814 2523 866 ἀν
2544 808 2650 876 οἷός
2667 831 2725 866 τε
2744 808 2808 879 ὦ,
2832 814 3170 884 παραστῆσαι
3189 811 3513 880 πειράσομαι
3538 810 3595 861 τὸ
3621 807 3824 874 λεχθέν.

2185 897 2317 949 Εἰπέ
2343 899 2448 968 γάρ
2481 917 2589 968 μοι,
2617 901 2671 952 εἰ
2691 901 2773 962 τίς
2799 917 2856 952 σε
2880 899 3242 968 γεγηρακότα,
3272 899 3362 949 καὶ
3394 897 3450 948 ἐν
3476 895 3631 963 πενία
3653 892 3826 955 ζῶντα

2184 985 2540 1054 ἐπηγγέλλετο
2563 989 2804 1057 ποιήσειν
2828 986 3081 1054 ἐξαίφνης
3107 985 3238 1048 νέον,
3269 984 3361 1036 καὶ
3388 985 3464 1044 εἰς
3493 981 3657 1049 αὐτὴν
3680 980 3825 1042 ἄξειν

2182 1069 2282 1137 τῆς
2311 1070 2525 1139 ήλικίας
2551 1073 2649 1142 τὴν
2678 1072 2877 1142 ἀκμὴν,
2914 1072 3006 1124 καὶ
3039 1071 3236 1139 σφόδρα
3271 1068 3482 1141 ἰσχυρὸν
3508 1067 3599 1120 καὶ
3629 1066 3825 1134 ὡραῖον

2185 1156 2320 1226 ὑπὲρ
2364 1158 2570 1219 πάντας
2596 1159 3041 1218 κατασκευάσειν,
3071 1157 3161 1208 καὶ
3205 1153 3474 1222 βασιλείαν
3500 1152 3688 1204 δώσειν
3729 1153 3826 1218 τῆς

2181 1241 2282 1309 γῆς
2311 1243 2522 1312 ἀπάσης
2545 1244 2637 1296 ἐπὶ
2659 1243 2801 1294 ἔτεσι
2833 1243 3035 1311 χιλίοις,
3065 1240 3334 1309 βασιλείαν
3358 1239 3575 1308 εἰρήνην
3602 1236 3826 1304 ἔχουσαν

2182 1326 2501 1397 βαθυτάτην,
2535 1327 2586 1379 τί
2610 1329 2707 1380 οὐκ
2732 1329 2795 1381 ἂν
2829 1328 2965 1397 ὑπὲρ
2997 1327 3194 1396 ταύτης
3222 1325 3359 1377 εἵλου
3388 1324 3484 1391 τῆς
3521 1321 3824 1381 ὑποθέσεως

2179 1413 2271 1463 καὶ
2313 1413 2531 1482 ποιῆσαι
2571 1415 2661 1466 καὶ
2703 1414 2917 1474 παθεῖνς
2962 1413 3090 1466 Ἰδοὺ
3129 1412 3320 1467 τοίνυν.
3363 1412 3390 1462 6
3433 1409 3662 1476 Χριστὸς
3705 1407 3824 1473 οὐχὶ

2177 1497 2367 1560 ταῦτα,
2414 1499 2546 1551 ἀλλά
2591 1500 2765 1569 πολλῷ
2814 1500 3027 1568 μείζονα
3071 1498 3270 1550 τούτων
3309 1493 3715 1562 ἐπαγγέλλεται.
3747 1493 3820 1544 Οὖ

2178 1586 2284 1657 γάρ
2311 1588 2431 1639 ὅσον
2462 1589 2641 1657 γήρως
2663 1589 2756 1640 καὶ
2780 1589 3021 1656 νεότητος
3053 1586 3110 1639 τὺ
3146 1585 3324 1654 μέσον,
3350 1581 3594 1634 τοσοῦτον
3620 1579 3821 1648 φθορᾶς

2179 1673 2271 1725 καὶ
2301 1673 2602 1744 ἀφθαρσίας
2623 1673 2682 1726 τὸ
2709 1675 2955 1743 διάφορον
2986 1691 2999 1706 ο
3028 1673 3144 1725 οὐδὲ
3172 1673 3291 1723 ὅσον
3320 1669 3585 1738 βασιλείας
3611 1669 3704 1718 καὶ
3730 1682 3796 1716 πε

2177 1758 2311 1822 νίας,
2339 1760 2586 1812 τοσοῦτον
2613 1759 2708 1828 τῆς
2731 1759 2884 1828 δόξης
2911 1759 3008 1828 τῆς
3039 1757 3310 1826 παρούσης
3346 1756 3438 1806 καὶ
3469 1754 3567 1821 τῆς
3602 1751 3822 1820 μελλού-

2178 1863 2276 1914 σης
2306 1862 2320 1875 ·
2355 1846 2468 1898 ἀλλ’
2501 1847 2622 1899 ὅσον
2651 1847 2938 1916 ὀνειράτων
2971 1845 3061 1898 καὶ
3092 1841 3364 1912 ἀληθείας.
3401 1838 3612 1893 Μᾶλλον
3641 1838 3696 1890 δὲ
3728 1838 3819 1889 0°3-

2173 1932 2260 1985 δέν
2291 1932 2496 1985 οὐδέπω
2528 1934 2722 2003 εἴρηκα
2754 1949 2768 1963 °
2808 1931 2926 1984 οὐδὲ
2954 1931 3061 2000 γάρ
3092 1930 3203 1981 ἐστι
3240 1928 3392 1993 λόγος
3431 1926 3608 1987 ἱκανὸς
3637 1941 3817 1992 παρα-

2176 2021 2365 2087 στῆσαι
2407 2019 2466 2070 τὸ
2501 2018 2728 2088 μέγεθος
2749 2018 2847 2088 τῆς
2874 2018 3128 2086 διαφορᾶς
3151 2014 3259 2067 τῶν
3286 2012 3555 2082 ἐσομένων
3586 2010 3718 2079 πρὸς
3749 2010 3818 2061 τά

2175 2105 2428 2176 παρόντα.
2461 2105 2668 2174 Χρόνου
2714 2105 2769 2157 δὲ
2815 2105 2997 2157 ἕνεκεν
3021 2141 3035 2165 ,
3075 2101 3193 2155 οὐδὲ
3220 2100 3367 2171 [295]
3393 2099 3640 2168 ἐννοῆσαι
3681 2097 3817 2158 ὅλως

2173 2188 2286 2242 ἔστι
2312 2190 2587 2262 διαφοράν.
2617 2191 2740 2253 Πῶς
2770 2190 2876 2260 γὰρ
2912 2191 2975 2244 ἀν
3008 2205 3090 2250 τις
3124 2186 3420 2257 παραϐάλοι
3446 2187 3556 2246 τοῖς
3585 2181 3818 2250 παροῦσι

2171 2274 2314 2345 ζωὴν
2357 2279 2527 2346 πέρας
2570 2277 2667 2331 οὐκ
2705 2276 2961 2347 έχουσανς
3000 2270 3109 2344 Τῆς
3148 2275 3204 2327 δέ
3241 2274 3458 2342 εἰρήνης
3496 2268 3712 2323 τοσοῦτο
3754 2266 3818 2318 τὸ

2172 2361 2352 2429 μέσον,
2383 2363 2503 2416 ὅσον
2530 2365 2747 2434 εἰρήνης
2785 2365 2876 2417 καὶ
2908 2362 3140 2432 πολέμου
3171 2361 3230 2414 τὸ
3266 2361 3517 2428 διάφορον
3547 2372 3562 2388 ·
3595 2358 3686 2409 καὶ
3719 2356 3816 2422 τῆς

2170 2448 2370 2518 φθορᾶς
2393 2449 2485 2502 καὶ
2500 2453 2596 2520 τῆς
2620 2449 2940 2520 ἀφθαρσίας,
2965 2449 3084 2501 ὅσον
3108 2447 3272 2516 βώλου
3295 2445 3520 2514 πηλίνης
3537 2443 3564 2494 6
3581 2442 3817 2509 καθαρὸς

2171 2537 2510 2607 μαργαρίτης
2540 2538 2794 2606 ἀμείνων.
2818 2535 3028 2590 Μᾶλλον
3056 2535 3132 2596 δὲ,
3163 2535 3259 2586 ὅσα
3291 2533 3355 2586 ἀν
3378 2534 3505 2603 εῖπῃ
3537 2548 3636 2592 τις,
3664 2529 3816 2581 οὐδὲν

2169 2621 2506 2690 παραστῆσαι
2520 2621 2822 2691 δυνήσεται.
2834 2619 2950 2673 Κᾶν
2965 2619 3070 2690 γάρ
3081 2619 3155 2689 τῷ
3170 2619 3268 2688 τῆς
3288 2619 3500 2678 ἀκτῖνος
3519 2613 3819 2685 παραϐάλω

2166 2706 2300 2771 φωτὶ
2315 2706 2374 2758 τὸ
2400 2707 2590 2769 κάλλος
2610 2707 2712 2759 τῶν
2744 2707 2862 2760 τότε
2888 2707 3167 2776 σωμάτων,
3197 2705 3296 2758 κᾶν
3324 2706 3572 2773 ἀστραπῇ
3605 2704 3670 2770 τῇ
3707 2717 3814 2767 φα-

2164 2790 2373 2861 νοτάτῃ,
2392 2791 2541 2844 οὐδὲν
2556 2792 2760 2845 οὐδέπω
2773 2792 2868 2861 τῆς
2884 2791 3254 2862 λαμπρότητος
3281 2789 3489 2858 ἐκείνης
3511 2788 3656 2853 ἄξιον
3681 2786 3808 2854 ἐρῶ.

2176 2877 2342 2948 ’Υπὲρ
2367 2878 2429 2946 δὴ
2454 2879 2653 2932 τούτων
2687 2879 2824 2932 πόσα
2852 2880 2950 2933 οὐκ
2978 2879 3122 2942 ἀξιον
3151 2876 3408 2948 προέσθαι
3441 2877 3697 2945 χρήματα
3719 2873 3815 2924 καὶ

2166 2961 2384 3031 σώματα
2403 2980 2415 3026 ;
2440 2965 2633 3031 μᾶλλον
2653 2965 2709 3016 δὲ
2730 2966 2898 3027 πόσας
2917 2965 3014 3017 οὐκ
3030 2964 3172 3027 ἀξιον
3191 2961 3447 3032 προέσθαι
3467 2961 3670 3029 ψυχάςς
3697 2958 3814 3011 Νῦν

2162 3048 2246 3111 δέ,
2284 3050 2331 3100 εἰ
2378 3050 2476 3117 μέν
2519 3050 2600 3112 τίς
2641 3068 2699 3102 σε
2745 3054 2822 3114 εἰς
2867 3051 3104 3120 βασίλεια
3145 3050 3419 3118 εἰσήγαγε.
3463 3048 3554 3099 καὶ
3596 3047 3814 3098 πάντων

2162 3132 2438 3201 παρόντων
2467 3132 2795 3202 διαλεχθῆναί
2829 3150 2907 3186 σοι
2937 3132 3025 3184 τὸν
3053 3132 3267 3201 βασιλέα
3293 3129 3686 3200 παρεσκεύασε,
3715 3131 3813 3181 καὶ

2159 3217 2526 3287 ὁμοτράπεζον
2565 3218 2709 3288 αὐτῷ
2743 3220 2833 3271 καὶ
2871 3218 3166 3288 ὁμοδίαιτον
3205 3217 3447 3285 ἐποίησε,
3491 3217 3703 3268 πάντων
3740 3215 3812 3266 ἂν

2160 3302 2294 3372 ἔφης
2335 3304 2525 3357 σαυτὸν
2572 3302 2707 3357 εἶναι
2751 3303 3157 3374 μακαριώτερον
3193 3321 3206 3334 ο
3247 3305 3325 3363 εἰς
3365 3302 3418 3353 δὲ
3461 3301 3551 3353 τὸν
3583 3301 3809 3370 οὐρανὸν

2164 3387 2366 3456 μέλλων
2406 3389 2700 3458 ἀναϐῆναι,
2731 3390 2820 3441 καὶ
2856 3388 2982 3458 παρ’
3012 3387 3169 3440 αὑτὸν
3207 3386 3422 3438 ἑστάναι
3455 3386 3546 3437 τὸν
3587 3385 3809 3452 βασιλέα

2159 3471 2264 3523 τῶν
2292 3471 2446 3533 ὅλων,
2469 3473 2560 3524 καὶ
2587 3475 2698 3534 τοῖς
2724 3473 2972 3540 ἀγγέλοις
2999 3471 3368 3540 ἀντιλάμπειν,
3396 3471 3486 3522 καὶ
3515 3469 3613 3536 τῆς
3639 3471 3811 3537 ἀπρο-

2161 3556 2305 3607 σίτου
2334 3555 2489 3625 δόξης
2511 3557 2799 3610 ἀπολαύειν
2824 3558 3053 3626 ἐκείνης,
3080 3555 3431 3624 ἀμφιϐάλλεις
3457 3556 3504 3605 εἰ
3531 3555 3634 3606 δέοι
3669 3570 3809 3622 προ-

2161 3640 2309 3693 έσθαι
2353 3641 2632 3711 χρήματα,
2658 3641 2794 3706 δέον,
2826 3643 2871 3694 εἰ
2903 3640 2996 3693 καὶ
3023 3640 3118 3709 τὴν
3152 3638 3293 3707 ζωὴν
3333 3638 3498 3708 αὐτὴν
3538 3639 3812 3691 ἀποδύσαν-

2159 3725 2278 3778 σθαι
2307 3726 2439 3788 ἔδει.
2477 3730 2699 3798 σκιρτᾷν
2732 3728 2821 3781 καὶ
2852 3727 3171 3795 ἀγάλλεσθαι
3213 3727 3304 3779 καὶ
3335 3725 3655 3796 πτεροῦσθαι
3698 3725 3811 3779 ὑπὸ

2154 3811 2253 3881 τῆς
2277 3812 2497 3882 ήδονῆς;
2524 3814 2595 3866 Σὺ
2623 3813 2702 3878 δὲ,
2721 3815 2805 3866 ἵνα
2833 3814 2930 3882 μὲν
2957 3814 3126 3883 ἀρχὴν
3147 3813 3314 3882 λάϐῃς
3341 3812 3438 3882 τὴν
3463 3811 3813 3881 παρέχουσάν

2156 3913 2236 3950 σοι
2279 3899 2488 3952 κλοπῶν
2534 3899 2782 3970 ἀφορμὰς
2827 3900 2907 3968 (οὐ
2950 3900 3056 3968 γάρ
3098 3899 3280 3969 κέρδος
3319 3898 3379 3951 τὸ
3419 3897 3648 3950 τοιοῦτον
3691 3897 3809 3961 ἐγὼ

2156 4001 2345 4069 καλῶ),
2371 4004 2464 4055 καὶ
2490 4003 2556 4054 τά
2587 4004 2712 4056 ὄντα
2735 4003 3027 4066 ἐκϐάλλεις,
3060 4004 3152 4056 καὶ
3181 4002 3246 4055 τά
3272 4003 3467 4070 ἐτέρων
3489 4001 3804 4068 δανεισάμε-

2155 4105 2264 4154 νος,
2294 4091 2341 4141 εἰ
2370 4089 2495 4150 δέοι,
2524 4090 2614 4141 καὶ
2639 4089 2736 4157 τήν
2771 4090 2999 4155 γυναῖκα
3029 4088 3211 4141 καὶτὰ
3233 4087 3392 4139 τέκνα
3423 4087 3707 4139 ὑποθέσθαι
3734 4088 3806 4139 οὐ

2154 4178 2453 4238 κατοκνεῖς,
2487 4174 2584 4244 τῆς
2613 4175 2669 4227 δέ
2704 4175 2969 4244 βασιλείας
2999 4173 3108 4226 τῶν
3139 4173 3380 4244 οὐρανῶν
3408 4174 3805 4242 προκειμένης,

2150 4260 2247 4329 τῆς
2273 4259 2461 4313 οὐδένα
2495 4260 2732 4328 διάδοχον
2771 4259 2995 4329 ἐχούσης
3022 4260 3211 4329 ἀρχῆς,
3253 4259 3425 4320 ὀκνεῖς
3465 4260 3556 4311 καὶ
3595 4257 3807 4330 ἀναδῖὲῃ

2152 4346 2244 4398 καὶ
2291 4345 2423 4415 πρὸς
2457 4349 2708 4415 χρήματα
2740 4346 2997 4416 κέχηνας;
3030 4347 3122 4398 καὶ
3148 4345 3244 4398 οὑκ
3285 4346 3501 4408 ἐννοεῖς,
3531 4345 3610 4397 ὅτι
3645 4346 3691 4396 εἰ
3726 4347 3809 4398 τὰ

2152 4431 2285 4500 πρὸς
2315 4433 2457 4500 ήμᾶς
2487 4431 2579 4483 τοῦ
2622 4432 2845 4502 οὐρανοῦ
2891 4433 3028 4504 μέρη
3073 4431 3212 4484 οὕτω
3260 4433 3397 4484 καλά
3436 4432 3528 4484 καὶ
3569 4431 3806 4501 τερπνὰ,

2151 4517 2309 4585 ήλίκα
2350 4516 2416 4568 τά
2459 4517 2722 4578 ἀνώτατα,
2759 4518 2850 4569 καὶ
2890 4519 2917 4568 6
2964 4517 3055 4569 τοῦ
3100 4518 3324 4586 ούρανοῦ
3363 4519 3618 4587 οὐρανός;

2222 4602 2361 4652 Ἀλλ’
2414 4603 2597 4672 ἐπειδὴ
2635 4605 2955 4672 σωματικοῖς
3003 4603 3289 4672 ὀφθαλμοῖς
3333 4603 3498 4656 ταῦτα
3534 4605 3655 4656 ἰδεῖν
3695 4607 3808 4660 οὐκ

2149 4687 2312 4748 ἐστιν,
2335 4687 2560 4757 ἀνάϐηθι
2586 4689 2663 4758 τῷ
2692 4689 2949 4759 λογισμῷ,
2974 4690 3063 4742 καὶ
3092 4690 3228 4759 ὑπὲρ
3251 4689 3340 4742 τὸν
3365 4691 3585 4761 οὐρανὸν
3608 4691 3808 4747 τοῦτον

2149 4773 2296 4834 στὰς,
2325 4772 2618 4841 ἀνάϐλεψον
2644 4775 2722 4837 εἰς
2737 4775 2936 4827 ἐκεῖνον
2957 4775 3046 4828 τὸν
3069 4775 3318 4846 ἀνωτέρω
3338 4775 3525 4829 τούτου
3545 4778 3805 4847 οὐρανὸν,

2147 4862 2224 4922 εἰς
2242 4858 2300 4910 τὸ
2313 4859 2442 4927 ὕψος
2467 4858 2528 4911 τὸ
2550 4859 2790 4928 ἄπειρον,
2817 4861 2894 4924 εἰς
2919 4861 2979 4912 τὸ
3006 4862 3118 4928 φῶς
3140 4860 3201 4913 τὸ
3222 4862 3530 4932 ἀπρόσιτον,
3563 4865 3640 4926 εἰς
3665 4866 3809 4930 τοὺς

2145 4964 2342 5032 δήμους
2371 4961 2478 5014 τῶν
2509 4961 2770 5029 ἀγγέλων,
2799 4963 2876 5024 εἰς
2891 4962 2986 5025 τάς
3003 4960 3181 5026 τάξεις
3195 4964 3300 5016 τῶν
3319 4965 3682 5034 ἀρχαγγέλων,
3711 4971 3808 5033 είς

2143 5050 2238 5112 τὰς
2265 5049 2424 5110 ἀλλας
2449 5047 2701 5115 δυνάμεις
2726 5047 2820 5109 τάς
2852 5048 3170 5116 ἀσωμάτους
3188 5065 3202 5080 '
3235 5051 3323 5102 καὶ
3353 5051 3510 5102 πάλιν
3533 5050 3804 5106 ἐπιλαϐοῦ

2144 5139 2237 5204 τῆς
2262 5135 2389 5203 παρ’
2417 5135 2548 5204 ήμῖν
2581 5132 2802 5194 εἰκόνος,
2834 5132 3073 5197 καταϐὰς
3106 5133 3327 5197 ἀνωθεν,
3358 5136 3451 5187 καὶ
3481 5136 3808 5204 ὁπόγραψόν

2146 5237 2233 5291 μοι
2258 5221 2323 5272 τά
2353 5219 2477 5289 περὶ
2505 5219 2593 5270 τὸν
2623 5217 2840 5286 βασιλέα
2873 5218 2963 5270 τὸν
3003 5219 3093 5272 ἐπὶ
3123 5220 3243 5288 γῆς,
3271 5215 3400 5282 οἷον,
3429 5220 3623 5291 ἄνδρας
3651 5239 3800 5290 χρυ-

2143 5305 2517 5377 σοφοροῦντας,
2553 5305 2644 5358 καὶ
2673 5301 2858 5372 ζεῦγος
2883 5303 3087 5358 λευκῶν
3114 5306 3348 5375 ήμιόνων
3373 5305 3555 5375 χρυσῷ
3579 5307 3797 5364 καλλω-

2142 5393 2440 5462 πιζομένων
2485 5391 2576 5442 καὶ
2615 5391 2792 5459 ὄχημα
2824 5389 3210 5460 λιθοκόλλητον,
3242 5392 3333 5443 καὶ
3371 5391 3575 5443 πέταλα
3606 5393 3794 5468 τούτῳ

2141 5497 2204 5530 πε
2215 5478 2378 5546 ρισειό
2386 5494 2538 5545 μενα,
2559 5475 2650 5527 καὶ
2664 5475 2952 5545 δράκοντας
2971 5477 3026 5528 ἐν
3046 5477 3274 5545 ἱματίοις
3289 5477 3800 5547 σχηματιζομένους

2140 5580 2394 5648 σηρικοίς,
2425 5579 2514 5629 καὶ
2543 5577 2766 5638 ἀσπίδας
2802 5579 3029 5647 χρυσοῦς
3056 5577 3278 5648 ἐχούσας
3307 5578 3626 5647 ὀφθαλμοὺς,
3671 5587 3775 5636 καὶ

2141 5664 2332 5726 ἵππους
2377 5663 2862 5732 χρυσοφοροῦντας,
2915 5664 3005 5716 καὶ
3057 5664 3300 5733 χαλινοὺς
3349 5665 3590 5732 χρυσοῦς.
3629 5667 3784 5720 Ἀλλ’

2139 5754 2263 5804 ὅταν
2297 5750 2385 5803 τὸν
2423 5749 2636 5817 βασιλέα
2681 5749 2888 5818 ἴδωμεν,
2917 5750 3062 5802 οὐδὲν
3095 5748 3292 5801 τούτων
3319 5749 3525 5816 δρῶμεν
3553 5749 3767 5811 λοιπόν·
