  <div class='ocr_page' id='page_1' title='image "/cluster/home/n/w/nwhite01/storage/ocr_20150623/56/uva.x004697988/296.png"; bbox 0 0 4112 6496; ppageno 0'>
   <div class='ocr_carea' id='block_1_1' title="bbox 272 364 383 419">
    <p class='ocr_par' dir='ltr' id='par_1_1' title="bbox 272 364 383 419">
     <span class='ocr_line' id='line_1_1' title="bbox 272 364 383 419; baseline 0.018 -2"><span class='ocrx_word' id='word_1_1' title='bbox 272 364 383 419; x_wconf 78' lang='lat'><strong>285</strong></span> 
     </span>
    </p>
   </div>
   <div class='ocr_carea' id='block_1_2' title="bbox 283 472 1837 540">
    <p class='ocr_par' dir='ltr' id='par_1_2' title="bbox 283 472 1837 540">
     <span class='ocr_line' id='line_1_2' title="bbox 283 472 1837 540; baseline -0.001 -14"><span class='ocrx_word' id='word_1_2' title='bbox 283 484 419 528; x_wconf 88' lang='lat' dir='ltr'><strong>rent.</strong></span> <span class='ocrx_word' id='word_1_3' title='bbox 466 476 688 529; x_wconf 77' lang='lat' dir='ltr'><strong>Etiamsi</strong></span> <span class='ocrx_word' id='word_1_4' title='bbox 721 475 828 529; x_wconf 74' lang='lat' dir='ltr'><strong>Noe</strong></span> <span class='ocrx_word' id='word_1_5' title='bbox 874 476 1059 537; x_wconf 90' lang='lat' dir='ltr'><strong>fuerit,</strong></span> <span class='ocrx_word' id='word_1_6' title='bbox 1110 476 1189 529; x_wconf 88' lang='lat' dir='ltr'><strong>vel</strong></span> <span class='ocrx_word' id='word_1_7' title='bbox 1217 474 1345 537; x_wconf 81' lang='lat' dir='ltr'><strong>Job,</strong></span> <span class='ocrx_word' id='word_1_8' title='bbox 1380 473 1458 527; x_wconf 90' lang='lat' dir='ltr'><strong>vel</strong></span> <span class='ocrx_word' id='word_1_9' title='bbox 1501 473 1717 535; x_wconf 87' lang='lat' dir='ltr'><strong>Daniel,</strong></span> <span class='ocrx_word' id='word_1_10' title='bbox 1749 472 1837 540; x_wconf 86' lang='lat' dir='ltr'><strong>qui</strong></span> 
     </span>
    </p>
   </div>
   <div class='ocr_carea' id='block_1_3' title="bbox 286 563 1841 632">
    <p class='ocr_par' dir='ltr' id='par_1_3' title="bbox 286 563 1841 632">
     <span class='ocr_line' id='line_1_3' title="bbox 286 563 1841 632; baseline -0.001 -15"><span class='ocrx_word' id='word_1_11' title='bbox 286 578 409 617; x_wconf 87' lang='lat' dir='ltr'><strong>suos</strong></span> <span class='ocrx_word' id='word_1_12' title='bbox 450 564 685 617; x_wconf 76' lang='lat' dir='ltr'><strong>viderint</strong></span> <span class='ocrx_word' id='word_1_13' title='bbox 740 565 997 632; x_wconf 91' lang='lat' dir='ltr'><strong>supplicio</strong></span> <span class='ocrx_word' id='word_1_14' title='bbox 1047 565 1297 627; x_wconf 86' lang='lat' dir='ltr'><strong>affectos,</strong></span> <span class='ocrx_word' id='word_1_15' title='bbox 1345 578 1446 616; x_wconf 92' lang='lat' dir='ltr'><strong>non</strong></span> <span class='ocrx_word' id='word_1_16' title='bbox 1500 563 1692 616; x_wconf 90' lang='lat' dir='ltr'><strong>audent</strong></span> <span class='ocrx_word' id='word_1_17' title='bbox 1741 564 1841 615; x_wconf 86' lang='lat' dir='ltr'><strong>illis</strong></span> 
     </span>
    </p>
   </div>
   <div class='ocr_carea' id='block_1_4' title="bbox 284 651 1841 720">
    <p class='ocr_par' dir='ltr' id='par_1_4' title="bbox 284 651 1841 720">
     <span class='ocr_line' id='line_1_4' title="bbox 284 651 1841 720; baseline -0.001 -17"><span class='ocrx_word' id='word_1_18' title='bbox 284 652 515 717; x_wconf 87' lang='lat' dir='ltr'><strong>adstare,</strong></span> <span class='ocrx_word' id='word_1_19' title='bbox 546 660 600 705; x_wconf 90' lang='lat' dir='ltr'><strong>et</strong></span> <span class='ocrx_word' id='word_1_20' title='bbox 639 668 851 704; x_wconf 90' lang='lat' dir='ltr'><strong>manum</strong></span> <span class='ocrx_word' id='word_1_21' title='bbox 895 653 1181 720; x_wconf 80' lang='lat' dir='ltr'><strong>porrigere.</strong></span> <span class='ocrx_word' id='word_1_22' title='bbox 1226 652 1435 704; x_wconf 69' lang='lat' dir='ltr'><strong>Natum</strong></span> <span class='ocrx_word' id='word_1_23' title='bbox 1462 651 1653 718; x_wconf 92' lang='lat' dir='ltr'><strong>quippe</strong></span> <span class='ocrx_word' id='word_1_24' title='bbox 1696 666 1841 702; x_wconf 92' lang='lat' dir='ltr'><strong>com-</strong></span> 
     </span>
    </p>
   </div>
   <div class='ocr_carea' id='block_1_5' title="bbox 283 740 1841 808">
    <p class='ocr_par' dir='ltr' id='par_1_5' title="bbox 283 740 1841 808">
     <span class='ocr_line' id='line_1_5' title="bbox 283 740 1841 808; baseline -0.001 -14"><span class='ocrx_word' id='word_1_25' title='bbox 283 741 682 794; x_wconf 88' lang='lat' dir='ltr'><strong>miserationem</strong></span> <span class='ocrx_word' id='word_1_26' title='bbox 708 752 829 793; x_wconf 93' lang='lat' dir='ltr'><strong>tunc</strong></span> <span class='ocrx_word' id='word_1_27' title='bbox 850 742 1041 794; x_wconf 89' lang='lat' dir='ltr'><strong>auferri</strong></span> <span class='ocrx_word' id='word_1_28' title='bbox 1074 741 1343 808; x_wconf 89' lang='lat' dir='ltr'><strong>contingit.</strong></span> <span class='ocrx_word' id='word_1_29' title='bbox 1375 740 1504 805; x_wconf 85' lang='lat' dir='ltr'><strong>Quia</strong></span> <span class='ocrx_word' id='word_1_30' title='bbox 1529 740 1665 793; x_wconf 90' lang='lat' dir='ltr'><strong>enim</strong></span> <span class='ocrx_word' id='word_1_31' title='bbox 1694 754 1841 806; x_wconf 80' lang='lat' dir='ltr'><strong>repe-</strong></span> 
     </span>
    </p>
   </div>
   <div class='ocr_carea' id='block_1_6' title="bbox 283 827 1841 895">
    <p class='ocr_par' dir='ltr' id='par_1_6' title="bbox 283 827 1841 895">
     <span class='ocr_line' id='line_1_6' title="bbox 283 827 1841 895; baseline -0.001 -15"><span class='ocrx_word' id='word_1_32' title='bbox 283 830 491 880; x_wconf 92' lang='lat' dir='ltr'><strong>riuntur</strong></span> <span class='ocrx_word' id='word_1_33' title='bbox 530 829 657 895; x_wconf 83' lang='lat' dir='ltr'><strong>justi</strong></span> <span class='ocrx_word' id='word_1_34' title='bbox 718 837 1050 895; x_wconf 79' lang='lat' dir='ltr'><strong>peccatorum</strong></span> <span class='ocrx_word' id='word_1_35' title='bbox 1105 828 1331 880; x_wconf 87' lang='lat' dir='ltr'><strong>filiorum</strong></span> <span class='ocrx_word' id='word_1_36' title='bbox 1391 838 1601 894; x_wconf 90' lang='lat' dir='ltr'><strong>patres,</strong></span> <span class='ocrx_word' id='word_1_37' title='bbox 1651 827 1841 894; x_wconf 90' lang='lat' dir='ltr'><strong>filiique</strong></span> 
     </span>
    </p>
   </div>
   <div class='ocr_carea' id='block_1_7' title="bbox 284 916 1840 987">
    <p class='ocr_par' dir='ltr' id='par_1_7' title="bbox 284 916 1840 987">
     <span class='ocr_line' id='line_1_7' title="bbox 284 916 1840 987; baseline -0.002 -16"><span class='ocrx_word' id='word_1_38' title='bbox 284 919 436 987; x_wconf 84' lang='lat' dir='ltr'><strong>probi</strong></span> <span class='ocrx_word' id='word_1_39' title='bbox 464 929 737 986; x_wconf 90' lang='lat' dir='ltr'><strong>parentum</strong></span> <span class='ocrx_word' id='word_1_40' title='bbox 767 918 1127 986; x_wconf 85' lang='lat' dir='ltr'><strong>improborum</strong></span> <span class='ocrx_word' id='word_1_41' title='bbox 1159 919 1287 984; x_wconf 90' lang='lat' dir='ltr'><strong>(non</strong></span> <span class='ocrx_word' id='word_1_42' title='bbox 1317 918 1455 970; x_wconf 89' lang='lat' dir='ltr'><strong>enim</strong></span> <span class='ocrx_word' id='word_1_43' title='bbox 1501 927 1717 979; x_wconf 63' lang='lat' dir='ltr'><strong>naturae,</strong></span> <span class='ocrx_word' id='word_1_44' title='bbox 1749 916 1840 969; x_wconf 92' lang='lat' dir='ltr'><strong>scd</strong></span> 
     </span>
    </p>
   </div>
   <div class='ocr_carea' id='block_1_8' title="bbox 282 1007 1837 1077">
    <p class='ocr_par' dir='ltr' id='par_1_8' title="bbox 282 1007 1837 1077">
     <span class='ocr_line' id='line_1_8' title="bbox 282 1007 1837 1077; baseline -0.001 -18"><span class='ocrx_word' id='word_1_45' title='bbox 282 1008 488 1061; x_wconf 76' lang='lat' dir='ltr'><strong>arbitrii</strong></span> <span class='ocrx_word' id='word_1_46' title='bbox 518 1009 653 1061; x_wconf 89' lang='lat' dir='ltr'><strong>mala</strong></span> <span class='ocrx_word' id='word_1_47' title='bbox 690 1008 868 1077; x_wconf 91' lang='lat' dir='ltr'><strong>sunt),</strong></span> <span class='ocrx_word' id='word_1_48' title='bbox 901 1019 957 1060; x_wconf 93' lang='lat' dir='ltr'><strong>ut</strong></span> <span class='ocrx_word' id='word_1_49' title='bbox 986 1008 1056 1060; x_wconf 88' lang='lat' dir='ltr'><strong>illi</strong></span> <span class='ocrx_word' id='word_1_50' title='bbox 1102 1023 1281 1075; x_wconf 90' lang='lat' dir='ltr'><strong>puram</strong></span> <span class='ocrx_word' id='word_1_51' title='bbox 1313 1008 1535 1059; x_wconf 80' lang='lat' dir='ltr'><strong>habeam</strong></span> <span class='ocrx_word' id='word_1_52' title='bbox 1574 1007 1800 1059; x_wconf 71' lang='lat' dir='ltr'><strong>ltctitiam</strong></span> <span class='ocrx_word' id='word_1_53' title='bbox 1823 1045 1837 1067; x_wconf 95' lang='lat'><strong>,</strong></span> 
     </span>
    </p>
   </div>
   <div class='ocr_carea' id='block_1_9' title="bbox 282 1096 1842 1165">
    <p class='ocr_par' dir='ltr' id='par_1_9' title="bbox 282 1096 1842 1165">
     <span class='ocr_line' id='line_1_9' title="bbox 282 1096 1842 1165; baseline -0.003 -14"><span class='ocrx_word' id='word_1_54' title='bbox 282 1113 385 1151; x_wconf 84' lang='lat' dir='ltr'><strong>nec</strong></span> <span class='ocrx_word' id='word_1_55' title='bbox 434 1099 805 1151; x_wconf 74' lang='lat' dir='ltr'><strong>misericordia:</strong></span> <span class='ocrx_word' id='word_1_56' title='bbox 852 1099 899 1149; x_wconf 91' lang='lat' dir='ltr'><strong>vi</strong></span> <span class='ocrx_word' id='word_1_57' title='bbox 948 1098 1398 1165; x_wconf 82' lang='lat' dir='ltr'><strong>frangantur,qui</strong></span> <span class='ocrx_word' id='word_1_58' title='bbox 1454 1097 1555 1149; x_wconf 88' lang='lat' dir='ltr'><strong>illis</strong></span> <span class='ocrx_word' id='word_1_59' title='bbox 1603 1096 1842 1148; x_wconf 88' lang='lat' dir='ltr'><strong>fruuntur</strong></span> 
     </span>
    </p>
   </div>
   <div class='ocr_carea' id='block_1_10' title="bbox 284 1185 1839 1255">
    <p class='ocr_par' dir='ltr' id='par_1_10' title="bbox 284 1185 1839 1255">
     <span class='ocr_line' id='line_1_10' title="bbox 284 1185 1839 1255; baseline -0.001 -18"><span class='ocrx_word' id='word_1_60' title='bbox 284 1185 441 1238; x_wconf 92' lang='lat' dir='ltr'><strong>bonis</strong></span> <span class='ocrx_word' id='word_1_61' title='bbox 463 1226 477 1250; x_wconf 95' lang='lat'><strong>,</strong></span> <span class='ocrx_word' id='word_1_62' title='bbox 513 1186 653 1237; x_wconf 83' lang='lat' dir='ltr'><strong>illam</strong></span> <span class='ocrx_word' id='word_1_63' title='bbox 699 1195 822 1239; x_wconf 90' lang='lat' dir='ltr'><strong>tunc</strong></span> <span class='ocrx_word' id='word_1_64' title='bbox 865 1186 1126 1255; x_wconf 74' lang='lat' dir='ltr'><strong>exstingui</strong></span> <span class='ocrx_word' id='word_1_65' title='bbox 1170 1186 1457 1254; x_wconf 90' lang='lat' dir='ltr'><strong>contingit,</strong></span> <span class='ocrx_word' id='word_1_66' title='bbox 1488 1185 1687 1253; x_wconf 90' lang='lat' dir='ltr'><strong>ipsique</strong></span> <span class='ocrx_word' id='word_1_67' title='bbox 1722 1200 1839 1237; x_wconf 90' lang='lat' dir='ltr'><strong>cum</strong></span> 
     </span>
    </p>
   </div>
   <div class='ocr_carea' id='block_1_11' title="bbox 284 1274 1837 1344">
    <p class='ocr_par' dir='ltr' id='par_1_11' title="bbox 284 1274 1837 1344">
     <span class='ocr_line' id='line_1_11' title="bbox 284 1274 1837 1344; baseline -0.001 -17"><span class='ocrx_word' id='word_1_68' title='bbox 284 1274 513 1328; x_wconf 89' lang='lat' dir='ltr'><strong>Domino</strong></span> <span class='ocrx_word' id='word_1_69' title='bbox 539 1285 717 1329; x_wconf 90' lang='lat' dir='ltr'><strong>contra</strong></span> <span class='ocrx_word' id='word_1_70' title='bbox 750 1278 963 1344; x_wconf 91' lang='lat' dir='ltr'><strong>propria</strong></span> <span class='ocrx_word' id='word_1_71' title='bbox 1011 1276 1209 1329; x_wconf 77' lang='lat' dir='ltr'><strong>viscera</strong></span> <span class='ocrx_word' id='word_1_72' title='bbox 1253 1275 1603 1343; x_wconf 81' lang='lat' dir='ltr'><strong>indignantur.</strong></span> <span class='ocrx_word' id='word_1_73' title='bbox 1637 1275 1837 1327; x_wconf 82' lang='lat' dir='ltr'><strong>Etenim</strong></span> 
     </span>
    </p>
   </div>
   <div class='ocr_carea' id='block_1_12' title="bbox 283 1363 1837 1432">
    <p class='ocr_par' dir='ltr' id='par_1_12' title="bbox 283 1363 1837 1432">
     <span class='ocr_line' id='line_1_12' title="bbox 283 1363 1837 1432; baseline 0.001 -17"><span class='ocrx_word' id='word_1_74' title='bbox 283 1363 329 1415; x_wconf 91' lang='lat' dir='ltr'><strong>si</strong></span> <span class='ocrx_word' id='word_1_75' title='bbox 364 1378 527 1427; x_wconf 92' lang='lat' dir='ltr'><strong>nunc,</strong></span> <span class='ocrx_word' id='word_1_76' title='bbox 550 1378 666 1415; x_wconf 92' lang='lat' dir='ltr'><strong>cum</strong></span> <span class='ocrx_word' id='word_1_77' title='bbox 699 1364 873 1416; x_wconf 87' lang='lat' dir='ltr'><strong>vident</strong></span> <span class='ocrx_word' id='word_1_78' title='bbox 922 1364 1131 1432; x_wconf 87' lang='lat' dir='ltr'><strong>quidatn</strong></span> <span class='ocrx_word' id='word_1_79' title='bbox 1184 1364 1315 1416; x_wconf 88' lang='lat' dir='ltr'><strong>filios</strong></span> <span class='ocrx_word' id='word_1_80' title='bbox 1357 1378 1481 1417; x_wconf 90' lang='lat' dir='ltr'><strong>suos</strong></span> <span class='ocrx_word' id='word_1_81' title='bbox 1531 1365 1799 1430; x_wconf 87' lang='lat' dir='ltr'><strong>improbos</strong></span> <span class='ocrx_word' id='word_1_82' title='bbox 1822 1403 1837 1427; x_wconf 93' lang='lat'><strong>,</strong></span> 
     </span>
    </p>
   </div>
   <div class='ocr_carea' id='block_1_13' title="bbox 283 1452 1839 1518">
    <p class='ocr_par' dir='ltr' id='par_1_13' title="bbox 283 1452 1839 1518">
     <span class='ocr_line' id='line_1_13' title="bbox 283 1452 1839 1518; baseline 0.001 -15"><span class='ocrx_word' id='word_1_83' title='bbox 283 1453 431 1518; x_wconf 91' lang='lat' dir='ltr'><strong>ipsos</strong></span> <span class='ocrx_word' id='word_1_84' title='bbox 469 1452 787 1504; x_wconf 87' lang='lat' dir='ltr'><strong>exheredant</strong></span> <span class='ocrx_word' id='word_1_85' title='bbox 830 1462 881 1505; x_wconf 93' lang='lat' dir='ltr'><strong>et</strong></span> <span class='ocrx_word' id='word_1_86' title='bbox 923 1466 949 1503; x_wconf 88' lang='lat' dir='ltr'><strong>a</strong></span> <span class='ocrx_word' id='word_1_87' title='bbox 991 1453 1183 1505; x_wconf 81' lang='lat' dir='ltr'><strong>familia</strong></span> <span class='ocrx_word' id='word_1_88' title='bbox 1237 1468 1329 1505; x_wconf 91' lang='lat' dir='ltr'><strong>sua</strong></span> <span class='ocrx_word' id='word_1_89' title='bbox 1386 1453 1735 1514; x_wconf 84' lang='lat' dir='ltr'><strong>abscindunt,</strong></span> <span class='ocrx_word' id='word_1_90' title='bbox 1790 1452 1839 1505; x_wconf 88' lang='lat' dir='ltr'><strong>id</strong></span> 
     </span>
    </p>
   </div>
   <div class='ocr_carea' id='block_1_14' title="bbox 283 1541 1840 1611">
    <p class='ocr_par' dir='ltr' id='par_1_14' title="bbox 283 1541 1840 1611">
     <span class='ocr_line' id='line_1_14' title="bbox 283 1541 1840 1611; baseline -0.001 -17"><span class='ocrx_word' id='word_1_91' title='bbox 283 1542 633 1609; x_wconf 87' lang='lat' dir='ltr'><strong>multomagis</strong></span> <span class='ocrx_word' id='word_1_92' title='bbox 666 1542 714 1594; x_wconf 90' lang='lat' dir='ltr'><strong>in</strong></span> <span class='ocrx_word' id='word_1_93' title='bbox 739 1541 933 1609; x_wconf 85' lang='lat' dir='ltr'><strong>judicio</strong></span> <span class='ocrx_word' id='word_1_94' title='bbox 958 1543 1182 1595; x_wconf 89' lang='lat' dir='ltr'><strong>eveniet.</strong></span> <span class='ocrx_word' id='word_1_95' title='bbox 1210 1542 1371 1595; x_wconf 88' lang='lat' dir='ltr'><strong>Nemo</strong></span> <span class='ocrx_word' id='word_1_96' title='bbox 1394 1543 1565 1611; x_wconf 88' lang='lat' dir='ltr'><strong>igitur,</strong></span> <span class='ocrx_word' id='word_1_97' title='bbox 1590 1543 1673 1611; x_wconf 91' lang='lat' dir='ltr'><strong>qui</strong></span> <span class='ocrx_word' id='word_1_98' title='bbox 1707 1542 1840 1595; x_wconf 90' lang='lat' dir='ltr'><strong>bona</strong></span> 
     </span>
    </p>
   </div>
   <div class='ocr_carea' id='block_1_15' title="bbox 283 1630 1839 1699">
    <p class='ocr_par' dir='ltr' id='par_1_15' title="bbox 283 1630 1839 1699">
     <span class='ocr_line' id='line_1_15' title="bbox 283 1630 1839 1699; baseline 0.001 -17"><span class='ocrx_word' id='word_1_99' title='bbox 283 1645 391 1682; x_wconf 91' lang='lat' dir='ltr'><strong>non</strong></span> <span class='ocrx_word' id='word_1_100' title='bbox 419 1640 690 1699; x_wconf 88' lang='lat' dir='ltr'><strong>operetur,</strong></span> <span class='ocrx_word' id='word_1_101' title='bbox 722 1630 916 1697; x_wconf 88' lang='lat' dir='ltr'><strong>aliquid</strong></span> <span class='ocrx_word' id='word_1_102' title='bbox 946 1631 1067 1683; x_wconf 89' lang='lat' dir='ltr'><strong>boni</strong></span> <span class='ocrx_word' id='word_1_103' title='bbox 1105 1640 1300 1697; x_wconf 89' lang='lat' dir='ltr'><strong>speret,</strong></span> <span class='ocrx_word' id='word_1_104' title='bbox 1329 1632 1533 1683; x_wconf 91' lang='lat' dir='ltr'><strong>etiamsi</strong></span> <span class='ocrx_word' id='word_1_105' title='bbox 1566 1639 1839 1683; x_wconf 79' lang='lat' dir='ltr'><strong>sexcentos</strong></span> 
     </span>
    </p>
   </div>
   <div class='ocr_carea' id='block_1_16' title="bbox 280 1718 1836 1788">
    <p class='ocr_par' dir='ltr' id='par_1_16' title="bbox 280 1718 1836 1788">
     <span class='ocr_line' id='line_1_16' title="bbox 280 1718 1836 1788; baseline 0.002 -19"><span class='ocrx_word' id='word_1_106' title='bbox 280 1718 454 1786; x_wconf 76' lang='lat' dir='ltr'><strong>iustos</strong></span> <span class='ocrx_word' id='word_1_107' title='bbox 479 1720 837 1786; x_wconf 81' lang='lat' dir='ltr'><strong>progenitores</strong></span> <span class='ocrx_word' id='word_1_108' title='bbox 858 1719 1046 1773; x_wconf 87' lang='lat' dir='ltr'><strong>habeat</strong></span> <span class='ocrx_word' id='word_1_109' title='bbox 1076 1736 1087 1770; x_wconf 87' lang='lat'><strong>:</strong></span> <span class='ocrx_word' id='word_1_110' title='bbox 1123 1719 1466 1788; x_wconf 74' lang='lat' dir='ltr'><strong>Unusquisque</strong></span> <span class='ocrx_word' id='word_1_111' title='bbox 1492 1721 1620 1772; x_wconf 84' lang='lat' dir='ltr'><strong>enim</strong></span> <span class='ocrx_word' id='word_1_112' title='bbox 1644 1725 1836 1788; x_wconf 78' lang='lat' dir='ltr'><strong>referet,</strong></span> 
     </span>
    </p>
   </div>
   <div class='ocr_carea' id='block_1_17' title="bbox 282 1806 1837 1876">
    <p class='ocr_par' dir='ltr' id='par_1_17' title="bbox 282 1806 1837 1876">
     <span class='ocr_line' id='line_1_17' title="bbox 282 1806 1837 1876; baseline 0.001 -18"><span class='ocrx_word' id='word_1_113' title='bbox 282 1806 472 1874; x_wconf 86' lang='lat' dir='ltr'><strong>inquit,</strong></span> <span class='ocrx_word' id='word_1_114' title='bbox 503 1821 614 1872; x_wconf 79' lang='lat' dir='ltr'><strong>qua:</strong></span> <span class='ocrx_word' id='word_1_115' title='bbox 637 1822 723 1874; x_wconf 92' lang='lat' dir='ltr'><strong>per</strong></span> <span class='ocrx_word' id='word_1_116' title='bbox 746 1823 924 1874; x_wconf 87' lang='lat' dir='ltr'><strong>corpus</strong></span> <span class='ocrx_word' id='word_1_117' title='bbox 949 1816 1063 1859; x_wconf 86' lang='lat' dir='ltr'><strong>sunt</strong></span> <span class='ocrx_word' id='word_1_118' title='bbox 1095 1846 1109 1871; x_wconf 92' lang='lat'><strong>,</strong></span> <span class='ocrx_word' id='word_1_119' title='bbox 1135 1821 1277 1875; x_wconf 84' lang='lat' dir='ltr'><strong>prout</strong></span> <span class='ocrx_word' id='word_1_120' title='bbox 1305 1809 1471 1876; x_wconf 87' lang='lat' dir='ltr'><strong>gessit,</strong></span> <span class='ocrx_word' id='word_1_121' title='bbox 1504 1809 1602 1860; x_wconf 84' lang='lat' dir='ltr'><strong>sive</strong></span> <span class='ocrx_word' id='word_1_122' title='bbox 1632 1810 1837 1874; x_wconf 84' lang='lat' dir='ltr'><strong>bonum,</strong></span> 
     </span>
    </p>
   </div>
   <div class='ocr_carea' id='block_1_18' title="bbox 280 1897 1840 1967">
    <p class='ocr_par' dir='ltr' id='par_1_18' title="bbox 280 1897 1840 1967">
     <span class='ocr_line' id='line_1_18' title="bbox 280 1897 1840 1967; baseline 0.003 -19"><span class='ocrx_word' id='word_1_123' title='bbox 280 1898 386 1949; x_wconf 85' lang='lat' dir='ltr'><strong>sive</strong></span> <span class='ocrx_word' id='word_1_124' title='bbox 414 1898 602 1949; x_wconf 86' lang='lat' dir='ltr'><strong>malum</strong></span> <span class='ocrx_word' id='word_1_125' title='bbox 629 1898 703 1966; x_wconf 75' lang='lat'><strong>(2.</strong></span> <span class='ocrx_word' id='word_1_126' title='bbox 737 1897 850 1951; x_wconf 87' lang='lat' dir='ltr'><strong>Cor.</strong></span> <span class='ocrx_word' id='word_1_127' title='bbox 879 1900 929 1951; x_wconf 87' lang='grc'><strong>5.</strong></span> <span class='ocrx_word' id='word_1_128' title='bbox 968 1900 1076 1966; x_wconf 82' lang='grc'><strong>10).</strong></span> <span class='ocrx_word' id='word_1_129' title='bbox 1103 1900 1419 1962; x_wconf 82' lang='lat' dir='ltr'><strong>Audiamus,</strong></span> <span class='ocrx_word' id='word_1_130' title='bbox 1451 1914 1647 1967; x_wconf 70' lang='lat' dir='ltr'><strong>quaeso,</strong></span> <span class='ocrx_word' id='word_1_131' title='bbox 1673 1910 1725 1953; x_wconf 90' lang='lat' dir='ltr'><strong>et</strong></span> <span class='ocrx_word' id='word_1_132' title='bbox 1754 1915 1840 1953; x_wconf 85' lang='lat' dir='ltr'><strong>re-</strong></span> 
     </span>
    </p>
   </div>
   <div class='ocr_carea' id='block_1_19' title="bbox 280 1987 1839 2059">
    <p class='ocr_par' dir='ltr' id='par_1_19' title="bbox 280 1987 1839 2059">
     <span class='ocr_line' id='line_1_19' title="bbox 280 1987 1839 2059; baseline 0.004 -20"><span class='ocrx_word' id='word_1_133' title='bbox 280 1987 620 2053; x_wconf 88' lang='lat' dir='ltr'><strong>sipiscamus.</strong></span> <span class='ocrx_word' id='word_1_134' title='bbox 672 1987 723 2041; x_wconf 87' lang='lat' dir='ltr'><strong>Si</strong></span> <span class='ocrx_word' id='word_1_135' title='bbox 770 2004 941 2055; x_wconf 78' lang='lat' dir='ltr'><strong>prava:</strong></span> <span class='ocrx_word' id='word_1_136' title='bbox 988 1991 1423 2058; x_wconf 67' lang='lat' dir='ltr'><strong>concupiscentiae</strong></span> <span class='ocrx_word' id='word_1_137' title='bbox 1470 1991 1588 2059; x_wconf 87' lang='lat' dir='ltr'><strong>igne</strong></span> <span class='ocrx_word' id='word_1_138' title='bbox 1636 1992 1839 2056; x_wconf 90' lang='lat' dir='ltr'><strong>ardeas,</strong></span> 
     </span>
    </p>
   </div>
   <div class='ocr_carea' id='block_1_20' title="bbox 279 2075 1838 2146">
    <p class='ocr_par' dir='ltr' id='par_1_20' title="bbox 279 2075 1838 2146">
     <span class='ocr_line' id='line_1_20' title="bbox 279 2075 1838 2146; baseline 0.003 -19"><span class='ocrx_word' id='word_1_139' title='bbox 279 2075 456 2142; x_wconf 87' lang='lat' dir='ltr'><strong>cogita</strong></span> <span class='ocrx_word' id='word_1_140' title='bbox 483 2075 618 2127; x_wconf 89' lang='lat' dir='ltr'><strong>illius</strong></span> <span class='ocrx_word' id='word_1_141' title='bbox 643 2076 883 2143; x_wconf 81' lang='lat' dir='ltr'><strong>supplicii</strong></span> <span class='ocrx_word' id='word_1_142' title='bbox 904 2078 1093 2144; x_wconf 85' lang='lat' dir='ltr'><strong>ignem,</strong></span> <span class='ocrx_word' id='word_1_143' title='bbox 1118 2086 1171 2131; x_wconf 91' lang='lat' dir='ltr'><strong>et</strong></span> <span class='ocrx_word' id='word_1_144' title='bbox 1196 2078 1277 2131; x_wconf 91' lang='lat' dir='ltr'><strong>hic</strong></span> <span class='ocrx_word' id='word_1_145' title='bbox 1305 2078 1436 2146; x_wconf 87' lang='lat' dir='ltr'><strong>ignis</strong></span> <span class='ocrx_word' id='word_1_146' title='bbox 1458 2080 1838 2146; x_wconf 75' lang='lat' dir='ltr'><strong>exstinguetur.</strong></span> 
     </span>
    </p>
   </div>
   <div class='ocr_carea' id='block_1_21' title="bbox 282 2163 1842 2236">
    <p class='ocr_par' dir='ltr' id='par_1_21' title="bbox 282 2163 1842 2236">
     <span class='ocr_line' id='line_1_21' title="bbox 282 2163 1842 2236; baseline 0.004 -20"><span class='ocrx_word' id='word_1_147' title='bbox 282 2163 339 2216; x_wconf 91' lang='lat' dir='ltr'><strong>Si</strong></span> <span class='ocrx_word' id='word_1_148' title='bbox 375 2164 604 2217; x_wconf 87' lang='lat' dir='ltr'><strong>volueris</strong></span> <span class='ocrx_word' id='word_1_149' title='bbox 630 2166 753 2233; x_wconf 90' lang='lat' dir='ltr'><strong>quid</strong></span> <span class='ocrx_word' id='word_1_150' title='bbox 777 2166 1029 2219; x_wconf 83' lang='lat' dir='ltr'><strong>absonum</strong></span> <span class='ocrx_word' id='word_1_151' title='bbox 1062 2168 1223 2235; x_wconf 86' lang='lat' dir='ltr'><strong>loqui,</strong></span> <span class='ocrx_word' id='word_1_152' title='bbox 1251 2176 1419 2221; x_wconf 89' lang='lat' dir='ltr'><strong>tecum</strong></span> <span class='ocrx_word' id='word_1_153' title='bbox 1444 2178 1624 2236; x_wconf 86' lang='lat' dir='ltr'><strong>reputa</strong></span> <span class='ocrx_word' id='word_1_154' title='bbox 1653 2169 1842 2222; x_wconf 86' lang='lat' dir='ltr'><strong>strido-</strong></span> 
     </span>
    </p>
   </div>
   <div class='ocr_carea' id='block_1_22' title="bbox 280 2253 1841 2317">
    <p class='ocr_par' dir='ltr' id='par_1_22' title="bbox 280 2253 1841 2317">
     <span class='ocr_line' id='line_1_22' title="bbox 280 2253 1841 2317; baseline 0.004 -12"><span class='ocrx_word' id='word_1_155' title='bbox 280 2268 397 2306; x_wconf 91' lang='lat' dir='ltr'><strong>rem</strong></span> <span class='ocrx_word' id='word_1_156' title='bbox 448 2253 679 2306; x_wconf 88' lang='lat' dir='ltr'><strong>dentium</strong></span> <span class='ocrx_word' id='word_1_157' title='bbox 700 2294 713 2317; x_wconf 95' lang='lat'><strong>,</strong></span> <span class='ocrx_word' id='word_1_158' title='bbox 744 2264 797 2307; x_wconf 90' lang='lat' dir='ltr'><strong>et</strong></span> <span class='ocrx_word' id='word_1_159' title='bbox 825 2262 993 2308; x_wconf 84' lang='lat' dir='ltr'><strong>uictus</strong></span> <span class='ocrx_word' id='word_1_160' title='bbox 1035 2257 1124 2308; x_wconf 89' lang='lat' dir='ltr'><strong>tibi</strong></span> <span class='ocrx_word' id='word_1_161' title='bbox 1162 2257 1293 2310; x_wconf 88' lang='lat' dir='ltr'><strong>freni</strong></span> <span class='ocrx_word' id='word_1_162' title='bbox 1322 2258 1438 2310; x_wconf 92' lang='lat' dir='ltr'><strong>loco</strong></span> <span class='ocrx_word' id='word_1_163' title='bbox 1468 2259 1593 2311; x_wconf 89' lang='lat' dir='ltr'><strong>erit.</strong></span> <span class='ocrx_word' id='word_1_164' title='bbox 1628 2256 1679 2308; x_wconf 90' lang='lat' dir='ltr'><strong>Si</strong></span> <span class='ocrx_word' id='word_1_165' title='bbox 1709 2259 1841 2312; x_wconf 89' lang='lat' dir='ltr'><strong>alie-</strong></span> 
     </span>
    </p>
   </div>
   <div class='ocr_carea' id='block_1_23' title="bbox 282 2343 1842 2414">
    <p class='ocr_par' dir='ltr' id='par_1_23' title="bbox 282 2343 1842 2414">
     <span class='ocr_line' id='line_1_23' title="bbox 282 2343 1842 2414; baseline 0.004 -21"><span class='ocrx_word' id='word_1_166' title='bbox 282 2357 412 2393; x_wconf 90' lang='lat' dir='ltr'><strong>num</strong></span> <span class='ocrx_word' id='word_1_167' title='bbox 443 2356 632 2408; x_wconf 89' lang='lat' dir='ltr'><strong>rapere</strong></span> <span class='ocrx_word' id='word_1_168' title='bbox 656 2343 905 2408; x_wconf 88' lang='lat' dir='ltr'><strong>volueris,</strong></span> <span class='ocrx_word' id='word_1_169' title='bbox 932 2344 1051 2397; x_wconf 91' lang='lat' dir='ltr'><strong>audi</strong></span> <span class='ocrx_word' id='word_1_170' title='bbox 1081 2344 1316 2399; x_wconf 82' lang='lat' dir='ltr'><strong>Judicem</strong></span> <span class='ocrx_word' id='word_1_171' title='bbox 1347 2345 1609 2399; x_wconf 86' lang='lat' dir='ltr'><strong>dicentem</strong></span> <span class='ocrx_word' id='word_1_172' title='bbox 1635 2364 1647 2397; x_wconf 90' lang='lat'><strong>:</strong></span> <span class='ocrx_word' id='word_1_173' title='bbox 1671 2345 1842 2414; x_wconf 82' lang='lat' dir='ltr'><strong>Ligate</strong></span> 
     </span>
    </p>
   </div>
   <div class='ocr_carea' id='block_1_24' title="bbox 282 2434 1842 2501">
    <p class='ocr_par' dir='ltr' id='par_1_24' title="bbox 282 2434 1842 2501">
     <span class='ocr_line' id='line_1_24' title="bbox 282 2434 1842 2501; baseline 0.003 -19"><span class='ocrx_word' id='word_1_174' title='bbox 282 2447 466 2483; x_wconf 84' lang='lat' dir='ltr'><strong>manus</strong></span> <span class='ocrx_word' id='word_1_175' title='bbox 497 2441 541 2482; x_wconf 88' lang='lat' dir='ltr'><strong>et</strong></span> <span class='ocrx_word' id='word_1_176' title='bbox 571 2434 718 2498; x_wconf 81' lang='lat' dir='ltr'><strong>pedes</strong></span> <span class='ocrx_word' id='word_1_177' title='bbox 747 2434 874 2501; x_wconf 85' lang='lat' dir='ltr'><strong>ejus,</strong></span> <span class='ocrx_word' id='word_1_178' title='bbox 907 2442 953 2485; x_wconf 87' lang='lat' dir='ltr'><strong>et</strong></span> <span class='ocrx_word' id='word_1_179' title='bbox 981 2434 1208 2501; x_wconf 84' lang='lat' dir='ltr'><strong>projicite</strong></span> <span class='ocrx_word' id='word_1_180' title='bbox 1231 2451 1341 2487; x_wconf 90' lang='lat' dir='ltr'><strong>eum</strong></span> <span class='ocrx_word' id='word_1_181' title='bbox 1383 2436 1433 2486; x_wconf 85' lang='lat' dir='ltr'><strong>in</strong></span> <span class='ocrx_word' id='word_1_182' title='bbox 1460 2437 1680 2488; x_wconf 80' lang='lat' dir='ltr'><strong>tenebras</strong></span> <span class='ocrx_word' id='word_1_183' title='bbox 1706 2446 1842 2487; x_wconf 73' lang='lat' dir='ltr'><strong>exte-</strong></span> 
     </span>
    </p>
   </div>
   <div class='ocr_carea' id='block_1_25' title="bbox 282 2518 1841 2591">
    <p class='ocr_par' dir='ltr' id='par_1_25' title="bbox 282 2518 1841 2591">
     <span class='ocr_line' id='line_1_25' title="bbox 282 2518 1841 2591; baseline 0.005 -22"><span class='ocrx_word' id='word_1_184' title='bbox 282 2520 444 2571; x_wconf 79' lang='lat' dir='ltr'><strong>riores</strong></span> <span class='ocrx_word' id='word_1_185' title='bbox 474 2518 679 2586; x_wconf 77' lang='lat' dir='ltr'><strong>(Matth.</strong></span> <span class='ocrx_word' id='word_1_186' title='bbox 712 2520 797 2572; x_wconf 72' lang='grc'><strong>22.</strong></span> <span class='ocrx_word' id='word_1_187' title='bbox 826 2521 935 2588; x_wconf 73' lang='grc'><strong>15),</strong></span> <span class='ocrx_word' id='word_1_188' title='bbox 962 2532 1015 2575; x_wconf 91' lang='lat' dir='ltr'><strong>et</strong></span> <span class='ocrx_word' id='word_1_189' title='bbox 1053 2522 1184 2574; x_wconf 92' lang='lat' dir='ltr'><strong>hanc</strong></span> <span class='ocrx_word' id='word_1_190' title='bbox 1222 2523 1434 2590; x_wconf 85' lang='lat' dir='ltr'><strong>abjicies</strong></span> <span class='ocrx_word' id='word_1_191' title='bbox 1467 2527 1841 2591; x_wconf 85' lang='lat' dir='ltr'><strong>concupiscen-</strong></span> 
     </span>
    </p>
   </div>
   <div class='ocr_carea' id='block_1_26' title="bbox 283 2609 1842 2678">
    <p class='ocr_par' dir='ltr' id='par_1_26' title="bbox 283 2609 1842 2678">
     <span class='ocr_line' id='line_1_26' title="bbox 283 2609 1842 2678; baseline 0.006 -18"><span class='ocrx_word' id='word_1_192' title='bbox 283 2609 435 2661; x_wconf 84' lang='lat' dir='ltr'><strong>tiam.</strong></span> <span class='ocrx_word' id='word_1_193' title='bbox 479 2609 533 2662; x_wconf 92' lang='lat' dir='ltr'><strong>Si</strong></span> <span class='ocrx_word' id='word_1_194' title='bbox 570 2610 793 2663; x_wconf 88' lang='lat' dir='ltr'><strong>crudelis</strong></span> <span class='ocrx_word' id='word_1_195' title='bbox 824 2621 875 2665; x_wconf 91' lang='lat' dir='ltr'><strong>et</strong></span> <span class='ocrx_word' id='word_1_196' title='bbox 922 2612 1297 2666; x_wconf 83' lang='lat' dir='ltr'><strong>immisericors</strong></span> <span class='ocrx_word' id='word_1_197' title='bbox 1344 2614 1536 2678; x_wconf 91' lang='lat' dir='ltr'><strong>fueris,</strong></span> <span class='ocrx_word' id='word_1_198' title='bbox 1569 2615 1842 2669; x_wconf 85' lang='lat' dir='ltr'><strong>recordare</strong></span> 
     </span>
    </p>
   </div>
   <div class='ocr_carea' id='block_1_27' title="bbox 284 2699 1839 2771">
    <p class='ocr_par' dir='ltr' id='par_1_27' title="bbox 284 2699 1839 2771">
     <span class='ocr_line' id='line_1_27' title="bbox 284 2699 1839 2771; baseline 0.005 -21"><span class='ocrx_word' id='word_1_199' title='bbox 284 2700 551 2766; x_wconf 73' lang='lat' dir='ltr'><strong>virginum</strong></span> <span class='ocrx_word' id='word_1_200' title='bbox 600 2699 805 2752; x_wconf 88' lang='lat' dir='ltr'><strong>illarum</strong></span> <span class='ocrx_word' id='word_1_201' title='bbox 827 2741 842 2763; x_wconf 91' lang='lat'><strong>,</strong></span> <span class='ocrx_word' id='word_1_202' title='bbox 870 2717 985 2768; x_wconf 72' lang='lat' dir='ltr'><strong>qua:</strong></span> <span class='ocrx_word' id='word_1_203' title='bbox 1005 2743 1018 2767; x_wconf 91' lang='lat'><strong>,</strong></span> <span class='ocrx_word' id='word_1_204' title='bbox 1044 2704 1315 2757; x_wconf 85' lang='lat' dir='ltr'><strong>exstinctis</strong></span> <span class='ocrx_word' id='word_1_205' title='bbox 1345 2704 1667 2771; x_wconf 81' lang='lat' dir='ltr'><strong>lampadibus</strong></span> <span class='ocrx_word' id='word_1_206' title='bbox 1713 2707 1839 2768; x_wconf 90' lang='lat' dir='ltr'><strong>suis,</strong></span> 
     </span>
    </p>
   </div>
   <div class='ocr_carea' id='block_1_28' title="bbox 284 2789 1843 2861">
    <p class='ocr_par' dir='ltr' id='par_1_28' title="bbox 284 2789 1843 2861">
     <span class='ocr_line' id='line_1_28' title="bbox 284 2789 1843 2861; baseline 0.004 -20"><span class='ocrx_word' id='word_1_207' title='bbox 284 2803 409 2841; x_wconf 91' lang='lat' dir='ltr'><strong>cum</strong></span> <span class='ocrx_word' id='word_1_208' title='bbox 439 2804 544 2841; x_wconf 87' lang='lat' dir='ltr'><strong>non</strong></span> <span class='ocrx_word' id='word_1_209' title='bbox 571 2789 827 2844; x_wconf 87' lang='lat' dir='ltr'><strong>baberent</strong></span> <span class='ocrx_word' id='word_1_210' title='bbox 848 2792 1043 2856; x_wconf 90' lang='lat' dir='ltr'><strong>oleum,</strong></span> <span class='ocrx_word' id='word_1_211' title='bbox 1072 2809 1137 2846; x_wconf 84' lang='lat' dir='ltr'><strong>ex</strong></span> <span class='ocrx_word' id='word_1_212' title='bbox 1169 2795 1344 2861; x_wconf 89' lang='lat' dir='ltr'><strong>sponsi</strong></span> <span class='ocrx_word' id='word_1_213' title='bbox 1369 2794 1593 2847; x_wconf 80' lang='lat' dir='ltr'><strong>thalamo</strong></span> <span class='ocrx_word' id='word_1_214' title='bbox 1620 2796 1843 2848; x_wconf 68' lang='lat' dir='ltr'><strong>exclusm</strong></span> 
     </span>
    </p>
   </div>
   <div class='ocr_carea' id='block_1_29' title="bbox 286 2877 1840 2952">
    <p class='ocr_par' dir='ltr' id='par_1_29' title="bbox 286 2877 1840 2952">
     <span class='ocr_line' id='line_1_29' title="bbox 286 2877 1840 2952; baseline 0.005 -21"><span class='ocrx_word' id='word_1_215' title='bbox 286 2887 412 2931; x_wconf 90' lang='lat' dir='ltr'><strong>sunt</strong></span> <span class='ocrx_word' id='word_1_216' title='bbox 440 2877 651 2948; x_wconf 79' lang='lat' dir='ltr'><strong>(Matth.</strong></span> <span class='ocrx_word' id='word_1_217' title='bbox 679 2879 769 2948; x_wconf 72' lang='lat'><strong>25)</strong></span> <span class='ocrx_word' id='word_1_218' title='bbox 794 2922 807 2944; x_wconf 96' lang='lat'><strong>,</strong></span> <span class='ocrx_word' id='word_1_219' title='bbox 837 2896 896 2933; x_wconf 91' lang='lat' dir='ltr'><strong>ac</strong></span> <span class='ocrx_word' id='word_1_220' title='bbox 924 2882 1025 2934; x_wconf 89' lang='lat' dir='ltr'><strong>cito</strong></span> <span class='ocrx_word' id='word_1_221' title='bbox 1055 2883 1306 2952; x_wconf 85' lang='lat' dir='ltr'><strong>benignus</strong></span> <span class='ocrx_word' id='word_1_222' title='bbox 1333 2884 1543 2937; x_wconf 80' lang='lat' dir='ltr'><strong>evades.</strong></span> <span class='ocrx_word' id='word_1_223' title='bbox 1583 2884 1635 2939; x_wconf 90' lang='lat' dir='ltr'><strong>Si</strong></span> <span class='ocrx_word' id='word_1_224' title='bbox 1669 2886 1840 2939; x_wconf 85' lang='lat' dir='ltr'><strong>ebrie-</strong></span> 
     </span>
    </p>
   </div>
   <div class='ocr_carea' id='block_1_30' title="bbox 288 2970 1835 3042">
    <p class='ocr_par' dir='ltr' id='par_1_30' title="bbox 288 2970 1835 3042">
     <span class='ocr_line' id='line_1_30' title="bbox 288 2970 1835 3042; baseline 0.003 -21"><span class='ocrx_word' id='word_1_225' title='bbox 288 2970 382 3022; x_wconf 87' lang='lat' dir='ltr'><strong>tati</strong></span> <span class='ocrx_word' id='word_1_226' title='bbox 410 2978 463 3022; x_wconf 93' lang='lat' dir='ltr'><strong>et</strong></span> <span class='ocrx_word' id='word_1_227' title='bbox 484 2972 950 3024; x_wconf 87' lang='lat' dir='ltr'><strong>comessationihus</strong></span> <span class='ocrx_word' id='word_1_228' title='bbox 982 2986 1193 3040; x_wconf 83' lang='lat' dir='ltr'><strong>cperam</strong></span> <span class='ocrx_word' id='word_1_229' title='bbox 1222 2973 1348 3027; x_wconf 89' lang='lat' dir='ltr'><strong>dare</strong></span> <span class='ocrx_word' id='word_1_230' title='bbox 1376 2974 1575 3042; x_wconf 87' lang='lat' dir='ltr'><strong>cupias,</strong></span> <span class='ocrx_word' id='word_1_231' title='bbox 1608 2975 1725 3026; x_wconf 91' lang='lat' dir='ltr'><strong>audi</strong></span> <span class='ocrx_word' id='word_1_232' title='bbox 1753 2975 1835 3027; x_wconf 86' lang='lat' dir='ltr'><strong>di-</strong></span> 
     </span>
    </p>
   </div>
   <div class='ocr_carea' id='block_1_31' title="bbox 284 3058 1843 3129">
    <p class='ocr_par' dir='ltr' id='par_1_31' title="bbox 284 3058 1843 3129">
     <span class='ocr_line' id='line_1_31' title="bbox 284 3058 1843 3129; baseline 0.003 -19"><span class='ocrx_word' id='word_1_233' title='bbox 284 3059 450 3112; x_wconf 81' lang='lat' dir='ltr'><strong>vitem</strong></span> <span class='ocrx_word' id='word_1_234' title='bbox 501 3058 764 3112; x_wconf 87' lang='lat' dir='ltr'><strong>dicentem</strong></span> <span class='ocrx_word' id='word_1_235' title='bbox 785 3098 801 3122; x_wconf 94' lang='lat'><strong>,</strong></span> <span class='ocrx_word' id='word_1_236' title='bbox 829 3058 973 3111; x_wconf 75' lang='lat' dir='ltr'><strong>Mitte</strong></span> <span class='ocrx_word' id='word_1_237' title='bbox 1010 3060 1259 3112; x_wconf 78' lang='lat' dir='ltr'><strong>Lazarum</strong></span> <span class='ocrx_word' id='word_1_238' title='bbox 1288 3061 1437 3129; x_wconf 88' lang='lat' dir='ltr'><strong>(Luc.</strong></span> <span class='ocrx_word' id='word_1_239' title='bbox 1482 3062 1567 3114; x_wconf 76' lang='grc'><strong>16.</strong></span> <span class='ocrx_word' id='word_1_240' title='bbox 1607 3059 1697 3128; x_wconf 74' lang='grc'><strong>24)</strong></span> <span class='ocrx_word' id='word_1_241' title='bbox 1719 3102 1732 3125; x_wconf 89' lang='grc'>,</span> <span class='ocrx_word' id='word_1_242' title='bbox 1757 3062 1843 3128; x_wconf 90' lang='lat' dir='ltr'><strong>qui</strong></span> 
     </span>
    </p>
   </div>
   <div class='ocr_carea' id='block_1_32' title="bbox 285 3147 1843 3219">
    <p class='ocr_par' dir='ltr' id='par_1_32' title="bbox 285 3147 1843 3219">
     <span class='ocr_line' id='line_1_32' title="bbox 285 3147 1843 3219; baseline 0.003 -20"><span class='ocrx_word' id='word_1_243' title='bbox 285 3160 497 3200; x_wconf 90' lang='lat' dir='ltr'><strong>summo</strong></span> <span class='ocrx_word' id='word_1_244' title='bbox 538 3147 701 3215; x_wconf 81' lang='lat' dir='ltr'><strong>digito</strong></span> <span class='ocrx_word' id='word_1_245' title='bbox 752 3147 1027 3216; x_wconf 78' lang='lat' dir='ltr'><strong>refrigeret</strong></span> <span class='ocrx_word' id='word_1_246' title='bbox 1078 3150 1316 3203; x_wconf 85' lang='lat' dir='ltr'><strong>adustam</strong></span> <span class='ocrx_word' id='word_1_247' title='bbox 1361 3151 1626 3219; x_wconf 88' lang='lat' dir='ltr'><strong>linguam,</strong></span> <span class='ocrx_word' id='word_1_248' title='bbox 1677 3165 1843 3219; x_wconf 88' lang='lat' dir='ltr'><strong>neque</strong></span> 
     </span>
    </p>
   </div>
   <div class='ocr_carea' id='block_1_33' title="bbox 286 3239 1843 3307">
    <p class='ocr_par' dir='ltr' id='par_1_33' title="bbox 286 3239 1843 3307">
     <span class='ocr_line' id='line_1_33' title="bbox 286 3239 1843 3307; baseline 0.003 -18"><span class='ocrx_word' id='word_1_249' title='bbox 286 3244 525 3305; x_wconf 90' lang='lat' dir='ltr'><strong>optatum</strong></span> <span class='ocrx_word' id='word_1_250' title='bbox 554 3247 905 3305; x_wconf 89' lang='lat' dir='ltr'><strong>consequutus</strong></span> <span class='ocrx_word' id='word_1_251' title='bbox 928 3247 1024 3303; x_wconf 90' lang='lat' dir='ltr'><strong>est,</strong></span> <span class='ocrx_word' id='word_1_252' title='bbox 1052 3248 1104 3293; x_wconf 90' lang='lat' dir='ltr'><strong>et</strong></span> <span class='ocrx_word' id='word_1_253' title='bbox 1131 3240 1305 3293; x_wconf 89' lang='lat' dir='ltr'><strong>statim</strong></span> <span class='ocrx_word' id='word_1_254' title='bbox 1338 3240 1403 3291; x_wconf 89' lang='lat' dir='ltr'><strong>ab</strong></span> <span class='ocrx_word' id='word_1_255' title='bbox 1426 3239 1525 3293; x_wconf 85' lang='lat' dir='ltr'><strong>hoc</strong></span> <span class='ocrx_word' id='word_1_256' title='bbox 1544 3240 1843 3307; x_wconf 87' lang='lat' dir='ltr'><strong>cupiditatis</strong></span> 
     </span>
    </p>
   </div>
   <div class='ocr_carea' id='block_1_34' title="bbox 286 3325 1839 3396">
    <p class='ocr_par' dir='ltr' id='par_1_34' title="bbox 286 3325 1839 3396">
     <span class='ocr_line' id='line_1_34' title="bbox 286 3325 1839 3396; baseline 0.003 -17"><span class='ocrx_word' id='word_1_257' title='bbox 286 3326 475 3379; x_wconf 87' lang='lat' dir='ltr'><strong>morbo</strong></span> <span class='ocrx_word' id='word_1_258' title='bbox 502 3326 775 3379; x_wconf 89' lang='lat' dir='ltr'><strong>averteris.</strong></span> <span class='ocrx_word' id='word_1_259' title='bbox 794 3325 994 3380; x_wconf 61' lang='lat' dir='ltr'><strong>Caetera</strong></span> <span class='ocrx_word' id='word_1_260' title='bbox 1016 3342 1223 3396; x_wconf 89' lang='lat' dir='ltr'><strong>quoque</strong></span> <span class='ocrx_word' id='word_1_261' title='bbox 1248 3330 1421 3381; x_wconf 90' lang='lat' dir='ltr'><strong>omnia</strong></span> <span class='ocrx_word' id='word_1_262' title='bbox 1446 3330 1651 3383; x_wconf 91' lang='lat' dir='ltr'><strong>virtutis</strong></span> <span class='ocrx_word' id='word_1_263' title='bbox 1670 3329 1839 3384; x_wconf 89' lang='lat' dir='ltr'><strong>officia</strong></span> 
     </span>
    </p>
   </div>
   <div class='ocr_carea' id='block_1_35' title="bbox 292 3417 1839 3488">
    <p class='ocr_par' dir='ltr' id='par_1_35' title="bbox 292 3417 1839 3488">
     <span class='ocr_line' id='line_1_35' title="bbox 292 3417 1839 3488; baseline 0.003 -18"><span class='ocrx_word' id='word_1_264' title='bbox 292 3418 373 3470; x_wconf 86' lang='lat' dir='ltr'><strong>sic</strong></span> <span class='ocrx_word' id='word_1_265' title='bbox 401 3417 705 3484; x_wconf 84' lang='lat' dir='ltr'><strong>exsequeris</strong></span> <span class='ocrx_word' id='word_1_266' title='bbox 739 3434 751 3469; x_wconf 91' lang='lat'><strong>:</strong></span> <span class='ocrx_word' id='word_1_267' title='bbox 785 3417 909 3470; x_wconf 86' lang='lat' dir='ltr'><strong>nihil</strong></span> <span class='ocrx_word' id='word_1_268' title='bbox 940 3418 1076 3471; x_wconf 90' lang='lat' dir='ltr'><strong>enim</strong></span> <span class='ocrx_word' id='word_1_269' title='bbox 1105 3434 1382 3473; x_wconf 85' lang='lat' dir='ltr'><strong>onerOsum</strong></span> <span class='ocrx_word' id='word_1_270' title='bbox 1411 3420 1546 3472; x_wconf 92' lang='lat' dir='ltr'><strong>Deus</strong></span> <span class='ocrx_word' id='word_1_271' title='bbox 1576 3422 1839 3488; x_wconf 61' lang='lat' dir='ltr'><strong>praecepit.</strong></span> 
     </span>
    </p>
   </div>
   <div class='ocr_carea' id='block_1_36' title="bbox 288 3508 1843 3577">
    <p class='ocr_par' dir='ltr' id='par_1_36' title="bbox 288 3508 1843 3577">
     <span class='ocr_line' id='line_1_36' title="bbox 288 3508 1843 3577; baseline 0 -14"><span class='ocrx_word' id='word_1_272' title='bbox 288 3508 441 3563; x_wconf 85' lang='lat' dir='ltr'><strong>Unde</strong></span> <span class='ocrx_word' id='word_1_273' title='bbox 488 3510 641 3577; x_wconf 89' lang='lat' dir='ltr'><strong>igitur</strong></span> <span class='ocrx_word' id='word_1_274' title='bbox 696 3518 953 3577; x_wconf 67' lang='lat' dir='ltr'><strong>prmeepta</strong></span> <span class='ocrx_word' id='word_1_275' title='bbox 999 3524 1219 3563; x_wconf 86' lang='lat' dir='ltr'><strong>onerosa</strong></span> <span class='ocrx_word' id='word_1_276' title='bbox 1271 3524 1389 3564; x_wconf 90' lang='lat' dir='ltr'><strong>esse</strong></span> <span class='ocrx_word' id='word_1_277' title='bbox 1438 3511 1722 3564; x_wconf 86' lang='lat' dir='ltr'><strong>videntur?</strong></span> <span class='ocrx_word' id='word_1_278' title='bbox 1770 3511 1843 3563; x_wconf 87' lang='lat' dir='ltr'><strong>Ex</strong></span> 
     </span>
    </p>
   </div>
   <div class='ocr_carea' id='block_1_37' title="bbox 288 3598 1841 3667">
    <p class='ocr_par' dir='ltr' id='par_1_37' title="bbox 288 3598 1841 3667">
     <span class='ocr_line' id='line_1_37' title="bbox 288 3598 1841 3667; baseline 0.003 -18"><span class='ocrx_word' id='word_1_279' title='bbox 288 3598 510 3667; x_wconf 88' lang='lat' dir='ltr'><strong>segnitie</strong></span> <span class='ocrx_word' id='word_1_280' title='bbox 533 3607 732 3650; x_wconf 89' lang='lat' dir='ltr'><strong>nostra.</strong></span> <span class='ocrx_word' id='word_1_281' title='bbox 754 3598 1201 3664; x_wconf 89' lang='lat' dir='ltr'><strong>Quemadmodum</strong></span> <span class='ocrx_word' id='word_1_282' title='bbox 1230 3602 1367 3653; x_wconf 90' lang='lat' dir='ltr'><strong>enim</strong></span> <span class='ocrx_word' id='word_1_283' title='bbox 1397 3601 1440 3652; x_wconf 91' lang='lat' dir='ltr'><strong>si</strong></span> <span class='ocrx_word' id='word_1_284' title='bbox 1470 3600 1699 3653; x_wconf 89' lang='lat' dir='ltr'><strong>studiose</strong></span> <span class='ocrx_word' id='word_1_285' title='bbox 1721 3600 1841 3653; x_wconf 86' lang='lat' dir='ltr'><strong>dili-</strong></span> 
     </span>
    </p>
   </div>
   <div class='ocr_carea' id='block_1_38' title="bbox 287 3688 1841 3757">
    <p class='ocr_par' dir='ltr' id='par_1_38' title="bbox 287 3688 1841 3757">
     <span class='ocr_line' id='line_1_38' title="bbox 287 3688 1841 3757; baseline 0.003 -20"><span class='ocrx_word' id='word_1_286' title='bbox 287 3695 577 3753; x_wconf 87' lang='lat' dir='ltr'><strong>genterque</strong></span> <span class='ocrx_word' id='word_1_287' title='bbox 618 3701 861 3754; x_wconf 83' lang='lat' dir='ltr'><strong>agamus,</strong></span> <span class='ocrx_word' id='word_1_288' title='bbox 889 3702 1004 3753; x_wconf 74' lang='lat' dir='ltr'><strong>qua:</strong></span> <span class='ocrx_word' id='word_1_289' title='bbox 1042 3688 1286 3742; x_wconf 87' lang='lat' dir='ltr'><strong>videntur</strong></span> <span class='ocrx_word' id='word_1_290' title='bbox 1325 3702 1441 3742; x_wconf 87' lang='lat' dir='ltr'><strong>esse</strong></span> <span class='ocrx_word' id='word_1_291' title='bbox 1479 3689 1674 3757; x_wconf 85' lang='lat' dir='ltr'><strong>gravia,</strong></span> <span class='ocrx_word' id='word_1_292' title='bbox 1709 3690 1841 3743; x_wconf 91' lang='lat' dir='ltr'><strong>levia</strong></span> 
     </span>
    </p>
   </div>
   <div class='ocr_carea' id='block_1_39' title="bbox 289 3772 1841 3843">
    <p class='ocr_par' dir='ltr' id='par_1_39' title="bbox 289 3772 1841 3843">
     <span class='ocr_line' id='line_1_39' title="bbox 289 3772 1841 3843; baseline 0.004 -18"><span class='ocrx_word' id='word_1_293' title='bbox 289 3772 567 3841; x_wconf 78' lang='lat' dir='ltr'><strong>faciliaque</strong></span> <span class='ocrx_word' id='word_1_294' title='bbox 609 3783 797 3827; x_wconf 86' lang='lat' dir='ltr'><strong>erunt:</strong></span> <span class='ocrx_word' id='word_1_295' title='bbox 828 3775 903 3827; x_wconf 92' lang='lat' dir='ltr'><strong>sic</strong></span> <span class='ocrx_word' id='word_1_296' title='bbox 923 3814 936 3837; x_wconf 90' lang='lat'><strong>,</strong></span> <span class='ocrx_word' id='word_1_297' title='bbox 968 3775 1010 3829; x_wconf 90' lang='lat' dir='ltr'><strong>si</strong></span> <span class='ocrx_word' id='word_1_298' title='bbox 1064 3776 1291 3843; x_wconf 88' lang='lat' dir='ltr'><strong>segniter</strong></span> <span class='ocrx_word' id='word_1_299' title='bbox 1318 3791 1529 3843; x_wconf 89' lang='lat' dir='ltr'><strong>agamus</strong></span> <span class='ocrx_word' id='word_1_300' title='bbox 1550 3816 1562 3839; x_wconf 90' lang='lat'><strong>,</strong></span> <span class='ocrx_word' id='word_1_301' title='bbox 1595 3778 1841 3831; x_wconf 86' lang='lat' dir='ltr'><strong>tolerabi-</strong></span> 
     </span>
    </p>
   </div>
   <div class='ocr_carea' id='block_1_40' title="bbox 288 3863 1839 3931">
    <p class='ocr_par' dir='ltr' id='par_1_40' title="bbox 288 3863 1839 3931">
     <span class='ocr_line' id='line_1_40' title="bbox 288 3863 1839 3931; baseline 0.001 -14"><span class='ocrx_word' id='word_1_302' title='bbox 288 3864 420 3917; x_wconf 89' lang='lat' dir='ltr'><strong>liora</strong></span> <span class='ocrx_word' id='word_1_303' title='bbox 444 3878 653 3931; x_wconf 87' lang='lat' dir='ltr'><strong>quoque</strong></span> <span class='ocrx_word' id='word_1_304' title='bbox 693 3863 925 3916; x_wconf 87' lang='lat' dir='ltr'><strong>difficilia</strong></span> <span class='ocrx_word' id='word_1_305' title='bbox 968 3864 1116 3917; x_wconf 91' lang='lat' dir='ltr'><strong>nobis</strong></span> <span class='ocrx_word' id='word_1_306' title='bbox 1147 3864 1481 3917; x_wconf 88' lang='lat' dir='ltr'><strong>videbuntur.</strong></span> <span class='ocrx_word' id='word_1_307' title='bbox 1513 3865 1639 3929; x_wconf 67' lang='lat' dir='ltr'><strong>Quae</strong></span> <span class='ocrx_word' id='word_1_308' title='bbox 1667 3866 1839 3919; x_wconf 86' lang='lat' dir='ltr'><strong>omnia</strong></span> 
     </span>
    </p>
   </div>
   <div class='ocr_carea' id='block_1_41' title="bbox 288 3952 1840 4022">
    <p class='ocr_par' dir='ltr' id='par_1_41' title="bbox 288 3952 1840 4022">
     <span class='ocr_line' id='line_1_41' title="bbox 288 3952 1840 4022; baseline 0.001 -16"><span class='ocrx_word' id='word_1_309' title='bbox 288 3952 563 4006; x_wconf 90' lang='lat' dir='ltr'><strong>nobiscum</strong></span> <span class='ocrx_word' id='word_1_310' title='bbox 586 3960 907 4020; x_wconf 87' lang='lat' dir='ltr'><strong>reputantes,</strong></span> <span class='ocrx_word' id='word_1_311' title='bbox 940 3968 1005 4006; x_wconf 91' lang='lat' dir='ltr'><strong>ne</strong></span> <span class='ocrx_word' id='word_1_312' title='bbox 1031 3953 1211 4006; x_wconf 89' lang='lat' dir='ltr'><strong>beatos</strong></span> <span class='ocrx_word' id='word_1_313' title='bbox 1242 3953 1358 4006; x_wconf 92' lang='lat' dir='ltr'><strong>illos</strong></span> <span class='ocrx_word' id='word_1_314' title='bbox 1389 3953 1730 4021; x_wconf 70' lang='lat' dir='ltr'><strong>prmdicemus</strong></span> <span class='ocrx_word' id='word_1_315' title='bbox 1754 3956 1840 4022; x_wconf 90' lang='lat' dir='ltr'><strong>qui</strong></span> 
     </span>
    </p>
   </div>
   <div class='ocr_carea' id='block_1_42' title="bbox 289 4040 1837 4110">
    <p class='ocr_par' dir='ltr' id='par_1_42' title="bbox 289 4040 1837 4110">
     <span class='ocr_line' id='line_1_42' title="bbox 289 4040 1837 4110; baseline 0.002 -18"><span class='ocrx_word' id='word_1_316' title='bbox 289 4041 429 4093; x_wconf 89' lang='lat' dir='ltr'><strong>lauta</strong></span> <span class='ocrx_word' id='word_1_317' title='bbox 460 4040 701 4093; x_wconf 90' lang='lat' dir='ltr'><strong>fruuntur</strong></span> <span class='ocrx_word' id='word_1_318' title='bbox 731 4054 929 4103; x_wconf 91' lang='lat' dir='ltr'><strong>mensa,</strong></span> <span class='ocrx_word' id='word_1_319' title='bbox 953 4041 1043 4093; x_wconf 90' lang='lat' dir='ltr'><strong>sed</strong></span> <span class='ocrx_word' id='word_1_320' title='bbox 1090 4042 1297 4093; x_wconf 86' lang='lat' dir='ltr'><strong>illorum</strong></span> <span class='ocrx_word' id='word_1_321' title='bbox 1332 4041 1483 4094; x_wconf 85' lang='lat' dir='ltr'><strong>finem</strong></span> <span class='ocrx_word' id='word_1_322' title='bbox 1526 4044 1837 4110; x_wconf 83' lang='lat' dir='ltr'><strong>cogitemus.</strong></span> 
     </span>
    </p>
   </div>
   <div class='ocr_carea' id='block_1_43' title="bbox 287 4128 1841 4197">
    <p class='ocr_par' dir='ltr' id='par_1_43' title="bbox 287 4128 1841 4197">
     <span class='ocr_line' id='line_1_43' title="bbox 287 4128 1841 4197; baseline 0.001 -14"><span class='ocrx_word' id='word_1_323' title='bbox 287 4130 419 4183; x_wconf 82' lang='lat' dir='ltr'><strong>Nam</strong></span> <span class='ocrx_word' id='word_1_324' title='bbox 447 4129 531 4181; x_wconf 90' lang='lat' dir='ltr'><strong>hic</strong></span> <span class='ocrx_word' id='word_1_325' title='bbox 553 4138 754 4182; x_wconf 88' lang='lat' dir='ltr'><strong>stercus</strong></span> <span class='ocrx_word' id='word_1_326' title='bbox 773 4138 824 4181; x_wconf 92' lang='lat' dir='ltr'><strong>et</strong></span> <span class='ocrx_word' id='word_1_327' title='bbox 848 4128 1125 4197; x_wconf 88' lang='lat' dir='ltr'><strong>pinguedo,</strong></span> <span class='ocrx_word' id='word_1_328' title='bbox 1159 4129 1267 4181; x_wconf 91' lang='lat' dir='ltr'><strong>illic</strong></span> <span class='ocrx_word' id='word_1_329' title='bbox 1293 4132 1483 4181; x_wconf 88' lang='lat' dir='ltr'><strong>vermis</strong></span> <span class='ocrx_word' id='word_1_330' title='bbox 1505 4138 1557 4181; x_wconf 93' lang='lat' dir='ltr'><strong>et</strong></span> <span class='ocrx_word' id='word_1_331' title='bbox 1590 4130 1740 4197; x_wconf 89' lang='lat' dir='ltr'><strong>ignis.</strong></span> <span class='ocrx_word' id='word_1_332' title='bbox 1767 4130 1841 4185; x_wconf 88' lang='lat' dir='ltr'><strong>Ne</strong></span> 
     </span>
    </p>
   </div>
   <div class='ocr_carea' id='block_1_44' title="bbox 287 4219 1838 4289">
    <p class='ocr_par' dir='ltr' id='par_1_44' title="bbox 287 4219 1838 4289">
     <span class='ocr_line' id='line_1_44' title="bbox 287 4219 1838 4289; baseline 0.001 -16"><span class='ocrx_word' id='word_1_333' title='bbox 287 4228 547 4287; x_wconf 88' lang='lat' dir='ltr'><strong>raptores,</strong></span> <span class='ocrx_word' id='word_1_334' title='bbox 569 4219 661 4273; x_wconf 90' lang='lat' dir='ltr'><strong>sed</strong></span> <span class='ocrx_word' id='word_1_335' title='bbox 682 4234 861 4273; x_wconf 88' lang='lat' dir='ltr'><strong>eorum</strong></span> <span class='ocrx_word' id='word_1_336' title='bbox 885 4219 1039 4273; x_wconf 85' lang='lat' dir='ltr'><strong>finem</strong></span> <span class='ocrx_word' id='word_1_337' title='bbox 1072 4220 1341 4275; x_wconf 90' lang='lat' dir='ltr'><strong>nobiscum</strong></span> <span class='ocrx_word' id='word_1_338' title='bbox 1370 4228 1689 4289; x_wconf 85' lang='lat' dir='ltr'><strong>reputemus.</strong></span> <span class='ocrx_word' id='word_1_339' title='bbox 1710 4221 1838 4274; x_wconf 86' lang='lat' dir='ltr'><strong>Nam</strong></span> 
     </span>
    </p>
   </div>
   <div class='ocr_carea' id='block_1_45' title="bbox 286 4310 1839 4373">
    <p class='ocr_par' dir='ltr' id='par_1_45' title="bbox 286 4310 1839 4373">
     <span class='ocr_line' id='line_1_45' title="bbox 286 4310 1839 4373; baseline 0.001 -10"><span class='ocrx_word' id='word_1_340' title='bbox 286 4311 373 4363; x_wconf 89' lang='lat' dir='ltr'><strong>hic</strong></span> <span class='ocrx_word' id='word_1_341' title='bbox 419 4310 801 4364; x_wconf 82' lang='lat' dir='ltr'><strong>sollicitudines</strong></span> <span class='ocrx_word' id='word_1_342' title='bbox 830 4319 883 4365; x_wconf 91' lang='lat' dir='ltr'><strong>et</strong></span> <span class='ocrx_word' id='word_1_343' title='bbox 918 4310 1144 4373; x_wconf 86' lang='lat' dir='ltr'><strong>labores,</strong></span> <span class='ocrx_word' id='word_1_344' title='bbox 1174 4311 1280 4365; x_wconf 91' lang='lat' dir='ltr'><strong>illic</strong></span> <span class='ocrx_word' id='word_1_345' title='bbox 1301 4311 1501 4363; x_wconf 89' lang='lat' dir='ltr'><strong>vincula</strong></span> <span class='ocrx_word' id='word_1_346' title='bbox 1545 4312 1839 4366; x_wconf 81' lang='lat' dir='ltr'><strong>insolubilia</strong></span> 
     </span>
    </p>
   </div>
   <div class='ocr_carea' id='block_1_46' title="bbox 287 4398 1836 4468">
    <p class='ocr_par' dir='ltr' id='par_1_46' title="bbox 287 4398 1836 4468">
     <span class='ocr_line' id='line_1_46' title="bbox 287 4398 1836 4468; baseline 0 -15"><span class='ocrx_word' id='word_1_347' title='bbox 287 4408 342 4453; x_wconf 90' lang='lat' dir='ltr'><strong>et</strong></span> <span class='ocrx_word' id='word_1_348' title='bbox 366 4398 601 4453; x_wconf 66' lang='lat' dir='ltr'><strong>tenebrae</strong></span> <span class='ocrx_word' id='word_1_349' title='bbox 626 4400 932 4452; x_wconf 83' lang='lat' dir='ltr'><strong>exteriores.</strong></span> <span class='ocrx_word' id='word_1_350' title='bbox 956 4398 1031 4452; x_wconf 87' lang='lat' dir='ltr'><strong>Ne</strong></span> <span class='ocrx_word' id='word_1_351' title='bbox 1057 4400 1235 4468; x_wconf 66' lang='lat' dir='ltr'><strong>gloria;</strong></span> <span class='ocrx_word' id='word_1_352' title='bbox 1268 4398 1509 4451; x_wconf 77' lang='lat' dir='ltr'><strong>humana:</strong></span> <span class='ocrx_word' id='word_1_353' title='bbox 1538 4411 1797 4454; x_wconf 89' lang='lat' dir='ltr'><strong>amatores</strong></span> <span class='ocrx_word' id='word_1_354' title='bbox 1821 4416 1836 4465; x_wconf 90' lang='lat'><strong>;</strong></span> 
     </span>
    </p>
   </div>
   <div class='ocr_carea' id='block_1_47' title="bbox 286 4488 1837 4558">
    <p class='ocr_par' dir='ltr' id='par_1_47' title="bbox 286 4488 1837 4558">
     <span class='ocr_line' id='line_1_47' title="bbox 286 4488 1837 4558; baseline 0.001 -16"><span class='ocrx_word' id='word_1_355' title='bbox 286 4488 376 4543; x_wconf 86' lang='lat' dir='ltr'><strong>sed</strong></span> <span class='ocrx_word' id='word_1_356' title='bbox 407 4488 523 4558; x_wconf 86' lang='lat' dir='ltr'><strong>quis</strong></span> <span class='ocrx_word' id='word_1_357' title='bbox 550 4488 617 4541; x_wconf 87' lang='lat' dir='ltr'><strong>sit</strong></span> <span class='ocrx_word' id='word_1_358' title='bbox 643 4502 822 4541; x_wconf 89' lang='lat' dir='ltr'><strong>eorum</strong></span> <span class='ocrx_word' id='word_1_359' title='bbox 849 4488 1036 4552; x_wconf 83' lang='lat' dir='ltr'><strong>exitus,</strong></span> <span class='ocrx_word' id='word_1_360' title='bbox 1051 4488 1463 4541; x_wconf 88' lang='lat' dir='ltr'><strong>consideremus.</strong></span> <span class='ocrx_word' id='word_1_361' title='bbox 1490 4488 1581 4542; x_wconf 89' lang='lat' dir='ltr'><strong>Hic</strong></span> <span class='ocrx_word' id='word_1_362' title='bbox 1607 4490 1837 4543; x_wconf 90' lang='lat' dir='ltr'><strong>servitus</strong></span> 
     </span>
    </p>
   </div>
   <div class='ocr_carea' id='block_1_48' title="bbox 285 4578 1832 4645">
    <p class='ocr_par' dir='ltr' id='par_1_48' title="bbox 285 4578 1832 4645">
     <span class='ocr_line' id='line_1_48' title="bbox 285 4578 1832 4645; baseline -0.001 -12"><span class='ocrx_word' id='word_1_363' title='bbox 285 4589 340 4633; x_wconf 91' lang='lat' dir='ltr'><strong>et</strong></span> <span class='ocrx_word' id='word_1_364' title='bbox 370 4579 536 4645; x_wconf 90' lang='lat' dir='ltr'><strong>fucus,</strong></span> <span class='ocrx_word' id='word_1_365' title='bbox 568 4578 672 4632; x_wconf 90' lang='lat' dir='ltr'><strong>illic</strong></span> <span class='ocrx_word' id='word_1_366' title='bbox 701 4578 945 4632; x_wconf 90' lang='lat' dir='ltr'><strong>damnum</strong></span> <span class='ocrx_word' id='word_1_367' title='bbox 971 4578 1189 4631; x_wconf 91' lang='lat' dir='ltr'><strong>multum</strong></span> <span class='ocrx_word' id='word_1_368' title='bbox 1219 4587 1271 4631; x_wconf 90' lang='lat' dir='ltr'><strong>et</strong></span> <span class='ocrx_word' id='word_1_369' title='bbox 1303 4578 1597 4632; x_wconf 90' lang='lat' dir='ltr'><strong>combustio</strong></span> <span class='ocrx_word' id='word_1_370' title='bbox 1617 4588 1832 4633; x_wconf 69' lang='lat' dir='ltr'><strong>aeterna.</strong></span> 
     </span>
    </p>
   </div>
   <div class='ocr_carea' id='block_1_49' title="bbox 284 4667 1836 4735">
    <p class='ocr_par' dir='ltr' id='par_1_49' title="bbox 284 4667 1836 4735">
     <span class='ocr_line' id='line_1_49' title="bbox 284 4667 1836 4735; baseline 0 -13"><span class='ocrx_word' id='word_1_371' title='bbox 284 4668 340 4723; x_wconf 91' lang='lat' dir='ltr'><strong>Si</strong></span> <span class='ocrx_word' id='word_1_372' title='bbox 373 4668 442 4721; x_wconf 90' lang='lat' dir='ltr'><strong>ita</strong></span> <span class='ocrx_word' id='word_1_373' title='bbox 472 4667 608 4735; x_wconf 90' lang='lat' dir='ltr'><strong>apud</strong></span> <span class='ocrx_word' id='word_1_374' title='bbox 653 4682 749 4720; x_wconf 89' lang='lat' dir='ltr'><strong>nos</strong></span> <span class='ocrx_word' id='word_1_375' title='bbox 784 4668 1191 4731; x_wconf 90' lang='lat' dir='ltr'><strong>ratiocinemur,</strong></span> <span class='ocrx_word' id='word_1_376' title='bbox 1218 4676 1375 4735; x_wconf 90' lang='lat' dir='ltr'><strong>atque</strong></span> <span class='ocrx_word' id='word_1_377' title='bbox 1420 4667 1531 4721; x_wconf 78' lang='lat' dir='ltr'><strong>lucc</strong></span> <span class='ocrx_word' id='word_1_378' title='bbox 1555 4678 1607 4722; x_wconf 91' lang='lat' dir='ltr'><strong>et</strong></span> <span class='ocrx_word' id='word_1_379' title='bbox 1647 4669 1836 4723; x_wconf 88' lang='lat' dir='ltr'><strong>similia</strong></span> 
     </span>
    </p>
   </div>
   <div class='ocr_carea' id='block_1_50' title="bbox 288 4756 1836 4825">
    <p class='ocr_par' dir='ltr' id='par_1_50' title="bbox 288 4756 1836 4825">
     <span class='ocr_line' id='line_1_50' title="bbox 288 4756 1836 4825; baseline 0.001 -14"><span class='ocrx_word' id='word_1_380' title='bbox 288 4758 465 4825; x_wconf 79' lang='lat' dir='ltr'><strong>pravis</strong></span> <span class='ocrx_word' id='word_1_381' title='bbox 482 4757 675 4810; x_wconf 89' lang='lat' dir='ltr'><strong>nostris</strong></span> <span class='ocrx_word' id='word_1_382' title='bbox 697 4756 1138 4825; x_wconf 87' lang='lat' dir='ltr'><strong>concupiscentiis</strong></span> <span class='ocrx_word' id='word_1_383' title='bbox 1155 4756 1362 4810; x_wconf 87' lang='lat' dir='ltr'><strong>assidue</strong></span> <span class='ocrx_word' id='word_1_384' title='bbox 1389 4758 1710 4821; x_wconf 89' lang='lat' dir='ltr'><strong>occinamus,</strong></span> <span class='ocrx_word' id='word_1_385' title='bbox 1732 4759 1836 4813; x_wconf 90' lang='lat' dir='ltr'><strong>cito</strong></span> 
     </span>
    </p>
   </div>
   <div class='ocr_carea' id='block_1_51' title="bbox 289 4845 1833 4915">
    <p class='ocr_par' dir='ltr' id='par_1_51' title="bbox 289 4845 1833 4915">
     <span class='ocr_line' id='line_1_51' title="bbox 289 4845 1833 4915; baseline 0.001 -16"><span class='ocrx_word' id='word_1_386' title='bbox 289 4846 573 4915; x_wconf 86' lang='lat' dir='ltr'><strong>nequitiam</strong></span> <span class='ocrx_word' id='word_1_387' title='bbox 595 4845 899 4914; x_wconf 83' lang='lat' dir='ltr'><strong>effugiemus</strong></span> <span class='ocrx_word' id='word_1_388' title='bbox 932 4854 985 4899; x_wconf 91' lang='lat' dir='ltr'><strong>et</strong></span> <span class='ocrx_word' id='word_1_389' title='bbox 1008 4847 1251 4898; x_wconf 90' lang='lat' dir='ltr'><strong>virtutem</strong></span> <span class='ocrx_word' id='word_1_390' title='bbox 1288 4860 1659 4915; x_wconf 78' lang='lat' dir='ltr'><strong>exsequemur,</strong></span> <span class='ocrx_word' id='word_1_391' title='bbox 1696 4863 1833 4915; x_wconf 70' lang='lat' dir='ltr'><strong>prae-</strong></span> 
     </span>
    </p>
   </div>
   <div class='ocr_carea' id='block_1_52' title="bbox 287 4932 1837 5002">
    <p class='ocr_par' dir='ltr' id='par_1_52' title="bbox 287 4932 1837 5002">
     <span class='ocr_line' id='line_1_52' title="bbox 287 4932 1837 5002; baseline -0.001 -13"><span class='ocrx_word' id='word_1_392' title='bbox 287 4935 511 4989; x_wconf 89' lang='lat' dir='ltr'><strong>sentium</strong></span> <span class='ocrx_word' id='word_1_393' title='bbox 542 4946 772 4986; x_wconf 90' lang='lat' dir='ltr'><strong>amorem</strong></span> <span class='ocrx_word' id='word_1_394' title='bbox 799 4934 1207 5002; x_wconf 86' lang='lat' dir='ltr'><strong>exstinguemus,</strong></span> <span class='ocrx_word' id='word_1_395' title='bbox 1239 4941 1292 4986; x_wconf 92' lang='lat' dir='ltr'><strong>et</strong></span> <span class='ocrx_word' id='word_1_396' title='bbox 1333 4932 1623 4987; x_wconf 89' lang='lat' dir='ltr'><strong>futurorum</strong></span> <span class='ocrx_word' id='word_1_397' title='bbox 1652 4949 1837 4989; x_wconf 86' lang='lat' dir='ltr'><strong>accen-</strong></span> 
     </span>
    </p>
   </div>
   <div class='ocr_carea' id='block_1_53' title="bbox 287 5020 1833 5091">
    <p class='ocr_par' dir='ltr' id='par_1_53' title="bbox 287 5020 1833 5091">
     <span class='ocr_line' id='line_1_53' title="bbox 287 5020 1833 5091; baseline -0.001 -14"><span class='ocrx_word' id='word_1_398' title='bbox 287 5023 491 5077; x_wconf 88' lang='lat' dir='ltr'><strong>demus.</strong></span> <span class='ocrx_word' id='word_1_399' title='bbox 512 5020 647 5087; x_wconf 87' lang='lat' dir='ltr'><strong>Quid</strong></span> <span class='ocrx_word' id='word_1_400' title='bbox 676 5020 814 5074; x_wconf 90' lang='lat' dir='ltr'><strong>enim</strong></span> <span class='ocrx_word' id='word_1_401' title='bbox 845 5021 1103 5075; x_wconf 89' lang='lat' dir='ltr'><strong>firmitatis</strong></span> <span class='ocrx_word' id='word_1_402' title='bbox 1129 5020 1325 5075; x_wconf 85' lang='lat' dir='ltr'><strong>habent</strong></span> <span class='ocrx_word' id='word_1_403' title='bbox 1357 5023 1631 5089; x_wconf 65' lang='lat' dir='ltr'><strong>praesentia</strong></span> <span class='ocrx_word' id='word_1_404' title='bbox 1656 5062 1671 5086; x_wconf 96' lang='lat'><strong>,</strong></span> <span class='ocrx_word' id='word_1_405' title='bbox 1711 5023 1833 5091; x_wconf 92' lang='lat' dir='ltr'><strong>quid</strong></span> 
     </span>
    </p>
   </div>
   <div class='ocr_carea' id='block_1_54' title="bbox 288 5110 1834 5183">
    <p class='ocr_par' dir='ltr' id='par_1_54' title="bbox 288 5110 1834 5183">
     <span class='ocr_line' id='line_1_54' title="bbox 288 5110 1834 5183; baseline 0 -16"><span class='ocrx_word' id='word_1_406' title='bbox 288 5126 391 5167; x_wconf 92' lang='lat' dir='ltr'><strong>tam</strong></span> <span class='ocrx_word' id='word_1_407' title='bbox 424 5112 713 5175; x_wconf 90' lang='lat' dir='ltr'><strong>insolitum,</strong></span> <span class='ocrx_word' id='word_1_408' title='bbox 736 5110 857 5179; x_wconf 92' lang='lat' dir='ltr'><strong>quid</strong></span> <span class='ocrx_word' id='word_1_409' title='bbox 882 5119 984 5163; x_wconf 89' lang='lat' dir='ltr'><strong>tam</strong></span> <span class='ocrx_word' id='word_1_410' title='bbox 1012 5111 1327 5179; x_wconf 86' lang='lat' dir='ltr'><strong>stupendum</strong></span> <span class='ocrx_word' id='word_1_411' title='bbox 1348 5152 1361 5176; x_wconf 93' lang='lat'><strong>,</strong></span> <span class='ocrx_word' id='word_1_412' title='bbox 1392 5127 1449 5166; x_wconf 81' lang='lat' dir='ltr'><strong>ut</strong></span> <span class='ocrx_word' id='word_1_413' title='bbox 1474 5126 1683 5166; x_wconf 88' lang='lat' dir='ltr'><strong>onmem</strong></span> <span class='ocrx_word' id='word_1_414' title='bbox 1713 5129 1834 5183; x_wconf 87' lang='lat' dir='ltr'><strong>erga</strong></span> 
     </span>
    </p>
   </div>
   <div class='ocr_carea' id='block_1_55' title="bbox 290 5200 1836 5270">
    <p class='ocr_par' dir='ltr' id='par_1_55' title="bbox 290 5200 1836 5270">
     <span class='ocr_line' id='line_1_55' title="bbox 290 5200 1836 5270; baseline -0.001 -13"><span class='ocrx_word' id='word_1_415' title='bbox 290 5206 371 5257; x_wconf 90' lang='lat' dir='ltr'><strong>illa</strong></span> <span class='ocrx_word' id='word_1_416' title='bbox 401 5216 585 5258; x_wconf 87' lang='lat' dir='ltr'><strong>curam</strong></span> <span class='ocrx_word' id='word_1_417' title='bbox 621 5200 986 5254; x_wconf 86' lang='lat' dir='ltr'><strong>insumamus?</strong></span> <span class='ocrx_word' id='word_1_418' title='bbox 1012 5202 1200 5254; x_wconf 82' lang='lat' dir='ltr'><strong>Annon</strong></span> <span class='ocrx_word' id='word_1_419' title='bbox 1230 5200 1413 5254; x_wconf 86' lang='lat' dir='ltr'><strong>eadem</strong></span> <span class='ocrx_word' id='word_1_420' title='bbox 1445 5202 1554 5270; x_wconf 88' lang='lat' dir='ltr'><strong>ipsa</strong></span> <span class='ocrx_word' id='word_1_421' title='bbox 1584 5213 1836 5270; x_wconf 88' lang='lat' dir='ltr'><strong>perpetuo</strong></span> 
     </span>
    </p>
   </div>
   <div class='ocr_carea' id='block_1_56' title="bbox 288 5287 1837 5359">
    <p class='ocr_par' dir='ltr' id='par_1_56' title="bbox 288 5287 1837 5359">
     <span class='ocr_line' id='line_1_56' title="bbox 288 5287 1837 5359; baseline -0.002 -11"><span class='ocrx_word' id='word_1_422' title='bbox 288 5294 523 5348; x_wconf 83' lang='lat' dir='ltr'><strong>videmus</strong></span> <span class='ocrx_word' id='word_1_423' title='bbox 552 5288 701 5359; x_wconf 83' lang='lat' dir='ltr'><strong>quasi</strong></span> <span class='ocrx_word' id='word_1_424' title='bbox 732 5288 784 5342; x_wconf 92' lang='lat' dir='ltr'><strong>in</strong></span> <span class='ocrx_word' id='word_1_425' title='bbox 822 5287 1075 5343; x_wconf 87' lang='lat' dir='ltr'><strong>circulum</strong></span> <span class='ocrx_word' id='word_1_426' title='bbox 1125 5289 1452 5344; x_wconf 88' lang='lat' dir='ltr'><strong>recurrentia</strong></span> <span class='ocrx_word' id='word_1_427' title='bbox 1475 5328 1491 5352; x_wconf 91' lang='lat'><strong>,</strong></span> <span class='ocrx_word' id='word_1_428' title='bbox 1519 5299 1574 5343; x_wconf 93' lang='lat' dir='ltr'><strong>ut</strong></span> <span class='ocrx_word' id='word_1_429' title='bbox 1610 5290 1747 5344; x_wconf 89' lang='lat' dir='ltr'><strong>diem</strong></span> <span class='ocrx_word' id='word_1_430' title='bbox 1784 5302 1837 5345; x_wconf 90' lang='lat' dir='ltr'><strong>et</strong></span> 
     </span>
    </p>
   </div>
   <div class='ocr_carea' id='block_1_57' title="bbox 282 5377 1833 5445">
    <p class='ocr_par' dir='ltr' id='par_1_57' title="bbox 282 5377 1833 5445">
     <span class='ocr_line' id='line_1_57' title="bbox 282 5377 1833 5445; baseline -0.006 -3"><span class='ocrx_word' id='word_1_431' title='bbox 282 5395 511 5445; x_wconf 89' lang='lat' dir='ltr'><strong>noctem,</strong></span> <span class='ocrx_word' id='word_1_432' title='bbox 542 5388 755 5435; x_wconf 88' lang='lat' dir='ltr'><strong>noctem</strong></span> <span class='ocrx_word' id='word_1_433' title='bbox 776 5386 828 5433; x_wconf 90' lang='lat' dir='ltr'><strong>et</strong></span> <span class='ocrx_word' id='word_1_434' title='bbox 854 5378 1017 5442; x_wconf 88' lang='lat' dir='ltr'><strong>diem,</strong></span> <span class='ocrx_word' id='word_1_435' title='bbox 1041 5377 1269 5433; x_wconf 84' lang='lat' dir='ltr'><strong>hiemem</strong></span> <span class='ocrx_word' id='word_1_436' title='bbox 1294 5388 1348 5433; x_wconf 90' lang='lat' dir='ltr'><strong>et</strong></span> <span class='ocrx_word' id='word_1_437' title='bbox 1375 5386 1613 5433; x_wconf 65' lang='lat' dir='ltr'><strong>astatem</strong></span> <span class='ocrx_word' id='word_1_438' title='bbox 1637 5419 1653 5444; x_wconf 92' lang='lat'><strong>,</strong></span> <span class='ocrx_word' id='word_1_439' title='bbox 1675 5391 1833 5433; x_wconf 69' lang='lat' dir='ltr'><strong>aesta-</strong></span> 
     </span>
    </p>
   </div>
   <div class='ocr_carea' id='block_1_58' title="bbox 280 5467 1835 5539">
    <p class='ocr_par' dir='ltr' id='par_1_58' title="bbox 280 5467 1835 5539">
     <span class='ocr_line' id='line_1_58' title="bbox 280 5467 1835 5539; baseline -0.006 -6"><span class='ocrx_word' id='word_1_440' title='bbox 280 5488 377 5533; x_wconf 88' lang='lat' dir='ltr'><strong>tem</strong></span> <span class='ocrx_word' id='word_1_441' title='bbox 405 5481 465 5532; x_wconf 88' lang='lat' dir='ltr'><strong>et</strong></span> <span class='ocrx_word' id='word_1_442' title='bbox 505 5470 759 5532; x_wconf 85' lang='lat' dir='ltr'><strong>hiemem,</strong></span> <span class='ocrx_word' id='word_1_443' title='bbox 783 5476 837 5523; x_wconf 92' lang='lat' dir='ltr'><strong>et</strong></span> <span class='ocrx_word' id='word_1_444' title='bbox 868 5467 995 5521; x_wconf 88' lang='lat' dir='ltr'><strong>nihil</strong></span> <span class='ocrx_word' id='word_1_445' title='bbox 1025 5467 1281 5522; x_wconf 83' lang='lat' dir='ltr'><strong>ulterius?</strong></span> <span class='ocrx_word' id='word_1_446' title='bbox 1322 5468 1685 5524; x_wconf 82' lang='lat' dir='ltr'><strong>Accendamus</strong></span> <span class='ocrx_word' id='word_1_447' title='bbox 1710 5483 1835 5539; x_wconf 86' lang='lat' dir='ltr'><strong>ergo</strong></span> 
     </span>
    </p>
   </div>
   <div class='ocr_carea' id='block_1_59' title="bbox 260 5560 1837 5631">
    <p class='ocr_par' dir='ltr' id='par_1_59' title="bbox 260 5560 1837 5631">
     <span class='ocr_line' id='line_1_59' title="bbox 260 5560 1837 5631; baseline -0.008 -4"><span class='ocrx_word' id='word_1_448' title='bbox 260 5573 575 5627; x_wconf 81' lang='lat' dir='ltr'><strong>futurorum</strong></span> <span class='ocrx_word' id='word_1_449' title='bbox 607 5560 927 5616; x_wconf 87' lang='lat' dir='ltr'><strong>desiderium</strong></span> <span class='ocrx_word' id='word_1_450' title='bbox 956 5561 1233 5616; x_wconf 90' lang='lat' dir='ltr'><strong>bonorum.</strong></span> <span class='ocrx_word' id='word_1_451' title='bbox 1266 5560 1449 5631; x_wconf 77' lang='lat' dir='ltr'><strong>Magna</strong></span> <span class='ocrx_word' id='word_1_452' title='bbox 1473 5560 1666 5630; x_wconf 88' lang='lat' dir='ltr'><strong>quippe</strong></span> <span class='ocrx_word' id='word_1_453' title='bbox 1682 5560 1837 5630; x_wconf 82' lang='lat' dir='ltr'><strong>justis</strong></span> 
     </span>
    </p>
   </div>
   <div class='ocr_carea' id='block_1_60' title="bbox 264 5650 1834 5735">
    <p class='ocr_par' dir='ltr' id='par_1_60' title="bbox 264 5650 1834 5735">
     <span class='ocr_line' id='line_1_60' title="bbox 264 5650 1834 5735; baseline -0.008 -15"><span class='ocrx_word' id='word_1_454' title='bbox 264 5659 511 5735; x_wconf 84' lang='lat' dir='ltr'><strong>reposita</strong></span> <span class='ocrx_word' id='word_1_455' title='bbox 553 5659 639 5711; x_wconf 85' lang='lat' dir='ltr'><strong>est</strong></span> <span class='ocrx_word' id='word_1_456' title='bbox 678 5651 864 5723; x_wconf 80' lang='lat' dir='ltr'><strong>gloria,</strong></span> <span class='ocrx_word' id='word_1_457' title='bbox 888 5661 938 5708; x_wconf 93' lang='lat' dir='ltr'><strong>ct</strong></span> <span class='ocrx_word' id='word_1_458' title='bbox 981 5666 1136 5723; x_wconf 88' lang='lat' dir='ltr'><strong>quam</strong></span> <span class='ocrx_word' id='word_1_459' title='bbox 1167 5650 1342 5707; x_wconf 83' lang='lat' dir='ltr'><strong>verbis</strong></span> <span class='ocrx_word' id='word_1_460' title='bbox 1388 5650 1681 5719; x_wconf 86' lang='lat' dir='ltr'><strong>exprimere</strong></span> <span class='ocrx_word' id='word_1_461' title='bbox 1729 5665 1834 5707; x_wconf 91' lang='lat' dir='ltr'><strong>non</strong></span> 
     </span>
    </p>
   </div>
   <div class='ocr_carea' id='block_1_61' title="bbox 1469 359 2339 415">
    <p class='ocr_par' dir='ltr' id='par_1_61' title="bbox 1469 359 2339 415">
     <span class='ocr_line' id='line_1_61' title="bbox 1469 359 2339 415; baseline -0.001 -1"><span class='ocrx_word' id='word_1_462' title='bbox 1469 362 1553 414; x_wconf 80' lang='lat' dir='ltr'><strong>DE</strong></span> <span class='ocrx_word' id='word_1_463' title='bbox 1593 359 1945 415; x_wconf 78' lang='lat' dir='ltr'><strong>PERFECTA</strong></span> <span class='ocrx_word' id='word_1_464' title='bbox 1983 360 2339 415; x_wconf 75' lang='lat' dir='ltr'><strong>CARITATE.</strong></span> 
     </span>
    </p>
   </div>
   <div class='ocr_carea' id='block_1_62' title="bbox 3377 372 3488 428">
    <p class='ocr_par' dir='ltr' id='par_1_62' title="bbox 3377 372 3488 428">
     <span class='ocr_line' id='line_1_62' title="bbox 3377 372 3488 428; baseline 0.036 -4"><span class='ocrx_word' id='word_1_465' title='bbox 3377 372 3488 428; x_wconf 83' lang='lat'><strong>286</strong></span> 
     </span>
    </p>
   </div>
   <div class='ocr_carea' id='block_1_63' title="bbox 1950 472 3467 541">
    <p class='ocr_par' dir='ltr' id='par_1_63' title="bbox 1950 472 3467 541">
     <span class='ocr_line' id='line_1_63' title="bbox 1950 472 3467 541; baseline 0.006 -17"><span class='ocrx_word' id='word_1_466' title='bbox 1950 485 2245 538; x_wconf 85' lang='lat' dir='ltr'><strong>possumus.</strong></span> <span class='ocrx_word' id='word_1_467' title='bbox 2273 472 2400 525; x_wconf 86' lang='lat' dir='ltr'><strong>Nam</strong></span> <span class='ocrx_word' id='word_1_468' title='bbox 2438 486 2656 540; x_wconf 90' lang='lat' dir='ltr'><strong>corpora</strong></span> <span class='ocrx_word' id='word_1_469' title='bbox 2690 491 2805 541; x_wconf 75' lang='lat' dir='ltr'><strong>post</strong></span> <span class='ocrx_word' id='word_1_470' title='bbox 2841 478 3274 531; x_wconf 76' lang='lat' dir='ltr'><strong>scaurreCllOHCIII</strong></span> <span class='ocrx_word' id='word_1_471' title='bbox 3324 484 3467 533; x_wconf 73' lang='lat' dir='ltr'><strong>iucur</strong></span> 
     </span>
    </p>
   </div>
   <div class='ocr_carea' id='block_1_64' title="bbox 1946 560 3487 632">
    <p class='ocr_par' dir='ltr' id='par_1_64' title="bbox 1946 560 3487 632">
     <span class='ocr_line' id='line_1_64' title="bbox 1946 560 3487 632; baseline 0.006 -20"><span class='ocrx_word' id='word_1_472' title='bbox 1946 561 2206 627; x_wconf 88' lang='lat' dir='ltr'><strong>ruptibilia</strong></span> <span class='ocrx_word' id='word_1_473' title='bbox 2247 560 2594 629; x_wconf 87' lang='lat' dir='ltr'><strong>accipientes,</strong></span> <span class='ocrx_word' id='word_1_474' title='bbox 2623 561 2805 629; x_wconf 65' lang='lat' dir='ltr'><strong>gloria:</strong></span> <span class='ocrx_word' id='word_1_475' title='bbox 2850 564 3097 632; x_wconf 83' lang='lat' dir='ltr'><strong>regnique</strong></span> <span class='ocrx_word' id='word_1_476' title='bbox 3127 567 3319 620; x_wconf 87' lang='lat' dir='ltr'><strong>Christi</strong></span> <span class='ocrx_word' id='word_1_477' title='bbox 3359 582 3487 622; x_wconf 86' lang='lat' dir='ltr'><strong>con-</strong></span> 
     </span>
    </p>
   </div>
   <div class='ocr_carea' id='block_1_65' title="bbox 1943 657 2303 701">
    <p class='ocr_par' dir='ltr' id='par_1_65' title="bbox 1943 657 2303 701">
     <span class='ocr_line' id='line_1_65' title="bbox 1943 657 2303 701; baseline 0 0"><span class='ocrx_word' id='word_1_478' title='bbox 1943 659 2112 701; x_wconf 61' lang='lat' dir='ltr'><strong>SOIICS</strong></span> <span class='ocrx_word' id='word_1_479' title='bbox 2128 657 2303 701; x_wconf 91' lang='lat' dir='ltr'><strong>erunt.</strong></span> 
     </span>
    </p>
   </div>
   <div class='ocr_carea' id='block_1_66' title="bbox 2013 736 3490 808">
    <p class='ocr_par' dir='ltr' id='par_1_66' title="bbox 2013 736 3490 808">
     <span class='ocr_line' id='line_1_66' title="bbox 2013 736 3490 808; baseline 0.007 -19"><span class='ocrx_word' id='word_1_480' title='bbox 2013 738 2063 789; x_wconf 84' lang='lat'><strong>6.</strong></span> <span class='ocrx_word' id='word_1_481' title='bbox 2090 736 2399 789; x_wconf 79' lang='lat' dir='ltr'><strong>Resurrectin</strong></span> <span class='ocrx_word' id='word_1_482' title='bbox 2429 743 2597 808; x_wconf 76' lang='lat' dir='ltr'><strong>futura</strong></span> <span class='ocrx_word' id='word_1_483' title='bbox 2622 750 2861 807; x_wconf 81' lang='lat' dir='ltr'><strong>quantum</strong></span> <span class='ocrx_word' id='word_1_484' title='bbox 2883 743 3335 798; x_wconf 82' lang='lat' dir='ltr'><strong>bonunt.Futuram</strong></span> <span class='ocrx_word' id='word_1_485' title='bbox 3366 750 3490 801; x_wconf 65' lang='lat' dir='ltr'><strong>inter</strong></span> 
     </span>
    </p>
   </div>
   <div class='ocr_carea' id='block_1_67' title="bbox 1944 830 3486 905">
    <p class='ocr_par' dir='ltr' id='par_1_67' title="bbox 1944 830 3486 905">
     <span class='ocr_line' id='line_1_67' title="bbox 1944 830 3486 905; baseline 0.008 -28"><span class='ocrx_word' id='word_1_486' title='bbox 1944 836 1989 877; x_wconf 89' lang='lat' dir='ltr'><strong>et</strong></span> <span class='ocrx_word' id='word_1_487' title='bbox 2015 836 2298 893; x_wconf 64' lang='lat' dir='ltr'><strong>praesentem</strong></span> <span class='ocrx_word' id='word_1_488' title='bbox 2340 830 2489 880; x_wconf 85' lang='lat' dir='ltr'><strong>vitam</strong></span> <span class='ocrx_word' id='word_1_489' title='bbox 2533 830 2812 883; x_wconf 70' lang='lat' dir='ltr'><strong>discrimen.</strong></span> <span class='ocrx_word' id='word_1_490' title='bbox 2845 862 2914 871; x_wconf 90' lang='lat'><strong><em></em></strong></span> <span class='ocrx_word' id='word_1_491' title='bbox 2945 833 3052 888; x_wconf 87' lang='lat' dir='ltr'><strong>Hoc</strong></span> <span class='ocrx_word' id='word_1_492' title='bbox 3092 850 3215 889; x_wconf 90' lang='lat' dir='ltr'><strong>vero</strong></span> <span class='ocrx_word' id='word_1_493' title='bbox 3240 847 3486 905; x_wconf 88' lang='lat' dir='ltr'><strong>quantmn</strong></span> 
     </span>
    </p>
   </div>
   <div class='ocr_carea' id='block_1_68' title="bbox 1944 914 3490 993">
    <p class='ocr_par' dir='ltr' id='par_1_68' title="bbox 1944 914 3490 993">
     <span class='ocr_line' id='line_1_68' title="bbox 1944 914 3490 993; baseline 0.01 -28"><span class='ocrx_word' id='word_1_494' title='bbox 1944 914 2030 979; x_wconf 90' lang='lat' dir='ltr'><strong>sit,</strong></span> <span class='ocrx_word' id='word_1_495' title='bbox 2076 914 2195 968; x_wconf 91' lang='lat' dir='ltr'><strong>hinc</strong></span> <span class='ocrx_word' id='word_1_496' title='bbox 2240 916 2629 985; x_wconf 86' lang='lat' dir='ltr'><strong>intelligemus;</strong></span> <span class='ocrx_word' id='word_1_497' title='bbox 2683 921 2788 973; x_wconf 92' lang='lat' dir='ltr'><strong>imo</strong></span> <span class='ocrx_word' id='word_1_498' title='bbox 2828 923 2998 989; x_wconf 87' lang='lat' dir='ltr'><strong>potius</strong></span> <span class='ocrx_word' id='word_1_499' title='bbox 3042 939 3318 993; x_wconf 89' lang='lat' dir='ltr'><strong>numquam</strong></span> <span class='ocrx_word' id='word_1_500' title='bbox 3350 930 3490 980; x_wconf 86' lang='lat' dir='ltr'><strong>clare</strong></span> 
     </span>
    </p>
   </div>
   <div class='ocr_carea' id='block_1_69' title="bbox 1945 1002 3490 1081">
    <p class='ocr_par' dir='ltr' id='par_1_69' title="bbox 1945 1002 3490 1081">
     <span class='ocr_line' id='line_1_69' title="bbox 1945 1002 3490 1081; baseline 0.01 -27"><span class='ocrx_word' id='word_1_501' title='bbox 1945 1002 2324 1071; x_wconf 85' lang='lat' dir='ltr'><strong>intelligemus;</strong></span> <span class='ocrx_word' id='word_1_502' title='bbox 2354 1017 2406 1058; x_wconf 89' lang='lat' dir='ltr'><strong>ut</strong></span> <span class='ocrx_word' id='word_1_503' title='bbox 2433 1017 2605 1060; x_wconf 91' lang='lat' dir='ltr'><strong>autem</strong></span> <span class='ocrx_word' id='word_1_504' title='bbox 2629 1011 2870 1079; x_wconf 90' lang='lat' dir='ltr'><strong>exemplo</strong></span> <span class='ocrx_word' id='word_1_505' title='bbox 2892 1027 2954 1064; x_wconf 86' lang='lat' dir='ltr'><strong>cx</strong></span> <span class='ocrx_word' id='word_1_506' title='bbox 2979 1014 3125 1065; x_wconf 80' lang='lat' dir='ltr'><strong>bonis</strong></span> <span class='ocrx_word' id='word_1_507' title='bbox 3147 1017 3490 1081; x_wconf 69' lang='lat' dir='ltr'><strong>prmscntibus</strong></span> 
     </span>
    </p>
   </div>
   <div class='ocr_carea' id='block_1_70' title="bbox 1945 1101 3489 1174">
    <p class='ocr_par' dir='ltr' id='par_1_70' title="bbox 1945 1101 3489 1174">
     <span class='ocr_line' id='line_1_70' title="bbox 1945 1101 3489 1174; baseline 0.006 -30"><span class='ocrx_word' id='word_1_508' title='bbox 1945 1105 2234 1163; x_wconf 91' lang='lat' dir='ltr'><strong>assumpto,</strong></span> <span class='ocrx_word' id='word_1_509' title='bbox 2267 1112 2478 1163; x_wconf 89' lang='lat' dir='ltr'><strong>parvam</strong></span> <span class='ocrx_word' id='word_1_510' title='bbox 2515 1101 2791 1167; x_wconf 87' lang='lat' dir='ltr'><strong>quamdam</strong></span> <span class='ocrx_word' id='word_1_511' title='bbox 2838 1103 2950 1169; x_wconf 79' lang='lat' dir='ltr'><strong>ejus</strong></span> <span class='ocrx_word' id='word_1_512' title='bbox 2988 1106 3223 1157; x_wconf 86' lang='lat' dir='ltr'><strong>notitiam</strong></span> <span class='ocrx_word' id='word_1_513' title='bbox 3265 1108 3489 1174; x_wconf 82' lang='lat' dir='ltr'><strong>attinga-</strong></span> 
     </span>
    </p>
   </div>
   <div class='ocr_carea' id='block_1_71' title="bbox 1946 1187 3492 1258">
    <p class='ocr_par' dir='ltr' id='par_1_71' title="bbox 1946 1187 3492 1258">
     <span class='ocr_line' id='line_1_71' title="bbox 1946 1187 3492 1258; baseline 0.012 -25"><span class='ocrx_word' id='word_1_514' title='bbox 1946 1198 2080 1247; x_wconf 91' lang='lat' dir='ltr'><strong>mus,</strong></span> <span class='ocrx_word' id='word_1_515' title='bbox 2111 1200 2205 1252; x_wconf 91' lang='lat' dir='ltr'><strong>pro</strong></span> <span class='ocrx_word' id='word_1_516' title='bbox 2249 1187 2385 1239; x_wconf 91' lang='lat' dir='ltr'><strong>virili</strong></span> <span class='ocrx_word' id='word_1_517' title='bbox 2436 1204 2549 1241; x_wconf 90' lang='lat' dir='ltr'><strong>mea</strong></span> <span class='ocrx_word' id='word_1_518' title='bbox 2594 1190 2643 1242; x_wconf 94' lang='lat' dir='ltr'><strong>id</strong></span> <span class='ocrx_word' id='word_1_519' title='bbox 2691 1192 2828 1258; x_wconf 90' lang='lat' dir='ltr'><strong>quod</strong></span> <span class='ocrx_word' id='word_1_520' title='bbox 2869 1192 3062 1247; x_wconf 83' lang='lat' dir='ltr'><strong>dictum</strong></span> <span class='ocrx_word' id='word_1_521' title='bbox 3106 1204 3186 1248; x_wconf 90' lang='lat' dir='ltr'><strong>est</strong></span> <span class='ocrx_word' id='word_1_522' title='bbox 3228 1196 3492 1251; x_wconf 87' lang='lat' dir='ltr'><strong>declarare</strong></span> 
     </span>
    </p>
   </div>
   <div class='ocr_carea' id='block_1_72' title="bbox 1944 1272 3491 1349">
    <p class='ocr_par' dir='ltr' id='par_1_72' title="bbox 1944 1272 3491 1349">
     <span class='ocr_line' id='line_1_72' title="bbox 1944 1272 3491 1349; baseline 0.01 -28"><span class='ocrx_word' id='word_1_523' title='bbox 1944 1272 2156 1324; x_wconf 90' lang='lat' dir='ltr'><strong>curabo.</strong></span> <span class='ocrx_word' id='word_1_524' title='bbox 2200 1273 2291 1326; x_wconf 89' lang='lat' dir='ltr'><strong>Dic</strong></span> <span class='ocrx_word' id='word_1_525' title='bbox 2318 1274 2464 1336; x_wconf 92' lang='lat' dir='ltr'><strong>mihi,</strong></span> <span class='ocrx_word' id='word_1_526' title='bbox 2495 1278 2537 1329; x_wconf 93' lang='lat' dir='ltr'><strong>si</strong></span> <span class='ocrx_word' id='word_1_527' title='bbox 2569 1278 2684 1345; x_wconf 92' lang='lat' dir='ltr'><strong>quis</strong></span> <span class='ocrx_word' id='word_1_528' title='bbox 2717 1278 2809 1331; x_wconf 90' lang='lat' dir='ltr'><strong>tibi</strong></span> <span class='ocrx_word' id='word_1_529' title='bbox 2838 1280 2948 1331; x_wconf 90' lang='lat' dir='ltr'><strong>seni</strong></span> <span class='ocrx_word' id='word_1_530' title='bbox 2975 1290 3026 1333; x_wconf 90' lang='lat' dir='ltr'><strong>et</strong></span> <span class='ocrx_word' id='word_1_531' title='bbox 3067 1283 3114 1333; x_wconf 90' lang='lat' dir='ltr'><strong>in</strong></span> <span class='ocrx_word' id='word_1_532' title='bbox 3153 1284 3363 1349; x_wconf 90' lang='lat' dir='ltr'><strong>penuria</strong></span> <span class='ocrx_word' id='word_1_533' title='bbox 3399 1284 3491 1337; x_wconf 89' lang='lat' dir='ltr'><strong>de-</strong></span> 
     </span>
    </p>
   </div>
   <div class='ocr_carea' id='block_1_73' title="bbox 1944 1363 3492 1442">
    <p class='ocr_par' dir='ltr' id='par_1_73' title="bbox 1944 1363 3492 1442">
     <span class='ocr_line' id='line_1_73' title="bbox 1944 1363 3492 1442; baseline 0.01 -29"><span class='ocrx_word' id='word_1_534' title='bbox 1944 1363 2083 1428; x_wconf 84' lang='lat' dir='ltr'><strong>genti</strong></span> <span class='ocrx_word' id='word_1_535' title='bbox 2129 1365 2468 1429; x_wconf 87' lang='lat' dir='ltr'><strong>polliceretur</strong></span> <span class='ocrx_word' id='word_1_536' title='bbox 2522 1368 2572 1419; x_wconf 91' lang='lat' dir='ltr'><strong>id</strong></span> <span class='ocrx_word' id='word_1_537' title='bbox 2629 1370 2982 1435; x_wconf 69' lang='lat' dir='ltr'><strong>prmstiturum</strong></span> <span class='ocrx_word' id='word_1_538' title='bbox 3034 1386 3126 1435; x_wconf 88' lang='lat' dir='ltr'><strong>sc,</strong></span> <span class='ocrx_word' id='word_1_539' title='bbox 3178 1383 3232 1425; x_wconf 93' lang='lat' dir='ltr'><strong>ut</strong></span> <span class='ocrx_word' id='word_1_540' title='bbox 3278 1386 3492 1442; x_wconf 80' lang='lat' dir='ltr'><strong>repente</strong></span> 
     </span>
    </p>
   </div>
   <div class='ocr_carea' id='block_1_74' title="bbox 1942 1449 3486 1526">
    <p class='ocr_par' dir='ltr' id='par_1_74' title="bbox 1942 1449 3486 1526">
     <span class='ocr_line' id='line_1_74' title="bbox 1942 1449 3486 1526; baseline 0.012 -28"><span class='ocrx_word' id='word_1_541' title='bbox 1942 1449 2151 1516; x_wconf 87' lang='lat' dir='ltr'><strong>juvenis</strong></span> <span class='ocrx_word' id='word_1_542' title='bbox 2177 1467 2343 1516; x_wconf 84' lang='lat' dir='ltr'><strong>esses,</strong></span> <span class='ocrx_word' id='word_1_543' title='bbox 2373 1464 2425 1507; x_wconf 87' lang='lat' dir='ltr'><strong>et</strong></span> <span class='ocrx_word' id='word_1_544' title='bbox 2456 1457 2503 1507; x_wconf 94' lang='lat' dir='ltr'><strong>in</strong></span> <span class='ocrx_word' id='word_1_545' title='bbox 2536 1456 2706 1523; x_wconf 89' lang='lat' dir='ltr'><strong>ipsum</strong></span> <span class='ocrx_word' id='word_1_546' title='bbox 2729 1458 2896 1511; x_wconf 65' lang='lat' dir='ltr'><strong>aetatis</strong></span> <span class='ocrx_word' id='word_1_547' title='bbox 2926 1458 3107 1512; x_wconf 87' lang='lat' dir='ltr'><strong>florem</strong></span> <span class='ocrx_word' id='word_1_548' title='bbox 3139 1462 3486 1526; x_wconf 86' lang='lat' dir='ltr'><strong>reducereris,</strong></span> 
     </span>
    </p>
   </div>
   <div class='ocr_carea' id='block_1_75' title="bbox 1947 1538 3490 1615">
    <p class='ocr_par' dir='ltr' id='par_1_75' title="bbox 1947 1538 3490 1615">
     <span class='ocr_line' id='line_1_75' title="bbox 1947 1538 3490 1615; baseline 0.009 -24"><span class='ocrx_word' id='word_1_549' title='bbox 1947 1538 2216 1608; x_wconf 86' lang='lat' dir='ltr'><strong>formaque</strong></span> <span class='ocrx_word' id='word_1_550' title='bbox 2252 1558 2313 1594; x_wconf 89' lang='lat' dir='ltr'><strong>ac</strong></span> <span class='ocrx_word' id='word_1_551' title='bbox 2346 1544 2533 1597; x_wconf 91' lang='lat' dir='ltr'><strong>robore</strong></span> <span class='ocrx_word' id='word_1_552' title='bbox 2560 1547 2799 1613; x_wconf 90' lang='lat' dir='ltr'><strong>corporis</strong></span> <span class='ocrx_word' id='word_1_553' title='bbox 2827 1550 3028 1601; x_wconf 89' lang='lat' dir='ltr'><strong>cunctis</strong></span> <span class='ocrx_word' id='word_1_554' title='bbox 3060 1562 3333 1615; x_wconf 64' lang='lat' dir='ltr'><strong>praestares</strong></span> <span class='ocrx_word' id='word_1_555' title='bbox 3352 1591 3367 1615; x_wconf 93' lang='lat'><strong>,</strong></span> <span class='ocrx_word' id='word_1_556' title='bbox 3396 1552 3490 1605; x_wconf 87' lang='lat' dir='ltr'><strong>da-</strong></span> 
     </span>
    </p>
   </div>
   <div class='ocr_carea' id='block_1_76' title="bbox 1947 1634 3492 1706">
    <p class='ocr_par' dir='ltr' id='par_1_76' title="bbox 1947 1634 3492 1706">
     <span class='ocr_line' id='line_1_76' title="bbox 1947 1634 3492 1706; baseline 0.01 -25"><span class='ocrx_word' id='word_1_557' title='bbox 1947 1637 2223 1699; x_wconf 90' lang='lat' dir='ltr'><strong>turumque</strong></span> <span class='ocrx_word' id='word_1_558' title='bbox 2261 1634 2349 1685; x_wconf 90' lang='lat' dir='ltr'><strong>tibi</strong></span> <span class='ocrx_word' id='word_1_559' title='bbox 2386 1634 2542 1686; x_wconf 89' lang='lat' dir='ltr'><strong>totius</strong></span> <span class='ocrx_word' id='word_1_560' title='bbox 2571 1636 2715 1688; x_wconf 89' lang='lat' dir='ltr'><strong>orbis</strong></span> <span class='ocrx_word' id='word_1_561' title='bbox 2764 1652 2999 1703; x_wconf 86' lang='lat' dir='ltr'><strong>regnum,</strong></span> <span class='ocrx_word' id='word_1_562' title='bbox 3028 1639 3185 1706; x_wconf 88' lang='lat' dir='ltr'><strong>idque</strong></span> <span class='ocrx_word' id='word_1_563' title='bbox 3237 1641 3302 1694; x_wconf 93' lang='lat' dir='ltr'><strong>ad</strong></span> <span class='ocrx_word' id='word_1_564' title='bbox 3348 1642 3492 1697; x_wconf 89' lang='lat' dir='ltr'><strong>mille</strong></span> 
     </span>
    </p>
   </div>
   <div class='ocr_carea' id='block_1_77' title="bbox 1945 1724 3489 1799">
    <p class='ocr_par' dir='ltr' id='par_1_77' title="bbox 1945 1724 3489 1799">
     <span class='ocr_line' id='line_1_77' title="bbox 1945 1724 3489 1799; baseline 0.011 -28"><span class='ocrx_word' id='word_1_565' title='bbox 1945 1734 2132 1785; x_wconf 89' lang='lat' dir='ltr'><strong>annos,</strong></span> <span class='ocrx_word' id='word_1_566' title='bbox 2182 1737 2432 1786; x_wconf 81' lang='lat' dir='ltr'><strong>regnum,</strong></span> <span class='ocrx_word' id='word_1_567' title='bbox 2484 1724 2724 1790; x_wconf 88' lang='lat' dir='ltr'><strong>inquam,</strong></span> <span class='ocrx_word' id='word_1_568' title='bbox 2777 1726 2829 1779; x_wconf 90' lang='lat' dir='ltr'><strong>in</strong></span> <span class='ocrx_word' id='word_1_569' title='bbox 2899 1728 3302 1795; x_wconf 88' lang='lat' dir='ltr'><strong>profundissima</strong></span> <span class='ocrx_word' id='word_1_570' title='bbox 3363 1747 3489 1799; x_wconf 87' lang='lat' dir='ltr'><strong>pace</strong></span> 
     </span>
    </p>
   </div>
   <div class='ocr_carea' id='block_1_78' title="bbox 1947 1811 3492 1887">
    <p class='ocr_par' dir='ltr' id='par_1_78' title="bbox 1947 1811 3492 1887">
     <span class='ocr_line' id='line_1_78' title="bbox 1947 1811 3492 1887; baseline 0.008 -26"><span class='ocrx_word' id='word_1_571' title='bbox 1947 1811 2370 1879; x_wconf 84' lang='lat' dir='ltr'><strong>transigeudutn,</strong></span> <span class='ocrx_word' id='word_1_572' title='bbox 2400 1812 2523 1881; x_wconf 88' lang='lat' dir='ltr'><strong>quid</strong></span> <span class='ocrx_word' id='word_1_573' title='bbox 2571 1828 2664 1880; x_wconf 91' lang='lat' dir='ltr'><strong>pro</strong></span> <span class='ocrx_word' id='word_1_574' title='bbox 2711 1815 2799 1868; x_wconf 88' lang='lat' dir='ltr'><strong>tali</strong></span> <span class='ocrx_word' id='word_1_575' title='bbox 2854 1818 3185 1885; x_wconf 88' lang='lat' dir='ltr'><strong>assequendo</strong></span> <span class='ocrx_word' id='word_1_576' title='bbox 3235 1823 3492 1887; x_wconf 81' lang='lat' dir='ltr'><strong>promisso</strong></span> 
     </span>
    </p>
   </div>
   <div class='ocr_carea' id='block_1_79' title="bbox 1946 1902 3493 1977">
    <p class='ocr_par' dir='ltr' id='par_1_79' title="bbox 1946 1902 3493 1977">
     <span class='ocr_line' id='line_1_79' title="bbox 1946 1902 3493 1977; baseline 0.008 -24"><span class='ocrx_word' id='word_1_577' title='bbox 1946 1915 2048 1954; x_wconf 91' lang='lat' dir='ltr'><strong>non</strong></span> <span class='ocrx_word' id='word_1_578' title='bbox 2084 1902 2286 1967; x_wconf 87' lang='lat' dir='ltr'><strong>facere,</strong></span> <span class='ocrx_word' id='word_1_579' title='bbox 2318 1905 2439 1971; x_wconf 92' lang='lat' dir='ltr'><strong>quid</strong></span> <span class='ocrx_word' id='word_1_580' title='bbox 2462 1920 2565 1958; x_wconf 91' lang='lat' dir='ltr'><strong>non</strong></span> <span class='ocrx_word' id='word_1_581' title='bbox 2588 1907 2691 1973; x_wconf 87' lang='lat' dir='ltr'><strong>pati</strong></span> <span class='ocrx_word' id='word_1_582' title='bbox 2723 1906 2926 1960; x_wconf 74' lang='lat' dir='ltr'><strong>velles?</strong></span> <span class='ocrx_word' id='word_1_583' title='bbox 2954 1908 3030 1960; x_wconf 88' lang='lat' dir='ltr'><strong>En</strong></span> <span class='ocrx_word' id='word_1_584' title='bbox 3063 1909 3233 1977; x_wconf 91' lang='lat' dir='ltr'><strong>igitur,</strong></span> <span class='ocrx_word' id='word_1_585' title='bbox 3260 1910 3493 1966; x_wconf 88' lang='lat' dir='ltr'><strong>Christus</strong></span> 
     </span>
    </p>
   </div>
   <div class='ocr_carea' id='block_1_80' title="bbox 1946 1990 3490 2061">
    <p class='ocr_par' dir='ltr' id='par_1_80' title="bbox 1946 1990 3490 2061">
     <span class='ocr_line' id='line_1_80' title="bbox 1946 1990 3490 2061; baseline 0.006 -19"><span class='ocrx_word' id='word_1_586' title='bbox 1946 2004 2049 2043; x_wconf 92' lang='lat' dir='ltr'><strong>non</strong></span> <span class='ocrx_word' id='word_1_587' title='bbox 2090 1990 2222 2052; x_wconf 74' lang='lat' dir='ltr'><strong>lucc,</strong></span> <span class='ocrx_word' id='word_1_588' title='bbox 2247 1991 2337 2043; x_wconf 89' lang='lat' dir='ltr'><strong>sed</strong></span> <span class='ocrx_word' id='word_1_589' title='bbox 2375 1992 2456 2044; x_wconf 90' lang='lat' dir='ltr'><strong>his</strong></span> <span class='ocrx_word' id='word_1_590' title='bbox 2480 1993 2631 2060; x_wconf 91' lang='lat' dir='ltr'><strong>longe</strong></span> <span class='ocrx_word' id='word_1_591' title='bbox 2663 1994 2859 2061; x_wconf 84' lang='lat' dir='ltr'><strong>majora</strong></span> <span class='ocrx_word' id='word_1_592' title='bbox 2888 1995 3177 2061; x_wconf 89' lang='lat' dir='ltr'><strong>pollicetur.</strong></span> <span class='ocrx_word' id='word_1_593' title='bbox 3212 1997 3322 2049; x_wconf 81' lang='lat' dir='ltr'><strong>Non</strong></span> <span class='ocrx_word' id='word_1_594' title='bbox 3353 2000 3490 2051; x_wconf 89' lang='lat' dir='ltr'><strong>enim</strong></span> 
     </span>
    </p>
   </div>
   <div class='ocr_carea' id='block_1_81' title="bbox 1946 2084 3492 2151">
    <p class='ocr_par' dir='ltr' id='par_1_81' title="bbox 1946 2084 3492 2151">
     <span class='ocr_line' id='line_1_81' title="bbox 1946 2084 3492 2151; baseline 0.005 -18"><span class='ocrx_word' id='word_1_595' title='bbox 1946 2091 2137 2149; x_wconf 90' lang='lat' dir='ltr'><strong>quanta</strong></span> <span class='ocrx_word' id='word_1_596' title='bbox 2169 2091 2490 2135; x_wconf 82' lang='lat' dir='ltr'><strong>senectutem</strong></span> <span class='ocrx_word' id='word_1_597' title='bbox 2523 2084 2659 2137; x_wconf 91' lang='lat' dir='ltr'><strong>inter</strong></span> <span class='ocrx_word' id='word_1_598' title='bbox 2686 2093 2738 2137; x_wconf 93' lang='lat' dir='ltr'><strong>et</strong></span> <span class='ocrx_word' id='word_1_599' title='bbox 2770 2084 3092 2151; x_wconf 88' lang='lat' dir='ltr'><strong>juventutem</strong></span> <span class='ocrx_word' id='word_1_600' title='bbox 3114 2126 3128 2150; x_wconf 93' lang='lat'><strong>,</strong></span> <span class='ocrx_word' id='word_1_601' title='bbox 3158 2096 3294 2138; x_wconf 89' lang='lat' dir='ltr'><strong>tanta</strong></span> <span class='ocrx_word' id='word_1_602' title='bbox 3325 2088 3492 2141; x_wconf 90' lang='lat' dir='ltr'><strong>solum</strong></span> 
     </span>
    </p>
   </div>
   <div class='ocr_carea' id='block_1_82' title="bbox 1946 2170 3491 2240">
    <p class='ocr_par' dir='ltr' id='par_1_82' title="bbox 1946 2170 3491 2240">
     <span class='ocr_line' id='line_1_82' title="bbox 1946 2170 3491 2240; baseline 0.004 -19"><span class='ocrx_word' id='word_1_603' title='bbox 1946 2177 2029 2221; x_wconf 89' lang='lat' dir='ltr'><strong>est</strong></span> <span class='ocrx_word' id='word_1_604' title='bbox 2058 2170 2193 2222; x_wconf 90' lang='lat' dir='ltr'><strong>inter</strong></span> <span class='ocrx_word' id='word_1_605' title='bbox 2216 2170 2602 2238; x_wconf 89' lang='lat' dir='ltr'><strong>corruptionem</strong></span> <span class='ocrx_word' id='word_1_606' title='bbox 2626 2179 2679 2223; x_wconf 91' lang='lat' dir='ltr'><strong>et</strong></span> <span class='ocrx_word' id='word_1_607' title='bbox 2710 2171 3153 2240; x_wconf 89' lang='lat' dir='ltr'><strong>incorruptionem</strong></span> <span class='ocrx_word' id='word_1_608' title='bbox 3181 2173 3491 2239; x_wconf 80' lang='lat' dir='ltr'><strong>differentia;</strong></span> 
     </span>
    </p>
   </div>
   <div class='ocr_carea' id='block_1_83' title="bbox 1946 2259 3492 2329">
    <p class='ocr_par' dir='ltr' id='par_1_83' title="bbox 1946 2259 3492 2329">
     <span class='ocr_line' id='line_1_83' title="bbox 1946 2259 3492 2329; baseline 0.006 -21"><span class='ocrx_word' id='word_1_609' title='bbox 1946 2271 2115 2324; x_wconf 91' lang='lat' dir='ltr'><strong>neque</strong></span> <span class='ocrx_word' id='word_1_610' title='bbox 2156 2268 2408 2325; x_wconf 87' lang='lat' dir='ltr'><strong>quantum</strong></span> <span class='ocrx_word' id='word_1_611' title='bbox 2455 2267 2535 2311; x_wconf 91' lang='lat' dir='ltr'><strong>est</strong></span> <span class='ocrx_word' id='word_1_612' title='bbox 2581 2259 2716 2312; x_wconf 91' lang='lat' dir='ltr'><strong>inter</strong></span> <span class='ocrx_word' id='word_1_613' title='bbox 2767 2274 2982 2326; x_wconf 84' lang='lat' dir='ltr'><strong>regnum</strong></span> <span class='ocrx_word' id='word_1_614' title='bbox 3032 2270 3085 2314; x_wconf 90' lang='lat' dir='ltr'><strong>et</strong></span> <span class='ocrx_word' id='word_1_615' title='bbox 3135 2272 3492 2329; x_wconf 77' lang='lat' dir='ltr'><strong>paupertatem</strong></span> 
     </span>
    </p>
   </div>
   <div class='ocr_carea' id='block_1_84' title="bbox 1946 2346 3493 2419">
    <p class='ocr_par' dir='ltr' id='par_1_84' title="bbox 1946 2346 3493 2419">
     <span class='ocr_line' id='line_1_84' title="bbox 1946 2346 3493 2419; baseline 0.005 -20"><span class='ocrx_word' id='word_1_616' title='bbox 1946 2346 2247 2412; x_wconf 90' lang='lat' dir='ltr'><strong>discrimen,</strong></span> <span class='ocrx_word' id='word_1_617' title='bbox 2272 2356 2470 2401; x_wconf 92' lang='lat' dir='ltr'><strong>tantum</strong></span> <span class='ocrx_word' id='word_1_618' title='bbox 2495 2348 2650 2401; x_wconf 87' lang='lat' dir='ltr'><strong>etiam</strong></span> <span class='ocrx_word' id='word_1_619' title='bbox 2676 2358 2756 2402; x_wconf 92' lang='lat' dir='ltr'><strong>est</strong></span> <span class='ocrx_word' id='word_1_620' title='bbox 2783 2349 2917 2402; x_wconf 90' lang='lat' dir='ltr'><strong>inter</strong></span> <span class='ocrx_word' id='word_1_621' title='bbox 2943 2349 3160 2419; x_wconf 84' lang='lat' dir='ltr'><strong>gloriam</strong></span> <span class='ocrx_word' id='word_1_622' title='bbox 3184 2362 3493 2419; x_wconf 71' lang='lat' dir='ltr'><strong>pmscntcm</strong></span> 
     </span>
    </p>
   </div>
   <div class='ocr_carea' id='block_1_85' title="bbox 1945 2436 3496 2505">
    <p class='ocr_par' dir='ltr' id='par_1_85' title="bbox 1945 2436 3496 2505">
     <span class='ocr_line' id='line_1_85' title="bbox 1945 2436 3496 2505; baseline 0.005 -16"><span class='ocrx_word' id='word_1_623' title='bbox 1945 2444 1998 2489; x_wconf 91' lang='lat' dir='ltr'><strong>et</strong></span> <span class='ocrx_word' id='word_1_624' title='bbox 2026 2436 2247 2488; x_wconf 89' lang='lat' dir='ltr'><strong>futuram</strong></span> <span class='ocrx_word' id='word_1_625' title='bbox 2278 2453 2290 2487; x_wconf 90' lang='lat'><strong>:</strong></span> <span class='ocrx_word' id='word_1_626' title='bbox 2318 2437 2408 2490; x_wconf 91' lang='lat' dir='ltr'><strong>sed</strong></span> <span class='ocrx_word' id='word_1_627' title='bbox 2436 2447 2688 2505; x_wconf 90' lang='lat' dir='ltr'><strong>quantum</strong></span> <span class='ocrx_word' id='word_1_628' title='bbox 2730 2440 2867 2492; x_wconf 90' lang='lat' dir='ltr'><strong>inter</strong></span> <span class='ocrx_word' id='word_1_629' title='bbox 2897 2440 3097 2492; x_wconf 90' lang='lat' dir='ltr'><strong>somnia</strong></span> <span class='ocrx_word' id='word_1_630' title='bbox 3126 2451 3177 2494; x_wconf 91' lang='lat' dir='ltr'><strong>et</strong></span> <span class='ocrx_word' id='word_1_631' title='bbox 3204 2443 3278 2495; x_wconf 90' lang='lat' dir='ltr'><strong>rei</strong></span> <span class='ocrx_word' id='word_1_632' title='bbox 3308 2444 3496 2496; x_wconf 88' lang='lat' dir='ltr'><strong>verita-</strong></span> 
     </span>
    </p>
   </div>
   <div class='ocr_carea' id='block_1_86' title="bbox 1946 2524 3497 2600">
    <p class='ocr_par' dir='ltr' id='par_1_86' title="bbox 1946 2524 3497 2600">
     <span class='ocr_line' id='line_1_86' title="bbox 1946 2524 3497 2600; baseline 0.005 -24"><span class='ocrx_word' id='word_1_633' title='bbox 1946 2533 2073 2576; x_wconf 91' lang='lat' dir='ltr'><strong>tem.</strong></span> <span class='ocrx_word' id='word_1_634' title='bbox 2099 2524 2205 2577; x_wconf 91' lang='lat' dir='ltr'><strong>lmo</strong></span> <span class='ocrx_word' id='word_1_635' title='bbox 2233 2539 2357 2578; x_wconf 84' lang='lat' dir='ltr'><strong>vero</strong></span> <span class='ocrx_word' id='word_1_636' title='bbox 2402 2525 2631 2579; x_wconf 90' lang='lat' dir='ltr'><strong>nondum</strong></span> <span class='ocrx_word' id='word_1_637' title='bbox 2658 2527 2921 2594; x_wconf 89' lang='lat' dir='ltr'><strong>quidpiam</strong></span> <span class='ocrx_word' id='word_1_638' title='bbox 2944 2528 3049 2581; x_wconf 89' lang='lat' dir='ltr'><strong>dixi</strong></span> <span class='ocrx_word' id='word_1_639' title='bbox 3075 2545 3088 2580; x_wconf 90' lang='lat'><strong>:</strong></span> <span class='ocrx_word' id='word_1_640' title='bbox 3113 2531 3282 2584; x_wconf 90' lang='lat' dir='ltr'><strong>nullus</strong></span> <span class='ocrx_word' id='word_1_641' title='bbox 3307 2533 3497 2600; x_wconf 84' lang='lat' dir='ltr'><strong>quippe.</strong></span> 
     </span>
    </p>
   </div>
   <div class='ocr_carea' id='block_1_87' title="bbox 1946 2613 3497 2688">
    <p class='ocr_par' dir='ltr' id='par_1_87' title="bbox 1946 2613 3497 2688">
     <span class='ocr_line' id='line_1_87' title="bbox 1946 2613 3497 2688; baseline 0.006 -22"><span class='ocrx_word' id='word_1_642' title='bbox 1946 2628 2122 2666; x_wconf 91' lang='lat' dir='ltr'><strong>sermo</strong></span> <span class='ocrx_word' id='word_1_643' title='bbox 2153 2622 2322 2679; x_wconf 89' lang='lat' dir='ltr'><strong>potest</strong></span> <span class='ocrx_word' id='word_1_644' title='bbox 2365 2613 2714 2668; x_wconf 68' lang='lat' dir='ltr'><strong>differentiam</strong></span> <span class='ocrx_word' id='word_1_645' title='bbox 2750 2616 2888 2669; x_wconf 91' lang='lat' dir='ltr'><strong>illam</strong></span> <span class='ocrx_word' id='word_1_646' title='bbox 2929 2619 3239 2685; x_wconf 78' lang='lat' dir='ltr'><strong>exprimere,</strong></span> <span class='ocrx_word' id='word_1_647' title='bbox 3271 2635 3388 2688; x_wconf 66' lang='lat' dir='ltr'><strong>qua:</strong></span> <span class='ocrx_word' id='word_1_648' title='bbox 3417 2630 3497 2675; x_wconf 91' lang='lat' dir='ltr'><strong>est</strong></span> 
     </span>
    </p>
   </div>
   <div class='ocr_carea' id='block_1_88' title="bbox 1947 2699 3497 2772">
    <p class='ocr_par' dir='ltr' id='par_1_88' title="bbox 1947 2699 3497 2772">
     <span class='ocr_line' id='line_1_88' title="bbox 1947 2699 3497 2772; baseline 0.006 -19"><span class='ocrx_word' id='word_1_649' title='bbox 1947 2699 2083 2753; x_wconf 88' lang='lat' dir='ltr'><strong>inter</strong></span> <span class='ocrx_word' id='word_1_650' title='bbox 2121 2700 2293 2754; x_wconf 87' lang='lat' dir='ltr'><strong>futura</strong></span> <span class='ocrx_word' id='word_1_651' title='bbox 2331 2712 2384 2755; x_wconf 91' lang='lat' dir='ltr'><strong>et</strong></span> <span class='ocrx_word' id='word_1_652' title='bbox 2420 2705 2717 2772; x_wconf 62' lang='lat' dir='ltr'><strong>praesentia.</strong></span> <span class='ocrx_word' id='word_1_653' title='bbox 2754 2704 2807 2757; x_wconf 91' lang='lat' dir='ltr'><strong>Si</strong></span> <span class='ocrx_word' id='word_1_654' title='bbox 2851 2705 2984 2758; x_wconf 89' lang='lat' dir='ltr'><strong>ratio</strong></span> <span class='ocrx_word' id='word_1_655' title='bbox 3025 2715 3196 2759; x_wconf 89' lang='lat' dir='ltr'><strong>autem</strong></span> <span class='ocrx_word' id='word_1_656' title='bbox 3248 2707 3497 2762; x_wconf 84' lang='lat' dir='ltr'><strong>habeatur</strong></span> 
     </span>
    </p>
   </div>
   <div class='ocr_carea' id='block_1_89' title="bbox 1948 2790 3493 2861">
    <p class='ocr_par' dir='ltr' id='par_1_89' title="bbox 1948 2790 3493 2861">
     <span class='ocr_line' id='line_1_89' title="bbox 1948 2790 3493 2861; baseline 0.005 -19"><span class='ocrx_word' id='word_1_657' title='bbox 1948 2790 2222 2857; x_wconf 90' lang='lat' dir='ltr'><strong>temporis,</strong></span> <span class='ocrx_word' id='word_1_658' title='bbox 2261 2790 2405 2843; x_wconf 90' lang='lat' dir='ltr'><strong>nulla</strong></span> <span class='ocrx_word' id='word_1_659' title='bbox 2434 2791 2649 2844; x_wconf 91' lang='lat' dir='ltr'><strong>omnino</strong></span> <span class='ocrx_word' id='word_1_660' title='bbox 2706 2800 2879 2859; x_wconf 86' lang='lat' dir='ltr'><strong>potest</strong></span> <span class='ocrx_word' id='word_1_661' title='bbox 2924 2795 3140 2861; x_wconf 89' lang='lat' dir='ltr'><strong>cogitari</strong></span> <span class='ocrx_word' id='word_1_662' title='bbox 3186 2794 3493 2851; x_wconf 75' lang='lat' dir='ltr'><strong>differentia.</strong></span> 
     </span>
    </p>
   </div>
   <div class='ocr_carea' id='block_1_90' title="bbox 1948 2878 3493 2951">
    <p class='ocr_par' dir='ltr' id='par_1_90' title="bbox 1948 2878 3493 2951">
     <span class='ocr_line' id='line_1_90' title="bbox 1948 2878 3493 2951; baseline 0.006 -22"><span class='ocrx_word' id='word_1_663' title='bbox 1948 2878 2218 2942; x_wconf 88' lang='lat' dir='ltr'><strong>Quomodo</strong></span> <span class='ocrx_word' id='word_1_664' title='bbox 2257 2880 2395 2931; x_wconf 91' lang='lat' dir='ltr'><strong>enim</strong></span> <span class='ocrx_word' id='word_1_665' title='bbox 2435 2879 2675 2933; x_wconf 89' lang='lat' dir='ltr'><strong>conferre</strong></span> <span class='ocrx_word' id='word_1_666' title='bbox 2729 2880 2846 2948; x_wconf 91' lang='lat' dir='ltr'><strong>quis</strong></span> <span class='ocrx_word' id='word_1_667' title='bbox 2891 2890 3061 2947; x_wconf 89' lang='lat' dir='ltr'><strong>potest</strong></span> <span class='ocrx_word' id='word_1_668' title='bbox 3112 2885 3493 2951; x_wconf 72' lang='lat' dir='ltr'><strong>prmsentibus,</strong></span> 
     </span>
    </p>
   </div>
   <div class='ocr_carea' id='block_1_91' title="bbox 1947 2968 3493 3040">
    <p class='ocr_par' dir='ltr' id='par_1_91' title="bbox 1947 2968 3493 3040">
     <span class='ocr_line' id='line_1_91' title="bbox 1947 2968 3493 3040; baseline 0.005 -21"><span class='ocrx_word' id='word_1_669' title='bbox 1947 2968 2103 3020; x_wconf 89' lang='lat' dir='ltr'><strong>vitam</strong></span> <span class='ocrx_word' id='word_1_670' title='bbox 2148 2970 2343 3020; x_wconf 69' lang='lat' dir='ltr'><strong>nullum</strong></span> <span class='ocrx_word' id='word_1_671' title='bbox 2382 2970 2661 3022; x_wconf 90' lang='lat' dir='ltr'><strong>terminum</strong></span> <span class='ocrx_word' id='word_1_672' title='bbox 2707 2969 2997 3023; x_wconf 90' lang='lat' dir='ltr'><strong>habituram</strong></span> <span class='ocrx_word' id='word_1_673' title='bbox 3021 2973 3043 3023; x_wconf 82' lang='lat'><strong>?</strong></span> <span class='ocrx_word' id='word_1_674' title='bbox 3071 2972 3125 3025; x_wconf 94' lang='lat' dir='ltr'><strong>ln</strong></span> <span class='ocrx_word' id='word_1_675' title='bbox 3165 2987 3292 3040; x_wconf 84' lang='lat' dir='ltr'><strong>pace</strong></span> <span class='ocrx_word' id='word_1_676' title='bbox 3320 2984 3493 3027; x_wconf 87' lang='lat' dir='ltr'><strong>autem</strong></span> 
     </span>
    </p>
   </div>
   <div class='ocr_carea' id='block_1_92' title="bbox 1948 3056 3496 3128">
    <p class='ocr_par' dir='ltr' id='par_1_92' title="bbox 1948 3056 3496 3128">
     <span class='ocr_line' id='line_1_92' title="bbox 1948 3056 3496 3128; baseline 0.005 -19"><span class='ocrx_word' id='word_1_677' title='bbox 1948 3066 2147 3109; x_wconf 90' lang='lat' dir='ltr'><strong>tantum</strong></span> <span class='ocrx_word' id='word_1_678' title='bbox 2171 3066 2252 3109; x_wconf 92' lang='lat' dir='ltr'><strong>est</strong></span> <span class='ocrx_word' id='word_1_679' title='bbox 2294 3056 2599 3119; x_wconf 92' lang='lat' dir='ltr'><strong>discrimen,</strong></span> <span class='ocrx_word' id='word_1_680' title='bbox 2627 3067 2876 3125; x_wconf 90' lang='lat' dir='ltr'><strong>quantum</strong></span> <span class='ocrx_word' id='word_1_681' title='bbox 2918 3060 3053 3113; x_wconf 91' lang='lat' dir='ltr'><strong>inter</strong></span> <span class='ocrx_word' id='word_1_682' title='bbox 3082 3075 3263 3128; x_wconf 88' lang='lat' dir='ltr'><strong>pacem</strong></span> <span class='ocrx_word' id='word_1_683' title='bbox 3293 3071 3345 3115; x_wconf 90' lang='lat' dir='ltr'><strong>et</strong></span> <span class='ocrx_word' id='word_1_684' title='bbox 3386 3064 3496 3116; x_wconf 88' lang='lat' dir='ltr'><strong>bel-</strong></span> 
     </span>
    </p>
   </div>
   <div class='ocr_carea' id='block_1_93' title="bbox 1946 3144 3492 3220">
    <p class='ocr_par' dir='ltr' id='par_1_93' title="bbox 1946 3144 3492 3220">
     <span class='ocr_line' id='line_1_93' title="bbox 1946 3144 3492 3220; baseline 0.005 -22"><span class='ocrx_word' id='word_1_685' title='bbox 1946 3144 2087 3211; x_wconf 90' lang='lat' dir='ltr'><strong>lum,</strong></span> <span class='ocrx_word' id='word_1_686' title='bbox 2138 3146 2274 3199; x_wconf 91' lang='lat' dir='ltr'><strong>inter</strong></span> <span class='ocrx_word' id='word_1_687' title='bbox 2310 3148 2697 3215; x_wconf 90' lang='lat' dir='ltr'><strong>corruptionem</strong></span> <span class='ocrx_word' id='word_1_688' title='bbox 2743 3163 2867 3201; x_wconf 90' lang='lat' dir='ltr'><strong>vero</strong></span> <span class='ocrx_word' id='word_1_689' title='bbox 2922 3159 2976 3202; x_wconf 91' lang='lat' dir='ltr'><strong>et</strong></span> <span class='ocrx_word' id='word_1_690' title='bbox 3028 3150 3492 3220; x_wconf 88' lang='lat' dir='ltr'><strong>incorruptionem,</strong></span> 
     </span>
    </p>
   </div>
   <div class='ocr_carea' id='block_1_94' title="bbox 1947 3236 3493 3311">
    <p class='ocr_par' dir='ltr' id='par_1_94' title="bbox 1947 3236 3493 3311">
     <span class='ocr_line' id='line_1_94' title="bbox 1947 3236 3493 3311; baseline 0.005 -24"><span class='ocrx_word' id='word_1_691' title='bbox 1947 3244 2199 3303; x_wconf 91' lang='lat' dir='ltr'><strong>quantum</strong></span> <span class='ocrx_word' id='word_1_692' title='bbox 2241 3236 2379 3289; x_wconf 92' lang='lat' dir='ltr'><strong>inter</strong></span> <span class='ocrx_word' id='word_1_693' title='bbox 2414 3236 2607 3289; x_wconf 88' lang='lat' dir='ltr'><strong>luteum</strong></span> <span class='ocrx_word' id='word_1_694' title='bbox 2660 3236 2880 3290; x_wconf 91' lang='lat' dir='ltr'><strong>frustum</strong></span> <span class='ocrx_word' id='word_1_695' title='bbox 2912 3248 2966 3292; x_wconf 91' lang='lat' dir='ltr'><strong>et</strong></span> <span class='ocrx_word' id='word_1_696' title='bbox 3003 3253 3258 3307; x_wconf 89' lang='lat' dir='ltr'><strong>gemmam</strong></span> <span class='ocrx_word' id='word_1_697' title='bbox 3292 3257 3493 3311; x_wconf 90' lang='lat' dir='ltr'><strong>puram.</strong></span> 
     </span>
    </p>
   </div>
   <div class='ocr_carea' id='block_1_95' title="bbox 1946 3324 3495 3398">
    <p class='ocr_par' dir='ltr' id='par_1_95' title="bbox 1946 3324 3495 3398">
     <span class='ocr_line' id='line_1_95' title="bbox 1946 3324 3495 3398; baseline 0.006 -22"><span class='ocrx_word' id='word_1_698' title='bbox 1946 3324 2053 3377; x_wconf 92' lang='lat' dir='ltr'><strong>lmo</strong></span> <span class='ocrx_word' id='word_1_699' title='bbox 2079 3340 2201 3378; x_wconf 88' lang='lat' dir='ltr'><strong>vero</strong></span> <span class='ocrx_word' id='word_1_700' title='bbox 2232 3326 2404 3393; x_wconf 88' lang='lat' dir='ltr'><strong>potius</strong></span> <span class='ocrx_word' id='word_1_701' title='bbox 2428 3326 2679 3394; x_wconf 85' lang='lat' dir='ltr'><strong>quidquid</strong></span> <span class='ocrx_word' id='word_1_702' title='bbox 2707 3328 2868 3391; x_wconf 87' lang='lat' dir='ltr'><strong>dicas,</strong></span> <span class='ocrx_word' id='word_1_703' title='bbox 2895 3328 3023 3381; x_wconf 87' lang='lat' dir='ltr'><strong>nihil</strong></span> <span class='ocrx_word' id='word_1_704' title='bbox 3054 3329 3319 3384; x_wconf 85' lang='lat' dir='ltr'><strong>declarare</strong></span> <span class='ocrx_word' id='word_1_705' title='bbox 3348 3341 3495 3398; x_wconf 87' lang='lat' dir='ltr'><strong>poto-</strong></span> 
     </span>
    </p>
   </div>
   <div class='ocr_carea' id='block_1_96' title="bbox 1946 3414 3493 3487">
    <p class='ocr_par' dir='ltr' id='par_1_96' title="bbox 1946 3414 3493 3487">
     <span class='ocr_line' id='line_1_96' title="bbox 1946 3414 3493 3487; baseline 0.005 -20"><span class='ocrx_word' id='word_1_706' title='bbox 1946 3414 2037 3468; x_wconf 90' lang='lat' dir='ltr'><strong>ris.</strong></span> <span class='ocrx_word' id='word_1_707' title='bbox 2070 3415 2315 3479; x_wconf 81' lang='lat' dir='ltr'><strong>Quamvis</strong></span> <span class='ocrx_word' id='word_1_708' title='bbox 2363 3416 2503 3468; x_wconf 90' lang='lat' dir='ltr'><strong>enim</strong></span> <span class='ocrx_word' id='word_1_709' title='bbox 2553 3430 2832 3483; x_wconf 90' lang='lat' dir='ltr'><strong>corporum</strong></span> <span class='ocrx_word' id='word_1_710' title='bbox 2882 3417 3154 3470; x_wconf 90' lang='lat' dir='ltr'><strong>beatorum</strong></span> <span class='ocrx_word' id='word_1_711' title='bbox 3204 3420 3493 3487; x_wconf 87' lang='lat' dir='ltr'><strong>pulchritu-</strong></span> 
     </span>
    </p>
   </div>
   <div class='ocr_carea' id='block_1_97' title="bbox 1946 3502 3497 3577">
    <p class='ocr_par' dir='ltr' id='par_1_97' title="bbox 1946 3502 3497 3577">
     <span class='ocr_line' id='line_1_97' title="bbox 1946 3502 3497 3577; baseline 0.005 -21"><span class='ocrx_word' id='word_1_712' title='bbox 1946 3502 2119 3556; x_wconf 89' lang='lat' dir='ltr'><strong>dinem</strong></span> <span class='ocrx_word' id='word_1_713' title='bbox 2175 3504 2321 3556; x_wconf 90' lang='lat' dir='ltr'><strong>radio</strong></span> <span class='ocrx_word' id='word_1_714' title='bbox 2373 3504 2507 3556; x_wconf 84' lang='lat' dir='ltr'><strong>lucis</strong></span> <span class='ocrx_word' id='word_1_715' title='bbox 2561 3505 2870 3569; x_wconf 90' lang='lat' dir='ltr'><strong>conferam,</strong></span> <span class='ocrx_word' id='word_1_716' title='bbox 2927 3507 3164 3573; x_wconf 87' lang='lat' dir='ltr'><strong>quamvis</strong></span> <span class='ocrx_word' id='word_1_717' title='bbox 3216 3510 3497 3577; x_wconf 89' lang='lat' dir='ltr'><strong>conspicuo</strong></span> 
     </span>
    </p>
   </div>
   <div class='ocr_carea' id='block_1_98' title="bbox 1946 3588 3495 3660">
    <p class='ocr_par' dir='ltr' id='par_1_98' title="bbox 1946 3588 3495 3660">
     <span class='ocr_line' id='line_1_98' title="bbox 1946 3588 3495 3660; baseline 0.006 -19"><span class='ocrx_word' id='word_1_718' title='bbox 1946 3588 2158 3657; x_wconf 90' lang='lat' dir='ltr'><strong>fulguri,</strong></span> <span class='ocrx_word' id='word_1_719' title='bbox 2203 3589 2331 3642; x_wconf 92' lang='lat' dir='ltr'><strong>nihil</strong></span> <span class='ocrx_word' id='word_1_720' title='bbox 2376 3590 2465 3642; x_wconf 90' lang='lat' dir='ltr'><strong>illo</strong></span> <span class='ocrx_word' id='word_1_721' title='bbox 2504 3590 2781 3657; x_wconf 83' lang='lat' dir='ltr'><strong>splendore</strong></span> <span class='ocrx_word' id='word_1_722' title='bbox 2826 3590 3037 3660; x_wconf 86' lang='lat' dir='ltr'><strong>dignum</strong></span> <span class='ocrx_word' id='word_1_723' title='bbox 3066 3592 3254 3649; x_wconf 88' lang='lat' dir='ltr'><strong>dicam.</strong></span> <span class='ocrx_word' id='word_1_724' title='bbox 3288 3595 3388 3650; x_wconf 80' lang='lat' dir='ltr'><strong>Pro</strong></span> <span class='ocrx_word' id='word_1_725' title='bbox 3415 3597 3495 3652; x_wconf 87' lang='lat' dir='ltr'><strong>his</strong></span> 
     </span>
    </p>
   </div>
   <div class='ocr_carea' id='block_1_99' title="bbox 1946 3680 3495 3754">
    <p class='ocr_par' dir='ltr' id='par_1_99' title="bbox 1946 3680 3495 3754">
     <span class='ocr_line' id='line_1_99' title="bbox 1946 3680 3495 3754; baseline 0.006 -23"><span class='ocrx_word' id='word_1_726' title='bbox 1946 3689 2089 3732; x_wconf 91' lang='lat' dir='ltr'><strong>certe</strong></span> <span class='ocrx_word' id='word_1_727' title='bbox 2116 3689 2242 3748; x_wconf 89' lang='lat' dir='ltr'><strong>quot</strong></span> <span class='ocrx_word' id='word_1_728' title='bbox 2271 3694 2372 3732; x_wconf 93' lang='lat' dir='ltr'><strong>non</strong></span> <span class='ocrx_word' id='word_1_729' title='bbox 2412 3680 2681 3747; x_wconf 90' lang='lat' dir='ltr'><strong>pecunias,</strong></span> <span class='ocrx_word' id='word_1_730' title='bbox 2714 3688 2844 3748; x_wconf 88' lang='lat' dir='ltr'><strong>quot</strong></span> <span class='ocrx_word' id='word_1_731' title='bbox 2878 3696 2982 3734; x_wconf 90' lang='lat' dir='ltr'><strong>non</strong></span> <span class='ocrx_word' id='word_1_732' title='bbox 3012 3696 3230 3752; x_wconf 88' lang='lat' dir='ltr'><strong>corpora</strong></span> <span class='ocrx_word' id='word_1_733' title='bbox 3280 3686 3495 3754; x_wconf 85' lang='lat' dir='ltr'><strong>profun-</strong></span> 
     </span>
    </p>
   </div>
   <div class='ocr_carea' id='block_1_100' title="bbox 1945 3770 3489 3844">
    <p class='ocr_par' dir='ltr' id='par_1_100' title="bbox 1945 3770 3489 3844">
     <span class='ocr_line' id='line_1_100' title="bbox 1945 3770 3489 3844; baseline 0.006 -21"><span class='ocrx_word' id='word_1_734' title='bbox 1945 3770 2071 3823; x_wconf 90' lang='lat' dir='ltr'><strong>dere</strong></span> <span class='ocrx_word' id='word_1_735' title='bbox 2096 3785 2189 3838; x_wconf 89' lang='lat' dir='ltr'><strong>par</strong></span> <span class='ocrx_word' id='word_1_736' title='bbox 2214 3770 2395 3823; x_wconf 76' lang='lat' dir='ltr'><strong>esset?</strong></span> <span class='ocrx_word' id='word_1_737' title='bbox 2425 3771 2529 3824; x_wconf 91' lang='lat' dir='ltr'><strong>imo</strong></span> <span class='ocrx_word' id='word_1_738' title='bbox 2550 3778 2679 3839; x_wconf 89' lang='lat' dir='ltr'><strong>quot</strong></span> <span class='ocrx_word' id='word_1_739' title='bbox 2724 3784 2825 3823; x_wconf 93' lang='lat' dir='ltr'><strong>non</strong></span> <span class='ocrx_word' id='word_1_740' title='bbox 2872 3772 3110 3826; x_wconf 82' lang='lat' dir='ltr'><strong>animas?</strong></span> <span class='ocrx_word' id='word_1_741' title='bbox 3135 3773 3280 3829; x_wconf 87' lang='lat' dir='ltr'><strong>Nunc</strong></span> <span class='ocrx_word' id='word_1_742' title='bbox 3312 3791 3489 3844; x_wconf 92' lang='lat' dir='ltr'><strong>porro,</strong></span> 
     </span>
    </p>
   </div>
   <div class='ocr_carea' id='block_1_101' title="bbox 1946 3859 3496 3932">
    <p class='ocr_par' dir='ltr' id='par_1_101' title="bbox 1946 3859 3496 3932">
     <span class='ocr_line' id='line_1_101' title="bbox 1946 3859 3496 3932; baseline 0.003 -18"><span class='ocrx_word' id='word_1_743' title='bbox 1946 3862 1988 3914; x_wconf 90' lang='lat' dir='ltr'><strong>si</strong></span> <span class='ocrx_word' id='word_1_744' title='bbox 2015 3862 2130 3928; x_wconf 91' lang='lat' dir='ltr'><strong>quis</strong></span> <span class='ocrx_word' id='word_1_745' title='bbox 2158 3869 2208 3914; x_wconf 91' lang='lat' dir='ltr'><strong>te</strong></span> <span class='ocrx_word' id='word_1_746' title='bbox 2249 3861 2301 3913; x_wconf 92' lang='lat' dir='ltr'><strong>in</strong></span> <span class='ocrx_word' id='word_1_747' title='bbox 2331 3860 2527 3929; x_wconf 90' lang='lat' dir='ltr'><strong>regiam</strong></span> <span class='ocrx_word' id='word_1_748' title='bbox 2573 3859 2951 3920; x_wconf 89' lang='lat' dir='ltr'><strong>introduceret,</strong></span> <span class='ocrx_word' id='word_1_749' title='bbox 2984 3862 3332 3931; x_wconf 90' lang='lat' dir='ltr'><strong>omnibusque</strong></span> <span class='ocrx_word' id='word_1_750' title='bbox 3363 3882 3496 3932; x_wconf 75' lang='lat' dir='ltr'><strong>prze-</strong></span> 
     </span>
    </p>
   </div>
   <div class='ocr_carea' id='block_1_102' title="bbox 1945 3949 3492 4020">
    <p class='ocr_par' dir='ltr' id='par_1_102' title="bbox 1945 3949 3492 4020">
     <span class='ocr_line' id='line_1_102' title="bbox 1945 3949 3492 4020; baseline 0.004 -16"><span class='ocrx_word' id='word_1_751' title='bbox 1945 3951 2180 4004; x_wconf 89' lang='lat' dir='ltr'><strong>sentibus</strong></span> <span class='ocrx_word' id='word_1_752' title='bbox 2210 3951 2259 4003; x_wconf 90' lang='lat' dir='ltr'><strong>id</strong></span> <span class='ocrx_word' id='word_1_753' title='bbox 2290 3958 2500 4003; x_wconf 88' lang='lat' dir='ltr'><strong>curaret</strong></span> <span class='ocrx_word' id='word_1_754' title='bbox 2528 3958 2581 4001; x_wconf 93' lang='lat' dir='ltr'><strong>ut</strong></span> <span class='ocrx_word' id='word_1_755' title='bbox 2612 3949 2903 4017; x_wconf 85' lang='lat' dir='ltr'><strong>Imperator</strong></span> <span class='ocrx_word' id='word_1_756' title='bbox 2933 3959 2983 4003; x_wconf 84' lang='lat' dir='ltr'><strong>te</strong></span> <span class='ocrx_word' id='word_1_757' title='bbox 3010 3951 3380 4020; x_wconf 87' lang='lat' dir='ltr'><strong>alloqueretur,</strong></span> <span class='ocrx_word' id='word_1_758' title='bbox 3413 3965 3492 4011; x_wconf 89' lang='lat' dir='ltr'><strong>te-</strong></span> 
     </span>
    </p>
   </div>
   <div class='ocr_carea' id='block_1_103' title="bbox 1944 4037 3495 4110">
    <p class='ocr_par' dir='ltr' id='par_1_103' title="bbox 1944 4037 3495 4110">
     <span class='ocr_line' id='line_1_103' title="bbox 1944 4037 3495 4110; baseline 0.006 -19"><span class='ocrx_word' id='word_1_759' title='bbox 1944 4054 2047 4107; x_wconf 89' lang='lat' dir='ltr'><strong>que</strong></span> <span class='ocrx_word' id='word_1_760' title='bbox 2077 4048 2131 4092; x_wconf 90' lang='lat' dir='ltr'><strong>et</strong></span> <span class='ocrx_word' id='word_1_761' title='bbox 2176 4052 2371 4091; x_wconf 56' lang='lat' dir='ltr'><strong>mensas</strong></span> <span class='ocrx_word' id='word_1_762' title='bbox 2396 4046 2449 4092; x_wconf 92' lang='lat' dir='ltr'><strong>et</strong></span> <span class='ocrx_word' id='word_1_763' title='bbox 2486 4037 2674 4092; x_wconf 72' lang='lat' dir='ltr'><strong>mdium</strong></span> <span class='ocrx_word' id='word_1_764' title='bbox 2727 4050 3025 4092; x_wconf 90' lang='lat' dir='ltr'><strong>consortem</strong></span> <span class='ocrx_word' id='word_1_765' title='bbox 3074 4040 3405 4110; x_wconf 89' lang='lat' dir='ltr'><strong>admitteret,</strong></span> <span class='ocrx_word' id='word_1_766' title='bbox 3443 4056 3495 4100; x_wconf 87' lang='lat' dir='ltr'><strong>te</strong></span> 
     </span>
    </p>
   </div>
   <div class='ocr_carea' id='block_1_104' title="bbox 1945 4127 3491 4196">
    <p class='ocr_par' dir='ltr' id='par_1_104' title="bbox 1945 4127 3491 4196">
     <span class='ocr_line' id='line_1_104' title="bbox 1945 4127 3491 4196; baseline 0.004 -15"><span class='ocrx_word' id='word_1_767' title='bbox 1945 4130 2179 4182; x_wconf 88' lang='lat' dir='ltr'><strong>omnium</strong></span> <span class='ocrx_word' id='word_1_768' title='bbox 2209 4127 2566 4181; x_wconf 89' lang='lat' dir='ltr'><strong>beatissimum</strong></span> <span class='ocrx_word' id='word_1_769' title='bbox 2594 4142 2711 4181; x_wconf 91' lang='lat' dir='ltr'><strong>esse</strong></span> <span class='ocrx_word' id='word_1_770' title='bbox 2757 4128 3125 4196; x_wconf 88' lang='lat' dir='ltr'><strong>pronuntiares</strong></span> <span class='ocrx_word' id='word_1_771' title='bbox 3150 4148 3163 4182; x_wconf 89' lang='lat'>:</span> <span class='ocrx_word' id='word_1_772' title='bbox 3192 4139 3247 4182; x_wconf 89' lang='lat' dir='ltr'><strong>at</strong></span> <span class='ocrx_word' id='word_1_773' title='bbox 3274 4146 3392 4185; x_wconf 92' lang='lat' dir='ltr'><strong>cum</strong></span> <span class='ocrx_word' id='word_1_774' title='bbox 3440 4135 3491 4188; x_wconf 93' lang='lat' dir='ltr'><strong>in</strong></span> 
     </span>
    </p>
   </div>
   <div class='ocr_carea' id='block_1_105' title="bbox 1944 4217 3491 4284">
    <p class='ocr_par' dir='ltr' id='par_1_105' title="bbox 1944 4217 3491 4284">
     <span class='ocr_line' id='line_1_105' title="bbox 1944 4217 3491 4284; baseline 0.005 -14"><span class='ocrx_word' id='word_1_775' title='bbox 1944 4218 2127 4270; x_wconf 78' lang='lat' dir='ltr'><strong>ca-lum</strong></span> <span class='ocrx_word' id='word_1_776' title='bbox 2158 4217 2231 4270; x_wconf 92' lang='lat' dir='ltr'><strong>sis</strong></span> <span class='ocrx_word' id='word_1_777' title='bbox 2261 4231 2597 4280; x_wconf 89' lang='lat' dir='ltr'><strong>ascensurus,</strong></span> <span class='ocrx_word' id='word_1_778' title='bbox 2632 4227 2684 4270; x_wconf 92' lang='lat' dir='ltr'><strong>et</strong></span> <span class='ocrx_word' id='word_1_779' title='bbox 2714 4231 2832 4269; x_wconf 86' lang='lat' dir='ltr'><strong>cum</strong></span> <span class='ocrx_word' id='word_1_780' title='bbox 2862 4217 2976 4284; x_wconf 91' lang='lat' dir='ltr'><strong>ipso</strong></span> <span class='ocrx_word' id='word_1_781' title='bbox 3004 4219 3367 4274; x_wconf 89' lang='lat' dir='ltr'><strong>universorum</strong></span> <span class='ocrx_word' id='word_1_782' title='bbox 3393 4224 3491 4277; x_wconf 85' lang='lat' dir='ltr'><strong>lm-</strong></span> 
     </span>
    </p>
   </div>
   <div class='ocr_carea' id='block_1_106' title="bbox 1944 4305 3493 4374">
    <p class='ocr_par' dir='ltr' id='par_1_106' title="bbox 1944 4305 3493 4374">
     <span class='ocr_line' id='line_1_106' title="bbox 1944 4305 3493 4374; baseline 0.006 -15"><span class='ocrx_word' id='word_1_783' title='bbox 1944 4316 2187 4373; x_wconf 86' lang='lat' dir='ltr'><strong>peratore</strong></span> <span class='ocrx_word' id='word_1_784' title='bbox 2208 4314 2533 4369; x_wconf 90' lang='lat' dir='ltr'><strong>versaturus,</strong></span> <span class='ocrx_word' id='word_1_785' title='bbox 2557 4320 2675 4358; x_wconf 89' lang='lat' dir='ltr'><strong>eum</strong></span> <span class='ocrx_word' id='word_1_786' title='bbox 2702 4305 2902 4374; x_wconf 89' lang='lat' dir='ltr'><strong>angelis</strong></span> <span class='ocrx_word' id='word_1_787' title='bbox 2922 4306 3150 4359; x_wconf 87' lang='lat' dir='ltr'><strong>vicissim</strong></span> <span class='ocrx_word' id='word_1_788' title='bbox 3180 4309 3493 4371; x_wconf 76' lang='lat' dir='ltr'><strong>micaturus.</strong></span> 
     </span>
    </p>
   </div>
   <div class='ocr_carea' id='block_1_107' title="bbox 1943 4394 3493 4471">
    <p class='ocr_par' dir='ltr' id='par_1_107' title="bbox 1943 4394 3493 4471">
     <span class='ocr_line' id='line_1_107' title="bbox 1943 4394 3493 4471; baseline 0.002 -22"><span class='ocrx_word' id='word_1_789' title='bbox 1943 4406 1997 4450; x_wconf 89' lang='lat' dir='ltr'><strong>et</strong></span> <span class='ocrx_word' id='word_1_790' title='bbox 2028 4397 2293 4449; x_wconf 87' lang='lat' dir='ltr'><strong>inaccessa</strong></span> <span class='ocrx_word' id='word_1_791' title='bbox 2327 4395 2416 4447; x_wconf 91' lang='lat' dir='ltr'><strong>illa</strong></span> <span class='ocrx_word' id='word_1_792' title='bbox 2444 4394 2609 4463; x_wconf 90' lang='lat' dir='ltr'><strong>gloria</strong></span> <span class='ocrx_word' id='word_1_793' title='bbox 2642 4394 2903 4447; x_wconf 88' lang='lat' dir='ltr'><strong>fruiturus</strong></span> <span class='ocrx_word' id='word_1_794' title='bbox 2924 4436 2937 4461; x_wconf 92' lang='lat'><strong>,</strong></span> <span class='ocrx_word' id='word_1_795' title='bbox 2966 4396 3188 4465; x_wconf 91' lang='lat' dir='ltr'><strong>ambigis</strong></span> <span class='ocrx_word' id='word_1_796' title='bbox 3232 4415 3353 4453; x_wconf 92' lang='lat' dir='ltr'><strong>num</strong></span> <span class='ocrx_word' id='word_1_797' title='bbox 3400 4418 3493 4471; x_wconf 87' lang='lat' dir='ltr'><strong>pe-</strong></span> 
     </span>
    </p>
   </div>
   <div class='ocr_carea' id='block_1_108' title="bbox 1943 4482 3488 4553">
    <p class='ocr_par' dir='ltr' id='par_1_108' title="bbox 1943 4482 3488 4553">
     <span class='ocr_line' id='line_1_108' title="bbox 1943 4482 3488 4553; baseline 0.004 -15"><span class='ocrx_word' id='word_1_798' title='bbox 1943 4485 2124 4538; x_wconf 90' lang='lat' dir='ltr'><strong>cunias</strong></span> <span class='ocrx_word' id='word_1_799' title='bbox 2146 4482 2465 4552; x_wconf 90' lang='lat' dir='ltr'><strong>profundere</strong></span> <span class='ocrx_word' id='word_1_800' title='bbox 2500 4491 2771 4552; x_wconf 88' lang='lat' dir='ltr'><strong>oporteat,</strong></span> <span class='ocrx_word' id='word_1_801' title='bbox 2809 4498 2927 4537; x_wconf 90' lang='lat' dir='ltr'><strong>cum</strong></span> <span class='ocrx_word' id='word_1_802' title='bbox 2975 4498 3070 4553; x_wconf 84' lang='lat' dir='ltr'><strong>par</strong></span> <span class='ocrx_word' id='word_1_803' title='bbox 3099 4496 3257 4553; x_wconf 84' lang='lat' dir='ltr'><strong>esset,</strong></span> <span class='ocrx_word' id='word_1_804' title='bbox 3285 4489 3488 4545; x_wconf 77' lang='lat' dir='ltr'><strong>etiamsi</strong></span> 
     </span>
    </p>
   </div>
   <div class='ocr_carea' id='block_1_109' title="bbox 1944 4573 3490 4643">
    <p class='ocr_par' dir='ltr' id='par_1_109' title="bbox 1944 4573 3490 4643">
     <span class='ocr_line' id='line_1_109' title="bbox 1944 4573 3490 4643; baseline 0.006 -17"><span class='ocrx_word' id='word_1_805' title='bbox 1944 4574 2105 4626; x_wconf 90' lang='lat' dir='ltr'><strong>vitam</strong></span> <span class='ocrx_word' id='word_1_806' title='bbox 2158 4573 2403 4626; x_wconf 89' lang='lat' dir='ltr'><strong>emittere</strong></span> <span class='ocrx_word' id='word_1_807' title='bbox 2451 4587 2582 4641; x_wconf 91' lang='lat' dir='ltr'><strong>opus</strong></span> <span class='ocrx_word' id='word_1_808' title='bbox 2630 4581 2808 4634; x_wconf 89' lang='lat' dir='ltr'><strong>esset,</strong></span> <span class='ocrx_word' id='word_1_809' title='bbox 2838 4574 3130 4639; x_wconf 90' lang='lat' dir='ltr'><strong>exsultare,</strong></span> <span class='ocrx_word' id='word_1_810' title='bbox 3169 4578 3400 4643; x_wconf 87' lang='lat' dir='ltr'><strong>gaudere</strong></span> <span class='ocrx_word' id='word_1_811' title='bbox 3437 4591 3490 4634; x_wconf 90' lang='lat' dir='ltr'><strong>et</strong></span> 
     </span>
    </p>
   </div>
   <div class='ocr_carea' id='block_1_110' title="bbox 1943 4662 3487 4734">
    <p class='ocr_par' dir='ltr' id='par_1_110' title="bbox 1943 4662 3487 4734">
     <span class='ocr_line' id='line_1_110' title="bbox 1943 4662 3487 4734; baseline 0.003 -16"><span class='ocrx_word' id='word_1_812' title='bbox 1943 4679 2051 4734; x_wconf 63' lang='lat' dir='ltr'><strong>prae</strong></span> <span class='ocrx_word' id='word_1_813' title='bbox 2078 4663 2345 4731; x_wconf 90' lang='lat' dir='ltr'><strong>voluptate</strong></span> <span class='ocrx_word' id='word_1_814' title='bbox 2371 4662 2483 4715; x_wconf 90' lang='lat' dir='ltr'><strong>alas</strong></span> <span class='ocrx_word' id='word_1_815' title='bbox 2509 4662 2814 4716; x_wconf 86' lang='lat' dir='ltr'><strong>assumere?</strong></span> <span class='ocrx_word' id='word_1_816' title='bbox 2846 4665 2913 4715; x_wconf 82' lang='lat' dir='ltr'><strong>At</strong></span> <span class='ocrx_word' id='word_1_817' title='bbox 2944 4672 3087 4725; x_wconf 91' lang='lat' dir='ltr'><strong>Iu,ut</strong></span> <span class='ocrx_word' id='word_1_818' title='bbox 3127 4668 3487 4733; x_wconf 62' lang='lat' dir='ltr'><strong>praefecturam</strong></span> 
     </span>
    </p>
   </div>
   <div class='ocr_carea' id='block_1_111' title="bbox 1942 4749 3486 4825">
    <p class='ocr_par' dir='ltr' id='par_1_111' title="bbox 1942 4749 3486 4825">
     <span class='ocr_line' id='line_1_111' title="bbox 1942 4749 3486 4825; baseline 0.006 -20"><span class='ocrx_word' id='word_1_819' title='bbox 1942 4752 2275 4822; x_wconf 89' lang='lat' dir='ltr'><strong>adipiscaris,</strong></span> <span class='ocrx_word' id='word_1_820' title='bbox 2308 4765 2425 4818; x_wconf 77' lang='lat' dir='ltr'><strong>quae</strong></span> <span class='ocrx_word' id='word_1_821' title='bbox 2456 4749 2554 4803; x_wconf 92' lang='lat' dir='ltr'><strong>tibi</strong></span> <span class='ocrx_word' id='word_1_822' title='bbox 2586 4750 2842 4804; x_wconf 85' lang='lat' dir='ltr'><strong>furtorum</strong></span> <span class='ocrx_word' id='word_1_823' title='bbox 2884 4752 3189 4808; x_wconf 89' lang='lat' dir='ltr'><strong>occasiones</strong></span> <span class='ocrx_word' id='word_1_824' title='bbox 3214 4758 3443 4825; x_wconf 62' lang='lat' dir='ltr'><strong>prebeat</strong></span> <span class='ocrx_word' id='word_1_825' title='bbox 3469 4777 3486 4814; x_wconf 76' lang='lat' dir='ltr'><strong>z</strong></span> 
     </span>
    </p>
   </div>
   <div class='ocr_carea' id='block_1_112' title="bbox 1943 4840 3481 4913">
    <p class='ocr_par' dir='ltr' id='par_1_112' title="bbox 1943 4840 3481 4913">
     <span class='ocr_line' id='line_1_112' title="bbox 1943 4840 3481 4913; baseline 0.004 -16"><span class='ocrx_word' id='word_1_826' title='bbox 1943 4858 2048 4897; x_wconf 91' lang='lat' dir='ltr'><strong>non</strong></span> <span class='ocrx_word' id='word_1_827' title='bbox 2069 4842 2209 4896; x_wconf 90' lang='lat' dir='ltr'><strong>enim</strong></span> <span class='ocrx_word' id='word_1_828' title='bbox 2238 4840 2288 4894; x_wconf 92' lang='lat' dir='ltr'><strong>id</strong></span> <span class='ocrx_word' id='word_1_829' title='bbox 2316 4840 2520 4894; x_wconf 91' lang='lat' dir='ltr'><strong>lucrum</strong></span> <span class='ocrx_word' id='word_1_830' title='bbox 2542 4842 2807 4895; x_wconf 88' lang='lat' dir='ltr'><strong>vocarim:</strong></span> <span class='ocrx_word' id='word_1_831' title='bbox 2838 4851 2891 4895; x_wconf 91' lang='lat' dir='ltr'><strong>et</strong></span> <span class='ocrx_word' id='word_1_832' title='bbox 2912 4841 3184 4898; x_wconf 84' lang='lat' dir='ltr'><strong>facultates</strong></span> <span class='ocrx_word' id='word_1_833' title='bbox 3206 4848 3481 4913; x_wconf 85' lang='lat' dir='ltr'><strong>expendis,</strong></span> 
     </span>
    </p>
   </div>
   <div class='ocr_carea' id='block_1_113' title="bbox 1941 4929 3486 4998">
    <p class='ocr_par' dir='ltr' id='par_1_113' title="bbox 1941 4929 3486 4998">
     <span class='ocr_line' id='line_1_113' title="bbox 1941 4929 3486 4998; baseline 0.007 -15"><span class='ocrx_word' id='word_1_834' title='bbox 1941 4929 2006 4983; x_wconf 86' lang='lat' dir='ltr'><strong>ab</strong></span> <span class='ocrx_word' id='word_1_835' title='bbox 2034 4929 2253 4997; x_wconf 89' lang='lat' dir='ltr'><strong>aliisque</strong></span> <span class='ocrx_word' id='word_1_836' title='bbox 2282 4930 2555 4997; x_wconf 89' lang='lat' dir='ltr'><strong>mutuaris,</strong></span> <span class='ocrx_word' id='word_1_837' title='bbox 2588 4944 2649 4983; x_wconf 91' lang='lat' dir='ltr'><strong>ac</strong></span> <span class='ocrx_word' id='word_1_838' title='bbox 2673 4931 2715 4985; x_wconf 92' lang='lat' dir='ltr'><strong>si</strong></span> <span class='ocrx_word' id='word_1_839' title='bbox 2747 4939 2987 4998; x_wconf 75' lang='lat' dir='ltr'><strong>oporteat</strong></span> <span class='ocrx_word' id='word_1_840' title='bbox 3009 4932 3166 4985; x_wconf 89' lang='lat' dir='ltr'><strong>etiam</strong></span> <span class='ocrx_word' id='word_1_841' title='bbox 3194 4949 3411 4991; x_wconf 90' lang='lat' dir='ltr'><strong>uxorem</strong></span> <span class='ocrx_word' id='word_1_842' title='bbox 3435 4951 3486 4993; x_wconf 92' lang='lat' dir='ltr'><strong>et</strong></span> 
     </span>
    </p>
   </div>
   <div class='ocr_carea' id='block_1_114' title="bbox 1942 5020 3485 5091">
    <p class='ocr_par' dir='ltr' id='par_1_114' title="bbox 1942 5020 3485 5091">
     <span class='ocr_line' id='line_1_114' title="bbox 1942 5020 3485 5091; baseline 0.006 -18"><span class='ocrx_word' id='word_1_843' title='bbox 1942 5021 2136 5074; x_wconf 90' lang='lat' dir='ltr'><strong>liberos</strong></span> <span class='ocrx_word' id='word_1_844' title='bbox 2163 5020 2366 5089; x_wconf 89' lang='lat' dir='ltr'><strong>pignori</strong></span> <span class='ocrx_word' id='word_1_845' title='bbox 2396 5020 2521 5074; x_wconf 92' lang='lat' dir='ltr'><strong>dare</strong></span> <span class='ocrx_word' id='word_1_846' title='bbox 2570 5036 2675 5073; x_wconf 92' lang='lat' dir='ltr'><strong>non</strong></span> <span class='ocrx_word' id='word_1_847' title='bbox 2720 5021 2937 5085; x_wconf 89' lang='lat' dir='ltr'><strong>vereris,</strong></span> <span class='ocrx_word' id='word_1_848' title='bbox 2969 5035 3132 5091; x_wconf 84' lang='lat' dir='ltr'><strong>regno</strong></span> <span class='ocrx_word' id='word_1_849' title='bbox 3164 5034 3338 5079; x_wconf 89' lang='lat' dir='ltr'><strong>autem</strong></span> <span class='ocrx_word' id='word_1_850' title='bbox 3368 5042 3485 5082; x_wconf 74' lang='lat' dir='ltr'><strong>ca:-</strong></span> 
     </span>
    </p>
   </div>
   <div class='ocr_carea' id='block_1_115' title="bbox 1941 5110 3484 5183">
    <p class='ocr_par' dir='ltr' id='par_1_115' title="bbox 1941 5110 3484 5183">
     <span class='ocr_line' id='line_1_115' title="bbox 1941 5110 3484 5183; baseline 0.004 -19"><span class='ocrx_word' id='word_1_851' title='bbox 1941 5110 2110 5164; x_wconf 91' lang='lat' dir='ltr'><strong>lorum</strong></span> <span class='ocrx_word' id='word_1_852' title='bbox 2132 5110 2223 5163; x_wconf 88' lang='lat' dir='ltr'><strong>tibi</strong></span> <span class='ocrx_word' id='word_1_853' title='bbox 2246 5111 2534 5178; x_wconf 91' lang='lat' dir='ltr'><strong>proposito,</strong></span> <span class='ocrx_word' id='word_1_854' title='bbox 2556 5110 2879 5178; x_wconf 88' lang='lat' dir='ltr'><strong>imperioque</strong></span> <span class='ocrx_word' id='word_1_855' title='bbox 2904 5114 3223 5167; x_wconf 89' lang='lat' dir='ltr'><strong>successoris</strong></span> <span class='ocrx_word' id='word_1_856' title='bbox 3250 5129 3310 5167; x_wconf 88' lang='lat' dir='ltr'><strong>ex</strong></span> <span class='ocrx_word' id='word_1_857' title='bbox 3320 5128 3484 5183; x_wconf 84' lang='lat' dir='ltr'><strong>perte,</strong></span> 
     </span>
    </p>
   </div>
   <div class='ocr_carea' id='block_1_116' title="bbox 1941 5198 3480 5269">
    <p class='ocr_par' dir='ltr' id='par_1_116' title="bbox 1941 5198 3480 5269">
     <span class='ocr_line' id='line_1_116' title="bbox 1941 5198 3480 5269; baseline 0.002 -16"><span class='ocrx_word' id='word_1_858' title='bbox 1941 5199 2115 5268; x_wconf 82' lang='lat' dir='ltr'><strong>segnis</strong></span> <span class='ocrx_word' id='word_1_859' title='bbox 2143 5213 2229 5261; x_wconf 90' lang='lat' dir='ltr'><strong>es,</strong></span> <span class='ocrx_word' id='word_1_860' title='bbox 2261 5198 2473 5267; x_wconf 84' lang='lat' dir='ltr'><strong>refugis,</strong></span> <span class='ocrx_word' id='word_1_861' title='bbox 2498 5206 2550 5251; x_wconf 92' lang='lat' dir='ltr'><strong>et</strong></span> <span class='ocrx_word' id='word_1_862' title='bbox 2598 5198 2834 5266; x_wconf 89' lang='lat' dir='ltr'><strong>pecuniis</strong></span> <span class='ocrx_word' id='word_1_863' title='bbox 2880 5198 3048 5252; x_wconf 90' lang='lat' dir='ltr'><strong>inhias</strong></span> <span class='ocrx_word' id='word_1_864' title='bbox 3069 5199 3093 5250; x_wconf 76' lang='grc' dir='ltr'><strong><em></em></strong></span> <span class='ocrx_word' id='word_1_865' title='bbox 3117 5214 3213 5253; x_wconf 91' lang='lat' dir='ltr'><strong>nec</strong></span> <span class='ocrx_word' id='word_1_866' title='bbox 3256 5203 3480 5269; x_wconf 88' lang='lat' dir='ltr'><strong>cogitas,</strong></span> 
     </span>
    </p>
   </div>
   <div class='ocr_carea' id='block_1_117' title="bbox 1940 5288 3485 5357">
    <p class='ocr_par' dir='ltr' id='par_1_117' title="bbox 1940 5288 3485 5357">
     <span class='ocr_line' id='line_1_117' title="bbox 1940 5288 3485 5357; baseline 0.002 -14"><span class='ocrx_word' id='word_1_867' title='bbox 1940 5290 1985 5343; x_wconf 91' lang='lat' dir='ltr'><strong>si</strong></span> <span class='ocrx_word' id='word_1_868' title='bbox 2039 5289 2152 5343; x_wconf 71' lang='lat' dir='ltr'><strong>caeli</strong></span> <span class='ocrx_word' id='word_1_869' title='bbox 2204 5298 2380 5357; x_wconf 88' lang='lat' dir='ltr'><strong>partes</strong></span> <span class='ocrx_word' id='word_1_870' title='bbox 2435 5288 2566 5352; x_wconf 63' lang='lat' dir='ltr'><strong>illae,</strong></span> <span class='ocrx_word' id='word_1_871' title='bbox 2607 5302 2736 5357; x_wconf 90' lang='lat' dir='ltr'><strong>quas</strong></span> <span class='ocrx_word' id='word_1_872' title='bbox 2777 5290 3081 5357; x_wconf 91' lang='lat' dir='ltr'><strong>conspicere</strong></span> <span class='ocrx_word' id='word_1_873' title='bbox 3128 5291 3382 5357; x_wconf 89' lang='lat' dir='ltr'><strong>valemus,</strong></span> <span class='ocrx_word' id='word_1_874' title='bbox 3418 5294 3485 5347; x_wconf 87' lang='lat' dir='ltr'><strong>ita</strong></span> 
     </span>
    </p>
   </div>
   <div class='ocr_carea' id='block_1_118' title="bbox 1940 5376 3484 5447">
    <p class='ocr_par' dir='ltr' id='par_1_118' title="bbox 1940 5376 3484 5447">
     <span class='ocr_line' id='line_1_118' title="bbox 1940 5376 3484 5447; baseline 0.003 -18"><span class='ocrx_word' id='word_1_875' title='bbox 1940 5376 2192 5447; x_wconf 60' lang='lat' dir='ltr'><strong>pulchrae,</strong></span> <span class='ocrx_word' id='word_1_876' title='bbox 2239 5378 2310 5431; x_wconf 86' lang='lat' dir='ltr'><strong>ita</strong></span> <span class='ocrx_word' id='word_1_877' title='bbox 2354 5376 2596 5445; x_wconf 71' lang='lat' dir='ltr'><strong>jucunda:</strong></span> <span class='ocrx_word' id='word_1_878' title='bbox 2646 5385 2787 5442; x_wconf 90' lang='lat' dir='ltr'><strong>sunt,</strong></span> <span class='ocrx_word' id='word_1_879' title='bbox 2820 5389 3027 5445; x_wconf 68' lang='lat' dir='ltr'><strong>quantae</strong></span> <span class='ocrx_word' id='word_1_880' title='bbox 3056 5388 3205 5430; x_wconf 89' lang='lat' dir='ltr'><strong>erunt</strong></span> <span class='ocrx_word' id='word_1_881' title='bbox 3237 5379 3354 5433; x_wconf 73' lang='lat' dir='ltr'><strong>alia:</strong></span> <span class='ocrx_word' id='word_1_882' title='bbox 3403 5380 3484 5435; x_wconf 90' lang='lat' dir='ltr'><strong>his</strong></span> 
     </span>
    </p>
   </div>
   <div class='ocr_carea' id='block_1_119' title="bbox 1940 5468 2937 5537">
    <p class='ocr_par' dir='ltr' id='par_1_119' title="bbox 1940 5468 2937 5537">
     <span class='ocr_line' id='line_1_119' title="bbox 1940 5468 2937 5537; baseline 0 -16"><span class='ocrx_word' id='word_1_883' title='bbox 1940 5469 2263 5535; x_wconf 87' lang='lat' dir='ltr'><strong>superiores,</strong></span> <span class='ocrx_word' id='word_1_884' title='bbox 2288 5476 2539 5537; x_wconf 89' lang='lat' dir='ltr'><strong>quantum</strong></span> <span class='ocrx_word' id='word_1_885' title='bbox 2570 5468 2752 5521; x_wconf 63' lang='lat' dir='ltr'><strong>caelum</strong></span> <span class='ocrx_word' id='word_1_886' title='bbox 2779 5469 2889 5522; x_wconf 64' lang='lat' dir='ltr'><strong>caeli</strong></span> <span class='ocrx_word' id='word_1_887' title='bbox 2914 5469 2937 5521; x_wconf 85' lang='lat'><strong>?</strong></span> 
     </span>
    </p>
   </div>
   <div class='ocr_carea' id='block_1_120' title="bbox 2014 5554 3487 5626">
    <p class='ocr_par' dir='ltr' id='par_1_120' title="bbox 2014 5554 3487 5626">
     <span class='ocr_line' id='line_1_120' title="bbox 2014 5554 3487 5626; baseline 0.001 -18"><span class='ocrx_word' id='word_1_888' title='bbox 2014 5554 2376 5626; x_wconf 66' lang='lat' dir='ltr'><strong>[superatorum</strong></span> <span class='ocrx_word' id='word_1_889' title='bbox 2426 5556 2588 5610; x_wconf 80' lang='lat' dir='ltr'><strong>cultus</strong></span> <span class='ocrx_word' id='word_1_890' title='bbox 2625 5574 2737 5610; x_wconf 86' lang='lat' dir='ltr'><strong>cum</strong></span> <span class='ocrx_word' id='word_1_891' title='bbox 2765 5558 2947 5611; x_wconf 80' lang='lat' dir='ltr'><strong>Christi</strong></span> <span class='ocrx_word' id='word_1_892' title='bbox 2985 5566 3243 5612; x_wconf 75' lang='lat' dir='ltr'><strong>novissimo</strong></span> <span class='ocrx_word' id='word_1_893' title='bbox 3268 5562 3487 5613; x_wconf 77' lang='lat' dir='ltr'><strong>aduentu</strong></span> 
     </span>
    </p>
   </div>
   <div class='ocr_carea' id='block_1_121' title="bbox 1944 5649 3488 5718">
    <p class='ocr_par' dir='ltr' id='par_1_121' title="bbox 1944 5649 3488 5718">
     <span class='ocr_line' id='line_1_121' title="bbox 1944 5649 3488 5718; baseline -0.001 -14"><span class='ocrx_word' id='word_1_894' title='bbox 1944 5659 2277 5717; x_wconf 82' lang='lat' dir='ltr'><strong>comparatus.</strong></span> <span class='ocrx_word' id='word_1_895' title='bbox 2305 5678 2369 5688; x_wconf 92' lang='lat'><strong><em></em></strong></span> <span class='ocrx_word' id='word_1_896' title='bbox 2397 5649 2499 5703; x_wconf 90' lang='lat' dir='ltr'><strong>Sed</strong></span> <span class='ocrx_word' id='word_1_897' title='bbox 2529 5650 2649 5718; x_wconf 88' lang='lat' dir='ltr'><strong>quia</strong></span> <span class='ocrx_word' id='word_1_898' title='bbox 2677 5649 2941 5718; x_wconf 86' lang='lat' dir='ltr'><strong>corporeis</strong></span> <span class='ocrx_word' id='word_1_899' title='bbox 2970 5650 3132 5704; x_wconf 91' lang='lat' dir='ltr'><strong>oculis</strong></span> <span class='ocrx_word' id='word_1_900' title='bbox 3173 5650 3282 5703; x_wconf 81' lang='lat' dir='ltr'><strong>lucc</strong></span> <span class='ocrx_word' id='word_1_901' title='bbox 3306 5650 3488 5704; x_wconf 71' lang='lat' dir='ltr'><strong>videre</strong></span> 
     </span>
    </p>
   </div>
  </div>
