4112 6472
654 351 767 407 287

648 470 751 505 mm
808 448 949 511 licet,
1005 454 1180 500 mente
1234 440 1499 504 ascendc,
1546 448 1599 492 et
1648 451 1807 505 supra
1864 436 1964 488 hoc
2009 431 2195 486 ctelum

648 552 817 604 stans,
844 538 1048 607 respice
1074 537 1126 589 in
1152 533 1277 588 illud
1302 532 1546 600 superius
1568 528 1780 590 caelum,
1811 527 1864 580 in
1882 530 2197 583 immensam

644 628 994 689 altitudinem,
1023 626 1075 679 in
1101 624 1272 677 lucem
1302 622 1639 682 inaccessam,
1664 619 1715 671 in
1755 616 2055 684 angelorum
2104 628 2199 682 po-

657 720 825 789 pulos,
851 716 903 769 in
930 712 1361 782 archangelorum
1389 708 1635 770 ordines,
1679 713 1734 759 et
1763 704 1813 758 in
1856 704 1987 757 alias
2025 703 2198 756 incor-

653 822 840 877 poreas
876 806 1096 859 virtutes
1129 820 1142 855 :
1174 815 1235 855 ac
1276 814 1455 855 rursus
1487 798 1606 850 hinc
1646 794 1972 850 descendens
2021 792 2201 859 imagi-

654 912 772 950 nem
826 895 969 948 illam
1015 899 1245 945 nostram
1297 898 1553 942 terrenam
1600 886 1814 953 accipe,
1853 897 1915 936 ac
1964 880 2201 936 describe

652 986 783 1039 mihi
828 985 911 1037 illa
954 996 1070 1051 qua:
1114 988 1375 1034 terrenum
1431 977 1797 1045 Imperatorem
1844 973 2197 1033 circumstant,

653 1082 775 1143 puta
802 1073 943 1126 viros
968 1084 1098 1124 auro
1119 1070 1393 1123 decoratos
1412 1106 1427 1129 ,
1450 1066 1630 1133 jugum
1670 1063 1902 1116 albarum
1945 1062 2202 1113 mularum

653 1177 783 1216 auro
810 1169 1132 1221 ornatarum,
1162 1170 1376 1213 currum
1418 1153 1601 1221 lapillis
1626 1158 2040 1220 coagmentatum
2066 1188 2081 1214 ,
2127 1147 2202 1200 laâ€”

655 1251 828 1304 minas
856 1248 909 1301 iu
938 1246 1027 1301 illo
1055 1245 1271 1300 mobiles
1314 1253 1367 1297 et
1393 1243 1641 1311 agitatas,
1674 1240 1932 1294 dracones
1962 1239 2013 1290 in
2040 1237 2200 1290 vestio

652 1339 847 1393 mentis
892 1335 1074 1390 sericis
1121 1334 1391 1403 depictos,
1439 1332 1646 1398 aspidcs
1696 1331 1871 1383 aureis
1923 1329 2202 1383 instructas

654 1429 819 1483 oculis
842 1468 857 1491 ,
889 1439 1054 1495 equos
1082 1440 1213 1480 auro
1237 1434 1453 1481 ornatos
1476 1465 1491 1489 ,
1524 1422 1667 1475 frena
1694 1436 1871 1475 aurea.
1904 1421 1973 1474 At
1996 1419 2202 1487 quando

656 1518 1028 1585 Imperatorem
1054 1514 1311 1576 videmus,
1342 1512 1472 1565 nihil
1494 1526 1674 1564 eorum
1700 1511 1833 1563 ultra
1858 1508 2199 1576 respicimus:

654 1606 745 1659 ille
772 1605 963 1673 quippe
988 1604 1133 1658 solus
1159 1617 1252 1655 nos
1280 1602 1330 1654 in
1356 1615 1413 1655 sc
1440 1600 1731 1659 convertit;
1777 1612 1965 1667 nempe
2010 1611 2202 1665 purpu-

657 1707 749 1749 rea
786 1693 1114 1755 vestimenta,
1145 1689 1382 1743 diadema
1404 1729 1418 1751 ,
1452 1688 1598 1751 sella,
1625 1686 1801 1750 fibula,
1825 1686 2005 1749 calcei,
2032 1688 2202 1737 vultus

656 1782 927 1850 splendor.
958 1781 1050 1835 His
1086 1780 1329 1834 omnibus
1370 1778 1522 1834 simul
1548 1786 1789 1831 accurate
1820 1775 2107 1845 perpensis,
2136 1774 2203 1827 ab

655 1870 740 1930 his
766 1884 973 1924 rursum
1001 1869 1364 1938 cogitationem
1412 1866 1636 1921 transfer
1659 1865 1724 1918 ad
1754 1879 1999 1933 superna,
2031 1863 2201 1917 diein-

655 1974 759 2029 que
802 1959 1083 2013 terribilem
1127 1957 1293 2026 cogita
1318 1998 1334 2023 ,
1378 1973 1477 2026 qua
1516 1955 1753 2009 Christus
1781 1955 2041 2009 adveniet.
2088 1953 2201 2007 Non

657 2050 797 2103 enim
824 2048 1005 2118 jugum
1036 2048 1291 2103 mularum
1336 2054 1457 2101 tunc
1486 2046 1714 2110 videbis,
1762 2060 1866 2098 non
1893 2057 2077 2098 currus
2105 2058 2201 2096 au-

654 2153 810 2205 reos,
839 2151 943 2191 non
981 2135 1239 2191 dracones
1276 2145 1332 2190 et
1371 2134 1579 2203 aspides
1598 2174 1613 2198 ,
1644 2133 1735 2187 sed
1764 2132 1901 2201 quod
1928 2132 2203 2185 horrorem

654 2227 891 2291 incutiat,
911 2235 961 2278 et
982 2233 1179 2278 tantum
1199 2234 1466 2292 stuporem
1494 2222 1708 2290 iujiciat.
1735 2230 1795 2275 ut
1818 2221 2054 2274 caelestes
2075 2220 2201 2286 ipsa:

655 2314 874 2369 virtutes
898 2320 1038 2367 stent
1061 2313 1296 2368 attonita:
1322 2328 1335 2365 :
1362 2327 1478 2365 nam
1509 2310 1719 2362 Virtutes
1739 2310 1993 2371 caelorum,
2016 2309 2202 2376 inquit,

657 2402 1085 2463 commovebuntur
1120 2401 1344 2472 (Matth.
1374 2402 1462 2455 2i.
1489 2401 1559 2455 29
1580 2402 1621 2468 ).
1652 2401 1799 2454 Tunc
1824 2400 2011 2454 carium
2040 2408 2203 2453 totum

656 2493 949 2562 aperietur,
975 2491 1258 2546 descendet
1284 2506 1410 2545 vero
1438 2492 1735 2559 unigenitus
1765 2490 1857 2543 Dei
1883 2489 2067 2551 Filius,
2099 2503 2203 2541 non

656 2580 857 2649 viginti,
902 2594 1006 2639 non
1036 2588 1246 2635 centum
1296 2579 1607 2635 satellitibus
1632 2579 1875 2647 stipatus,
1908 2578 2002 2631 sed
2031 2578 2203 2631 mille-

657 2668 742 2722 nis
782 2677 835 2721 et
870 2666 1047 2721 decies
1087 2667 1273 2721 millies
1301 2668 1524 2721 millenis
1551 2667 1751 2734 angelis
1778 2675 1831 2719 et
1858 2664 2204 2733 archangelis.

658 2756 935 2823 omniaque
954 2765 1107 2809 erunt
1128 2757 1311 2809 timore
1327 2765 1379 2809 et
1399 2767 1596 2809 terrore
1618 2757 1791 2823 plena,
1808 2756 2026 2808 discissa
2048 2764 2205 2818 terra,

660 2845 1005 2911 omnibusque
1027 2843 1325 2897 hominibus
1342 2845 1408 2897 ab
1424 2845 1589 2904 Adam
1612 2859 1774 2913 usque
1794 2843 1861 2897 ad
1885 2844 2027 2897 illam
2046 2843 2205 2908 diem,

659 2949 727 3000 ex
756 2943 897 2987 terra
921 2932 1253 3001 surgentibus
1281 2941 1335 2987 et
1360 2934 1609 3001 abreptis,
1642 2935 1755 3001 ipso
1780 2948 1897 2987 cum
1928 2943 2067 2986 tanta
2092 2934 2207 3002 glo-

664 3022 743 3075 ria
773 3022 1005 3090 fulgente
1022 3060 1039 3086 ,
1065 3030 1124 3080 ut
1148 3022 1275 3075 solis
1299 3031 1352 3075 et
1377 3022 1511 3075 luna:
1543 3032 1700 3074 totam
1727 3023 1895 3076 lucem
1922 3023 2206 3084 occultent,

662 3111 823 3173 radiis
852 3112 953 3165 illis
976 3112 1139 3179 ipsam
1167 3113 1551 3179 superantibus.
1580 3112 1703 3177 Sed,
1732 3114 1831 3167 heu
1858 3128 1963 3177 me,
1985 3122 2211 3181 quantus

662 3208 846 3268 stupor
875 3201 990 3265 ille,
1017 3214 1135 3253 cum
1166 3201 1284 3253 talia
1314 3210 1674 3268 exspectantes
1702 3204 1836 3257 bona
1867 3204 2212 3271 praesentibus

664 3290 926 3342 inhiamus
944 3327 960 3353 ,
1008 3303 1105 3342 nec
1132 3290 1423 3359 cogitamus
1451 3290 1640 3345 diaboli
1671 3292 1929 3345 vafritiem
1951 3332 1965 3354 ,
1993 3294 2080 3359 qui
2121 3308 2214 3361 per

666 3392 753 3442 res
780 3377 891 3430 illas
923 3376 1136 3445 exiguas
1162 3378 1363 3446 magnis
1392 3393 1486 3431 nos
1513 3380 1680 3446 privat
1704 3380 1875 3443 bonis,
1910 3380 1998 3433 dat
2024 3382 2211 3446 lutum,

666 3474 724 3518 ut
749 3465 972 3533 abripiat
996 3466 1203 3529 caalum,
1233 3466 1466 3520 umbram
1493 3466 1725 3534 exhibet,
1754 3477 1811 3521 ut
1834 3469 2060 3535 expellat
2078 3470 2213 3522 veri-

666 3564 848 3619 tatem,
878 3564 1031 3623 atque
1057 3557 1108 3608 in
1129 3556 1344 3609 somniis
1363 3571 1550 3609 vanam
1571 3557 1801 3611 ostendit
1825 3572 2067 3627 pompam
2091 3560 2216 3625 (hoc

665 3646 806 3700 enim
850 3654 971 3698 sunt
998 3654 1284 3712 praesentes
1317 3645 1545 3714 divitias)
1568 3687 1583 3709 ,
1612 3658 1694 3710 ut,
1734 3647 2047 3701 adveniente
2077 3648 2212 3715 luce,

667 3750 765 3789 nos
806 3734 1038 3788 omnium
1068 3735 1425 3802 pauperrimus
1452 3734 1714 3788 exhibeat.
1757 3735 1883 3800 Qum
1921 3750 2038 3788 cum
2080 3738 2215 3789 scia-

670 3840 786 3878 mus
806 3864 820 3889 ,
852 3824 1029 3878 dilecti
1054 3864 1068 3888 ,
1097 3824 1208 3890 ejus
1233 3823 1409 3875 dolum
1440 3823 1696 3892 fugiamus
1719 3865 1735 3890 ,
1767 3825 1818 3877 id
1846 3826 2009 3878 vitare
2061 3840 2215 3878 cure-

671 3929 809 3977 mus,
842 3928 907 3967 ne
935 3927 1052 3966 cum
1085 3912 1173 3965 illo
1198 3911 1505 3965 damnemur
1524 3952 1540 3975 ,
1569 3928 1635 3965 ne
1664 3912 1813 3966 nobis
1837 3913 2004 3967 iudex
2036 3913 2173 3967 dicat
2201 3933 2215 3966 :

668 4004 918 4056 Discedite
942 4018 972 4053 a
997 4017 1104 4065 me,
1134 4001 1417 4065 maledicti,
1450 4003 1502 4055 in
1528 4003 1689 4070 ignem
1716 4013 1955 4056 wternum
1985 4013 2216 4072 paratum

668 4093 865 4145 diabolo
890 4100 935 4144 et
962 4092 1155 4160 angelis
1183 4093 1289 4158 ejus
1319 4090 1528 4157 (Matth.
1556 4091 1644 4145 ÎµÎ´.
1670 4094 1729 4146 Î¹Î¹
1755 4094 1795 4162 ).

738 4182 790 4234 7.
830 4183 897 4234 At
925 4180 1181 4248 benignus
1205 4188 1284 4231 est
1314 4180 1480 4242 Deus;
1515 4179 1564 4231 id
1596 4195 1697 4232 non
1729 4182 1965 4244 accidet,
1991 4183 2215 4250 inquies.

669 4271 877 4337 Ergone
907 4274 1095 4321 frustra
1126 4269 1375 4335 scriptum
1405 4268 1525 4322 est?
1555 4269 1890 4338 Nequaquam
1909 4310 1923 4333 ,
1951 4272 2093 4334 aies;
2124 4272 2216 4325 sed

668 4360 734 4413 ad
763 4358 1219 4412 comminationem
1246 4360 1435 4421 solum,
1466 4369 1524 4413 ut
1561 4361 1951 4429 resipiscamus.
1982 4363 2035 4417 Si
2065 4363 2219 4430 igitur

668 4464 772 4508 non
794 4450 1177 4517 resipiscamus,
1206 4450 1296 4503 sed
1318 4450 1540 4518 improbi
1569 4466 1891 4517 maneamus,
1920 4470 2114 4519 nonne,
2136 4456 2221 4508 die

668 4539 816 4601 mihi,
835 4538 1140 4605 supplicium
1164 4538 1371 4592 inferet?
1396 4540 1531 4607 Ergo
1560 4555 1729 4609 neque
1758 4542 1905 4595 bonis
1925 4546 2218 4599 mercedem

668 4627 962 4681 retribuet?
1012 4626 1306 4691 Retribuet,
1337 4629 1538 4695 inquies
1566 4646 1581 4683 :
1612 4631 1660 4682 id
1691 4632 1827 4684 enim
1850 4632 2017 4699 ipsum
2044 4634 2215 4699 decet,

668 4717 825 4770 etiam
852 4730 1007 4782 supra
1032 4716 1271 4768 meritum
1295 4716 1544 4771 beneficia
1585 4718 1842 4774 conferre.
1881 4720 2005 4773 Haec
2047 4722 2220 4791 itaque

669 4822 790 4861 vera
820 4816 960 4869 sunt,
988 4816 1040 4860 et
1057 4821 1270 4874 prorsus
1296 4808 1535 4860 evenient
1566 4827 1578 4860 :
1609 4825 1723 4877 qua:
1745 4819 1915 4865 autem
1938 4813 2001 4864 ad
2018 4814 2218 4881 suppli-

670 4900 748 4951 cia
773 4898 1013 4958 attinent,
1037 4898 1393 4963 nequaquam?
1420 4896 1461 4951 ÎŸ
1484 4898 1694 4950 multam
1716 4900 1904 4954 diaboli
1928 4901 2213 4955 vafritiem!

672 5004 704 5041 Î¿
724 4986 1056 5039 inhumanam
1071 4986 1185 5051 ejus
1207 4985 1611 5041 humanitatem!
1645 4988 1808 5057 Ipsius
1837 4992 1972 5045 enim
2003 5002 2083 5045 est
2108 4993 2218 5047 haec

671 5076 934 5145 cogitatio,
962 5084 1019 5128 ut
1042 5076 1259 5144 gratiam
1309 5076 1545 5130 conferat
1584 5078 1816 5133 inutilem
1868 5088 1921 5134 et
1950 5084 2218 5149 segniores

668 5166 873 5221 reddat.
902 5164 1029 5231 Quia
1054 5165 1202 5218 novit
1227 5166 1388 5228 enim,
1416 5168 1652 5235 supplicii
1675 5178 1889 5231 metum,
1930 5186 2023 5223 ceu
2050 5173 2216 5239 quod-

670 5256 790 5308 dam
818 5255 1043 5318 frenum,
1079 5254 1126 5307 id
1152 5263 1397 5322 praastare
1434 5265 1493 5307 ut
1514 5258 1699 5310 animis
1727 5272 1975 5327 angamur
2004 5268 2059 5313 et
2080 5275 2107 5312 a
2136 5262 2213 5314 vi-

672 5343 759 5394 tiis
801 5342 1143 5405 retrahamur,
1177 5342 1304 5395 nihil
1347 5358 1446 5395 non
1485 5346 1589 5410 agit
1629 5355 1681 5399 et
1718 5347 1957 5409 molitur,
2002 5356 2057 5400 ut
2092 5350 2212 5403 illud

676 5431 925 5483 radicitus
950 5432 1154 5493 erellat,
1184 5445 1288 5499 quo
1313 5430 1519 5483 demum
1559 5434 1671 5486 sine
1700 5437 1885 5488 timore
1914 5450 2005 5502 per
2033 5440 2212 5503 Î¹Î¹Î¹-Î±Î´Îµá½·-

675 5518 795 5584 pitia
841 5517 1089 5570 feramur.
1132 5518 1404 5581 Quomodo
1435 5519 1588 5586 igitur
1624 5521 1767 5574 illum
1807 5525 2211 5590 superabimus?

676 5606 1019 5675 Quacumque
1048 5623 1109 5661 ex
1157 5608 1437 5676 Scripturis
1467 5608 1777 5677 proferimus
1805 5613 1980 5667 dicent
2019 5616 2078 5675 ii.
2120 5622 2206 5685 qui

1377 331 1432 386 S.
1472 325 1741 384 JOANNIS
1764 322 2228 380 CIIRYSOSTOMI
2267 321 2575 379 ARCIHEP.
2617 325 3142 389 CONSTANTINOP.

3755 360 3867 414 288

2312 433 2695 500 contradicunt,
2726 438 3149 494 comminationis
3176 455 3330 493 causa
3366 444 3553 511 scripta
3580 460 3719 501 esse.
3755 447 3858 503 Ve-

2308 534 2423 572 rum
2451 518 2501 574 id
2522 521 2587 576 de
2616 522 2801 577 futuris
2831 526 2964 580 forte
2982 527 3159 583 dicere
3188 531 3407 597 possint,
3438 535 3534 586 etsi
3575 534 3860 593 admodum

2305 609 2497 677 impie;
2525 611 2591 666 de
2619 616 2897 679 praeteritis
2922 632 3069 681 vero,
3099 618 3266 687 deque
3298 621 3360 673 iis
3398 638 3514 690 qua:
3550 623 3659 691 jam
3686 625 3859 680 conti-

2305 710 2621 767 gerunt,non
2650 703 2794 756 item.
2820 703 3202 775 lnterrogemus
3228 709 3382 778 igitur
3395 724 3485 763 eos
3518 729 3530 763 :
3559 713 3863 771 Audistisno

2305 787 2371 841 de
2397 788 2611 855 diluvio,
2642 791 2814 860 deque
2843 794 3070 862 pernicie
3095 795 3181 849 illa
3210 799 3527 853 universali?
3554 817 3675 855 num
3699 804 3859 858 etiam

2306 876 2431 930 illud
2457 879 2877 936 comminationis
2900 897 3053 937 causa
3077 884 3271 940 dictum
3295 887 3498 941 fuerat?
3525 905 3697 945 annon
3724 908 3859 947 con-

2307 967 2441 1035 tigit,
2472 978 2524 1022 et
2552 968 2602 1021 in
2634 970 2828 1024 exitum
2853 970 3133 1027 deductum
3164 976 3283 1028 est?
3308 990 3483 1031 nonne
3512 978 3561 1031 id
3578 979 3862 1035 testiï¬can-

2307 1064 2393 1110 tur
2415 1058 2678 1113 Armeniae
2721 1069 2947 1127 montes,
2978 1062 3065 1118 ubi
3113 1078 3231 1118 arca
3261 1067 3537 1120 consedit?
3566 1082 3738 1123 annon
3772 1085 3861 1125 re-

2306 1144 2479 1214 liquis:
2530 1148 2645 1214 ejus
2691 1148 2797 1203 illic
2857 1149 3110 1207 hactenus
3167 1165 3445 1208 servantur
3499 1156 3561 1208 ad
3624 1167 3860 1211 nostram

2306 1233 2713 1290 admonitionem
2741 1237 3085 1307 (a)?Similia
3130 1248 3257 1295 tunc
3298 1243 3449 1295 nmlti
3494 1243 3756 1309 dicebant,
3799 1261 3861 1299 ac

2307 1341 2400 1394 per
2420 1336 2628 1379 centum
2683 1342 2851 1383 annos
2902 1328 3027 1383 dum
3074 1347 3191 1385 arca
3245 1343 3675 1398 coustrueretur,
3722 1336 3861 1403 ligna

2306 1423 2624 1483 aptarentur,
2654 1417 2929 1488 iustusque
2948 1420 3213 1484 clamaret,
3245 1438 3398 1477 nemo
3420 1433 3533 1478 erat
3556 1427 3643 1493 qui
3672 1425 3860 1479 erede~

2306 1512 2387 1557 ret
2419 1520 2433 1557 :
2463 1506 2552 1559 sed
2582 1508 2701 1575 quia
2732 1522 2834 1562 non
2877 1510 3211 1565 crediderunt
3248 1514 3638 1569 comminationi
3665 1515 3862 1569 verbo-

2305 1607 2443 1658 rum,
2476 1594 2726 1649 ultionem
2760 1608 2981 1666 rcpente
3008 1614 3070 1653 ac
3099 1602 3271 1669 reipsa
3297 1603 3587 1657 subierunt.
3613 1604 3772 1673 Atqui
3791 1605 3859 1667 is,

2306 1681 2393 1748 qui
2425 1691 2621 1736 tantum
2648 1684 2773 1752 ipsis
2793 1687 3102 1755 supplicium
3131 1689 3324 1756 intulit,
3348 1705 3520 1745 annon
3548 1692 3716 1745 multo
3745 1708 3863 1745 ma-

2302 1769 2387 1837 jus
2440 1772 2591 1826 nobis
2620 1772 2846 1827 inferet?
2871 1789 2972 1828 non
3000 1778 3143 1831 enim
3172 1779 3370 1832 minora
3403 1791 3525 1832 sunt
3560 1780 3672 1833 [nec
3710 1781 3863 1835 malis

2306 1858 2447 1913 illius
2474 1861 2740 1928 temporis.
2761 1862 2907 1916 Tunc
2929 1865 3121 1918 illicitis
3145 1867 3371 1920 coitibus
3388 1881 3602 1936 operam
3631 1868 3861 1922 dabant:

2307 1964 2427 2003 nam
2458 1949 2678 2019 lngressi
2704 1964 2839 2020 sunt,
2870 1956 3054 2025 inquit,
3099 1958 3195 2024 ï¬lii
3238 1958 3331 2011 Dei
3356 1960 3423 2013 ad
3446 1960 3581 2026 ï¬lias
3607 1962 3866 2015 hominum

2308 2037 2454 2105 (Gen.
2483 2038 2533 2094 6.
2562 2040 2617 2109 2)
2646 2058 2659 2092 :
2685 2057 2825 2096 nunc
2867 2054 3042 2099 autem
3090 2046 3291 2101 nullum
3333 2059 3415 2103 est
3460 2063 3627 2117 genus
3655 2053 3864 2118 peccati

2307 2127 2443 2195 quod
2471 2138 2613 2183 retro
2634 2133 2977 2201 relinquatur.

2378 2217 2702 2272 Maledictum
2754 2220 3090 2277 Sodomorum
3141 2242 3239 2279 non
3279 2230 3511 2296 temporis
3559 2229 3721 2295 spatio
3772 2229 3866 2282 de-

2309 2308 2478 2363 letum.
2525 2338 2595 2348 â€”
2639 2308 2868 2376 Verum,
2896 2314 2940 2364 si
2981 2314 3183 2380 placet,
3227 2315 3292 2368 ad
3335 2316 3435 2369 alia
3488 2318 3726 2385 supplicii
3771 2333 3866 2387 ge-

2310 2411 2433 2450 nera
2462 2413 2758 2453 sermonem
2787 2412 3181 2469 convertamus,
3219 2412 3276 2457 ut
3304 2421 3367 2459 ex
3396 2407 3670 2474 prmteritis
3696 2407 3871 2461 futura.

2308 2486 2605 2541 credantur.
2663 2488 2796 2541 Num
2848 2490 2965 2557 quis
3014 2502 3241 2546 vestrum
3292 2509 3537 2562 umquam
3591 2495 3641 2548 in
3696 2496 3869 2549 Palat-

2308 2574 2495 2627 stinam
2539 2577 2895 2644 peregrinatus
2938 2579 3055 2633 est?
3084 2580 3207 2633 Mihi
3247 2583 3455 2649 quidem
3504 2584 3729 2637 videtur.
3765 2583 3869 2636 Vos

2309 2676 2435 2731 ergo
2476 2664 2733 2719 dictorum
2777 2668 2982 2721 veritati
3023 2670 3372 2724 testimonium
3420 2670 3571 2724 ferte.
3615 2671 3743 2724 Nam
3792 2672 3865 2723 ul-

2312 2760 2389 2803 tra
2420 2752 2739 2815 Ascalonem,
2758 2764 2810 2808 et
2848 2756 3038 2809 Gazam
3083 2758 3146 2811 ad
3187 2759 3353 2827 ipsum
3402 2771 3719 2828 postremum
3751 2761 3863 2814 Jor-

2310 2838 2461 2893 danis
2505 2841 2643 2896 ï¬‚uvii
2676 2846 2953 2898 terminum
3000 2856 3113 2900 crat
3148 2849 3387 2915 qua-dam
3413 2851 3559 2919 regio
3586 2866 3772 2919 magna
3818 2860 3867 2904 et

2311 2929 2650 2997 feracissima,
2676 2948 2792 3002 quae
2833 2950 2952 2989 cum
2992 2938 3233 3005 paradiso
3272 2940 3363 2993 Dei
3392 2950 3697 2994 concertare
3750 2955 3868 3008 pos-

2312 3029 2393 3073 set
2425 3035 2438 3069 :
2468 3035 2587 3073 nam
2640 3020 2792 3085 Vidit,
2825 3025 3011 3092 inquit,
3044 3025 3138 3078 Lot
3177 3042 3369 3079 omnem
3408 3028 3655 3097 reginam
3685 3029 3870 3080 circum

2313 3110 2603 3176 Iordanem,
2646 3129 2757 3179 qua:
2798 3114 3099 3182 irrigubatur
3121 3118 3262 3185 quasi
3290 3117 3555 3186 paradisus
3579 3116 3674 3170 Dei
3702 3119 3720 3186 (
3743 3116 3869 3172 Gen.

2316 3201 2401 3253 15.
2437 3201 2546 3269 10).
2580 3202 2766 3255 Verum
2812 3203 2926 3257 lucc
2970 3220 3109 3259 nunc
3150 3215 3232 3260 est
3273 3207 3507 3260 omnium
3536 3208 3872 3261 desertorum

2315 3287 2690 3343 desertissima.
2721 3291 2871 3344 Stant
2897 3294 3035 3346 enim
3056 3294 3293 3360 arbores,
3317 3305 3369 3348 et
3398 3296 3619 3350 fructum
3650 3295 3869 3359 habent,

2316 3385 2370 3429 at
2409 3376 2608 3457 fructus
2650 3379 2737 3432 ille
2780 3380 2871 3432 ira:
2916 3380 3105 3434 divina:
3154 3383 3529 3435 monimentum
3580 3392 3679 3436 est.
3723 3383 3872 3438 Stant

2316 3467 2671 3534 malogranata
2702 3469 2973 3535 splendida
3007 3469 3139 3525 facie
3166 3486 3311 3540 spem
3354 3472 3544 3526 bonam
3582 3474 3872 3542 ignoranti-

2318 3554 2415 3608 bus
2468 3555 2750 3621 prtebcntia
2774 3596 2789 3620 ,
2829 3557 3069 3611 manibus
3094 3568 3269 3613 autem
3309 3570 3522 3628 accepta
3572 3570 3626 3613 et
3670 3560 3871 3622 fracta,

2318 3641 2544 3700 fructum
2574 3645 2787 3712 quidem
2812 3647 3041 3711 nullum,
3089 3648 3180 3701 sed
3232 3648 3496 3717 pulverem
3538 3650 3874 3718 cineremque

2319 3734 2537 3786 multum
2566 3735 2705 3787 intus
2736 3737 2961 3803 positum
2987 3737 3255 3792 exhibent.
3285 3739 3424 3792 Talis
3446 3750 3526 3793 est
3552 3750 3710 3803 terra,
3745 3742 3874 3793 tales

2320 3820 2540 3888 lapides,
2570 3823 2684 3874 talis
2710 3824 2823 3890 ipse
2851 3839 2960 3876 aer.
2992 3825 3178 3878 Omnia
3201 3827 3408 3879 incensa
3430 3838 3553 3879 sunt
3585 3869 3598 3890 ,
3624 3830 3801 3880 omnia
3824 3830 3874 3881 in

2320 3910 2551 3964 cinerem
2577 3910 2810 3974 redacta,
2840 3922 3189 3981 pmtcrquam
3219 3914 3309 3966 irae
3344 3917 3685 3979 monimenta,
3716 3916 3873 3969 futuri

2324 3999 2566 4065 supplicii
2587 3997 2797 4053 indicia.
2827 3999 2959 4053 Num
2987 4010 3039 4054 et
3069 4002 3183 4055 haec
3198 4011 3321 4055 sunt
3348 4004 3626 4057 verborum
3648 4005 3873 4057 commi-

2322 4087 2600 4143 nationes?
2628 4103 2755 4142 num
2785 4098 2838 4143 et
2866 4088 2979 4143 haec
3006 4104 3307 4144 sermonum
3339 4092 3628 4161 strepitus?
3661 4091 3717 4147 Si
3760 4095 3875 4161 quis

2323 4194 2426 4231 non
2448 4179 2616 4233 credit
2632 4178 2908 4247 gebennm,
2936 4180 3218 4235 Sodomam
3261 4183 3492 4250 cogitet,
3525 4183 3873 4238 Gomorrbam

2323 4282 2500 4321 secum
2545 4277 2782 4335 reputet,
2833 4270 3141 4336 supplicium
3186 4271 3426 4324 videlicet
3462 4271 3571 4339 jam
3609 4284 3875 4341 sumptunt

2323 4365 2375 4407 et
2402 4356 2652 4407 hactenus
2677 4370 2913 4408 manens.
2949 4356 3001 4409 ld
3028 4357 3167 4424 quod
3201 4357 3375 4411 divina
3415 4358 3681 4427 Scriptura
3718 4376 3875 4413 enar-

2324 4459 2445 4497 rans
2466 4444 2531 4497 de
2550 4445 2799 4512 sapientia
2828 4446 2905 4499 sic
2932 4446 3162 4514 loquitur
3190 4466 3202 4500 :
3239 4448 3361 4503 llas
3376 4452 3590 4517 justum,
3626 4456 3875 4517 pereunti-

2324 4535 2413 4586 bus
2438 4535 2621 4601 impiis,
2660 4535 2880 4587 liberavit
2917 4537 3183 4604 fugientem
3212 4539 3587 4592 descendentem
3620 4541 3789 4610 ignem
3826 4544 3874 4594 in

2325 4623 2639 4692 Pentapolim
2668 4624 2820 4693 (Sap.
2852 4625 2934 4679 10.
2964 4626 3015 4679 6.
3043 4628 3119 4694 7).
3149 4627 3269 4682 "me
3295 4629 3454 4682 etiam
3483 4645 3619 4684 nunc
3650 4630 3711 4683 In
3745 4633 3876 4686 testi-

2322 4715 2537 4766 monium
2563 4714 2788 4781 nequitia
2809 4715 3060 4783 fumigans
3078 4726 3174 4768 stat
3194 4717 3383 4769 deserta
3408 4728 3538 4770 terra
3556 4760 3569 4781 ,
3602 4730 3648 4772 et
3684 4720 3874 4774 incerto

2322 4811 2536 4868 tempore
2560 4807 2749 4869 [ructus
2773 4804 3003 4855 arborum
3031 4807 3225 4858 emittit.
3252 4806 3476 4861 Necesse
3516 4819 3685 4862 autem
3720 4823 3803 4865 est
3826 4821 3874 4863 et

2322 4912 2531 4951 causam
2562 4900 2738 4953 dicere
2764 4901 2831 4953 ob
2863 4916 3017 4967 quam
3052 4902 3174 4954 talia
3215 4903 3351 4970 passi
3386 4912 3526 4958 sunt.
3560 4904 3734 4959 Unum
3763 4915 3874 4959 erat

2321 5001 2501 5041 eorum
2525 4990 2711 5049 scelus,
2724 5002 2884 5055 grave
2896 4990 3101 5055 quidem
3129 5001 3183 5043 et
3213 4992 3620 5055 exsecrandum;
3644 5002 3871 5046 attamen

2321 5091 2502 5129 Unum.
2530 5077 2790 5130 lnsanoin
2833 5092 3023 5143 pueros
3067 5094 3245 5133 amore
3288 5080 3618 5143 ferebantur,
3653 5083 3872 5150 ideoque

2321 5166 2471 5233 ignea
2525 5166 2707 5235 pluvia
2744 5167 3002 5219 combusti
3040 5177 3197 5221 sunt:
3232 5185 3370 5224 nunc
3412 5181 3582 5223 autem
3621 5180 3869 5225 sexcenta

2320 5270 2460 5322 parta
2487 5266 2539 5308 ct
2562 5256 2804 5323 graviora
2837 5267 3222 5323 perpetrantur,
3256 5273 3425 5327 neque
3451 5260 3551 5313 tale
3571 5262 3865 5316 incendium

2320 5352 2632 5398 immittitur.
2665 5344 2875 5408 Quare?
2898 5345 3027 5411 Quia
3064 5346 3197 5399 alius
3239 5348 3372 5415 ignis
3401 5358 3727 5416 prmparatus
3754 5360 3863 5413 est,

2318 5450 2597 5503 numquam
2627 5435 3054 5501 cxstiugucudus.
3079 5436 3350 5500 Quomodo
3377 5438 3515 5491 enim
3540 5438 3627 5505 qui
3650 5452 3746 5506 pro
3766 5454 3863 5491 uno

2376 5567 2446 5625 (Î±)
2471 5563 2691 5629 neliquiae
2715 5576 2833 5629 arcae
2858 5573 2949 5613 Noe
2974 5572 3188 5626 tempore
3212 5565 3527 5629 Chrysostomi
3553 5567 3603 5615 in
3626 5568 3862 5617 montibus

2317 5628 2553 5677 Armenia)
2574 5625 2897 5673 servabantur.
