4062 6466
195 349 308 407 287

172 451 373 515 ἁκεῖνος
414 454 521 524 γάρ
562 457 707 525 ἡμᾶς
750 458 1059 529 ἐπιστρέφει
1092 463 1275 532 μόνος,
1318 469 1409 519 καὶ
1441 467 1511 521 τά
1559 472 1805 539 πορφυρᾶ

201 547 376 615 βάτια,
402 550 578 603 καὶτὸ
605 552 855 622 διάδημα,
886 556 976 609 καὶ
1013 558 1044 626 ἡ
1085 560 1338 629 καθέδρα,
1382 566 1474 616 καὶ
1518 565 1551 633 ἡ
1583 568 1799 635 περόνη,

174 642 272 692 καὶ
304 642 367 695 τὰ
400 644 730 714 ὑποδήματα,
758 650 905 718 καὶὴ
938 651 1033 719 τῆς
1066 653 1239 721 ὅψεως
1274 655 1586 725 λαμπηδὼν.
1623 661 1804 714 Ταῦτα

173 730 269 788 οὖν
304 738 511 792 ἅπαντα
543 744 855 810 συναγαγὼν
899 747 1154 816 ἀκριόῶς,
1203 750 1307 802 ἀπὸ
1333 753 1532 807 τούτων
1581 758 1807 822 μετάθες

174 830 332 883 πάλιν
360 833 449 886 ἐπὶ
482 836 548 887 τά
575 836 683 889 ἄνω
716 838 803 890 τὸν
830 839 1101 910 λογισμὸν,
1138 846 1230 896 καὶ
1257 844 1355 914 τὴν
1384 847 1592 916 ἡμέραν
1626 852 1805 920 ἐννόη‹

176 940 271 977 αον
306 926 397 995 τὴν
441 929 690 1000 φοϐεράν,
734 933 852 986 καθ’
895 935 961 1003 ἡν
998 938 1025 988 6
1058 938 1282 1006 Χριστὸς
1315 944 1690 1011 παραγίνεται.
1724 948 1796 999 Ού

174 1020 283 1088 γὰρ
321 1020 507 1090 ζεῦγος
548 1027 781 1095 ἡμιόνων
817 1030 931 1098 ὄψει
968 1034 1105 1096 τότε,
1154 1037 1268 1089 οὐδὲ
1309 1040 1554 1108 ὀχήματα
1594 1046 1802 1111 χρυσᾶ,

172 1112 291 1166 om
326 1116 615 1184 δράκοντας
646 1122 737 1173 καὶ
768 1123 1011 1187 ἀσπίδας.
1041 1128 1152 1179 ἀλλ’
1178 1130 1206 1182 6
1250 1132 1443 1203 πολλῆς
1482 1136 1639 1203 γέμει
1681 1139 1804 1207 φρί-

174 1222 297 1275 κης,
330 1212 417 1261 καὶ
443 1214 703 1281 τοσαύτην
728 1217 941 1285 ἐμποιεῖ
973 1221 1070 1288 τὴν
1096 1221 1366 1286 ἔκστασιν,
1410 1229 1485 1290 ώς
1516 1230 1609 1281 καὶ
1640 1231 1805 1292 αὑτὰς

175 1301 502 1373 ἐκπλαγῆναι
528 1308 626 1370 τάς
663 1311 939 1379 οὐρανίους
976 1316 1254 1385 δυνάμεις·
1286 1324 1354 1373 Al
1388 1323 1494 1391 γάρ
1528 1324 1805 1392 δυνάμεις

176 1394 295 1446 τῶν
320 1400 599 1464 οὐρανῶν,
628 1405 776 1471 φησὶ,
798 1410 1293 1475 σαλευθήσονται.
1330 1412 1477 1485 [Ξθϐ]
1505 1420 1635 1471 Τότε
1670 1420 1805 1472 ἀνοί⁶

175 1500 329 1551 τεται
366 1493 460 1557 μὲν
498 1493 638 1556 ἄπας
661 1496 689 1548 6
716 1499 965 1566 οὐρανὸς,
1007 1503 1212 1557 κάτεισι
1246 1506 1299 1558 δὲ
1326 1510 1353 1560 6
1387 1512 1672 1581 μονογενὴς
1710 1515 1801 1567 τοῦ

175 1579 309 1633 Θεοῦ
349 1585 492 1648 Υίδς,
517 1588 615 1640 οὐκ
656 1592 844 1654 είκοσι,
874 1594 990 1646 οὐδὲ
1020 1596 1207 1648 ἑκατὸν
1235 1579 1663 1671 δορυφορούντων
1704 1606 1803 1658 αὕ-

174 1672 283 1737 τδν,
324 1678 451 1730 ἀλλά
479 1682 723 1748 χιλιάδων
756 1687 845 1738 καὶ
880 1690 1150 1757 μυριάδων
1176 1692 1414 1759 ἀγγέλων
1451 1713 1509 1747 τε
1546 1698 1636 1749 καὶ
1668 1700 1802 1768 ἀρχ-

174 1771 451 1834 αγγέλων,
494 1776 583 1826 καὶ
627 1778 799 1831 πάντα
842 1780 991 1834 ἔσται
1045 1784 1204 1850 φόϐου
1246 1789 1336 1839 καὶ
1371 1790 1565 1859 τρόμου
1602 1792 1796 1860 μεστὰ,

170 1863 270 1931 τῆς
300 1866 399 1931 γῆς
424 1868 918 1944 ἀναρρηγνυμένης,
959 1879 1051 1930 καὶ
1096 1880 1202 1931 τῶν
1245 1882 1459 1936 πώποτε
1502 1888 1801 1955 γενομένων

170 1954 488 2024 ἀνθρώπων,
530 1963 587 2028 ἐξ
634 1957 694 2017 οὗ
726 1967 942 2035 γέγονεν
982 1973 1009 2024 6
1048 1975 1213 2044 Ἀδὰμ
1260 1978 1417 2047 μέχρι
1462 1981 1558 2049 τῆς
1592 1983 1802 2052 ἡμέρας

170 2050 403 2119 ἐκείνης,
430 2056 536 2109 ἀπὸ
572 2060 671 2127 γῆς
698 2062 1082 2133 ἀνισταμένων,
1128 2074 1219 2123 καὶ
1255 2050 1663 2144 ἁρπαζομένων,
1705 2050 1802 2131 αὑ·-

167 2144 261 2195 τοῦ
306 2149 441 2213 μετά
485 2154 745 2225 τοσαύτης
782 2162 1094 2230 φαινομένου
1126 2166 1309 2233 δόξης,
1354 2169 1491 2222 ὥστε
1529 2172 1617 2224 τὸν
1657 2173 1803 2246 ἥλιον

171 2241 262 2292 καὶ
288 2242 387 2311 τὴν
428 2247 652 2319 σελήνην
686 2254 826 2307 ἀπαν
858 2258 1057 2327 κρύψαι
1104 2261 1162 2312 τὸ
1200 2264 1332 2329 φῶς,
1375 2266 1476 2319 ὑπὸ
1505 2268 1601 2335 τῆς
1634 2241 1803 2337 αύγῆς

169 2332 379 2405 ἐκείνης
403 2339 895 2416 ύπερλαμπόμενον.
935 2351 1091 2417 Ἀλλ’,
1134 2355 1275 2424 οἴμοι
1312 2360 1407 2427 τῆς
1439 2332 1631 2429 πολλῆς
1661 2332 1803 2415 ἀνα-ι-

172 2428 412 2495 σθησίας,
440 2436 538 2496 ὅτι,
566 2438 811 2495 τοιούτων
837 2448 1288 2517 προσδοκωμένων
1310 2454 1543 2518 ἀγαθῶν,
1570 2428 1647 2507 έτι
1671 2456 1803 2524 πρδς

171 2522 237 2574 τὰ
274 2529 512 2595 παρόντα
548 2536 869 2604 κεχήναμεν.
916 2542 1007 2593 καὶ
1044 2544 1139 2595 οὑκ
1177 2547 1454 2613 ἐννοοῦμεν
1497 2548 1588 2599 τοῦ
1629 2522 1804 2601 διαδό-

193 2634 259 2670 .ου
284 2620 380 2688 τὴν
407 2628 752 2695 κακουργίαν,
777 2629 833 2694 ὃς
860 2632 945 2686 διά
968 2636 1074 2687 τῶν
1108 2639 1313 2707 μικρῶν
1337 2642 1401 2692 τὰ
1432 2642 1636 2711 μεγάλα
1664 2646 1807 2713 ἡμᾶς

175 2712 498 2781 ἀφαιρεῖται,
531 2719 623 2771 καὶ
648 2720 825 2775 δίδωσι
854 2725 1036 2794 πηλὸν,
1066 2729 1151 2781 ἵνα
1191 2732 1405 2801 ἁρπάσῃ
1439 2712 1805 2803 οὐρανὸνξκαὶ

169 2803 402 2859 δείκνυσι
438 2825 611 2873 σκιάν,
652 2814 737 2867 ἵνα
781 2817 977 2888 ἐκϐάλῃ
1008 2824 1103 2889 τῆς
1140 2823 1415 2893 ἀληθείας,
1457 2828 1548 2879 καὶ
1576 2830 1632 2879 ὲν
1670 2830 1805 2881 ὀνεί-

173 2914 281 2963 ροις
326 2904 581 2968 φαντάζει
616 2906 801 2975 (τοῦτο
833 2911 938 2981 γάρ
965 2914 992 2965 6
1023 2916 1207 2979 παρὼν
1242 2918 1513 2990 πλοῦτος),
1545 2921 1631 2986 ἵν’,
1664 2923 1803 2991 ἡμέ-

172 3008 268 3060 ρας
314 2999 630 3068 γενομένης,
667 2999 813 3074 δείξῃ
850 3006 1060 3059 πάντων
1100 3012 1463 3081 πενεστέρους.
1492 3015 1666 3085 ’Ᾱπερ
1702 3034 1803 3085 μαο

169 3084 370 3149 θόντες,
402 3090 689 3161 ἀγαπητοὶ,
721 3094 971 3164 φύγωμεν
999 3100 1088 3152 τὸν
1116 3102 1316 3154 ἐκείνου
1345 3105 1509 3168 δόλον,
1549 3084 1803 3175 φύγωμεν

166 3180 261 3247 τὴν
314 3184 433 3250 μετ’
469 3186 670 3239 ἐκείνου
699 3190 1033 3259 κατάκρισιν,
1066 3193 1152 3247 ῖνα
1196 3196 1268 3265 μὴ
1317 3199 1408 3250 καὶ
1442 3200 1573 3267 πρὸς
1599 3203 1745 3269 ἡμᾶς
1775 3204 1803 3254 6

204 3274 359 3343 ριτὴς
400 3278 558 3349 εῖπῃο
598 3283 922 3347 Πορεύεσθε
956 3286 1055 3339 ἀπ’
1092 3287 1255 3354 ἐμοῦ,
1296 3294 1350 3343 οι
1386 3295 1799 3361 κατηραμένοι,

185 3369 246 3432 ῖις
276 3370 346 3422 τὸ
382 3370 501 3437 πῦρ
529 3374 593 3425 τὸ
625 3374 859 3430 αἰώνιον
886 3380 952 3433 τό
981 3382 1414 3452 ἡτοιμασμένον
1450 3386 1528 3451 τῷ
1555 3388 1807 3457 διαϐόλῳ

165 3462 259 3515 καὶ
296 3464 423 3529 τοῖς
449 3466 717 3535 ἀγγέλοις
745 3472 944 3526 αὐτοῦ.

228 3558 294 3617 ζ’.
339 3557 496 3610 Ἀλλά
528 3562 896 3632 φιλάνθρωπός
924 3568 1067 3621 ἐστιν
1088 3572 1115 3623 ὁ
1150 3572 1277 3635 Θεός
1296 3591 1308 3603 ⁸
1339 3576 1434 3627 οὐκ
1460 3577 1605 3630 ἔσται
1626 3579 1795 3641 τοῦτο,

164 3649 348 3718 φησίν.
375 3650 581 3704 Οὐκοῦν
610 3656 724 3723 είκῆ
752 3658 1084 3727 γέγραπται;
1119 3664 1267 3732 Οὐχὶ,
1303 3668 1482 3734 φησιν.
1512 3670 1643 3722 ἀλλά
1670 3672 1800 3739 πρὸς

166 3741 398 3811 ἀπειλὴν
434 3742 607 3812 μόνον,
653 3748 735 3800 ῖνα
768 3753 1145 3823 σωφρονῶμεν.
1172 3758 1266 3809 Ἂν
1298 3756 1387 3811 οῦν
1422 3762 1494 3830 μὴ
1526 3763 1802 3831 σωφρονῶ-

167 3850 289 3901 μεν,
319 3835 457 3888 ἀλλά
485 3838 725 3907 μένωμεν
755 3844 930 3907 κακοὶ,
954 3848 1051 3900 οὐκ
1079 3850 1263 3913 ἐπάξει
1291 3852 1385 3922 τὴν
1413 3856 1655 3921 κόλασιν;
1684 3859 1802 3911 είπέ

166 3944 278 3995 μοι.
308 3930 516 3983 ούκοῦν
550 3932 667 3985 οὐδὲ
702 3940 813 3999 τοῖς
854 3939 1073 4007 ἀγαθοῖς
1117 3944 1376 3998 ἀποδώσει
1410 3948 1505 4010 τὰς
1542 3950 1799 4019 ἀμοιϐάςς

162 4020 294 4082 Ναὶ,
324 4024 457 4090 φησί
476 4040 493 4055 ο
524 4024 679 4079 τοῦτο
708 4028 815 4096 γὰρ
847 4032 1051 4100 πρέπον
1081 4036 1223 4104 αὐτῷ
1252 4039 1343 4089 καὶ
1371 4040 1506 4107 ὑπὲρ
1530 4043 1625 4112 τὴν
1650 4042 1802 4106 ἀξίαν

164 4114 495 4181 εὐεργετεῖν.
523 4117 682 4173 ’Ὥστε
725 4122 902 4175 ἐκεῖνα
943 4124 1115 4195 ἀληθῆ
1148 4129 1240 4181 καὶ
1284 4131 1493 4194 πάντως
1533 4134 1700 4197 ἔσται,
1734 4137 1802 4188 τά

158 4206 220 4258 δὲ
245 4208 353 4259 τῶν
383 4208 648 4262 κολάσεων
686 4213 743 4265 ού
778 4216 1018 4281 πάντως;
1050 4220 1111 4270 Ὢ
1138 4220 1235 4288 τῆς
1264 4223 1458 4292 πολλῆς
1496 4224 1586 4276 τοῦ
1630 4227 1803 4279 διαϐό-

160 4297 257 4348 λου
284 4301 657 4367 κακοτεχνίας,
682 4303 726 4355 ὣ
762 4305 859 4373 τῆς
888 4308 1241 4378 ἀπανθρώπου
1269 4312 1465 4383 ταύτης
1504 4316 1799 4387 φιλανθρω-

160 4391 317 4451 πίας.
356 4394 588 4448 Ἐκείνου
620 4397 724 4466 γάρ
750 4398 889 4450 ἐστιν
917 4395 1064 4463 οὗτος
1089 4405 1115 4453 ὁ
1141 4402 1393 4473 λογισμὸς
1421 4409 1575 4476 χάριν
1616 4410 1803 4479 ἀνόνη-

157 4502 256 4536 τον
287 4487 630 4556 χαριζόμενος
665 4493 757 4543 καὶ
800 4494 1069 4563 ραθύμους
1106 4500 1287 4552 ποιῶν.
1328 4502 1543 4571 Ἐπειδὴ
1584 4505 1690 4575 γὰρ
1727 4502 1802 4557 οἶ-

156 4580 273 4640 δεν,
301 4579 379 4629 ὅτι
405 4581 497 4649 τῆς
523 4581 787 4647 κολάσεως
812 4586 839 4636 6
869 4588 1045 4654 φόσος,
1070 4591 1313 4664 καθάπερ
1344 4613 1422 4657 τις
1446 4598 1673 4663 χαλινὸς,
1705 4600 1801 4668 τὴν

164 4674 443 4742 ἡμετέραν
493 4677 645 4744 ἄγχει
699 4678 889 4749 ψυχὴν,
936 4684 1026 4733 καὶ
1072 4685 1179 4736 τῶν
1236 4689 1415 4740 κακῶν
1461 4693 1796 4755 ἀναστέλλει,

163 4767 351 4820 πάντα
392 4774 532 4821 ποιεῖ
560 4774 649 4825 καὶ
697 4778 1149 4844 πραγματεύεται,
1182 4780 1316 4832 ὥστε
1352 4784 1635 4853 πρόρριζον
1674 4788 1800 4841 ἀνα-

156 4863 372 4913 σπάσαι
403 4864 602 4929 τοῦτον,
629 4868 711 4918 ἵνα
748 4868 926 4921 λοιπὸν
961 4872 1125 4935 ἀδεῶς
1158 4876 1294 4926 κατά
1324 4880 1575 4945 κρημνῶν
1622 4882 1796 4951 φερώ-

162 4946 331 5016 μεθα.
361 4948 478 5011 Πῶς
508 4945 597 5003 οὖν
629 4952 786 5004 αὑτοῦ
829 4957 1266 5025 περιγενώμεθα;
1296 4962 1431 5013 Ὅσα
1462 4964 1525 5015 ἂν
1562 4966 1799 5035 εἴπωμεν

153 5040 277 5091 ἀπὸ
302 5041 407 5092 τῶν
448 5044 690 5112 Γραφῶν,
724 5045 934 5114 ἐροῦσιν
963 5051 1010 5099 οί
1052 5052 1433 5118 ἀντιλέγοντες,
1465 5058 1545 5109 ὅτι
1578 5060 1800 5130 ἀπειλῆς

162 5134 354 5187 ἕνεκεν
382 5136 700 5206 γέγραπται.
729 5140 882 5193 Ἀλλά
912 5145 1035 5213 περὶ
1063 5146 1158 5212 μὲν
1180 5148 1282 5198 τῶν
1311 5150 1601 5217 μελλόντων
1631 5154 1799 5223 ἐχοιεν

162 5228 238 5280 ἂν
275 5228 427 5280 τοῦτο
457 5230 649 5297 λέγειν,
689 5234 735 5284 εί
770 5235 861 5287 καλ⁵
889 5236 1003 5287 λίαν
1031 5240 1266 5303 ἀσεϐῶς·
1302 5246 1426 5313 περὶ
1465 5245 1519 5297 δὲ
1558 5248 1662 5299 τῶν
1707 5251 1797 5301 ὲκ-

162 5319 478 5388 εεὸηκότων
520 5326 617 5376 οῦκ
661 5326 771 5388 ἔτι,
822 5330 914 5381 καὶ
960 5331 1107 5393 τέλος
1157 5336 1478 5404 ἐσχηκότων.
1523 5340 1798 5409 Ἐρώμεθα

162 5416 347 5467 τοίνυν
368 5418 557 5482 αὐτούς
579 5434 590 5446 ·
605 5422 895 5476 Ἠκούσατε
914 5427 1033 5494 περὶ
1056 5426 1147 5477 τοῦ
1182 5433 1552 5501 κατακλυσμοῦ
1585 5437 1677 5487 καὶ
1702 5437 1799 5503 τῆς

166 5514 535 5583 πανωλεθρίας
573 5515 809 5586 ἐκείνης;
860 5520 931 5587 μὴ
975 5525 1189 5573 κάκεῖνο
1226 5527 1446 5597 ἀπειλῆς
1498 5532 1674 5582 ἕνεκεν
1722 5532 1799 5582 εί-

164 5627 335 5685 ρῃτος
367 5612 483 5681 οὐχὶ
529 5613 736 5681 γέγονε,
783 5616 881 5667 καὶ·
906 5618 983 5679 εἰς
1031 5618 1183 5685 ἔργον
1214 5620 1408 5689 ὲξέ6η;
1449 5626 1563 5695 οὐχὶ
1602 5630 1691 5680 καὶ
1733 5629 1795 5680 τὰ

1436 353 1523 409 DE
1565 355 1916 413 PERFECTA
1953 361 2313 423 CARITATE.

3423 398 3533 456 288

1906 474 2004 546 δρη
2037 487 2296 552 μαρτυρεῖ
2338 489 2434 556 τῆς
2472 489 2787 560 ’Δρμενίας,
2833 492 3017 561 ἔνθαὴ
3059 496 3283 558 nam;
3318 498 3540 568 ίδρύοης

1904 577 2023 644 οὐχὶ
2052 577 2143 629 καὶ
2182 580 2247 633 τά
2284 579 2502 649 λείψανα
2531 585 2698 651 αὐτῆς
2722 587 2825 648 ἕως
2851 588 2943 640 νῦν
2987 590 3100 640 ἐκεῖ
3142 589 3366 653 σώζεται
3406 593 3539 660 πρὸς

1862 684 1871 693 ·
1905 671 2171 740 ἡμετέραν
2200 676 2528 747 ὑπόμνησινς
2563 681 2795 735 Τοιαῦτα
2826 685 2917 736 καὶ
2953 684 3071 736 τότε
3112 685 3292 738 πολλοὶ
3333 688 3532 756 ἔλεγον,

1906 764 1998 816 καὶ
2035 767 2091 819 ἐν
2135 769 2323 821 ἑκατὸν
2368 771 2507 825 ἔτεσι
2556 775 2655 841 τῆς
2688 777 2913 829 κιϐωτοῦ
2948 782 3394 849 τεκταινομένης,
3440 786 3535 839 καὶ

1904 856 2007 910 τῶν
2036 858 2202 921 ξύλων
2236 868 2777 933 κατασκευαζομένων
2797 880 2838 933 ⁸,
2872 873 2959 923 καὶ
2988 874 3079 924 τοῦ
3120 876 3323 928 δικαίου
3374 876 3533 944 βοῶν-

1902 966 2011 1013 τος,
2053 954 2223 1018 οὐδεὶς
2257 960 2284 1008 ὁ
2316 961 2579 1013 πιστεύων
2607 958 2671 1030 ἦν
2691 980 2702 991 ’
2736 965 2848 1016 ἀλλ’
2875 967 3055 1037 ἐπειδὴ
3081 971 3179 1021 οὐκ
3217 970 3531 1026 ἐπίστευσαν

1903 1038 1967 1105 τῇ
1999 1037 2083 1090 διὰ
2124 1040 2229 1090 τῶν
2260 1042 2512 1110 ρημάτων
2551 1046 2776 1117 ἀπειλῇ,
2814 1051 2909 1119 τὴν
2936 1052 3021 1104 διὰ
3053 1054 3155 1105 τῶν
3198 1057 3533 1123 πραγμάτων

1904 1129 2206 1200 ὑπέστησαν
2235 1140 2497 1205 τιμωρίαν
2530 1139 2735 1208 ἀθρόον.
2785 1140 2912 1196 Εἶτα
2949 1148 2976 1197 ό
3020 1148 3269 1215 τοιαύτην
3312 1148 3527 1202 κόλασιν

1904 1224 2052 1295 [297]
2078 1228 2363 1295 ἐπαγαγὼν
2386 1233 2626 1297 ἐκείνοις,
2651 1237 2709 1288 ού
2742 1238 2914 1306 πολλῷ
2945 1240 3135 1308 μᾶλλον
3160 1242 3343 1305 ἑπάξει
3370 1243 3527 1311 ἡμῖν;

1902 1319 1962 1371 ού
2000 1322 2105 1390 γὰρ
2134 1323 2384 1377 ἐλάττονα
2417 1328 2522 1378 τῶν
2546 1330 2662 1381 τότε
2686 1333 2866 1384 κακῶν
2891 1332 2957 1385 τὰ
2986 1332 3077 1383 νῦν
3103 1336 3372 1403 γινόμενα.
3398 1334 3528 1388 Τότε

1906 1413 2001 1480 μὲν
2028 1414 2136 1483 γὰρ
2167 1417 2437 1484 ἐπιμιξίας
2477 1420 2687 1473 ἐποίουν
2724 1422 3023 1493 ἀθέσμους·
3063 1425 3361 1492 Εἰσῆλθον
3400 1430 3529 1499 γὰρ,

1903 1510 2082 1577 φησὶν,
2111 1514 2164 1564 οι
2189 1513 2301 1565 vlo!
2338 1515 2440 1566 τοῦ
2471 1516 2614 1569 Θεοῦ
2641 1518 2785 1583 πρὸς
2815 1519 2917 1584 τὰς
2948 1520 3265 1588 θυγατέρας
3289 1521 3404 1575 τῶν
3430 1526 3529 1577 ἀν-

1902 1605 2170 1671 θρώπων·
2201 1607 2293 1660 νῦν
2318 1608 2373 1661 δὲ
2404 1610 2499 1662 οὐκ
2537 1611 2679 1665 ἐστιν
2708 1608 2840 1675 εἶδος
2882 1615 3149 1685 ἁμαρτίας
3178 1618 3470 1688 ἄπρακτον,
3503 1617 3530 1670 δ

1900 1705 2374 1773 καταλιμπάνεται.

1980 1857 2135 1922 Ἀλλ’,
2164 1861 2210 1912 εί
2242 1860 2399 1924 δοκεῖ,
2434 1864 2525 1914 καὶ
2558 1864 2641 1930 ἐφ’
2677 1864 2837 1935 ἕτερα
2868 1867 3134 1929 κολάσεως
3163 1869 3271 1936 εἴδη
3310 1867 3400 1919 τὸν
3443 1867 3527 1918 λό-

1898 1970 1991 2021 γον
2027 1955 2332 2024 ἀγάγωμεν,
2359 1957 2444 2009 ῖνα
2479 1960 2541 2010 ἐκ
2571 1960 2676 2012 τῶν
2711 1960 3009 2028 γενομένων
3049 1964 3139 2013 καὶ
3175 1961 3242 2014 τὰ
3274 1962 3527 2029 μέλλοντα

1900 2052 2173 2121 πιστευθῇ.
2209 2053 2538 2123 Ἑπεδὴμησέ
2584 2073 2664 2118 τις
2706 2056 2857 2126 ὑμῶν
2896 2062 2959 2128 τῇ
2996 2060 3316 2129 Παλαιστίνῃ
3360 2058 3524 2120 ποτές

1902 2145 2109 2211 Ἔγωγε
2145 2143 2314 2214 οἶμαι.
2355 2147 2555 2200 Οὐκοῦν
2593 2150 2747 2217 ὑμεῖς
2782 2153 3154 2220 μαρτυρήσατε
3195 2155 3257 2221 τῇ
3304 2149 3527 2221 ἀληθείᾳ

1896 2239 2004 2291 τῶν
2044 2239 2358 2307 λεγομένων.
2395 2241 2722 2303 Ἀσκάλωνος
2762 2244 2869 2311 γὰρ
2911 2246 3001 2295 καὶ
3048 2246 3221 2312 Γάζης
3260 2245 3525 2314 ἀνώτερον

1898 2333 1976 2392 είς
2007 2331 2134 2382 αὐτὸ
2174 2331 2264 2382 τοῦ
2302 2333 2561 2400 Ἰορδάνου
2595 2335 2835 2401 ποταμοῦ
2869 2338 2928 2387 τὸ
2968 2338 3115 2396 τέλος
3157 2333 3223 2405 ἦν
3263 2356 3345 2400 τις
3378 2338 3528 2409 χώρα

1897 2425 2058 2491 πολλή
2087 2441 2142 2475 τε
2172 2426 2261 2476 καὶ
2286 2424 2526 2495 εὔφορος,
2559 2430 2648 2480 καὶ
2676 2429 2750 2496 τῷ
2776 2430 3078 2498 παραδείσῳ
3103 2431 3195 2483 τοῦ
3222 2431 3352 2484 Θεοῦ
3379 2432 3529 2501 ἀμελ-

1896 2514 2134 2587 ὶθομένη·
2162 2516 2295 2573 Εἶδε
2331 2520 2456 2590 γὰρ,
2484 2522 2631 2589 φησὶ,
2665 2522 2789 2574 Λὼτ
2828 2522 3031 2577 πᾶσαν
3061 2524 3171 2588 τὴν
3205 2527 3527 2594 περίχωρον

1896 2613 1998 2665 τοῦ
2028 2614 2333 2680 Ἰορδάνου,
2375 2616 2465 2667 καί
2500 2612 2576 2682 ἦν
2615 2616 2956 2684 ποτιζομένῃ
2996 2617 3074 2681 ὡς
3107 2620 3138 2670 ό
3176 2618 3529 2685 παράδεισος

1897 2710 1998 2761 τοῦ
2036 2710 2198 2761 Θεοῦ.
2237 2710 2393 2762 Ἀλλά
2440 2711 2531 2763 νῦν
2574 2712 2709 2780 αῦτη
2746 2714 2925 2764 πασῶν
2959 2713 3064 2764 τῶν
3118 2715 3337 2784 ἐρήμων
3382 2718 3528 2769 ἐστὶν

1897 2803 2213 2870 ἐρημοτέρα.
2238 2803 2469 2871 Ἐστηκε
2516 2804 2609 2871 μὲν
2642 2804 2747 2873 γὰρ
2771 2805 2982 2875 δένδρα,
3025 2808 3116 2859 καὶ
3155 2808 3363 2877 καρπὸν
3393 2809 3524 2877 εχει,

1895 2897 1923 2947 6
1946 2897 1999 2948 δὲ
2027 2896 2233 2964 καρπὸς
2254 2897 2349 2965 τῆς
2374 2897 2464 2949 τοῦ
2489 2898 2617 2950 Θεοῦ
2645 2898 2809 2968 ὀργῆς
2831 2903 2973 2953 ἐστιν
3000 2902 3309 2971 ὑπόμνημα.
3340 2904 3526 2972 Ἐστὴ-

1896 3006 2021 3042 κασι
2052 2990 2157 3058 γὰρ
2208 2992 2347 3059 ροιαὶ
2390 2990 2642 3059 λαμπρὰν
2674 2994 2769 3059 μὲν
2804 2993 3014 3061 ἔχουσαι
3046 2996 3141 3060 τὴν
3192 2998 3522 3063 ἐπιφάνειαν,

1897 3084 1989 3135 καὶ
2019 3083 2251 3152 χρηστὰς
2279 3084 2600 3152 παρέχουσαι
2632 3088 2741 3146 τοῖς
2777 3086 3052 3152 ἀγνοοῦσιν
3088 3089 3321 3151 ἐλπίδας,
3357 3093 3435 3153 είς
3470 3092 3526 3145 δὲ

1895 3179 2078 3245 χεῖρας
2122 3177 2400 3245 ληφθεῖσαι
2435 3180 2525 3229 καὶ
2571 3178 3005 3245 διακλασθεῖσαι,
3052 3184 3259 3251 καρπὸν
3302 3185 3399 3252 μὲν
3435 3186 3529 3238 οὐ·

1896 3272 2035 3335 δένα,
2075 3273 2218 3326 κόνιν
2264 3273 2317 3324 δὲ
2357 3274 2446 3325 καὶ
2476 3274 2679 3341 τέφραν
2720 3274 3108 3328 ἐπιδείκνυνται
3154 3278 3347 3347 πολλὴν
3384 3278 3529 3335 ενδον

1896 3366 2271 3435 ἀποκειμένην.
2312 3366 2540 3434 Τοιαύτη
2576 3368 2687 3421 ἐστὶ
2728 3370 2820 3421 καὶ
2866 3372 2897 3438 ἡ
2936 3372 3036 3437 γῆ,
3084 3373 3307 3423 τοιοῦτοι
3346 3375 3435 3426 καὶ
3478 3379 3527 3428 οί

1895 3460 2053 3520 λίθοι,
2088 3462 2317 3523 τοιοῦτος
2350 3463 2440 3513 καὶ
2480 3464 2505 3514 6
2552 3463 2658 3531 ἀὴρ
2691 3464 2866 3523 αὑτός.
2904 3465 3084 3516 Πάντα
3122 3466 3523 3533 ἐμπέπρησται,

1896 3556 2066 3607 πάντα
2093 3556 2436 3623 τετέφρωται,
2466 3558 2562 3623 τῆς
2592 3556 2958 3623 προλαϐούσης
2982 3557 3143 3625 όργῆς
3172 3558 3527 3626 ὑπομνήματα

1895 3648 2046 3710 ὄντα,
2088 3650 2182 3717 τῆς
2219 3648 2509 3715 μελλούσης
2540 3649 2807 3710 κολάσεως
2856 3649 3270 3719 προμηνύματα.
3301 3651 3391 3721 Μὴ
3434 3652 3526 3706 καὶ

1894 3742 2059 3793 ταῦτα
2084 3743 2296 3793 ἀπειλαὶ
2328 3744 2607 3810 ρημάτων;
2640 3743 2711 3812 μὴ
2744 3743 2835 3795 καὶ
2861 3742 3029 3795 ταῦτα
3051 3742 3207 3811 ψόφοι
3244 3746 3523 3813 ῥημάτωνς

1894 3836 1960 3887 Εί
1979 3852 2060 3895 τις
2092 3835 2306 3887 ἀπιστεῖ
2336 3840 2400 3905 τῇ
2435 3837 2640 3905 γεέννῃ,
2667 3836 2733 3887 τά
2762 3838 2965 3904 Σόδομα
2997 3837 3305 3902 λογιζέσθω,
3344 3840 3407 3890 τά
3434 3840 3527 3891 Γό-

1898 3930 2071 3997 μορρα
2102 3929 2366 3992 ἐννοείτω,
2396 3930 2491 3996 τὴν
2518 3929 2779 3997 τιμωρίαν
2805 3929 2896 3996 τὴν
2923 3930 3017 3996 ἤδη
3046 3929 3406 3998 γεγενημένην
3433 3929 3526 3983 καὶ

1899 4023 2057 4090 μέχρι
2090 4020 2180 4072 νῦν
2226 4023 2503 4087 μένουσαν.
2547 4022 2718 4089 Ὅπερ
2749 4022 2839 4072 καὶ
2872 4024 2903 4088 ἡ
2949 4021 3065 4072 θεία
3095 4022 3278 4090 Γραφὴ
3313 4023 3524 4091 διηγου-

1900 4116 2030 4183 μένη
2060 4116 2182 4185 περὶ
2220 4117 2316 4179 τῆς
2348 4117 2532 4182 σοφίας
2567 4116 2757 4185 φησίν’
2802 4116 2958 4181 Αὕτη
2996 4116 3242 4177 δίκαιον,
3276 4116 3525 4177 ἐξαπολ-

1895 4210 2165 4276 λυμένων
2212 4208 2469 4271 ἀσεϐῶν,
2516 4210 2803 4275 ἐρρύσατο
2852 4211 3113 4277 φυγόντα
3171 4210 3526 4263 κιιταὸάσιον

1896 4296 2011 4369 πῦρ
2046 4306 2480 4368 Πενταπόλεως.
2521 4303 2665 4371 Αὕτη
2703 4304 2796 4356 καὶ
2834 4304 2927 4356 νῦν
2966 4305 3040 4357 ἔτι
3081 4308 3158 4367 είς
3200 4306 3526 4371 Μαρτύριον

1895 4396 2004 4463 τῆς
2049 4399 2329 4463 πονηρίας
2371 4398 2751 4466 καπνιζομένη
2796 4402 3125 4464 καθέστηκε
3164 4400 3394 4465 χέρσος,
3428 4401 3521 4452 καί

1895 4493 2170 4545 ἀτελέσιν
2197 4492 2371 4558 ὥραις
2416 4492 2868 4560 καρποφοροῦσα
2900 4495 2967 4545 τὰ
3000 4493 3171 4560 φυτά.
3215 4495 3525 4558 Ἀναγκαῖσδ

1895 4587 1949 4638 δὲ
1986 4588 2077 4637 καὶ
2111 4587 2209 4655 τὴν
2236 4587 2407 4639 αἰτίαν
2436 4588 2621 4645 εἰπεῖν,
2654 4588 2718 4637 δι’
2744 4587 2808 4653 ἢν
2840 4587 3008 4638 ταῦτα
3055 4587 3395 4639 πεπόνθασιν.
3431 4591 3524 4641 ’Ἐν

1894 4680 1959 4751 ἦν
1984 4682 2041 4733 τὸ
2065 4686 2302 4749 πταῖσμα
2330 4682 2523 4743 αὐτῶν,
2552 4682 2778 4748 χαλεπὸν
2809 4683 2904 4748 μὲν
2944 4684 3035 4733 καὶ
3059 4682 3324 4749 ἐπάρατον
3346 4700 3359 4712 ο
3391 4684 3523 4750 πλὴν

1894 4777 1970 4828 ἐν.
2016 4776 2201 4827 Παισὶν
2226 4776 2251 4814 b
2292 4775 2655 4841 ἐπεμαίνοντο,
2692 4774 2782 4825 καὶ
2824 4775 2908 4827 διά
2953 4775 3103 4825 τοῦτο
3154 4776 3359 4844 πυρίνῳ
3395 4793 3521 4825 κατ-

1896 4869 2198 4935 εκαύθησαν
2227 4866 2389 4934 ύετῷ·
2424 4866 2513 4917 νῦν
2538 4866 2591 4917 δὲ
2634 4868 2796 4934 μυρία
2828 4868 2917 4918 καὶ
2947 4868 3032 4917 ῐσα
3059 4868 3149 4918 καὶ
3174 4867 3524 4935 χαλεπώτερα

1896 4965 2127 5029 γίνεται,
2185 4961 2275 5011 καὶ
2325 4959 2555 5018 τοιοῦτος
2614 4960 2935 5027 ἐμπρησμὸς
2987 4959 3045 5011 ού
3100 4960 3321 5025 γίνεται.
3370 4960 3521 5022 Τίνος

1894 5058 2104 5117 ἐνεκενς
2137 5052 2256 5106 Ὀτι
2290 5054 2397 5120 πῦρ
2434 5053 2613 5123 ἕτερον
2648 5054 2982 5120 ἡτοίμασται,
3027 5053 3282 5121 μηδέποτε
3312 5053 3517 5105 σϐεννύο

1899 5168 2071 5219 μενον.
2128 5149 2250 5210 Πῶς
2286 5149 2391 5216 γὰρ
2420 5150 2446 5199 6
2487 5148 2623 5215 ὑπὲρ
2667 5148 2780 5209 ἐνὸς
2830 5150 3213 5217 ἁμαρτήματος
3260 5150 3519 5216 τοσαύτην

1895 5242 2058 5312 ὀργὴν
2088 5241 2391 5307 ἐπαγαγὼν,
2424 5240 2513 5290 καὶ
2547 5240 2678 5308 μήτε
2715 5240 2806 5291 τοῦ
2845 5240 3088 5309 Ἀϐραάμ
3120 5244 3213 5308 τὴν
3248 5243 3519 5309 ἱκετηρίαν

1896 5332 2205 5401 δεξάμενος,
2244 5332 2378 5399 μήτε
2423 5329 2509 5381 τὸν
2545 5328 2743 5381 ένοικον
2796 5331 3126 5397 δυσωπηθεὶς
3158 5332 3293 5393 Λὼτ,
3340 5332 3518 5383 τοσού-

1961 5578 1983 5605 ⁸
2007 5577 2137 5625 Cnlb.
2152 5618 2155 5621 ν
2170 5579 2263 5623 τῶν
2286 5576 2772 5645 ξύλων-ὑφαινομένωγ.
2940 5636 2951 5645 _
3129 5638 3136 5645 ο

1963 5638 1986 5675 ι)
2015 5636 2093 5685 Sic
2114 5643 2245 5685 recte
2269 5636 2397 5687 Colb.
2428 5636 2477 5683 In
2498 5638 2641 5685 Savil.
2667 5637 2906 5699 ἐπάρατον·
2934 5636 2979 5683 ἐν
3001 5638 3174 5687 παισίν.
