4112 6488
175 408 291 463 289

169 539 394 601 peccato
423 537 623 583 tantam
652 527 782 580 iram
805 523 1000 588 intulit,
1037 536 1207 592 neque
1235 518 1521 575 Abrahami
1544 516 1744 586 suppli-

170 620 445 674 cationem
474 617 726 685 suscepit,
755 630 927 683 neque
951 614 1326 667 inhabitantem
1358 610 1547 664 Lotnm
1590 623 1742 661 reve-

202 710 309 763 itus
336 716 439 770 est,
470 714 547 759 tot
573 705 817 759 admissis
845 703 1186 765 facinoribus,
1208 699 1361 754 nobis
1390 698 1607 768 parcet?
1629 697 1743 752 Non

170 796 248 854 ita
263 796 390 857 erit,
418 810 521 848 non
550 795 619 848 ita
648 801 810 847 certe.

242 884 300 939 8.
347 883 647 936 Peccalores
671 881 940 951 aliquando
969 881 1019 931 in
1048 880 1141 931 hac
1166 879 1263 930 vita
1284 878 1405 930 dant
1425 892 1614 946 panos.
1647 876 1745 942 Qui

176 973 225 1026 in
256 972 359 1024 hac
389 972 490 1023 vita
510 986 601 1039 pro
621 970 849 1023 admissis
878 970 1091 1037 peccatis
1125 968 1248 1020 nihil
1278 968 1552 1036 patiuntur,
1584 966 1635 1017 in
1664 969 1745 1034 fu-

178 1071 345 1114 turam
378 1060 620 1129 puniendi
643 1069 973 1113 reservantur.
996 1088 1065 1098 —
1088 1056 1278 1111 Verum
1311 1072 1377 1111 ne
1413 1057 1497 1110 hic
1526 1056 1741 1125 gradum

175 1150 459 1213 sistamus,
489 1148 582 1202 sed
612 1162 726 1217 age,
759 1147 889 1200 alios
918 1147 969 1199 in
999 1145 1227 1200 medium
1264 1144 1586 1198 adducamus
1615 1158 1739 1211 sup-

176 1238 337 1307 plicio
364 1237 608 1299 aifectos,
633 1245 687 1290 ut
714 1235 947 1303 pluribus
982 1232 1514 1289 demonstratiouibus
1536 1246 1598 1285 ea
1627 1246 1741 1299 quae

173 1326 414 1380 diximus
461 1325 856 1380 confirmentur.
889 1324 965 1378 De
1010 1323 1281 1376 Pharaone
1312 1335 1497 1377 omnes
1524 1319 1741 1374 audistis

175 1416 552 1487 Egyptiorum
574 1430 728 1484 rege:
760 1414 927 1468 nostis
942 1424 1084 1469 certe
1105 1428 1234 1482 quas
1259 1412 1347 1466 ille
1376 1410 1519 1465 dedit
1536 1424 1735 1478 poenas,

174 1504 453 1573 quomodo
497 1520 613 1559 eum
656 1504 896 1558 curribus
939 1513 993 1559 et
1042 1504 1209 1573 equis,
1256 1503 1501 1571 omnique
1548 1501 1741 1569 pariter

174 1594 417 1649 exercitu
450 1594 501 1646 in
532 1593 768 1647 Rubrum
804 1607 951 1647 mare
1001 1592 1273 1647 demersus
1320 1592 1406 1647 sit.
1459 1590 1528 1646 Ut
1563 1597 1736 1645 autem

174 1684 483 1738 Jud:eorum
522 1698 728 1752 quoque
775 1684 1028 1751 supplicia
1069 1682 1317 1747 discatis,
1363 1680 1487 1736 audi
1519 1681 1737 1736 Paulum

174 1774 441 1829 dicentem
476 1791 489 1826 ε
529 1790 547 1824 ι
579 1773 761 1842 Neque
791 1774 1124 1838 fornicemur,
1154 1773 1289 1827 sicut
1316 1771 1524 1841 quidam
1555 1786 1735 1827 eorum

172 1863 414 1917 fornicati
446 1873 588 1927 sunt,
622 1872 672 1918 et
694 1864 962 1932 perierunt
987 1878 1086 1917 una
1112 1862 1199 1917 die
1218 1862 1393 1933 viginti
1422 1863 1516 1916 tria
1534 1860 1731 1915 millia:

174 1968 341 2023 neque
368 1967 780 2018 murmuremus,
816 1961 872 2007 ut
905 1952 1116 2021 quidam
1152 1968 1334 2007 eorum
1377 1966 1737 2006 murmurave-

173 2055 308 2109 runt,
339 2052 396 2098 et
420 2044 690 2113 perierunt
709 2043 777 2096 ab
802 2042 1247 2098 exterminatore:
1275 2057 1445 2111 neque
1472 2052 1733 2097 tentemus

172 2134 478 2199 Dominum,
507 2143 562 2187 ut
596 2134 806 2203 quidam
849 2148 1029 2188 eorum
1066 2140 1426 2198 tentaveruut,
1470 2141 1522 2187 et
1558 2147 1587 2186 a
1617 2148 1734 2187 ser-

173 2224 414 2292 pentibus
446 2224 717 2292 perierunt
750 2242 769 2275 ›
812 2224 896 2294 (1.
926 2222 1040 2277 Cor.
1070 2223 1155 2278 10.
1185 2223 1242 2275 8.
1278 2222 1365 2277 10.
1400 2222 1490 2291 9).
1518 2221 1668 2289 Quod
1686 2225 1730 2277 si

169 2323 220 2367 et
248 2313 320 2367 illi
351 2313 475 2366 talia
506 2327 600 2382 pro
622 2314 848 2381 peccatis
876 2313 1011 2382 passi
1034 2322 1175 2375 sunt,
1195 2312 1320 2381 quid
1347 2327 1449 2367 non
1473 2313 1732 2381 patiemur

172 2402 297 2457 nos?
328 2404 392 2455 At
424 2417 568 2456 nunc
595 2402 721 2456 nihil
748 2417 903 2472 grave
931 2404 1156 2471 patimur
1189 2442 1205 2467 ,
1252 2401 1475 2471 ideoque
1505 2402 1731 2457 maxime

173 2492 352 2545 timere
377 2499 612 2560 oportet.
644 2491 756 2546 Non
799 2491 938 2544 enim
976 2501 1034 2544 ut
1060 2504 1165 2544 non
1200 2504 1383 2559 pcenas
1408 2489 1591 2543 demus
1627 2504 1733 2544 ser-

172 2594 380 2645 vamur;
437 2579 534 2633 sed
562 2588 618 2634 ut
643 2580 907 2649 graviores
932 2579 1115 2634 demus
1138 2619 1154 2646 ,
1200 2580 1298 2633 nisi
1339 2588 1727 2634 convertamur.

171 2668 244 2723 illi
273 2670 415 2725 enim
461 2685 567 2723 non
611 2682 865 2725 noverant
901 2672 1219 2740 gehennam,
1248 2681 1301 2727 et
1329 2672 1597 2741 suppliciis
1644 2670 1730 2726 hic

176 2760 345 2814 traditi
372 2769 502 2814 sunt
530 2776 542 2813 :
566 2774 660 2814 nos
687 2769 859 2815 autem
882 2762 1320 2831 quandocumque
1348 2776 1654 2831 peccamus,
1681 2762 1728 2816 si

173 2850 292 2904 nihil
322 2852 375 2906 in
399 2852 649 2921 prmsenti
680 2854 785 2906 vita
814 2868 976 2922 grave
1002 2855 1265 2922 patiamur
1284 2892 1299 2918 ,
1330 2853 1382 2907 in
1409 2852 1584 2907 futuro
1612 2867 1727 2907 om-

173 2943 251 2996 nia
294 2942 670 3011 perpetiemur.
728 2942 912 2999 Nonne
957 2958 1073 2998 cum
1116 2943 1321 2999 ratione
1362 2951 1633 3013 pugnaret,
1680 2943 1725 2998 si

174 3029 290 3095 illis,
324 3030 409 3100 qui
435 3031 679 3085 rudiores
706 3041 759 3086 et
789 3033 1139 3102 imperitiores
1169 3042 1341 3097 erant,
1391 3033 1511 3087 talia
1534 3033 1722 3102 passis,

176 3133 265 3173 nos
287 3122 373 3189 qui
409 3118 818 3190 perfectioribus
868 3122 1089 3175 fruimur
1129 3122 1440 3190 disciplinis,
1478 3134 1531 3177 et
1572 3124 1725 3191 longe

174 3211 424 3278 graviora,
452 3224 611 3279 quam
636 3211 727 3274 illi,
760 3221 1121 3279 perpetramus
1140 3253 1153 3275 ,
1182 3212 1496 3281 supplicium
1533 3212 1728 3281 effuge.

174 3303 373 3356 remus?
396 3301 575 3356 Vultis
601 3303 826 3370 reliquas
852 3302 1008 3355 etiam
1050 3302 1259 3355 illorum
1301 3302 1483 3357 audire
1507 3302 1725 3356 calami-

176 3401 318 3457 tates,
360 3406 498 3463 quas
550 3393 687 3460 passi
732 3401 855 3447 sunt
904 3393 954 3446 in
1006 3392 1281 3447 Palaestina
1323 3408 1355 3447 a
1402 3393 1723 3464 Babyloniis,

177 3480 391 3551 Assyriis
432 3489 492 3537 et
537 3480 945 3536 Macedonibus?
992 3483 1198 3551 quoties
1246 3482 1459 3545 famem,
1499 3492 1721 3551 pestem,

174 3568 299 3624 bella
324 3570 462 3638 passi
487 3577 632 3634 sunt,
660 3578 711 3625 et
728 3572 1059 3639 captivitates
1084 3571 1181 3626 sub
1220 3570 1340 3625 Tito
1365 3580 1415 3625 et
1447 3570 1726 3641 Vespasia-

176 3656 266 3711 no?
289 3656 513 3727 Josephi
536 3656 724 3710 librum
760 3657 917 3727 legite
936 3698 953 3723 ,
983 3673 1140 3728 quem
1167 3658 1233 3713 de
1270 3658 1722 3729 Jerosolymorum

178 3745 367 3803 excidio
390 3747 624 3815 scripsit,
652 3756 704 3801 et
729 3747 970 3801 acerbam
1003 3749 1143 3801 illam
1166 3748 1469 3819 tragmdiam
1487 3748 1720 3804 discetis.

178 3834 295 3893 Cum
323 3835 436 3891 aliis
462 3836 661 3905 quippe
690 3836 1077 3891 calamitatibus
1116 3838 1167 3891 in
1198 3846 1395 3892 tantam
1420 3837 1610 3892 famem
1637 3838 1722 3891 in-

176 3921 420 3990 ciderunt,
453 3933 511 3979 ut
542 3925 745 3979 balteos
772 3927 929 3980 etiam
977 3940 1120 3989 suos,
1150 3935 1204 3981 et
1226 3927 1433 3981 calceos
1470 3927 1718 3993 ederent,

176 4011 330 4085 iisque
376 4014 538 4069 etiam
588 4012 915 4071 borribiliora
949 4017 1166 4070 :omnia
1226 4017 1419 4087 quippe
1478 4017 1722 4072 dentibus

177 4102 433 4173 subigebat
477 4100 770 4159 necessitas
792 4145 808 4171 ,
843 4116 901 4160 ut
939 4106 1220 4175 prmdictus
1257 4108 1482 4176 scriptor
1525 4107 1617 4161 ait.
1645 4108 1722 4162 Ae

179 4206 334 4260 neque
358 4194 413 4248 in
434 4192 519 4248 bis
542 4202 824 4260 steterunt,
847 4198 971 4264 quin
995 4198 1154 4253 etiam
1185 4199 1428 4266 proprios
1460 4197 1597 4253 filios
1622 4197 1719 4252 de-

179 4291 453 4350 gustatum.
499 4282 781 4352 Quomodo
829 4300 975 4357 ergo,
1026 4302 1144 4341 cum
1192 4288 1265 4341 illi
1303 4288 1432 4343 tales
1480 4287 1719 4344 dederint

1340 407 1425 461 DE
1465 402 1820 460 PERFECTA
1859 402 2216 461 CARITATE.

3288 440 3398 494 290

1852 530 2057 584 pmnas,
2089 532 2203 584 nos,
2248 521 2335 588 qui
2369 523 2604 590 graviora
2642 524 2721 578 bis
2752 536 3134 594 perpetramus,
3180 533 3399 596 effugia-

1849 604 2002 658 mus?
2026 604 2155 659 Nam
2180 607 2223 660 si
2252 615 2377 661 tunc
2406 610 2475 663 illi
2509 611 2645 678 plexi
2683 623 2834 677 sunt,
2888 630 2982 668 cur
3023 632 3116 671 nos
3140 622 3245 687 jam
3295 637 3397 676 non

1848 693 2164 760 plectimur?
2194 699 2383 752 Annon
2418 702 2498 755 vel
2527 717 2666 757 caeco
2698 706 3028 761 manifestum
3059 719 3139 762 est
3176 710 3292 766 ideo
3318 715 3396 767 sic

1848 785 1950 853 agi,
1975 793 2031 838 ut
2059 801 2198 854 saepe
2222 787 2351 854 dixi,
2378 791 2515 856 quod
2546 792 2695 847 nobis
2716 795 3027 863 supplicium
3074 798 3124 850 iu
3165 798 3394 855 futurum

1846 875 2183 931 reservetur?
2205 877 2285 931 Ad
2329 880 2441 933 haec
2464 896 2587 934 vero
2613 884 2987 938 consideranda
3029 897 3150 942 sunt
3180 905 3240 944 ea

1846 980 1986 1019 nunc
2015 966 2065 1019 in
2092 965 2193 1020 hoc
2221 971 2415 1024 mundo
2436 981 2689 1040 geruntur
2712 1015 2727 1039 ,
2754 985 2805 1029 et
2824 978 3076 1045 gehennae
3106 980 3257 1034 fidem
3285 999 3388 1037 non

1845 1055 2170 1124 negabimus.
2200 1058 2326 1111 Nam
2350 1061 2392 1113 si
2416 1061 2586 1129 justus
2612 1072 2692 1117 est
2721 1064 2878 1130 Deus,
2902 1082 2998 1121 nec
3028 1083 3276 1136 personas
3304 1086 3393 1125 ac-

1844 1142 1989 1210 cipit,
2015 1154 2069 1197 ut
2093 1156 2238 1200 certe
2267 1162 2445 1201 vermn
2488 1160 2588 1216 est,
2633 1167 2727 1205 cur
2769 1152 2852 1206 hic
2899 1156 2985 1207 alii
3013 1157 3231 1210 cmdium
3263 1156 3390 1212 dant

1845 1245 2048 1299 pmnas,
2071 1235 2157 1287 alii
2185 1251 2288 1290 non
2309 1237 2475 1293 dant?
2500 1256 2593 1294 cur
2614 1259 2676 1296 ex
2705 1246 2922 1299 mmcbis
2948 1248 3035 1300 alii
3063 1250 3349 1316 puniuntur
3369 1292 3384 1316 ,

1842 1321 1929 1373 alii
1963 1337 2063 1375 non
2097 1324 2231 1392 plexi
2263 1328 2586 1383 moriuntur?
2610 1341 2736 1399 quot
2780 1334 3137 1402 sepulcrorum
3172 1337 3389 1393 effosso-

1841 1424 1927 1463 res
1952 1425 2160 1479 poenam
2204 1415 2619 1487 vitarunttquot
2659 1422 2826 1476 fures!
2886 1434 3010 1492 quot
3053 1428 3228 1482 avari!
3260 1441 3388 1497 quot

1842 1510 2079 1569 raptores
2104 1502 2115 1554 !
2138 1503 2191 1558 Si
2218 1520 2344 1573 ergo
2368 1508 2604 1574 gebenna
2638 1526 2738 1562 non
2763 1522 2919 1577 esset,
2951 1514 3158 1567 ubinam
3182 1518 3253 1568 illi
3278 1536 3387 1585 ptu-

1841 1606 1962 1645 nam
1994 1591 2232 1651 dabunt!
2276 1594 2408 1649 Num
2460 1600 2934 1655 contradicentibus
2992 1607 3382 1673 persuademus,

1839 1698 1955 1751 quae
2002 1683 2068 1737 de
2095 1684 2181 1737 illa
2235 1696 2518 1740 narrantur
2544 1702 2646 1741 non
2691 1704 2808 1744 esse
2851 1692 3117 1747 fabulam?
3144 1695 3215 1749 ita
3246 1700 3385 1752 enim

1838 1788 1959 1827 vera
1987 1782 2132 1839 sunt,
2157 1785 2212 1829 ut
2240 1792 2341 1829 nou
2376 1792 2471 1831 nos
2500 1788 2717 1846 tantum,
2741 1781 2832 1835 sed
2862 1784 3017 1836 etiam
3048 1797 3235 1852 poetae,
3266 1789 3383 1856 phi-

1838 1863 2042 1933 losophi
2072 1874 2126 1920 et
2153 1866 2441 1921 fabularum
2466 1871 2747 1939 scriptores
2776 1872 2841 1926 de
2868 1872 3034 1927 futura
3069 1892 3161 1943 pro
3199 1880 3385 1932 merito

1836 1964 1977 2009 sorte
2008 1955 2356 2024 philosophati
2391 1960 2495 2011 sint
2529 1999 2544 2023 ,
2577 1970 2628 2013 et
2658 1961 2921 2028 improbos
2952 1963 3002 2016 in
3034 1964 3236 2019 inferno
3265 1982 3385 2020 cru-

1837 2044 1960 2097 ciari
1990 2044 2243 2100 dixerint.
2264 2047 2390 2102 Nam
2418 2051 2620 2104 etiamsi
2652 2051 2763 2106 haec
2779 2068 2901 2107 vere
2918 2064 2971 2106 ut
2991 2064 3110 2108 sunt
3135 2072 3379 2114 enarrare

1835 2149 1937 2189 non
1967 2145 2260 2203 potuerunt,
2291 2149 2468 2207 utpote
2493 2141 2578 2209 qui
2601 2154 2666 2194 ex
2689 2142 2958 2196 ratiocinio
2985 2152 3181 2198 tantum
3214 2161 3386 2215 exque

1834 2234 2012 2279 nostra
2039 2226 2275 2282 doctrina
2303 2230 2440 2283 male
2478 2239 2690 2300 accepta
2737 2232 2801 2285 ad
2832 2232 2883 2286 id
2909 2236 3127 2301 permoti
3154 2234 3378 2303 fuerint,

1833 2327 2062 2371 attamen
2086 2319 2156 2371 illi
2180 2320 2454 2389 imaginem
2466 2322 2742 2391 quamdam
2764 2322 2947 2391 judicii
2967 2325 3139 2394 adepti
3154 2328 3377 2385 fuerant.

1834 2406 2055 2477 Cocytos
2085 2407 2222 2461 enim
2244 2419 2567 2473 memorant,
2612 2409 3133 2482 Pyriphlegethontas
3158 2416 3341 2471 fluvios
3360 2459 3377 2484 ,

1833 2504 1883 2549 et
1904 2494 2077 2566 Stygis
2102 2510 2309 2566 aquam,
2340 2507 2394 2553 et
2420 2498 2693 2553 Tartarum
2725 2510 2923 2555 tantum
2948 2517 2978 2556 a
3000 2511 3136 2557 terra
3166 2504 3370 2561 distan-

1835 2595 1959 2653 tem,
1987 2596 2238 2657 quantum
2264 2589 2373 2657 ipsa
2399 2604 2427 2641 a
2449 2590 2596 2655 caelo,
2627 2591 2818 2645 multos
2847 2607 3050 2662 quoque
3076 2593 3207 2649 alios
3226 2595 3381 2649 ultio~

1832 2678 1914 2731 nis
1938 2676 2121 2731 modos
2151 2696 2165 2731 :
2195 2692 2507 2750 rursumque
2530 2680 2762 2750 Elysium
2781 2696 3044 2751 campum,
3068 2691 3122 2738 et
3145 2683 3378 2739 fortuna-

1832 2775 2003 2820 torum
2048 2766 2265 2833 insulas,
2317 2777 2461 2837 prata
2504 2767 2709 2833 ﬂorida,
2766 2769 3097 2837 fragrantiazn
3139 2773 3375 2836 multam,

1830 2869 2012 2909 auram
2036 2863 2243 2909 tenuem
2271 2865 2323 2909 et
2348 2856 2539 2911 choros
2560 2857 2665 2911 illic
2692 2868 2981 2926 versantes,
3024 2859 3145 2915 albo
3167 2861 3379 2919 indutos

1829 2945 2044 3011 amictu,
2092 2946 2340 3015 quasdam
2370 2946 2698 3002 modulantes
2722 2949 3035 3015 cantilenas,
3082 2950 3133 3005 in
3169 2966 3371 3006 summa

1828 3035 1985 3092 bonis
2011 3046 2065 3092 et
2090 3037 2240 3093 malis
2266 3047 2382 3106 post
2418 3037 2617 3092 exitum
2643 3053 2707 3093 ex
2738 3039 2835 3091 hac
2862 3040 2964 3091 vita
2995 3048 3227 3107 paratam
3265 3056 3377 3096 sor-

1830 3134 1933 3181 tem
1960 3127 2317 3196 promeritam.
2349 3125 2425 3180 Ne
2445 3126 2619 3196 itaque
2636 3126 2889 3197 gehennae
2922 3128 3074 3183 fidem
3105 3144 3373 3199 negemus,

1829 3233 1897 3274 ne
1923 3217 1976 3273 in
2003 3218 2144 3273 illam
2185 3217 2475 3272 incidamus
2496 3233 2513 3273 ι
2538 3232 2656 3271 nam
2683 3218 2768 3287 qui
2800 3233 2903 3271 non
2927 3219 3121 3285 credit,
3168 3222 3376 3290 segnior

1828 3308 2097 3375 efficitur;
2132 3308 2219 3379 qui
2247 3307 2421 3377 segnis
2442 3314 2542 3371 est,
2572 3306 2623 3360 in
2650 3305 2790 3361 illam
2834 3307 3014 3377 procul
3052 3307 3210 3363 dubio
3238 3309 3373 3365 ibit:

1831 3401 1935 3453 imo
1960 3397 2236 3452 credamus
2266 3397 2380 3452 sine
2409 3395 2735 3450 dubitatione
2761 3435 2777 3462 ,
2819 3394 2987 3465 deque
3019 3395 3104 3449 illa
3135 3394 3375 3467 frequen-

1828 3496 1912 3543 ter
1934 3486 2312 3557 colloquamur,
2358 3494 2412 3541 et
2454 3501 2559 3540 non
2592 3485 2742 3539 facile
2794 3483 3142 3553 peecabimus.
3186 3485 3375 3554 llujus-

1828 3578 1968 3632 modi
1993 3593 2216 3645 namque
2236 3591 2535 3631 sermonum
2565 3573 3013 3638 commemoratio,
3050 3572 3195 3642 quasi
3225 3588 3375 3629 acer-

1827 3667 1949 3721 bum
1977 3665 2237 3735 quoddam
2261 3664 2571 3729 remedium,
2600 3663 2888 3733 nequitiam
2917 3676 3129 3717 onmem
3165 3663 3374 3718 abster-

1826 3772 1949 3826 gere
1972 3755 2184 3825 poterit,
2214 3756 2258 3809 si
2285 3754 2478 3809 nostris
2502 3763 2760 3825 perpetuo
2785 3751 2976 3806 animis
2996 3751 3239 3807 insideat.
3264 3752 3375 3809 Hoc

1828 3848 2001 3916 itaque
2044 3844 2277 3900 remedio
2308 3854 2533 3910 utamur,
2589 3852 2646 3898 ut
2688 3842 2849 3914 probe
2888 3844 3192 3913 expurgati,
3234 3844 3375 3913 digni

1827 3936 1992 3991 simus
2010 3935 2097 4005 qui
2142 3935 2306 3988 Deum
2335 3934 2605 3989 videamus
2626 3973 2642 3997 ,
2671 3943 2729 3988 ut
2768 3932 2836 3986 ab
2882 3934 3183 3988 hominibus
3210 3934 3374 3987 videri

1826 4034 2017 4100 potest,
2043 4032 2099 4077 et
2121 4022 2308 4077 futuris
2331 4021 2566 4076 fruamur
2596 4020 2768 4085 bonis,
2786 4020 2952 4091 gratia
2980 4029 3034 4076 et
3056 4021 3377 4091 benignitate

1824 4111 2033 4167 Domini
2062 4111 2225 4165 nostri
2252 4111 2378 4165 Jesu
2406 4107 2617 4164 Christi.
2644 4107 2748 4180 Ipsi
2771 4109 2939 4181 gloria
2965 4108 3019 4164 in
3048 4110 3239 4165 mula
3268 4125 3368 4166 ste-

1824 4199 2083 4257 culorum.
2112 4199 2299 4253 Amen.

793 4938 898 4999 AD
944 4932 1354 4997 HOMILIAM
1394 4929 1475 4990 IN
1527 4924 1819 4993 JOSEPH
1871 4924 1973 4985 ET
2032 4922 2139 4983 DE
2186 4918 2743 4979 CONTINENTIA.

192 5187 318 5244 docti
342 5198 395 5245 et
414 5184 653 5245 accurati
688 5180 884 5251 Josepb
916 5176 1234 5242 Boevvlesii,
1263 5168 1811 5245 protobibliotbecarii
1837 5164 2107 5221 Bodleiani
2128 5202 2143 5230 ,
2173 5179 2291 5232 quae
2334 5162 2651 5234 paucissima
2681 5160 2734 5213 in
2770 5157 3132 5227 Manuscripto
3162 5173 3349 5227 super-

192 5336 331 5383 erant
358 5330 583 5385 exscribi
619 5325 861 5394 mihique
892 5318 1181 5377 transmitti
1208 5314 1432 5373 curavit.
1462 5311 1661 5367 Caetera
1699 5309 1843 5364 enim
1880 5306 2074 5362 avulsis
2116 5304 2255 5361 foliis
2289 5304 2583 5374 perierunt,
2620 5308 2679 5353 ut
2706 5299 2914 5354 monuit
2947 5298 3061 5366 ipse
3104 5295 3359 5351 laudatus

198 5459 270 5512 vir
299 5460 658 5517 Boevvlesius.

262 5594 623 5665 interpretatio
648 5590 855 5657 Latina,
881 5585 981 5644 etsi
1010 5593 1183 5651 vetus,
1221 5591 1301 5638 sat
1325 5582 1461 5637 bene
1488 5574 1803 5633 concinnata
1829 5580 1927 5624 est.

1645 5756 1915 5777 ,ψι-
