4112 6510
747 393 853 448 291

1463 387 1517 445 S.
1553 387 1822 444 JOANNIS
1854 387 2316 450 ωηῑεοετοιιι
2354 395 2663 454 ARCiiIEP.
2703 403 3224 467 CONSTAN‘l‘iNOP.

3862 431 3957 486 292

745 527 3924 572 _.._.________________________

1623 643 2108 716 EJUSDEM
2161 648 2300 717 DE
2352 651 3093 732 CONTINENTIA.

813 801 839 828 ι
881 790 992 843 ’Διὶ
1030 791 1128 859 μὲν
1172 793 1297 863 ἐμοὶ
1335 794 1481 850 δοκεί

742 879 1155 950 χρησιμώτατος
1207 880 1343 937 εἶναι
1387 886 1479 939 καὶ

745 969 967 1036 πρέπων
1038 974 1148 1034 τοῖς
1197 973 1291 1026 τοῦ
1347 975 1481 1046 Χρι-

749 1057 875 1110 στοῦ
923 1059 1126 1123 δούλοις
1149 1061 1178 1114 ό
1211 1065 1339 1132 περὶ
1378 1081 1481 1118 σωο

747 1149 1017 1220 φροσύνης
1031 1154 1182 1220 λόγος
1211 1171 1224 1187 ο
1249 1157 1481 1225 μάλιστα

747 1237 806 1290 δὲ
838 1239 931 1292 νῦν
976 1242 1033 1293 ἐν
1077 1244 1252 1314 καιρῷ
1295 1245 1479 1303 τοῦτον

753 1329 1088 1400 ποιησόμεθα
1135 1334 1269 1402 πρὸς
1315 1335 1476 1406 ὑμᾶς,

745 1423 833 1475 ὅτε
878 1424 968 1476 τὸν
993 1427 1221 1496 Χριστὸν
1262 1431 1480 1486 ὲνδυσὰο

749 1529 896 1580 μενοι
943 1516 1038 1584 τῆς
1080 1519 1398 1589 Ἐκκλησίας
1430 1527 1478 1577 oi

745 1604 931 1667 παῖδες
951 1646 964 1668 ,
998 1610 1341 1680 σωφροσύνην
1373 1615 1478 1680 μά·-

744 1695 898 1750 λιστα
926 1701 1216 1769 κεκτῆσθαι
1237 1705 1341 1774 πρὸ
1369 1708 1478 1760 τῶν

742 1790 915 1845 ἄλλων
977 1794 1276 1860 ὀφείλουσιν
1341 1801 1477 1867 ἀγα-

743 1881 872 1936 οῶν.
916 1886 1065 1938 Ἐπεὶ
1097 1888 1189 1940 καὶ
1227 1889 1371 1953 ὅστις
1402 1888 1478 1944 el-

744 1970 831 2022 δεν
860 1973 1092 2042 ἀθλητὰς
1111 2017 1125 2041 ,
1162 1978 1468 2047 Ὀλυμπίοις

747 2065 1094 2131 νομισθέντας
1193 2073 1419 2138 πρέπειν
1457 2113 1472 2136 ,

746 2149 1134 2221 ἀλειψαμένους
1155 2157 1246 2209 ἐπὶ
1266 2160 1324 2211 τὺ
1352 2164 1473 2215 στά-

743 2236 855 2290 διον
882 2243 1299 2310 καταϐαίνοντας
1316 2291 1328 2312 ,
1358 2247 1474 2304 εἶτα

741 2342 807 2377 πε
814 2329 868 2395 ρὶ
929 2331 1315 2403 παλαισμάτων
1385 2344 1476 2394 καὶ

742 2420 1031 2490 καρτερίας
1059 2425 1149 2476 καὶ
1179 2427 1328 2496 νίκης
1373 2432 1476 2483 διε-

744 2505 904 2577 λέχθη
953 2511 1085 2579 πρὸς
1131 2516 1358 2581 αὐτοὺς,
1414 2521 1473 2572 ὲν

741 2598 914 2666 καιρῷ
933 2601 1086 2653 τοῦτο
1120 2611 1474 2677 πεποιηκέναι

744 2688 966 2754 δικαίως
994 2694 1056 2746 ἂν
1082 2697 1226 2765 παρᾶ
1262 2701 1471 2754 πάντων

741 2779 1029 2848 νομίζοιτο.
1083 2787 1188 2839 Καὶ
1255 2789 1317 2860 δὴ
1377 2794 1470 2846 καὶ

739 2870 899 2936 ἡμεῖς
919 2874 1214 2942 ἑωρακότες
1238 2883 1358 2944 τοὺς
1381 2885 1471 2938 τοῦ

747 2958 895 3031 [500]
926 2965 1170 3035 Σωτῆρος
1196 2970 1428 3042 ἀθλητὰς
1451 3015 1466 3038 ,

742 3047 965 3117 δύναμιν
1012 3053 1268 3122 λαϐόντας
1325 3067 1474 3134 παρὰ

737 3137 831 3191 τοῦ
878 3141 1189 3212 Πνεῦματος
1223 3149 1310 3204 διὰ
1365 3155 1472 3207 τῶν

738 3225 896 3281 Θείων
917 3237 1241 3304 μυστηρίων,
1257 3241 1470 3308 εἰκότως

737 3316 805 3370 ἂν
835 3320 972 3390 ὑπὲρ
995 3329 1339 3398 σωφροσύνης
1359 3333 1472 3385 δια-

735 3409 1027 3478 Λεχθέντες,
1055 3417 1143 3467 ἐπὶ
1173 3419 1260 3471 τὸν
1290 3422 1471 3488 ἀγῶνα

735 3497 824 3550 τὸν
872 3506 1232 3572 πνευματικὸν
1291 3527 1469 3580 παρα-

740 3589 1064 3659 πέμψωμεν.
1113 3596 1199 3648 Ἐν
1231 3599 1330 3666 μὲν
1377 3597 1466 3656 οὖν

735 3681 847 3741 τοῖς
875 3681 970 3733 ἀνθ
979 3685 1118 3752 ρωπί
1188 3726 1202 3740 .

1613 797 1744 854 Mihi
1791 800 2010 869 quidem
2063 817 2280 874 semper

1546 888 1865 945 utilissimus
1912 892 2127 947 videtur
2146 933 2161 957 ,
2225 905 2282 950 et

1545 978 1744 1034 Christi
1764 983 1933 1036 servis
1956 984 2151 1053 dignus
2168 1000 2284 1039 ser-

1548 1086 1637 1125 mo
1664 1072 1731 1126 de
1758 1075 2090 1129 continentia
2123 1093 2136 1128 :
2165 1093 2283 1133 ma-

1549 1161 1688 1216 xime
1704 1172 1883 1218 autem
1901 1169 2278 1236 temporehoc,

1548 1252 1763 1319 quando
1805 1253 2080 1310 Christum
2108 1247 2282 1312 induti

1548 1343 1700 1409 pueri
1733 1343 1987 1400 Ecclesiae
2029 1362 2141 1415 pra:
2162 1348 2283 1404 aliis

1547 1430 1704 1486 bonis
1738 1434 2126 1490 continentiam
2154 1453 2282 1506 pos-

1547 1524 1725 1578 sidere
1777 1529 2010 1582 maxime
2059 1529 2280 1586 debent.

1545 1619 1714 1675 Nemo
1740 1622 1938 1692 injuste
1975 1625 2058 1678 vel
2085 1625 2281 1681 intem-

1544 1713 1751 1777 pestive
1785 1712 1850 1767 de
1874 1713 2195 1770 fortitudine
2221 1723 2278 1770 et

1545 1805 1838 1860 certamine
1863 1805 2060 1860 factum
2087 1808 2283 1863 dixerit

1545 1908 1848 1950 sermonem
1871 1937 1886 1960 ,
1919 1912 2041 1950 eum
2069 1898 2284 1953 athleta:

1539 1983 1689 2051 juxta
1764 1983 2066 2054 Olympicas
2137 1987 2280 2057 leges

1543 2083 1885 2128 exercentur.
1911 2076 2094 2144 itaque
2113 2085 2167 2130 et
2184 2093 2282 2131 nos

1544 2177 1689 2216 nunc
1701 2164 2132 2220 athletasChristi
2147 2183 2282 2236 quos

1547 2253 1793 2307 videmus
1822 2255 2093 2324 accepisse
2112 2257 2282 2310 virtu-

1549 2350 1654 2396 tem
1673 2357 1700 2396 a
1719 2343 1919 2411 Spiritu
1959 2355 2179 2414 propter
2198 2346 2283 2399 di-

1550 2431 1672 2487 vina
1694 2442 2050 2496 sacramenta,
2071 2433 2136 2487 ad
2155 2449 2274 2505 ago-

1549 2537 1668 2574 nem
1687 2523 2022 2590 spiritualem
2042 2524 2279 2591 missuri,

1549 2611 1741 2664 merito
1753 2611 1820 2665 de
1833 2613 2161 2667 continentia
2174 2615 2257 2668 dis

1547 2699 1793 2752 serimus.
1878 2699 1936 2752 in
1993 2701 2282 2757 mundanis

1546 2787 1690 2839 enim
1735 2789 2117 2844 certaminibus
2161 2800 2281 2858 post

1544 2877 1825 2930 victoriam
1890 2893 2143 2944 coronat;
2224 2881 2280 2934 in

1543 2966 1740 3021 Christi
1828 2976 2004 3020 autem
2094 2969 2282 3023 stadiis

1543 3064 1664 3108 ante
1719 3055 1996 3108 victoriam
2049 3072 2277 3112 coronae.

1542 3143 1715 3209 Quare
1766 3155 1942 3200 autem
1995 3159 2279 3204 coronatos

1544 3236 1598 3288 in
1676 3249 1899 3304 agonem
1959 3237 2123 3291 mittit
2181 3253 2279 3292 nos

1541 3325 1812 3380 Christus?
1842 3328 1910 3382 Ut
1946 3338 2146 3382 metum
2193 3330 2278 3383 in-

1542 3420 1709 3473 cutiat
1755 3421 2100 3485 adversariis,
2153 3439 2278 3477 seu-

1540 3521 1737 3576 susque
1786 3518 1998 3565 nostros
2048 3513 2217 3582 erigat
2259 3531 2275 3568 :

1541 3610 1600 3654 ut
1653 3601 1716 3654 ad
1770 3601 2027 3656 honorem
2081 3619 2109 3656 a
2167 3606 2276 3659 Deo

1537 3688 1694 3742 nobis
1721 3689 1902 3742 datum
1936 3700 2237 3757 spectantes
2254 3734 2269 3756 ,

734 3761 864 3814 nihil
927 3762 1190 3829 indignum
1234 3761 1451 3813 Domino
1510 3763 1592 3814 vei
1639 3763 1947 3829 loquamur,
1989 3766 2070 3816 vel
2117 3767 2272 3816 faeta-

734 3863 871 3902 mus.
931 3848 1058 3902 Nam
1100 3849 1142 3900 si
1192 3863 1282 3901 rex
1311 3848 1496 3916 aliquis
1525 3863 1750 3917 purpura
1777 3850 1994 3902 amictus
2018 3891 2032 3912 ,
2063 3865 2280 3903 corona—

731 3953 834 4008 que
869 3948 1022 4006 caput
1067 3947 1310 4000 ornatus,
1342 3947 1395 3991 et
1448 3939 1614 3992 victus
1642 3947 1838 3991 natura:
1885 3937 2270 3998 ail‘ectionibus.

732 4028 997 4095 indignum
1025 4027 1265 4094 quiddam
1286 4027 1423 4095 regia
1454 4027 1724 4094 majestate
1754 4027 1954 4091 fecerit,
1986 4042 2104 4080 mox
2136 4037 2192 4080 ut
2220 4029 2270 4081 itt

732 4118 927 4184 regiam
967 4118 1151 4167 stolam
1196 4116 1477 4182 aspexerit,
1529 4117 1775 4171 emendat
1824 4131 1914 4179 se,
1961 4131 2276 4186 operamque

729 4205 819 4258 dat
847 4220 910 4257 ne
939 4205 1152 4271 posthac
1193 4218 1222 4254 a
1260 4203 1409 4256 fu‘dis
1447 4205 1684 4257 vincatur
1713 4207 2099 4273 cupiditatibus.
2130 4207 2194 4259 Et
2219 4219 2274 4260 ιιι

729 4310 932 4361 quoque
978 4293 1186 4346 indutus
1216 4294 1516 4356 Christum,
1550 4295 1704 4348 vitata
1753 4297 1885 4362 turpi
1919 4297 2107 4349 animus
2141 4311 2274 4352 con-

728 4383 1043 4448 t'upisceutia
1071 4423 1084 4442 ,
1113 4382 1175 4433 ad
1205 4383 1431 4434 divinam
1479 4383 1652 4435 statim
1681 4383 1864 4435 stolam
1897 4384 2120 4449 respice,
2153 4399 2266 4437 me‘

727 4471 927 4538 liorque
957 4471 1126 4522 statim
1158 4471 1280 4533 eris,
1312 4487 1477 4537 neque
1499 4472 1705 4539 maligni
1735 4471 1933 4524 artibus
1962 4471 2266 4525 oll'enderis.

727 4559 882 4626 igitur
927 4557 1198 4625 pulchrum
1227 4558 1433 4625 quidem
1480 4562 1852 4613 continentiam
1898 4561 2268 4615 commendare

723 4647 983 4711 laudibus,
1009 4646 1268 4713 pulchrius
1289 4656 1461 4699 autem
1495 4648 1786 4714 possidere.
1815 4649 1878 4699 Et
1906 4662 2032 4702 sane
2053 4663 2154 4702 noo
2180 4664 2271 4717 pa-

724 4752 838 4790 rum
869 4736 933 4789 ad
975 4737 1344 4790 continentiam
1390 4739 1702 4800 incitantur,
1730 4739 1816 4806 qui
1855 4740 2073 4791 multum
2103 4739 2169 4793 de
2201 4754 2263 4792 ea

723 4824 1002 4893 loquuntur
1027 4834 1078 4876 et
1101 4825 1332 4876 audiunt.
1360 4828 1525 4892 Atque
1542 4841 1654 4878 eam
1673 4827 1740 4877 ob
1765 4841 1874 4878 rem
1903 4828 2117 4880 virtutes
2143 4842 2267 4880 sau-

723 4925 923 4970 Ctorum
973 4914 1231 4967 celebrati
1286 4914 1444 4965 sacris
1488 4914 1766 4980 Seripturis
1793 4915 1956 4967 voluit
2004 4915 2161 4977 Deus,
2213 4927 2269 4969 ut

723 5017 906 5054 omnes
957 5001 1196 5053 homines
1231 4999 1282 5051 itt
1319 5001 1528 5052 illorum
1577 5003 1845 5054 trahantur
1890 5003 2264 5065 imitationem,

723 5092 1038 5158 vestigiaqne
1064 5091 1265 5142 illorum
1298 5090 1572 5158 diligenter
1591 5092 1855 5158 sequendo
1878 5096 2109 5160 persuasi
2134 5109 2263 5148 eon-

729 5181 998 5234 tinentiam
1038 5190 1238 5246 parent.
1270 5180 1473 5233 Etenim
1504 5180 1546 5231 si
1584 5181 1633 5231 in
1675 5181 1931 5248 gymnicis
1958 5184 2263 5235 certamini-

724 5272 818 5323 hus
850 5269 1112 5338 plerique,
1143 5270 1264 5320 visis
1287 5269 1496 5321 athletis
1521 5271 1781 5321 coronatis
1802 5310 1814 5325 .
1842 5271 2042 5322 accensi
2064 5311 2078 5335 ,
2108 5273 2263 5325 etiam

722 5362 815 5426 ipsi
845 5376 901 5413 se
929 5368 1184 5413 exuerunt
1208 5400 1221 5422 ,
1253 5369 1306 5411 et
1331 5360 1520 5412 multos
1553 5360 1774 5412 sudores
1812 5360 2116 5428 laboresque
2147 5377 2265 5428 per-

721 5455 968 5513 tulerunt,
1006 5459 1057 5500 ut
1089 5450 1245 5500 ramis
1279 5449 1356 5500 vel
1386 5451 1513 5500 olea:
1553 5451 1628 5500 vel
1679 5449 1806 5501 lauri
1837 5461 2212 5503 coronarentur
2245 5470 2257 5503 :

719 5549 906 5606 quanta
937 5554 1057 5606 ergo
1089 5553 1181 5591 nos
1219 5542 1460 5590 Convenit
1495 5537 1764 5590 alacritate
1810 5553 1903 5604 pro
1947 5539 2261 5593 continentia

719 5632 935 5683 sudores
961 5630 1112 5688 ferre,
1137 5629 1340 5696 quando
1361 5628 1488 5680 alios
1512 5642 1539 5679 a
1569 5627 1675 5681 Deo
1703 5638 1980 5681 coronatos
2002 5631 2257 5692 videmus,

719 5730 772 5770 ut
825 5718 1115 5770 ca-lestihus
1179 5718 1513 5770 redimiamur
1567 5719 1813 5782 coronis,
1871 5728 2082 5786 propter
2129 5721 2260 5774 bona

718 5806 1063 5874 salutariaque
1092 5804 1360 5861 facinora?
1387 5805 1658 5872 Quomodo
1689 5821 1791 5860 non
1821 5822 1978 5874 grave
2000 5817 2050 5861 et
2092 5808 2251 5860 multa

2389 808 2466 865 ira
2521 807 2769 877 dignum,
2819 808 2864 863 si
2922 810 3144 864 athletas
3192 809 3401 866 allectet
3457 811 3638 867 folium
3686 815 3821 868 lauri
3867 818 3935 869 vel

2388 898 2561 963 olivae,
2589 906 2643 953 et
2674 898 2839 969 gloria
2887 900 3199 954 transitoria:
3241 901 3394 971 hujus
3443 906 3564 959 vita:
3592 923 3605 958 ε
3643 923 3741 960 nos
3768 919 3936 963 autem

2389 987 2517 1041 nihil
2547 999 2791 1042 moveant
2816 987 3006 1044 Christi
3029 1005 3263 1055 munera,
3296 1001 3352 1046 ιιι
3374 1007 3582 1049 omnem
3626 997 3932 1065 voluptatem

2381 1089 2744 1142 amoveamus,
2790 1084 2845 1130 et
2887 1079 3128 1131 timorem
3183 1079 3273 1132 Dei
3317 1083 3654 1148 praeferamus
3695 1090 3936 1155 concupi-

2387 1164 2644 1218 scentiis?
2669 1165 2836 1221 Porro
2859 1180 2964 1220 non
2985 1168 3036 1220 in
3062 1169 3187 1222 solis
3213 1172 3508 1227 hominibus
3533 1176 3770 1231 videmus
3794 1179 3932 1232 simi-

2389 1252 2516 1306 lium
2544 1253 2910 1320 imitationem,
2936 1257 3028 1310 sed
3047 1267 3102 1310 et
3148 1258 3198 1311 in
3230 1258 3415 1315 brutis.
3445 1261 3576 1317 Nam
3603 1275 3656 1318 et
3682 1268 3932 1322 columba:

2386 1355 2549 1411 smpe,
2603 1341 2712 1398 visa
2738 1359 2837 1398 una
2873 1346 3133 1410 avolaote,
3157 1349 3338 1402 statim
3381 1362 3668 1418 sequuntur
3703 1370 3886 1411 omnes
3917 1375 3929 1410 :

2386 1443 2439 1488 et
2478 1433 2651 1501 pullus
2676 1448 2986 1503 generosus,
3018 1436 3071 1490 in
3092 1451 3342 1507 equorum
3388 1452 3626 1498 armento
3652 1447 3897 1504 exsiliens
3917 1489 3930 1510 ,

2386 1537 2565 1577 secum
2591 1525 2726 1594 rapit
2753 1539 2910 1580 omne
2929 1537 3245 1582 armentum.
3277 1530 3343 1584 Et
3375 1531 3513 1586 inter
3539 1549 3651 1596 vos,
3684 1543 3742 1588 ut
3770 1536 3823 1590 in
3850 1553 3932 1590 ar-

2384 1621 2562 1665 mento
2588 1611 2801 1677 Christi,
2842 1613 3011 1669 bonus
3046 1624 3128 1670 est
3156 1618 3326 1686 pullus
3365 1619 3560 1689 Joseph
3599 1625 3935 1678 continentis.

2384 1702 2569 1766 simus,
2595 1702 2893 1756 caelestibus
2920 1705 3353 1761 exsultationibus
3387 1711 3452 1762 ad
3481 1711 3564 1765 sui
3593 1712 3931 1768 imitationem

2383 1803 2480 1843 nos
2502 1804 2786 1845 conservos
2808 1807 3022 1847 vocans.
3044 1793 3304 1850 Saltemus
3329 1798 3482 1866 igitur
3507 1813 3625 1852 cum
3661 1801 3802 1856 bono
3842 1806 3932 1856 ad-

2384 1879 2646 1934 olescente
2668 1880 2990 1947 spiritualem
3011 1884 3254 1938 choream
3273 1925 3290 1950 ,
3318 1887 3584 1942 laudantes
3627 1892 3791 1958 ipsius
3814 1908 3932 1947 coo-

2386 1967 2653 2022 tinentiam
2675 2008 2690 2031 ,
2722 1984 2826 2022 non
2869 1972 3041 2024 verbis
3069 1973 3235 2027 solum
3261 2015 3278 2040 ,
3310 1976 3400 2031 sed
3427 1987 3476 2031 et
3519 1994 3736 2048 operum
3765 1983 3930 2036 imita-

2385 2057 2546 2111 tione.
2579 2057 2668 2110 ille
2697 2058 2871 2126 igitur,
2902 2060 2990 2114 ille
3013 2070 3126 2115 erat
3150 2062 3368 2131 diligens
3384 2076 3438 2120 et
3459 2079 3740 2136 perpetuus
3765 2075 3930 2124 muti-

2381 2144 2572 2198 nentite
2590 2154 2768 2202 custos
2791 2188 2806 2213 ,
2832 2163 2950 2204 cum
2977 2161 3155 2219 posset
3181 2154 3374 2223 regina:
3398 2155 3492 2225 ipsi
3516 2157 3780 2226 imperare
3802 2171 3855 2215 et
3881 2164 3930 2216 in

2374 2232 2577 2289 deliciis
2626 2245 2783 2307 atquc
2825 2239 2949 2294 luxu
2987 2240 3198 2297 divitem
3255 2253 3310 2298 et
3357 2246 3702 2316 voluptarium
3749 2265 3924 2320 agere.

2375 2320 2744 2379 Verumtamen
2782 2330 3018 2397 quamvis
3069 2332 3244 2386 talium
3287 2342 3338 2387 et
3369 2345 3628 2391 tantorum
3678 2339 3923 2395 dominus

2375 2408 2605 2478 futurus,
2633 2428 2750 2467 cum
2776 2420 3058 2485 cogitasset
3079 2420 3218 2488 quod
3254 2421 3448 2476 divitiae
3489 2425 3698 2492 quidem
3744 2437 3800 2481 et
3823 2444 3918 2497 po-

2372 2500 2531 2552 tentia
2558 2515 2622 2556 ac
2644 2503 2808 2571 gloria
2837 2520 2954 2559 cum
2983 2510 3224 2574 praesenti
3253 2511 3360 2564 vita
3390 2522 3674 2580 transeant,
3707 2528 3761 2570 et
3791 2530 3921 2572 tem-

2371 2593 2626 2658 poralium
2671 2595 2870 2649 lucrum
2919 2598 3188 2654 dumtaxat
3229 2600 3490 2666 habeant,
3535 2605 3700 2658 solius
3747 2617 3921 2662 autem

2372 2683 2578 2737 virtutis
2615 2686 2788 2739 nullus
2830 2690 2897 2740 sit
2926 2689 3081 2754 linis,
3128 2690 3246 2744 ideo
3285 2692 3633 2760 voluptatibus
3683 2697 3921 2750 timorem

2367 2772 2562 2829 Christi
2590 2815 2605 2840 ,
2634 2785 2692 2830 ut
2717 2776 2922 2832 frenum
2947 2769 3232 2847 quoddam,
3261 2781 3458 2849 injecit.
3509 2784 3724 2838 Divitias
3747 2795 3921 2841 autem

2370 2870 2423 2913 et
2459 2861 2696 2929 delicias,
2725 2879 2786 2918 ac
2832 2868 3205 2934 promissiooes
3246 2869 3471 2922 dominre
3515 2870 3714 2927 derisit.
3757 2875 3917 2928 misc-

2369 2950 2498 3002 riam
2527 2950 2579 3003 in
2605 2965 2817 3006 carcere
2836 2955 3121 3008 dulciorem
3144 2971 3364 3011 censens
3405 2960 3671 3027 prmclaris
3696 2960 3918 3014 domici-

2367 3039 2468 3100 liis,
2499 3042 2701 3094 tametsi
2733 3042 2813 3095 his
2841 3045 2926 3111 qui
2953 3048 3273 3102 excellenter
3299 3047 3510 3102 formosi
3541 3060 3680 3116 sunt,
3710 3052 3920 3106 difﬁcile

2365 3135 2445 3180 est
2470 3127 2728 3196 imperare
2757 3132 3028 3199 voluptati.
3058 3135 3153 3190 llic
3188 3145 3361 3189 autem
3409 3145 3605 3191 tantum
3650 3140 3920 3207 specimen

2366 3217 2596 3270 exhibuit
2631 3220 2987 3287 continentia),
3016 3233 3070 3276 ut
3091 3223 3469 3291 pulchritudine
3491 3227 3674 3278 animae
3694 3228 3918 3294 pulchri-

2365 3306 2596 3361 tudinem
2635 3310 2874 3378 corporis
2905 3315 3208 3376 occultaret,
3251 3315 3416 3368 stella:
3446 3316 3650 3368 cuidam
3684 3317 3915 3381 pulchrm

2367 3392 2690 3451 formositate
2717 3400 2971 3464 corporis.
2999 3402 3196 3469 angelis
3221 3411 3396 3455 autem
3429 3413 3700 3456 venustate
3727 3407 3918 3458 anima:

2368 3482 2736 3536 conferendns.
2766 3484 2872 3538 Nos
2917 3495 3091 3540 autem
3125 3487 3276 3541 decet
3298 3489 3541 3541 admirari
3565 3530 3580 3553 ,
3613 3505 3718 3543 non
3745 3491 3917 3545 solum

2359 3573 2714 3628 adolescentis
2750 3575 3123 3628 continentiam
3149 3616 3164 3641 ,
3193 3577 3282 3629 sed
3309 3588 3360 3630 et
3389 3580 3610 3646 pericula
3633 3619 3648 3641 ,
3677 3595 3799 3647 qua:
3827 3597 3919 3648 pro

2365 3661 2450 3714 illa
2499 3663 2781 3729 sustinuit,
2810 3665 2899 3732 qui
2926 3675 3092 3719 morte
3133 3667 3340 3734 gravius
3366 3681 3426 3720 ac
3454 3668 3733 3721 terribilius
3779 3670 3918 3737 judi-

2360 3750 2496 3803 cavit
2524 3753 2727 3805 servire
2763 3753 3133 3820 voiuptatibus.
3171 3755 3525 3809 Admirabitur
3568 3767 3778 3822 autem,
3828 3759 3915 3828 qui

2362 3841 2604 3894 virtutem
2654 3843 2818 3910 ipsius
2867 3844 3141 3911 diligenter
3184 3847 3524 3914 cognoverit,
3574 3857 3623 3900 et
3671 3857 3913 3915 tempora

2365 3932 2671 3996 cxpenderit
2702 3933 2754 3985 in
2782 3933 2971 3999 quibus
3009 3934 3232 3986 animant
3275 3950 3455 4003 puram
3500 3938 3749 3990 servavit.
3781 3937 3915 3992 Nam

2364 4019 2662 4088 priusquam
2717 4022 2767 4073 in
2815 4032 2949 4075 terra
2977 4032 3029 4076 et
3082 4023 3329 4076 Dominus
3355 4034 3408 4078 et
3450 4025 3632 4093 Opifex
3681 4026 3914 4078 universi

2361 4111 2618 4176 apparuit,
2665 4110 2954 4164 libertatem
2980 4111 3258 4164 custodivit
3285 4114 3494 4166 mentis.
3548 4113 3601 4164 In
3628 4112 3790 4166 domo
3815 4114 3913 4165 int-

2361 4201 2564 4268 piorum
2613 4202 2971 4268 educabatur,
3020 4203 3213 4256 multos
3267 4202 3488 4255 habebat
3533 4202 3598 4254 ad
3647 4202 3915 4256 deteriora

2360 4289 2717 4354 adhortantes,
2763 4293 2973 4346 carebat
3016 4292 3352 4345 continentia:
3395 4293 3656 4359 magistre.
3711 4291 3912 4346 Omnes

2361 4379 2611 4445 voluptati
2642 4381 2958 4443 serviebant,
2989 4383 3160 4434 ventri
3193 4381 3547 4449 indulgebant,
3577 4382 3704 4434 nihil
3747 4384 3912 4450 pium,

2363 4463 2488 4516 nihil
2514 4477 2752 4519 sanctum
2778 4467 3067 4522 faciebant:
3095 4479 3323 4522 attamen
3349 4470 3396 4520 in
3419 4478 3675 4522 tantorum
3701 4471 3915 4524 talium-

2361 4569 2463 4621 que
2491 4555 2764 4622 impiorum
2791 4572 3004 4622 corona,
3039 4558 3216 4611 videns
3240 4559 3504 4612 dominam
3547 4559 3913 4626 intemperan-

2363 4651 2466 4694 tem
2490 4641 2662 4709 jacere
2682 4683 2695 4707 ,
2725 4645 3006 4697 cazlestium
3037 4646 3398 4698 thesaurorum
3436 4646 3669 4714 proditor
3699 4663 3809 4700 non
3837 4656 3916 4700 est

2362 4728 2546 4795 Laetus,
2585 4731 2675 4784 sed
2721 4731 2945 4799 Spiritus
2988 4734 3240 4802 templum
3285 4734 3692 4800 indeprtedahilc
3737 4745 3918 4788 custo-

2361 4823 2507 4887 divit,
2537 4825 2734 4878 malens
2763 4825 2894 4877 mori
2915 4865 2928 4886 ,
2959 4841 3113 4890 quam
3141 4826 3340 4878 servire
3383 4825 3764 4892 voluptatibus.
3803 4824 3915 4878 Non

2361 4915 2595 4968 audierat
2624 4914 2838 4967 Paulum
2877 4914 3134 4968 dicentem
3159 4955 3173 4973 ,
3215 4929 3432 4982 corpora
3461 4925 3635 4968 nostra
3676 4916 3918 4969 membra

2361 5003 2551 5056 Christi
2606 5018 2726 5057 esse
2779 5004 2866 5070 (l.
2899 5003 3012 5055 Cor.
3040 5003 3090 5055 6.
3117 5002 3222 5072 15)
3252 5020 3264 5054 :
3294 5013 3342 5057 ct
3381 5006 3676 5072 priusquam
3708 5005 3919 5058 audiret

2363 5107 2541 5145 vocem
2569 5093 2817 5152 divinam,
2846 5107 2946 5144 non
2976 5094 3145 5144 minor
3164 5096 3402 5162 apparuit
3427 5096 3488 5146 iis
3510 5095 3594 5162 qui
3615 5094 3918 5149 ca-leslibtts

2363 5183 2796 5248 promissionihus
2828 5183 3065 5235 honorati
3087 5193 3227 5245 sunt,
3247 5184 3442 5236 docens
3467 5198 3560 5236 nos
3588 5183 3637 5233 in
3662 5183 3920 5237 Ecclesiis

2363 5286 2516 5337 quam
2549 5280 2787 5337 oporteat
2819 5284 2913 5322 nos
2943 5283 3144 5324 certare
3165 5313 3179 5336 ,
3211 5282 3264 5326 et
3309 5272 3665 5337 incorruptam
3699 5285 3918 5325 servare

2362 5359 2610 5410 animant.
2640 5359 2766 5411 Nam
2808 5361 2849 5411 si
2877 5374 2997 5426 ego,
3030 5359 3208 5414 dicere
3234 5369 3407 5429 potest
3429 5358 3644 5425 .Ioseph,
3679 5361 3774 5426 qui
3803 5371 3921 5412 ante

2365 5460 2538 5501 natum
2571 5449 2832 5500 Christum
2871 5449 2958 5512 fui,
2987 5465 3083 5502 nec
3116 5449 3286 5502 audivi
3327 5447 3586 5501 excelsum
3617 5450 3919 5513 apes-tolum

2366 5540 2577 5592 Paulum
2593 5538 2919 5600 clamantem,
2942 5553 3157 5604 corpora
3183 5549 3354 5589 nostra
3377 5537 3610 5589 membra
3633 5550 3757 5588 esse
3781 5536 3922 5590 Chri-

2365 5629 2427 5680 sti
2450 5668 2463 5691 ν
2497 5627 2665 5692 putavi
2704 5627 2791 5678 Dei
2822 5642 3003 5678 servos
3040 5627 3226 5679 decere
3270 5636 3322 5676 ut
3353 5625 3611 5690 imperent
3641 5626 3917 5693 voluptati,

2366 5734 2460 5771 nec
2478 5717 2839 5770 iuventussum
2862 5717 3190 5769 continentia:
3207 5715 3469 5777 decoctor,
3489 5716 3730 5782 quamvis
3758 5720 3918 5771 multa

2366 5803 2588 5872 pericula
2613 5815 2790 5872 parata
2820 5803 3051 5858 viderem
3084 5822 3093 5856 :
3126 5811 3371 5872 quantum
3401 5817 3491 5858 vos
3520 5805 3773 5860 convenit
3799 5821 3916 5861 cum
