4112 6516
158 457 276 514 293

151 566 346 619 timore
374 573 428 619 et
452 574 686 620 tremore
710 565 882 619 vivere
908 565 958 618 in
981 565 1296 620 continentia
1322 607 1336 631 ,
1368 574 1424 621 ut
1449 580 1515 620 ne
1540 580 1700 636 appa-

150 656 317 710 reatis
334 657 529 725 indigni
546 658 762 719 honore,
785 664 917 710 etne
940 658 1170 711 membra
1188 657 1377 712 Christi
1396 656 1521 712 ﬂant
1538 673 1706 712 mem-

153 745 247 797 bra
271 746 455 799 scorti!
488 745 598 799 Hoc
625 746 834 800 verbum
858 754 1031 814 potest
1052 761 1259 800 omnem
1283 747 1508 800 animam
1538 750 1708 801 conti-

155 833 337 884 nentia
370 832 591 895 munire,
628 834 723 885 hoc
743 835 955 886 verbum
985 835 1229 888 ardentes
1260 836 1707 903 concupiscentias

156 920 313 973 facile
335 921 623 988 restinguit.
661 921 837 989 Neque
865 922 1030 975 imber
1058 924 1110 975 in
1138 923 1304 990 ignem
1328 924 1518 977 cadens
1545 926 1611 977 ita
1637 924 1709 977 fa-

157 1010 261 1062 cile
280 1010 542 1062 flannnam
560 1010 821 1078 deprimit,
840 1021 895 1063 ut
912 1012 1076 1063 malas
1104 1014 1551 1079 concupiscentiae
1574 1030 1709 1066 mar-

158 1110 376 1150 cescere
399 1096 521 1148 facit
545 1111 719 1148 sermo
745 1097 830 1149 ille
869 1098 920 1149 in
946 1098 1168 1149 animam
1190 1099 1466 1152 admissus.
1487 1100 1707 1154 Eosdem

158 1200 437 1239 sermones
466 1185 612 1238 nobis
639 1186 774 1253 loqui
807 1197 859 1238 et
888 1201 1103 1254 magnus
1119 1186 1216 1241 Job
1246 1197 1417 1255 potest
1436 1229 1449 1249 .
1492 1188 1577 1255 qui
1607 1205 1708 1241 non

158 1274 334 1326 solum
363 1274 585 1342 diligens
614 1274 946 1328 continentia:
997 1276 1091 1329 fuit
1139 1278 1469 1339 exercitatum
1518 1279 1608 1330 sed
1660 1286 1707 1333 et

160 1364 334 1432 legem
362 1363 524 1415 oculis
550 1363 656 1416 suis
688 1364 856 1431 posuit
880 1404 894 1426 .
928 1379 992 1417 nc
1019 1364 1069 1416 in
1114 1364 1325 1431 virginis
1356 1364 1591 1416 viderent
1631 1363 1707 1415 fa~

158 1453 320 1513 ciem,
350 1466 416 1503 ne
433 1450 564 1505 forte
584 1462 808 1505 mentem
834 1452 968 1504 illius
989 1452 1239 1504 irradians
1257 1459 1466 1519 raperet
1486 1452 1707 1519 pulchri-

164 1539 295 1591 tudo
347 1537 480 1603 (Job
510 1540 595 1593 3f.
625 1539 685 1608 i)
715 1556 727 1592 :
754 1540 990 1607 quamvis
1016 1541 1130 1607 quis
1159 1555 1258 1593 non
1289 1540 1633 1593 admiraretur
1656 1543 1711 1588 et

164 1617 598 1683 obstupesceret,
629 1617 812 1671 videns
842 1630 1001 1667 cirum
1035 1616 1168 1665 hunc
1197 1628 1313 1665 cum
1352 1612 1559 1665 diabolo
1586 1612 1705 1679 qni-

164 1704 286 1759 dem
316 1705 532 1757 viriliter
559 1713 778 1766 certare,
806 1713 859 1756 et
880 1716 1060 1754 omnes
1083 1701 1287 1769 maligni
1314 1699 1580 1754 machinas
1602 1701 1710 1753 vin-

163 1809 310 1857 cere,
346 1795 554 1862 virginis
592 1800 763 1846 autem
796 1792 977 1844 faciem
1021 1792 1196 1857 lugere
1222 1830 1235 1852 .
1293 1800 1342 1841 et
1390 1804 1415 1839 a
1468 1787 1707 1841 formosa:

165 1884 357 1949 puellze
385 1892 596 1949 aspectu
629 1882 807 1935 oculos
836 1880 1163 1933 subducere?
1195 1878 1462 1930 Diabolum
1498 1876 1706 1945 quidem

167 1971 353 2023 videns
389 1971 717 2025 accedentem
748 1985 851 2023 non
898 1970 1063 2037 fugit,
1106 1969 1197 2022 sed
1244 1970 1430 2021 mansit
1467 1970 1597 2021 sicut
1628 1968 1709 2021 leo

164 2060 369 2112 viribus
396 2060 560 2114 fidens
590 2077 602 2112 :
633 2061 829 2128 virgine
855 2071 1029 2112 autem
1057 2060 1162 2112 visa
1196 2074 1297 2110 non
1324 2059 1466 2111 slctit
1490 2097 1505 2121 ,
1540 2072 1707 2125 neque

165 2152 405 2196 moratus
431 2143 480 2195 in
514 2142 804 2195 contnenda
856 2141 1261 2209 pulchritudine,
1294 2140 1383 2193 sed
1412 2141 1588 2192 statim
1618 2153 1707 2194 se-

165 2231 349 2284 cessit.
391 2230 650 2284 Censebat
680 2231 919 2283 nimirum
953 2231 1001 2282 in
1031 2230 1209 2297 przelio
1237 2240 1412 2281 contra
1444 2229 1707 2281 daemones

168 2318 306 2370 virili
331 2327 383 2371 et
423 2318 604 2371 audaci
630 2320 802 2370 animo
848 2334 977 2386 opus
1025 2336 1036 2369 :
1069 2319 1117 2370 in
1158 2318 1489 2371 Continentia:
1530 2324 1706 2368 autem

169 2407 553 2474 praeparatione
595 2407 858 2460 victoriam
913 2407 1146 2469 concedi,
1196 2422 1297 2459 non
1345 2420 1408 2459 ex
1455 2405 1706 2473 virginum

167 2497 546 2551 consuetudine
567 2536 582 2561 ,
609 2497 701 2550 sed
742 2512 972 2550 secessu.
1013 2497 1252 2564 Quisquis
1278 2496 1431 2563 igitur
1459 2494 1710 2560 promittit

168 2586 545 2653 virginitatem,
561 2587 775 2654 accipiat
799 2587 1010 2640 consilia
1029 2584 1456 2638 continentissimi
1477 2584 1707 2636 omnium

168 2673 460 2737 hominum,
488 2674 573 2739 qui
601 2684 655 2727 et
681 2676 790 2741 ipse
815 2684 934 2727 ante
959 2673 1219 2726 Christum
1251 2674 1570 2724 incarnatum
1602 2680 1704 2723 tam

167 2762 390 2830 diligens
408 2764 738 2816 continentia:
760 2762 854 2815 fuit
878 2774 1070 2815 custos.
1090 2761 1265 2829 Neque
1286 2763 1421 2813 enim
1442 2761 1707 2829 negligen-

171 2860 251 2903 ter
273 2851 586 2904 andiendum
608 2887 623 2909 .
653 2852 788 2919 quod
816 2861 937 2905 ante
958 2851 1216 2904 Christum
1259 2852 1580 2904 incarnatum
1608 2866 1705 2918 ap-

173 2940 441 3005 paruerint
464 2940 585 3006 justi
608 2948 803 2992 tantum
826 2939 1153 2991 continentia:
1179 2939 1440 3006 specimen
1459 2938 1709 2991 exhiben-

173 3036 268 3079 tes.
302 3027 414 3080 Non
464 3029 599 3081 enim
647 3038 759 3081 erat
802 3027 937 3095 quod
968 3037 1105 3079 tanta
1130 3028 1178 3079 vi
1207 3026 1269 3079 ad
1301 3027 1541 3079 virtutem
1569 3026 1705 3078 illam

171 3125 401 3183 urgeret,
425 3131 590 3184 neque
611 3117 890 3183 virginibus
916 3118 1112 3169 crimen
1139 3127 1249 3169 erat
1275 3116 1509 3182 neglecta
1536 3115 1704 3167 conti-

171 3205 361 3256 ncntite
392 3206 667 3271 possessio.
699 3204 969 3269 Quomodo
1007 3215 1176 3257 autem
1226 3204 1355 3256 hoc?
1384 3203 1512 3269 Quia
1556 3202 1708 3269 hujus

171 3305 346 3344 causa:
365 3291 529 3359 gratia
552 3291 688 3344 Deus
714 3292 969 3353 excelsus,
994 3294 1357 3344 universorum
1382 3289 1585 3359 Opifex,
1610 3306 1706 3342 no-

169 3387 333 3431 stram
365 3382 567 3447 accepit
596 3379 813 3432 formam
838 3421 852 3446 ,
888 3390 943 3432 ut
984 3380 1282 3447 angelorum
1312 3379 1707 3433 sanctimoniam

169 3482 234 3520 ex
254 3469 384 3520 caslo
398 3468 692 3523 deduceret.
717 3469 931 3535 Quando
951 3470 1103 3537 igitur
1124 3470 1359 3521 homines
1372 3478 1490 3536 post
1508 3478 1705 3520 tantum

171 3555 426 3611 honorem
468 3559 814 3626 voluptatibus
848 3573 904 3612 se
934 3560 1260 3626 tnancipant,
1287 3557 1384 3611 dici
1412 3558 1589 3625 nequit
1630 3567 1704 3609 te-

169 3647 425 3698 meritatis
476 3648 777 3715 magnitudo
806 3688 821 3711 ,
864 3662 963 3716 qna
992 3648 1222 3700 membra
1253 3647 1444 3700 Christi
1476 3646 1705 3699 membra

169 3736 457 3789 meretricis
481 3734 748 3799 facientes,
775 3737 972 3789 Domini
1001 3736 1407 3789 miseriCordiain
1454 3734 1701 3791 afliciunt.

1280 445 1365 503 DE
1401 444 1903 505 CONSOLATIONE
1940 446 2201 503 ιιοῐιτιδ.

3238 472 3346 527 294

1824 565 1875 607 et
1900 565 2141 623 quantum
2173 557 2223 610 in
2256 556 2331 611 eis
2356 568 2456 620 est,
2485 573 2665 611 vanam
2706 559 2947 614 reddunt.
2978 560 3211 616 Audtunt
3238 566 3348 613 d:e~

1824 656 2022 705 mones,
2049 653 2104 697 et
2127 644 2327 708 timent,
2355 646 2472 712 quia
2503 647 2638 699 Deus
2660 663 2760 699 non
2788 649 3027 703 connivet
3054 657 3111 702 ut
3134 649 3354 717 conjun-

1822 741 2007 796 gantur
2048 732 2164 795 sibi,
2220 746 2317 786 nos
2368 742 2539 785 autem
2587 734 2683 787 sibi
2731 735 2993 803 adjungat.
3045 736 3110 789 Et
3158 737 3353 790 audent

1822 820 2045 874 fidelium
2071 822 2277 889 quidam
2306 822 2610 877 abscindere
2634 839 2690 877 se
2711 840 2738 876 a
2779 825 3005 892 Christo,
3036 834 3091 881 at
3130 827 3350 896 jungere

1822 908 2175 963 meretricibus
2196 910 2218 961 i
2246 908 2358 961 Non
2377 918 2568 961 tantum
2592 918 2671 961 est
2687 913 2874 963 malum
2892 928 2921 965 e
2940 914 3067 965 c.elo
3097 915 3146 966 in
3176 916 3339 968 lutum

1819 995 2023 1059 cadere,
2049 1006 2293 1063 quantum
2337 998 2525 1050 malum
2558 998 2711 1052 fuerit
2740 1001 3024 1054 membrum
3050 1002 3238 1055 Christi
3268 1003 3347 1055 fa-

1820 1092 1959 1134 ctum
1998 1097 2025 1135 a
2056 1082 2231 1135 divino
2258 1084 2456 1137 honore
2483 1086 2745 1146 excidere,
2795 1098 2847 1141 et
2894 1090 3181 1143 membrum
3238 1092 3348 1148 fieri

1822 1172 1999 1223 scorti.
2028 1170 2241 1234 Quando
2268 1172 2422 1237 Igitur
2453 1174 2867 1241 concupiscentia
2898 1177 3027 1229 mala
3072 1178 3356 1232 inflammat

1819 1260 2081 1319 animam,
2118 1259 2290 1310 statim
2332 1259 2605 1313 recordare
2654 1262 2880 1324 Christi,
2930 1264 3094 1331 cogita
3150 1264 3355 1318 adstare

1821 1344 1911 1396 tibi
1936 1345 2145 1398 Paulum
2176 1346 2560 1409 adhortantem,
2579 1363 2639 1401 ac
2665 1350 2921 1402 dicentem
2951 1369 2963 1403 :
2987 1350 3201 1403 Nescitis
3221 1354 3354 1417 quod

1819 1449 2026 1500 corpora
2051 1444 2207 1485 vestra
2249 1436 2461 1487 membro
2502 1447 2614 1489 sunt
2655 1436 2869 1491 Christi?
2915 1437 3097 1491 Cereus
3141 1441 3356 1492 membra

1819 1521 2017 1581 Christi,
2048 1522 2262 1589 faciasne
2290 1524 2501 1575 membra
2530 1526 2677 1577 scorti
2693 1526 2764 1593 (f.
2787 1526 2901 1579 Cor.
2929 1526 2979 1578 6.
3014 1526 3133 1595 15)?
3160 1529 3211 1580 Si
3242 1528 3357 1579 illo-

1819 1623 1933 1660 rum
1980 1610 2253 1663 verborum
2297 1610 2457 1664 fueris
2512 1614 2831 1678 recordatus,
2862 1618 3032 1667 statim
3076 1615 3352 1683 fugientem

1817 1698 2013 1751 vldcbis
2044 1701 2373 1767 voluptatem.
2413 1700 2539 1753 Nam
2573 1702 2614 1753 si
2660 1704 2869 1756 ancillas
2896 1703 3103 1756 domina
3134 1713 3272 1757 casta
3303 1714 3356 1757 et

1821 1786 2001 1852 pudica
2032 1788 2331 1855 turpitudini
2358 1789 2556 1843 deditas
2580 1791 2751 1843 statim
2780 1791 2892 1843 solo
2911 1801 3120 1858 aspectu
3143 1792 3354 1860 pudicas

1820 1874 1942 1927 facit
1971 1890 1982 1924 :
2010 1875 2130 1941 quid
2160 1876 2364 1937 mirum,
2398 1877 2438 1928 si
2492 1876 2782 1930 titillantem
2813 1878 3130 1945 voluptatem
3161 1879 3353 1933 Christi

1819 1963 2065 2015 memoria
2108 1964 2280 2015 statim
2330 1964 2503 2031 sopit?
2546 1964 2762 2032 Semper
2801 1981 3009 2019 crucem
3052 1967 3182 2020 habe
3234 1976 3355 2021 ante

1818 2050 1996 2101 oculos
2041 2061 2156 2103 tuos
2197 2051 2503 2115 radiantem,
2547 2061 2597 2104 et
2622 2068 2781 2120 purus
2824 2068 2850 2104 a
2905 2056 3127 2119 peccatis
3167 2068 3259 2121 per
3300 2053 3352 2108 id

1819 2140 2066 2205 temporis
2088 2140 2271 2193 abibis.
2294 2139 2418 2192 Nam
2443 2141 2574 2193 sicut
2592 2142 2831 2193 columna
2866 2142 3035 2206 nubis,
3067 2143 3225 2209 figura
3256 2156 3350 2194 no-

1818 2238 1940 2279 straa
1968 2228 2156 2290 crucis.
2191 2230 2521 2282 llehrmorum
2545 2230 2924 2283 multitudinem
2949 2232 3266 2299 pretegebat,
3287 2249 3351 2286 ne

1820 2317 1942 2383 quid
1969 2318 2087 2370 mali
2110 2318 2176 2370 ab
2204 2318 2461 2388 Algyptiis
2488 2329 2751 2387 {niteretur
2775 2320 2963 2389 (Exod.
2996 2323 3079 2375 15.
3110 2322 3171 2375 2|
3198 2324 3214 2391 )
3239 2339 3254 2386 ;
3282 2324 3350 2374 ita

1817 2418 1942 2457 crux
1965 2415 2084 2457 ante
2110 2408 2286 2459 oculos
2312 2409 2416 2459 visa
2439 2423 2643 2460 onmem
2669 2409 2839 2461 statim
2873 2409 3034 2477 abigit
3054 2410 3238 2462 malam
3268 2426 3353 2464 vo-

1820 2492 2085 2558 luptatem.
2118 2494 2237 2548 Hzec
2279 2496 2415 2548 enim
2453 2497 2594 2550 salus
2629 2506 2710 2550 est
2758 2498 2963 2554 animm.
2997 2498 3352 2569 fmdarumque

1815 2582 2345 2649 coneupiscentiarum
2372 2586 2577 2639 salubre
2603 2588 2911 2640 antidotum.
2960 2589 3161 2641 Etenim
3191 2590 3338 2643 infir-

1817 2670 2020 2722 mitates
2068 2672 2301 2738 corporis
2339 2673 2658 2726 medicorum
2688 2686 2827 2728 artes
2872 2686 3086 2739 sanant,
3115 2680 3338 2732 animam

1814 2769 1983 2813 autem
2012 2770 2255 2828 aegrotant
2277 2771 2459 2814 curant
2484 2765 2656 2816 statim
2676 2765 2875 2833 eloquia
2902 2766 3112 2820 Christi.
3148 2770 3342 2837 Eapro—

1814 2852 1927 2913 pter
1954 2855 2007 2899 et
2031 2862 2122 2899 eos
2154 2849 2239 2915 qui
2274 2859 2577 2914 peccarunt,
2624 2859 2673 2903 et
2710 2852 2875 2905 adhuc
2901 2856 3071 2907 carnis
3097 2858 3336 2909 serviunt

1812 2938 2181 3005 voluptatibus,
2210 2954 2418 2993 oramus
2456 2949 2509 2994 et
2538 2956 2826 3008 precamur,
2878 2954 2931 2995 ut
2958 2946 3258 2999 excitentur
3284 2962 3347 3000 ac

1812 3027 2137 3093 resipiscant,
2178 3044 2242 3081 ne
2282 3030 2492 3081 omnino
2532 3031 2598 3083 ab
2638 3032 2994 3086 affectionibus
3036 3037 3343 3099 vincantur,

1813 3130 1942 3169 neve
1970 3116 2162 3183 impetu
2223 3117 2467 3179 ferantur,
2500 3135 2628 3171 neve
2668 3121 2716 3171 in
2764 3135 2991 3173 amaram
3044 3126 3343 3178 servitutem

1810 3212 1996 3272 sponte
2015 3217 2071 3257 se
2101 3205 2394 3272 subjiciant,
2433 3205 2523 3259 sed
2555 3222 2611 3259 se
2641 3208 2690 3259 in
2724 3209 2835 3261 acie
2856 3220 3139 3277 opponant,
3186 3223 3238 3265 et
3278 3216 3346 3266 ti-

1812 3307 1956 3346 more
1977 3292 2168 3346 Christi
2190 3304 2412 3346 mentem
2430 3294 2787 3357 corroborent,
2819 3311 2878 3348 ac
2906 3298 3113 3365 ejiciant
3138 3315 3197 3354 ex
3223 3315 3347 3355 arce

1809 3396 2019 3449 gravem
2048 3381 2312 3434 dominam
2342 3400 2353 3434 :
2389 3390 2440 3433 nt
2476 3382 2675 3449 abjecta
2702 3385 2841 3437 omni
2875 3388 3074 3439 macula
3097 3429 3110 3451 ,
3140 3398 3189 3440 et
3220 3404 3345 3457 pec-

1810 3472 2035 3523 cantium
2064 3470 2209 3525 turba
2235 3511 2250 3535 ,
2282 3488 2398 3526 cum
2425 3482 2602 3525 sancta
2629 3484 2679 3526 et
2714 3474 3007 3542 incorrupta
3032 3478 3199 3529 anima
3229 3493 3347 3546 pos-

1810 3563 1972 3613 simus
2018 3561 2265 3615 accedere
2292 3560 2357 3613 ad
2386 3560 2557 3614 divina
2599 3573 2652 3616 et
2695 3565 2977 3619 reverenda
3016 3578 3341 3622 sacramenta

1810 3650 1976 3715 magni
2004 3649 2090 3701 Dei
2108 3658 2160 3700 et
2180 3648 2460 3701 Salvatoris
2476 3649 2598 3703 Jesu
2622 3650 2810 3705 Christi
2843 3672 2853 3705 :
2877 3656 2957 3707 cui
2985 3656 3145 3724 gloria
3177 3670 3228 3710 et
3248 3659 3345 3710 im-

1812 3737 2009 3803 perium
2040 3737 2089 3789 in
2115 3738 2301 3790 saecula
2322 3739 2646 3791 smculorum.
2683 3742 2868 3793 Amen.

964 3951 1329 4013 MONITUM
1377 3950 1453 4007 IN
1501 3946 1933 4020 SEQUENTIA
1966 3945 2127 4006 DUO
2182 3945 2594 4005 OPUSCULA.

257 4057 383 4114 llaec
414 4059 665 4128 opuscula
695 4058 813 4128 duo
845 4056 894 4108 in
938 4052 1119 4108 latina
1154 4051 1627 4128 interpretatione,
1664 4065 1781 4117 qure
1802 4049 1933 4128 _sola
1987 4043 2961 4128 superest.‘inveptionern_tamepuet

180 4110 678 4199 ειιῖάέὸεῐὸιὴῖριέω
703 4110 758 4180 se
793 4126 990 4184 ferunt.
1024 4110 1349 4189 omninoque
1366 4122 1523 4188 digna
1556 4110 1741 4199 sancto
1785 4119 2001 4199 doctore
2020 4110 2164 4167 sunt.
2206 4112 2420 4199 Aliquid
2447 4121 2621 4189 tamen
2648 4110 3366 4199 slispieioni‘sns'uc‘elu:nunc:

182 4172 1481 4257 ἦὸἱῖιῖὂῖἕᾶιιἧὲὲῐῖιὶῖιζῖιὶὶὸἰίίέέὀιιῖριέτρηῖ
1533 4188 1601 4257 ab
1631 4188 1745 4253 ipso
1778 4186 1980 4257 Joanne
2004 4193 2186 4257 nostro
2228 4172 2368 4257 edita
2400 4180 2580 4240 fuisse.
2607 4179 2697 4231 sed
2730 4172 3055 4257 amquopiam
3082 4172 3367 4257 alioiﬁqui

186 4281 251 4320 ex
281 4265 445 4318 variis
471 4265 585 4331 ejus
615 4263 742 4316 locis
765 4263 878 4315 hare
923 4252 992 4314 ita
1039 4252 1506 4331 consarcinaverit.
1533 4254 1672 4331 Utut_
1690 4269 1774 4306 res
1801 4264 1901 4316 est,
1932 4253 2041 4331 lucc
2079 4252 2235 4318 digna

184 4323 545 4404 publicentur.
579 4331 947 4404 Prmmittimus
983 4339 1158 4383 autem
1190 4326 1615 4404 Admonitionem
1651 4323 1892 4404 fratrum
1917 4330 2223 4404 nostrorum

2316 4239 2579 4326 lane__sunt
2604 4262 2720 4315 qua:
2752 4239 3109 4326 Chrys'ostomi
3148 4239 3369 4326 nomine

2343 4308 2749 4376 nedictinornm,
2784 4308 2875 4382 qui
2905 4308 3370 4382 EditionemOpe-

185 4380 1153 4470 ruimudi'vi‘A-ug—ust—ini"curaverunt,
1174 4406 1227 4450 et
1256 4405 1407 4449 sexto
1434 4386 1599 4446 Tomo
1632 4407 1683 4460 p.
1714 4390 1817 4445 259
1846 4401 1900 4444 et
1935 4405 2081 4457 seqq.
2127 4390 2239 4442 bam
2263 4386 2514 4456 epuscula
2544 4380 2846 4446 ediderunt,
2882 4390 3041 4447 atque
3069 4380 3171 4432 hoc
3198 4380 3371 4434 Moni—

187 4480 302 4525 tum
328 4470 703 4525 prtemiserunt
735 4487 747 4521 ε

260 4516 543 4592 I'égsiéiif
550 4516 829 4591 sermones
858 4536 941 4589 lsti
975 4537 1080 4589 duo
1110 4535 1161 4587 in
1196 4544 1375 4587 vetere
1402 4529 1711 4584 Corbeiensi
1746 4528 1943 4582 Codice
1963 4537 2086 4580 ante
2108 4526 2269 4585 mille.
2295 4534 2351 4577 ut
2377 4524 2606 4585 videtur,
2642 4534 2811 4592 annos
2838 4517 3125 4592 descripto,
3156 4516 3365 4587 primus

186 4587 1163 4677 quiaEiiiiio'céé'iiioioprendimus
1202 4621 1213 4655 :
1249 4602 1439 4677 jncipit
1481 4615 1650 4677 sermo
1681 4599 1847 4677 sancti
1870 4596 2098 4677 Joannis
2133 4597 2193 4675 de
2222 4592 2577 4677 Consplqtione
2627 4590 2823 4677 mortis.

840 4654 1176 4745 conj—unctus
1208 4654 1414 4745 absque
1457 4669 1631 4745 titulo,
1678 4666 1915 4745 nihilque
1959 4665 2099 4717 aliud
2128 4664 2188 4743 .in
2219 4654 3369 4745 fine.habens-nisi,hligplicitzde-liesttrrﬁt

189 4722 379 4798 ἔίίᾈὶἱὲ.
399 4722 830 4795 ἦὲίὲτῦίιὶἒιῑίεὶ
865 4722 1170 4793 ἰέίὲἐέέιῆό
1202 4722 1353 4791 tertia
1380 4744 1551 4805 parte,
1580 4722 1682 4803 qua
1714 4735 1766 4787 in
1798 4722 1923 4805 ante
1954 4733 2173 4805 excusis
2204 4731 2437 4785 carebat.
2490 4727 2696 4805 auctior
2740 4722 2883 4777 nunc
2926 4724 3154 4805 primum
3182 4722 3370 4805 prodit

187 4790 839 4866 éi'iSIiiiatB'co'riieiéiigi
867 4790 1167 4875 icit—emplari
1206 4790 1421 4873 {eaque
1462 4790 1612 4875 pars.
1634 4802 2124 4875 recapitulationem
2161 4812 2491 4875 eorumqua:
2525 4796 2576 4847 in
2620 4793 2793 4875 primo
2817 4790 3062 4875 sermone
3091 4790 3227 4845 dicta
3253 4790 3369 4875 fite:

186 4858 625 4943 renti—continet,
642 4858 863 4932 ret-“aliis
890 4858 1612 4943 tio—nitieertislatrgum'entis
1654 4872 1717 4943 ad
1747 4858 1847 4943 hoc
1892 4868 2207 4943 opusculum
2238 4858 2504 4943 pertinere
2532 4858 3172 4943 cognoscunt-page":
3206 4872 3371 4943 poer

186 4929 491 5003 hamum
529 4929 1145 5013 quamChrvsostomum
1181 4929 1443 5013 infroth
1462 4940 1726 5013 sermonis
1750 4938 1904 5013 primi
1933 4929 2265 5013 designatum
2316 4929 2618 5013 opinamur.
2651 4930 2848 5013 Confer
2894 4929 3375 5013 ilolniliam‘ipsius

192 4993 1145 5071 Irari'to‘rfis.’1;."adamas
1177 4993 1302 5065 ia
1325 4993 1377 5063 ’Ξ
1395 4993 1557 5070 Con,
1600 5017 1654 5061 et
1683 4993 1814 5062 Ho'm

1745 4993 1961 5062 imiliam
2002 4993 2078 5057 δι’
2100 5006 2152 5058 in
2180 4993 2364 5067 Joan.,'
2384 5001 2663 5054 Homiliam
2708 5001 2937 5066 denique
2966 4997 2995 5046 7
3024 4996 3087 5048 ad
3120 4993 3369 5062 populum

189 5084 606 5141 Antiochenam.
643 5090 745 5135 etc.
789 5111 805 5131 .

206 5200 2105 5225 ___________________________

1045 5275 1179 5343 DE
1234 5268 2019 5343 CONSOLATIONE
2068 5265 2490 5337 MORTIS.

1486 5398 1747 5459 SERMO
1789 5396 2089 5457 PRIMUS.

256 5513 307 5565 ί.
364 5508 606 5565 Praebete
661 5505 944 5566 silentium,
988 5502 1207 5567 fratres,
1254 5517 1317 5555 ne
1370 5516 1461 5554 vos
1504 5507 1731 5554 transeat
1836 5511 1951 5549 cum
1986 5496 2139 5548 fuerit
2179 5494 2359 5547 oculus
2384 5492 2566 5548 dolore
2593 5492 2848 5547 turbatus.
2879 5492 3200 5562 Quicumque
3246 5508 3369 5562 ergo

189 5617 357 5658 sermo
384 5602 528 5655 utilis
556 5607 612 5653 et
633 5598 682 5651 in
705 5606 943 5667 tempore
964 5596 1306 5649 necessarius.
1338 5594 1464 5648 Nam
1495 5604 1617 5647 tunc
1643 5594 1725 5646 vel

187 5694 404 5749 maxime
449 5706 589 5762 opus
631 5698 715 5744 est
752 5689 1026 5751 medicina,
1056 5686 1261 5755 quando
1285 5687 1457 5754 gravis
1492 5684 1732 5738 nascitur

182 5784 428 5856 aegritudo
451 5800 463 5835 :
487 5792 544 5837 et
567 5790 695 5835 tunc
712 5780 938 5833 sollicite
959 5776 1231 5846 collyrium
1254 5774 1606 5829 adhibendum
1627 5781 1726 5840 est,

1834 5606 1936 5645 non
1968 5590 2123 5645 habet
2152 5591 2287 5643 hunc
2315 5590 2569 5655 dolorem,
2603 5606 2705 5644 non
2748 5592 3033 5656 obstrepat,
3063 5592 3153 5645 sed
3199 5594 3370 5656 potius

1836 5682 2046 5743 audiat,
2078 5683 2197 5749 quia
2237 5694 2339 5734 non
2370 5682 2585 5749 impedit
2632 5696 2816 5736 sanum
2866 5684 3003 5737 seire
3057 5684 3372 5738 medicinam

1840 5785 1956 5840 quae
1981 5770 2161 5837 prosit.
2190 5770 2289 5837 Qui
2314 5784 2437 5825 vero
2454 5784 2551 5841 per
2571 5770 2707 5826 hunc
2727 5786 2905 5827 casum
2936 5770 3191 5824 turbatum
3219 5772 3374 5827 habet
