4112 6478
769 401 878 454 295

772 493 981 548 oculum
1013 491 1224 556 mentis,
1255 495 1309 543 et
1332 487 1600 542 doloribus
1623 483 1904 547 cruciatur,
1935 480 2097 549 magis
2140 479 2310 532 inten-

776 595 857 636 tus
891 581 959 635 sit
999 589 1057 634 ut
1097 579 1293 647 aperiat
1319 576 1526 630 oculum
1567 573 1631 626 ad
1661 569 2045 638 suscipiendum
2071 565 2310 622 salutaris

777 670 918 724 verbi
963 669 1234 737 collyrium
1259 706 1275 731 ,
1305 680 1407 733 quo
1432 678 1533 716 non
1561 661 1728 714 solum
1760 659 2187 719 consolationem,
2214 656 2308 709 sed

775 761 930 814 etiam
968 758 1257 812 remedium
1305 761 1668 820 consequatur.
1716 750 1924 803 Certum
1971 757 2050 802 est
2094 754 2306 802 autem.

774 849 892 916 quia
917 848 961 901 is
989 848 1076 914 qui
1105 845 1246 897 dolet
1290 843 1517 905 oculum,
1557 839 1600 892 si
1626 853 1743 892 eum
1773 837 1973 890 medico
2021 832 2308 888 infundenti

774 935 1043 1005 collyrium
1090 931 1294 1000 aperire
1337 927 1598 990 noluerit,
1648 925 1916 994 collyrium
1946 922 2154 991 quidem
2183 921 2309 975 foris

775 1034 924 1078 extra
951 1023 1194 1091 pupillam
1221 1019 1470 1082 funditur,
1510 1016 1691 1070 oculus
1732 1029 1855 1068 vero
1883 1022 2118 1068 remanet
2139 1014 2191 1067 in
2211 1013 2309 1066 do-

777 1115 890 1168 lore
915 1130 935 1166 :
959 1114 1034 1166 sic
1056 1119 1111 1166 et
1135 1124 1281 1164 mens
1306 1108 1548 1172 dolentis,
1581 1106 1627 1160 si
1656 1114 1868 1174 propter
1897 1105 2107 1157 nimiam
2137 1102 2308 1156 tristi-

772 1203 900 1254 tiam
921 1199 1081 1254 verbo
1111 1213 1168 1252 se
1191 1196 1454 1260 clauserit,
1492 1209 1592 1247 non
1626 1200 1833 1260 recepta
1865 1191 2056 1246 salubri
2080 1190 2310 1244 admoni-

771 1290 934 1352 tione,
961 1286 1168 1354 incipiet
1197 1284 1311 1353 plus
1347 1283 1544 1347 dolere,
1570 1289 1623 1336 et
1642 1281 1851 1334 forsitan
1877 1279 1980 1347 pati
2011 1277 2135 1332 illud
2173 1277 2307 1346 quod

778 1380 833 1434 in
861 1378 1127 1446 Scriptura
1156 1374 1452 1429 continetur
1479 1412 1493 1436 ,
1530 1371 1664 1438 Quia
1686 1370 1881 1424 tristitia
1915 1369 2083 1421 mundi
2105 1377 2309 1422 mortem

771 1478 1007 1538 operatur
1031 1465 1118 1537 (2.
1149 1464 1264 1519 Cor.
1290 1465 1343 1518 7.
1396 1462 1523 1534 10).
1575 1462 1765 1516 Beatus
1791 1459 1982 1515 Paulus
2023 1457 2308 1527 apostolus,

778 1557 1006 1613 fidelium
1034 1555 1218 1609 doctor
1241 1593 1257 1618 ,
1299 1551 1532 1606 medicus
1573 1549 1836 1612 salutaris,
1862 1548 1992 1602 duas
2017 1561 2132 1602 esse
2183 1545 2312 1599 dixit

773 1645 1015 1698 trlstitias
1047 1663 1061 1696 :
1110 1656 1265 1695 unam
1304 1640 1515 1702 bonam,
1569 1647 1621 1689 et
1642 1637 1858 1689 alteram
1887 1635 2113 1698 malam;
2152 1647 2308 1686 unam

775 1736 974 1798 utilem,
997 1742 1049 1788 et
1067 1733 1284 1785 alteram
1312 1729 1576 1792 inutilem;
1610 1742 1764 1780 unam
1793 1741 1908 1794 quae
1936 1726 2121 1791 salvat,
2148 1734 2202 1779 et
2227 1724 2309 1778 al-

783 1832 950 1879 teram
985 1836 1101 1891 quae
1143 1819 1331 1888 perdit.
1360 1817 1425 1872 Et
1449 1831 1515 1870 ne
1549 1815 1760 1869 dubium
1800 1813 1953 1868 alicui
1989 1813 2224 1867 videatur
2258 1812 2310 1868 id

779 1913 917 1982 quod
944 1913 1079 1974 dico,
1124 1909 1234 1978 ipsa
1267 1909 1380 1975 ejus
1405 1906 1561 1960 verba
1599 1904 1851 1959 recitabo.
1885 1903 1970 1956 Ait
1997 1904 2159 1967 enim,
2186 1903 2310 1967 Quas

771 2002 1043 2056 secundum
1061 1998 1220 2051 Deum
1236 2007 1304 2050 est
1333 1997 1548 2058 tristitia,
1570 1993 1901 2062 panitentiam
1926 1993 1977 2044 in
1992 1993 2198 2045 salutem
2216 2002 2310 2044 sta-

769 2091 914 2145 bilem
942 2099 1172 2158 operatur
1223 2086 1404 2156 (lbid.)
1452 2085 1604 2138 ιιιωο
1647 2092 1727 2138 est
1772 2084 1857 2136 illa
1901 2083 2036 2136 bona
2081 2083 2304 2136 tristitia.

771 2181 1014 2248 Sequitur
1049 2176 1235 2230 deinde
1264 2193 1276 2228 :
1309 2173 1444 2228 Nam
1495 2175 1664 2228 saeculi
1693 2175 1840 2241 hujus
1868 2174 2064 2226 tristitia
2102 2183 2308 2227 mortem

769 2277 1004 2334 operatur
1025 2281 1044 2318 :
1063 2265 1173 2317 hanc
1200 2273 1279 2316 est
1300 2263 1381 2315 illa
1409 2263 1560 2316 mala.

847 2356 901 2408 Ξ.
933 2354 1118 2407 Luctus
1144 2368 1211 2404 an
1244 2352 1416 2419 prosit,
1441 2366 1606 2402 necne.
1634 2349 1910 2402 Videamus
1932 2363 2078 2416 ergo,
2099 2347 2304 2411 fratres,

774 2448 873 2501 ista
900 2444 1100 2500 tristitia
1123 2456 1240 2511 qua:
1267 2454 1407 2494 nunc
1428 2439 1581 2494 estin
1609 2438 1866 2501 manibus,
1889 2452 2004 2505 qua:
2039 2450 2174 2490 nunc
2195 2436 2307 2505 agi-

770 2542 857 2588 tur
881 2533 932 2586 in
960 2540 1184 2601 pectore,
1216 2538 1271 2585 et
1313 2529 1517 2583 auditur
1536 2541 1664 2581 voce
1684 2568 1696 2590 ,
1730 2526 1868 2580 utilis
1892 2525 1960 2580 sit
1997 2540 2062 2579 an
2089 2525 2304 2591 inutilis,

772 2623 1019 2693 prodesse
1045 2621 1211 2674 valeat
1229 2635 1294 2672 an
1318 2631 1528 2672 nocere.
1549 2615 1692 2670 Jacet
1705 2630 1826 2669 ecce
1844 2628 2031 2683 corpus
2049 2614 2299 2679 exanime,

771 2714 909 2781 jacet
936 2713 987 2766 in
1024 2710 1196 2764 tabula
1232 2707 1389 2761 homo
1435 2706 1549 2760 sine
1590 2705 1801 2758 homine
1829 2743 1843 2765 ,
1877 2703 2107 2757 membra
2133 2703 2308 2770 utique

773 2804 887 2856 sine
924 2801 1146 2869 spiritu;
1176 2799 1428 2851 clamatur
1451 2837 1466 2860 ,
1512 2810 1609 2849 nec
1639 2795 1952 2861 respondet;
1984 2800 2194 2845 vocatur
2218 2830 2233 2856 ,
2256 2801 2309 2845 et

779 2905 884 2944 non
907 2888 1086 2954 audit;
1114 2888 1252 2954 jacet
1301 2885 1454 2938 facies
1483 2884 1690 2952 pallida,
1741 2882 1905 2934 ferina
1947 2888 2164 2943 mutata,
2217 2895 2309 2948 per

775 2995 929 3049 quam
957 2994 1094 3032 mors
1121 2979 1230 3047 ipsa
1259 2976 1488 3031 cernitur
1506 2976 1580 3044 (α)
1602 2991 1616 3037 ;
1640 2975 1894 3042 cogitatur
1918 2982 2168 3041 prtcterea
2192 2971 2305 3039 ejus

775 3076 1083 3138 perpetuum
1130 3066 1391 3120 silentium
1420 3104 1434 3127 ,
1465 3065 1720 3132 cogitatur
1746 3064 2039 3125 delectatio,
2069 3071 2160 3115 aut
2192 3077 2306 3130 qua:

777 3156 890 3219 fuit,
918 3165 1004 3207 aut
1035 3169 1152 3220 qua:
1183 3152 1350 3206 futura
1373 3162 1487 3205 erat
1507 3152 1732 3213 utilitas;
1760 3151 2048 3219 cogitantur
2073 3149 2304 3204 necessi-

777 3254 932 3310 tates,
968 3243 1187 3296 veniunt
1237 3242 1288 3294 in
1332 3249 1558 3294 mentem
1604 3240 1761 3293 verba
1789 3240 2084 3292 dulcissima
2110 3279 2124 3302 ,
2155 3240 2306 3306 longa

776 3334 1102 3390 consuetudo
1140 3331 1439 3400 requiritur.
1501 3329 1622 3382 Haec
1668 3337 1787 3382 sunt
1827 3328 1940 3381 sine
1981 3326 2140 3380 dubio
2193 3343 2308 3394 qua:

774 3431 983 3479 movent
1023 3424 1296 3490 lacrymas,
1345 3420 1560 3472 incitant
1587 3417 1868 3481 ululatum,
1901 3426 1953 3469 et
1982 3425 2144 3468 totum
2187 3414 2305 3467 ani-

773 3530 910 3568 mum
941 3513 992 3567 in
1007 3511 1327 3581 profundam
1340 3507 1607 3564 tristitiam
1625 3508 1948 3574 demergunt.
1979 3505 2172 3560 Contra
2199 3504 2310 3559 hzrc

771 3615 876 3658 tam
901 3603 1098 3667 valida,
1129 3611 1230 3654 tam
1265 3597 1419 3653 fortia
1467 3599 1662 3652 doloris
1686 3613 1829 3650 arma
1871 3597 1995 3649 illud
2026 3597 2192 3664 primo
2234 3595 2307 3666 (ὁ)

775 3694 1004 3747 omnium
1056 3690 1421 3760 opponendum
1443 3697 1540 3751 est,
1566 3688 1681 3754 quia
1710 3701 1862 3740 omne
1880 3727 1894 3751 ,
1921 3686 2057 3754 quod
2084 3687 2310 3739 nascitur

772 3784 824 3838 in
856 3784 954 3836 hoc
979 3781 1190 3846 mundo,
1208 3793 1421 3834 necesse
1435 3787 1515 3832 est
1538 3777 1689 3830 mori.
1717 3777 1838 3830 llaec
1854 3777 2083 3830 estenim
2110 3777 2189 3829 lex
2222 3777 2308 3829 Dei

770 3880 823 3926 et
847 3871 1096 3925 sententia
1122 3868 1472 3933 immutabilis,
1495 3881 1646 3935 quam
1673 3875 1786 3933 post
1805 3864 2045 3918 delictum
2075 3865 2311 3932 princeps

770 3965 977 4034 generis
1031 3962 1238 4016 humani
1284 3959 1517 4026 accepit,
1564 3957 1766 4011 dicente
1798 3956 1902 4008 Deo
1934 3996 1947 4018 ,
1976 3953 2132 4007 Terra
2158 3971 2225 4018 es,
2265 3965 2310 4007 et

770 4055 820 4106 in
860 4063 1041 4106 terram
1065 4052 1156 4103 ibis
1181 4050 1331 4120 (Gen.
1378 4049 1430 4102 5.
1463 4048 1583 4116 19).
1621 4045 1750 4112 Quid
1775 4059 1898 4114 ergo
1920 4045 2035 4096 novi
2062 4045 2308 4111 contigit,

771 4141 812 4193 si
840 4143 995 4192 homo
1023 4138 1085 4191 ad
1111 4139 1217 4195 hoc
1244 4144 1392 4189 natus
1420 4137 1604 4187 divina:
1635 4135 1731 4201 legi
1762 4147 1822 4186 ac
1851 4133 2121 4186 sententia:
2154 4133 2308 4186 satis-

773 4225 1067 4293 fecitiquid
1099 4224 1216 4276 novi
1243 4224 1450 4284 accidit,
1469 4224 1512 4275 si
1533 4239 1593 4275 ex
1619 4221 1917 4274 mortalibus
1947 4231 2093 4272 natus
2114 4229 2310 4274 natura:

776 4317 1018 4386 proprim,
1044 4318 1162 4383 quia
1193 4330 1289 4369 nec
1321 4322 1521 4383 poterat
1541 4326 1789 4366 excusare
1812 4350 1826 4372 ,
1862 4310 2166 4376 respondit?
2198 4309 2308 4362 Non

777 4416 858 4460 est
885 4405 1180 4458 inusitatum
1211 4405 1346 4473 quod
1367 4404 1629 4470 antiquum
1661 4410 1767 4463 est,
1802 4414 1901 4452 non
1919 4407 1994 4451 est
2025 4397 2309 4450 inauditum

774 4493 910 4562 quod
946 4494 1308 4561 quotidianum
1330 4502 1431 4556 est,
1467 4505 1567 4542 non
1593 4500 1670 4542 est
1697 4486 1958 4555 proprium
2001 4485 2136 4554 quod
2164 4499 2310 4538 com-

777 4598 934 4637 mune
977 4590 1075 4634 est.
1127 4580 1180 4635 Si
1234 4593 1358 4633 avos
1400 4590 1450 4633 et
1504 4593 1722 4648 proavos
1767 4577 2001 4631 novimus
2041 4592 2132 4644 per
2179 4575 2312 4629 hanc

780 4673 914 4725 viam
938 4671 1118 4724 mortis
1145 4671 1401 4737 profectos
1431 4708 1445 4732 ,
1480 4669 1524 4721 si
1555 4669 1693 4736 ipsos
1739 4665 1961 4734 denique
1991 4664 2311 4734 patriarchas

771 4771 826 4818 et
878 4761 1152 4830 praplietas
1177 4760 1241 4813 ab
1268 4759 1431 4811 Adam
1473 4757 1788 4826 proleplasto
1827 4770 1928 4809 non
1971 4754 2082 4808 sine
2125 4769 2311 4808 occasu

774 4850 1065 4904 audivimus
1094 4850 1340 4917 migrasse
1361 4848 1425 4900 de
1451 4847 1659 4908 szeculo,
1690 4846 1951 4898 elevemus
1976 4843 2204 4896 animum
2243 4843 2309 4897 de

778 4940 1035 5010 profundo
1065 4939 1285 4992 tristitia:
1312 4955 1324 4991 :
1356 4937 1473 5005 quia
1495 4935 1630 5002 quod
1673 4934 1912 4998 debebat,
1940 4934 2038 4986 hoc
2063 4933 2304 4987 reddidit.

776 5029 840 5082 Et
867 5028 1042 5094 utique
1067 5026 1292 5079 debitum
1312 5040 1426 5077 cum
1450 5022 1705 5085 redditur,
1730 5036 1881 5088 quam
1905 5030 2075 5088 potest
2116 5021 2306 5075 habere

775 5115 1036 5168 tristitiam
1062 5112 1084 5164 'l
1129 5111 1240 5164 Hoc
1264 5121 1345 5165 est
1379 5123 1498 5162 vere
1523 5108 1750 5162 debitum
1770 5148 1783 5170 ,
1813 5107 1946 5175 quod
1977 5109 2112 5160 nulla
2141 5118 2312 5176 potest

776 5206 993 5274 pecunia
1024 5203 1248 5258 redimi:
1289 5202 1386 5254 hoc
1413 5210 1492 5254 est
1516 5200 1746 5252 debitum
1771 5239 1784 5262 ,
1841 5197 1977 5265 quod
2008 5213 2102 5251 nec
2147 5199 2310 5251 virtus

777 5301 1006 5359 excusat,
1038 5307 1138 5345 nec
1163 5291 1433 5359 sapientia,
1452 5304 1547 5342 nec
1575 5298 1820 5356 potestas,
1847 5301 1942 5340 nec
1968 5286 2060 5353 ipsi
2091 5287 2311 5355 denique

771 5397 923 5452 reges
975 5389 1224 5448 poterunt
1266 5380 1548 5434 declinare.
1606 5379 1764 5431 Plane
1815 5377 2053 5430 hortarer
2109 5390 2203 5444 ego
2256 5384 2311 5429 ut

832 5495 903 5556 (α)
936 5500 1068 5556 Post,
1087 5501 1309 5556 cemitur,
1327 5493 1515 5556 quidam
1536 5491 1649 5556 Editi
1671 5491 1861 5556 addunt.
1887 5496 1930 5536 et
1953 5488 2186 5556 horretur.

851 5547 898 5614 ὑ)
932 5547 1270 5621 Milioniam,
1292 5547 1416 5621 post,
1439 5550 1612 5621 doloris
1635 5563 1784 5604 arma,
1815 5550 2002 5621 ferunt,
2026 5547 2312 5608 spiritalibus

772 5611 1455 5677 debénmsarn'tariprasidiis.
1487 5611 1604 5658 Illud
1628 5623 1753 5669 ergo,
1782 5618 1872 5656 etc.

1464 379 1519 434 S.
1557 375 1825 433 JOANNIS
1859 364 2319 428 CHRYSOSTOW
2354 363 2662 421 ARCHIEP.
2701 363 3217 421 CONSTANTINOP.

3863 379 3978 432 296

2406 487 2626 541 augeres
2649 473 2910 526 tristitiam
2940 513 2955 537 ,
2983 473 3027 525 si
3056 472 3240 526 fuisset
3269 472 3384 525 talis
3413 487 3518 535 res,
3549 488 3664 542 qua:
3685 487 3808 529 cum
3836 489 3962 543 pos-

2409 570 2490 615 set
2519 570 2605 616 tua
2630 562 2915 616 substantia
2943 562 3149 625 redimi,
3167 561 3251 615 vel
3276 561 3494 626 differri,
3516 563 3832 631 negligentia
3861 572 3960 615 aut

2411 649 2661 717 parcitate
2682 649 3026 716 provenisset.
3050 649 3179 700 Cum
3198 662 3324 702 vero
3346 648 3438 702 Dei
3458 648 3724 703 decretum
3746 650 3957 703 firmum

2411 737 2479 789 sit
2527 746 2580 790 et
2632 735 2997 800 immutabile,
3054 734 3244 788 frustra
3296 735 3555 798 dolemus,
3601 744 3655 790 et
3697 737 3763 790 dc
3804 738 3959 790 nobis

2411 826 2689 895 qumrimus
2716 839 2878 894 quare
2905 826 2973 878 sit
2998 833 3254 888 mortuus,
3284 838 3403 878 cum
3445 826 3694 892 scriptum
3721 825 3811 887 sit,
3843 825 3956 879 Do-

2411 914 2532 966 mini
2576 912 2668 967 Dei
2693 924 2809 967 sunt
2838 914 2994 966 exitus
3042 915 3213 967 mortis
3239 912 3408 981 (Psal.
3431 912 3517 966 67.
3545 913 3606 967 21
3636 914 3675 982 ).
3706 913 3811 968 leta
3831 930 3960 984 ergo

2412 1005 2703 1056 communis
2731 1001 2850 1055 vita:
2903 1002 3133 1055 conditio
3161 1002 3204 1055 si
3246 1002 3523 1070 recipiatur
3546 1003 3597 1055 in
3645 1005 3842 1068 animo,
3876 1006 3958 1059 iu-

2412 1091 2567 1160 cipiet
2605 1098 2846 1159 gravatus
2884 1089 3059 1143 cordis
3087 1089 3288 1154 oculus,
3313 1090 3459 1156 quasi
3501 1090 3664 1158 prima
3695 1091 3960 1147 inlusione

2411 1180 2650 1234 relevari'.

2478 1269 2531 1322 ὅ.
2556 1266 2738 1320 Luctus
2778 1267 2959 1320 nimius
2998 1284 3029 1319 a
3066 1268 3257 1320 ratione
3281 1269 3471 1321 alienus
3494 1269 3734 1338 etiamque
3758 1271 3960 1337 pericu-

2412 1357 2565 1410 losus.
2592 1386 2662 1396 —
2686 1355 2788 1410 Sed
2834 1355 2983 1419 dicis,
3011 1357 3119 1410 scio
3159 1370 3486 1410 communem
3528 1372 3644 1412 esse
3683 1359 3820 1412 hunc
3865 1374 3959 1413 ca-

2413 1459 2556 1508 Sum;
2587 1445 2697 1498 scio
2721 1443 2841 1512 quia
2867 1445 2930 1508 is,
2961 1443 3046 1512 qui
3074 1453 3309 1498 mortuus
3336 1452 3416 1498 est
3441 1484 3456 1510 ,
3487 1445 3722 1499 debitum
3763 1447 3956 1509 solvit;

2412 1534 2503 1588 sed
2523 1533 2917 1587 delectationem
2939 1537 3128 1603 cogito,
3158 1536 3491 1590 necessitates
3512 1545 3710 1604 repeto,
3730 1551 3930 1592 consue
3947 1566 3960 1578 -

2413 1622 2640 1676 tudinem
2684 1622 2914 1690 requiro.
2951 1622 3006 1676 Si
3047 1632 3256 1691 propter
3305 1623 3416 1676 hac
3455 1625 3662 1678 tristitia
3705 1625 3958 1689 afficeris,

2411 1725 2590 1766 errore
2627 1711 2832 1764 duceris
2858 1751 2871 1773 ,
2896 1725 3008 1764 non
3037 1712 3240 1766 ratione
3275 1713 3602 1780 gubernaris.
3627 1713 3775 1769 Scire
3815 1716 3959 1769 enim

2411 1797 2591 1861 debes,
2622 1798 2739 1867 quia
2790 1799 3041 1852 Dominus
3067 1839 3081 1863 ,
3115 1801 3202 1869 qui
3247 1800 3382 1855 hanc
3407 1801 3622 1857 dederat
3647 1802 3959 1858 delectatio-

2412 1903 2552 1954 nem,
2579 1887 2704 1943 dare
2726 1898 2897 1958 potest
2933 1899 2985 1943 et
3009 1891 3161 1943 aliam
3191 1892 3443 1959 potiorem
3469 1934 3482 1958 ,
3515 1903 3565 1947 et
3586 1896 3674 1963 qui
3700 1896 3792 1950 tibi
3819 1897 3958 1951 hanc

2411 1976 2582 2030 intulit
2608 1979 2992 2044 necessitatem,
3025 1978 3292 2034 sufficiens
3317 1990 3396 2034 est
3421 1995 3514 2048 per
3537 1983 3693 2037 aliam
3723 1987 3960 2040 occasio-

2413 2082 2532 2121 nem
2583 2067 2845 2136 snpplere.
2897 2068 3221 2124 Utilitatem’
3256 2085 3378 2124 vero
3403 2111 3418 2136 ,
3448 2073 3580 2125 sicut
3607 2082 3748 2126 tuam
3783 2075 3954 2138 vides,

2410 2155 2568 2210 debes
2583 2165 2635 2210 et
2661 2157 2774 2224 ejus
2800 2157 2888 2225 qui
2929 2157 3204 2212 defunctus
3228 2167 3307 2213 est
3347 2161 3578 2228 cogitare
3611 2179 3623 2214 :
3654 2163 3777 2230 quia
3802 2164 3883 2217 sic
3909 2164 3958 2219 ei

2410 2245 2622 2300 forsitan
2664 2247 2991 2315 expediebat,
3021 2249 3156 2302 sicut
3196 2249 3446 2316 scriptum
3476 2258 3591 2303 est:
3622 2251 3818 2319 Raptus
3863 2262 3955 2308 est.

2410 2348 2470 2385 ne
2491 2333 2680 2385 malitia
2705 2343 2912 2387 mutaret
2967 2335 3075 2400 eius
3112 2335 3428 2392 intellectum.
3460 2336 3658 2392 Placita
3697 2341 3827 2394 enim
3853 2353 3956 2395 erat

2409 2418 2515 2474 Deo
2538 2422 2703 2474 anima
2727 2423 2853 2491 ejus,
2877 2423 3083 2492 ideoque
3125 2427 3402 2493 properauit
3431 2426 3492 2479 de
3515 2428 3678 2481 media
3704 2431 3957 2500 iniquitate

2409 2511 2612 2566 educere
2632 2528 2740 2565 eum
2768 2513 2916 2584 (δίῳ.
2944 2517 2997 2569 4.
3027 2516 3108 2568 11.
3140 2515 3247 2584 ﬂ).
3277 2518 3349 2571 De
3380 2520 3753 2575 consuetudine
3781 2533 3954 2576 autem

2409 2597 2530 2667 quid
2575 2598 2765 2665 dicam,
2811 2616 2963 2669 quam
3002 2601 3125 2656 dum
3157 2613 3357 2673 tempus
3380 2607 3400 2637 ⁸
3426 2607 3502 2660 sic
3524 2609 3647 2662 facit
3693 2609 3952 2672 oblivisci,

2412 2694 2468 2738 ut
2523 2701 2802 2756 numquam
2857 2687 3019 2744 fuisse
3065 2691 3340 2745 videatur?
3383 2694 3531 2759 Quod
3580 2711 3707 2765 ergo
3751 2707 3956 2767 tempus

2411 2785 2620 2842 priestat
2663 2786 2714 2830 et
2767 2778 2899 2842 dies,
2935 2781 3099 2834 multo
3144 2782 3308 2848 magis
3352 2783 3510 2837 debet
3551 2787 3683 2838 ratio
3737 2798 3789 2840 et
3819 2788 3954 2841 bona

2415 2873 2663 2930 prtestare
2691 2867 2955 2933 cogitatio.
2991 2867 3057 2920 Et
3085 2868 3168 2922 vel
3200 2868 3324 2922 illud
3354 2873 3579 2925 maxime
3619 2875 3952 2942 cogitandum

2415 2962 2513 3017 cst,
2545 2953 2684 3021 quod
2731 2953 2905 3007 divina
2947 2969 3039 3022 per
3066 2957 3369 3023 Apostolum
3400 2962 3656 3014 sententia
3685 2963 3948 3027 dilfinivit,

2413 3041 2540 3105 Quia
2567 3043 2762 3098 tristitia
2800 3044 2971 3095 mundi
3016 3054 3218 3096 mortem
3244 3057 3474 3114 operatur
3500 3048 3571 3116 (2.
3601 3049 3717 3103 Cor.
3747 3052 3798 3103 7.
3833 3052 3949 3122 10).

2411 3130 2558 3196 Quod
2610 3133 2653 3185 si
2702 3140 2804 3185 tam
2847 3131 3139 3197 oblectatio,
3173 3148 3328 3202 quam
3357 3137 3545 3190 utilitas
3571 3153 3820 3206 praesens,
3846 3142 3952 3194 sive

2410 3221 2728 3275 consuetudo
2750 3260 2764 3283 ,
2793 3235 2880 3274 res
2907 3220 3086 3274 mundi
3127 3232 3248 3277 sunt
3276 3232 3327 3278 et
3349 3226 3531 3292 gqudia
3558 3228 3733 3281 saeculi
3767 3231 3952 3282 transi-

2412 3311 2562 3373 toria,
2611 3320 2824 3380 propter
2876 3312 2988 3366 ιιωο
3035 3313 3266 3366 animum
3317 3317 3565 3384 dejicere,
3614 3327 3666 3371 ct
3714 3321 3949 3384 spiritum

2412 3401 2724 3465 contristari,
2756 3401 2872 3456 vide
2898 3417 2964 3457 ne
3003 3404 3072 3458 sit
3101 3420 3222 3460 vere
3271 3407 3534 3461 mortifera
3560 3409 3826 3463 valetudo.
3856 3410 3953 3464 lle-

2413 3500 2596 3558 petens
2622 3500 2794 3543 autem
2829 3492 3017 3545 iterum
3045 3503 3199 3562 atque
3229 3495 3416 3548 iterum
3450 3496 3619 3550 dicam
3649 3514 3662 3550 :
3707 3497 3842 3563 Quia
3869 3499 3952 3551 tri-

2410 3579 2542 3631 stitia
2586 3580 2757 3632 mundi
2791 3590 2995 3634 mortem
3049 3593 3279 3652 operatur
3310 3583 3513 3655 (lbid.).
3555 3585 3729 3653 Quare
3777 3596 3948 3641 autem

2411 3677 2628 3720 mortem
2682 3670 2962 3737 operatur?
3015 3671 3143 3737 Quia
3196 3673 3333 3725 solet
3383 3673 3541 3726 nimia
3587 3674 3802 3730 tristitia
3868 3685 3950 3728 aut

2410 3754 2473 3808 ad
2497 3756 2875 3812 dubitationem
2897 3797 2913 3824 ,
2939 3766 3030 3812 aut
3051 3758 3117 3812 ad
3141 3760 3482 3827 perniciosam
3506 3761 3799 3830 perducere
3825 3764 3950 3819 blas-

2413 3846 2695 3913 phemiam.

2481 3936 2532 3987 4.
2565 3933 2746 3988 Luctus
2773 3938 2832 3990 iis
2858 3938 2940 4005 qui
2983 3947 3094 3990 ante
3118 3937 3365 3992 Christum
3394 3939 3572 3993 licitas.
3605 3941 3709 3994 Cur
3731 3942 3950 3996 Christus

2411 4022 2595 4089 ﬂeverit
2623 4021 2888 4076 Lazarum.
2917 4023 3108 4094 Lugere
3129 4036 3345 4080 mortuos
3362 4029 3474 4096 jam
3503 4045 3600 4081 non
3629 4029 3839 4082 licet.—
3857 4031 3951 4085 Sed

2411 4109 2550 4163 dicet
2575 4110 2759 4179 aliquis
2785 4128 2797 4164 :
2821 4112 3072 4167 Prohibes
3101 4114 3280 4182 lugere
3308 4126 3572 4180 mortuos,
3611 4130 3731 4170 cum
3771 4128 3827 4173 et
3866 4134 3949 4188 pa-

2413 4200 2650 4254 triarcha:
2692 4201 2877 4270 plorati
2921 4213 3061 4266 sunt,
3108 4213 3160 4256 et
3204 4202 3406 4271 Moyses
3453 4204 3539 4257 ille
3579 4204 3805 4262 famulus
3837 4209 3947 4269 Dei,

2412 4296 2466 4340 et
2492 4289 2637 4340 multi
2663 4288 2852 4342 deinde
2880 4290 3162 4357 prophetae,
3181 4293 3467 4358 praesertim
3489 4307 3607 4346 cum
3630 4293 3731 4348 Job
3751 4312 3951 4366 quoque

2411 4377 2727 4444 justissimns
2756 4388 2949 4431 vestem
2994 4394 3138 4432 suam
3185 4395 3337 4448 supra
3383 4382 3603 4435 filiorum
3644 4386 3952 4440 consciderit

2414 4478 2594 4517 necem
2622 4463 2755 4532 (Job.
2789 4465 2838 4518 l.
2873 4464 3001 4534 20)?
3031 4466 3143 4520 Non
3178 4482 3273 4536 ego
3313 4468 3562 4534 prohibeo
3604 4470 3789 4539 lugere
3814 4489 3950 4527 mor-

2416 4561 2529 4603 tuos
2548 4591 2562 4615 ,
2601 4551 2691 4605 sed
2719 4553 2945 4620 gentium
2978 4553 3605 4624 illuminatorApostolns,
3633 4560 3723 4627 qui
3755 4562 3832 4616 sic
3858 4562 3949 4614 ait:

2413 4637 2548 4692 Nolo
2591 4654 2673 4692 vos
2709 4641 2955 4709 ignorare,
2995 4641 3204 4708 fratres,
3249 4643 3310 4694 de
3345 4643 3730 4710 dormientibus,
3771 4657 3827 4700 ut
3863 4663 3953 4700 non

2412 4729 2761 4782 contristemini
2779 4769 2793 4792 ,
2822 4731 2946 4782 sicut
2973 4730 3056 4797 qui
3092 4745 3226 4797 spem
3266 4745 3361 4783 non
3389 4732 3562 4784 habent
3588 4734 3661 4802 (1.
3699 4734 3874 4789 Thess.
3903 4736 3950 4788 ι.

2415 4815 2520 4885 12).
2551 4816 2660 4870 Non
2682 4817 3143 4886 potestEvangelii
3173 4819 3381 4871 claritas
3407 4819 3699 4884 obscurari,
3734 4823 3780 4876 si
3812 4824 3844 4876 ii
3874 4821 3952 4889 qui

2411 4917 2530 4960 ante
2560 4906 2722 4974 legem
2747 4946 2760 4970 ,
2789 4917 2880 4958 aut
2907 4906 3003 4958 sub
3031 4907 3157 4974 legis
3183 4907 3362 4960 umbra
3387 4910 3540 4976 positi
3570 4909 3813 4975 fuerant,
3841 4926 3952 4964 suos

2412 5005 2642 5050 mortuos
2671 4997 2878 5048 flebant.
2909 4995 2973 5047 Et
3000 4996 3187 5048 merito
3221 4995 3411 5049 flebant
3430 5036 3444 5054 .
3473 4999 3592 5066 quia
3630 5001 3869 5052 nondum
3897 5000 3954 5050 de

2413 5085 2552 5138 caelis
2581 5093 2790 5137 venerat
2813 5082 3070 5147 Christus,
3100 5083 3186 5150 qui
3217 5083 3410 5136 fontem
3440 5084 3578 5137 illum
3611 5084 3952 5154 lacrymarum

2412 5187 2502 5226 sua
2534 5170 2915 5225 resurrectione
2941 5170 3170 5224 siccavit.
3201 5169 3382 5224 Merito
3405 5170 3615 5236 ﬂebant,
3645 5175 3772 5240 quia
3798 5175 3952 5226 adhuc

2476 5347 2493 5377 ι
2527 5343 2677 5392 Aliam
2701 5342 2988 5412 Jlectionem
3039 5342 3204 5412 habet
3235 5343 3404 5412 [editior
3424 5341 3639 5412 quaedam
3685 5344 3951 5412 Angustini,

2415 5416 2611 5464 nempe,
2635 5401 2873 5464 potiorem,
2897 5409 2938 5449 et
2962 5403 3280 5464 necessitatem
3300 5400 3484 5464 sufﬁcit
3510 5400 3605 5448 alia
3626 5400 3872 5464 occasione
3895 5414 3952 5450 '6

2414 5459 2558 5525 plere.
2592 5459 2865 5525 Utilitatem,
2877 5469 2967 5525 e_tc.
2989 5462 3076 5508 sed
3101 5459 3395 5521 pret'erenda
3413 5462 3603 5510 videtur
3626 5459 3784 5510 altera
3827 5463 3952 5510 lectio

2415 5521 2522 5585 'quze
2548 5524 2594 5569 in
2618 5523 2829 5581 margine
2854 5521 3062 5569 affertur.

2481 5605 2500 5632 ι
2533 5608 2666 5649 sorte
2691 5599 2875 5658 melius,
2896 5613 3034 5662 quam
3053 5599 3287 5650 interdum
3311 5608 3505 5658 tmpus.
