4112 6492
212 440 319 491 297

208 542 390 595 mortis
420 542 683 596 sententia
714 543 1071 611 permanebat.
1103 539 1284 597 Merito
1314 539 1760 603 lamentabantur,

206 632 321 698 quia
378 632 612 685 nondum
670 632 985 684 resurrectio
1028 629 1424 699 praedicabatur.
1475 628 1767 696 Sperabam

205 720 410 787 quidem
439 722 609 772 sancti
635 721 823 788 quique
845 718 1122 772 adventum
1154 718 1375 782 Domini,
1407 717 1504 770 sed
1529 725 1765 771 mortuos

204 809 407 860 interim
441 808 666 870 ﬂebant,
715 810 834 877 quia
876 807 1104 861 nondmn
1135 808 1374 860 viderant
1399 821 1550 874 quem
1582 821 1760 874 spera-

204 899 343 950 bant.
380 900 621 967 Denique
648 900 857 953 Simeou
889 914 1022 951 unus
1050 898 1114 952 de
1143 898 1404 951 veteribus
1431 898 1644 955 sanctis.
1675 897 1761 964 qui

204 990 345 1055 prius
377 988 553 1042 fuerat
581 989 645 1041 de
672 1004 762 1041 sua
791 999 957 1041 morte
983 989 1253 1050 sollicitus,
1285 998 1554 1054 postquam
1584 986 1759 1039 Jesum

204 1080 485 1131 Dominum
517 1078 688 1131 adhuc
729 1094 944 1145 puerum
975 1078 1258 1130 secundum
1292 1091 1501 1128 carnem
1533 1077 1761 1142 suscepit

203 1167 249 1217 in
278 1168 551 1230 manibus,
583 1168 647 1220 de
676 1182 769 1219 suo
796 1169 933 1219 exitu
964 1168 1252 1234 gratulatur
1276 1166 1473 1229 dicens,
1503 1164 1653 1217 Nunc
1680 1165 1759 1215 di-

200 1256 381 1317 mittis,
430 1255 678 1316 Domine,
725 1272 917 1308 servum
955 1265 1089 1306 tuum
1128 1256 1180 1306 in
1212 1270 1362 1320 pace,
1394 1255 1509 1320 quia
1538 1254 1760 1305 viderunt

200 1345 328 1397 oculi
360 1348 460 1398 mei
488 1348 707 1398 salutare
734 1356 873 1398 tuum
894 1344 1043 1413 (Luc.
1073 1344 1126 1396 2.
1155 1345 1241 1399 29.
1272 1344 1377 1414 30).
1404 1345 1446 1397 Ο
1471 1346 1650 1397 beatus
1673 1344 1759 1397 ille

200 1435 454 1489 Simeon!
491 1436 619 1501 Quia
652 1435 786 1503 quod
828 1435 1071 1503 sperabat
1113 1435 1345 1496 viderat,
1384 1434 1491 1499 jam
1537 1441 1756 1486 mortem

199 1540 342 1577 Suam
373 1540 558 1591 pacem
590 1532 642 1577 et
672 1525 901 1592 requiem
921 1524 1275 1591 computabat.
1300 1524 1400 1577 Sed
1427 1524 1567 1577 dices
1589 1540 1601 1553 ·
1623 1524 1757 1577 Ecce

199 1615 246 1665 in
278 1614 570 1681 Evangelia
616 1614 832 1681 legitur,
880 1614 1271 1682 art-hisynagogi
1305 1614 1558 1680 ploratam
1599 1614 1753 1665 iiliam

200 1700 341 1767 (Luc.
368 1703 423 1753 8.
446 1702 561 1767 52),
591 1710 644 1755 et
669 1716 875 1756 sorores
894 1702 1071 1755 Lazari
1091 1702 1340 1754 Lazarum
1362 1701 1563 1755 ﬂevisse
1581 1700 1752 1771 (Joau.

200 1791 279 1842 11.
312 1791 426 1858 51).
464 1790 568 1843 Sed
602 1790 672 1841 illi
704 1789 875 1842 adhuc
900 1791 1182 1843 secundum
1213 1801 1442 1844 veterem
1475 1793 1637 1858 legem
1666 1806 1756 1843 sn-

199 1879 427 1945 piebant,
449 1881 569 1946 quia
596 1879 814 1932 necdum
837 1895 864 1930 a
890 1879 1105 1931 mortuis
1121 1878 1382 1932 Christum
1403 1879 1757 1931 resurrexisse

201 1978 607 2034 conspexerant.
636 1968 803 2021 Flevit
833 1969 985 2036 plane
1008 1976 1062 2022 et
1090 1968 1199 2034 ipse
1230 1969 1475 2020 Dominus
1504 1968 1751 2020 Lazarum

198 2057 299 2121 jam
328 2057 595 2124 sepultum
622 2099 636 2121 ,
670 2071 770 2110 non
804 2057 979 2125 utique
1006 2066 1059 2109 ut
1089 2056 1246 2109 ﬂendi
1277 2064 1509 2109 mortuos
1535 2055 1752 2108 formam

198 2145 342 2197 daret
362 2187 374 2205 ,
418 2146 511 2198 sed
560 2154 614 2197 ut
645 2156 694 2198 et
722 2161 778 2197 se
809 2162 899 2212 per
928 2146 1181 2213 Iacrymas
1208 2159 1327 2198 suas
1358 2160 1536 2199 verum
1567 2160 1754 2211 corpus

199 2234 551 2300 assumpsisse
580 2242 910 2287 monstraret.
958 2234 1048 2287 Vel
1089 2246 1232 2288 certe
1272 2236 1411 2287 ﬂevit
1452 2250 1630 2288 amore
1656 2235 1754 2287 hu-

198 2323 383 2375 mano‘
411 2321 648 2383 Iudaeos,
681 2323 799 2389 quia
831 2338 927 2376 nec
955 2323 1039 2375 tali
1070 2324 1218 2391 signo
1245 2330 1533 2376 monstrato
1560 2325 1609 2375 in
1637 2338 1754 2377 eum

201 2410 399 2464 fuerant
427 2412 699 2465 credituri.
726 2411 902 2479 Neque
924 2414 1061 2466 enim
1091 2428 1230 2465 mors
1251 2412 1430 2464 Lazari
1456 2427 1609 2465 causa
1641 2428 1755 2465 esse

203 2510 400 2566 poterat
441 2503 791 2570 laerymarum
814 2543 829 2567 ,
870 2519 1023 2571 quem
1057 2504 1167 2571 ipse
1192 2503 1342 2557 Jesus
1368 2514 1419 2557 et
1449 2504 1757 2557 dormivisse

201 2589 419 2649 dixerat,
452 2602 506 2643 et
528 2591 896 2644 suscitaturum
927 2607 983 2644 se
1014 2594 1341 2659 promiserat,
1373 2594 1506 2646 sicut
1532 2603 1584 2646 et
1612 2592 1752 2645 fecit.

265 2678 315 2730 5.
345 2678 658 2731 Habuerunt
685 2695 808 2748 ergo
841 2690 1046 2735 veteres
1076 2697 1225 2735 suum
1256 2698 1475 2747 morem,
1506 2697 1755 2751 suamque

203 2767 534 2834 fragilitatem
564 2809 575 2828 ,
628 2768 822 2823 Christi
865 2770 1143 2824 adventum
1189 2772 1543 2839 praecedentes
1570 2775 1612 2823 ³.
1640 2772 1753 2825 Jam

204 2870 320 2907 vero
345 2872 411 2909 ex
439 2872 547 2924 quo
582 2858 805 2912 Verbum
844 2875 968 2913 caro
994 2860 1183 2915 factum
1209 2871 1318 2927 est,
1349 2872 1401 2915 et
1428 2864 1677 2917 habitavit
1703 2866 1754 2917 in

207 2944 370 3007 nobis,
414 2960 479 2996 ex
522 2961 627 3011 quo
672 2947 841 3015 primo
882 2948 1008 3001 Adae
1034 2948 1206 3001 datam
1252 2952 1561 3004 sententiam
1590 2950 1752 3004 Adam

206 3035 515 3088 novissimus
538 3036 712 3101 solvit,
742 3052 805 3089 ex
826 3053 930 3105 quo
955 3048 1187 3091 nostram
1218 3050 1439 3093 mortem
1465 3055 1556 3094 sua
1590 3050 1754 3094 morte

204 3123 470 3187 destruxit,
504 3136 557 3179 et
588 3126 651 3177 ab
679 3126 855 3180 inferis
884 3128 968 3180 die
997 3130 1144 3181 tertia
1172 3130 1419 3183 Dominus
1447 3132 1749 3195 resurrexit,

204 3209 300 3277 iam
342 3230 443 3265 non
490 3223 572 3266 est
617 3216 859 3269 terribilis
900 3232 1041 3270 mors
1082 3218 1320 3272 ﬁdelibus
1355 3236 1497 3273 :non
1544 3222 1751 3274 timetur

206 3315 431 3369 occasus,
461 3305 580 3371 quia
602 3306 788 3359 Oriens
817 3308 957 3361 venit
985 3323 1048 3360 ex
1081 3309 1203 3361 alto.
1227 3308 1427 3362 Clamat
1448 3310 1557 3377 ipse
1579 3311 1751 3363 Domi-

206 3407 298 3444 nus
319 3396 404 3460 qui
448 3396 657 3447 mcntiri
686 3396 853 3449 nescit
878 3414 888 3449 :
912 3396 1022 3466 Ego
1051 3416 1187 3460 sunt,
1222 3399 1418 3466 inquit,
1461 3402 1749 3453 resurrectio

204 3490 246 3531 et
270 3483 362 3534 vita
379 3486 497 3551 :qui
531 3486 687 3537 credit
715 3486 765 3537 in
802 3502 898 3549 me,
923 3489 1113 3539 etiamsi
1140 3502 1360 3541 mortuus
1386 3490 1553 3558 fuerit,
1585 3490 1705 3542 vivet
1730 3505 1748 3542 :

206 3582 245 3622 et
280 3576 434 3625 onmis
470 3577 558 3642 qui
600 3578 711 3628 vivit
755 3588 800 3629 et
829 3578 983 3630 credit
1010 3580 1059 3630 in
1090 3595 1180 3642 me,
1214 3592 1415 3633 mortem
1450 3598 1545 3633 non
1574 3583 1747 3633 videbit

204 3660 251 3711 in
274 3673 507 3715 teternum
539 3664 716 3733 (Joan.
753 3669 835 3719 11.
865 3669 952 3720 25.
986 3669 1097 3737 26).
1129 3669 1393 3723 Manifesta
1420 3682 1497 3723 est
1520 3711 1533 3730 ,
1563 3672 1747 3724 fratres

205 3753 470 3817 carissimi,
504 3769 606 3807 vox
637 3757 827 3821 divina,
858 3759 977 3825 quia
1006 3761 1090 3826 qui
1115 3761 1281 3813 credit
1301 3760 1527 3825 Christo,
1556 3771 1608 3815 et
1634 3766 1746 3829 ejus

206 3843 435 3893 mandata
461 3844 723 3905 custodit,
757 3848 798 3898 si
832 3858 1066 3900 mortuus
1095 3847 1267 3914 fuerit,
1299 3851 1452 3903 vivet.
1488 3851 1630 3903 llanc
1656 3867 1746 3903 vo-

205 3942 308 3981 cem
339 3932 520 3986 beatus
554 3934 743 3987 Paulus
780 3937 1048 4003 apostolus
1083 3939 1362 4006 accipiens,
1395 3950 1445 3994 et
1477 3944 1596 3993 totis
1626 3942 1741 3994 fidei

203 4018 386 4074 viribus
412 4025 681 4086 retinens,
716 4025 1035 4079 instruebat:
1065 4027 1198 4081 Nolo
1217 4069 1231 4092 ,
1265 4030 1463 4098 inquit,
1493 4048 1576 4083 vos
1598 4033 1741 4099 igno-

203 4124 333 4171 rare,
375 4112 590 4178 fratres,
634 4113 696 4166 de
720 4116 1070 4169 dormientibus
1091 4158 1104 4179 ,
1144 4128 1196 4169 ut
1225 4135 1321 4170 non
1350 4121 1509 4172 tristes
1534 4122 1639 4171 sitis
1666 4122 1737 4187 (1.

203 4194 361 4251 Thess.
391 4202 441 4253 4.
469 4201 583 4267 12).
606 4201 649 4254 Ο
670 4203 797 4256 mira
812 4205 1045 4271 Apostoli
1079 4209 1455 4273 pronuntiatio!
1484 4209 1597 4262 Uno
1627 4225 1741 4262 ser-

203 4302 361 4351 mone,
385 4299 666 4359 antequam
689 4291 973 4345 doctrinam
1001 4295 1283 4362 prol‘erat',
1307 4298 1741 4351 resurrectionem

201 4380 539 4433 Commendat.
587 4380 910 4435 Dormientes
952 4400 1175 4454 namque
1205 4388 1431 4454 appellat
1459 4389 1602 4453 illos,
1653 4391 1738 4457 qui

203 4471 373 4523 InOtltti
402 4482 543 4537 sunt,
580 4484 630 4525 ut
661 4475 781 4526 dum
810 4475 1038 4529 dormire
1066 4492 1157 4531 eos
1181 4478 1323 4542 dicit,
1351 4491 1737 4535 resurrecturos

202 4557 302 4609 sine
330 4559 654 4614 dubitatione
684 4565 973 4631 consignet.
1023 4565 1168 4630 Non,
1212 4568 1407 4636 inquit,
1444 4571 1602 4621 tristes
1632 4571 1737 4623 sitis

201 4644 254 4694 de
275 4646 645 4713 dormientibus,
674 4651 799 4702 sicut
824 4661 867 4702 et
894 4655 1073 4705 elateri.
1099 4656 1198 4718 Qui
1226 4671 1369 4722 spem
1397 4673 1497 4710 non
1523 4658 1733 4723 habent,

200 4734 561 4788 contristentur
587 4753 599 4787 :
624 4752 718 4790 nos
746 4749 917 4792 autem
950 4741 1035 4808 qui
1065 4744 1172 4809 spei
1208 4742 1294 4795 lilii
1326 4758 1523 4808 sumus,
1556 4748 1734 4799 collac-

201 4828 369 4873 temur.
393 4823 519 4888 Quae
538 4834 715 4879 autem
733 4828 883 4881 nobis
898 4843 1017 4896 spes
1032 4832 1117 4895 sit,
1139 4833 1248 4899 ipse
1264 4846 1637 4888 commemorat
1658 4837 1737 4888 di-

198 4923 325 4963 ('ens:
342 4912 397 4965 Si
411 4914 679 4977 credimus,
693 4918 806 4982 quia
818 4914 1040 4971 Christus
1052 4930 1275 4974 mortuus
1287 4932 1375 4984 est,
1390 4933 1433 4975 et
1446 4926 1736 4976 resurrexit:

197 4998 257 5049 ita
284 5012 323 5051 et
343 5001 477 5057 Deus
496 5021 603 5069 eos,
634 5008 717 5070 qui
739 5008 1055 5073 dormierunt,
1088 5028 1175 5077 per
1193 5011 1363 5065 Jesum
1388 5016 1594 5066 adducet
1621 5033 1731 5069 cum

196 5090 300 5155 eo(i
318 5129 328 5140 .
346 5090 520 5146 Thess.
550 5093 602 5145 4.
628 5094 736 5162 15).
756 5095 906 5149 .lesus
927 5099 1063 5150 enim
1087 5100 1235 5152 nobis
1260 5110 1309 5153 et
1332 5102 1414 5154 hic
1441 5104 1731 5157 viventibus

195 5178 319 5231 salus
347 5190 442 5248 est,
471 5192 525 5236 et
550 5182 673 5236 hinc
708 5184 1071 5240 recedentibus
1095 5190 1194 5240 vita
1227 5200 1322 5242 est.
1360 5191 1517 5254 Mihi,
1568 5194 1730 5259 inquit

177 5268 208 5315 ι)
224 5272 644 5338 postulus,vivere
662 5269 885 5325 Christus
908 5284 997 5338 est,
1028 5286 1072 5327 et
1104 5278 1227 5328 mori
1253 5278 1445 5329 lucrum
1476 5279 1725 5347 (Philipp.

190 5352 227 5399 l.
265 5351 365 5420 219.
400 5358 625 5413 Lucrum
650 5360 818 5427 plane,
840 5363 959 5429 quia
981 5365 1244 5430 angustias
1262 5374 1315 5418 et
1336 5366 1719 5431 tribulationes,

248 5546 265 5612 ξ
294 5553 366 5595 Ms.
393 5551 713 5612 Corbeiensis,
740 5568 867 5604 more
889 5554 1105 5605 Iutntano.

250 5606 267 5677 ξ
297 5613 368 5677 gis:
391 5606 713 5677 Corbeiensis,
733 5616 909 5664 (‘hristi
931 5620 1129 5666 adventu
1154 5622 1399 5677 pendente.

250 5665 267 5694 ⁸
297 5668 401 5717 Nili
422 5674 628 5733 quidam,
658 5665 746 5724 uno
763 5690 976 5728 sermone
999 5686 1047 5727 ut
1066 5665 1598 5743 utrt'tntqucidoclrtnunt
1622 5698 1725 5747 pro-

1346 421 1432 476 DE
1468 417 1973 476 CONSOLATIONE
2011 420 2276 479 MORTIS.

3328 450 3438 504 298

1876 551 2003 604 quas
2047 539 2202 593 habet
2230 540 2433 609 longior
2459 541 2599 610 vita,
2648 558 2791 599 mors
2820 546 3119 602 accelerans
3149 548 3427 606 lucrifacit.

1872 623 1988 676 .lam
2017 642 2139 678 vero
2166 628 2402 681 ordinem
2444 639 2496 683 et
2537 630 2771 685 habitum
2810 634 2920 701 spei
2953 645 3145 690 nostra:
3173 637 3429 692 describit

1866 710 2171 778 Apostolus.
2200 716 2409 782 «Hoc,s
2456 720 2639 787 inquit,
2687 721 2871 775 «vobis
2911 724 3134 778 dicimus
3174 726 3223 778 in
3267 728 3427 780 verbo

1872 802 2098 867 Domini,
2130 807 2247 873 quia
2281 822 2376 861 nos
2402 811 2487 877 qui
2518 811 2756 873 vivimus,
2784 813 2871 880 qui
2902 815 3095 867 residui
3126 830 3308 871 sumus
3328 858 3341 879 ,
3374 819 3423 870 in

1870 890 2095 944 adventu
2139 894 2250 960 ejus
2277 910 2378 948 non
2408 900 2786 965 prmveniemus
2822 916 2912 954 eos
2938 903 3026 969 qui
3054 904 3376 959 dormierunt
3404 923 3416 958 :

1867 981 1985 1047 quia
2014 981 2123 1048 ipse
2149 983 2398 1038 Dominus
2423 988 2474 1037 in
2499 986 2644 1051 jussu
2674 997 2726 1040 et
2753 1004 2878 1041 voce
2902 990 3199 1059 archangeli
3225 1033 3239 1056 ,
3285 1004 3337 1046 et
3368 996 3418 1048 in

1869 1071 1987 1122 tuba
2015 1070 2103 1123 Dei
2132 1070 2413 1127 descendet
2433 1075 2498 1128 de
2525 1078 2674 1139 caelo,
2708 1086 2759 1129 et
2800 1081 2986 1131 mortui
3019 1082 3103 1146 qui
3137 1083 3186 1133 in
3211 1082 3421 1137 Christo

1866 1167 1986 1210 sunt
2017 1174 2289 1227 resurgent
2314 1163 2465 1229 primi
2495 1181 2507 1216 :
2538 1164 2725 1218 deinde
2756 1181 2851 1219 nos
2878 1168 2961 1234 qui
2996 1169 3235 1234 vivimus,
3260 1173 3416 1225 simul

1864 1260 1979 1298 cum
2003 1246 2103 1299 illis
2128 1249 2389 1315 rapiemur
2410 1252 2459 1303 in
2487 1253 2707 1306 nubibus
2722 1254 2925 1307 obviam
2953 1254 3163 1312 Christo
3193 1260 3241 1312 in
3267 1275 3411 1327 acra,

1864 1342 1915 1385 et
1943 1333 2013 1385 ita
2044 1348 2249 1404 semper
2272 1353 2388 1390 cum
2414 1339 2631 1393 Domino
2660 1342 2854 1394 erimus
2878 1362 2895 1393 ι
2924 1344 2999 1412 (1.
3023 1344 3195 1399 Thess.
3223 1349 3274 1400 4.
3307 1352 3415 1403 14-

1864 1420 1970 1488 16).
2002 1420 2111 1475 iloc
2151 1432 2231 1476 est
2256 1425 2392 1491 quod
2420 1426 2575 1490 dicit,
2605 1430 2723 1496 quia
2752 1445 2869 1484 cum
2901 1435 3099 1487 venerit
3131 1436 3376 1491 Dominus
3397 1478 3414 1501 ,

1858 1509 2090 1564 inveniet
2131 1514 2323 1567 multos
2352 1516 2401 1567 in
2434 1530 2652 1583 corpore
2691 1518 3031 1585 Christianos,
3066 1524 3153 1591 qui
3183 1528 3413 1581 nondum

1860 1601 2063 1665 experti
2090 1611 2213 1654 sunt
2234 1612 2455 1658 mortem
2480 1620 2493 1656 :
2518 1615 2569 1658 et
2596 1613 2766 1660 tamen
2789 1624 2889 1661 non
2915 1620 3035 1665 ante
3060 1614 3327 1679 rapientur
3348 1617 3413 1669 ad

1864 1688 2084 1754 caelum,
2129 1706 2283 1757 quam
2323 1694 2513 1746 mortui
2553 1696 2717 1747 sancti
2753 1696 2819 1749 de
2860 1704 3211 1757 monumentis
3239 1717 3415 1758 resur-

1863 1780 2112 1845 rexerint,
2145 1783 2265 1834 tuba
2296 1783 2384 1835 Dei
2427 1792 2478 1835 et
2525 1799 2648 1837 voce
2678 1786 2973 1856 archangeli
3003 1793 3253 1845 suscitati.
3280 1796 3412 1848 Cum

1859 1875 2032 1920 autem
2073 1868 2264 1923 fuerint
2292 1873 2543 1937 suscitati,
2568 1873 2732 1940 juncti
2763 1879 2953 1943 pariter
2976 1894 3093 1932 cum
3122 1882 3414 1938 viventibus

1859 1955 2129 2021 rapientur
2173 1958 2222 2009 in
2254 1960 2477 2014 nubibus
2505 1962 2710 2016 obviam
2740 1963 2950 2019 Christo
2978 1969 3028 2020 in
3060 1983 3181 2021 aera
3203 2011 3216 2032 ,
3250 1980 3301 2023 et
3338 1974 3414 2026 sic

1860 2056 2070 2111 semper
2092 2060 2210 2098 cum
2239 2047 2351 2115 ipso
2391 2052 2697 2118 regnabunt.
2726 2052 2831 2106 Nec
2857 2069 2982 2107 sane
3007 2058 3170 2123 possit
3190 2058 3412 2113 dubitari

1858 2134 1993 2200 quod
2036 2138 2235 2202 possint
2273 2152 2489 2205 corpora
2510 2180 2522 2201 ,
2555 2141 2787 2207 quamvis
2820 2144 2923 2195 sint
2950 2145 3121 2210 gravia
3147 2185 3162 2207 ,
3211 2146 3261 2198 in
3290 2162 3409 2200 aera

1859 2222 2121 2276 sublevari
2148 2242 2159 2276 :
2184 2240 2300 2278 cum
2326 2227 2541 2293 jubentc
2576 2229 2793 2283 Domino
2822 2230 3005 2284 Petrus
3032 2234 3195 2300 ipsum
3222 2250 3412 2304 corpus

1860 2310 2054 2365 habens
2095 2330 2250 2382 super
2295 2318 2459 2371 undas
2498 2320 2840 2376 ambulaverit
2885 2327 3042 2379 maris
3074 2326 3281 2396 (Matth.
3323 2331 3409 2382 H.

1859 2398 1975 2468 29),
2001 2400 2140 2453 Elias
2166 2418 2372 2472 quoque
2399 2406 2460 2458 ad
2490 2407 2644 2473 hujus
2669 2412 2777 2476 spei
2807 2412 3256 2468 confirmationem
3275 2456 3290 2479 ,
3319 2431 3412 2482 per

1862 2486 1997 2540 hunc
2025 2503 2144 2541 acra
2172 2505 2327 2544 curru
2356 2492 2600 2549 ﬂammeo
2620 2498 2682 2549 sit
2706 2509 2883 2565 raptus
2900 2501 2963 2552 ad
2981 2502 3162 2554 escium
3181 2503 3255 2571 (ι.
3282 2504 3405 2574 Reg.

1856 2576 1908 2627 2.
1943 2578 2052 2644 ii).

1928 2666 1981 2719 6.
2031 2668 2213 2732 Quales
2252 2673 2411 2741 futuri
2444 2676 2597 2727 simus
2636 2687 2745 2744 post
2785 2680 3408 2737 resurrectionem—Sci!

1858 2758 2050 2823 quaeris
2077 2758 2213 2812 forte
2240 2777 2251 2810 :
2276 2761 2468 2825 Quales
2495 2774 2646 2817 erunt
2684 2768 2768 2834 qui
2797 2781 2825 2818 a
2855 2771 3072 2822 mortuis
3110 2786 3410 2825 resnrrexe-

1857 2845 1995 2899 rint?
2042 2848 2174 2900 Audi
2221 2850 2387 2916 ipsmn
2438 2854 2693 2907 dicentem
2740 2856 3013 2910 Dominum
3048 2860 3407 2925 tuumzfuuc,

1855 2934 2039 3002 inquit,
2083 2938 2205 3004 ;'"stt'
2245 2939 2533 3008 fulgebunt,
2578 2945 2704 2995 sicut
2743 2946 2818 2997 sol
2860 2946 2910 2997 in
2949 2964 3097 3015 regno
3129 2948 3294 3002 Patris
3331 2953 3409 3003 sui

1854 3023 2063 3093 (Matth.
2088 3028 2172 3079 15.
2197 3027 2306 3097 45).
2326 3028 2458 3093 Quid
2481 3032 2810 3097 splendorem
2827 3050 3229 3091 commemorem
3251 3041 3409 3093 solis?

1852 3114 1981 3168 Cttm
2012 3116 2190 3170 fideles
2220 3120 2573 3189 transfigurari
2600 3138 2814 3177 necesse
2840 3135 2917 3177 est
2943 3126 3005 3177 ad
3036 3128 3196 3194 ipsius
3218 3129 3407 3183 Christi

1856 3205 2062 3259 Domini
2107 3210 2433 3275 claritatem,
2486 3222 2541 3265 ut
2595 3222 2814 3281 testatur
2864 3217 3128 3283 apostolus
3175 3219 3403 3272 Paulus:

1858 3313 1874 3345 ε
1893 3294 2096 3361 Nostra,
2127 3316 2145 3349 ι
2180 3299 2363 3367 inquit,
2400 3319 2417 3352 t
2440 3305 2767 3357 conversatio
2795 3305 2842 3357 in
2875 3306 3017 3358 cwlis
3043 3317 3121 3359 est
3146 3324 3157 3358 :
3186 3310 3321 3361 unde
3350 3318 3406 3363 et

1849 3383 2017 3451 ipsum
2039 3384 2356 3441 Saivatorem
2378 3400 2743 3457 exspectamus
2769 3392 3039 3445 Dominum
3062 3394 3237 3447 Jesum
3257 3393 3407 3449 Chri-

1850 3481 2005 3536 stum,
2036 3475 2121 3543 qui
2150 3476 2538 3531 transfurmahit
2567 3493 2755 3546 corpus
2783 3480 3089 3534 humilitatis
3116 3492 3306 3536 nostrae
3333 3487 3397 3537 ad

1847 3560 2312 3617 conformationem
2336 3567 2569 3634 corporis
2590 3566 2771 3634 glorize
2795 3584 2901 3619 sua:
2930 3588 2946 3617 ι
2974 3567 3222 3639 (Philipp.
3239 3573 3288 3623 3.
3310 3573 3400 3626 20.

1846 3649 2445 3719 21):transiigurahitur
2483 3656 2594 3706 sine
2634 3654 2791 3707 dubio
2842 3670 2963 3708 caro
3008 3658 3100 3709 ista
3164 3662 3400 3712 mortalis

1846 3739 1910 3792 ad
1937 3740 2401 3795 conformationem
2426 3741 2616 3796 Christi
2640 3744 2906 3805 claritatis,
2932 3745 3110 3799 induet
3136 3748 3150 3777 ί
3185 3750 3402 3804 mortale

1847 3829 2287 3885 immortalitatem
2308 3850 2319 3884 :
2340 3835 2459 3902 quia
2494 3834 2641 3898 Quod
2666 3837 2959 3889 seminatum
2985 3838 3148 3905 fuerat
3178 3841 3226 3891 in
3256 3841 3400 3907 inﬁro

1845 3921 2032 3985 ntitate,
2061 3922 2294 3989 protinus
2318 3933 2482 3992 surget
2509 3925 2559 3977 in
2586 3925 2759 3977 virtute
2785 3923 2859 3996 (1.
2888 3926 3000 3978 Cor.
3027 3928 3109 3981 15.
3140 3929 3250 3996 45).
3284 3929 3396 3983 Non

1846 4009 2048 4063 timebit
2077 4025 2199 4063 caro
2226 4012 2448 4079 amplius
2486 4013 2870 4079 corruptionem
2893 4056 2905 4077 ,
2937 4030 3038 4067 non
3070 4017 3289 4083 patietur
3319 4018 3398 4071 fa-

1846 4112 2003 4159 mem,
2033 4113 2134 4150 non
2157 4099 2329 4161 sitim,
2363 4115 2464 4153 non
2496 4101 2828 4167 (egritudines
2852 4144 2865 4165 ,
2899 4118 2999 4155 non
3030 4119 3181 4157 casus
3208 4108 3399 4161 adver-

1844 4202 1951 4241 sos.
1983 4188 2088 4241 Pax
2113 4189 2249 4242 enim
2280 4198 2385 4242 tuta
2408 4231 2421 4250 .
2454 4199 2505 4244 et
2536 4191 2681 4243 firma
2723 4194 2976 4246 securitas
3007 4194 3125 4247 vitae
3150 4206 3247 4249 est.
3282 4199 3395 4252 Alia

1844 4276 2019 4343 utique
2044 4277 2265 4330 caelestis
2293 4288 2373 4331 est
2396 4279 2559 4348 gloria
2583 4320 2599 4344 ,
2629 4280 2715 4333 ubi
2756 4291 2808 4335 et
2835 4282 3077 4350 gaudium
3109 4284 3221 4337 sine
3247 4286 3395 4341 deic-

1843 4367 2015 4419 ctione
2048 4368 2394 4435 przestabitur.

1914 4457 1963 4508 7.
2002 4457 2137 4509 Mors
2167 4461 2322 4527 magis
2346 4462 2584 4529 optanda,
2616 4478 2762 4530 quant
2789 4462 3021 4531 lugenda,
3054 4466 3139 4516 sed
3173 4481 3269 4517 non
3304 4468 3396 4519 sibi

1840 4544 2343 4613 inferenda.-—-llzee
2388 4548 2438 4599 in
2486 4563 2643 4600 sensu
2687 4558 2737 4601 et
2779 4551 2942 4602 oculis
2982 4566 3167 4618 gerens
3210 4554 3393 4606 beatus

1842 4636 2032 4688 Paulus
2059 4636 2297 4701 dicebat,
2336 4656 2353 4686 ι
2378 4637 2629 4704 Optabam
2675 4638 2909 4705 dissolvi,
2944 4649 2994 4693 et
3034 4656 3150 4694 eum
3183 4642 3393 4698 Christo

1839 4739 1955 4778 esse
1985 4726 2149 4777 multo
2172 4726 2331 4792 magis
2356 4726 2538 4779 melius
2557 4728 2576 4757 '
2603 4746 2619 4775 ι
2648 4726 2898 4797 (Philipp.
2932 4730 2978 4781 i.
2998 4730 3089 4797 25)
3108 4771 3117 4781 .
3138 4731 3203 4783 Et
3223 4732 3391 4786 adhuc

1839 4821 2017 4879 aperte
2044 4812 2267 4875 docens,
2309 4832 2328 4862 ‹
2355 4814 2482 4866 Dum
2514 4828 2712 4877 sumus,
2738 4833 2754 4864 ι
2791 4818 2973 4883 inquit,
3006 4837 3022 4868 ι
3047 4818 3095 4871 in
3127 4834 3351 4887 corpore
3374 4864 3387 4883 ,

1839 4901 2229 4969 peregrinamur
2250 4916 2275 4951 a
2303 4902 2521 4955 Domino
2546 4920 2558 4954 :
2584 4918 2676 4970 per
2698 4904 2849 4957 iidem
2877 4905 3014 4957 enim
3042 4906 3388 4970 ambulamus,

1836 4998 1889 5040 et
1918 5002 2017 5040 non
2051 5003 2140 5054 per
2160 4989 2405 5055 speciem.
2446 4989 2707 5043 Habemus
2728 5000 2898 5043 autem
2924 4995 3104 5059 magis,
3133 5012 3151 5043 ι
3193 4994 3387 5059 inquit,

1842 5098 1860 5130 ι
1880 5081 2066 5134 bonam
2080 5081 2394 5133 voluntatem
2412 5083 2727 5149 peregrinari
2744 5097 2771 5132 a
2784 5097 3022 5148 corpore,
3038 5096 3088 5135 et
3102 5098 3302 5150 prmsen
3313 5094 3389 5136 tes

1836 5186 1951 5225 esse
1976 5171 2036 5224 ad
2061 5172 2336 5224 Dominum
2360 5190 2376 5221 ι
2418 5172 2489 5239 (2.
2525 5171 2635 5223 Cor.
2664 5172 2715 5224 5.
2735 5170 2873 5240 6-8).
2899 5173 3029 5237 Quid
3060 5175 3261 5242 agimus
3293 5188 3387 5225 nos

1836 5277 2007 5330 parva:
2039 5262 2155 5315 ﬁdei
2199 5262 2457 5323 homines,
2503 5262 2592 5329 qui
2622 5262 2895 5315 anxiamur
2921 5272 2973 5316 et
3011 5266 3312 5327 deficimus,
3346 5266 3387 5315 si

1834 5350 2021 5419 aliquis
2061 5350 2126 5404 de
2166 5353 2301 5404 caris
2335 5350 2533 5403 nostris
2578 5350 2767 5419 migret
2808 5352 2870 5405 ad
2904 5353 3217 5407 Dominum?
3251 5354 3386 5418 Quid

1895 5566 2335 5636 ἶδῐεε·τί²²άέλεῖὲ⁴ντ
2433 5628 2443 5636 .
2527 5626 2641 5636 -..λ
2909 5628 2950 5636 ..
3178 5628 3203 5636 ._
3329 5626 3338 5636 .

1894 5628 2018 5687 {sic
2048 5636 2133 5687 ars.
2169 5627 2487 5675 Corbeiensis.
2527 5626 2642 5674 Editi
2690 5640 2807 5673 vero
2840 5628 3027 5687 quidam
3048 5663 3063 5686 ,
3090 5628 3233 5675 multo
3263 5626 3393 5675 enim

1832 5685 2013 5754 melius.
2042 5686 2163 5734 inira
2189 5695 2263 5735 MS.
2300 5687 2460 5743 Corh.,
2503 5696 2757 5749 praesentes
2794 5685 2891 5737 esse
2936 5695 2978 5737 et
3011 5691 3263 5738 adventare
3299 5696 3385 5739 Dc»

1834 5760 1976 5797 ηιιιιυ.
