4062 6464
628 422 741 478 299

626 518 827 587 agimus
846 557 863 583 ,
907 530 1041 586 quos
1070 515 1413 586 peregrinatio
1441 517 1491 569 in
1521 515 1621 569 hoc
1651 512 1848 569 mundo
1890 512 2055 580 magis
2077 509 2173 563 de-

628 609 818 673 lectat,
861 622 1015 676 quam
1065 604 1430 673 reprmscntari
1473 605 1537 657 ad
1575 604 1767 660 Christi
1806 599 2182 669 conspectum?

631 695 785 758 Vere,
817 710 943 750 vere
973 694 1322 763 peregrinatio
1346 702 1427 747 est
1448 707 1603 747 omne
1623 691 1759 761 quod
1782 691 2003 745 vivimus
2026 708 2039 743 :
2063 705 2181 744 nam

630 784 765 837 sicut
807 783 1065 852 peregrini
1100 785 1149 835 in
1182 782 1405 847 saeculo,
1446 782 1599 836 sedes
1644 782 1895 835 habemus
1922 779 2179 842 incertas,

631 872 959 936 laboramus,
1006 871 1357 935 desudamus,
1404 872 1513 925 vias
1547 870 1873 926 ambulantes
1905 868 2143 923 difficiles
2165 910 2181 935 ,

634 965 880 1032 periculis
909 965 1091 1033 plenas
1116 982 1127 1016 :
1155 962 1381 1031 undique
1423 962 1624 1015 insidia:
1650 1004 1663 1026 ,
1712 976 1741 1013 a
1786 960 2123 1028 spiritalibus,
2154 975 2183 1013 a

629 1052 990 1121 corporalibus
1014 1050 1289 1114 inimicis‘,
1316 1050 1544 1119 undique
1566 1063 1803 1102 errorum
1822 1048 2043 1102 calliculi
2065 1056 2187 1101 sunt

631 1142 930 1210 praeparati.
976 1141 1041 1194 Et
1078 1156 1197 1194 eum
1243 1140 1402 1193 tantis
1430 1139 1676 1207 periculis
1714 1154 2031 1209 urgeamur,
2082 1155 2185 1193 non

631 1230 801 1285 solum
830 1230 927 1298 ipsi
966 1243 1070 1284 non
1098 1230 1337 1298 cupimus
1364 1230 1609 1293 liberari,
1639 1229 1730 1282 sed
1759 1229 1912 1282 etiam
1945 1230 2187 1283 liberatos

634 1330 896 1388 tamquam
927 1319 1156 1387 perditos
1186 1320 1422 1386 lugemus
1450 1327 1501 1371 et
1534 1318 1845 1386 plangimus.
1873 1316 2013 1382 Quid
2035 1317 2187 1371 nobis

634 1410 878 1478 praestitit
903 1409 1038 1463 Deus
1062 1424 1153 1476 per
1179 1424 1328 1462 suum
1362 1408 1715 1477 Uuigcnitum,
1741 1408 1783 1461 si
1811 1406 1983 1461 adhuc
2008 1409 2189 1462 mortis

635 1499 882 1551 timemus
914 1497 1124 1551 casum?
1154 1496 1286 1562 Quid
1318 1511 1413 1550 nos
1440 1504 1649 1549 renatos
1673 1510 1734 1548 ex
1762 1508 1896 1563 aqua
1922 1504 1969 1550 et
1996 1496 2189 1563 Spiritu

636 1589 934 1657 gloriamur,
956 1600 1088 1654 quos
1107 1586 1453 1655 peregrinatio
1473 1585 1538 1638 de
1556 1584 1655 1637 hoc
1677 1584 1869 1639 mundo
1884 1585 2190 1638 contristat?

639 1679 751 1747 Ipse
784 1678 1032 1730 Dominus
1056 1677 1268 1739 clamat,
1303 1674 1362 1728 Si
1389 1674 1495 1739 quis
1520 1674 1642 1726 mihi
1669 1674 1933 1735 ministrat,
1960 1682 2193 1741 sequatur

636 1782 748 1819 me:
770 1776 815 1819 et
841 1765 923 1818 ubi
948 1781 1035 1834 ego
1062 1781 1194 1828 sum,
1219 1765 1284 1815 ibi
1308 1764 1399 1815 erit
1418 1771 1462 1815 et
1490 1763 1712 1815 minister
1735 1778 1872 1814 meus
1900 1760 2072 1830 (Joan.
2102 1761 2189 1815 η.

637 1856 749 1925 21;).
802 1857 957 1909 Putas
1006 1856 1049 1908 si
1094 1869 1187 1908 rex
1220 1855 1482 1908 terrestris
1522 1852 1587 1906 ad
1632 1867 1781 1906 suum
1828 1853 2070 1921 palatium
2110 1851 2191 1905 vel

637 1947 935 2000 convivium
962 1946 1187 2013 aliquem
1214 1954 1386 2008 vocet,
1412 1957 1515 1995 non
1540 1956 1657 1996 cum
1681 1943 1965 2012 gratiarum
1991 1942 2193 1997 actione

638 2036 977 2106 properabit?
1006 2034 1211 2101 Quanto
1250 2034 1415 2101 magis
1459 2032 1523 2086 ad
1570 2032 1832 2087 calcstem
1878 2030 2191 2086 currendum

640 2134 721 2178 est
747 2139 944 2194 regem,
975 2124 1061 2191 qui
1091 2137 1223 2192 quos
1252 2128 1527 2189 receperit,
1570 2137 1672 2174 non
1717 2121 1883 2174 solum
1912 2120 2157 2174 convivas
2178 2161 2191 2184 ,

641 2215 731 2268 sed
758 2216 914 2269 etiam
942 2213 1382 2283 eonregnatores’
1403 2212 1613 2269 efficiet.
1645 2211 1778 2264 sicut
1801 2211 2048 2278 scriptum
2080 2219 2192 2264 est:

642 2304 703 2359 Si
731 2304 1024 2358 commortui
1057 2318 1249 2362 sumus,
1290 2312 1333 2355 et
1364 2302 1705 2361 convivemus;
1734 2301 1777 2353 si
1805 2302 2118 2365 sustinemus,
2150 2308 2197 2353 et

642 2395 1048 2465 ronregnabimus
1090 2392 1163 2459 (2.
1207 2391 1338 2444 Tim.
1385 2391 1421 2444 2
1492 2392 1577 2445 Η.
1631 2390 1738 2458 η).
1789 2389 1895 2444 Nec
1948 2390 2049 2444 hoc
2099 2399 2198 2460 ego

649 2486 787 2551 dico,
830 2494 885 2538 ut
911 2485 1027 2553 quis
1062 2497 1248 2536 manus
1282 2482 1378 2536 sibi
1424 2482 1641 2543 inferat,
1690 2490 1778 2533 aut
1822 2496 1880 2535 se
1924 2480 2197 2536 interﬁciat

646 2585 825 2629 contra
854 2575 1175 2627 voluntatem
1224 2572 1311 2626 Dei
1339 2572 1626 2631 creatoris,
1667 2581 1755 2625 aut
1799 2571 2023 2624 animam
2050 2580 2108 2624 ut
2133 2571 2199 2625 de

644 2665 881 2735 corporis
906 2664 985 2718 sui
1010 2662 1237 2731 expellat
1267 2662 1523 2731 hospitio;
1555 2662 1645 2715 sed
1673 2660 1775 2716 hoc
1800 2661 1936 2725 dico,
1964 2671 2023 2714 ut
2049 2660 2199 2715 laetus

643 2766 697 2811 et
720 2754 971 2825 gaudens,
995 2768 1112 2808 cum
1138 2761 1226 2805 aut
1249 2752 1361 2820 ipse
1386 2760 1602 2804 vocatur
1620 2759 1673 2804 et
1694 2750 1984 2819 proximus,
2010 2758 2062 2802 et
2089 2750 2200 2817 ipse

645 2847 818 2907 vadat,
842 2854 893 2899 et
911 2844 1155 2898 euntibus
1171 2842 1479 2911 gratuletur.
1500 2840 1619 2894 lircc
1637 2842 1775 2894 enim
1797 2838 2201 2893 estChristiante

647 2935 764 2989 ﬁdei
792 2948 993 2986 summa
1011 2973 1025 2996 ,
1070 2931 1228 2984 vitam
1255 2945 1428 2983 veram
1460 2935 1766 2997 exspectare
1794 2935 1912 2996 post
1938 2936 2158 2980 mortem
2185 2966 2199 2990 ,

651 3026 874 3079 reditum
921 3036 1134 3089 sperare
1179 3030 1294 3088 post
1342 3020 1558 3073 exitum.
1608 3021 1833 3087 Accepta
1880 3020 2033 3087 igitur
2076 3032 2204 3072 voce

652 3112 915 3184 Apostoli,
942 3126 1067 3165 cum
1102 3108 1293 3164 ﬁducia
1331 3111 1436 3178 jam
1465 3109 1702 3163 dicamus
1728 3110 1919 3177 gratias
1945 3109 2082 3171 Deo,
2115 3108 2203 3177 qui

650 3202 803 3256 nobis
831 3210 1011 3255 contra
1052 3210 1272 3254 mortem
1317 3200 1582 3254 victoriam
1611 3199 1785 3264 dedit,
1824 3215 1917 3268 per
1939 3199 2203 3254 Christum

652 3294 930 3348 Dominum
958 3300 1213 3356 nostrum,
1247 3292 1328 3346 cui
1355 3300 1437 3345 est
1464 3292 1625 3361 gloria
1649 3300 1701 3346 ct
1732 3300 1962 3361 potestas
1988 3306 2127 3346 nunc
2154 3300 2207 3345 et

653 3384 706 3437 in
735 3382 922 3436 smcula
950 3381 1285 3435 smeulorum.
1312 3381 1498 3433 Amen.

1280 3487 1503 3543 SERMO
1529 3488 1597 3542 Il.

730 3606 778 3655 i.
807 3601 1118 3655 Resurrectio
1158 3600 1291 3652 unde
1327 3600 1463 3668 apud
1498 3600 1722 3668 inﬁdeles
1745 3601 1912 3653 dubia.
1941 3630 2011 3641 —
2042 3600 2211 3668 Supe-

656 3692 781 3745 riori
808 3690 1016 3759 quidem
1046 3690 1221 3742 libello
1253 3690 1653 3755 perstrinximus
1674 3690 1903 3744 breviter
1923 3691 1989 3745 de
2015 3706 2209 3745 conso-

656 3783 854 3836 latione
894 3780 1227 3833 mortalitatis
1251 3778 1306 3843 ⁸,
1356 3779 1422 3832 de
1461 3794 1553 3847 spe
1599 3782 1998 3834 resurrectionis
2030 3799 2042 3834 :
2072 3797 2213 3837 nunc

658 3869 863 3939 plenius
900 3877 954 3922 et
976 3867 1199 3921 validius
1229 3866 1295 3921 de
1321 3866 1722 3921 eisdemﬁdicere
1749 3883 2110 3935 properamus.
2152 3870 2209 3925 Si

657 3958 865 4029 quidem
916 3957 1065 4021 hzec,
1108 3971 1224 4025 qua:
1261 3956 1503 4025 loquutus
1531 3946 1676 4051 ‘fum,
1719 3957 1956 4011 fidelibus
2002 3959 2211 4027 quidem

656 4062 797 4105 certa
839 4060 993 4110 sunt,
1026 4048 1316 4103 inﬁdelibus
1344 4058 1514 4102 autem
1538 4048 1606 4102 'ac
1629 4048 1799 4103 dubiis
1820 4050 2062 4104 videntur
2094 4067 2213 4108 esse

662 4140 917 4203 fabulosa,
963 4138 1026 4190 ad
1056 4153 1187 4205 quos
1219 4152 1378 4204 pauca
1405 4117 1633 4226 striei‘ius
1666 4139 2009 4205 proferamus.
2053 4141 2211 4195 Certe

662 4228 976 4296 quicumque
1002 4228 1128 4280 estis
1157 4226 1406 4279 increduli
1433 4267 1447 4292 ,
1496 4242 1705 4285 omnem
1746 4229 2120 4285 dubitationem
2147 4231 2213 4287 de

661 4316 949 4370 substantia
971 4314 1205 4383 corporis
1230 4315 1514 4368 sustinetis.
1540 4316 1857 4381 Discreditur
1881 4318 2019 4370 enim
2047 4335 2074 4371 a
2097 4320 2215 4387 qui-

664 4405 903 4468 busdam,
921 4418 1131 4457 carnem
1156 4417 1457 4457 conversam
1475 4402 1524 4455 in
1543 4392 1830 4477 pulverem,
1857 4405 2044 4459 iterum
2064 4421 2217 4473 posse

664 4512 971 4565 resurgere,
1020 4498 1207 4548 iterum
1251 4495 1587 4563 reviviscere;
1632 4494 1890 4547 Cancrum
1936 4495 2001 4549 de
2043 4496 2215 4549 anima

666 4590 865 4642 nullum
896 4604 1046 4655 posse
1064 4588 1329 4641 hominum
1355 4566 1624 4640 dubitare:
1648 4587 1689 4641 si
1716 4587 1923 4656 quidem
1943 4588 2010 4643 de
2028 4591 2216 4645 anima:

668 4678 1055 4731 immortalitate
1086 4691 1184 4730 nec
1212 4676 1505 4743 philosophi
1542 4675 1674 4743 ipsi,
1718 4690 1837 4729 cum
1875 4678 1978 4731 sint
2004 4682 2214 4749 pagani,

669 4767 1003 4819 dissentiunt.
1057 4766 1182 4818 Nam
1210 4764 1332 4833 quid
1361 4774 1441 4818 est
1468 4780 1643 4828 mors,
1690 4766 1788 4819 nisi
1816 4770 2073 4835 separatio
2098 4784 2217 4824 cor-

672 4856 813 4925 poris
842 4854 1171 4922 animaeque?
1203 4852 1496 4907 Recedente
1524 4855 1663 4908 enim
1694 4857 1895 4922 anima,
1928 4874 2045 4925 quae
2075 4874 2216 4912 sem-

673 4960 767 5014 per
795 4946 922 4998 vivit
944 4983 958 5007 .
1001 4959 1116 5011 qua:
1148 4942 1278 4995 mori
1320 4942 1521 5009 nescit,
1565 4934 1680 5011 quia
1713 4945 1778 4998 de
1808 4946 1929 4998 ﬂatu
1959 4947 2047 5001 Dei
2071 4958 2152 5002 est
2174 4948 2214 5009 ‘,

672 5035 840 5088 solum
864 5048 1061 5102 corpus
1079 5032 1331 5086 emoritur
1356 5048 1370 5084 :
1396 5033 1513 5099 quia
1541 5033 1677 5095 aliud
1720 5036 1769 5086 in
1802 5035 1950 5089 nobis
1979 5038 2217 5101 mortale,

674 5124 815 5176 aliud
842 5123 1133 5176 immortale
1159 5131 1255 5175 est.
1281 5120 1384 5175 Sed
1408 5106 1656 5177 recedens
1681 5122 1872 5185 anima,
1895 5140 2011 5192 qua:
2034 5142 2220 5181 carna-

674 5214 813 5267 libus
851 5211 1016 5263 oculis
1046 5225 1149 5261 non
1192 5209 1434 5274 videtur,
1476 5210 1542 5263 ab
1582 5211 1780 5285 angelis
1822 5214 2125 5279 suscipitur,
2170 5226 2222 5268 et

738 5348 867 5410 suis.
892 5343 1051 5399 Corb.._
1076 5356 1107 5390 a
1129 5341 1416 5402 spiritalibus
1431 5333 1678 5410 inimicis,‘
1705 5349 1907 5410 tantum,
1955 5354 2004 5395 et
2028 5348 2220 5409 ibidem,

675 5405 879 5465 undique
901 5416 1113 5451 errorum
1132 5416 1274 5450 casus
1296 5403 1457 5451 siccati
1481 5404 1753 5464 purpurati.

739 5468 759 5497 ²
793 5471 891 5511 ls..
910 5470 1287 5511 conreanaturos.

832 5477 891 5521 s.,
910 5477 1287 5521 conregnamros.

740 5470 759 5497 ²
793 5471 891 5521 ls.,
910 5470 1287 5526 conregnaturos.

740 5525 1138 5589 '_Editi_vetercs
1177 5522 1437 5589 Augustini,
1480 5521 1540 5569 de
1570 5521 1880 5589 Aconsoiatiane
1916 5532 2221 5578 mortuorum.

676 5584 817 5635 Corb.
844 5582 1023 5637 Codex,
1048 5583 1106 5631 de
1128 5581 1435 5632 consolatione
1454 5581 1771 5630 mortalitatis.

742 5655 761 5673 ο
794 5644 909 5691 Μὶιὶ
936 5650 1144 5711 veteres,
1164 5644 1223 5711 de
1244 5640 1359 5711 ﬂatu
1384 5641 1472 5710 [get
1492 5647 1560 5689 est
1593 5640 1838 5711 (inspirata,
1866 5650 1917 5693 et
1939 5645 2075 5707 paulo
2098 5657 2216 5709 post,

682 5717 786 5765 qua:
808 5702 1074 5752 ramalibus
1094 5702 1250 5752 oculis
1264 5702 1413 5752 videri
1430 5715 1519 5750 non
1548 5708 1709 5763 potest.

1320 405 1375 462 ε.
1417 403 1688 461 mauros
1724 398 2191 459 cunvsosrout
2230 400 2539 458 ARCHIEP.
2580 403 3106 463 CONSTANTINOP.

3747 414 3861 470 300

2292 512 2577 567 collocatur
2616 523 2707 567 aut
2748 516 2798 567 in
2828 516 2946 569 sinu
2982 516 3242 583 Abrahae,
3281 517 3325 572 si
3352 516 3519 573 fidelis
3540 526 3651 580 est;
3680 528 3773 573 aut
3797 519 3853 575 in

2287 604 2514 657 careeris
2543 602 2732 658 inferni
2768 605 3006 659 custodia
3027 646 3042 672 ,
3073 607 3117 660 si
3147 608 3408 675 peccatrix
3435 616 3555 663 est:
3583 607 3710 663 dum
3740 618 3851 664 sta-

2290 700 2432 745 tutus
2455 694 2631 747 veniat
2654 693 2766 748 dies
2785 735 2801 759 ,
2832 711 2937 761 quo
2963 710 3113 750 suum
3144 697 3363 765 recipiat
3390 713 3603 767 corpus,
3634 706 3689 754 et
3710 699 3852 767 apud

2292 781 2516 835 tribunal
2556 780 2749 836 Christi
2787 783 2978 850 judicia
3014 784 3123 838 veri
3164 783 3349 838 reddat
3390 799 3602 839 suorum
3630 801 3852 855 operum

2290 869 2569 925 rationem.
2616 872 2753 940 Ergo
2800 873 2918 940 quia
2958 873 3025 927 de
3063 887 3224 927 carne
3268 882 3375 927 tota
3400 876 3668 929 cunctatio
3696 885 3773 929 est
3807 877 3850 938 ⁸,

2290 959 2443 1029 hujus
2468 969 2548 1014 est
2577 961 2851 1016 infirmitas
2891 962 3251 1031 defendenda,
3283 974 3337 1019 et
3370 966 3687 1021 resurrectio
3722 982 3855 1021 cono

2291 1048 2560 1117 signanda.

2360 1138 2414 1190 2.
2444 1137 2634 1190 Μοῖριιὶ
2666 1139 2910 1208 quomodo
2943 1151 3219 1211 "surgent.
3261 1142 3509 1203 Probatur
3535 1143 3693 1198 Deum
3720 1161 3859 1197 mor—

2294 1235 2403 1279 mos
2440 1244 2585 1295 posse
2612 1230 2871 1281 suscitare.
2912 1258 2981 1269 —
3021 1229 3170 1295 Quod
3209 1230 3255 1285 si
3296 1231 3412 1299 quis
3456 1234 3684 1301 requirat
3709 1248 3738 1287 a
3761 1248 3858 1286 me

2293 1317 2478 1371 dubius
2503 1327 2557 1371 et
2580 1319 2878 1371 incredulus
2902 1359 2916 1381 ,
2949 1320 3209 1386 Quomodo
3241 1324 3421 1375 mortui
3447 1334 3720 1393 resurgent,
3750 1339 3856 1391 quo

2293 1416 2455 1457 autem
2495 1422 2702 1475 corpore
2742 1409 2971 1461 venient?
3018 1409 3347 1476 respondebo
3384 1413 3428 1464 ei
3457 1426 3548 1466 ore
3577 1426 3640 1466 ac
3675 1413 3857 1466 verbis

2297 1494 2556 1567 Apostoli,
2596 1496 2871 1568 lnsipiens,
2901 1506 2953 1549 tu
2987 1499 3118 1565 quod
3155 1500 3389 1563 seminus,
3430 1517 3527 1555 non
3554 1503 3854 1571 viviﬁcatssr,

2294 1585 2393 1636 nisi
2426 1587 2563 1652 prius
2606 1585 2847 1637 moriatur
2873 1601 2890 1637 :
2916 1596 2961 1638 et
2996 1588 3128 1653 quod
3149 1590 3394 1653 seminus,
3433 1591 3618 1643 nudum
3638 1594 3859 1644 seminus

2294 1690 2503 1743 granum
2529 1674 2676 1727 tritici
2709 1687 2795 1727 aut
2824 1678 3027 1731 alterius
3058 1676 3272 1745 alicujus
3293 1681 3491 1733 seminis
3521 1681 3595 1750 (i.
3617 1680 3727 1735 Cor.
3758 1682 3855 1735 l3.

2297 1763 2484 1831 35-37)
2508 1803 2523 1827 ,
2556 1771 2816 1816 mortuum
2858 1774 2910 1817 et
2944 1765 3147 1819 aridum
3185 1768 3297 1821 sine
3338 1768 3593 1832 humore;
3644 1780 3695 1823 ct
3728 1785 3856 1825 cum

2293 1851 2640 1921 putrefactum
2683 1852 2857 1918 fuerit,
2888 1853 3157 1909 fecundius
3183 1858 3383 1925 surgit,
3420 1860 3576 1927 fitque
3610 1864 3860 1915 vestitum

2298 1939 2573 2003 folliculis,
2618 1943 2793 1995 aristis
2834 1953 3111 1997 armatum.
3160 1945 3257 2011 Qui
3302 1961 3426 2014 ergo
3452 1962 3668 2015 granum
3696 1950 3857 2002 tritici

2301 2030 2512 2082 suscitat
2568 2041 2781 2099 propter
2828 2040 2916 2096 te,
2970 2033 3137 2102 ipsum
3182 2043 3232 2088 te
3288 2050 3389 2088 non
3441 2038 3633 2105 poterit
3684 2040 3859 2092 susci-

2299 2130 2410 2175 tare
2441 2134 2656 2191 pr0pter
2696 2136 2754 2176 se
2797 2122 2915 2193 (a)?
2960 2125 3049 2192 qui
3102 2124 3267 2179 solem
3311 2128 3543 2195 quotidie
3591 2129 3735 2196 quasi
3786 2128 3861 2183 de

2303 2210 2539 2277 sepulcro
2578 2211 2747 2264 noctis
2777 2214 3026 2278 suscitat,
3063 2222 3117 2268 et
3155 2214 3330 2268 lunam
3371 2218 3517 2284 quasi
3545 2218 3610 2271 de
3641 2219 3861 2272 interitu

2299 2309 2543 2368 reparat,
2576 2309 2628 2354 et
2658 2310 2890 2369 tempora
2917 2302 3214 2356 recedentia
3252 2314 3463 2358 revocat
3487 2306 3552 2359 ad
3582 2306 3858 2360 utilitatem

2301 2388 2500 2442 scilicet
2526 2399 2757 2442 nostrain
2792 2408 2804 2443 :
2844 2391 2984 2458 ipsos
3024 2406 3152 2454 nos,
3181 2402 3393 2463 prepter
3412 2409 3545 2460 quos
3572 2397 3737 2448 omnia
3772 2411 3863 2449 rc-

2302 2486 2483 2547 parat,
2526 2493 2630 2531 non
2670 2480 2901 2548 requiret
2924 2519 2939 2542 ,
2969 2488 3023 2535 et
3061 2482 3226 2537 semel
3271 2486 3494 2552 patietur
3527 2485 3779 2551 exstingui
3814 2488 3862 2549 ’,

2302 2584 2433 2638 quos
2458 2584 2553 2623 suo
2579 2569 2704 2623 ﬂatu
2733 2570 3005 2636 accendit,
3051 2588 3181 2641 quos
3220 2588 3316 2627 suo
3355 2574 3539 2642 Spiritu
3571 2575 3863 2627 animavit?

2303 2667 2355 2712 et
2384 2659 2433 2711 in
2464 2668 2771 2728 perpetuum
2797 2659 2903 2727 jam
2932 2674 3032 2714 non
3067 2663 3165 2715 erit
3197 2662 3371 2723 homo,
3403 2663 3491 2731 qui
3528 2664 3666 2716 illum
3695 2664 3777 2730 pie
3807 2674 3865 2718 et

2304 2748 2513 2815 agnovit
2537 2756 2589 2802 et
2629 2746 2831 2801 coluit?
2873 2748 2975 2803 Sed
3024 2750 3210 2803 iterum
3252 2750 3479 2813 dubitas,
3523 2752 3660 2821 quod
3690 2754 3867 2819 possis

2306 2836 2536 2906 reparari
2565 2846 2685 2905 post
2722 2846 2944 2891 mortem
2964 2876 2979 2903 ,
3026 2840 3231 2893 restitui
3260 2848 3375 2906 post
3400 2840 3629 2893 cinerem
3658 2848 3709 2893 ct
3734 2854 3865 2893 ossa

2306 2925 2655 2993 censumpta?
2680 2926 2724 2979 0
2752 2925 2929 2989 homo,
2958 2926 3041 2981 di‘c
3063 2927 3209 2989 mihi,
3240 2927 3360 2994 quid
3396 2926 3531 2981 fuisti
3557 2937 3677 2981 ante
3699 2943 3865 2996 quam

2308 3014 2361 3066 in
2392 3013 2570 3067 matris
2596 3021 2745 3067 utero
2761 3013 3147 3080 concipereris?
3173 3012 3309 3066 Nihil
3339 3014 3532 3083 utique.
3556 3015 3687 3069 Deus
3706 3030 3863 3085 ergo,

2308 3104 2395 3171 qui
2417 3113 2467 3157 te
2486 3104 2683 3158 creavit
2704 3118 2769 3157 ex
2798 3103 2980 3169 nihilo,
2999 3118 3173 3157 nonne
3190 3102 3389 3158 facilius
3416 3107 3603 3172 poterit
3618 3119 3870 3174 reparare

2309 3192 2376 3247 de
2403 3194 2619 3262 aliquo?
2656 3193 2781 3247 Mihi
2806 3194 2962 3248 crede
2983 3235 2996 3257 ,
3028 3192 3230 3248 facilius
3260 3195 3448 3259 poterit
3473 3197 3685 3250 reticere
3719 3197 3869 3263 quod

2310 3295 2433 3339 ante
2452 3284 2559 3352 jam
2585 3284 2713 3348 fuit,
2757 3286 2843 3354 qui
2875 3286 3044 3354 potuit
3070 3285 3089 3316 ³
3119 3300 3297 3340 creare
3317 3286 3452 3355 quod
3481 3302 3582 3340 non
3608 3286 3715 3341 fuit.
3762 3287 3872 3354 Qui

2313 3380 2366 3425 te
2398 3388 2460 3426 ex
2499 3382 2641 3440 gutta
2679 3372 2916 3427 informis
2946 3374 3159 3438 liquoris
3201 3375 3251 3427 in
3294 3384 3394 3428 tua:
3422 3376 3602 3428 matris
3630 3383 3783 3429 utero
3813 3377 3869 3430 in

2315 3475 2524 3527 nervos,
2553 3476 2710 3514 venas
2735 3471 2788 3515 et
2812 3477 2930 3515 ossa
2961 3463 3115 3530 jussit
3135 3478 3459 3527 excrescere,
3504 3464 3707 3529 poterit,
3735 3466 3871 3519 mihi

2315 3550 2491 3613 crede,
2520 3550 2586 3603 de
2610 3560 2757 3603 utero
2787 3561 2941 3604 terra:
2966 3551 3151 3605 iterum
3178 3566 3453 3620 generare.
3492 3551 3595 3606 Sed
3622 3553 3775 3605 times
3805 3570 3875 3608 ne

2317 3638 2451 3693 forte
2479 3652 2595 3692 ossa
2636 3648 2719 3693 tua
2762 3639 2910 3693 arida
2941 3641 3114 3694 vestiri
3156 3640 3371 3709 pristina
3413 3656 3570 3696 carne
3609 3657 3709 3694 non
3739 3657 3875 3711 pos-

2318 3730 2459 3783 sint?
2505 3729 2655 3793 Noli,
2688 3731 2824 3793 noli,
2860 3730 3143 3783 secundum
3184 3740 3321 3783 tuam
3351 3732 3733 3801 impotentiam,
3778 3734 3874 3788 Dei

2317 3820 2579 3872 :cstimare
2616 3819 2962 3886 majestatem.
3012 3820 3265 3874 Deusille
3293 3836 3469 3875 rerum
3495 3824 3725 3875 omnium
3749 3838 3877 3890 pro-

2318 3917 2543 3972 creator,
2596 3909 2682 3974 qui
2732 3911 2884 3961 vestit
2925 3910 3143 3963 arbores
3170 3909 3335 3974 foliis,
3380 3919 3433 3963 et
3460 3918 3601 3979 prata
3632 3910 3875 3974 floribus,

2319 3998 2513 4065 poterit
2541 4004 2593 4049 et
2632 4005 2719 4049 tua
2764 4011 2880 4049 ossa
2927 3996 3065 4050 illico
3103 3998 3241 4052 veris
3283 3998 3565 4069 tempore‘
3590 3999 3640 4051 in
3688 4013 3876 4053 νεὶ-ιιι·-

2321 4084 2553 4138 rectione
2586 4086 2798 4138 vestire.
2853 4084 3189 4139 Dubitaverat
3217 4085 3497 4153 aliquando
3524 4085 3587 4139 de
3622 4086 3717 4139 hoc
3757 4086 3880 4153 ipso

2321 4173 2576 4241 propheta
2608 4172 2851 4227 Ezechiel
2875 4213 2889 4237 ,
2918 4182 2972 4227 ct
3000 4175 3347 4241 interrogatus
3376 4188 3405 4226 a
3430 4175 3667 4234 Domino.
3698 4184 3878 4229 utrum

2324 4262 2561 4315 viverent
2581 4276 2700 4315 ossa
2727 4261 2869 4314 arida
2889 4303 2903 4327 ,
2932 4277 3048 4330 quae
3069 4262 3377 4316 videbantur
3403 4277 3580 4331 sparsa
3612 4278 3704 4329 per
3722 4279 3879 4318 eam-

2325 4363 2467 4415 pum,
2496 4350 2800 4416 respondit,
2834 4348 2909 4401 Tu
2934 4352 3049 4415 scis,
3076 4349 3289 4404 Domine
3319 4347 3522 4417 (Exerit.
3546 4351 3633 4404 37.
3661 4350 3731 4422 ὅ).
3767 4352 3881 4407 Sed

2326 4446 2597 4504 postquam
2630 4437 2736 4489 Deo
2770 4436 2988 4504 jubente
3010 4476 3025 4499 ,
3057 4445 3107 4490 et
3132 4438 3306 4505 seipso
3334 4436 3676 4505 prophetaute
3700 4478 3715 4503 ,
3746 4440 3885 4494 vidis

2325 4539 2443 4577 ossa
2485 4524 2548 4577 ad
2576 4539 2667 4577 sua
2700 4525 2811 4577 loca
2847 4534 2899 4578 et
2934 4524 3207 4593 juncturas
3252 4526 3513 4579 currentia
3536 4566 3551 4590 ,
3601 4536 3882 4594 postquam

2326 4613 2455 4666 vidit
2481 4628 2599 4667 ossa
2620 4614 2764 4667 arida
2792 4617 2965 4668 nervis
2989 4614 3153 4682 ligari,
3186 4615 3331 4669 venis
3363 4615 3542 4681 intexi,
3564 4630 3719 4669 carne
3744 4630 3885 4670 con-

2327 4704 2456 4773 tegi,
2504 4712 2622 4757 cute
2660 4704 2868 4767 vestiri,
2917 4712 3096 4772 postea
3138 4703 3467 4773 pmphetavit
3496 4705 3546 4758 in
3574 4705 3756 4773 spiritu
3779 4746 3794 4770 ,
3826 4716 3887 4761 ct

2326 4792 2542 4845 veniens
2582 4790 2798 4858 spiritus
2837 4792 3241 4859 uniuscujusque
3289 4792 3519 4845 introivit
3566 4794 3615 4846 in
3654 4807 3887 4860 corpora

2328 4882 2413 4933 illa
2435 4881 2658 4948 jacentia
2680 4920 2693 4945 ,
2735 4890 2787 4934 et
2821 4889 3245 4942 resurrexcruut,
3286 4888 3339 4934 et
3378 4896 3496 4934 mox
3526 4891 3783 4935 steterunt
3814 4883 3833 4911 '
3871 4900 3885 4935 :

2328 4971 2404 5023 sic
2431 4968 2766 5023 confirmatus
2796 4968 2862 5021 de
2907 4970 3289 5021 resurrectione
3334 4968 3583 5036 propheta
3609 5009 3625 5033 ,
3672 4968 3891 5036 scripsit

2330 5059 2582 5112 visionem
2605 5097 2620 5121 ,
2652 5066 2709 5111 ut
2735 5056 2799 5110 ad
2829 5064 3068 5125 posteros
3102 5064 3259 5109 tantm
3282 5057 3357 5112 rei
3387 5057 3613 5125 cognitio
3642 5059 3892 5124 perveni.

2393 5208 2407 5237 ¹
2446 5206 2558 5253 aditi
2596 5210 2824 5261 veteres,
2862 5206 2954 5250 tota
2989 5200 3296 5252 contradictio
3334 5208 3433 5261 est,
3474 5212 3581 5263 qua
3611 5199 3757 5250 lectio
3789 5217 3892 5256 non

2329 5267 2617 5326 spernenda.
2735 5322 2745 5331 _
2987 5322 2997 5331 ,
3227 5322 3237 5333 .
3340 5322 3350 5333 .

2394 5330 2414 5393 ξ
2446 5326 2614 5383 tidem,
2637 5329 2680 5371 et
2700 5335 2879 5393 cineres
2899 5328 3099 5381 patietur

2396 5387 2416 5416 ³
2450 5394 2525 5432 Ms.
2546 5383 2753 5445 secunda
2776 5395 2939 5445 manu,
2957 5395 3097 5443 quam
3117 5383 3277 5445 potuit.

2394 5446 2415 5476 ⁸
2450 5451 2573 5501 uss,
2589 5444 2671 5492 illo
2692 5449 2820 5491 certo
2841 5444 2956 5491 veri.

2395 5507 2415 5536 ⁸
2450 5511 2575 5561 Haec,
2598 5511 2641 5551 et
2664 5516 2775 5551 mox
2796 5508 3036 5561 stetertatt,
3059 5502 3233 5552 desunt
3266 5504 3313 5550 iu
3338 5510 3440 5549 stes.

2397 5587 2467 5654 te)
2500 5585 2805 5654 “est”?!
2825 5592 2869 5634 ιε
2885 5598 2976 5654 κιαι
2996 5584 3168 5654 Poterit.
3186 5582 3411 5653 παφα
3426 5589 3615 5654 ww
3636 5594 3706 5654 ρει
3731 5596 3780 5632 ω
3798 5596 3888 5654 ,νδ

2335 5645 2521 5695 teribus
2559 5645 2700 5693 lidius
2736 5645 3004 5704 habentur,
3028 5653 3079 5695 et
3113 5645 3171 5692 ad
3206 5645 3816 5704 marginemgrejectaﬁt
3837 5656 3889 5693 In

2340 5716 2579 5766 postrema
2601 5706 2827 5754 editione.
2851 5706 2938 5754 sed
2954 5702 3067 5769 puto
3086 5705 3143 5751 ad
3166 5702 3342 5753 seriem
3368 5702 3612 5764 quadrare.
