4062 6458
212 331 320 385 301

214 448 317 492 ret.
364 438 549 492 Merito
578 453 703 506 ergo
727 439 917 493 clamat
951 436 1107 491 lsaias
1136 454 1149 491 :
1181 436 1463 506 Exsurgent
1487 443 1695 501 mortui,
1729 445 1774 489 et

214 536 477 596 resurgeut
516 529 601 597 qui
637 538 750 581 sunt
787 528 837 579 in
875 526 1232 588 monumentis,
1277 534 1321 577 et
1360 525 1657 578 laetabuntur
1693 523 1778 591 qui

215 626 327 668 sunt
355 618 406 668 in
437 626 588 669 terra.
638 616 739 670 Ros
766 616 915 680 enim,
951 616 1035 681 qui
1060 615 1144 667 abs
1167 624 1211 667 te
1236 622 1335 679 est,
1375 616 1559 667 sanitas
1589 623 1658 666 est
1678 614 1778 665 illis

214 702 371 771 (Isai.
389 705 481 757 26.
508 704 618 772 19).
637 703 773 757 Vere
792 703 953 768 enim,
978 704 1113 756 sicut
1132 718 1251 755 rore
1270 701 1555 755 madefacta
1579 702 1778 755 semina

214 793 519 861 germinant
551 802 603 846 et
630 801 949 861 exsurgunt,
997 793 1072 847 sic
1102 807 1221 847 rore
1251 792 1473 861 Spiritus
1498 806 1616 846 ossa
1647 792 1779 845 ﬁde-

215 882 343 935 lium
372 883 738 951 germinabunt
767 884 807 936 ⁸.

287 972 343 1025 5.
377 968 529 1024 Aliud
563 982 922 1040 argumentum.
950 1000 1020 1012 —
1044 971 1145 1026 Sed
1169 970 1392 1033 dubitas,
1424 969 1684 1038 quomodo
1713 969 1779 1024 de

215 1059 397 1125 parvis
432 1058 639 1113 ossibus
674 1069 814 1113 totus
855 1060 1012 1114 homo
1038 1060 1239 1112 restitui
1266 1059 1469 1128 possit?
1498 1060 1697 1113 Revera
1724 1066 1778 1111 tu

215 1160 285 1198 ex
310 1146 521 1200 modica
552 1148 775 1200 scintilla
798 1147 927 1215 ignis
950 1148 1212 1215 ingentem
1234 1148 1453 1201 suscitas
1479 1146 1774 1209 ﬂammam;

219 1236 360 1291 Deus
394 1251 503 1290 non
532 1238 720 1304 poterit
756 1252 821 1290 ex
853 1236 1059 1290 modico
1084 1236 1275 1291 cineris
1318 1238 1389 1290 tui
1416 1238 1669 1291 fermento
1697 1246 1778 1291 to-

218 1334 328 1378 tum
360 1326 660 1394 corpusculi
706 1326 776 1379 tui
826 1325 1185 1394 redintegrare
1223 1326 1606 1395 conspersum?
1649 1325 1777 1379 Nam

218 1416 318 1468 etsi
368 1415 516 1468 dicas
548 1433 560 1468 :
591 1416 853 1483 Nusquam
897 1425 1199 1484 comparent
1238 1418 1408 1470 carnis
1451 1416 1611 1484 ipsius
1652 1415 1779 1468 reli-

218 1504 394 1571 quire;
439 1504 653 1557 forsitan
682 1508 820 1557 enim
851 1511 939 1557 aut
963 1505 1080 1572 igne
1114 1513 1435 1573 consumptm
1460 1511 1599 1567 sunt,
1631 1512 1720 1556 aut
1748 1516 1777 1553 a

220 1591 406 1645 bestiis
454 1591 714 1645 devorata:
744 1610 756 1645 :
790 1592 888 1646 hoc
918 1593 1137 1662 primum
1169 1592 1328 1656 scito,
1370 1592 1487 1659 quia
1531 1589 1779 1659 quidquid

220 1680 587 1746 consumitur,
640 1682 691 1735 in
741 1690 892 1736 terrae
938 1682 1224 1736 visceribus
1268 1682 1594 1744 continetur,
1643 1678 1779 1734 unde

221 1786 407 1825 rursus
438 1774 628 1841 poterit
659 1774 762 1827 Deo
788 1773 1125 1842 praecipiente
1168 1771 1401 1840 produci.
1457 1770 1585 1824 Nam
1617 1780 1670 1824 et
1700 1781 1773 1834 tu,

220 1876 340 1915 cum
372 1878 478 1916 non
503 1872 751 1931 appareat
778 1863 907 1932 ignis
934 1904 946 1926 ,
990 1862 1205 1917 adhibes
1239 1862 1471 1930 lapillum
1491 1902 1503 1925 ,
1534 1870 1586 1915 et
1613 1861 1779 1915 modi-

220 1966 343 2004 cum
387 1950 512 2005 ferri
539 1991 552 2015 ,
601 1960 653 2005 et
681 1953 881 2007 excutis
910 1951 975 2005 de
1002 1951 1291 2005 visceribus
1336 1951 1495 2019 lapilli
1528 1960 1778 2019 quantum

221 2055 353 2107 opus
386 2048 468 2093 est
510 2040 661 2109 ignis.
711 2040 857 2107 Quod
896 2055 1020 2108 ergo
1060 2055 1151 2109 per
1196 2050 1335 2093 tuam
1380 2039 1682 2093 industriam
1727 2047 1781 2092 et

221 2129 560 2196 sapientiam,
588 2144 742 2197 quam
788 2128 879 2182 tibi
926 2129 1060 2183 Deus
1087 2130 1197 2198 ipse
1222 2129 1498 2191 concessit,
1530 2128 1686 2194 facis,
1724 2136 1780 2182 ut

224 2217 488 2284 producas
514 2218 650 2286 quod
676 2233 777 2272 non
798 2228 1011 2287 apparet
1038 2221 1058 2250 '
1079 2261 1093 2285 ,
1127 2220 1370 2287 majestas
1400 2220 1482 2271 illa
1511 2217 1681 2272 divina
1703 2216 1778 2271 fa-

224 2318 347 2357 cere
372 2320 466 2358 sua
495 2306 685 2361 virtute
712 2323 812 2360 non
838 2308 1059 2375 poterit,
1105 2316 1160 2361 ut
1182 2324 1298 2377 quae
1326 2309 1534 2362 interim
1560 2323 1660 2362 non
1695 2308 1776 2361 vi-

224 2392 418 2446 dentur
442 2395 710 2448 excutiat?
736 2394 859 2447 Mihi
892 2395 1067 2459 crede,
1097 2404 1269 2464 potest
1292 2396 1462 2449 omnia
1491 2397 1646 2451 Deus.

293 2482 348 2535 4.
376 2482 600 2536 Christus
625 2488 843 2552 futuram
871 2487 1269 2538 resurrectionem
1300 2486 1605 2552 testiﬁcatur.
1652 2486 1777 2540 Item

225 2571 442 2637 apostoli
471 2580 516 2623 et
542 2580 779 2641 martyres
799 2612 812 2635 ,
848 2582 891 2625 et
924 2572 1323 2627 Machabaaorum
1354 2584 1525 2629 mater.
1560 2606 1627 2615 -—-
1671 2576 1779 2630 lloc

226 2666 431 2711 tantum
475 2660 682 2727 require
704 2700 720 2725 ,
762 2670 936 2714 utrum
981 2662 1277 2729 promiserit
1313 2678 1369 2717 se
1399 2662 1570 2717 facere
1597 2678 1773 2717 resur-

227 2748 523 2802 rectionem
568 2766 581 2801 :
620 2759 673 2803 et
714 2764 830 2801 cum
878 2752 1184 2817 promissam
1237 2759 1492 2803 tantorum
1535 2752 1778 2805 didiceris

229 2835 544 2889 testimoniis
569 2874 582 2900 ,
630 2837 735 2889 imo
759 2850 876 2890 cum
905 2837 1065 2905 ipsius
1090 2837 1282 2892 Christi
1310 2839 1513 2891 Domini
1552 2840 1771 2893 certissi-

227 2938 369 2977 mam
400 2923 593 2978 habeas
618 2925 909 2979 cautionem
933 2965 946 2988 ,
994 2926 1327 2981 conﬁrmatus
1371 2928 1472 2982 ﬁde
1494 2969 1506 2992 ,
1556 2939 1777 2982 mortem

226 3013 411 3068 desine
427 3014 535 3082 jam
565 3016 765 3069 timere.
794 3016 890 3083 Qui
918 3016 1059 3070 enim
1085 3017 1232 3071 timet
1255 3017 1422 3073 adhuc
1442 3058 1456 3082 ,
1488 3018 1735 3072 discredit
1762 3035 1775 3073 :

226 3104 314 3171 qui
360 3103 649 3170 discredit,
698 3114 963 3174 peccatum
1007 3108 1268 3162 contrahit
1310 3109 1629 3173 insanabile,
1658 3110 1776 3179 quia

227 3206 319 3245 sua
360 3193 728 3249 incredulitate
766 3195 922 3249 audet
962 3196 1125 3249 Deum
1168 3207 1257 3250 aut
1303 3199 1642 3267 impotentem
1688 3208 1779 3253 aut

225 3290 371 3334 certe
412 3296 713 3337 asseverare
747 3284 1072 3339 mendacem.
1120 3285 1221 3340 Sed
1252 3301 1355 3340 non
1386 3288 1453 3341 ita
1481 3290 1619 3342 beati
1656 3304 1779 3357 apo-

228 3371 370 3433 stoli,
402 3386 506 3423 non
534 3373 600 3424 ita
636 3374 801 3427 sancti
828 3383 1084 3444 martyres
1106 3375 1347 3444 probant.
1372 3377 1627 3445 Apostoli,
1658 3392 1777 3445 pro-

228 3468 345 3524 pter
387 3458 525 3513 hanc
567 3461 989 3528 praedicationem
1036 3465 1469 3530 resurrectionis,
1514 3466 1778 3520 Christum

228 3549 585 3603 resurrexisse
613 3549 929 3619 praedicant,
972 3560 1025 3605 et
1050 3552 1100 3605 in
1130 3552 1241 3621 ipso
1270 3562 1502 3608 mortuos
1528 3555 1782 3609 suscitan-

227 3637 322 3690 dos
350 3640 701 3704 annuntiant,
742 3654 840 3694 nec
876 3651 1097 3696 mortem
1142 3657 1238 3696 nec
1286 3652 1538 3697 tormenta
1567 3658 1779 3698 recusa-

228 3737 418 3779 verunt
447 3742 547 3781 nec
580 3742 780 3782 cruces.
829 3729 883 3784 Si
912 3744 1035 3799 ergo
1061 3732 1113 3784 in
1139 3746 1230 3785 ore
1259 3732 1479 3786 duorum
1506 3735 1585 3787 vel
1626 3734 1779 3789 trium

228 3816 441 3869 testium
471 3824 573 3869 stat
601 3831 755 3871 omne
784 3819 1000 3872 verbum
1031 3836 1043 3872 :
1086 3823 1401 3875 resurrectio
1427 3832 1775 3889 mortuorum,

226 3904 310 3956 cui
348 3914 426 3957 tot
453 3915 505 3958 et
536 3914 639 3958 tam
668 3906 837 3961 idonei
869 3917 1026 3963 testes
1054 3912 1340 3977 exsistunt,
1386 3914 1465 3966 cui
1504 3928 1619 3967 cum
1651 3914 1780 3968 effu;

228 3991 375 4046 sione
405 3994 671 4060 sanguinis
700 3996 1047 4050 testimonium
1074 3999 1284 4063 dicunt,
1321 4002 1581 4069 quomodo
1610 4013 1780 4071 potest

229 4079 279 4133 in
308 4080 533 4135 dubium
572 4083 843 4137 revocari?
884 4085 1016 4153 Quid
1063 4096 1237 4140 autem
1278 4091 1442 4142 sancti
1489 4094 1778 4161 martyres?

229 4170 525 4225 habuerunt
551 4181 747 4226 certam
790 4187 935 4242 spem
982 4176 1411 4240 resurrectionis,
1457 4182 1667 4232 annon?
1723 4181 1777 4234 Si

229 4275 333 4314 non
364 4261 707 4325 habuissent,
751 4279 852 4317 non
883 4264 1056 4333 utique
1099 4280 1190 4332 per
1229 4274 1402 4321 tantos
1439 4268 1700 4322 cruciatus
1728 4280 1779 4322 et

229 4367 412 4419 ptenas
446 4363 667 4407 mortem
698 4369 791 4422 pro
820 4356 962 4408 lucro
1007 4357 1231 4409 maxime
1258 4359 1607 4426 suscepissent
1632 4376 1644 4410 :
1674 4376 1775 4413 non

228 4445 527 4511 cogitabant
551 4445 800 4513 supplicia
823 4445 1115 4512 praesentia,
1137 4447 1226 4499 sed
1252 4450 1458 4513 prmmia
1480 4459 1776 4517 sequutura.

229 4530 477 4586 Sciebant
498 4532 691 4585 dictum
711 4574 725 4596 ,
757 4533 879 4597 Qua
896 4534 1121 4585 videntur
1141 4574 1154 4597 ,
1186 4535 1251 4585 ad
1274 4546 1462 4604 tempus
1487 4548 1635 4602 sunt;
1670 4555 1780 4608 qua:

229 4633 391 4674 autem
422 4639 523 4674 non
565 4623 821 4685 videntur,
855 4632 1039 4676 (eterna
1066 4634 1177 4675 sunt
1208 4624 1279 4692 (2.
1305 4624 1421 4679 Cor.
1444 4628 1495 4679 4.
1528 4629 1637 4695 i8).
1674 4631 1779 4682 Au-

232 4710 333 4764 dite
354 4752 367 4773 ,
400 4712 589 4763 fratres
613 4751 626 4775 ,
653 4712 857 4765 virtutis
884 4712 1199 4779 exemplum.
1230 4714 1389 4767 Mater
1411 4725 1611 4783 septem
1642 4718 1777 4771 ﬁlios

230 4797 565 4861 hortabatur,
613 4808 665 4851 et
708 4814 809 4851 non
854 4799 1096 4867 lugebat,
1150 4801 1239 4853 sed
1269 4803 1441 4868 potius
1470 4804 1775 4858 laetabatur:

228 4886 437 4939 videbat
463 4885 595 4937 ﬁlios
623 4900 746 4938 suos
772 4887 975 4955 ungulis
1014 4888 1162 4949 radi,
1210 4887 1351 4941 ferro
1390 4893 1621 4956 concidi,
1665 4910 1775 4946 sar-

229 4976 398 5039 tagine
428 4974 623 5037 assari;
662 4982 714 5026 et
742 4987 845 5025 non
871 4973 1123 5043 lacrymas
1150 4973 1426 5038 fundebat,
1472 4995 1575 5034 non
1613 4982 1776 5034 ulula-

228 5067 306 5114 tus
336 5062 553 5115 tollebat
576 5100 589 5123 ,
634 5061 724 5115 sed
751 5062 971 5115 sollicite
992 5063 1056 5115 ad
1086 5064 1413 5119 tolerantiam
1436 5069 1566 5121 lilios
1594 5070 1773 5124 horta-

228 5150 391 5205 batur.
427 5150 544 5205 Non
570 5152 705 5204 enim
732 5160 842 5203 erat
872 5152 957 5204 illa
983 5154 1207 5208 crudelis
1233 5156 1425 5223 utique,
1456 5160 1545 5212 sed
1573 5161 1769 5213 ﬁdelis:

226 5242 434 5293 amabat
464 5241 624 5304 ﬁlios,
666 5254 768 5292 non
791 5239 1008 5295 delicate
1030 5283 1045 5305 ,
1072 5242 1163 5295 sed
1192 5243 1416 5299 fortiter.
1463 5247 1774 5303 llortabatur

249 5408 258 5417 η
286 5352 301 5381 ί
340 5350 669 5424 Ιηχριςικίὺυε
690 5351 849 5407 Editis,
872 5350 939 5401 sic
976 5366 1084 5423 rore
1107 5356 1258 5424 sancti
1298 5356 1507 5424 Spiritus
1530 5374 1633 5409 ossa
1657 5360 1773 5424 ﬁde-

229 5406 337 5517 liuzu
362 5412 549 5518 visitata
572 5424 680 5458 cum
713 5425 794 5459 suo
818 5425 1013 5473 corpore
1052 5416 1101 5463 in
1138 5406 1363 5465 a'ternam
1386 5406 1591 5480 gloriam
1604 5406 1771 5482 gemi-

228 5480 285 5515 ιω
316 5484 375 5516 illi
402 5507 413 5518 .

340 5538 463 5603 ⁸3³³6·
491 5526 794 5603 ιιινηνράιρεηδ
817 5532 943 5603 (γαθέ
963 5542 1298 5603 ιζοηισρρανςτ,
1344 5546 1392 5586 et
1427 5553 1553 5599 mox,
1589 5548 1637 5589 ut
1667 5555 1771 5603 qua:

229 5593 415 5639 tulerim
434 5603 527 5638 uari
550 5593 763 5637 ridentur
785 5595 1007 5651 excutiat,
1039 5593 1215 5645 desunt
1239 5598 1283 5643 in
1309 5606 1385 5645 Ms.

522 5680 787 5742 Ρλτιιοι..
836 5685 949 5742 Gn.
999 5683 1151 5746 LVI.

1368 328 1453 382 DE
1492 324 1989 383 CONSOLATIONE
2025 326 2287 383 MOliTlS.

3332 348 3440 401 302

1882 437 2015 491 ﬁlios
2039 438 2103 492 ad
2131 439 2424 509 passionem
2451 483 2465 507 ,
2506 456 2659 511 quam
2686 443 2918 512 gaudens
2946 445 3055 514 ipsa
3084 460 3290 516 quoque
3316 464 3433 503 sus-

1878 527 2033 595 cepit.
2083 528 2206 580 Erat
2239 530 2377 583 enim
2434 530 2500 585 de
2538 545 2630 584 sua
2659 540 2713 586 et
2750 547 2962 587 suorum
3002 534 3222 590 ﬁliorum
3253 553 3432 592 resur-

1880 617 2113 670 rectione
2151 632 2357 671 secura.
2415 618 2548 685 Quid
2593 620 2775 688 loquar
2813 622 2971 687 viros,
3019 624 3141 692 quid
3189 624 3430 691 feminas,

1880 704 2001 771 quid
2021 720 2230 773 pueros,
2254 707 2376 774 quid
2406 709 2639 775 puellas?
2666 710 2929 779 quomodo
2951 712 3046 765 sibi
3072 712 3137 767 dc
3154 714 3248 767 ista
3264 725 3433 768 morte

1881 792 2147 858 luserunt,
2197 796 2459 863 quomodo
2502 812 2708 851 summa
2753 799 3021 854 celeritate
3063 801 3128 854 ad
3169 803 3430 858 cmlestem

1880 883 2117 936 militiam
2167 886 2521 939 transierunt?
2565 886 2815 941 Poterant
2862 890 3041 957 utique
3091 890 3157 945 ad
3201 906 3434 959 praesens

1879 973 2059 1029 vivere
2080 978 2123 1029 si
2153 977 2459 1042 voluissent,
2485 979 2601 1047 quia
2631 980 2679 1032 in
2711 980 2837 1047 ipsis
2859 989 2971 1034 erat
2999 982 3221 1048 positum
3243 1023 3257 1048 ,
3282 982 3427 1037 Chri-

1881 1072 2017 1117 stum
2047 1066 2283 1133 negando
2310 1068 2546 1121 viverent
2571 1109 2584 1130 ,
2615 1078 2703 1121 aut
2732 1069 3027 1124 conﬁtendo
3049 1082 3379 1127 morerentur
3408 1090 3421 1123 :

1881 1152 1975 1207 sed
2022 1154 2187 1222 magis
2230 1156 2501 1225 elegerunt
2526 1158 2686 1211 vitam
2726 1159 2979 1228 projicere
3016 1169 3428 1230 temporaneam,

1882 1250 1936 1296 et
1956 1242 2111 1296 vitam
2138 1258 2405 1300 assumere
2432 1248 2803 1316 sempiternam
2827 1289 2841 1314 ,
2874 1249 3079 1303 excludi
3105 1251 3170 1304 de
3194 1260 3350 1317 terra,
3379 1262 3433 1306 et

1882 1333 2111 1390 incolere
2130 1338 2335 1391 czelum.

1951 1424 2001 1477 5.
2032 1423 2271 1480 Formido
2293 1429 2463 1482 mortis
2487 1430 2784 1483 excluditur.
2811 1460 2881 1470 —
2904 1430 3041 1485 Inter
3058 1433 3192 1498 haec,
3222 1432 3430 1499 fratres,

1883 1512 1999 1580 quis
2026 1513 2363 1571 dubitationis
2392 1529 2471 1573 est
2505 1520 2689 1575 locus?
2732 1521 2819 1575 ubi
2849 1533 3028 1590 potest
3051 1523 3221 1577 adhuc
3248 1524 3434 1577 mortis

1884 1604 2117 1658 residere
2145 1605 2407 1661 formido?
2438 1610 2492 1663 Si
2520 1621 2807 1682 martyrum
2833 1627 3012 1666 sumus
3043 1614 3153 1677 ﬁlii,
3185 1615 3227 1666 si
3248 1628 3431 1667 eorum

1883 1693 2008 1745 socii
2030 1694 2269 1747 volumus
2295 1696 2536 1763 inveniri,
2579 1714 2683 1752 non
2711 1701 3082 1754 contristemur
3113 1708 3300 1764 morte,
3330 1715 3432 1752 non

1883 1779 2151 1849 lugeamus
2195 1796 2372 1849 caros,
2422 1786 2510 1854 qui
2558 1802 2653 1840 nos
2692 1788 2991 1856 praecedunt
3030 1789 3095 1842 ad
3133 1790 3430 1843 Dominum.

1882 1866 2010 1920 Nam
2041 1870 2082 1923 si
2124 1870 2367 1939 plangere
2398 1874 2749 1939 voluerimus,
2799 1876 2894 1943 ipsi
2935 1878 3084 1931 nobis
3113 1877 3437 1931 insultabunt

1883 1956 2021 2011 beati
2062 1970 2337 2028 martyres,
2383 1970 2437 2015 ct
2461 1962 2632 2017 dicent
2662 1980 2676 2015 :
2706 1964 2748 2017 Ο
2779 1965 2957 2019 fideles
2984 1966 2996 2018 !
3043 1980 3074 2019 ο
3099 1980 3315 2034 regnum
3340 1966 3434 2020 Dei

1883 2050 2151 2117 Cupientes
2178 2050 2190 2102 !
2241 2065 2333 2104 vos
2373 2054 2461 2120 qui
2494 2068 2645 2109 caros
2670 2064 2873 2109 vestros
2903 2056 3124 2111 delicate
3150 2058 3434 2111 morientes

1884 2140 1934 2193 in
1967 2141 2113 2194 lectis
2144 2143 2320 2211 utique
2348 2151 2400 2196 et
2425 2145 2613 2213 plumis
2633 2186 2649 2211 ,
2692 2161 2809 2200 cum
2851 2162 3079 2202 mmrore
3107 2148 3351 2217 plangitis
3378 2157 3433 2200 et

1882 2227 2088 2297 lugetis,
2118 2231 2159 2283 si
2184 2246 2275 2285 eos
2304 2247 2332 2286 a
2357 2235 2635 2303 gentilibus
2656 2245 2868 2304 propter
2880 2251 3068 2290 nomen
3094 2237 3295 2289 Domini
3315 2251 3436 2289 cru-

1882 2317 2007 2370 ciari
2029 2328 2080 2371 et
2101 2318 2596 2387 interﬁcivideretis,
2611 2322 2731 2391 quid
2748 2324 2930 2378 facturi
2947 2325 3132 2379 essetis
3152 2325 3174 2376 ?
3198 2326 3301 2378 Aut
3330 2340 3432 2378 non

1881 2409 2029 2461 vobis
2045 2412 2309 2476 prmcessit
2328 2413 2657 2481 exemplum?
2677 2413 2936 2467 Abraham
2963 2413 3251 2481 patriarcha
3269 2414 3431 2468 ﬁlium

1883 2498 2093 2550 unicum
2121 2499 2346 2555 oll'erens
2367 2502 2681 2556 sacriﬁcium
2704 2544 2718 2568 ,
2749 2503 2919 2572 gladio
2946 2503 3430 2570 obedientizejllgu-

1882 2588 2003 2641 lavit
2032 2588 2178 2657 (Gen.
2207 2590 2294 2643 22.
2329 2592 2415 2661 10)
2450 2610 2461 2644 :
2490 2608 2585 2647 uec
2605 2594 2672 2657 ei,
2691 2609 2843 2660 quem
2869 2602 3012 2646 tanto
3032 2607 3210 2646 amore
3231 2592 3431 2657 dilexit,

1882 2678 2178 2743 pepercit‘,
2227 2686 2282 2730 ut
2330 2679 2548 2731 Domino
2585 2680 2835 2732 obediens
2860 2681 3196 2748 probaretur.
3253 2679 3355 2734 Sed
3384 2680 3427 2734 si

1883 2765 2071 2819 dicatis
2092 2806 2105 2829 ,
2155 2766 2297 2820 illum
2344 2778 2559 2837 propter
2603 2771 2693 2824 Dei
2726 2771 2824 2824 hoc
2850 2771 3037 2826 fecisse
3068 2781 3386 2841 pratceptum
3418 2786 3432 2823 :

1882 2863 1933 2907 et
1958 2869 2050 2907 vos
2072 2854 2274 2910 habetis
2304 2868 2641 2927 praeceptum,
2670 2868 2725 2912 ut
2750 2875 2851 2913 non
2881 2862 3053 2915 tristes
3078 2863 3191 2915 sitis
3217 2862 3283 2915 de
3312 2862 3435 2915 dor-

1881 2944 2181 3000 mientibus.
2233 2946 2328 3012 Qui
2369 2964 2494 3017 ergo
2541 2950 2755 3004 minima
2799 2968 2902 3006 non
2948 2962 3186 3017 servant,
3235 2954 3430 3020 majora

1882 3035 2089 3102 quando
2117 3037 2440 3090 servabunt?
2488 3039 2567 3092 An
2611 3041 2852 3105 nescitis,
2891 3042 3011 3110 quia
3034 3044 3239 3095 animus
3268 3044 3351 3110 qui
3380 3042 3429 3094 in

1886 3124 2073 3177 talibus
2125 3124 2396 3194 frangitur,
2446 3128 2511 3181 ad
2555 3129 2771 3183 fortiora
2823 3132 3081 3199 reprobus
3130 3133 3430 3186 invenitur?

1884 3212 2010 3277 Quis
2036 3214 2223 3267 timens
2251 3216 2419 3268 rivum
2438 3257 2452 3281 ,
2494 3232 2637 3270 mare
2669 3218 2962 3287 aliquando
2990 3219 3318 3287 ingreditur?
3343 3220 3430 3273 Sic

1883 3300 1969 3367 qui
1999 3301 2194 3368 plangit
2225 3302 2559 3369 impatienter
2582 3305 2859 3368 amissum,
2904 3307 3113 3373 quando
3139 3310 3330 3375 poterit
3364 3310 3427 3360 ad

1883 3388 2115 3457 martyrii
2158 3390 2429 3457 pervenire
2472 3394 2774 3446 certamen?
2820 3393 2947 3447 Nam
2977 3396 3060 3461 qui
3092 3397 3142 3449 in
3186 3396 3266 3450 his
3301 3412 3431 3452 cou-

1883 3486 2025 3529 stans
2064 3487 2112 3530 et
2160 3480 2520 3547 magnanimus
2565 3482 2798 3545 exsistit,
2843 3485 2953 3552 jam
2991 3485 3088 3538 sibi
3128 3486 3341 3555 gradum
3365 3487 3428 3539 ad

1883 3567 2083 3634 potiora
2112 3568 2414 3623 substernit.

1954 3656 2005 3708 6.
2052 3655 2317 3726 Egregium
2362 3658 2570 3714 Davidis
2614 3663 2910 3730 exemplum.
2978 3664 3144 3718 Vestes
3186 3666 3339 3736 nigra:
3380 3666 3431 3717 in

1885 3743 2111 3797 luctibus.
2152 3775 2220 3785 —
2261 3746 2533 3802 Sufﬁciunt
2563 3754 2703 3815 lucc,
2753 3751 2937 3806 fratres
2959 3795 2972 3817 ,
3002 3754 3067 3807 ad
3094 3757 3278 3809 mortis
3305 3772 3431 3809 eon-

1885 3843 2157 3902 temptum,
2182 3845 2233 3889 et
2250 3837 2312 3890 ad
2342 3839 2451 3904 spei
2478 3832 2662 3894 futura:
2685 3841 3154 3897 conﬁrmationem.
3180 3844 3433 3916 Superest

1884 3933 1939 3976 ut
1987 3940 2141 3977 unum
2186 3924 2253 3979 de
2299 3928 2560 3981 veteribus
2606 3931 2901 3998 exemplum
2944 3933 3239 4002 proferam,
3292 3934 3429 4002 quod

1883 4030 2091 4069 onmem
2118 4018 2524 4072 consolationem
2556 4019 2728 4085 faciat,
2764 4034 2815 4075 et
2837 4024 2974 4089 quod
3002 4026 3158 4078 etiam
3190 4026 3430 4092 patienti-

1883 4104 1978 4158 bus
1998 4106 2170 4160 cordis
2194 4108 2406 4161 auribus
2427 4110 2544 4162 volo
2573 4125 2755 4163 omnes
2775 4113 2975 4165 audire.
3018 4114 3175 4166 David
3206 4129 3297 4168 rex
3322 4130 3431 4168 ma-

1880 4209 2011 4262 gnus
2036 4195 2196 4247 ﬁlium
2224 4195 2469 4249 dilectqu
2490 4238 2504 4259 ,
2545 4213 2697 4266 quem
2738 4200 2871 4253 sicut
2904 4202 3129 4254 animam
3167 4204 3427 4271 propriam

1882 4282 2147 4351 diligebat,
2179 4284 2477 4339 inﬁrmitate
2513 4302 2815 4355 percussum
2879 4291 3329 4359 impatientissime
3356 4293 3429 4347 fe-

1882 4371 2027 4423 rebat
2058 4372 2130 4440 (2.
2165 4372 2287 4443 Reg.
2321 4374 2405 4428 12.
2434 4375 2518 4429 16.
2548 4376 2703 4445 seqq.)
2738 4396 2749 4429 :
2792 4387 2845 4431 et
2884 4393 3002 4433 cum
3056 4379 3281 4435 humana
3319 4382 3426 4449 jam

1882 4462 2070 4513 auxilia
2098 4463 2222 4514 nihil
2254 4464 2587 4530 prodessent,
2633 4467 2860 4534 seipsum
2884 4470 3141 4521 convertit
3164 4470 3227 4522 ad
3256 4470 3431 4523 Domi-

1883 4564 2026 4613 num,
2057 4549 2290 4617 deposita
2322 4552 2479 4619 regali
2515 4553 2695 4620 gloria,
2737 4554 2872 4607 sedit
2912 4556 2961 4608 in
2994 4566 3159 4621 terra,
3185 4557 3347 4625 jacuit
3376 4560 3425 4612 in

1881 4639 2069 4703 cilicio,
2095 4655 2195 4692 non
2216 4642 2560 4707 manducavit,
2585 4658 2686 4695 non
2710 4644 2859 4708 bibit,
2882 4656 3079 4713 septem
3102 4648 3284 4702 diebus
3304 4664 3426 4703 conc

1881 4730 2037 4783 tinuis
2084 4745 2237 4784 orans
2284 4731 2474 4795 Deum,
2527 4734 2570 4785 si
2622 4733 2753 4787 forte
2801 4736 2898 4789 sibi
2948 4738 3085 4790 lilius
3124 4738 3426 4794 donaretur.

1881 4818 2224 4871 Accesserunt
2258 4820 2493 4872 seniores
2518 4818 2704 4874 domus
2732 4822 2843 4887 ejus
2868 4864 2881 4887 ,
2914 4824 3243 4879 consolantes
3271 4843 3425 4899 roga-

1881 4916 2066 4957 verunt
2090 4915 2145 4958 ut
2171 4922 2355 4974 panem
2388 4917 2637 4971 sumeret,
2664 4911 2813 4963 veriti
2845 4926 2909 4964 ne
2938 4911 3088 4976 forte,
3118 4914 3241 4967 dum
3266 4914 3426 4973 ﬁlium

1882 4996 2031 5048 vellet
2058 4997 2262 5060 vivere,
2297 4996 2406 5063 ipse
2433 5006 2552 5050 ante
2581 4998 2846 5053 deﬁceret.
2890 5000 3001 5054 Non
3035 5010 3313 5070 potuerunt
3336 5016 3425 5057 ex-

1880 5092 2135 5151 torquere,
2180 5099 2283 5136 non
2322 5100 2541 5153 cogere;
2589 5103 2739 5141 amor
2780 5090 2919 5142 enim
2979 5092 3255 5159 impatiens
3292 5094 3425 5148 solet

1878 5172 2105 5239 pericula
2134 5173 2241 5239 ipsa
2272 5183 2627 5229 contemnere.
2676 5177 2821 5231 Jacet
2844 5194 2934 5232 rex
2964 5180 3013 5233 in
3039 5184 3281 5250 squalore
3314 5185 3425 5238 cili-

1876 5261 1943 5313 cii
1971 5269 2254 5328 :egrotante
2284 5261 2390 5315 ﬁlio
2419 5281 2431 5314 :
2462 5279 2557 5317 nec
2586 5266 2741 5318 verba
2771 5266 2970 5321 faciunt
2994 5272 3424 5339 consolationem,

1878 5363 1973 5402 nec
2017 5350 2125 5417 ipsa
2174 5364 2411 5403 escarum
2467 5355 2752 5409 necessitas
2796 5368 2965 5413 vocat.
3023 5360 3167 5416 Ilens
3219 5364 3421 5419 tristitia

1942 5608 1954 5637 ί
1992 5612 2091 5665 ωδ..
2119 5618 2199 5655 uec
2223 5612 2349 5656 tanto
2371 5622 2501 5657 (imor
2527 5618 2750 5673 peperat.

2990 5684 3057 5740 19
