4096 6472
626 326 736 382 303

628 454 858 523 pascitur
881 456 917 520 ',
950 463 1129 524 pectus
1154 455 1334 511 dolore
1359 457 1609 522 reﬁcitur,
1637 459 1771 512 oculi
1807 457 2064 528 lacrymas
2091 471 2186 525 pro

626 544 834 611 potibus
863 544 1047 598 ﬂuunt.
1080 544 1219 599 lnter
1248 545 1359 599 haec
1386 546 1575 600 factum
1604 556 1683 601 est
1715 548 1851 616 quod
1880 546 2186 601 decreverat

628 635 766 692 Deus
795 652 810 690 :
839 636 1060 688 moritur
1100 650 1249 705 puer.
1292 634 1436 691 Uxor
1480 638 1529 690 in
1567 637 1739 702 luctu,
1783 645 1889 690 tota
1919 636 2104 689 domus
2133 636 2182 688 in

628 724 855 793 planctu,
879 726 1070 780 servuli
1098 725 1286 795 pavidi,
1303 726 1426 795 quid
1449 727 1596 781 ﬂeret
1619 737 1968 782 exaestuantes
1992 745 2005 780 :
2029 741 2185 780 nemo

625 813 765 867 enim
795 812 1020 867 audebat
1044 813 1267 869 domino
1298 813 1457 867 ﬁlium
1484 825 1751 869 mortuum
1787 814 2029 868 nuntiare
2052 854 2067 878 ,
2116 814 2184 866 ti-

626 911 831 957 mentes
871 902 1051 970 utique
1071 942 1087 968 ,
1127 918 1195 958 ne
1224 904 1311 959 ille
1336 904 1524 973 quisic
1552 906 1885 974 impatienter
1909 903 2079 957 adhuc
2110 904 2184 955 vi-

626 1007 745 1045 vum
769 991 998 1061 lugebat,
1021 992 1065 1047 si
1092 994 1321 1049 audisset
1340 1005 1620 1060 mortuum,
1645 998 1764 1049 vitae
1789 994 1981 1050 faceret
2002 994 2180 1048 ﬁnem.

627 1080 760 1134 Dum
808 1092 1049 1151 strepunt
1094 1083 1275 1138 famuli
1304 1084 1439 1139 inter
1465 1100 1541 1149 se,
1570 1086 1693 1139 dum
1740 1085 1914 1139 tristes
1955 1085 2087 1138 alter
2120 1084 2183 1137 ad

624 1170 847 1223 alterum
874 1170 1050 1227 dicere
1074 1182 1163 1227 aut
1191 1173 1375 1229 suadet
1401 1185 1489 1229 aut
1519 1183 1692 1237 vetat,
1726 1174 1976 1228 intellexit
2000 1175 2179 1239 David,

625 1262 878 1328 prmvenit
906 1264 1149 1329 nuntios,
1191 1279 1255 1318 an
1299 1267 1454 1319 vitam
1499 1266 1636 1319 ﬁlius
1676 1266 1976 1320 exhalasset
2024 1267 2186 1321 inter-

626 1359 793 1418 rogat.
835 1349 1037 1419 Negare
1062 1367 1164 1407 non
1196 1363 1443 1422 pessunt,
1474 1353 1666 1408 factum
1700 1355 1907 1409 ﬂetibus
1935 1356 2180 1410 indicant.

626 1438 710 1493 Fit
736 1455 1023 1496 concursus
1050 1444 1291 1497 insolitus
1319 1447 1359 1508 ',
1407 1447 1731 1514 exspectatio
1759 1446 1969 1514 grandis
1994 1455 2047 1501 et
2074 1462 2184 1501 mc-

627 1536 745 1593 tus,
785 1545 849 1584 ne
876 1531 995 1600 quid
1026 1532 1123 1586 sibi
1156 1533 1370 1600 periculi
1398 1534 1514 1599 pius
1558 1544 1707 1601 pater
1756 1534 1969 1592 inferat.
2011 1536 2186 1605 Surgit

626 1620 876 1673 continuo
914 1635 1006 1675 rex
1049 1619 1208 1673 David
1236 1619 1302 1674 de
1339 1620 1508 1674 cilicio
1533 1663 1547 1685 ,
1590 1623 1755 1689 surgit
1790 1622 2003 1684 hilaris,
2036 1622 2182 1690 quasi

628 1707 789 1761 ﬁlium
828 1724 981 1763 suttm
1023 1709 1253 1765 audisset
1292 1710 1603 1765 incolumem
1636 1730 1649 1766 :
1682 1712 1818 1766 vadit
1848 1712 1911 1765 ad
1950 1712 2183 1775 balneas,

627 1795 767 1850 lavat
791 1798 1184 1867 corpusculum,
1226 1799 1367 1854 vadit
1392 1799 1457 1854 ad
1486 1801 1756 1868 templum,
1786 1801 1970 1853 adorat
1999 1801 2182 1865 Deum,

626 1885 869 1953 epulatur
902 1902 1021 1941 cum
1063 1889 1282 1953 amicis,
1326 1889 1646 1957 compressis
1686 1890 1942 1957 suspiriis,
1987 1890 2185 1959 gemitu

626 1975 772 2031 omni
800 1976 1074 2046 deposito,
1118 1979 1263 2032 vultu
1287 1979 1394 2047 jam
1419 1980 1559 2033 latto.
1610 1979 1861 2033 Mirantur
1886 1980 2183 2044 domestici,

627 2076 839 2135 stupent
882 2070 1032 2121 amici
1083 2085 1271 2123 novam
1317 2080 1370 2125 et
1413 2070 1637 2125 subitam
1685 2072 2081 2125 conversionem
2112 2070 2132 2101 ³
2169 2088 2181 2123 :

626 2157 819 2211 audent
847 2158 1071 2229 denique
1096 2160 1424 2229 interrogare
1448 2200 1461 2223 ,
1488 2162 1611 2229 quid
1641 2162 1739 2215 sibi
1768 2162 1929 2215 vellet
1964 2161 2062 2215 hoc
2082 2202 2097 2227 ,
2128 2168 2187 2213 ut

627 2262 744 2301 cum
772 2249 979 2303 vivente
1010 2249 1114 2303 ﬁlio
1143 2251 1218 2304 sic
1240 2250 1504 2317 doluerit,
1550 2262 1759 2304 mortuo
1802 2266 1904 2305 non
1942 2250 2187 2305 doleret?

630 2338 923 2408 Respondit
968 2341 1046 2394 vir
1098 2341 1186 2395 ille
1236 2342 1669 2411 magnanimitate
1712 2342 2045 2410 pmcipuus:
2086 2341 2189 2395 Ne-

629 2444 779 2484 cesse
825 2430 921 2484 fuit
962 2444 1080 2484 cum
1108 2431 1277 2485 adhuc
1303 2432 1503 2486 viveret
1526 2431 1665 2485 ﬁlius
1688 2472 1704 2497 ,
1733 2440 1787 2485 ct
1813 2429 2075 2484 humiliari
2096 2472 2109 2493 ,
2137 2439 2191 2485 et

626 2522 867 2590 jejunare
887 2562 901 2585 ,
942 2532 995 2576 et
1024 2522 1201 2591 lugere
1233 2523 1283 2575 in
1313 2530 1596 2591 conspectu
1625 2521 1862 2585 Domini;
1909 2529 2022 2575 erat
2050 2521 2188 2575 enim

632 2625 752 2681 spes
778 2612 1088 2682 impetrandi
1126 2619 1451 2666 commeatus
1479 2611 1598 2665 vitae
1630 2628 1643 2663 :
1676 2618 1729 2664 at
1761 2624 1886 2664 vero
1916 2616 2189 2679 postquam

631 2702 871 2756 voluntas
904 2702 1105 2755 Domini
1150 2701 1283 2755 facta
1324 2710 1437 2765 cst,
1478 2700 1694 2755 stultum
1739 2706 1822 2754 est
1856 2707 1909 2753 et
1947 2699 2186 2767 impium,

632 2792 863 2846 animum
905 2792 1275 2846 lamentatione
1315 2790 1481 2845 inutili
1526 2791 1778 2845 macerari
1813 2805 1827 2842 :
1860 2789 1935 2843 sic
1972 2787 2189 2842 dicens:

637 2881 743 2952 Ego
768 2882 846 2933 ibo
876 2882 942 2933 ad
966 2882 1127 2946 illum,
1155 2880 1242 2933 ille
1267 2896 1365 2933 non
1393 2888 1657 2933 revertetur
1684 2878 1750 2930 ad
1765 2893 1840 2931 me
1860 2878 1935 2948 (2.
1955 2877 2079 2946 Reg.
2101 2874 2186 2928 12.

632 2972 746 3040 28).
798 2971 935 3025 Ecce
977 2970 1273 3038 exemplum
1303 2969 1745 3038 magnanimitatis
1774 2976 1933 3036 atque
1960 2964 2185 3019 virtutis.

632 3061 779 3128 Quod
809 3062 851 3113 si
880 3061 966 3114 ille
996 3061 1156 3114 David
1175 3100 1191 3126 ,
1221 3059 1393 3114 adhuc
1415 3059 1512 3113 sub
1542 3059 1654 3127 lege
1691 3058 1889 3127 positus
1912 3096 1926 3120 ,
1957 3055 2056 3110 sub
2081 3054 2189 3119 illa,

635 3166 736 3205 non
763 3151 880 3204 dico
909 3151 1113 3205 licentia
1131 3191 1146 3215 ,
1195 3150 1287 3204 sed
1325 3150 1638 3204 necessitate
1665 3146 2087 3211 lamentationis,
2114 3145 2191 3200 sic

635 3240 865 3294 animum
893 3254 921 3292 a
948 3240 1087 3293 luctu
1106 3239 1445 3294 irrationabili
1468 3238 1730 3308 separavit
1750 3236 1790 3302 ⁸,
1820 3238 1896 3291 sic
1927 3235 2187 3289 tristitiam

635 3348 781 3387 suam
811 3347 1130 3401 suorumque
1158 3332 1477 3400 compescuit
1510 3348 1523 3383 :
1547 3344 1642 3382 nos
1670 3329 1757 3399 qui
1778 3328 1885 3397 jam
1907 3327 2003 3381 sub
2027 3327 2189 3395 gratia

635 3436 814 3475 smnus
839 3462 851 3481 .
884 3422 983 3475 sub
1008 3429 1150 3475 certa
1174 3436 1266 3488 spe
1308 3418 1708 3472 resurrectionis
1730 3456 1746 3481 ,
1793 3416 1984 3485 quibus
2019 3415 2190 3467 omnis

637 3511 840 3564 tristitia
864 3510 1212 3569 interdicitur,
1243 3523 1344 3577 qua
1376 3508 1543 3560 fronte
1570 3518 1804 3559 mortuos
1828 3514 2035 3557 nostros
2062 3518 2191 3571 gen-

637 3601 803 3653 tilium
832 3614 977 3654 more
1015 3598 1339 3667 plangimus,
1384 3596 1611 3649 ululatus
1642 3596 1854 3649 insanos
1879 3592 2188 3655 attollimus,

638 3690 791 3744 veluti
822 3689 924 3742 alio
964 3702 1155 3757 genere
1198 3686 1513 3740 bacchantes
1533 3726 1547 3749 ,
1582 3684 1861 3738 conscissis
1884 3682 2072 3735 tunicis
2098 3696 2190 3749 pe-

634 3788 777 3833 ctora
803 3777 1078 3841 nudamus,
1110 3775 1267 3830 verba
1296 3775 1464 3827 inania
1491 3782 1543 3827 et
1575 3776 1772 3825 nmnias
1799 3772 1937 3825 circa
1959 3771 1980 3802 '
2000 3784 2192 3837 corpus

637 3879 690 3922 ct
724 3868 978 3922 tumulum
1017 3864 1249 3919 defuncti
1274 3863 1575 3917 cantamus?
1602 3862 1875 3916 Postremo
1902 3861 2061 3915 etiam
2092 3875 2191 3927 qua

639 3962 839 4015 ratione
883 3968 1053 4013 vestes
1083 3958 1258 4027 nigras
1288 3958 1531 4026 tingimus
1554 3996 1568 4019 ,
1602 3955 1699 4007 nisi
1728 3962 1784 4007 ttt
1822 3967 1917 4007 nos
1960 3968 2085 4006 vere
2113 3954 2192 4005 in-

640 4050 819 4103 ﬁdeles
861 4058 913 4102 et
955 4048 1177 4101 miseros
1204 4061 1307 4100 non
1357 4055 1554 4098 tantum
1604 4043 1809 4097 ﬂetibus
1834 4084 1847 4102 .
1897 4040 1990 4096 sed
2033 4043 2191 4095 etiam

640 4139 871 4193 vestibus
894 4135 1283 4207 approbemus?
1314 4137 1491 4189 Aliena
1519 4142 1641 4188 sunt
1670 4136 1767 4188 ista
1791 4174 1806 4199 ,
1834 4131 2024 4187 fratres
2043 4175 2056 4194 ,
2100 4148 2194 4186 cx-

642 4239 819 4282 tranea
842 4236 981 4291 sunt,
1011 4241 1115 4280 non
1142 4227 1301 4281 licent
1331 4242 1344 4277 ε
1376 4234 1429 4280 et
1458 4226 1500 4277 si
1525 4225 1763 4287 licereut,
1795 4238 1896 4275 non
1924 4222 2190 4275 decerent.

638 4320 743 4376 Sed
772 4319 1065 4389 aliquantos
1091 4317 1157 4371 de
1187 4316 1434 4370 fratribus
1462 4324 1514 4369 et
1553 4315 1819 4369 sororibus
1841 4354 1855 4371 .
1906 4314 2029 4366 licet
2066 4313 2193 4363 fides

640 4410 849 4480 propria
878 4419 931 4463 ct
962 4418 1279 4478 prmccptum
1309 4407 1511 4460 Domini
1536 4405 1697 4458 fortes
1715 4405 1889 4468 faciat,
1920 4412 2192 4471 parentum

644 4509 817 4553 tamen
861 4507 913 4554 et
960 4498 1247 4553 vicinorum
1288 4495 1465 4563 opinio
1501 4493 1738 4547 debilitat
1779 4502 1831 4545 et
1868 4491 2097 4561 frangit:
2132 4508 2196 4544 ne

648 4590 837 4658 lapidei
863 4599 915 4644 et
954 4588 1193 4643 crudeles
1235 4586 1561 4655 iudicentur.
1606 4585 1647 4636 si
1685 4583 2013 4651 pepercerim
2040 4585 2196 4634 vesti-

647 4688 826 4733 mento
854 4678 896 4741 ',
941 4677 985 4730 si
1025 4692 1128 4730 non
1172 4676 1369 4729 insanis
1398 4674 1621 4727 luctibus
1649 4671 1840 4725 fuerint
1866 4670 2193 4723 debacchati.

650 4772 714 4823 Et
738 4771 837 4823 hoc
860 4784 1013 4838 quam
1045 4782 1234 4820 vanum
1260 4774 1375 4829 est,
1422 4780 1578 4832 quam
1626 4764 1875 4830 ineptum,
1926 4760 2197 4826 opinioni-5

646 4859 914 4917 hominum
943 4857 1227 4910 errantium
1258 4854 1507 4922 cogitare,
1534 4861 1586 4904 ct
1615 4866 1714 4902 non
1750 4850 1950 4911 timere,
1985 4862 2048 4899 ne
2078 4848 2197 4914 quid

648 4953 818 5005 minus
847 4948 999 5002 faciat
1020 4947 1085 5001 de
1117 4945 1217 4999 ﬁde
1242 4959 1395 5012 quam
1422 4941 1681 5009 suscepit!
1712 4939 1882 5003 Quare
1911 4951 2012 4989 non
2036 4936 2199 5001 magis

648 5042 799 5093 discit
830 5037 1157 5092 tolerantiam
1199 5034 1285 5088 ille
1311 5034 1396 5101 qui
1426 5032 1546 5084 talis
1573 5031 1694 5083 est?
1733 5043 1893 5098 quare
1922 5041 2026 5079 non
2058 5042 2087 5077 a
2117 5040 2200 5079 me

713 5196 725 5221 ¹
766 5191 897 5247 editi,
940 5186 1190 5237 ncecsxitas
1210 5182 1431 5247 eiecerit.
1472 5181 1710 5247 tristitiam
1746 5180 2029 5247 patitur-net
2060 5191 2201 5247 mox,

649 5249 773 5300 oculi
796 5238 1017 5312 lacrymt's
1031 5246 1299 5309 perpetibus
1318 5238 1489 5307 ﬂuunt.
1518 5242 1649 5291 Infra
1672 5238 1804 5297 vero,
1832 5240 2027 5288 Domth
2050 5238 2201 5293 ﬁlium

648 5311 1161 5361 mortuunt'nominnre.
1325 5362 1350 5368 __
1468 5363 1490 5368 _
1532 5362 1548 5368 _
1786 5359 1830 5368 η

712 5356 734 5402 ί
755 5356 877 5429 illi,
894 5356 969 5419 Fit
988 5379 1244 5417 concursus
1266 5362 1443 5414 salitus.
1468 5362 1615 5421 Infra,
1638 5374 1694 5410 rte
1718 5359 1830 5422 quid
1848 5358 1936 5409 sibi
1950 5356 2039 5421 lilii
2056 5358 2204 5419 ipsius

689 5439 802 5479 ater.

652 5445 871 5545 nichil,
897 5484 1310 5543 concenationem,
1335 5487 1490 5532 minus
1511 5489 1665 5541 recte,
1690 5483 1736 5529 ni
1760 5481 1909 5529 fallor.

715 5554 734 5616 ξ
770 5554 901 5605 Mitt,
926 5546 1179 5616 superavit.

714 5614 736 5642 ⁸
772 5620 869 5665 \ts.,
892 5616 936 5659 et
953 5621 1071 5657 rana
1095 5614 1239 5655 circa.

718 5676 737 5705 ⁸
764 5663 894 5729 lla‘c,
921 5670 962 5719 si
985 5666 1277 5731 pcpcrrczim
1304 5666 1582 5723 t'cetimrnto,
1608 5663 1772 5710 desunt
1806 5664 1847 5708 iu
1876 5668 1950 5707 ης.

1174 321 1228 376 S.
1262 317 1547 375 JOANNIS
1576 314 2063 373 CllleSOSTmll
2104 316 2421 373 ARCHIEP.
2462 316 2569 373 CP.
2602 315 2689 373 DE
2718 317 3003 377 CONSOL.
3046 321 3321 378 MORTIS.

3747 334 3861 387 304

2288 455 2443 511 discit
2484 455 2640 511 ﬁdem
2680 455 2769 512 ille
2806 459 2894 527 qui
2943 457 3134 514 dubius
3178 459 3298 514 est?
3350 457 3572 527 Quando
3606 461 3767 515 etiam
3800 462 3847 516 si

2290 554 2465 599 tantus
2502 545 2569 599 sit
2624 545 2775 599 dolor
2823 547 3080 615 ejusmodi
3134 550 3392 615 pectoris,
3450 550 3606 603 tacite
3651 550 3855 604 debeat

2291 634 2483 687 luctum
2520 650 2675 689 sensu
2712 636 2949 705 digerere
2977 638 3030 703 ⁸,
3074 644 3128 692 et
3156 653 3261 692 non
3302 639 3515 693 levitate
3556 639 3639 692 sui
3681 639 3849 692 animi

2289 722 2574 791 publicare.

2357 814 2410 866 7.
2440 811 2643 867 Ethnici
2674 816 2845 869 audita
2870 816 2967 884 ﬁlii
2996 827 3151 872 morte
3190 816 3397 870 dictum.
3425 816 3711 887 Plangendi
3736 817 3853 870 eth-

2289 904 2423 968 nici,
2493 902 2694 968 Judtet',
2761 915 2806 959 et
2851 907 3186 960 catechumeni
3231 908 3512 960 morientes.
3557 936 3627 947 —
3669 906 3850 961 Unum

2289 991 2459 1046 adhuc
2490 994 2611 1047 volo
2651 1009 2945 1063 proponere
2972 996 3268 1064 exemplum
3296 996 3360 1049 ad
3389 994 3727 1065 corrigendos
3755 1009 3853 1049 eos

2288 1081 2375 1151 qui
2403 1081 2571 1151 plangi
2603 1092 2837 1137 mortuos
2864 1085 3201 1139 arbitrantur.
3242 1085 3549 1155 Exemplum
3578 1094 3753 1139 autem
3783 1084 3854 1138 de

2291 1186 2608 1240 paganorum
2647 1173 2863 1228 historia
2902 1183 2999 1228 est.
3037 1175 3155 1229 Fuit
3183 1175 3391 1245 quidam
3423 1177 3661 1244 princeps
3684 1190 3852 1245 paga-

2292 1276 2386 1315 nus
2432 1261 2539 1333 (a),
2580 1264 2666 1332 qui
2712 1264 2935 1319 habebat
2971 1264 3133 1319 ﬁlium
3174 1266 3418 1331 unicum,
3447 1266 3677 1334 satisque
3714 1265 3853 1318 dile.

2289 1361 2452 1405 ctum.
2488 1352 2594 1407 Hic
2634 1368 2753 1406 cum
2793 1354 2845 1405 in
2873 1353 3128 1422 Capitolio
3158 1354 3308 1408 idolis
3334 1354 3440 1407 suis
3464 1354 3643 1423 gentili
3667 1369 3854 1409 errore

2290 1440 2640 1507 sacriﬁcaret,
2684 1443 2952 1495 nuntiatur
2996 1444 3047 1496 ei
3088 1442 3226 1511 quod
3265 1443 3402 1497 ﬁlius
3426 1443 3511 1497 ille
3541 1442 3725 1497 unicus
3750 1443 3853 1496 de.-

2293 1527 2476 1583 fuisset
2526 1528 2621 1601 (ὁ).
2662 1528 2776 1583 Νοη
2808 1530 3016 1599 reliquit
3042 1544 3209 1596 sacra,
3233 1546 3348 1601 quze
3368 1531 3581 1601 gerebat
3602 1532 3653 1584 in
3674 1532 3853 1584 mani-

2292 1620 2417 1684 bus,
2471 1635 2571 1674 non
2619 1621 2962 1690 lacrymavit,
3007 1636 3107 1675 nec
3149 1622 3363 1676 omnino
3399 1622 3678 1691 suspiravit
3709 1637 3723 1672 :
3752 1621 3851 1674 sed

2290 1710 2413 1779 quid
2456 1710 2752 1778 respondit,
2794 1709 2969 1764 audite
3002 1711 3364 1779 :Scpeliatur,
3401 1712 3602 1780 inquit;
3632 1711 3851 1765 memini

2290 1800 2429 1854 enim
2454 1815 2537 1855 me
2565 1801 2721 1854 tilium
2753 1802 2995 1871 genuisse
3023 1802 3317 1856 mortalem.
3349 1801 3481 1856 Vide
3501 1816 3848 1870 responsum,

2291 1889 2409 1943 vide
2451 1890 2678 1943 hominis
2721 1891 2904 1960 pagani
2944 1892 3185 1945 virtutem
3209 1931 3224 1955 ,
3256 1900 3311 1945 ut
3346 1905 3443 1945 nec
3475 1891 3764 1960 exspectari
3792 1906 3853 1944 se

2286 1977 2536 2047 jusserit,
2567 1980 2646 2032 vel
2677 1990 2732 2032 ut
2757 1991 3015 2049 praesente
3045 1995 3101 2035 se
3131 1981 3412 2049 sepultura:
3443 1981 3578 2035 filius
3607 1981 3851 2035 traderc~

2294 2075 2396 2121 tur.
2442 2068 2574 2135 Quid
2612 2070 2812 2138 agimus
2833 2110 2847 2133 ,
2879 2069 3096 2134 fratres,
3128 2072 3171 2123 si
3201 2071 3437 2125 diabolus
3468 2072 3604 2125 hunc
3630 2072 3677 2124 in
3707 2072 3850 2124 diem

2288 2157 2470 2225 judicii
2515 2174 2691 2211 coram
2734 2157 2943 2212 Christo
2984 2167 3165 2212 contra
3204 2174 3300 2212 nos
3326 2159 3575 2228 producat
3599 2168 3649 2213 et
3673 2159 3851 2225 dicat,

2293 2245 2389 2299 Hic
2435 2261 2581 2300 meus
2627 2246 2832 2311 cultor,
2883 2263 3037 2317 quem
3072 2262 3169 2317 ego
3208 2249 3484 2318 praestigiis
3523 2248 3851 2316 decipiebant

2293 2338 2461 2403 meis,
2507 2346 2564 2390 ut
2592 2338 2813 2392 serviret
2835 2338 2988 2392 caecis
3017 2346 3069 2391 et
3095 2338 3267 2391 surdis
3290 2338 3580 2392 simulacris
3600 2378 3613 2400 ,
3642 2338 3724 2391 cui
3751 2352 3853 2406 ego

2294 2442 2392 2481 nec
2439 2428 2878 2482 resurrectionem
2919 2444 2947 2481 a
2984 2428 3202 2481 mortuis
3225 2468 3241 2493 ,
3269 2443 3365 2482 nec
3392 2428 3685 2497 paradisum
3708 2444 3855 2492 ,-nec

2294 2518 2541 2573 caelorum
2594 2533 2751 2587 regna
2781 2518 3121 2587 promiseram
3148 2558 3161 2580 ,
3191 2518 3273 2570 hic
3298 2516 3387 2570 ﬁlii
3416 2518 3605 2571 nobilis
3634 2518 3845 2585 sapiens

2296 2610 2433 2663 unici
2460 2618 2683 2663 mortem
2716 2624 2813 2663 nec
2839 2608 3005 2662 doluit
3032 2622 3129 2662 nec
3158 2607 3404 2677 ingemuit
3431 2649 3446 2673 ,
3476 2623 3572 2661 nec
3604 2609 3687 2660 tali
3718 2624 3853 2661 nun-

2297 2699 2370 2751 tio
2416 2714 2530 2751 mea
2574 2714 2719 2751 sacra
2746 2698 2980 2753 deseruit
3009 2715 3021 2750 :
3052 2699 3124 2751 tui
3153 2708 3325 2751 autem
3355 2698 3669 2759 Christiani,
3698 2698 3772 2750 tui
3804 2699 3855 2749 ﬁ-

2296 2786 2442 2842 deles
2466 2829 2480 2852 ,
2531 2803 2624 2857 pro
2667 2788 2857 2857 quibus
2884 2788 3000 2842 ideo
3032 2787 3310 2843 cruciﬁxus
3334 2796 3385 2841 et
3406 2800 3646 2843 mortuus
3673 2803 3731 2841 es
3754 2830 3768 2849 ,
3799 2804 3855 2841 ut

2296 2884 2519 2930 mortem
2544 2877 2641 2945 ipsi
2664 2892 2765 2931 non
2790 2879 3053 2939 timerent,
3077 2876 3165 2930 sed
3182 2887 3359 2930 essent
3380 2876 3446 2930 de
3467 2879 3856 2931 resurrectione

2294 2968 2465 3020 securi
2493 3007 2507 3031 ,
2535 2982 2639 3020 non
2670 2966 2837 3019 solum
2865 2966 3035 3034 lugent
3061 2974 3295 3018 mortuos
3322 2974 3376 3019 et
3402 2979 3530 3019 voce
3554 2973 3608 3019 et
3638 2965 3851 3028 habitu,

2296 3058 2389 3113 sed
2432 3057 2589 3111 etiam
2614 3058 2679 3110 ad
2707 3058 2979 3113 ecclesiam
3007 3056 3295 3125 procedere
3320 3055 3727 3119 confunduntur,
3753 3056 3854 3107 ali-

2295 3148 2477 3219 quanti
2528 3148 2688 3201 etiam
2730 3148 2828 3215 ipsi
2866 3147 3044 3200 clerici
3073 3147 3143 3200 tui
3170 3155 3223 3200 ct
3247 3155 3483 3213 pastores
3508 3145 3852 3200 ministerium

2296 3254 2448 3294 suum
2480 3238 2829 3293 intermittunt
2854 3278 2868 3303 ,
2896 3247 3141 3291 vacantes
3163 3238 3345 3303 luctui,
3367 3238 3513 3307 quasi
3546 3237 3856 3291 insultantes

2298 3342 2400 3385 tua:
2426 3330 2718 3384 voluntati?
2746 3330 2962 3395 Quare?
2987 3329 3114 3395 Quia
3146 3344 3279 3397 quos
3299 3330 3505 3383 voluisti
3530 3370 3545 3393 ,
3577 3328 3642 3382 de
3671 3330 3853 3382 seculi

2296 3422 2515 3491 caligine
2544 3420 2608 3474 ad
2648 3430 2698 3474 te
2730 3420 2945 3474 vocasti.
2971 3418 3104 3485 Quid
3122 3419 3186 3472 ad
3219 3419 3330 3472 hzcc
3355 3418 3674 3487 respondere
3703 3429 3856 3487 pote-

2296 3512 2499 3574 rimus,
2546 3509 2774 3563 fratres?
2819 3509 2999 3562 Nonne
3038 3506 3277 3561 confusio
3318 3522 3414 3561 nos
3460 3506 3853 3575 apprehendet,

2296 3611 2416 3654 cum
2462 3600 2512 3651 in
2557 3598 2653 3651 hac
2681 3606 2828 3666 parte
2854 3596 3128 3650 inferiores
3153 3596 3395 3666 gentibus
3425 3596 3758 3649 invenimur?
3794 3596 3857 3648 Et

2298 3689 2474 3759 utique
2516 3687 2691 3757 lugere
2734 3686 2892 3741 debet
2937 3700 3185 3755 paganus,
3228 3687 3314 3754 qui
3360 3685 3599 3739 nesciens
3649 3684 3854 3748 Deum,

2300 3794 2422 3833 mox
2448 3788 2503 3832 ut
2532 3776 2771 3841 moritur,
2802 3786 2949 3830 recto
2969 3790 3125 3829 cursu
3147 3775 3389 3845 pergitad
3418 3790 3645 3843 pmnam.
3672 3775 3856 3842 Plangi

2298 3868 2453 3923 debet
2498 3867 2745 3931 Judmus,
2796 3867 2882 3935 qni
2928 3864 3136 3920 Christo
3181 3880 3284 3919 non
3326 3865 3582 3927 credens,
3624 3864 3856 3917 animam

2298 3973 2448 4013 suam
2490 3958 2766 4027 perditioni
2813 3957 3097 4024 deputavit.
3150 3955 3437 4009 Dolendum
3481 3964 3560 4006 est
3606 3954 3760 4021 plane
3787 3954 3857 4007 de

2299 4047 2690 4104 catochuntenis
2736 4046 2928 4099 nostris
2951 4085 2965 4110 ,
3022 4046 3065 4098 si
3095 4054 3184 4098 aut
3211 4059 3303 4097 sua
3333 4045 3697 4097 incredulitate
3720 4085 3733 4106 ,
3766 4054 3857 4096 ant

2301 4139 2611 4211 negligentia
2660 4138 3049 4207 proximorum,
3091 4136 3205 4189 sine
3244 4136 3498 4203 baptismo
3535 4134 3749 4188 salutari
3780 4150 3857 4187 re-

2300 4230 2575 4285 cesserint.
2609 4228 2867 4281 Craterum
2897 4225 2984 4294 qui
3010 4225 3362 4277 sanctiﬁcatus
3386 4224 3547 4290 gratia
3572 4264 3586 4285 ,
3616 4224 3855 4291 signatus

2304 4319 2405 4371 fide
2430 4356 2444 4380 ,
2468 4315 2866 4370 conversatione
2885 4314 3160 4381 probatus,
3184 4316 3266 4367 vel
3290 4312 3582 4365 innocentia
3610 4327 3853 4374 securus,

2301 4409 2366 4462 de
2392 4407 2490 4460 hoc
2518 4404 2711 4459 mundo
2737 4404 2931 4457 recedit
2958 4444 2971 4465 ,
2998 4402 3391 4457 beatiﬁcandus
3410 4410 3511 4466 est,
3541 4417 3641 4454 non
3673 4402 3857 4469 lugen-

2301 4497 2427 4560 dus;
2455 4493 2847 4555 desiderandus,
2869 4505 2969 4544 non
2988 4492 3343 4560 plangendus;
3365 4490 3454 4543 sed
3476 4490 3859 4543 desiderandus

2302 4601 2419 4640 cum
2450 4582 2808 4636 moderatione
2833 4619 2847 4641 ,
2874 4596 2991 4634 cum
3020 4582 3244 4633 sciamus
3272 4593 3366 4631 uos
3391 4579 3532 4645 ipsos
3559 4579 3856 4631 accedenti-

2303 4677 2400 4730 bus
2429 4674 2755 4739 temporihus
2777 4680 3121 4741 scquuturos.

2373 4769 2424 4819 8.
2454 4763 2677 4816 Tristitia
2704 4763 2935 4813 salutaris
2959 4777 3203 4827 quanam.
3225 4792 3293 4801 —
3315 4761 3485 4827 Terga
3513 4761 3667 4828 igitur
3698 4761 3860 4829 lacry-

2304 4866 2418 4907 mas
2439 4892 2453 4916 ,
2491 4850 2776 4904 intermitte
2805 4850 3026 4915 suspiria
3049 4889 3062 4911 ,
3092 4864 3368 4916 compesce
3388 4850 3609 4917 gemitus
3632 4888 3647 4909 ,
3671 4863 3705 4901 ο
3730 4850 3859 4901 tide-

2306 4942 2370 4995 lis
2392 4979 2408 5003 ,
2452 4947 2504 4993 et
2545 4952 2641 5006 pro
2680 4937 2776 4989 hac
2802 4936 3007 4989 tristitia
3037 4936 3319 4990 salutarem
3348 4937 3483 4991 illam
3513 4936 3669 4989 indue
3703 4937 3863 4988 tristi-

2306 5032 2429 5085 tiam
2455 5070 2469 5095 ,
2498 5030 2676 5097 utique
2702 5043 2855 5096 quam
2882 5023 3352 5094 beatusApostolus
3375 5026 3663 5080 secundum
3698 5027 3860 5079 Deunt

2307 5136 2425 5175 esse
2463 5117 2773 5171 memoravit
2796 5158 2808 5178 ,
2830 5130 2947 5183 quae
2974 5116 3194 5167 salutem
3225 5114 3461 5167 stabilem
3486 5114 3623 5167 solet
3648 5115 3861 5182 operati

2308 5210 2365 5281 (2
2383 5211 2495 5263 Cor.
2518 5209 2569 5260 7.
2592 5206 2703 5274 10);
2729 5206 2904 5273 utique
2928 5202 3283 5271 pmnitentiam
3306 5200 3587 5253 facinorum
3610 5202 3866 5253 cornutis-

2307 5316 2505 5357 sorum.
2546 5300 2788 5353 Scrutare
2814 5304 2996 5363 pectus
3024 5302 3167 5347 tuum
3193 5333 3207 5357 ,
3237 5294 3498 5359 propriam
3531 5292 3865 5359 interrogans

2372 5414 2387 5443 ί
2423 5410 2625 5464 Habent,
2650 5404 2874 5467 dirigere,
2903 5402 3017 5467 Editi
3070 5408 3281 5455 veteres,
3306 5402 3385 5459 qui
3425 5412 3533 5445 mox
3562 5399 3737 5454 verbo,
3787 5411 3869 5457 pa-

2310 5473 2501 5523 blicnre,
2526 5465 2795 5515 sermonem
2820 5465 3061 5511 claudunt.

2349 5516 2747 5632 1(707)‘tflutarflnats
2791 5526 2839 5572 in
2879 5524 3111 5570 Laconicis
3155 5518 3637 5579 Apopbtltegmatihus
3675 5532 3722 5578 p.
3763 5516 3868 5577 EB,

2349 5596 2439 5632 itus
2486 5600 2613 5632 mus
2694 5618 2739 5631 ...

2311 5602 2332 5639 Ἰ
2350 5596 2905 5710 “(1:5)alexalitﬁuurtns
2919 5649 3035 5691 esset
3060 5638 3155 5701 [vel
3181 5638 3462 5699 defecisset].
