4096 6536
314 468 423 524 305

308 572 687 627 conscientiam
710 611 724 636 ,
758 577 812 624 et
833 570 877 624 si
907 569 1139 624 invenias
1158 568 1349 639 aliquid
1375 568 1727 637 panitendum
1752 570 1858 638 (in-

309 662 489 713 venies
527 670 703 714 autem
744 674 863 713 cum
888 661 961 713 sis
988 657 1164 729 homo)
1187 698 1203 722 ,
1235 657 1381 711 trahe
1406 659 1623 727 suspiria
1652 660 1702 713 in
1730 674 1858 713 con-

308 746 540 802 fessione
561 789 576 812 ,
618 748 778 801 funde
806 749 1063 817 lacrymas
1092 748 1143 800 in
1168 748 1406 801 oratione
1424 788 1439 814 ,
1469 759 1583 803 esto
1610 750 1859 804 sollicitus

306 838 375 891 de
419 847 589 891 morte
634 838 720 890 illa
754 852 873 891 vera
897 877 912 900 ,
943 837 1009 889 de
1038 851 1189 904 paena
1214 839 1401 890 animm
1421 878 1436 902 ,
1467 848 1581 892 erto
1608 839 1858 893 sollicitus

306 926 377 979 de
420 937 666 994 peccato,
714 926 848 979 sicut
888 926 1045 977 David
1080 925 1202 978 dicit
1236 942 1250 978 :
1297 925 1859 995 Quoniaminiquitatem

308 1031 467 1067 meant
496 1015 777 1083 pronuntio,
807 1024 849 1065 et
875 1014 1113 1066 sollicitus
1132 1028 1213 1065 ero
1242 1029 1331 1080 pro
1353 1023 1548 1079 peccato
1568 1030 1672 1066 meo
1692 1013 1856 1083 (Psal.

307 1103 401 1157 50.
430 1104 483 1172 5)
515 1120 527 1155 :
572 1113 625 1157 et
664 1116 767 1155 non
791 1103 855 1156 de
898 1102 1134 1170 corporis
1160 1101 1312 1169 hujus
1336 1101 1598 1155 solutione
1624 1103 1859 1156 terrebe-

308 1192 421 1255 ris,
456 1192 591 1261 quod
622 1206 716 1245 suo
739 1201 970 1259 tempore
998 1192 1046 1241 in
1075 1190 1288 1253 melius,
1320 1190 1427 1244 Deo
1447 1190 1689 1258 jubente,
1713 1207 1862 1259 repao

306 1282 533 1333 rabitur.
563 1279 693 1333 Vide
730 1277 1164 1346 quemadmodum
1201 1286 1477 1346 utrumque
1502 1280 1755 1331 sententia
1782 1278 1862 1332 di-

309 1372 435 1423 vina
479 1369 749 1437 complexa
790 1378 904 1431 est,
946 1367 1156 1432 dicens,
1210 1366 1350 1419 Venit
1388 1368 1544 1431 liora,
1588 1383 1700 1418 cum
1730 1383 1862 1419 mor-

308 1459 387 1509 tui
404 1497 421 1523 ,
463 1458 547 1525 qui
587 1466 701 1510 sunt
729 1457 779 1508 in
808 1453 1164 1515 monumentis,
1194 1464 1445 1524 resurgent
1469 1454 1642 1524 (Joan.
1670 1456 1720 1509 5.
1746 1455 1857 1525 28).

309 1551 451 1604 Ecce
474 1549 723 1603 securitas
741 1586 756 1613 ,
779 1561 900 1600 ecce
920 1554 1246 1613 contemptus
1271 1546 1475 1599 mortis.
1504 1545 1605 1599 Sed
1631 1546 1752 1614 quid
1778 1561 1863 1599 se-

303 1638 529 1707 quitur?
559 1638 655 1703 Qui
681 1636 807 1689 bona
828 1638 1079 1704 fecerunt,
1107 1635 1157 1686 in
1182 1636 1580 1687 resurrectionem
1608 1635 1753 1696 vita;
1778 1636 1861 1699 qui

302 1738 481 1779 autem
508 1727 640 1781 mala
673 1734 868 1794 egerunt
894 1764 909 1790 ,
929 1725 978 1777 in
1004 1725 1402 1777 resurrectionem
1416 1724 1598 1793 judicii
1625 1723 1780 1792 (Ibid.
1808 1741 1856 1776 υ.

298 1816 429 1886 29).
472 1816 604 1869 Ecce
646 1814 919 1867 diversitas
956 1812 1354 1881 resurgentium.
1404 1812 1621 1865 Omnem
1650 1813 1856 1881 quidem

308 1918 531 1957 necesse
558 1912 638 1956 est
686 1916 894 1955 carnem
930 1915 1203 1968 resurgere
1232 1900 1500 1953 dumtaxat
1529 1900 1810 1954 humanam
1843 1918 1856 1954 :

308 1992 410 2045 sed
474 1992 637 2045 bonus
698 1999 934 2059 resurget
974 1990 1038 2043 ad
1075 1991 1269 2054 vitam,
1313 1990 1480 2043 malus
1514 2000 1746 2059 resurget
1795 1990 1859 2043 ad

310 2096 522 2149 pinnam
552 2121 566 2145 ,
598 2081 732 2133 sicut
756 2080 1004 2147 scriptum
1044 2087 1126 2133 est
1161 2097 1172 2131 :
1202 2078 1327 2132 Ideo
1356 2095 1456 2131 non
1489 2089 1740 2146 resurgettt
1766 2080 1860 2131 im-

309 2171 389 2238 pii
424 2174 475 2221 in
504 2170 697 2237 judicio
721 2210 735 2233 ,
781 2186 933 2237 neque
970 2178 1246 2237 peccatores
1285 2169 1336 2221 in
1375 2169 1582 2221 concilio
1613 2172 1861 2238 justorum

306 2256 484 2327 (Psal.
517 2273 552 2310 ι.
578 2258 654 2325 5).
681 2257 744 2312 Ut
769 2272 891 2325 ergo
913 2272 1014 2310 non
1037 2259 1087 2311 in
1112 2258 1361 2325 judicium
1388 2273 1751 2327 resurgatnus,
1784 2259 1862 2311 in-

307 2347 553 2400 termissa
593 2348 774 2400 mortis
812 2348 1015 2400 tristitia
1058 2348 1198 2399 illam
1231 2347 1587 2415 pmnitentiam
1620 2357 1671 2401 et
1701 2347 1859 2399 tristi-

307 2435 445 2488 tiam
484 2448 750 2488 sumamus
776 2476 791 2500 ,
831 2444 884 2488 et
923 2450 1101 2488 curam
1131 2436 1385 2488 bonorum
1409 2450 1622 2501 operum
1652 2450 1714 2489 ac
1740 2436 1859 2488 vitae

302 2525 548 2578 melioris
571 2524 854 2577 habeamus
877 2563 892 2589 ,
923 2534 976 2577 et
1005 2525 1068 2577 ad
1097 2527 1193 2577 hoc
1221 2525 1289 2577 sit
1317 2526 1467 2577 nobis
1488 2524 1731 2592 cogitatio
1760 2523 1855 2575 bu-

299 2614 398 2681 jus
424 2612 617 2666 funeris
639 2612 972 2666 ctcadaveris
989 2652 1003 2675 ,
1036 2622 1091 2664 ut
1116 2626 1210 2664 nos
1239 2612 1489 2665 mortales
1514 2626 1630 2664 esse
1656 2610 1858 2663 noveni-

304 2718 433 2755 mus
454 2743 468 2767 ,
493 2711 543 2754 et
564 2718 653 2768 per
679 2701 811 2753 hanc
830 2701 1189 2767 cogitationem
1217 2700 1435 2752 salutem
1460 2708 1710 2763 nostram,
1733 2698 1855 2750 dum

306 2804 520 2859 tempus
560 2802 668 2854 est,
703 2792 825 2843 dum
854 2790 1005 2850 licet,
1031 2790 1241 2842 minime
1269 2790 1588 2857 negligamus
1619 2805 1631 2838 :
1661 2787 1857 2839 scilicet

302 2890 406 2936 aut
431 2881 797 2933 fructiﬁcantes
821 2880 874 2933 in
902 2882 1115 2945 melius,
1150 2887 1239 2931 aut
1259 2878 1617 2940 emendantes,
1646 2878 1689 2929 si
1713 2877 1855 2944 igno-

304 2978 492 3023 rantes
520 2968 809 3021 erravimus
834 2983 847 3017 :
872 2982 937 3018 ne
966 2967 1138 3018 subito
1160 2966 1504 3034 prmoccupati
1526 2964 1608 3018 die
1634 2965 1815 3017 mortis
1840 3002 1853 3027 ,

301 3072 608 3125 qureramus
648 3055 869 3122 spatium
907 3056 1247 3121 ptenitentitc,
1278 3063 1329 3107 et
1354 3068 1456 3106 non
1487 3054 1717 3106 invenire
1745 3066 1857 3119 pos-

300 3147 477 3198 simus
500 3184 513 3207 ,
560 3156 851 3211 quarramus
894 3143 1253 3211 eleemosynas
1288 3155 1505 3210 erogare
1578 3150 1631 3194 et
1659 3139 1855 3192 satisfa-

299 3247 434 3287 ccre
461 3247 552 3298 pro
578 3231 780 3284 delictis
803 3270 817 3294 ,
844 3245 940 3282 nec
962 3230 1099 3296 quod
1121 3229 1357 3282 volumus
1383 3226 1715 3282 concedatur.

1512 456 1818 513 DIATBIBA
1862 457 1923 512 IN
1963 458 2306 516 SYNOPSIN.

3391 465 3501 520 311ίὶ

2034 570 2085 625 9.
2130 571 2493 638 Recapitulatio
2530 572 2764 624 sermonis
2798 571 3064 639 utriusque.
3087 599 3157 610 —-
3181 568 3398 626 Ostensa
3420 570 3507 640 igi-

1966 668 2069 723 tur,
2096 658 2282 713 fratres
2301 698 2315 721 ,
2348 659 2531 712 mortis
2554 660 2845 713 communis
2875 659 2946 726 (α)
2976 700 2990 723 ,
3017 669 3225 713 ostensa
3257 659 3508 728 laeryma.

1964 763 2080 801 rum
2122 748 2485 802 interdictione
2509 788 2523 812 ,
2550 757 2834 801 monstrata
2862 756 3095 801 veterum
3121 746 3290 801 adhuc
3317 746 3504 815 fragili-

1968 845 2072 889 tate.
2098 844 2152 889 et
2178 851 2279 889 non
2304 834 2712 889 Christianitatis
2738 835 2925 888 virtute
2942 876 2956 900 ,
2985 845 3273 889 moostrato
3300 834 3505 888 Domini

1965 933 2293 978 sacramento
2338 934 2391 979 et
2427 925 2777 993 apostolorum
2825 924 2889 977 de
2928 924 3311 978 resurrectione
3353 923 3506 977 docu-

1965 1024 2161 1082 mento,
2181 1016 2600 1068 commemoratis
2620 1014 2973 1083 apostolorum
2996 1014 3217 1081 actibus,
3239 1022 3292 1067 et
3319 1022 3508 1083 marty-

1970 1119 2081 1157 rum
2121 1104 2445 1171 passionibus
2468 1143 2481 1165 ,
2524 1113 2737 1157 ostenso
2763 1111 3015 1171 prmterea
3046 1102 3203 1155 David
3228 1102 3465 1170 exemplo
3487 1140 3504 1168 ,

1967 1201 2021 1245 et
2065 1192 2271 1261 gentilis
2316 1192 2542 1244 hominis
2569 1193 2779 1259 insuper
2803 1190 2937 1243 facto
2960 1230 2973 1252 ,
2998 1190 3062 1243 ad
3086 1190 3319 1243 ultimum
3350 1203 3507 1257 expo-

1964 1283 2062 1335 sita
2102 1290 2156 1335 et
2191 1282 2342 1335 noxia
2385 1291 2437 1335 et
2481 1283 2591 1334 utili
2640 1282 2878 1345 tristitia,
2924 1280 3009 1334 illa
3044 1296 3161 1348 qua:
3188 1288 3375 1345 nocet,
3407 1280 3505 1334 ista

1964 1386 2079 1439 qua:
2122 1386 2217 1439 per
2243 1370 2601 1437 paenitentiam
2628 1371 2794 1423 salvat
2821 1388 2833 1424 :
2864 1371 2944 1423 his
2969 1370 3210 1424 omnibus
3239 1372 3313 1424 sic
3337 1379 3508 1425 osten-

1964 1463 2035 1514 sis
2056 1502 2068 1524 ,
2097 1460 2217 1529 quid
2246 1475 2340 1513 nos
2365 1462 2534 1514 facere
2558 1460 2664 1529 jam
2694 1460 2831 1514 aliud
2857 1466 3081 1529 oportet,
3113 1459 3319 1522 fratres,
3351 1476 3504 1530 quam

1964 1552 2156 1620 gratias
2192 1560 2406 1619 agentes
2446 1551 2551 1603 Deo
2594 1550 2733 1603 Patri
2773 1549 2984 1613 dicere,
3028 1547 3144 1601 Fiat
3174 1550 3395 1602 voluntas
3420 1559 3506 1602 tua

1963 1642 2090 1694 sicut
2134 1643 2185 1693 in
2214 1642 2333 1694 creto
2357 1651 2400 1692 et
2428 1641 2478 1693 in
2506 1650 2635 1692 terra
2661 1639 2866 1707 (Matth.
2898 1638 2951 1694 6.
2982 1638 3069 1709 10)
3093 1654 3108 1704 ;
3136 1648 3190 1693 tu
3216 1639 3401 1693 dedisti
3430 1640 3505 1694 vi-

1967 1739 2089 1792 tam,
2114 1740 2166 1781 tu
2197 1729 2507 1782 constituisti
2538 1740 2757 1781 mortem
2784 1743 2797 1792 ;
2832 1738 2884 1780 tu
2914 1727 3114 1782 inducis
3139 1729 3191 1782 in
3217 1728 3458 1782 saculum
3482 1770 3497 1793 ,

1965 1827 2016 1871 tu
2040 1818 2217 1871 educis
2245 1818 2311 1870 de
2341 1817 2532 1870 sacculo
2552 1856 2566 1881 ,
2593 1824 2646 1870 ct
2670 1830 2788 1869 cum
2817 1815 3060 1870 eduxeris
3082 1855 3097 1881 ,
3130 1830 3347 1881 servas;
3375 1816 3505 1870 nihil

1963 1909 2101 1961 enim
2123 1907 2323 1973 deperit
2345 1916 2547 1959 tuorum
2575 1945 2588 1968 ,
2612 1906 2697 1973 qui
2726 1919 2821 1958 nec
2844 1905 3085 1973 capillum
3115 1906 3298 1974 capitis
3323 1920 3501 1959 eorum

1966 2001 2134 2067 perire
2162 1999 2336 2052 dixisti
2364 2015 2375 2055 :
2415 2016 2432 2048 ι
2466 1997 2713 2052 Auferes»
2740 1998 2876 2051 enim
2905 2014 2923 2047 ‹
2955 1997 3192 2065 spiritum
3221 2011 3425 2061 eorum,
3452 2005 3505 2049 et

1964 2088 2206 2141 deticient
2227 2129 2240 2147 ,
2283 2096 2335 2141 et
2378 2088 2428 2140 in
2452 2098 2639 2140 terram
2669 2100 2812 2139 suam
2842 2094 3165 2139 revertentur
3199 2102 3219 2136 ι
3244 2082 3386 2151 (Luc.
3411 2082 3499 2137 21.

1967 2176 2053 2243 18)
2076 2177 2195 2238 ;sed
2220 2196 2235 2224 ι
2257 2174 2483 2228 Emittes
2496 2175 2730 2241 spiritum
2750 2183 2913 2237 tuum,
2937 2182 2989 2226 et
3007 2173 3337 2237 creabuntnr,
3356 2179 3406 2225 et
3426 2187 3502 2225 re-

1969 2263 2184 2316 novabis
2211 2263 2391 2315 facient
2423 2270 2606 2315 terras»
2636 2260 2800 2329 (Psal.
2836 2262 2954 2315 105.
2982 2260 3069 2315 29.
3103 2261 3212 2331 50).
3241 2260 3364 2313 llmc
3388 2275 3503 2313 ver-

1965 2350 2027 2403 ba
2048 2391 2061 2415 ,
2086 2349 2274 2403 fratres
2298 2391 2310 2415 ,
2339 2349 2487 2417 digna
2513 2349 2768 2413 tidelibus,
2796 2349 2907 2402 haec
2936 2348 3190 2402 medicina
3215 2348 3456 2401 salutaris
3482 2368 3495 2400 :

1964 2438 2060 2491 hac
2085 2441 2298 2506 spongia
2317 2437 2684 2491 consolationis
2702 2437 2939 2491 detersus
2961 2437 3160 2501 oculus,
3189 2437 3286 2489 hoc
3305 2436 3503 2492 infusus

1963 2529 2175 2595 collyrio
2223 2528 2468 2589 rationis,
2520 2542 2622 2580 non
2670 2527 2824 2580 modo
2855 2528 3138 2580 caecitatem
3167 2538 3228 2579 ex
3256 2524 3500 2593 dcspora~

1968 2611 2109 2663 tione
2127 2626 2232 2663 non
2250 2612 2562 2673 sentiet,sed
2577 2626 2673 2665 nec
2690 2612 3032 2681 lippitudines
3053 2614 3259 2683 aliquas
3281 2617 3506 2673 tristitia:

1965 2702 2263 2764 sustinebit,
2287 2702 2412 2768 quin
2436 2702 2609 2768 potius
2630 2702 2797 2755 oculis
2820 2703 2995 2756 cordis
3020 2703 3194 2758 lucida
3212 2713 3403 2760 cuncta
3429 2723 3511 2760 re.-

1964 2791 2213 2857 spiciens,
2245 2792 2381 2843 dicet
2409 2792 2704 2844 secundum
2734 2792 3178 2861 patientissimum
3209 2795 3357 2850 illum
3384 2796 3505 2862 Job.

1971 2898 1986 2929 ι
2014 2878 2266 2932 Dominus
2282 2880 2447 2941 dedit,
2476 2890 2529 2933 et
2554 2881 2810 2934 Dominus
2840 2883 3084 2949 abstulit;
3117 2884 3256 2939 sicut
3281 2885 3509 2942 Domino

1962 2966 2134 3019 visum
2164 2975 2264 3029 est,
2292 2967 2361 3019 ita
2388 2967 2581 3021 factum
2608 2976 2690 3023 est
2730 2988 2743 3022 :
2774 2971 2841 3023 sit
2877 2986 3070 3026 nomen
3109 2972 3315 3028 Domini
3346 2976 3507 3030 bene-

1962 3056 2159 3109 dictum
2184 3075 2202 3107 ι
2242 3057 2351 3125 (Job
2406 3059 2453 3110 l.
2485 3059 2571 3127 2|)
2605 3060 2653 3111 iu
2687 3061 2876 3113 saecula
2910 3062 3242 3117 sazculorum.
3278 3065 3469 3119 Amen.

1964 3172 2095 3280 dtu)
2121 3171 2389 3219 addendum
2413 3175 2534 3231 post,
2551 3167 2712 3216 mortis
2731 3162 3000 3223 communis,
3018 3164 3113 3222 vel,
3127 3169 3267 3221 sorte,
3288 3160 3382 3219 vel,
3395 3172 3505 3209 cott-

1999 3241 2155 3280 mone.

1999 3241 2155 3280 8110118.

323 3389 476 3427 Ξ
1473 3478 2371 3589 DIATRIBA

1409 3645 1489 3705 IN
1532 3642 1901 3704 SYNOPSIN
1945 3641 2433 3715 SEQUENTEM.

387 3772 567 3825 Exstat
608 3770 720 3820 huic
763 3767 1012 3836 Synopsis
1048 3766 1098 3818 in
1128 3765 1328 3818 duobus
1365 3763 1641 3818 Codicibus
1668 3778 1850 3816 manu-

298 3861 520 3929 scriptis
542 3900 557 3923 ,
603 3871 823 3927 quorum
868 3856 999 3908 alter
1024 3863 1102 3907 est
1131 3852 1464 3907 Bibliotheca:
1491 3851 1849 3917 Coisliniaum,

300 3950 437 4006 olim
462 3948 807 4015 Seguerianm,
852 3957 995 3998 num.
1031 3942 1163 4004 588,
1194 3942 1324 3995 alter
1351 3939 1681 3993 Bibliotheca:
1710 3938 1848 4006 Lug-

301 4038 438 4094 duni
480 4038 785 4090 Batavorum
806 4073 821 4098 ,
861 4033 984 4087 olim
1026 4031 1185 4085 lsaaci
1214 4030 1401 4084 Vossii.
1430 4031 1576 4084 Prior
1604 4039 1684 4082 est
1732 4044 1849 4080 om-

302 4127 440 4182 nino
466 4138 647 4178 recens
664 4165 679 4188 ,
706 4131 759 4176 et
784 4122 919 4175 circa
951 4118 1301 4191 typographite
1324 4119 1533 4173 exordia
1555 4159 1568 4181 ,
1596 4118 1684 4171 sed
1713 4132 1739 4169 a
1762 4131 1853 4187 pe-

302 4218 419 4271 rito
439 4229 532 4268 nec
562 4214 768 4267 indocto
790 4212 957 4265 scriba
979 4218 1221 4265 exaratus
1246 4209 1309 4262 ad
1336 4208 1489 4262 tidem
1514 4208 1849 4277 antiquioris;

302 4306 532 4360 alterum
573 4305 759 4367 etiam,
797 4302 892 4355 etsi
937 4316 1038 4353 non
1084 4300 1284 4353 licuerit
1322 4299 1484 4353 oculis
1515 4299 1638 4367 ipsis
1677 4298 1855 4365 explo-

303 4408 464 4459 rare,
506 4404 765 4447 recentem
794 4406 997 4461 quoque
1024 4400 1145 4459 puto
1164 4430 1177 4453 ,
1212 4389 1407 4456 fuitque
1432 4388 1496 4442 ab
1525 4388 1846 4457 imperitiore

303 4498 633 4538 amanuense
678 4482 987 4549 descriptus.
1036 4480 1097 4532 lli
1138 4493 1292 4546 porro
1328 4478 1576 4541 Codices,
1608 4493 1672 4531 ne
1701 4478 1853 4530 ambo

303 4572 524 4641 quidem
550 4582 707 4625 totam
732 4571 988 4640 Synopsin
1013 4570 1443 4637 complectuntur,
1472 4568 1639 4635 qualis
1667 4566 1730 4619 ab
1759 4581 1852 4618 au-

303 4672 463 4714 ctore
503 4660 747 4712 adornata
793 4657 992 4721 fuerat;
1035 4657 1125 4709 sed
1155 4657 1206 4709 in
1234 4656 1337 4708 alio
1364 4656 1463 4707 alia
1492 4654 1730 4707 deficiunt
1759 4670 1771 4715 ;
1802 4654 1851 4707 in

304 4758 534 4815 utroque
552 4755 722 4799 autem
750 4754 855 4797 tota
881 4745 1005 4797 Novi
1032 4744 1347 4797 Testamenti
1377 4743 1624 4811 Synopsis
1649 4743 1852 4797 deside-

303 4848 479 4896 ratur.
502 4837 843 4891 Coisliuianus
864 4837 1011 4890 initio
1038 4836 1247 4889 exhibet
1273 4835 1631 4903 prmfationem
1654 4836 1717 4888 ab
1740 4836 1852 4903 ipso

304 4930 572 4997 scriptore
614 4928 1003 4991 concinnatam,
1031 4935 1082 4979 et
1108 4926 1315 4993 optimae
1346 4936 1478 4978 notm
1498 4966 1512 4989 ,
1541 4940 1696 4989 quam
1728 4924 1855 4977 Pro-

308 5016 554 5071 theoriam
574 5013 823 5067 inscribit.
854 5013 976 5066 llaec
1002 5022 1173 5066 autem
1206 5012 1507 5065 Protheoria
1525 5021 1626 5063 tota
1659 5012 1803 5065 abest
1823 5027 1853 5064 a

304 5103 507 5162 Codice
548 5100 912 5169 Lugdunensi:
944 5100 1271 5167 vicissimque
1312 5099 1667 5167 Lugdunensis
1694 5100 1851 5151 multa

308 5192 507 5254 nabet,
546 5206 661 5259 qua:
696 5195 745 5241 in
773 5187 1089 5241 Coisliniano
1117 5201 1329 5253 prorsus
1356 5187 1577 5248 desunt;
1611 5188 1850 5238 nimirum

306 5281 571 5351 Synopsin
599 5280 650 5331 in
674 5277 958 5331 Leviticum
976 5313 991 5338 ,
1023 5274 1371 5342 Epilogum'in
1400 5273 1659 5342 SynOpses
1690 5274 1847 5325 libro-

303 5382 429 5424 rum
452 5368 646 5435 Regum
672 5382 686 5427 ;
716 5365 975 5432 Synopses
1004 5362 1054 5412 in
1088 5360 1503 5426 Paralipomeua,
1532 5361 1580 5411 iu
1610 5359 1843 5420 Esdram,

302 5460 360 5512 in
398 5457 556 5510 libros
583 5454 805 5516 Esther,
835 5451 1043 5514 Tobiae,
1072 5447 1246 5501 Judith
1266 5488 1280 5513 ,
1303 5448 1400 5502 Job
1420 5488 1433 5514 ,
1464 5448 1514 5500 in
1537 5448 1721 5500 librum
1750 5448 1844 5498 Sa-

301 5545 515 5615 pientia:
535 5584 548 5607 ,
576 5545 629 5595 in
657 5539 953 5594 Proverbia.

377 5632 455 5685 Ex
495 5632 639 5684 hisce
678 5626 881 5681 duobus
923 5625 1044 5678 Mss.
1076 5622 1249 5691 prodit
1275 5622 1523 5692 Synopsis
1548 5622 1728 5676 isthrec
1751 5661 1764 5684 ,
1798 5622 1847 5673 in

300 5735 406 5791 qua
439 5717 689 5775 nonnulla
719 5715 873 5771 etiam
904 5728 965 5768 ex
994 5711 1163 5766 Veteri
1189 5710 1519 5766 Testamento
1548 5709 1847 5765 desideran-

1959 3772 2077 3826 tur;
2115 3762 2356 3815 nimirum
2386 3760 2634 3830 SynOpsis
2666 3759 2983 3813 Psalmnrum
3005 3798 3018 3822 ,
3047 3764 3100 3810 et
3122 3755 3346 3824 quinque
3376 3750 3501 3806 Pro-

1958 3853 2231 3919 phelarum
2278 3851 2552 3903 minorum.
2594 3848 2649 3901 in
2688 3857 2909 3916 utr0quc
2934 3860 3088 3914 porro
3114 3842 3304 3897 Codice
3333 3840 3502 3910 Syno-

1957 3941 2062 4006 psis
2103 3939 2287 3993 Joanni
2326 3938 2693 4006 Chrysostomo
2736 3934 2971 3988 tribuitur
3020 3949 3032 3983 :
3076 3931 3126 3983 in
3174 3930 3332 3982 titulis
3360 3928 3497 3980 enim

1955 4026 2250 4081 Coisliniani
2290 4035 2342 4078 et
2380 4023 2740 4092 Lugdunensis
2766 4021 2969 4076 Codit-is
2995 4016 3352 4088 Chrysostomi
3379 4029 3497 4069 esse

1954 4117 2171 4177 dicitur,
2220 4122 2275 4166 ut
2317 4128 2433 4164 mox
2473 4111 2686 4165 videbis.
2728 4110 2837 4163 Jam
2870 4123 2992 4163 vero
3020 4107 3293 4176 quaeritur,
3325 4113 3494 4157 utrum

1956 4220 2077 4258 vere
2122 4201 2476 4271 Chrysostomi
2507 4200 2607 4263 sit,
2636 4213 2817 4252 necne.
2852 4198 3054 4250 lsaacus
3078 4204 3215 4248 certe
3243 4190 3459 4245 Vossius
3481 4229 3497 4253 ,

1954 4293 2100 4360 Cujus
2143 4300 2255 4345 erat
2282 4289 2456 4343 Codex
2481 4288 2566 4341 ille
2596 4286 2926 4340 Bibliothecae
2955 4278 3315 4350 Lugdunensis
3345 4278 3501 4329 Bata~

1955 4384 2102 4447 vicze,
2133 4396 2234 4433 non
2260 4381 2467 4448 putabat
2496 4392 2611 4431 esse
2627 4375 2999 4445 Chrysostomi,
3025 4368 3329 4425 testificante
3348 4366 3497 4421 Guil-

1954 4473 2109 4525 lelmo
2153 4472 2291 4524 Cave
2339 4470 2389 4522 in
2437 4469 2655 4521 llistoria
2700 4481 2789 4517 sua
2833 4462 3057 4516 literaria
3105 4459 3325 4514 Ceneva:
3358 4470 3497 4510 anno

1957 4561 2089 4614 1705
2111 4560 2246 4613 edita
2270 4599 2283 4623 ,
2312 4558 2458 4624 cujus
2489 4558 2597 4608 haec
2622 4561 2739 4605 sunt
2766 4549 2919 4602 verba
2940 4589 2953 4612 ,
2986 4563 3035 4615 p.
3066 4547 3169 4600 215
3198 4565 3209 4598 :
3248 4564 3266 4597 ι
3304 4546 3487 4599 Exstat

1955 4650 2136 4703 Graece
2176 4647 2269 4701 Ms.
2319 4648 2366 4698 in
2400 4643 2715 4697 Bibliotheca
2742 4638 2988 4691 Vossiana
3016 4637 3111 4691 sub
3136 4634 3493 4706 Chrysostomi

1956 4738 2165 4790 nomine
2214 4734 2461 4804 SynOpsis
2491 4730 2689 4784 Veteris
2736 4728 3091 4792 Testamenti;
3128 4706 3221 4783 sed
3250 4741 3350 4779 non
3381 4739 3496 4778 esse

1954 4826 2231 4894 genuinum
2263 4819 2620 4888 Chrysostomi
2650 4820 2826 4871 foetum
2859 4816 2968 4884 ipse
2998 4815 3123 4869 mihi
3146 4814 3267 4867 olim
3292 4811 3497 4868 confes-

1954 4926 2040 4964 sus
2068 4918 2146 4963 est
2173 4909 2239 4961 cl.
2274 4908 2503 4959 Vossius.
2542 4923 2561 4956 ι
2597 4908 2662 4958 At
2687 4905 2872 4973 opinor
2902 4903 3134 4956 Vossium
3158 4902 3267 4955 haec
3288 4900 3493 4968 perfun-

1953 5001 2112 5054 ctorie
2160 4999 2343 5066 legisse
2367 5038 2380 5059 ,
2428 5005 2479 5049 et
2523 5011 2583 5049 ex
2625 4996 2742 5064 styli
2774 4998 2990 5047 fortasse
3013 4993 3212 5046 ratione
3236 4990 3489 5044 calculum

1955 5087 2135 5140 tulisse
2184 5105 2195 5139 :
2236 5100 2387 5153 quam
2432 5085 2549 5154 styli
2582 5083 2797 5137 formam
2825 5098 2925 5135 non
2952 5082 3116 5151 potuit
3143 5081 3191 5134 in
3223 5090 3322 5133 tam
3352 5092 3492 5132 com-

1954 5176 2199 5245 pendiosa
2240 5176 2536 5228 narratione
2564 5172 2971 5241 deprehendere.
3000 5170 3075 5224 Ad
3108 5170 3218 5223 hanc
3245 5182 3367 5223 vero
3387 5166 3491 5222 Co-

1952 5266 2051 5319 dex
2082 5266 2170 5318 ille
2199 5265 2487 5318 Vossianus
2518 5264 2870 5317 Protbcoriam
2895 5261 3037 5317 illam
3061 5261 3111 5313 in
3136 5260 3303 5314 fronte
3323 5259 3491 5327 Syno-

1952 5369 2103 5423 pseos
2145 5356 2364 5421 positam
2406 5369 2506 5405 non
2548 5352 2701 5405 habet
2730 5370 2741 5403 :
2770 5366 2883 5419 qua:
2914 5365 3043 5403 sane
3078 5348 3377 5403 Frotheoria
3415 5355 3494 5399 sat

1961 5444 2157 5511 prolixa
2195 5454 2247 5497 et
2278 5460 2305 5496 a
2337 5444 2504 5511 sagaci
2536 5445 2645 5495 viro
2674 5442 2893 5509 scripta,
2925 5440 3171 5509 quasdam
3201 5437 3494 5508 suppeditat

1958 5540 2107 5584 notas
2133 5547 2245 5599 qua:
2276 5532 2645 5599 Chrysostomo
2673 5528 2929 5597 Synopsin
2953 5528 3212 5581 vindicare
3234 5525 3489 5577 videntur.

1960 5620 2013 5672 ln
2042 5622 2151 5689 ipsa
2182 5622 2333 5673 etiam
2360 5620 2579 5689 SynOpsi
2608 5634 2707 5672 non
2740 5632 2899 5686 pauca
2927 5622 3231 5678 occurrunt,
3259 5626 3372 5681 qua:
3398 5625 3497 5679 pro

1956 5708 2325 5779 Chrysostomo
2372 5715 2616 5776 pugnant.
2666 5706 2776 5761 Non
2804 5720 2861 5759 ea
2887 5717 3041 5775 porro
3069 5707 3240 5755 mente
3270 5700 3378 5753 haec
3408 5713 3495 5753 ar-
