4096 6514
646 437 756 496 307

639 541 880 600 gumento
907 533 1217 600 proferimus
1236 575 1249 598 ,
1279 543 1334 589 ut
1360 535 1472 589 sine
1494 535 1603 589 ulla
1633 546 1844 602 prorsus
1864 533 2181 586 dubitatione

639 623 894 691 Synopsin
918 638 1035 678 esse
1050 625 1403 695 Cltrysostomi
1427 635 1746 681 statuamus:
1779 640 1878 678 non
1898 626 2034 678 enim
2067 639 2183 691 per-

641 709 759 763 inde
788 712 955 764 atiecti
979 726 1188 776 sumus,
1218 723 1372 782 atque
1413 715 1647 769 nonnulli
1685 715 1985 781 scriptores,
2014 715 2098 781 qui
2121 728 2180 766 ea

636 817 754 868 qua:
786 817 848 855 ex
879 805 1106 858 tenebris
1126 817 1344 869 eruunt,
1373 807 1434 859 iis
1461 821 1593 875 quos
1633 815 1854 858 tractant
1883 805 2180 858 auctoribus

639 892 706 942 ita
733 905 966 944 asserere
989 902 1270 956 conantur,
1299 902 1356 946 ut
1381 896 1572 948 nullam
1602 896 1855 946 rationem
1887 894 2076 947 habere
2102 893 2174 944 vi-

638 979 859 1031 deantur
899 992 1083 1031 eorum
1127 994 1243 1046 quae
1281 991 1507 1047 possunt
1538 991 1718 1035 contra
1756 981 1932 1048 objici.
1965 981 2178 1033 Etiamsi

634 1069 774 1120 enim
796 1066 904 1120 hrec
925 1081 1039 1135 qua:
1061 1069 1368 1136 proferimus
1388 1070 1556 1138 magni
1578 1083 1692 1122 esse
1714 1071 1958 1122 momenti
1985 1071 2182 1136 perspi-

635 1171 790 1211 cuum
833 1157 983 1210 nobis
1024 1159 1091 1210 sit
1136 1175 1148 1209 :
1192 1169 1468 1225 antequam
1508 1158 1744 1210 ultimum
1774 1172 1833 1210 ea
1864 1157 1930 1210 de
1960 1173 2014 1209 re
2039 1157 2178 1226 judi-

635 1251 772 1302 cium
794 1259 1076 1304 statuamus
1095 1293 1108 1314 ,
1132 1262 1434 1321 argumenta
1461 1259 1636 1305 nostra
1664 1253 1866 1305 erudito
1893 1253 2069 1306 lectori
2098 1253 2178 1304 of-

635 1337 771 1392 ferre
810 1339 977 1393 visum
1005 1349 1108 1405 est,
1159 1350 1212 1394 ut
1255 1351 1355 1393 tam
1397 1341 1534 1394 illius
1559 1382 1572 1403 ,
1601 1357 1754 1408 quam
1784 1351 1964 1395 nostro
1984 1341 2180 1410 judicio

633 1429 753 1498 quid
780 1430 1096 1483 censendum
1126 1431 1190 1483 sit
1220 1433 1375 1484 tutius
1403 1430 1741 1484 affirmemus.

703 1518 932 1572 Primum
983 1520 1137 1588 igitur
1181 1529 1542 1587 argumentum
1591 1529 1886 1573 mutuamur
1931 1534 1995 1573 ex
2034 1518 2180 1574 hisce

634 1610 913 1676 postremis
939 1609 1256 1664 Protlieorize
1281 1611 1450 1664 verbis
1469 1651 1482 1674 ,
1515 1611 1596 1662 ubi
1623 1612 1845 1678 scriptor
1869 1626 2179 1665 enumerans

630 1698 758 1752 Novi
788 1700 1102 1754 Testameuti
1133 1701 1319 1765 libros,
1353 1711 1641 1768 postremas
1666 1702 1811 1769 ponit
1839 1711 1945 1755 tres
1973 1701 2178 1768 Episto-

632 1790 707 1842 las
736 1790 1038 1850 catholicas,
1070 1803 1112 1843 et
1139 1802 1232 1845 (res
1249 1809 1308 1845 ea:
1329 1793 1578 1845 catholicis
1607 1791 1862 1859 Epistolis.
1891 1791 2175 1845 Catholica:

631 1889 802 1932 autem
850 1889 968 1933 sunt
1015 1880 1257 1949 Epistola:
1300 1891 1532 1949 septem,
1578 1897 1792 1948 quarum
1833 1890 1938 1934 tres
1978 1889 2174 1933 tantum

631 1978 865 2036 tempore
904 1969 1260 2038 Cbrysostomi
1307 1971 1356 2023 in
1387 1972 1616 2024 Ecclesia
1649 1971 1998 2034 Antiocheoa,
2029 1970 2176 2038 cujus

629 2061 716 2110 ille
743 2059 1012 2126 presbyter
1037 2069 1182 2122 erat,
1213 2061 1613 2126 reeipiebautur.
1644 2058 1772 2112 Nam
1804 2061 1918 2114 licet
1944 2060 2173 2127 Epistola

631 2148 854 2200 secunda
885 2148 1056 2210 Petri,
1090 2148 1313 2200 secunda
1342 2159 1391 2201 et
1419 2149 1565 2199 tertia
1597 2150 1810 2202 Joannis
1830 2190 1843 2212 ,
1873 2159 2026 2216 atque
2048 2150 2173 2216 Epi-

629 2237 758 2288 stola
801 2237 862 2288 B.
902 2235 1047 2289 Juda:
1093 2237 1311 2303 apoSIoli
1343 2237 1477 2290 inter
1500 2248 1856 2290 sacrosanctas
1881 2247 1932 2290 et
1960 2239 2173 2289 canoni-

628 2325 1034 2395 easScripturas
1059 2342 1084 2378 a
1106 2327 1278 2379 multis
1300 2327 1404 2393 jam
1433 2327 1638 2380 szeculis
1665 2341 1756 2394 per
1783 2336 1942 2379 totam
1962 2329 2173 2379 omnino

630 2415 914 2469 Ecclesiam
942 2419 1287 2484 recipiantur.
1319 2418 1574 2485 prioribus
1597 2427 1766 2472 tamen
1799 2419 2047 2472 Ecclesia:
2072 2435 2173 2471 sm-

629 2507 757 2559 culis
798 2508 907 2559 ista?
931 2517 1151 2576 quatuor
1185 2508 1428 2575 Epistolas
1457 2523 1558 2561 non
1588 2510 1637 2561 in
1665 2509 1906 2563 omnibus
1933 2511 2174 2563 Ecclesiis

630 2607 685 2648 ut
726 2596 988 2648 canonicae
1030 2596 1438 2650 admittebantur
1483 2615 1494 2650 :
1537 2599 1773 2665 quaedam
1823 2599 1962 2652 enim
1992 2608 2170 2660 erant,

628 2685 725 2738 etsi
770 2700 978 2752 paucze,
1028 2701 1142 2752 quzc
1186 2687 1296 2738 illas
1342 2702 1442 2738 non
1487 2686 1863 2752 admittebant,
1903 2697 1959 2741 ut
1999 2688 2174 2741 videas

628 2778 762 2844 apud
806 2778 1005 2830 Sixtum
1049 2778 1335 2832 Seoeosem
1362 2780 1494 2833 libro
1525 2781 1688 2847 primo
1712 2785 1766 2836 in
1796 2781 1899 2834 line
1926 2780 2173 2834 sectiouis

628 2868 887 2921 secunda).
915 2868 1013 2919 Sed
1041 2884 1069 2919 a
1095 2871 1314 2921 maxima
1345 2870 1621 2924 Orientalis
1651 2872 1892 2922 Ecclesiae
1917 2880 2090 2937 parte,
2123 2880 2174 2921 et

629 2972 655 3008 a
702 2967 806 3010 toto
847 2972 976 3025 pene
1017 2957 1294 3011 Occidente
1334 2959 1467 3011 inter
1503 2960 1962 3012 canonicoslibros
1987 2974 2170 3011 cense-

631 3047 846 3110 bantur;
889 3048 1020 3099 inter
1049 3048 1208 3100 libros
1237 3048 1477 3101 videlicet
1508 3048 1739 3112 divinos,
1770 3048 2017 3101 canonice
2044 3049 2172 3101 scri-

628 3145 742 3200 ptos
766 3175 779 3195 ,
820 3138 1044 3193 traditos
1082 3144 1134 3188 et
1160 3135 1385 3189 creditos
1406 3175 1420 3199 ,
1451 3137 1613 3204 inquit
1639 3152 1852 3204 magnus
1880 3137 1964 3189 ille
1992 3137 2172 3189 Eccle-

627 3225 718 3276 sia:
763 3240 930 3290 przreo
971 3225 1320 3288 Athanasius,
1363 3226 1446 3293 qui
1488 3226 1769 3279 catholicas
1809 3227 2064 3294 Epistolas
2091 3241 2172 3277 sc-

627 3323 766 3381 ptem
817 3315 865 3367 in
913 3315 1114 3367 illorum
1165 3331 1382 3370 numero
1435 3317 1586 3368 locat.
1618 3318 1684 3368 At
1730 3317 1959 3369 Ecclesia
1990 3317 2171 3368 Atiliu-

627 3404 788 3457 cltena
814 3415 1032 3470 quatuor
1065 3406 1175 3458 illas
1205 3421 1356 3472 supra
1387 3415 1700 3458 memoratas
1731 3406 1989 3473 Epistolas
2015 3405 2171 3457 Joan-

628 3495 708 3547 nis
754 3494 1108 3562 (lhrysostomi
1159 3503 1392 3562 tempore
1434 3512 1534 3547 non
1572 3495 1901 3559 admittebat,
1931 3496 2035 3547 imo
2063 3493 2169 3562 pri-

627 3583 745 3634 stini
788 3591 936 3636 tenax
984 3585 1266 3650 propositi,
1311 3599 1375 3636 ne
1407 3591 1638 3650 tempore
1662 3584 1866 3652 quidem
1896 3584 2168 3636 Justiniani

628 3672 956 3740 Imperatoris
1003 3675 1115 3726 illas
1158 3674 1327 3727 adhuc.
1372 3676 1704 3742 adoptaverat
1731 3692 1745 3738 ;
1774 3674 1821 3727 id
1847 3675 1983 3744 quod
2013 3674 2170 3744 Syro.

629 3777 740 3814 rum
768 3763 1029 3829 preprium
1057 3773 1169 3814 erat
1189 3802 1201 3820 .
1231 3772 1285 3813 ut
1306 3763 1458 3815 modo
1479 3763 1785 3815 videbimus.

694 3850 842 3918 Quod
877 3860 1050 3903 autem
1093 3851 1321 3904 Ecclesia
1349 3851 1668 3903 Antiocliena
1691 3849 1969 3902 secundam
1992 3857 2044 3902 et
2069 3858 2168 3901 trr-

629 3941 752 3994 tiam
795 3939 1007 3993 Joannis
1049 3956 1152 3992 non
1193 3941 1478 4007 reciperet,
1509 3940 1559 3993 id
1587 3940 1780 4007 liquido
1805 3939 2170 4007 comprobatur

629 4047 692 4085 ex
720 4030 941 4083 llomilia
971 4045 1086 4082 mox
1115 4030 1333 4095 edenda,
1365 4045 1517 4098 quam
1544 4031 1685 4098 prior
1711 4029 1985 4096 publicavit
2008 4028 2168 4081 Joan-

630 4121 710 4173 nis
739 4120 1090 4188 Chrysostomi
1123 4120 1329 4173 nomine
1355 4119 1642 4173 Cotelerius
1663 4159 1676 4182 ,
1705 4133 1960 4186 quamque
1986 4118 2172 4185 proba-

629 4223 745 4263 mus
771 4209 821 4260 in
843 4207 1034 4260 Monito
1057 4206 1186 4260 infra
1218 4223 1317 4261 non
1340 4208 1694 4277 Clirysostomi
1721 4223 1857 4272 esse,
1884 4207 1973 4261 sed
1998 4208 2169 4274 cujus-

628 4299 746 4352 dam
795 4296 1082 4365 presbyteri
1110 4297 1414 4349 Antioclieni
1453 4296 1588 4348 illius
1610 4295 1703 4346 aevi
1725 4310 1901 4346 coram
1924 4295 2170 4349 Flaviano

629 4389 874 4456 episcopo
901 4386 1276 4440 concionantis.
1307 4383 1360 4436 ln
1389 4384 1484 4436 hac
1506 4383 1658 4451 igitur
1679 4382 1919 4446 Homilia,
1943 4397 2086 4434 num.
2116 4384 2167 4444 (3,

629 4478 694 4530 de
719 4477 932 4530 Joannis
959 4476 1288 4543 evangelista:
1317 4473 1546 4540 Epistola
1569 4470 1795 4524 secunda
1818 4479 1869 4522 et
1894 4469 2039 4522 tertia

631 4567 877 4618 dicuntur
908 4583 918 4616 :
957 4583 974 4615 (
1017 4565 1152 4617 Idem
1184 4564 1268 4615 ille
1295 4575 1485 4630 praeco,
1517 4560 1604 4628 qui
1630 4558 1740 4610 hinc
1763 4557 2060 4626 praedicavit
2081 4598 2093 4619 ,
2120 4558 2168 4608 iu

633 4655 860 4722 Epistola
909 4669 998 4704 sua
1045 4653 1220 4706 scribit
1253 4669 1264 4702 :
1295 4651 1456 4718 prima
1497 4657 1669 4702 autem
1694 4647 1922 4714 Epistola
1955 4647 2086 4698 inter
2110 4662 2168 4698 ea

630 4761 745 4812 qua:
787 4746 835 4794 in
892 4743 1120 4795 Ecclesia
1175 4741 1528 4807 recipiuntur,
1589 4752 1690 4790 non
1722 4738 1854 4790 inter
1878 4736 2169 4804 apocrypha

632 4839 943 4886 recensctur
979 4849 991 4881 :
1039 4845 1155 4882 nam
1197 4829 1477 4881 secundam
1521 4837 1572 4880 et
1598 4827 1799 4879 tertiam
1827 4833 1997 4892 patres
2026 4834 2170 4876 extra

632 4935 882 4975 canonem
907 4925 1130 4985 ponunt;
1152 4919 1364 4981 primam
1383 4930 1504 4967 vero
1525 4915 1805 4982 Epistolam
1822 4913 2034 4965 Joannis
2059 4926 2172 4964 esse

633 5026 814 5066 omnes
844 5009 1190 5063 consentiunt.
1280 5005 1407 5057 llinc
1437 5005 1580 5057 vides
1599 5003 1877 5056 secundam
1901 5011 1951 5053 et
1973 5002 2170 5054 tertiam

632 5103 845 5156 Joannis
874 5097 1151 5166 Epistolam
1182 5103 1314 5146 Inter
1336 5093 1609 5144 canonicas
1632 5090 1917 5141 Auliocliim
1947 5104 2046 5141 non
2081 5090 2176 5140 lia-

635 5193 764 5246 bitas
833 5191 1006 5241 fuisse.
1035 5183 1322 5240 Secundam
1355 5183 1474 5233 item
1504 5181 1637 5232 letri
1663 5220 1675 5242 ,
1702 5189 1752 5231 et
1784 5179 2064 5244 Epistolam
2088 5179 2176 5232 Juo

634 5281 715 5333 da:
745 5274 1204 5348 apostoli,perinde
1229 5282 1382 5340 atque
1411 5269 1688 5323 secundam
1719 5277 1769 5321 et
1799 5269 1998 5320 tertiam
2023 5269 2178 5322 Joan-

635 5370 716 5424 nis
738 5409 750 5430 ,
777 5385 802 5418 a
827 5369 969 5436 Syris
994 5407 1008 5432 ,
1032 5376 1185 5434 atque
1205 5362 1333 5416 adeo
1354 5362 1417 5413 ab
1443 5359 1778 5412 Antiochenis
1805 5373 1904 5410 non
1928 5358 2176 5411 admi>Sas

637 5458 797 5510 fuisse
836 5458 1029 5508 diserte
1069 5454 1218 5507 docet
1247 5451 1461 5505 Cosmas
1493 5447 1762 5516 AZgyptins
1786 5489 1799 5511 ,
1829 5447 1914 5512 qui
1945 5457 2176 5515 tempore

639 5544 911 5600 Justiniaoi
932 5542 1262 5610 Imperatoris
1279 5538 1552 5593 scribebat.
1580 5538 1722 5589 Hunc
1745 5536 2046 5602 scriptorem
2070 5537 2177 5587 edi-

639 5635 808 5689 dimus
845 5647 980 5685 anno
1013 5630 1162 5682 l'iOG.
1197 5629 1282 5682 Sic
1305 5637 1476 5680 autem
1509 5626 1662 5678 liabet
1689 5640 1737 5692 p.
1767 5624 1896 5685 992,
1933 5623 2086 5674 multa
2115 5624 2178 5674 dc

639 5725 905 5780 catholicis
948 5720 1188 5789 Epistolis
1235 5729 1285 5771 et
1325 5718 1388 5770 de
1419 5732 1593 5770 carum
1624 5715 1923 5768 aurtoritate
1952 5723 2067 5764 ante
2097 5715 2171 5764 -

1852 418 2162 476 DIATRIBA
2303 419 2644 475 SYNOPSIN.

3742 466 3857 518 308

2289 542 2480 598 quutus
2513 551 2524 586 :
2564 553 2580 584 t
2621 537 2767 605 Apud
2800 538 2957 608 Syros
2986 550 3157 597 autem
3187 561 3287 601 non
3320 548 3416 601 nisi
3448 559 3549 605 tres
3577 558 3851 620 perducite

2289 626 2652 689 reperiuntur;
2683 627 2922 683 videlicet
2957 630 3169 696 Jacobi,
3199 636 3336 690 Petri
3364 649 3417 692 et
3441 642 3654 695 Joannis
3684 663 3696 698 :
3724 649 3851 701 alis

2288 715 2478 782 quippe
2525 731 2681 783 penes
2727 719 2841 773 illos
2889 736 2953 775 ne
2995 725 3201 791 quidem
3242 729 3513 783 habentur.
3543 734 3845 790 Perfectum

2291 802 2461 870 itaque
2499 806 2848 863 Christianum
2892 811 3060 867 dubiis
3099 815 3244 868 inniti
3287 833 3390 871 non
3441 833 3681 888 Oportet,
3715 841 3844 880 cum

2287 907 2362 945 ea:
2389 894 2670 962 Scriptum
2693 939 2708 962 ,
2741 914 2855 965 qua:
2884 901 2933 952 in
2959 916 3160 956 canone
3186 908 3425 973 reposita:
3444 948 3460 972 ,
3488 918 3540 961 et
3559 913 3693 977 apud
3715 930 3843 964 om-

2289 997 2379 1034 nes
2409 984 2715 1039 ioconfesso
2731 998 2870 1052 sum,
2896 995 3066 1044 omnia
3083 995 3206 1046 satis
3227 995 3542 1051 declarent.
3573 1001 3701 1054 llinc
3725 1019 3843 1055 ma-

2287 1071 2472 1125 nifeste
2506 1073 2647 1128 vides
2677 1078 2831 1129 etiam
2860 1089 3092 1147 tempore
3113 1082 3386 1137 Justiuiani
3413 1085 3742 1152 Imperatoris
3768 1108 3839 1144 ex

2285 1160 2551 1216 catholicis
2571 1165 2671 1217 illis
2695 1167 2936 1234 Epistolis
2965 1172 3166 1224 nonnisi
3194 1182 3296 1226 tres
3317 1174 3447 1240 apud
3474 1176 3650 1243 Syros,
3675 1191 3838 1247 atque

2284 1251 2413 1302 adeo
2442 1253 2490 1306 in
2525 1255 2750 1308 Ecclesia
2779 1259 3098 1312 Antiocliena
3121 1300 3134 1322 ,
3158 1273 3392 1328 receptas
3418 1262 3596 1316 fuisse.

2353 1341 2482 1394 llioc
2521 1344 2674 1412 igitur
2699 1347 2864 1414 palam
2891 1358 2970 1400 est
3000 1349 3133 1401 hunc
3160 1350 3476 1417 Scriptorcm
3504 1393 3515 1415 ,
3548 1369 3698 1421 quem
3721 1355 3834 1420 jam

2284 1432 2334 1482 in
2365 1431 2624 1498 publicum
2656 1435 2939 1489 emittimus
2961 1475 2975 1500 ,
3002 1438 3190 1504 quique
3220 1448 3321 1491 tres
3353 1449 3547 1492 tantum
3572 1443 3836 1509 Epistolas

2282 1521 2566 1575 catholicas
2629 1525 2738 1577 sive
2797 1527 3074 1579 canonicas
3129 1529 3392 1591 admittit,
3447 1533 3834 1586 Antiochenam

2282 1624 2432 1673 esse;
2461 1611 2672 1681 jamque
2702 1613 2818 1667 hinc
2843 1615 3065 1684 aliquam
3099 1618 3244 1670 titulo
3268 1620 3529 1672 Conciliari
3559 1621 3745 1686 dem,
3779 1626 3832 1676 in

2281 1715 2383 1768 quo
2426 1701 2616 1754 dicitur
2656 1717 2774 1756 esse
2810 1703 3026 1758 Joannis
3052 1703 3429 1776 Chrysostomi.
3462 1710 3525 1762 Et
3552 1726 3673 1764 vere
3704 1727 3834 1764 san-

2280 1801 2391 1844 ctus
2419 1791 2500 1846 hic
2529 1793 2732 1858 doctor,
2763 1796 2848 1862 qui
2875 1797 3154 1864 Scriptum
3181 1814 3344 1852 sacrae
3374 1801 3531 1852 libros
3557 1817 3739 1854 omnes
3775 1805 3830 1855 in

2281 1881 2516 1934 llomiliis
2566 1884 2674 1936 suis
2719 1885 2929 1938 adhibet
2955 1927 2966 1947 ,
2999 1897 3217 1953 quatuor
3245 1889 3443 1941 illarum
3474 1891 3830 1959 Epistolarum

2280 1969 2388 2022 loca
2431 1985 2679 2036 nusquam
2726 1970 2913 2034 aii'ert;
2966 1983 3055 2026 aut
3099 1975 3280 2027 Saltem
3312 1977 3600 2043 liujusmodi
3633 1980 3740 2031 loca
3774 1984 3830 2032 in

2279 2059 2390 2124 ejus
2434 2062 2637 2127 scriptis
2685 2061 2912 2113 nondum
2957 2063 3312 2129 deprehendi:
3346 2069 3543 2117 etiamsi
3578 2083 3700 2119 vero
3731 2071 3827 2121 de-

2281 2148 2726 2216 prehenderentur
2757 2192 2768 2211 ,
2826 2167 2926 2203 non
2973 2162 3142 2204 tamen
3196 2155 3312 2206 inde
3358 2168 3658 2222 sequeretur
3704 2173 3826 2210 eam

2277 2238 2556 2305 Scriptura!
2600 2249 2796 2305 partem
2829 2242 3129 2293 canonicam
3155 2241 3328 2294 haberi
3365 2260 3376 2293 :
3411 2260 3524 2294 nam
3556 2245 3654 2296 illis
3688 2255 3827 2299 tern-

2279 2329 2486 2394 porilms
2515 2344 2613 2378 noa
2643 2344 2801 2395 paur-a
2831 2342 2977 2382 erant
3008 2334 3054 2384 iu
3086 2335 3390 2399 quibusdam
3417 2335 3679 2400 Eetlesiis,
3702 2353 3827 2402 qua:

2278 2418 2575 2484 legebantur
2621 2418 2859 2484 quidem,
2905 2420 2994 2472 sed
3040 2424 3283 2474 canonica
3325 2438 3439 2475 esse
3479 2439 3577 2475 non
3616 2437 3828 2490 reputa

2279 2508 2483 2559 bantnr.
2565 2507 2873 2560 Monendmu
2923 2520 3092 2561 autem
3139 2511 3380 2563 existimo
3407 2552 3419 2572 ,
3448 2512 3613 2565 locum
3641 2515 3827 2568 haberi

2278 2596 2496 2648 llomilia
2536 2607 2676 2650 sexta
2718 2599 2930 2652 Joannis
2975 2600 3331 2670 Clirysostomi
3377 2603 3424 2654 iu
3456 2604 3693 2657 Genesiin
3719 2645 3736 2670 ,
3767 2622 3826 2673 p.

2275 2686 2342 2738 40
2373 2686 2626 2738 Editionis
2666 2700 2885 2751 nosme,
2926 2689 3006 2740 ubi
3039 2690 3113 2742 sic
3139 2691 3324 2759 legitur
3353 2709 3368 2746 :
3401 2690 3450 2743 Ii
3478 2709 3587 2744 vero
3615 2695 3697 2757 qui
3723 2696 3826 2745 nli-

2275 2775 2472 2838 quamlo
2502 2791 2553 2826 se
2581 2775 2629 2825 in
2656 2776 2841 2826 diaboli
2872 2779 2992 2828 retia
3022 2779 3245 2845 injicitutt
3267 2820 3280 2843 ,
3310 2782 3510 2833 canibus
3531 2799 3826 2848 comparan-

2275 2871 2354 2911 lur
2381 2879 2411 2911 a
2443 2862 2702 2929 Scriptura
2730 2867 2893 2916 divina
2927 2882 2943 2918 :
2975 2867 3137 2918 lloiuo
3167 2869 3303 2920 enim
3331 2909 3343 2930 ,
3371 2871 3552 2938 inquit,
3583 2873 3665 2937 qui
3695 2886 3826 2923 con-

2277 2953 2494 3003 vertitur
2535 2967 2562 3003 a
2609 2965 2817 3018 [icccato
2860 2969 2951 3004 suo
2977 2995 2989 3017 ,
3019 2965 3069 3007 cl
3100 2957 3282 3007 iterum
3313 2959 3362 3008 in
3394 2959 3611 3022 idipsutu
3641 2959 3779 3011 redit
3806 3001 3821 3019 ,

2275 3041 2459 3093 similis
2485 3051 2564 3093 est
2592 3041 2705 3094 cani
2738 3042 2798 3093 ad
2825 3044 3070 3095 vomitum
3104 3046 3359 3097 redeunti.
3395 3046 3465 3098 lbi
3491 3063 3613 3098 vero
3643 3064 3737 3100 nos
3770 3050 3824 3100 in

2275 3131 2504 3199 margine
2548 3131 2713 3182 locum
2739 3132 3072 3185 indicavimus
3101 3134 3134 3184 9.
3163 3135 3298 3185 Petri
3326 3133 3378 3199 2,
3410 3135 3476 3186 9.2
3505 3153 3519 3189 :
3549 3145 3600 3186 at
3624 3137 3718 3187 etsi
3753 3137 3823 3189 ilsi

2273 3219 2337 3271 tle
2365 3236 2491 3271 caue
2513 3219 2575 3270 ad
2606 3221 2852 3272 vomitum
2885 3236 3100 3274 reverso
3126 3233 3322 3289 agatur,
3351 3236 3548 3276 certum
3579 3234 3657 3276 est
3685 3225 3827 3279 hunc

2277 3309 2444 3361 locum
2474 3310 2534 3361 ad
2568 3311 2847 3363 secundam
2882 3311 3018 3365 Petri
3050 3313 3334 3380 Epistolam
3367 3328 3465 3366 non
3495 3313 3824 3367 referendum

2275 3414 2422 3462 esse,
2463 3399 2552 3451 scd
2581 3401 2644 3450 ad
2674 3401 3068 3452 Proverbiorum
3098 3401 3284 3453 librum
3311 3442 3326 3463 ,
3357 3417 3472 3468 cap.
3499 3403 3595 3464 illi,
3630 3419 3678 3454 v.
3806 3444 3823 3468 ,

2274 3500 2427 3555 atque
2453 3488 2584 3540 adeo
2609 3489 2943 3554 marginalem
2971 3499 3142 3540 notam
3166 3491 3240 3541 sic
3272 3491 3639 3542 restituendam
3661 3507 3779 3544 esse
3807 3534 3822 3556 ,

2281 3578 2432 3630 Prov.
2459 3577 2546 3630 26.
2581 3579 2635 3630 il
2675 3577 2770 3648 ().
2800 3577 2892 3630 llic
2915 3578 3292 3631 animadvertas
3318 3582 3490 3641 velim,
3513 3580 3825 3648 Clu-ysiisto-

2275 3683 2413 3720 mum
2457 3668 2852 3720 concionautem
2897 3669 2977 3720 hic
3003 3678 3054 3721 ct
3080 3670 3372 3722 sexcenties
3394 3670 3511 3722 alibi
3540 3670 3837 3738 Scriptura:

2274 3758 2382 3811 loCa
2409 3797 2422 3820 ,
2477 3766 2627 3824 prout
2668 3758 2931 3808 meruerim
2975 3771 3090 3809 sese
3126 3758 3413 3810 oib-rebaot
3436 3798 3448 3818 ,
3480 3759 3826 3826 alligavisse,

2275 3847 2527 3914 longeque
2557 3847 2760 3899 diverso
2786 3864 2810 3896 a
2842 3846 3119 3912 Scriptura:
3140 3855 3284 3898 textu
3305 3846 3476 3898 modo.
3509 3847 3674 3899 Locus
3698 3863 3826 3914 ergo

2273 3937 2586 4003 Scriptum,
2620 3952 2774 4003 quem
2808 3937 2889 3989 hic
2919 3938 3129 4004 respicit
3153 3936 3573 4006 Chrysostomus,
3600 3948 3679 3989 est
3708 3952 3828 3989 ver~

2273 4025 2468 4079 Siculus
2510 4025 2594 4077 ille
2635 4025 3029 4077 Proverbiorum
3052 4066 3065 4090 ,
3095 4040 3246 4092 quem
3277 4027 3361 4078 ille
3386 4040 3478 4092 pro
3507 4040 3650 4076 more
3675 4034 3727 4077 et
3756 4025 3822 4076 ad

2272 4132 2419 4168 suum
2451 4130 2664 4183 scopum
2702 4115 3027 4168 concinnavit
3049 4155 3063 4178 ,
3094 4125 3148 4167 ut
3173 4115 3235 4166 ad
3261 4124 3463 4179 captum
3493 4113 3653 4180 [.lebis
3679 4124 3826 4166 esset

2272 4205 2712 4259 accommodatior
2755 4221 2768 4260 :
2819 4205 2894 4257 sic
2933 4214 3104 4256 autem
3135 4204 3287 4254 habet
3317 4203 3364 4253 iu
3392 4217 3486 4252 (
3521 4203 3826 4267 interpreti-

2275 4297 2369 4347 bus
2399 4312 2412 4347 :
2448 4295 2588 4347 Sicut
2617 4295 2753 4344 conis
2779 4309 2890 4343 cum
2913 4307 3130 4342 reversus
3152 4301 3220 4341 est
3241 4291 3306 4339 ad
3326 4290 3556 4340 vomitum
3585 4307 3751 4351 suum,
3777 4303 3826 4343 et

2273 4389 2470 4439 odiosus
2504 4396 2572 4439 cst
2607 4385 2834 4448 e/fectus,
2870 4384 2939 4435 sic
2970 4384 3148 4433 stultus
3185 4383 3372 4432 malitia
3399 4398 3488 4432 sua
3513 4397 3732 4434 reuersus
3756 4385 3828 4433 ad

2274 4485 2521 4542 peccatum
2570 4491 2731 4525 suum.
2777 4472 2906 4525 Cum
2953 4470 3049 4523 hoc
3083 4471 3195 4524 loco
3220 4486 3434 4538 prorsus
3460 4482 3712 4524 consonat
3739 4472 3824 4526 ille

2273 4578 2461 4630 supra;
2507 4563 2570 4614 ad
2612 4562 2854 4629 Epistola:
2896 4576 3016 4614 vero
3060 4561 3302 4613 secundae
3350 4560 3485 4612 Petri
3518 4560 3684 4612 locum
3719 4575 3822 4612 non

2276 4655 2489 4721 perinde.
2528 4656 2780 4720 quadrat;
2821 4653 2896 4705 sic
2937 4667 3090 4720 porro
3116 4651 3199 4703 ille
3230 4650 3382 4703 habet
3410 4667 3422 4701 :
3448 4649 3666 4716 Contigit
3685 4653 3824 4703 enim

2274 4746 2342 4797 eis
2380 4745 2506 4796 illud
2547 4745 2642 4796 rcri
2683 4743 2919 4810 proverbii
2957 4758 2973 4793 :
3007 4743 3142 4793 canis
3167 4755 3384 4791 reversus
3411 4748 3473 4789 ad
3499 4756 3641 4790 suum
3669 4741 3829 4790 vomi-

2277 4844 2416 4897 ttnn;
2446 4843 2522 4895 et,
2552 4849 2632 4883 sus
2659 4833 2758 4883 lota
2789 4833 2838 4881 in
2869 4829 3123 4881 volulabro
3150 4828 3259 4879 luti.
3289 4827 3500 4878 Certum
3533 4829 3701 4894 itaque
3732 4842 3828 4879 ex-

2277 4925 2634 4992 ploratumque
2676 4929 2757 4972 est
2800 4921 2967 4972 locum
3013 4917 3367 4986 Clirysostomi
3410 4933 3514 4968 non
3557 4917 3693 4968 buac
3735 4931 3826 4968 se-

2275 5015 2458 5071 cauda:
2488 5015 2623 5066 Petri
2653 5011 2961 5064 versiculum
2986 5011 3242 5076 respicere
3261 5048 3276 5070 ,
3309 5008 3398 5060 sed
3431 5009 3572 5059 illum
3602 5008 3826 5059 Prover-

2277 5109 2499 5160 biorum.
2529 5103 2850 5168 Quamquam
2873 5140 2886 5161 ,
2911 5109 2965 5150 ut
2993 5099 3130 5160 dixi,
3163 5098 3259 5149 etsi
3287 5095 3511 5149 secunda
3542 5097 3677 5146 lc:ri
3702 5094 3826 5158 Epi.

2279 5197 2408 5247 stola
2450 5191 2726 5258 aliquando
2773 5203 2894 5240 usus
2943 5197 3079 5239 esset
3107 5186 3539 5254 Clirysostonius,
3570 5196 3670 5231 non
3705 5181 3830 5235 inde

2281 5294 2448 5337 tamen
2483 5289 2787 5347 sequeretur
2813 5277 2949 5328 illam
2982 5277 3060 5328 vel
3088 5276 3152 5330 ab
3178 5290 3232 5327 se
3255 5276 3333 5326 vel
3363 5273 3427 5324 ab
3457 5271 3683 5324 Ecclesia
3715 5272 3831 5322 An-

2340 5461 2410 5520 ()
2447 5465 2491 5504 In
2517 5457 2602 5520 bac
2619 5462 2775 5520 nostra
2800 5453 3027 5520 Editionc,
3046 5459 3177 5520 _Tom.
3300 5446 3612 5520 .-55
3637 5445 3833 5520 milia?!

2279 5509 2478 5567 occurrit
2520 5518 2648 5562 locus
2670 5515 2731 5560 de
2766 5527 2859 5576 quo
2884 5513 2959 5560 hic
2981 5515 3161 5576 agitur,
3188 5509 3354 5576 verba,
3391 5515 3617 5576 gmina...
3663 5509 3846 5576 similis

2280 5564 2490 5632 cst-cani,
2519 5585 2630 5629 etc.,
2657 5587 2750 5619 non
2783 5564 2852 5619 'ad
2898 5564 3158 5632 secundam
3176 5569 3296 5614 Petri
3329 5564 3619 5632 Epistolarum
3644 5569 3736 5632 sed
3783 5573 3844 5616 ad

2283 5625 2498 5684 bim-mli:
2523 5625 2628 5692 cap.
2651 5633 2724 5688 26,
2753 5647 2797 5682 v.
2826 5636 2894 5689 ll,
2921 5641 2997 5678 PP.
3023 5630 3327 5678 Maurinorum
3353 5637 3567 5672 erronem
3589 5625 3830 5677 declinari

2284 5707 2374 5756 tes,
2397 5696 2733 5744 revoeavinius.
2932 5699 2985 5739 .
