4096 6504
388 410 498 464 309

385 511 626 564 tinchena
648 551 662 572 ,
701 521 756 564 ut
785 512 1088 564 canonicam
1119 508 1395 561 admissam
1429 507 1605 560 fuisse.
1633 508 1760 560 lline
1782 522 1935 574 porro

387 599 635 667 liquidum
681 611 763 653 est
805 609 1067 653 auctorem
1093 599 1387 666 Synopseos
1412 613 1527 651 esse
1554 597 1632 651 vel
1658 597 1935 651 Antioche-

385 703 509 740 nnm
540 689 620 742 vel
648 689 832 743 saltem
863 688 1052 758 Syrum
1079 728 1092 748 ,
1121 697 1308 754 atque,
1333 695 1389 739 ut
1414 685 1510 740 l'ert
1541 686 1735 746 titulus.
1763 686 1933 755 Chry-

383 787 672 832 aostomum
698 795 713 843 ;
744 779 879 846 quod
911 789 963 831 et
991 778 1103 830 aliis
1126 776 1429 844 probabitur
1447 776 1784 844 argumentis.

456 870 610 922 Aliud
639 880 998 940 argumentum
1025 869 1144 922 inde
1171 868 1423 930 sumitur,
1451 868 1586 935 quod
1616 868 1748 921 inter
1772 883 1930 920 cano-

383 959 533 1013 nicos
559 959 838 1026 Scriptum
869 961 1028 1012 libros
1050 999 1065 1022 ,
1093 974 1224 1026 quos
1247 959 1386 1010 solos
1411 961 1459 1010 in
1487 958 1589 1009 ﬁne
1613 959 1932 1012 Protheoritn

381 1067 494 1103 sine
521 1061 703 1103 auctor
733 1059 909 1103 noster
936 1059 1190 1109 recenset,
1226 1048 1562 1116 Apocalypsis
1590 1063 1690 1099 non
1717 1063 1931 1116 compa-

384 1147 516 1190 reat.
541 1139 614 1192 Ne
644 1155 766 1192 vero
796 1146 1001 1206 putetur
1027 1153 1139 1189 eam
1171 1138 1314 1204 lapsu
1338 1137 1585 1204 graphice
1615 1139 1931 1204 praetermis-

381 1242 496 1278 sam
537 1227 726 1289 l'uisse,
759 1235 900 1279 vetat
942 1225 1232 1278 scholiach
1276 1223 1544 1290 cujusdam
1586 1233 1704 1276 nota
1736 1225 1928 1291 margi-

383 1316 518 1366 nalis
541 1356 554 1376 ,
583 1331 697 1381 qua:
721 1315 796 1368 sic
824 1315 977 1367 habet
999 1355 1011 1376 ,
1038 1313 1173 1366 Nora
1201 1315 1360 1380 ipsum
1385 1329 1480 1364 non
1508 1328 1779 1362 ntcntorare
1801 1313 1930 1378 Apo-

379 1404 627 1470 calypsin.
670 1403 1008 1471 Apocalypsis
1045 1402 1180 1455 enim
1221 1401 1402 1468 priscis
1443 1401 1686 1453 Ecclesia:
1725 1401 1928 1453 saeculis

382 1508 488 1546 non
520 1494 568 1544 in
611 1493 850 1545 omnibus
879 1492 1127 1545 Ecclesiis
1155 1489 1531 1558 recipiebatur,
1564 1499 1618 1541 ut
1647 1489 1790 1541 aiunt
1820 1489 1927 1541 Eu-

379 1582 559 1634 sebius
584 1622 597 1643 ,
631 1581 974 1649 Hieronymus
1011 1580 1077 1632 de
1117 1579 1366 1646 Scriptor.
1402 1579 1600 1632 Eceles.
1628 1595 1642 1641 ;
1673 1578 1930 1645 Nicepho-

378 1684 472 1722 rus
504 1683 626 1721 vero
657 1668 941 1734 patriarcha
974 1668 1022 1718 in
1053 1667 1302 1734 Catalogo
1329 1682 1424 1718 suo
1443 1707 1456 1728 ,
1486 1682 1637 1734 quem
1667 1666 1927 1720 edidimus

381 1759 436 1810 in
478 1756 791 1809 Bibliotheca
820 1756 1132 1808 Coisliniana
1155 1795 1168 1816 ,
1201 1771 1252 1823 p.
1282 1754 1417 1819 205,
1451 1756 1588 1808 illam
1633 1757 1766 1809 inter
1801 1770 1926 1822 apo-

377 1847 575 1916 crypha
605 1856 841 1900 recenset
863 1886 877 1908 ,
911 1855 965 1898 ut
990 1853 1041 1897 et
1068 1845 1199 1897 alius
1227 1845 1314 1913 qui
1345 1844 1473 1898 infra
1501 1846 1550 1898 in
1578 1855 1696 1898 nota
1724 1861 1923 1900 memo-

378 1938 579 1988 rabitur
602 1953 614 1986 :
641 1951 822 1988 verum
849 1943 1024 2003 patres
1049 1949 1230 1987 omnes
1259 1935 1500 2002 praecipui
1527 1977 1541 2000 ,
1573 1937 1886 1990 Athanasius
1905 1979 1920 2001 ,

379 2025 630 2089 Basilius,
659 2025 940 2093 Gregorius
965 2025 1318 2078 Nazianzenus
1338 2065 1351 2088 ,
1383 2033 1622 2092 totusque
1647 2026 1919 2090 Occidens,

377 2124 437 2165 ut
465 2114 744 2182 legitimum
773 2114 986 2167 Joannis
1015 2114 1232 2181 apostoli
1259 2127 1388 2181 opus
1407 2153 1423 2178 ,
1449 2123 1501 2166 et
1527 2123 1582 2166 ut
1621 2116 1922 2169 canonieam

375 2205 697 2271 Scripturam
723 2206 950 2258 habuere
973 2222 986 2258 :
1012 2205 1325 2272 domumque
1347 2219 1439 2271 per
1461 2213 1616 2256 totam
1640 2205 1920 2259 Ecclesiam

376 2304 489 2346 tum
517 2295 747 2347 Graecam
779 2304 884 2347 tum
915 2293 1149 2346 Latinam
1179 2293 1230 2344 in
1259 2308 1458 2346 canone
1498 2307 1764 2346 sacrorum
1793 2293 1924 2346 divi-

372 2400 666 2452 norumque
692 2385 940 2438 librorum
970 2392 1176 2451 recepta
1212 2390 1310 2436 est.

449 2477 689 2527 Attamen
716 2476 764 2527 in
798 2475 894 2527 bac
919 2475 1140 2542 Synopsi
1170 2473 1508 2542 Apocalypsis
1536 2490 1636 2526 non
1665 2489 1919 2528 memora-

370 2573 460 2616 tur
481 2603 496 2626 ,
528 2573 576 2614 et
607 2572 850 2615 monente
890 2563 1164 2614 scholiasta
1189 2603 1203 2624 ,
1237 2563 1285 2614 id
1318 2577 1417 2614 non
1448 2562 1640 2614 librarii
1670 2563 1794 2615 vitio
1822 2563 1917 2614 tri-

369 2650 634 2702 buendum
664 2657 762 2702 est.
792 2648 937 2703 Unde
962 2650 1191 2716 arguitur
1215 2664 1243 2701 a
1273 2650 1526 2715 scriptore
1570 2650 1681 2715 ipso
1704 2690 1719 2710 ,
1765 2659 1917 2716 atque

368 2739 575 2792 utbinc
602 2739 849 2806 consequi
896 2739 1128 2802 videtur,
1176 2738 1241 2790 ab
1290 2739 1554 2802 Ecclesia,
1609 2739 1756 2807 cujus
1809 2741 1918 2807 ipse

365 2836 486 2881 erat
507 2869 520 2891 ,
554 2828 777 2880 nondum
798 2836 1056 2894 receptam
1085 2826 1242 2880 fuisse
1270 2841 1386 2880 cum
1407 2827 1515 2879 inec
1541 2828 1912 2880 scriberentur.

366 2918 529 2970 (Ierte
557 2917 782 2970 Joannes
803 2916 1222 2985 Chrysostomus,
1245 2916 1331 2985 qui
1357 2926 1538 2970 auctor
1558 2918 1733 2984 operis
1753 2917 1915 2969 fertur

368 3007 422 3057 in
467 3006 612 3058 titulo
632 3047 645 3068 ,
675 3021 952 3072 numquam
984 3005 1289 3073 Apocalypsi
1334 3020 1454 3057 usus
1480 3015 1560 3059 est
1587 3008 1636 3057 in
1682 3006 1913 3058 llomiliis

363 3094 590 3160 aliisque
633 3093 779 3146 libris
806 3095 913 3144 suis
933 3132 946 3156 ,
979 3093 1106 3154 etsi,
1152 3093 1216 3144 ad
1244 3107 1418 3145 mores
1447 3092 1829 3155 informandus,
1862 3096 1910 3146 in

363 3198 474 3249 quo
501 3197 690 3249 genere
719 3183 941 3235 maxime
969 3191 1204 3235 versatur
1228 3195 1436 3235 sanctus
1463 3183 1670 3245 doctor,
1699 3184 1753 3237 in
1774 3185 1912 3251 Apo-

363 3272 566 3339 calypsi
591 3271 748 3322 multa
778 3271 960 3324 idonea
984 3281 1374 3339 opportunaque
1399 3271 1749 3338 reperiantur,
1780 3287 1910 3338 pra»

363 3364 622 3429 cipueque
648 3361 697 3413 in
729 3361 892 3414 tribus
921 3361 1176 3428 prioribus
1201 3362 1476 3428 capitibus.
1504 3361 1909 3426 Quantumcum-

359 3466 470 3517 que
490 3449 805 3516 diligentiam
825 3448 1170 3510 adhibuerim,
1195 3459 1249 3501 ut
1267 3449 1593 3515 explorarent
1620 3464 1742 3500 num
1765 3450 1911 3515 quid-

363 3539 506 3605 piam
537 3538 587 3589 in
617 3546 754 3588 tanta
799 3552 1010 3604 operum
1040 3538 1176 3589 serie
1205 3536 1267 3589 ad
1297 3536 1642 3605 Apocalypsin
1670 3546 1910 3603 spectans

359 3625 875 3694 deprehenderetur,
926 3625 1049 3677 nihil
1098 3626 1345 3678 hactenus
1395 3626 1584 3692 reperi.
1630 3625 1693 3678 Et
1739 3634 1909 3680 tamen

362 3715 526 3767 nmlta
554 3716 781 3767 erantin
828 3715 1004 3774 libris,
1039 3714 1179 3766 verbi
1219 3715 1378 3783 gratia
1401 3755 1415 3779 ,
1457 3714 1525 3768 de
1568 3715 1870 3769 Sacerdotio
1893 3759 1908 3782 ,

351 3821 484 3871 qua:
510 3805 572 3856 ad
602 3820 710 3856 rem
739 3804 960 3856 maxime
989 3804 1228 3857 conferre
1257 3819 1408 3871 posse
1434 3805 1753 3858 videbantur.
1785 3807 1909 3860 Inde

359 3901 535 3945 autem
562 3892 697 3945 aliud
743 3893 1004 3958 exsurgit,
1033 3893 1141 3944 sive
1165 3901 1521 3960 argumentum
1542 3932 1556 3954 ,
1586 3893 1692 3945 sive
1734 3895 1908 3958 conje-

355 3991 528 4043 ctura,
552 3995 649 4048 qua
673 3980 806 4032 hanc
825 3981 1079 4046 Synopsin
1103 3979 1475 4047 Chrysostomo
1500 3995 1734 4033 asserere
1759 3996 1909 4046 posse

357 4072 617 4124 videmur.
639 4071 758 4124 llaec
772 4080 890 4123 sunt
913 4078 1208 4138 argumenta
1227 4085 1340 4137 qua:
1372 4079 1667 4124 mutuamur
1701 4087 1763 4124 ex
1787 4072 1909 4124 Pro-

358 4160 563 4212 theoria
593 4160 907 4229 Synopseos.

434 4248 490 4299 lu
533 4248 638 4314 ipsa
667 4262 820 4315 porro
845 4248 1063 4316 Synopsi
1101 4247 1197 4300 alia
1229 4247 1387 4300 multa
1418 4256 1566 4313 sunt,
1594 4262 1708 4315 qua:
1739 4247 1907 4317 Chry-

353 4346 646 4389 sostomum
665 4337 776 4404 ejus
796 4351 910 4389 esse
930 4346 1192 4390 auctorem
1213 4338 1447 4405 probent.
1475 4338 1709 4406 Exempli
1728 4353 1901 4404 causa,

356 4423 518 4490 paulo
546 4433 660 4490 post
690 4425 887 4476 initium
929 4424 1193 4478 Geneseos
1215 4465 1228 4485 ,
1263 4424 1348 4477 ubi
1375 4424 1534 4477 Cbam
1565 4425 1786 4479 verenda
1816 4442 1905 4494 pu-

354 4513 454 4563 tris
481 4514 557 4565 sui
584 4515 840 4567 revelasse
866 4525 1105 4567 narratur
1123 4556 1135 4577 ,
1170 4515 1387 4584 ideoque
1411 4525 1462 4568 et
1489 4515 1647 4569 Cham
1677 4527 1730 4570 et
1768 4517 1902 4570 ﬁlius

350 4604 474 4670 ejus
497 4603 737 4657 Chanaan
766 4607 1087 4660 maledicitur
1111 4627 1123 4660 :
1165 4607 1274 4660 lucc
1297 4609 1362 4660 ibi
1388 4609 1628 4673 leguntur
1655 4628 1665 4660 :
1704 4627 1721 4659 ι
1755 4611 1900 4663 Post-

349 4709 418 4745 ca
445 4707 564 4744 vero
592 4694 746 4748 Semo
771 4697 975 4763 quidem
1000 4704 1050 4748 ct
1073 4696 1290 4763 Japhcto
1317 4696 1610 4760 benedixit;
1642 4699 1901 4752 maledicit

348 4791 528 4833 autem
557 4780 888 4837 Chanaanum
911 4825 923 4846 ,
951 4786 1068 4852 quia
1092 4795 1235 4851 pater
1263 4785 1373 4851 ejus
1394 4785 1555 4838 Cham
1583 4789 1899 4841 revelaverat

350 4871 640 4923 nuditatem
670 4875 848 4938 patris.
889 4875 1175 4928 Maledictio
1216 4883 1386 4926 autem
1418 4875 1500 4926 illa
1540 4887 1778 4928 eventum
1807 4878 1896 4930 ha-

349 4959 470 5011 buit
498 4960 545 5011 in
583 4961 879 5014 Gabaonitis
904 4979 916 5024 ;
960 4964 1063 5015 imo
1092 4964 1260 5030 potius
1298 4964 1469 5030 specie
1497 4965 1703 5032 quidem
1733 4969 1895 5019 male-

346 5049 513 5103 dictio
539 5062 677 5116 erat,
721 5053 809 5104 sed
849 5067 1026 5105 revera
1068 5053 1356 5120 prophetia.
1394 5073 1410 5103 ›
1447 5053 1511 5105 Ει
1537 5054 1646 5106 haec
1670 5064 1748 5107 est
1777 5071 1895 5107 sen-

349 5139 513 5190 tentia
542 5139 909 5207 Chrysostomo
954 5141 1158 5206 propria
1177 5181 1190 5203 ,
1221 5157 1372 5208 quam
1399 5140 1531 5206 apud
1563 5148 1780 5193 eteteros
1805 5158 1891 5192 ec-

342 5226 668 5280 clesiasticos
704 5227 991 5292 Scriptores
1015 5243 1114 5278 non
1143 5230 1354 5280 memini
1380 5245 1461 5281 tne
1487 5229 1676 5295 legere,
1707 5245 1892 5296 nempe

346 5317 769 5369 maledictionem
790 5315 1048 5367 Chanaani
1074 5316 1122 5365 in
1149 5316 1449 5369 Gabaonitis
1475 5318 1740 5384 impletam
1769 5318 1890 5371 fuis-

340 5420 421 5456 se.
455 5403 718 5471 lpsissima
741 5441 755 5464 ,
788 5402 988 5468 inquam
1007 5442 1019 5465 ,
1049 5400 1102 5453 S.
1130 5401 1358 5455 doctoris
1389 5405 1643 5456 sententia
1664 5444 1678 5468 ,
1708 5405 1887 5456 iisdem

341 5503 392 5548 ut
419 5493 703 5562 plurimum
733 5488 906 5541 verbis
933 5504 1198 5556 expressa.
1244 5490 1328 5542 Sic
1357 5491 1492 5542 enim
1522 5491 1676 5544 habet
1704 5493 1754 5544 in
1787 5494 1888 5545 Isa-

332 5588 455 5643 iam,
484 5597 606 5648 cap.
637 5578 692 5640 2,
723 5593 774 5627 v.
808 5578 1079 5644 l,bujusce
1101 5577 1244 5629 Tomi
1267 5577 1324 5627 VI
1355 5579 1453 5632 col.
1485 5579 1552 5632 9.8
1585 5597 1595 5631 :
1635 5599 1650 5629 ι
1675 5579 1725 5631 ld
1752 5581 1887 5646 quod

323 5675 481 5730 etiam
511 5673 567 5727 in
595 5668 888 5724 Chanaano
929 5668 1114 5723 factum
1154 5675 1249 5720 est.
1290 5667 1463 5735 Neque
1491 5672 1626 5721 cnim
1654 5669 1887 5725 videmus

1597 395 1905 450 DIATRIBA
1947 394 2008 448 IN
2046 395 2384 455 SYNOPSIN.

3483 410 3592 465 310

2037 507 2182 562 illmn
2214 509 2487 564 servivisse
2527 511 2768 566 fratribus
2817 515 2954 573 suis.
2988 530 3155 584 neque
3182 517 3336 570 etiam
3364 515 3570 571 maledi-

2037 597 2258 651 ctionem
2277 599 2549 661 excidisse,
2565 602 2655 654 sed
2677 602 2723 654 in
2747 602 3045 656 Cabaouilis
3067 622 3128 657 ex
3150 606 3424 658 Cbanaano
3445 606 3579 660 ortis

2038 686 2193 738 linem
2217 687 2497 753 accepisse.
2544 687 2670 740 Nam
2719 690 2764 741 id
2813 691 2948 758 quod
2998 692 3263 746 dicebatur
3309 693 3576 762 prophetia

2037 783 2167 840 erat,
2191 775 2564 831 maledictionis
2586 778 2746 831 forma
2765 781 2980 848 prolata.
3013 802 3030 833 ι
3066 782 3131 836 Ει
3160 784 3257 837 hoc
3287 784 3451 852 ipsum
3476 784 3582 838 alio

2036 861 2191 914 modo
2215 862 2337 915 dicit
2365 863 2493 916 inl‘ra
2520 865 2568 917 in
2595 864 2816 934 Synopsi
2858 867 3028 922 Josurc
3053 886 3065 920 :
3101 888 3117 919 ι
3156 870 3282 923 Cum
3309 887 3409 924 non
3442 887 3569 941 pos-

2035 960 2151 1004 scnt
2194 952 2436 1006 lsraelita:
2483 965 2693 1022 prepter
2759 957 2876 1009 data
2919 959 3207 1024 juramenta
3264 961 3576 1017 Gabaonitas

2035 1055 2331 1110 oppugnare
2355 1084 2368 1104 ,
2401 1059 2578 1097 servos
2609 1045 2747 1112 ipsos
2795 1048 3169 1101 constituerunt
3189 1091 3202 1108 .
3234 1051 3476 1119 lignarios
3522 1064 3576 1108 et

2034 1143 2180 1196 aquae
2199 1131 2415 1198 bajulos.
2447 1133 2537 1185 llic
2565 1137 2757 1186 exitum
2789 1136 2941 1190 habet
2969 1139 3232 1204 praedictio
3252 1141 3388 1205 Noe,
3419 1159 3578 1210 quam

2033 1217 2198 1271 dixit:
2229 1221 2465 1273 Chanaan
2489 1238 2612 1290 puer
2641 1239 2806 1276 servus
2832 1241 2850 1276 :
2876 1240 2939 1278 ex
2984 1226 3070 1280 illo
3111 1243 3333 1297 namque
3380 1231 3430 1284 hi
3472 1230 3574 1286 orti

2033 1316 2197 1358 erant.
2235 1325 2253 1358 ι
2293 1309 2411 1361 llaec
2449 1324 2573 1364 sane
2594 1326 2696 1365 non
2729 1315 2869 1379 parvi
2893 1316 3140 1368 momenti
3164 1318 3366 1370 erudito
3393 1319 3570 1374 lectori

2033 1394 2341 1448 videbuntur
2383 1397 2448 1450 ad
2491 1413 2620 1462 Opus
2665 1399 3038 1469 Cbrysostomo
3070 1403 3497 1471 adjudicandum.

2104 1483 2254 1536 Aliud
2282 1497 2666 1553 argumentum,
2696 1503 2791 1542 nec
2810 1504 2935 1543 sane
2963 1490 3152 1554 levius,
3178 1493 3373 1544 crnitur
3393 1509 3452 1545 ex
3481 1509 3571 1547 ρει-

2031 1571 2149 1624 dem
2177 1571 2437 1626 Geneseos
2466 1573 2686 1643 Synopsi
2713 1594 2726 1630 :
2757 1579 2973 1630 Assumit
3002 1578 3170 1630 Thara
3198 1590 3334 1648 pater
3363 1583 3572 1634 Abrahw

2030 1660 2162 1726 ﬁlios
2183 1677 2298 1714 suos
2322 1662 2566 1715 Abraham
2594 1675 2639 1716 et
2663 1664 2870 1718 Nae/tor
2892 1675 2937 1719 et
2957 1679 3178 1735 nepotem
3203 1685 3345 1720 suum
3372 1667 3465 1722 Lor
3484 1710 3498 1736 ,
3525 1680 3572 1723 et

2028 1750 2156 1802 venit
2182 1751 2232 1802 in
2259 1748 2502 1804 Charran.
2531 1752 2650 1806 l-lazc
2676 1761 2816 1808 certe
2843 1754 2998 1807 lectio
3026 1756 3199 1809 vitiata
3230 1755 3322 1810 fuit
3343 1797 3355 1819 ,
3386 1766 3439 1810 et
3466 1757 3568 1810 Na-

2027 1838 2155 1893 chor
2180 1849 2358 1892 contra
2382 1841 2533 1894 {idem
2567 1850 2733 1896 textus
2771 1843 3008 1897 Hebraici
3033 1884 3046 1906 ,
3076 1846 3316 1899 editionis
3345 1847 3484 1900 LXX
3518 1858 3570 1902 ct

2027 1927 2263 1993 vulgatze,
2282 1926 2330 1978 in
2354 1927 2486 1980 hunc
2509 1937 2702 1982 textum
2721 1931 2944 1997 irrepsit.
2963 1932 3104 1985 llanc
3121 1947 3274 2000 porro
3293 1935 3564 1988 lectionem

2028 2031 2280 2084 nusquam
2301 2017 2427 2068 alias
2450 2019 2640 2085 reperi,
2661 2020 2755 2072 nisi
2779 2020 2912 2088 apud
2941 2021 3390 2090 Chrysostomum,
3415 2039 3566 2092 quem

2028 2115 2223 2158 certum
2254 2115 2332 2158 est
2362 2106 2427 2158 ita
2460 2107 2644 2175 legisse
2673 2108 2721 2160 in
2747 2110 3032 2176 exemplari
3058 2125 3152 2163 suo
3180 2129 3192 2164 :
3223 2127 3341 2163 nam
3375 2111 3562 2164 llomil.

2026 2194 2086 2247 3t
2114 2194 2166 2248 in
2205 2194 2469 2259 Genesim,
2494 2195 2594 2248 col.
2621 2196 2725 2250 282
2753 2197 2902 2250 Tom.
2924 2199 2956 2252 4
2983 2209 3172 2252 nostrae
3198 2199 3438 2253 editionis
3459 2241 3472 2262 ,
3496 2202 3569 2254 sic

2025 2282 2241 2352 legimus
2259 2301 2270 2337 :
2286 2283 2351 2336 Et
2369 2285 2551 2353 accepit
2573 2285 2766 2337 Tharra
2786 2287 2966 2340 Abram
2985 2297 3030 2340 et
3053 2287 3260 2342 Nachor
3285 2291 3413 2357 filios
3434 2306 3566 2353 suos,

2025 2383 2070 2424 et
2087 2372 2180 2423 Lot
2197 2374 2358 2439 ﬁlium
2378 2375 2538 2426 Arran
2557 2375 2650 2441 ﬁlii
2671 2377 2766 2427 sui.
2792 2375 2913 2430 lla-c
2941 2392 3064 2432 vero
3089 2378 3240 2431 lectio
3256 2381 3331 2432 sic
3351 2379 3568 2431 habetur

2025 2461 2074 2513 in
2103 2461 2343 2514 omnibus
2368 2463 2579 2515 omnino
2606 2477 2721 2516 curn
2752 2463 2918 2515 Editis
2959 2473 3064 2516 tum
3094 2466 3485 2533 manuscriptis,
3516 2475 3568 2519 et

2024 2549 2076 2601 in
2101 2549 2280 2602 eadem
2311 2549 2530 2603 llomilia
2560 2550 2708 2613 infra,
2742 2552 2842 2604 col.
2872 2553 2999 2616 285,
3029 2566 3166 2621 seq.,
3197 2554 3378 2607 eadem
3411 2555 3567 2608 lectio

2023 2637 2100 2689 bis
2137 2639 2386 2704 repetitur
2414 2656 2426 2690 :
2459 2638 2525 2690 ita
2554 2648 2606 2690 ut
2631 2639 2755 2691 nihil
2785 2639 2924 2693 dubii
2952 2641 3165 2695 subesse
3210 2644 3402 2710 possit,
3443 2644 3566 2711 quin

2025 2723 2106 2777 hic
2133 2725 2278 2778 locus
2300 2727 2373 2779 sic
2394 2741 2673 2795 expressus
2701 2729 2856 2782 fuerit
2882 2729 2931 2782 in
2959 2732 3239 2798 exemplari
3271 2747 3372 2800 quo
3398 2733 3566 2802 Chry-

2021 2822 2281 2867 sostomus
2310 2816 2548 2869 utebatur
2574 2834 2584 2867 :
2617 2832 2720 2886 quo
2746 2832 2867 2871 u5us
2896 2828 2972 2872 est
2997 2820 3152 2871 etiam
3170 2831 3348 2875 auctor
3365 2821 3566 2890 Synop.

2020 2916 2170 2967 seos,
2199 2903 2306 2957 sive
2334 2905 2441 2965 ipse
2471 2904 2902 2974 Chrysostomus,
2947 2917 3001 2960 ut
3023 2923 3084 2961 ex
3115 2908 3212 2964 hoc
3239 2919 3289 2962 et
3332 2925 3394 2963 ex
3433 2925 3564 2978 prte-

2019 2993 2321 3047 ccdentibus
2361 2996 2676 3063 argumentis
2705 2996 2909 3064 probari
2945 2996 3169 3051 videtur.

2087 3082 2198 3136 Non
2223 3085 2476 3137 minorem
2515 3085 2925 3152 praecedentibus
2951 3088 3306 3154 probationem
3333 3089 3563 3142 eruimus

2017 3189 2080 3227 cx
2106 3174 2325 3242 Synopsi
2347 3175 2726 3227 Deuteronomii
2746 3214 2760 3239 ,
2784 3177 2867 3228 ubi
2892 3176 3079 3228 dicitur
3103 3195 3114 3229 :
3146 3175 3242 3228 llic
3260 3179 3396 3246 jacet
3413 3178 3557 3241 illud,

2016 3263 2315 3317 Maledictus
2351 3265 2519 3318 omnis
2549 3265 2634 3335 qui
2667 3265 2852 3333 pendet
2882 3267 2931 3318 in
2961 3266 3116 3334 ligno.
3150 3268 3279 3330 Quia
3308 3285 3421 3337 ergo
3452 3285 3560 3320 ma-

2016 3353 2208 3405 ledictio
2235 3354 2426 3421 prolata
2465 3362 2569 3407 erat
2598 3354 2648 3405 in
2672 3369 2753 3406 eos
2787 3355 2871 3422 qui
2898 3371 2994 3406 non
3021 3356 3325 3408 observarent
3368 3357 3557 3424 legem,

2015 3443 2314 3496 Maledictus
2343 3444 2509 3494 omnis
2536 3443 2620 3510 qui
2651 3457 2752 3495 non
2781 3452 2955 3495 manet
2980 3443 3028 3495 in
3073 3444 3311 3497 omnibus
3354 3447 3559 3512 scriptis

2015 3530 2064 3581 in
2085 3529 2183 3583 hoc
2203 3529 2366 3582 libro:
2396 3530 2455 3582 de
2475 3530 2576 3598 lege
2603 3530 2814 3596 loquitur
2837 3529 3051 3598 Moyses,
3086 3546 3172 3582 nec
3200 3541 3385 3597 poterat
3415 3532 3558 3585 Chri-

2013 3629 2114 3673 stus
2138 3621 2190 3672 in
2213 3621 2339 3672 hanc
2363 3621 2609 3674 incurrere
2647 3621 3035 3673 maledic-tionem
3057 3636 3074 3672 :
3101 3621 3317 3688 implevit
3344 3639 3557 3686 namque

2015 3710 2187 3778 legem,
2217 3711 2603 3763 maledictionem
2626 3713 2966 3764 malcdictione
2991 3713 3304 3764 commutavit
3321 3753 3336 3777 ,
3360 3729 3558 3779 suspen-

2012 3816 2096 3852 sus
2133 3801 2184 3853 in
2222 3801 2374 3868 ligno.
2416 3801 2524 3854 Hoc
2563 3802 2727 3868 ipsum
2774 3803 3006 3869 piuribus
3042 3803 3361 3856 enuntiatum
3398 3803 3556 3857 babes

2012 3890 2397 3943 Commentario
2424 3891 2474 3942 in
2502 3890 2784 3958 Epistolam
2812 3891 2874 3943 ad
2905 3890 3112 3945 Galatas
3134 3931 3148 3954 ,
3178 3893 3344 3960 capite
3369 3893 3401 3946 5
3421 3933 3433 3954 ,
3468 3893 3553 3945 ubi

2012 3992 2119 4030 rem
2158 3979 2385 4046 explicat
2404 3976 2512 4040 ille,
2531 3983 2604 4039 et,
2628 3991 2746 4043 quae
2768 3975 2856 4030 hic
2878 3977 3114 4032 breviter
3134 3980 3343 4041 extulit,
3376 3979 3553 4033 multis

2009 4065 2252 4132 explanat
2288 4067 2478 4119 verbis.
2519 4065 2586 4119 lis
2613 4079 2736 4119 vero
2780 4064 3065 4118 referendis
3104 4065 3366 4119 brevitatis
3393 4081 3550 4120 causa

2011 4153 2340 4220 supersedeo.
2364 4153 2464 4207 Sed
2487 4155 2772 4208 studiosum
2801 4155 3042 4206 lectorem
3067 4153 3243 4207 hortor
3263 4195 3276 4219 ,
3300 4164 3354 4206 ut
3377 4155 3548 4208 loeum

2012 4244 2176 4309 ipsum
2205 4245 2386 4306 adeat,
2415 4255 2465 4298 et
2495 4259 2612 4298 meo
2651 4244 2881 4313 perirqu
2923 4244 2991 4296 ibi
3034 4243 3458 4311 Chrysostomum
3487 4260 3545 4296 ea

2012 4331 2240 4397 pluribus
2282 4341 2610 4398 narrantem,
2653 4341 2705 4386 et
2748 4331 2983 4385 eumdem
3030 4332 3451 4401 Chrysostomum
3497 4332 3546 4385 in

2011 4419 2106 4472 hac
2136 4420 2353 4488 Synopsi
2382 4421 2644 4486 epitomen
2673 4435 2851 4474 eorum
2883 4419 3207 4473 exhibentem
3240 4422 3542 4486 comperict.

2077 4511 2270 4562 Auctor
2293 4510 2372 4560 hic
2396 4520 2568 4562 noster
2595 4510 2995 4578 ChrySristomus
3021 4509 3208 4574 passim
3232 4523 3346 4560 cum
3374 4508 3546 4561 Judae-

2007 4599 2069 4661 is,
2093 4613 2308 4664 quorum
2337 4614 2550 4665 magnus
2577 4597 2861 4649 Antiochire
2889 4613 3134 4650 numerus
3160 4608 3302 4662 erat,
3325 4612 3545 4651 concer-

2006 4697 2097 4740 tat.
2123 4689 2250 4741 Illud
2276 4690 2438 4751 ipsum
2464 4687 2510 4737 in
2539 4686 2632 4738 hac
2654 4684 2876 4754 Synopsi
2905 4684 3197 4753 frequenter
3218 4687 3542 4751 observatur,

2005 4775 2127 4828 nihil
2156 4775 2392 4828 obstante
2419 4773 2667 4825 brevitate
2688 4812 2701 4836 ,
2731 4787 2884 4839 quam
2914 4772 2991 4825 vel
3019 4788 3085 4826 ex
3120 4775 3230 4841 ipso
3257 4788 3350 4827 suo
3377 4777 3544 4826 nomio

2003 4882 2066 4917 ne
2086 4865 2334 4932 Synopsis
2355 4865 2528 4931 exigit.
2554 4862 2842 4929 Aliquando
2863 4862 3016 4914 etiam
3039 4864 3150 4916 loca
3179 4863 3369 4916 indicat
3388 4905 3399 4924 ,
3425 4880 3541 4932 quae

2001 4955 2198 5022 possint
2225 4968 2400 5005 contra
2441 4952 2648 5005 Judseos
2684 4951 2951 5017 usurpari,
2986 4959 3042 5002 ut
3071 4950 3120 5002 in
3147 4951 3368 5020 Synopsi
3393 4951 3538 5005 .lcre-

2000 5044 2115 5096 mia:
2137 5042 2248 5096 sic:
2286 5061 2301 5090 ‹
2350 5043 2411 5094 Et
2437 5044 2475 5092 si
2503 5040 2690 5092 malum
2716 5040 2960 5100 fecerint,
2992 5055 3093 5090 non
3123 5039 3303 5091 faciam
3333 5054 3428 5106 ego
3450 5041 3540 5092 bo-

1999 5149 2060 5185 na
2109 5148 2224 5200 qua:
2266 5132 2505 5197 loquutus
2552 5144 2664 5182 sum
2706 5137 2762 5180 ut
2799 5128 3020 5180 facerem
3060 5128 3176 5180 illis.
3209 5127 3317 5180 lloe
3361 5137 3536 5180 autem

1997 5231 2151 5288 caput
2170 5231 2347 5274 contra
2367 5221 2573 5273 Jud.t-os
2595 5218 2718 5272 utile
2740 5218 2839 5270 erit
2858 5257 2872 5280 ,
2895 5233 3010 5270 cum
3036 5216 3237 5280 dicent,
3264 5217 3536 5270 Dominum

1997 5313 2121 5378 ipsis
2147 5313 2280 5364 bona
2309 5299 2622 5378 promisisse.
2651 5309 2779 5362 Cum
2805 5308 2942 5360 enim
2970 5321 3071 5362 non
3093 5306 3406 5360 crediderint
3434 5307 3538 5359 Do-

1995 5403 2137 5453 mino
2167 5410 2345 5452 nostro
2371 5399 2491 5451 Jesu
2522 5398 2729 5451 Christo
2752 5437 2767 5458 ,
2803 5397 2897 5460 ipsi
2931 5396 3027 5448 sibi
3062 5397 3182 5463 ipsis
3208 5411 3361 5449 causa
3393 5396 3537 5452 fuere

1996 5491 2324 5557 prarscntium
2366 5490 2636 5542 malorum.
2679 5504 2691 5536 l

2061 5578 2413 5645 Cbrysostomi
2453 5591 2639 5643 scopus
2664 5585 2739 5628 est
2782 5574 2959 5627 multis
2985 5575 3036 5626 in
3077 5574 3201 5627 locis
3225 5616 3236 5636 .
3265 5585 3317 5629 ct
3343 5576 3536 5633 Judzt'is

1992 5681 2042 5723 et
2072 5667 2374 5725 Christianis
2412 5666 2663 5734 probare,
2709 5673 2967 5733 praecepta
3011 5662 3306 5730 hnjttsmodi
3352 5667 3541 5735 legalta
