4096 6474
668 511 770 551 non
809 494 966 550 fuisse
991 500 1129 548 tanta
1155 492 1401 561 religione
1430 489 1699 544 servanda.
1731 488 1861 556 Quin
1889 490 2042 541 etiam
2071 501 2192 538 san-

670 594 778 638 ctos
805 583 943 638 viros
972 583 1021 635 in
1055 581 1223 636 Veteri
1251 580 1584 633 Testamento
1615 578 1696 629 illa
1727 576 1878 629 facile
1906 585 2194 642 transgres-

668 688 752 727 sos
782 687 924 736 esse,
967 670 1206 740 quoniam
1237 683 1297 723 ea
1319 709 1332 732 ,
1365 683 1479 736 qua:
1506 666 1567 720 ad
1599 667 1749 719 ritum
1779 664 2074 732 cultumque
2102 677 2195 715 ex-

665 761 915 820 teriorem
945 759 1289 828 pertinebant,
1309 770 1413 810 non
1438 769 1554 809 esse
1596 754 1718 806 tanti
1745 752 2012 812 momenti,
2037 761 2089 804 et
2115 749 2193 802 fa-

661 852 765 904 cile
784 863 932 918 posse
944 849 1266 917 prretermitti
1285 846 1514 916 putabat.
1532 845 1614 899 Sic
1639 846 1687 896 in
1703 845 1884 897 Isaiam
1901 857 2074 910 supra,
2091 842 2194 895 col.

670 939 734 993 19
761 945 778 1008 (
803 954 830 990 a
848 937 1041 993 Graecis
1066 937 1348 991 referendis
1374 935 1637 989 brevitatis
1659 947 1813 986 causa
1839 931 2150 1000 supersedeo
2178 930 2196 996 )

674 1029 928 1099 legimus:
959 1026 1260 1081 Ilolocansta
1300 1027 1505 1079 arietum
1547 1034 1591 1077 et
1634 1024 1827 1089 adipem
1873 1037 2114 1091 agnorum
2152 1029 2198 1072 et

668 1118 955 1186 sanguinem
995 1127 1247 1169 taurorum
1286 1123 1329 1167 et
1381 1115 1627 1165 hircorum
1668 1112 1799 1162 nolo.
1844 1109 1896 1162 In
1934 1110 2043 1162 hazc
2076 1122 2198 1161 ver-

669 1205 733 1258 ba
770 1202 1168 1273 Chrysostomus
1197 1203 1263 1256 ita
1302 1201 1564 1270 loquitur:
1612 1217 1630 1250 (
1664 1199 1790 1251 Nam
1820 1199 1936 1264 quia
1974 1196 2199 1250 accusati

669 1293 967 1362 frequenter
985 1334 999 1357 ,
1025 1291 1161 1361 quod
1183 1291 1385 1346 caeteris
1410 1287 1684 1342 virtutibus
1706 1287 1853 1340 vacui
1877 1293 2078 1349 essent,
2106 1299 2200 1352 pro

668 1383 892 1438 maxima
943 1381 1243 1436 defensione
1286 1378 1534 1432 sacrificia
1572 1374 1950 1437 obtendebant,
1992 1381 2049 1426 ut
2085 1387 2201 1441 qua

670 1474 966 1542 frequenter
1006 1470 1395 1539 persolvebant,
1444 1468 1630 1521 merito
1657 1476 1870 1532 uterque
1911 1463 2159 1532 propheta
2184 1502 2198 1528 ,

670 1560 774 1614 imo
802 1559 969 1628 potius
995 1558 1165 1612 caueri
1203 1571 1385 1609 omnes
1408 1555 1472 1608 ab
1511 1555 1606 1608 hac
1647 1553 1943 1606 defensione
1970 1552 2084 1604 illos
2110 1564 2200 1604 ex-

669 1650 898 1702 turbant.
928 1646 1078 1704 Unde
1106 1646 1311 1716 planum
1338 1653 1417 1700 est
1443 1658 1502 1697 ea
1529 1657 1633 1698 non
1658 1656 1772 1694 esse
1802 1656 1895 1710 per
1922 1654 1978 1693 se
2014 1638 2202 1707 prrcci-

672 1753 771 1807 pue
799 1739 1074 1792 constituta
1093 1777 1107 1802 ,
1131 1734 1222 1790 sed
1249 1743 1302 1787 ut
1326 1734 1389 1787 ad
1417 1742 1612 1786 rectum
1641 1731 1758 1783 vita:
1788 1730 2074 1782 institutum
2101 1742 2204 1781 cae-

672 1837 912 1896 terasque
947 1827 1161 1880 virtutes
1189 1824 1304 1878 illos
1334 1821 1668 1874 deducerent.
1703 1839 1718 1868 ι
1757 1818 2086 1883 ExpOsitione
2114 1829 2204 1868 au-

672 1926 776 1969 tem
807 1917 858 1969 in
887 1915 1136 1983 psalmum
1163 1914 1250 1979 ιδ,
1283 1913 1428 1964 Tom.
1458 1911 1519 1973 V,
1543 1909 1642 1962 col.
1675 1909 1770 1961 167
1798 1923 1927 1973 sqq,
1959 1914 2097 1956 totus
2125 1911 2204 1956 est

672 2020 732 2058 ea
760 2004 810 2057 in
837 2018 894 2056 re
920 2003 1200 2071 probanda,
1219 2001 1442 2067 dicitque
1465 2005 1774 2066 prmceptum
1802 1996 1865 2047 de
1892 1994 2104 2046 sabbato
2121 2005 2205 2044 so-

673 2094 836 2148 lutum
858 2092 1033 2156 fuisse,
1051 2107 1167 2146 cum
1183 2090 1401 2160 populus
1424 2105 1514 2156 per
1532 2096 1727 2155 septem
1743 2084 1851 2138 dies
1865 2093 2094 2137 armatus
2110 2083 2206 2135 sub

672 2181 828 2236 Josue
854 2179 979 2243 fuit;
1010 2193 1125 2232 nam
1147 2187 1346 2246 septem
1373 2175 1603 2230 continui
1632 2174 1742 2228 dies
1773 2172 2064 2226 necessario
2090 2169 2206 2223 sab-

675 2271 852 2324 batum
883 2267 1166 2322 includunt.
1197 2267 1316 2320 Haec
1343 2264 1623 2332 smpissime
1645 2263 1878 2316 decantat
1897 2259 2208 2329 Chrysosto-

679 2373 813 2411 mus.
851 2356 903 2409 In
939 2355 1163 2427 Synopsi
1203 2362 1372 2406 autem
1403 2353 1517 2405 libri
1549 2351 1702 2405 Josue
1733 2350 1856 2401 infra
1888 2349 1962 2402 sic
1988 2347 2209 2400 dilucide

677 2446 908 2515 loquitur
932 2463 944 2498 :
970 2443 1144 2499 «Tunc
1165 2442 1314 2497 Jesus
1342 2442 1519 2495 cultris
1546 2439 1756 2507 lapideis
1774 2437 2092 2491 circumcidit
2119 2435 2209 2489 Ju-

676 2535 850 2588 dteos:
883 2533 999 2603 quia
1022 2532 1348 2602 quadraginta
1373 2531 1519 2582 annis
1542 2538 1773 2581 versatus
1794 2526 1958 2580 fuerat
1979 2525 2135 2579 Israel
2159 2526 2208 2578 in

680 2628 924 2680 deserto:
958 2623 1175 2691 ideoque
1219 2620 1364 2673 multi
1411 2633 1588 2672 eorum
1615 2617 1919 2669 bellatorum
1941 2658 1954 2679 ,
1986 2616 2071 2682 qui
2114 2613 2212 2666 oh-

675 2709 870 2774 ierant,
886 2707 1247 2764 lncircumcisi
1265 2701 1552 2759 erant.Pro
1573 2705 1669 2756 illis
1693 2703 1956 2756 substituit
1983 2703 2118 2756 Deus
2147 2701 2206 2753 li-

679 2799 775 2852 lios
802 2811 978 2852 eorum
999 2837 1013 2860 ,
1047 2810 1174 2863 quos
1201 2794 1350 2847 Jesus
1374 2791 1694 2846 circumcidit
1717 2809 1728 2842 :
1760 2792 1895 2860 quod
1925 2791 2019 2859 ipsi
2049 2789 2209 2844 incir-

680 2890 892 2944 cumcisi
921 2885 1295 2940 mansissentin
1315 2884 1414 2935 via.
1439 2883 1581 2934 Tunc
1612 2881 1732 2934 fecit
1758 2880 1950 2933 Pascha
1981 2889 2102 2933 :eta
2127 2881 2210 2933 die

678 2994 778 3047 qua
795 2975 1127 3032 comederunt
1143 2987 1319 3042 azyma
1335 2988 1397 3026 ex
1416 2971 1668 3024 frumento
1686 2977 1835 3022 terrae
1853 2969 2005 3032 illius,
2024 2968 2206 3022 defecit

680 3080 885 3120 manna.
909 3064 1122 3119 Jubetur
1139 3051 1291 3117 Jesus
1315 3062 1511 3113 solvere
1531 3059 1934 3111 calceameotum
1959 3072 2131 3122 suum,
2157 3066 2210 3110 et

679 3157 898 3212 circuire
921 3153 1129 3208 Jericho
1153 3167 1269 3206 cum
1289 3151 1420 3204 tubis
1432 3158 1615 3203 etarca
1636 3157 1832 3216 septem
1863 3147 2044 3201 diebus
2067 3164 2078 3198 :
2108 3164 2211 3216 quo

679 3253 888 3309 peracto
909 3257 1001 3312 per
1026 3257 1082 3295 se
1111 3241 1240 3294 muri
1259 3238 1574 3293 ceciderunt.
1602 3236 1921 3289 Manifestum
1949 3237 2117 3303 itaque
2132 3246 2213 3289 cst

675 3335 781 3404 jam
805 3341 922 3384 tunc
947 3339 1170 3396 cleptum
1199 3341 1314 3381 esse
1340 3326 1471 3378 solvi
1509 3325 1779 3376 sabbatum
1805 3340 1818 3374 :
1852 3323 2210 3390 undecumque

679 3422 878 3478 initium
893 3419 1014 3487 quis
1031 3419 1222 3479 ducat,
1252 3427 1460 3467 necesse
1497 3422 1576 3466 est
1613 3412 1880 3465 sabbatum
1912 3410 2139 3463 incidere
2161 3411 2210 3461 in

680 3522 877 3582 septem
919 3511 1033 3564 illos
1057 3510 1184 3564 dies.
1225 3529 1243 3560 ›
1275 3505 1463 3562 Statuit
1491 3517 1613 3571 ergo
1636 3503 2033 3571 Chrysosmmus
2081 3515 2213 3568 prae-

682 3611 828 3669 cepta
850 3600 933 3652 illa
959 3599 1022 3652 ad
1047 3598 1353 3651 exteriorem
1377 3596 1568 3649 cultum
1594 3592 1932 3661 pertinentia,
1960 3606 2059 3642 non
2087 3589 2211 3642 fuis-

682 3704 739 3743 se
765 3689 896 3743 vela
931 3688 1122 3740 sanctis
1150 3686 1271 3738 viris
1302 3692 1437 3736 tanta
1476 3684 1723 3751 religione
1763 3689 2000 3742 servata,
2031 3688 2085 3731 ut
2111 3679 2214 3732 cir-

683 3778 930 3832 cumcisio
958 3786 1010 3830 et
1036 3775 1322 3829 sabbatum.
1350 3772 1404 3825 lu
1425 3775 1513 3826 his
1534 3773 1707 3840 utique
1734 3788 1836 3824 non
1875 3772 2030 3824 alium
2058 3783 2209 3838 quam

683 3870 1104 3940 Chrysostomum
1146 3879 1423 3934 agnoscere
1451 3878 1659 3932 possum
1682 3879 1695 3926 ;
1723 3863 1845 3931 quid
1874 3878 1997 3916 vero
2023 3863 2064 3914 si
2093 3874 2210 3917 cum

681 3968 760 4012 tot
785 3960 899 4011 aliis
928 3957 1240 4025 argumentis
1271 3955 1365 4007 hoc
1389 3955 1542 4006 etiam
1584 3953 1869 4020 adjungas‘.’
1916 3951 2049 4004 Alibi
2076 3965 2207 4019 quo-

681 4062 784 4114 que
813 4047 862 4098 in
879 4046 979 4099 hac
1000 4041 1229 4113 Synopsi
1247 4043 1356 4095 loca
1379 4042 1605 4109 reperias
1624 4081 1637 4104 ,
1663 4040 1744 4093 ubi
1768 4040 1987 4106 scriptor
2006 4054 2064 4093 se
2091 4053 2208 4093 cum

680 4135 872 4189 Judreis
899 4147 1037 4200 saepe
1065 4146 1272 4183 manum
1302 4145 1575 4183 conserere
1602 4129 1908 4182 subimlicat.

753 4224 943 4277 Praeter
972 4223 1080 4275 hme
1106 4227 1406 4289 argumenta
1426 4257 1439 4280 ,
1467 4234 1581 4287 quae
1608 4233 1729 4270 sane
1756 4218 2065 4270 validissima
2096 4233 2212 4271 esse

685 4329 836 4367 nemo
861 4328 888 4364 a
916 4311 1243 4380 prmjudicata
1283 4309 1526 4377 opinione
1553 4308 1683 4360 liber
1709 4321 1808 4359 non
1837 4306 2081 4368 fateatur,
2111 4308 2210 4360 alia

685 4403 820 4455 forte
847 4400 1041 4452 minora
1061 4438 1075 4461 ,
1104 4399 1194 4452 sed
1219 4412 1331 4465 quae
1357 4396 1422 4450 ob
1461 4395 1794 4463 frequentiam
1817 4435 1829 4458 ,
1858 4403 1908 4446 et
1936 4395 2204 4462 repetitam

685 4489 926 4558 loquendi
972 4487 1320 4556 probandique
1363 4485 1748 4539 similitudinem
1781 4500 1872 4552 pro
1900 4485 2210 4553 Cbrysosto-

688 4594 772 4631 mo
805 4586 1061 4646 pugnent,
1095 4575 1174 4628 hic
1200 4588 1480 4642 congerere
1506 4574 1708 4625 animus
1733 4583 1829 4625 est.
1870 4572 2016 4625 Initio
2043 4573 2210 4640 Syuo-

688 4669 792 4734 psis
819 4667 1078 4722 Geneseos
1106 4664 1256 4728 dicit,
1287 4663 1420 4716 filios
1447 4663 1534 4715 Dei
1561 4662 1611 4715 in
1637 4661 1822 4715 Genesi
1853 4661 1952 4714 dici
1978 4677 2097 4726 eos,
2126 4664 2210 4730 qui

686 4773 712 4809 a
743 4757 901 4811 Sctho
927 4759 1024 4810 orti
1052 4763 1230 4818 erant,
1260 4764 1312 4808 et
1333 4754 1466 4806 hunc
1493 4753 1659 4806 locum
1690 4753 1873 4806 Psalmi
1899 4754 2072 4815 affert,
2107 4751 2214 4820 Ego

685 4845 819 4904 dixi,
850 4845 918 4898 dii
945 4845 1076 4897 estis.
1107 4842 1328 4911 Idipsum
1355 4856 1479 4894 vero
1503 4841 1730 4908 pluribus
1754 4841 1875 4893 dicit
1908 4840 2123 4893 llomilia
2148 4841 2215 4892 29.

686 4934 738 4986 in
769 4931 1042 4997 Geuesim,
1075 4933 1227 4985 allato
1256 4930 1435 4984 eodem
1483 4929 1671 4981 Psalmi
1717 4928 1847 4980 loco.
1895 4927 1968 4980 Ex
2014 4928 2215 4980 llebero

688 5019 990 5074 llebraicam
1021 5020 1240 5085 linguam
1270 5032 1452 5070 nomen
1484 5015 1741 5082 accepisse
1767 5017 1891 5067 dicit
1919 5015 2000 5067 hic
2032 5014 2213 5067 eodem

690 5109 797 5161 fere
820 5105 987 5166 modo,
1009 5119 1110 5172 quo
1144 5106 1190 5155 in
1219 5105 1480 5164 Genesim,
1506 5103 1652 5155 Tom.
1679 5103 1763 5166 IV,
1795 5105 1895 5154 col.
1923 5104 2043 5156 (κη).
2070 5102 2215 5167 Quod

689 5195 751 5246 ad
771 5193 990 5247 decimas
1003 5201 1196 5259 spectat
1213 5207 1337 5258 quas
1354 5192 1535 5245 obtulit
1551 5191 1805 5243 Abraham
1823 5190 2215 5253 Mclchiscdcco,

692 5285 871 5337 eadem
905 5281 1103 5334 brevius
1130 5279 1212 5334 hic
1241 5279 1364 5331 dicit
1391 5296 1506 5348 qua:
1535 5282 1584 5332 in
1622 5280 2006 5332 Commentario
2043 5281 2092 5331 in
2121 5279 2219 5332 Ce-

695 5369 857 5423 nesim
878 5408 893 5434 ,
921 5369 1021 5422 col.
1044 5368 1161 5428 527,
1185 5366 1304 5428 328,
1333 5366 1514 5419 eodem
1543 5368 1698 5419 allato
1726 5368 1781 5419 Β.
1815 5367 1954 5419 Pauli
1985 5367 2116 5418 loco.
2149 5367 2218 5419 De

693 5460 894 5514 filiabus
914 5457 1010 5512 Lot
1032 5457 1162 5510 idem
1185 5455 1265 5508 hic
1287 5456 1611 5522 paucioribus
1639 5456 1759 5508 dicit
1786 5497 1799 5518 ,
1829 5455 1960 5520 quod
1990 5455 2219 5521 pluribus

689 5559 871 5605 narrat
897 5550 949 5603 in
977 5545 1214 5600 Genesim
1240 5583 1252 5605 ,
1282 5542 1379 5596 col.
1426 5542 1680 5595 nam.
1725 5543 1845 5594 item
1875 5543 1939 5594 de
1968 5541 2218 5594 sacrificio

691 5636 910 5693 Abrabre
943 5633 1250 5696 compendio
1274 5639 1446 5687 narrat
1476 5645 1532 5685 ea
1557 5671 1568 5696 ,
1598 5646 1710 5698 qua:
1751 5630 1859 5684 fuse
1903 5630 2124 5697 explicat
2168 5630 2213 5680 in

1833 371 2140 428 l)l.-\TlllB.\
2184 369 2244 423 ΙΝ
2284 369 2630 426 SYNOPSIN.

3737 383 3852 436 312

2301 481 2564 548 Genesim,
2600 483 2702 535 col.
2731 483 2853 536 451.
2892 480 3200 549 Allegoriam
3242 480 3306 533 de
3351 479 3613 532 Natalihus
3645 477 3843 532 Phares

2301 581 2354 625 et
2378 572 2521 623 Zara:
2543 572 2723 624 eodem
2749 569 2902 624 modo
2925 570 3007 622 hic
3027 570 3248 635 explicat
3267 578 3422 635 atque
3454 567 3845 620 Commentario

2301 662 2350 713 in
2399 661 2658 722 Gcnesim,
2715 659 2812 712 col.
2867 658 3005 722 554,
3058 657 3183 712 555.
3230 656 3282 708 id
3325 655 3461 724 quod
3507 655 3644 708 eirea
3685 655 3843 707 linem

2302 756 2548 826 Synopsis
2570 757 2833 811 Geneseos
2860 753 2984 806 dicit
3009 750 3252 805 Sicimam
3282 764 3310 801 a
3342 750 3601 816 Symeonc
3637 756 3687 800 et
3719 746 3844 799 Levi

2300 854 2499 912 captam
2523 845 2679 898 fuisse
2699 885 2712 907 ,
2741 844 2962 910 idipsum
3000 848 3176 893 narrat
3214 838 3449 905 pluribus
3477 837 3664 889 llmnil.
3694 835 3763 889 59
3791 836 3844 888 in

2300 929 2561 991 Gen.,col.
2593 930 2714 994 516,
2755 931 2874 983 517.
2907 930 3028 984 llmc
3054 945 3208 997 porro
3229 929 3384 982 lectio
3411 928 3590 995 capitis
3616 925 3682 979 49
3702 967 3716 990 ,
3759 925 3842 989 10,

2300 1035 2414 1088 qum
2439 1021 2491 1072 in
2519 1019 2737 1090 Synopsi
2766 1020 2841 1073 sic
2867 1019 3059 1085 habet,
3087 1021 3238 1072 donec
3265 1019 3425 1070 veniat
3463 1017 3504 1068 is
3542 1017 3619 1068 cui
3645 1015 3844 1081 reposi-

2301 1119 2402 1162 tum
2422 1119 2520 1173 est,
2551 1124 2758 1176 semper
2784 1109 2858 1162 sic
2882 1107 3094 1162 effertur
3121 1122 3148 1158 a
3175 1107 3582 1175 Cltrysostomo;
3609 1104 3695 1154 alii
3718 1117 3848 1154 vero

2300 1201 2580 1267 scriptores
2599 1199 2827 1251 variant:
2853 1213 2970 1251 nam
2992 1195 3200 1264 quidam
3219 1196 3316 1247 hoc
3332 1196 3443 1262 ipso
3460 1193 3611 1244 modo
3635 1192 3844 1258 legunt;

2302 1290 2389 1343 alii
2408 1303 2550 1353 vero,
2570 1289 2721 1341 donec
2739 1288 2930 1340 veniant
2954 1301 3061 1355 qua:
3084 1285 3158 1337 illi
3173 1286 3387 1352 reposita
3411 1292 3540 1336 sunt.
3561 1281 3614 1334 In
3638 1279 3844 1338 Exodo,

2301 1377 2438 1445 quod
2463 1377 2649 1430 dicitur
2674 1376 2722 1428 in
2750 1373 2992 1445 Synopsi,
3013 1389 3195 1427 manus
3212 1373 3403 1443 Moysis
3431 1381 3700 1432 extensas,
3726 1383 3848 1435 quze

2304 1466 2568 1518 victoriam
2613 1463 2859 1518 lsraelitis
2884 1471 3215 1531 pepererunt,
3239 1461 3452 1528 figuram
3472 1459 3642 1511 crucis
3663 1457 3844 1520 fuisse,

2307 1553 2403 1608 hoc
2424 1556 2588 1622 ipsum
2619 1553 2775 1607 refert
2799 1551 3222 1619 Chrysostomus,
3255 1549 3444 1602 Homil.
3475 1548 3525 1600 in
3545 1546 3669 1599 illud
3695 1562 3708 1597 :
3742 1545 3849 1599 Pa-

2306 1655 2406 1708 ter,
2433 1646 2476 1696 εἰ
2505 1644 2732 1712 possibile
2758 1652 2827 1695 est
2844 1680 2860 1706 ,
2897 1641 3046 1694 Tom.
3089 1639 3173 1703 Ill,
3200 1639 3302 1692 col.
3325 1637 3409 1691 36.

2377 1732 2521 1785 Dicet
2545 1731 2766 1784 fortasse
2803 1729 3060 1797 quispiam
3095 1746 3108 1781 :
3140 1727 3196 1781 Si
3221 1726 3334 1780 haec
3372 1723 3622 1794 Synopsis
3657 1723 3847 1792 genui-

2307 1836 2428 1874 num
2454 1821 2523 1874 sit
2543 1819 2902 1890 Cbrysostomi
2930 1832 3081 1886 Opus,
3113 1831 3205 1869 cur
3231 1831 3258 1867 a
3292 1815 3519 1878 nemine,
3558 1812 3694 1882 quod
3725 1814 3850 1880 qui-

2305 1912 2424 1965 dem
2468 1912 2728 1974 sciamus,
2780 1917 3065 1963 memorata
3125 1907 3236 1960 est?
3279 1920 3373 1958 cur
3419 1913 3613 1957 tantmn
3652 1903 3716 1955 de
3758 1903 3852 1953 illo

2307 2016 2464 2069 opere
2513 1999 2647 2067 apud
2696 2013 2879 2052 omnes
2921 1995 3317 2050 Ecclesiasticos
3362 1993 3641 2060 scriptores
3684 1993 3849 2044 silen-

2310 2090 2470 2142 tium?
2503 2089 2691 2141 Verum
2725 2101 2825 2138 non
2856 2096 2936 2139 est
2955 2085 3092 2153 quod
3119 2094 3329 2152 stupeas
3350 2082 3415 2135 de
3442 2093 3584 2134 tanto
3609 2082 3848 2139 silentio,

2308 2178 2512 2248 quando
2539 2193 2602 2231 ne
2640 2177 2891 2230 decimam
2934 2174 3143 2243 quidem
3180 2181 3377 2241 partem
3425 2186 3637 2239 operum
3679 2171 3852 2239 Ciny-

2309 2267 2545 2329 sostomi,
2577 2280 2690 2333 qua:
2724 2279 2859 2318 nunc
2887 2272 3108 2327 exstant,
3131 2278 3158 2313 a
3177 2261 3364 2314 Photio
3390 2262 3692 2327 exterisque
3719 2261 3852 2313 seti-

2312 2354 2547 2422 ptoribus
2576 2361 2915 2405 memoratam
2937 2351 3317 2417 comperimus;
3341 2349 3405 2402 de
3431 2349 3509 2400 his
3535 2358 3706 2402 autem
3726 2363 3852 2415 ope-

2310 2444 2451 2496 ribus
2475 2443 2806 2510 loquor,qua:
2834 2455 3074 2509 germana
3104 2454 3219 2494 esse
3248 2439 3383 2508 apud
3409 2438 3640 2492 eruditos
3665 2452 3852 2490 omnes

2311 2532 2362 2584 in
2389 2532 2626 2586 confesso
2673 2541 2771 2584 est.
2800 2530 2978 2598 Neque
3012 2538 3093 2584 est
3116 2530 3252 2596 quod
3303 2529 3552 2581 miremur
3593 2528 3691 2581 hoc
3716 2543 3851 2595 opus

2311 2621 2441 2674 adeo
2471 2622 2759 2688 neglectum
2795 2619 2974 2684 fuisse,
3008 2630 3062 2671 ut
3085 2619 3196 2686 ejus
3231 2633 3349 2685 pars
3378 2618 3599 2670 maxima
3643 2616 3852 2669 excide-

2310 2711 2405 2772 rit,
2456 2726 2519 2763 ex
2565 2709 2736 2763 Veteri
2780 2723 2966 2776 nempe
3009 2709 3340 2761 Testamento
3387 2707 3620 2774 quaedam
3667 2717 3719 2760 et
3765 2708 3851 2760 illa

2313 2801 2485 2853 Omnia
2517 2816 2630 2868 qute
2655 2801 2718 2852 ad
2744 2799 2943 2852 Novum
2974 2797 3635 2867 pertinebant.llujusmodi
3657 2797 3798 2866 quip;
3821 2812 3851 2850 e

2311 2891 2513 2956 generis
2534 2891 2723 2958 scripta
2740 2888 2904 2943 Graeci
2930 2888 3206 2941 admodum
3225 2885 3571 2953 negligebant,
3609 2885 3851 2938 homilias

2313 2991 2441 3029 vero
2470 2988 2574 3028 tum
2605 2991 2771 3041 veras,
2797 2985 2902 3029 tum
2931 2977 3151 3044 spurius,
3172 2974 3504 3027 libentissime
3531 2975 3849 3028 scribebant.

2311 3065 2438 3119 Nam
2488 3077 2756 3134 utrumque
2798 3067 3186 3119 Testamentum
3232 3064 3358 3116 sica
3385 3062 3751 3132 Chrysostomo
3797 3065 3850 3118 in

2312 3157 2670 3223 compendium
2719 3155 2982 3209 redactum
3023 3154 3181 3209 fuisse
3218 3155 3367 3209 docet
3393 3154 3691 3208 Protheoria
3733 3153 3848 3218 illa,

2312 3259 2464 3311 quam
2496 3245 2635 3296 solus
2659 3243 2812 3296 habet
2841 3242 3012 3297 Codex
3043 3244 3401 3298 Coislinianus.
3440 3246 3492 3299 Si
3515 3244 3640 3297 Novi
3665 3241 3852 3295 Testa-

2313 3333 2473 3384 menti
2499 3332 2749 3400 Synopsis
2791 3343 3104 3399 superesset,
3140 3336 3297 3387 multa
3324 3335 3456 3389 haud
3487 3334 3639 3386 dubie
3659 3332 3852 3398 depre-

2313 3419 2677 3482 henderemus,
2713 3436 2827 3487 qum
2851 3421 3039 3472 Joanni
3082 3422 3457 3489 Chrysostomo
3497 3431 3654 3473 totam
3680 3421 3852 3488 Syno-

2312 3511 2425 3578 psin
2453 3520 2765 3562 assererent.
2813 3509 2940 3561 Nam
2962 3519 3204 3577 quantam
3236 3520 3385 3578 putas
3410 3510 3725 3576 diligentiam
3757 3509 3851 3561 ad-

2315 3597 2543 3650 hibuisse
2592 3598 2732 3649 illum
2777 3597 2827 3649 in
2875 3599 3174 3662 tractandis,
3211 3608 3363 3667 atque
3405 3600 3454 3651 in
3482 3599 3848 3664 compendium

2314 3685 2607 3753 redigeudis
2640 3685 2697 3739 B.
2732 3685 2876 3738 Pauli
2919 3687 3193 3752 Epistolis?
3233 3689 3394 3752 Quam
3423 3687 3702 3755 Scriptum
3733 3703 3853 3755 par-

2317 3785 2417 3830 tem
2443 3787 2492 3830 et
2522 3777 2836 3844 frequentius
2874 3777 3127 3840 adhibuit,
3153 3787 3199 3830 et
3229 3778 3374 3846 quasi
3406 3779 3714 3845 prmeipuam
3733 3779 3851 3830 ubi~

2313 3881 2414 3935 que
2443 3867 2751 3929 celebravit;
2780 3867 2821 3918 si
2851 3875 3020 3919 tamen
3050 3866 3172 3934 quid
3205 3867 3518 3933 prrecipuum
3555 3865 3653 3918 dici
3688 3866 3852 3934 possit

2315 3956 2365 4008 in
2394 3955 2475 4019 iis,
2507 3969 2620 4020 qua:
2660 3955 2880 4021 primum
2914 3964 3177 4008 auctorem
3210 3953 3457 4022 Spiritum
3501 3962 3737 4006 sanctum
3758 3954 3852 4006 ha-

2313 4044 2456 4099 bent.
2488 4043 2606 4096 lllas
2629 4052 2770 4096 certe
2796 4045 3051 4111 Epistolas
3076 4045 3205 4098 adeo
3233 4047 3282 4097 in
3309 4054 3501 4108 mente,
3524 4043 3573 4096 in
3597 4045 3848 4098 memoria

2315 4134 2576 4194 versabat,
2609 4142 2663 4185 ut
2689 4148 2779 4188 eas
2806 4133 2991 4204 ubique
3017 4146 3067 4188 et
3093 4135 3271 4204 quavis
3301 4135 3508 4189 minima
3547 4134 3662 4188 data
3693 4148 3851 4188 occa-

2314 4223 2460 4275 sione
2502 4222 2771 4276 adhiberet
2801 4223 2848 4276 in
2885 4223 3109 4276 homiliis
3135 4223 3184 4276 in
3220 4224 3437 4293 aliisque
3475 4222 3719 4292 operibus
3763 4238 3856 4276 cu-

2309 4313 2471 4381 jusvis
2511 4315 2733 4381 generis.
2778 4313 2901 4368 lude
2943 4323 3054 4374 est,
3092 4315 3222 4367 utin
3255 4315 3842 4385 SynopsiPentaleuchi

2314 4416 2450 4468 saepe
2471 4402 2683 4454 Paulum
2699 4402 2879 4455 videas
2897 4403 2944 4453 in
2967 4402 3190 4454 medium
3212 4401 3414 4464 adduci,
3437 4402 3485 4452 in
3517 4399 3579 4452 iis
3602 4398 3848 4451 nimirum

2316 4490 2651 4544 Pentateuchi
2691 4489 2836 4552 locis,
2863 4505 2976 4557 qua:
3002 4489 3190 4542 Paulus
3219 4490 3268 4540 in
3299 4489 3541 4556 Epistolis
3568 4488 3675 4540 suis
3696 4487 3850 4540 adhi-

2317 4579 2514 4632 buerat.
2552 4578 2800 4645 Quodque
2838 4578 3300 4644 singularissimum
3338 4587 3436 4641 est,
3465 4577 3515 4629 in
3545 4575 3851 4630 Prothcoria

2317 4685 2430 4733 sua,
2471 4670 2558 4722 ubi
2598 4669 2758 4720 libros
2794 4667 2920 4721 Novi
2962 4667 3296 4731 Testamenti,
3343 4683 3471 4734 quos
3515 4666 3563 4720 in
3591 4664 3851 4733 Synopsin

2321 4760 2607 4826 redegerat,
2653 4767 2957 4821 recenset,a
2987 4757 3371 4824 quatuordecim
3416 4757 3655 4822 Epistolis
3704 4753 3851 4808 Pauli

2320 4847 2586 4898 exordium
2635 4843 2807 4904 ducit,
2853 4844 3090 4910 ipsasque
3137 4843 3398 4910 praemittit
3451 4843 3576 4909 ipsis
3629 4850 3854 4909 quatuor

2322 4932 2613 4998 Evangeliis
2651 4941 2700 4983 et
2724 4928 3087 4996 Apostolorum
3110 4930 3328 4982 aclibus.
3353 4928 3499 4982 Unde
3517 4929 3738 4982 fortasse
3757 4944 3854 4981 no-

2322 5036 2441 5071 vum
2473 5019 2723 5086 quispiam
2751 5028 3110 5084 argumentum
3142 5027 3286 5070 cruat
3311 5017 3372 5070 ad
3401 5017 3655 5086 Synopsin
3687 5019 3854 5087 Chry-

2321 5118 2552 5161 sostomo
2581 5106 2928 5167 asserendam,
2950 5107 3036 5174 qui
3063 5122 3162 5159 nou
3195 5108 3354 5161 semel
3381 5107 3592 5158 Paulum
3623 5121 3679 5160 se
3702 5108 3856 5160 vehe-

2323 5203 2522 5248 menter
2549 5207 2721 5246 amare
2764 5192 3054 5258 profitetur,
3080 5202 3131 5246 et
3161 5193 3271 5260 plus
3307 5194 3449 5246 Pauli
3480 5193 3623 5245 libris
3649 5203 3702 5246 ct
3730 5195 3856 5246 actis

2325 5283 2502 5342 utitur,
2527 5296 2676 5348 quam
2705 5282 2906 5332 caeteris
2930 5280 3211 5346 Scriptum
3237 5295 3396 5333 sacrm.
3422 5282 3564 5333 libris
3591 5280 3688 5349 (α).

2391 5371 2587 5438 Stylum
2616 5380 2783 5421 autem
2806 5368 2939 5436 quod
2966 5378 3181 5435 spectat,
3208 5368 3544 5436 proﬂuentem
3571 5369 3711 5420 illam
3741 5385 3859 5422 ver-

2323 5461 2507 5513 bortnn
2535 5466 2584 5510 et
2608 5457 2995 5510 similitudinum
3030 5457 3252 5524 copiam,
3279 5472 3376 5524 qua
3412 5457 3482 5509 uti
3525 5456 3660 5510 solet
3691 5458 3848 5526 Chr;-

2391 5635 2460 5694 (η)
2494 5632 2596 5684 Vid.
2617 5632 2740 5680 ‘remi
2763 5631 2898 5690 Laius
2924 5627 3039 5677 I‘rrf
3072 5629 3094 5690 ς
3119 5635 3183 5678 ιιι.
