4096 6492
234 472 344 527 311

226 580 541 635 sostomus,
578 572 630 626 in
672 571 897 643 SynOpsi
922 580 970 626 et
999 570 1311 641 compendio
1356 572 1651 639 exquirere.
1696 569 1821 623 illud

230 672 383 715 esset
414 662 621 716 nodum
652 663 703 717 in
733 664 905 731 scirpo
942 677 1195 731 quzcrere.
1234 660 1427 715 Verum
1460 660 1618 714 dictio
1648 659 1820 729 Chry-

227 750 469 803 sostomi
508 765 631 805 esse
651 750 1081 820 deprehenditur,
1112 749 1181 803 ita
1212 765 1362 818 pura,
1389 749 1528 803 clara
1557 748 1823 816 nitidaque

225 848 331 891 est.
371 840 495 893 Etsi
536 856 662 895 vero
696 855 781 894 res
808 838 1119 908 compendio
1158 838 1369 905 referat,
1419 837 1699 906 aliquando
1742 846 1823 891 ta-

225 945 352 983 men
403 932 761 1000 interpretem
780 932 903 1000 agit,
932 945 1018 985 res
1045 930 1291 999 explicat,
1330 940 1382 985 et
1408 930 1504 983 alia
1537 929 1823 999 Scriptura:

225 1020 585 1088 maximeque
624 1020 771 1075 Pauli
803 1022 915 1075 loca
943 1020 1095 1075 affert
1124 1020 1189 1074 ad
1220 1020 1643 1089 explanationem
1682 1029 1821 1089 apta.

222 1109 336 1165 Nec
383 1112 562 1166 nimis
596 1111 775 1181 jejuna
814 1112 1067 1182 Synopsis
1107 1120 1223 1178 est,
1254 1112 1349 1166 sed
1388 1114 1437 1166 iu
1469 1112 1825 1166 Pentateucho

224 1199 471 1255 maxime
513 1201 656 1270 justa
684 1215 815 1270 pene
832 1200 1151 1270 longitudine
1179 1202 1449 1257 historiam
1473 1203 1618 1267 texit,
1644 1212 1701 1256 ut
1728 1217 1824 1257 ex-

222 1290 494 1358 emplaris
517 1291 635 1345 loco
652 1291 819 1346 hacin
845 1300 993 1360 parte
1013 1291 1189 1347 haberi
1213 1294 1395 1363 possit.
1417 1293 1716 1349 Verisimile
1741 1308 1826 1349 au-

222 1390 334 1437 tem
364 1393 455 1439 est
484 1386 660 1453 ipsum
681 1384 747 1439 ad
770 1400 919 1439 usum
948 1399 1100 1439 suum
1132 1394 1296 1440 totam
1320 1386 1645 1454 Scripturam
1672 1385 1747 1440 sic
1773 1386 1823 1439 in

220 1469 508 1541 Synopsin
543 1481 698 1542 atque
725 1473 1094 1542 compendium
1117 1473 1402 1543 redegisse.
1436 1474 1491 1528 Si
1515 1489 1673 1544 porro
1695 1474 1824 1529 Novi

220 1563 571 1621 Testamenti
592 1566 1147 1637 Synepsis-aliquando
1170 1582 1240 1621 ex
1266 1568 1497 1624 tenebris
1520 1569 1822 1635 emerserit,

232 1654 359 1709 inde
384 1671 557 1720 nova,
584 1665 641 1709 ut
665 1656 799 1721 dixi,
816 1656 1100 1727 prodibunt
1128 1666 1433 1726 argumenta
1451 1700 1465 1722 ,
1496 1659 1646 1729 queis
1670 1673 1826 1715 verus

226 1747 398 1799 totius
430 1745 744 1817 SynOpseos
763 1755 948 1801 auctor
983 1747 1426 1817 deprehendatur.
1460 1748 1537 1802 Ex
1568 1748 1630 1803 iis
1647 1758 1825 1805 autem

215 1850 342 1902 qua:
360 1843 696 1904 supersunt,
712 1845 767 1891 et
781 1851 843 1891 ex
862 1836 1233 1907 Manuscriptis
1253 1847 1401 1893 eruta
1419 1848 1560 1906 sunt,
1595 1838 1828 1911 Chryso-

219 1933 465 1978 stomum
494 1940 639 1992 esse,
658 1927 978 1995 argumentis
1004 1927 1054 1981 in
1084 1927 1313 1982 medium
1338 1928 1530 1993 allatis,
1558 1928 1775 1997 probavi
1805 1946 1819 1983 :

220 2031 326 2069 non
360 2017 437 2071 ita
468 2026 651 2072 tamen
676 2028 732 2071 ut
753 2032 864 2072 rem
904 2018 1188 2087 perfectam
1219 2018 1618 2089 absolutamque
1646 2021 1827 2075 existi-

218 2122 385 2160 mem.
421 2108 776 2163 Eruditorum
799 2109 991 2179 quippe
1006 2109 1260 2179 judicium
1282 2119 1538 2181 exspecto
1562 2130 1576 2165 :
1602 2126 1721 2165 nam
1740 2127 1825 2167 res

218 2196 446 2266 majoris
465 2207 554 2253 est
581 2200 831 2254 momenti
847 2214 1002 2268 quam
1023 2208 1080 2253 ut
1096 2201 1259 2269 possit
1276 2201 1433 2254 unius
1452 2200 1723 2269 scriptoris
1739 2201 1825 2270 ju-

216 2287 357 2342 dicio
382 2290 598 2355 dirimi,
622 2299 676 2343 et
702 2290 900 2360 absque
943 2291 1303 2346 controversia
1335 2306 1452 2346 esse
1473 2292 1822 2361 pronuntiari.

285 2378 484 2434 Restat
509 2389 570 2433 ut
598 2380 665 2435 de
694 2380 922 2450 Synopsi
961 2379 1251 2450 Scriptura:
1294 2381 1382 2435 illa
1422 2396 1657 2452 agamus,
1705 2397 1824 2451 quae

219 2469 359 2526 inter
406 2473 696 2528 Athanasii
736 2473 906 2544 Opera
950 2471 1336 2540 circumfertur,
1370 2488 1653 2545 quamque,
1700 2474 1823 2530 licet

1479 454 1796 513 DHTRIBA
1836 457 1901 513 IN
1943 453 2289 514 SYNOPSIN.

3392 474 3502 528 312

1930 569 2194 640 diligentis
2231 566 2499 635 scriptoris
2525 581 2659 635 opus
2683 567 2769 632 sit,
2796 566 3067 622 Athanasii
3095 582 3199 622 non
3229 582 3347 624 esse
3375 582 3504 638 pro-

1931 660 2167 713 lm-imus
2206 658 2357 712 Tom.
2382 658 2438 710 2.
2472 657 2559 711 Illa
2582 674 2707 711 vero
2737 658 2789 711 in
2815 658 2963 712 libris
3006 658 3251 713 omnibus
3293 658 3507 713 histori-

1929 749 2024 814 cis,
2058 749 2107 802 in
2138 748 2515 813 Pentateucho,
2565 750 2615 801 in
2648 748 2794 801 libris
2832 748 3059 818 Regum,
3090 757 3143 803 et
3172 749 3223 802 in
3268 748 3509 817 Prophe-

1930 843 2015 905 tis,
2048 850 2158 896 toto
2198 843 2328 896 czelo
2358 841 2531 895 dill‘ert
2558 841 2625 895 ab
2648 841 2745 895 hac
2782 850 2962 895 nostra
3002 840 3250 913 Synopsi,
3292 856 3391 897 nec
3421 849 3505 896 est

1930 930 2052 986 huic
2091 930 2464 999 comparanda,
2498 940 2553 985 ut
2590 931 2760 999 quivis
2807 933 2983 986 statim
3028 933 3329 1002 perspiciat.
3355 933 3409 987 In
3440 932 3508 987 li-

1928 1024 2038 1078 bris
2066 1039 2192 1079 vero
2218 1024 2535 1086 Salomonis,
2562 1023 2612 1077 in
2631 1021 2916 1088 Sapientia,
2936 1026 2987 1078 in
3014 1023 3268 1088 Siracide,
3288 1023 3498 1087 Esther,

1928 1113 2125 1178 Tobia,
2172 1112 2387 1177 Judith,
2426 1112 2610 1167 eadem
2656 1114 2767 1181 ipsa
2811 1122 2893 1167 est
2929 1130 2941 1167 :
2972 1128 3305 1184 augurorque
3355 1113 3503 1167 illum

1928 1201 2197 1272 Synopses
2217 1202 2472 1257 librorum
2501 1201 2799 1271 hujusmodi
2825 1218 2889 1258 ex
2922 1214 3101 1258 nostra
3130 1203 3354 1274 Synopsi
3391 1218 3507 1255 mu-

1932 1301 2133 1347 tuatum
2160 1308 2297 1348 esse.
2324 1291 2452 1346 Nam
2472 1292 2611 1346 illius
2627 1293 2926 1363 SynOpscos
2949 1295 3283 1364 scriptorem,
3305 1302 3500 1347 nostra:

1928 1384 2231 1454 Synopseos
2252 1392 2469 1438 auctore
2488 1392 2641 1438 mtate
2662 1384 2817 1454 longe
2833 1383 3134 1440 inferiorem
3153 1399 3271 1440 esse
3291 1398 3394 1438 non
3412 1383 3499 1437 du‘

1928 1474 2060 1539 bito,
2080 1488 2176 1529 nec
2197 1472 2456 1528 dubitabit
2472 1482 2596 1541 puto
2613 1474 2911 1543 quisquam.
2926 1474 3186 1529 Czeterum
3208 1474 3328 1528 libri
3351 1472 3504 1528 Levi-

1930 1564 2019 1619 tici
2045 1564 2319 1634 Synapsis,
2353 1578 2470 1632 quae
2498 1565 2549 1616 in
2578 1560 2901 1619 Cuisliniano
2930 1564 3123 1619 Codice
3151 1564 3501 1628 desideratur,

1929 1668 2195 1723 quamque
2224 1667 2289 1706 ex
2316 1652 2564 1705 Batavico
2582 1651 2917 1722 Lugdunensi
2942 1653 3352 1722 desumpsimus,
3374 1668 3495 1708 cum

1929 1742 2153 1815 Synapsi
2178 1743 2263 1797 illa
2280 1741 2566 1796 Athanasio
2578 1742 2862 1809 adscripta,
2885 1743 3024 1813 quod
3049 1741 3115 1796 ad
3136 1758 3374 1813 magnam
3392 1743 3502 1798 sul-

1930 1844 2036 1889 lem
2064 1834 2142 1888 sui
2174 1842 2397 1903 partem,
2425 1833 2709 1901 consentit,
2737 1832 2877 1903 quod
2907 1847 3008 1903 qua
3048 1834 3247 1888 ratione
3272 1834 3505 1903 contige-

1929 1927 2015 1991 rit,
2041 1940 2145 1979 non
2173 1924 2301 1978 satis
2330 1924 2581 1993 percipio.

2000 2015 2298 2070 Pulaverim
2320 2022 2494 2068 autem
2530 2013 2962 2085 Chrysoslomum
2991 2012 3093 2068 hoc
3115 2012 3293 2083 operis
3320 2012 3506 2067 Antio-

1928 2104 2064 2160 chia!
2093 2102 2437 2158 adornavisse
2461 2103 2689 2158 fortasse
2708 2113 2988 2173 antequam
3006 2102 3351 2158 concionandi
3380 2118 3507 2171 0pc-

1929 2211 2042 2250 ram
2083 2194 2403 2263 susciperet,
2447 2204 2504 2248 ut
2553 2193 2654 2249 hoc
2698 2195 2827 2249 satis
2866 2194 3044 2265 amplo
3082 2193 3398 2264 compendio
3440 2192 3507 2246 ad

1929 2284 2076 2339 verbi
2105 2283 2199 2338 Dei
2243 2282 2672 2352 przedicatiouem
2712 2293 2972 2351 uteretur,
3006 2294 3061 2339 et
3080 2283 3145 2338 ad
3178 2298 3389 2338 manum
3416 2282 3507 2336 ha—

1930 2373 2081 2430 beret
2109 2370 2249 2429 unde
2268 2372 2581 2430 concionum
2607 2381 2913 2444 argumenta
2944 2380 3292 2428 mutuarctur.
