4062 6514
633 483 744 537 313

1376 467 1436 522 Β.
1469 462 1748 521 JOANNIS
1779 456 2256 517 CHRYSOSTOMI
2297 458 2608 516 ARCHIEP.
2647 452 3189 513 CONSTANTINOP.

3742 465 3850 518 314

651 765 3839 804 MM

1432 1205 1658 1290 ΤΟΥ
1721 1206 1866 1290 ΕΝ
1921 1201 2281 1290 ᾹΓΙΟΙΣ
2352 1196 2780 1290 ΠΑΤΡοΣ
2835 1194 3155 1284 ΗΜΩΝ

635 1578 1633 1757 ΙΩΑΝΝΟΥ
1691 1576 2126 1748 ΤΟΥ
2170 1569 3856 1747 ΧΡΥΣΟΣΤΟΜΟΥ

1975 2051 2460 2143 ΣΥΝΟΨΙΣ

1295 2412 1408 2480 τῆς
1446 2410 1707 2476 Παλαιᾶς
1746 2428 1807 2464 τε
1851 2411 1947 2464 καὶ
1986 2411 2224 2479 Καινῆς,
2258 2409 2332 2475 ὡς
2366 2413 2434 2462 ἐν
2472 2405 2628 2470 τάξει
2658 2403 3129 2471 ὑπομνηστικοῦ.

2047 2968 2444 3022 ΠΡΟΘΕΩΡΙΛ.

701 3212 872 3282 Καινὴ
903 3210 1114 3279 λέγεται
1143 3206 1361 3261 ἀπὸτοῦ
1387 3207 1573 3278 χρόνου
1599 3204 1689 3259 καὶ
1718 3204 1822 3258 ἀπὸ
1842 3206 1940 3273 τῆς
1971 3203 2181 3272 φύσεως

628 3302 737 3354 τῶν
765 3303 822 3353 ἐν
847 3302 980 3369 αὐτῇ
1007 3300 1324 3368 γενομένων,
1368 3298 1445 3349 ὃτι
1486 3297 1658 3348 πάντα
1693 3292 2058 3362 άνεκαινίσθη,
2089 3294 2182 3344 καὶ

634 3390 846 3461 πρῶτον
874 3391 1171 3460 ἄνθρωπος,
1203 3388 1268 3439 δι’
1296 3386 1354 3438 ὃν
1400 3385 1468 3437 τὰ
1505 3385 1698 3437 πάντα.
1731 3385 1844 3434 Ἵνα
1886 3382 1940 3434 δέ
1979 3383 2050 3450 μή
2101 3398 2181 3442 τις

632 3473 1154 3548 λέγῃοὉούρανὺςὸ
1193 3476 1372 3540 αὐτὸς,
1421 3476 1453 3544 ἡ
1498 3473 1590 3541 γῆ,
1638 3474 1727 3525 καὶ
1759 3472 1818 3523 τὸ
1856 3472 2181 3542 κυριώτατον

630 3567 883 3619 ἁπάντων
935 3565 1240 3634 ἄνθρωπος·
1291 3563 1383 3615 καὶ
1438 3562 1495 3629 (Ι.
1546 3560 1747 3626 καινὸς)
1802 3559 1960 3627 νόμος
2007 3558 2177 3628 ἐδόθη,

633 3656 812 3708 καιναὶ
843 3655 1067 3718 ἐντολαὶ,
1098 3653 1255 3722 καινὴ
1282 3654 1314 3722 ἡ
1360 3652 1515 3720 χάρις
1557 3650 1642 3702 διὰ
1666 3649 1755 3702 τοῦ
1784 3648 2027 3719 λουτροῦ,
2058 3666 2179 3700 και-

631 3745 718 3806 νὸς
748 3745 1048 3812 ἄνθρωπος,
1073 3742 1256 3794 καιναὶ
1276 3739 1609 3807 ἐπαγγελίαι.
1640 3739 1831 3790 Οὐκέτι
1852 3738 1956 3807 γάρ
1979 3738 2047 3806 γῆ
2090 3740 2180 3790 καὶ

631 3833 701 3884 ’τὰ
745 3831 850 3884 ἀπὸ
890 3832 985 3900 τῆς
1013 3831 1148 3900 γῆς’
1172 3828 1284 3882 ἀλλ’
1319 3829 1558 3898 οὐρανὸς,
1604 3828 1695 3880 καὶ
1725 3827 1791 3878 τά
1834 3827 1890 3877 ἐν
1916 3828 2176 3896 οὐρανοῖς.

634 3921 808 3975 Καινά
837 3920 903 3973 τά
937 3921 1220 3989 μυστήρια.
1246 3919 1436 3971 Οὐκέτι
1459 3917 1755 3986 γὰρέκείνα
1778 3916 1845 3968 τὰ
1876 3915 2178 3985 σωματικὰ,

633 4010 895 4080 πρόϐατον
936 4008 1027 4061 καὶ
1059 4003 1194 4076 αἷμα
1214 4047 1230 4070 ,
1266 4010 1358 4060 καὶ
1391 4007 1599 4061 κνίσσα.
1627 4006 1719 4056 καὶ
1750 4004 1968 4073 κόπρος,
2007 4003 2117 4056 ἀλλ’
2147 4005 2178 4072 ή

633 4099 818 4167 λογικὴ
849 4099 940 4149 καὶ
965 4099 1210 4166 ἐνάρετος
1236 4098 1473 4166 λατρεία,
1505 4095 1571 4147 τά
1603 4093 2025 4163 παραγγέλματα
2058 4111 2178 4146 και-

634 4189 718 4250 νά,
756 4187 906 4251 ξύλον
935 4187 1012 4249 εἱς
1049 4188 1301 4256 οὐρανοὺς
1332 4187 1526 4252 ἀνάγον
1555 4185 1646 4236 καὶ
1694 4183 1923 4252 ὑψηλοὺς
1957 4183 2178 4252 ἐργαζόο

635 4294 813 4347 μενον.
838 4276 1041 4338 Σκοπὸς
1057 4276 1121 4346 δὴ
1149 4273 1477 4344 ἑκατέρωθεν
1502 4272 1606 4324 τῶν
1633 4272 1907 4339 Διαθηκῶν
1929 4265 2024 4332 εἷς,
2074 4271 2178 4322 τῶν

634 4363 928 4434 ἀνθρώπων
953 4367 986 4432 ή
1010 4363 1305 4432 διόρθωσις.
1325 4361 1431 4412 Καὶ
1450 4361 1500 4411 τί
1517 4362 1596 4411 δεῖ
1616 4358 1908 4426 θαυμάζειν
1935 4359 2058 4426 περὶ
2082 4358 2177 4426 τῆς

632 4452 871 4521 Γραφῆς,
904 4452 1035 4503 ὅπου
1069 4468 1130 4517 γε
1157 4451 1246 4502 καὶ
1274 4450 1368 4518 τῆς
1402 4449 1625 4509 κτίσεως
1654 4449 1819 4516 αὐτῆς
1850 4450 1881 4515 ἡ
1910 4447 2061 4516 χρεία
2091 4446 2178 4497 διὰ

631 4541 852 4607 τοῦτον;
882 4541 990 4594 Καὶ
1036 4540 1142 4609 γάρ
1184 4537 1405 4608 οὐρανὸν
1457 4537 1624 4605 μέγαν
1648 4537 1710 4588 δι’
1739 4536 1897 4588 αὑτὸν
1935 4536 2173 4604 ἐποίησε,

634 4634 730 4685 καὶ
770 4632 872 4701 γῆν
921 4629 1147 4694 εὐθεῖαν,
1181 4631 1271 4682 καὶ
1298 4629 1562 4680 Θάλασσαν
1619 4627 1755 4695 ὑπὲρ
1808 4627 1904 4696 τὴν
1959 4627 2173 4695 χρείαν,

635 4721 722 4773 ἵνα
754 4720 859 4773 ἀπὸ
907 4719 998 4771 τοῦ
1051 4719 1305 4788 μεγέθους
1333 4716 1440 4769 τῶν
1488 4715 1787 4783 γενομένων
1811 4715 2177 4782 θαυμάσαντες

633 4809 724 4860 τὸν
771 4809 1126 4877 Δημιουργδν,
1173 4810 1248 4869 είς
1279 4806 1599 4874 θεογνωσίαν
1626 4805 1834 4857 ἔλθωσι.
1873 4806 1979 4857 Καὶ
2010 4805 2177 4857 ταῦτα

634 4894 725 4950 οὖν
775 4898 861 4950 διὰ
906 4898 1087 4950 τοῦτον
1115 4898 1351 4964 γέγονεν.
1394 4897 1544 4949 Ἑπεὶ
1589 4891 1678 4948 οὖν
1712 4895 1908 4956 σκοπὸς
1955 4891 2032 4957 εἷς
2076 4898 2175 4965 τῆς

634 4988 871 5050 "alata;
904 4988 995 5040 καὶ
1020 4989 1115 5057 τῆς
1148 4987 1351 5054 Καινῆς
1371 5026 1384 5048 ,
1419 4987 1703 5053 ἀναγκαῖον
1731 4981 1861 5036 εἶναι
1887 4985 2124 5052 ἐνόμισεν
2150 4985 2176 5035 ὁ

635 5077 868 5146 Μωῦσῆς
889 5078 978 5129 καὶ
1002 5076 1234 5145 ἱστορίας
1253 5075 1556 5144 ἀναγράψαι
1573 5075 1821 5135 παλαιάς
1839 5075 1897 5125 οὐ
1925 5073 2059 5125 κατὰ
2081 5075 2176 5142 τὴν

636 5163 828 5226 ἔξωθεν
845 5163 1154 5216 ἀκολουθίαν
1172 5180 1186 5194 ο
1208 5165 1399 5215 ἐκείνοι
1423 5163 1520 5231 μὲν
1546 5162 1652 5231 γάρ
1689 5162 1919 5232 ἱστορίας
1943 5162 2176 5230 γράψον-

637 5268 723 5303 σιν
768 5251 969 5313 ἁπλῶς,
1011 5251 1147 5302 ὥστε
1195 5251 1526 5319 πραγμάτων
1557 5252 1830 5319 διηγήσεις
1875 5251 2172 5311 ποιεῖσθαι,

637 5342 727 5394 καὶ
755 5341 1016 5410 πολέμους
1047 5341 1136 5392 καὶ
1165 5339 1337 5409 μάχας
1364 5342 1440 5402 εἰς
1464 5341 1622 5408 μέσον
1652 5341 1890 5405 ἀγαγεῖν,
1921 5342 2011 5392 καὶ
2041 5358 2174 5408 καρ-

639 5431 915 5483 πώσασθαι
949 5431 1100 5494 δόξαν
1133 5431 1236 5483 ἀπὸ
1261 5429 1366 5481 τῶν
1390 5430 1741 5498 γραμμάτων.
1783 5429 1838 5480 '0
1869 5429 1923 5480 δὲ
1967 5429 2176 5497 νομοθέο

635 5537 736 5590 της
781 5521 876 5590 οὐχ
907 5521 1102 5583 οὓτως·
1155 5521 1287 5575 ἀλλὰ
1335 5521 1556 5572 πάντοτε
1604 5518 1835 5587 ἱστορίας
1879 5517 2174 5587 ἀναγράφει

636 5611 842 5681 ἀνδρῶν
894 5613 1135 5680 μεγάλων
1189 5611 1637 5679 κατωρθωκότων,
1688 5607 1824 5658 ὥστε
1878 5610 1986 5668 τοῖς
2043 5607 2175 5675 μετὰ

636 5699 805 5753 ταῦτα
847 5701 952 5752 τῶν
999 5700 1219 5761 ἐκείνοις
1250 5699 1583 5767 βεϐιωμένων
1608 5696 1703 5766 τὴν
1745 5694 1988 5762 διήγησιν
2026 5695 2172 5762 γενέ⁴

641 5788 761 5843 σθαι
803 5789 1136 5852 διδασκαλίας
1168 5788 1374 5857 ἀγαθῆς
1421 5787 1687 5840 ὑπόθεσιν.
1720 5783 1814 5836 Διὰ
1847 5784 1913 5850 δὴ
1936 5783 2087 5838 τοῦτο
2114 5784 2171 5836 οὺ

2284 3203 2444 3274 μόνον
2483 3203 2606 3265 τοὺς
2631 3199 3058 3269 κατωρθωκότας
3101 3200 3183 3265 είς
3219 3203 3377 3272 μέσον
3410 3203 3550 3272 ἄγει,
3582 3205 3716 3259 ἀλλὰ
3744 3210 3850 3261 καὶ

2279 3294 2404 3355 τοὺς
2430 3292 2830 3362 ἡμαρτηκότας,
2855 3293 2942 3344 ἵνα
2971 3291 3096 3354 τοὺς
3129 3293 3225 3361 μὲν
3253 3292 3602 3364 ζηλώσωμεν,
3634 3298 3758 3358 τοὺς
3784 3299 3847 3350 δὲ

2282 3381 2628 3449 ἐκφύγωμεν,
2660 3381 2752 3433 καὶ
2784 3379 3114 3449 ἑκατέρωθεν
3140 3381 3347 3450 ὀρθωθῇ
3389 3383 3456 3434 τὰ
3502 3383 3596 3452 τῆς
3639 3385 3850 3454 ἀρετῆς

2282 3469 2371 3521 καὶ
2396 3468 2463 3521 τὰ
2489 3468 2587 3536 τῆς
2615 3469 2944 3536 ἐπιμελείας.
2978 3469 3068 3538 Μὴ
3096 3469 3269 3522 τοίνυν
3297 3471 3558 3541 νομιζέτω
3585 3491 3666 3536 τις
3692 3475 3849 3538 ξένον

2281 3553 2419 3612 εἶναι
2446 3557 2729 3628 νομοθέτου
2759 3557 2820 3609 τὸ
2849 3557 3083 3620 παλαιάς
3137 3559 3371 3630 ἱστορίας
3401 3562 3695 3629 διηγεῖσθαι
3741 3566 3849 3617 καὶ

2279 3649 2473 3719 νόμους
2507 3647 2652 3719 [515]
2695 3648 3044 3718 άναγράςεειν.
3080 3650 3252 3720 Ὅπερ
3283 3650 3388 3720 γάρ
3423 3653 3594 3722 ἱσχύει
3636 3655 3842 3724 νόμος,

2279 3737 2431 3790 τοῦτο
2477 3738 2568 3790 καὶ
2613 3739 2645 3807 ή
2690 3738 2934 3807 διήγησις
2977 3737 3072 3790 τοῦ
3126 3739 3236 3808 βίου
3285 3740 3392 3792 τῶν
3438 3743 3624 3810 ἁγίων.
3679 3744 3841 3797 Ἐστι

2277 3829 2451 3882 τοίνυν
2475 3829 2573 3898 τῆς
2603 3827 2841 3890 Παλαιᾶς
2870 3828 2930 3879 τὸ
2956 3829 3052 3898 μὲν
3090 3828 3356 3898 ἱστορικὸν
3376 3871 3390 3894 ,
3437 3832 3511 3895 ὼς
3552 3835 3585 3902 ὴ
3635 3834 3838 3888 Ὀκτά-

2279 3935 2462 3987 τευχος
2485 3937 2498 3950 ·
2532 3920 2564 3988 ἡ
2596 3918 2691 3987 μὲν
2714 3919 2926 3980 Γένεσις
2956 3918 3022 3970 τὰ
3053 3922 3176 3988 περὶ
3206 3921 3304 3988 τῆς
3330 3922 3683 3992 δημιουργίας
3747 3924 3828 3977 διο

2281 4007 2575 4076 ηγουμένη,
2611 4006 2702 4058 καὶ
2736 4006 2803 4056 τὰ
2832 4009 2958 4074 περὶ
2993 4009 3084 4058 τοῦ
3118 4009 3230 4076 βίου
3248 4010 3352 4061 τῶν
3391 4011 3838 4081 εὐηρεστηκότων

2277 4093 2419 4164 Θεῷ·
2443 4097 2475 4164 ἡ
2504 4095 2559 4146 δὲ
2591 4093 2802 4159 Ἐξοδος
2830 4095 2926 4163 τὴν
2947 4096 3264 4167 ἀπαλλαγὴν
3293 4099 3400 4151 τῶν
3443 4100 3703 4154 Ἰουδαίων
3730 4103 3840 4173 τὴν

2278 4183 2333 4249 ἐξ
2366 4183 2659 4252 Αἰγύπτου,
2699 4184 2795 4252 τὴν
2845 4185 3140 4253 παράδοξον
3185 4188 3415 4257 ἐκείνην,
3471 4191 3562 4242 καὶ
3604 4191 3697 4260 τήν
3733 4195 3842 4262 τῆς

2277 4273 2481 4343 ἐρήμου
2527 4271 2826 4342 διατριϐήν,
2861 4274 2953 4326 καὶ
2997 4275 3095 4343 τήν
3126 4276 3219 4327 τοῦ
3248 4277 3410 4346 νόμου
3439 4279 3614 4332 δόσιν·
3664 4282 3724 4334 τὸ
3777 4283 3836 4336 δέ

2278 4361 2554 4412 Λευιτικὸν
2577 4360 2643 4412 τὰ
2675 4361 2798 4430 περὶ
2827 4360 3024 4414 θυσιῶν
3051 4364 3142 4416 καὶ
3168 4366 3499 4434 ἱερουργίαςο
3541 4371 3573 4436 ὴ
3601 4369 3705 4439 γὰρ
3734 4372 3835 4424 τοῦ

2279 4449 2408 4500 Λευὶ
2444 4449 2579 4518 φυλὴ
2616 4449 2749 4517 αὕτη
2778 4441 2844 4519 ἦν
2878 4451 2908 4518 ή
2941 4453 3040 4522 τὴν
3073 4454 3366 4524 ἱερωσύνην
3406 4457 3794 4532 κεκληρωμένη
3816 4503 3834 4527 ,

2279 4538 2370 4588 καὶ
2421 4538 2526 4589 άπὸ
2565 4538 2658 4590 τοῦ
2692 4540 2947 4610 ὀνόματος
2980 4541 3077 4610 τῆς
3122 4542 3290 4612 φυλῆς
3322 4545 3420 4614 τὴν
3462 4550 3839 4618 προσηγορίαν

2277 4626 2429 4692 ἔλαχε
2461 4625 2518 4678 τὸ
2550 4626 2767 4695 βιϐλίον.
2800 4631 2928 4682 Μετ’
2960 4633 3129 4682 ἐκεῖνο
3150 4632 3198 4682 οἱ
3243 4634 3514 4704 Ἀριθμοί·
3555 4639 3690 4706 μετά
3720 4641 3837 4712 γὰρ

2275 4717 2334 4767 τὸ
2359 4715 2588 4780 ἐξελθεῖν
2626 4717 2682 4783 ἐξ
2720 4719 3012 4786 Αίγύπτου,
3048 4722 3324 4776 ἐκέλευσεν
3355 4726 3382 4777 ὁ
3428 4726 3559 4789 Θεὸς
3589 4729 3836 4801 ἀριθμη-

2277 4804 2429 4873 θῆναι
2465 4807 2553 4858 τὸν
2579 4807 2747 4875 δῆμον
2778 4809 2883 4860 τῶν
2923 4811 3206 4875 Ἰουδαίων,
3241 4816 3336 4865 καὶ
3379 4810 3517 4884 ἦσαν
3553 4818 3836 4882 ἑξακόσιαι

2276 4895 2528 4965 χιλιάδες,
2563 4898 2652 4964 ἀφ’
2676 4898 2792 4960 ἐνὸς
2822 4898 3102 4968 ἀνθρώπου
3121 4902 3211 4953 τοῦ
3243 4903 3487 4974 Ἀϐραάμ
3517 4907 3835 4976 γενόμεναι.

2277 4981 2403 5038 Εἶτα
2430 4987 2544 5055 μετ’
2567 4987 2741 5038 ἐκεῖνο
2769 4988 2825 5039 τὸ
2859 4992 3017 5041 Δευτε
3029 4991 3268 5061 ρονόμιον
3286 5011 3300 5025 ·
3328 4995 3417 5047 τὸν
3447 4996 3552 5066 γὰρ
3577 4997 3737 5065 νόμον
3764 5001 3835 5053 ἐκ

2275 5075 2521 5145 δευτέρου
2559 5077 2899 5144 ήρμήνευσεν
2943 5081 3121 5143 αὐτοῖς
3161 5083 3188 5133 δ
3231 5084 3486 5153 Μωῡσῆς.
3533 5085 3662 5138 Εἶτα
3709 5091 3836 5156 μετ’

2276 5163 2447 5214 ἐκεῖνο
2502 5162 2704 5230 Ἰησοῦς
2756 5166 2783 5215 ὁ
2831 5166 2921 5217 τοῦ
2957 5167 3144 5237 Ναυῆ·
3194 5163 3344 5232 οὗτος
3382 5172 3488 5240 γὰρ
3543 5175 3677 5242 μετὰ
3737 5178 3838 5233 τὸν

2276 5252 2509 5304 Μωῦσέα
2541 5253 2822 5321 γενόμενος
2845 5254 3016 5308 αὐτῶν
3041 5257 3377 5327 δημαγωγὸς,
3409 5262 3489 5323 είς
3512 5279 3570 5314 τε
3599 5263 3694 5333 τὴν
3726 5267 3836 5335 γῆν

2275 5342 2371 5409 τῆς
2399 5343 2720 5408 ἐπαγγελίας
2742 5345 3014 5414 εἱσήγαγε,
3047 5349 3139 5399 καὶ
3167 5350 3263 5418 τὴν
3292 5351 3392 5418 γῆν
3425 5351 3654 5422 διένειμε
3684 5359 3835 5412 κατά

2279 5431 2504 5500 κλήρους
2533 5435 2650 5494 ταῖς
2681 5433 2881 5486 δώδεκα
2903 5437 3110 5502 φυλαῖς.
3139 5439 3268 5490 Μετ’
3301 5441 3502 5492 ἐκεῖνον
3521 5443 3570 5492 οἱ
3594 5445 3788 5511 Κριταί
3813 5464 3829 5478 ·

2274 5521 2365 5572 τοῦ
2405 5524 2509 5590 γὰρ
2568 5522 2736 5591 Ἰησοῦ
2783 5525 3226 5595 τελευτήσαντος,
3262 5529 3341 5590 είς
3377 5531 3834 5602 άριστοκράτειαν

2279 5610 2537 5678 μετέπεσε
2572 5612 2637 5663 τά
2673 5613 2968 5681 πράγματα
2997 5614 3101 5666 τῶν
3145 5616 3428 5680 Ἰουδαίων,
3463 5619 3553 5669 καὶ
3576 5621 3629 5672 αἱ
3655 5622 3832 5689 φυλαὶ

2277 5700 2553 5768 ἐκράτουν.
2599 5698 2725 5753 Εἶτα
2756 5703 2910 5769 Ροὺθ,
2965 5703 3162 5771 βιϐλίον
3197 5704 3390 5774 βραχὺ,
3432 5709 3665 5778 ἱστορίαν
3699 5714 3830 5780 ἔχον

2281 5790 2531 5856 γυναικὸς
2559 5791 2866 5859 ἀλλοφύλου,
2904 5793 3239 5864 γαμηθείσης
3272 5795 3498 5864 Ἰουδαίῳ
3534 5800 3656 5856 τινί.
3684 5802 3832 5859 Μετ’
