4096 6504
275 445 400 499 313

1390 438 1715 495 SYNOPSIS
1750 439 2161 497 SCRIPTURAS
2201 439 2464 495 SACR/E.

3425 461 3531 515 314

296 778 3515 808 WMW

1234 1295 1641 1385 SANCTI
1720 1297 2135 1385 PATRIS
2208 1294 2642 1387 NOSTRI

808 1710 1603 1869 JOANNIS
1720 1712 3073 1868 CHRYSOSTOMI

1656 2211 2217 2304 SYNOPSIS

956 2530 1185 2591 Veteris
1218 2536 1272 2588 et
1310 2528 1455 2586 novi
1494 2527 1875 2598 testamenti,
1925 2527 2101 2604 quasi
2143 2526 2596 2586 commonitorii
2626 2543 2789 2585 more
2831 2524 2939 2604 (tt).

1539 3365 2008 3426 CONSPECTUS
2050 3365 2337 3427 OPERIS.

375 3731 545 3793 Quare
562 3730 715 3797 prius
746 3727 1131 3780 Testamentum
1155 3728 1463 3795 appelletur,
1504 3727 1677 3783 Vetus.
1698 3730 1896 3797 Scopas

301 3825 576 3887 utriusque
594 3817 914 3871 Testamenti
928 3833 1075 3869 unus.
1092 3816 1288 3870 Divisio
1304 3817 1497 3871 Veteris
1515 3817 1831 3872 Testamenti
1845 3822 1900 3873 in

299 3907 1901 3977 histeriam,consiliaetprophetiam.-Novum'l‘cstamentum

304 4003 505 4056 dicitur
524 4010 576 4055 et
593 4016 621 4052 a
652 4010 890 4067 tempore
914 4006 966 4051 et
985 4012 1012 4049 a
1033 4006 1213 4050 natura
1237 4011 1409 4049 rerum
1431 4010 1562 4063 quas
1582 3997 1887 4065 complecti-

305 4101 420 4156 tur,
434 4090 677 4159 quoniam
690 4088 861 4143 omnia
877 4095 1122 4141 renovata
1137 4094 1277 4152 sunt,
1292 4085 1564 4155 primoque
1576 4085 1755 4150 homo,
1771 4101 1886 4154 pro-

304 4191 432 4251 pter
444 4196 598 4249 quem
616 4182 791 4234 omnia
809 4186 929 4231 sunt
946 4176 1174 4231 condita.
1197 4174 1271 4229 Ne
1288 4177 1403 4243 quis
1420 4184 1591 4227 autem
1609 4175 1778 4228 dicat:
1801 4177 1884 4228 At-

302 4272 401 4340 qui
419 4270 600 4323 exulum
616 4269 752 4323 idem
770 4276 868 4331 est,
890 4277 1027 4321 terra
1047 4266 1252 4329 eadem,
1269 4274 1321 4318 et
1341 4266 1497 4318 homo
1533 4280 1762 4333 quoque,
1790 4282 1876 4321 res

305 4360 549 4416 omnium
568 4358 902 4427 dignissima;
931 4370 1061 4409 nova
1080 4354 1158 4407 lex
1179 4353 1295 4407 data
1315 4365 1415 4418 est,
1441 4369 1573 4405 nova
1599 4363 1878 4423 praecepta,

305 4465 450 4504 nova
469 4450 633 4519 gratia
663 4462 757 4517 per
772 4448 1247 4500 lavacrummovus
1279 4443 1456 4507 homo,
1476 4458 1627 4495 novae
1663 4444 1883 4511 promis-

304 4546 512 4596 siones.
535 4541 645 4594 Non
671 4541 808 4594 enim
838 4539 973 4591 ultra
1011 4538 1180 4606 agitur
1210 4536 1275 4589 de
1299 4544 1435 4588 terra
1452 4543 1504 4587 et
1524 4534 1589 4588 de
1617 4536 1839 4588 terrenis
1864 4551 1877 4598 ;

303 4631 410 4685 sed
436 4630 500 4682 de
516 4630 642 4682 caelo
659 4640 710 4682 et
725 4628 791 4681 de
808 4628 1123 4680 czelestibus.
1143 4625 1285 4678 Nova
1319 4625 1587 4694 mysteria.
1612 4624 1722 4677 Non
1747 4627 1879 4677 ultra

303 4724 489 4775 locum
509 4717 698 4771 habent
714 4717 800 4769 illa
814 4730 1087 4784 corporea,
1108 4715 1239 4776 ovis,
1258 4713 1489 4781 sanguis,
1508 4714 1678 4773 nidor,
1700 4714 1875 4775 timus;

304 4808 410 4864 sed
428 4806 745 4860 rationabilis
761 4806 845 4859 ille
860 4805 1151 4871 virtuteque
1165 4811 1379 4856 ornatus
1392 4801 1559 4853 cultus
1579 4819 1589 4852 :
1608 4814 1737 4853 nova
1756 4816 1881 4868 pra:-

302 4906 488 4966 ccpta.
526 4896 737 4965 Lignum
764 4909 859 4949 nos
888 4893 952 4946 ad
969 4893 1153 4947 omium
1190 4892 1364 4954 ducit,
1393 4891 1745 4958 sublimesque
1764 4890 1879 4943 effi-

302 4990 405 5043 cit.
426 4986 623 5053 Scopus
639 4994 811 5039 autem
831 4984 881 5037 in
900 4993 1121 5051 utroque
1149 4981 1488 5034 Testamento
1510 4995 1645 5033 unus
1668 4991 1766 5042 est,
1785 4980 1879 5033 ho-

305 5080 515 5136 minum
536 5092 721 5145 nempe
736 5076 1053 5129 emendatio.
1074 5072 1271 5143 Ecquid
1290 5073 1476 5125 mirum
1493 5071 1557 5124 de
1580 5073 1873 5138 Scriptura,

303 5169 523 5242 quando
540 5180 720 5222 natura
743 5178 848 5221 tata
880 5167 942 5219 ad
969 5166 1079 5233 ejus
1103 5180 1252 5218 usum
1283 5171 1363 5217 est
1392 5162 1644 5216 condita?
1674 5162 1875 5215 Etenim

305 5277 558 5326 magnum
584 5268 798 5329 prOpter
826 5257 969 5310 illum
992 5256 1176 5310 exulum
1203 5254 1452 5316 condidit,
1482 5262 1670 5305 terram
1698 5253 1875 5315 latam,

306 5368 461 5406 mare
492 5351 677 5420 majus,
707 5363 862 5418 quam
895 5346 1180 5399 necessitas
1211 5344 1479 5413 postulare
1506 5341 1795 5404 videbatur,
1826 5350 1879 5391 ut

308 5459 336 5497 ι
370 5441 724 5511 magnitudine
753 5437 1081 5509 opificiorum
1110 5435 1362 5504 Opiﬁcem
1390 5434 1661 5497 mirantes,
1695 5431 1758 5484 ad
1789 5432 1877 5484 Dei

374 5636 442 5696 (η)
477 5643 605 5685 Bene
630 5634 819 5689 dicitur,
839 5627 1198 5696 commatitgfii,
1220 5627 1298 5675 vel
1322 5626 1634 5696 forte,_brevis
1649 5638 1880 5696 commen-

311 5686 592 5748 tarii'more.
619 5703 725 5743 Nam
751 5686 829 5744 hic
855 5692 1029 5754 passim
1049 5688 1435 5754 _§1hrysostomus
1468 5690 1646 5735 breves
1675 5686 1879 5746 explica-

309 5768 463 5809 tiones
480 5759 671 5821 adjecit.
696 5749 971 5821 rerumque.
983 5749 1218 5821 inHVe-te‘ri
1235 5756 1539 5800 Testamento
1556 5755 1878 5798 euarratarum

306 5833 409 5872 cum
426 5812 553 5872 Νονό
575 5812 932 5870 consonantiam
959 5812 1144 5861 indicat.

1994 3734 2348 3802 Cognitioncm
2373 3735 2635 3790 venirent.
2663 3736 2785 3791 Ilaec
2816 3737 2989 3807 itaque
3020 3752 3231 3812 propter
3258 3745 3401 3801 illum
3430 3747 3564 3807 facta

1993 3832 2133 3876 sum.
2162 3823 2419 3891 Quoniam
2448 3825 2603 3893 igitur
2634 3827 2841 3883 Veteris
2863 3840 2915 3884 et
2940 3831 3066 3886 Novi
3099 3836 3415 3893 Testameuti
3446 3857 3567 3896 sco-

1990 3926 2089 3980 pus
2124 3928 2257 3967 unus
2296 3924 2413 3979 est,
2447 3919 2803 3971 necessarium
2832 3920 2988 3973 etiam
3018 3926 3216 3990 putavit
3244 3926 3448 3996 Moyses
3471 3930 3557 3983 hi-

1989 4003 2180 4056 storias
2200 4014 2405 4058 veteres
2426 4005 2725 4061 describere
2751 4027 2762 4060 :
2789 4023 2889 4063 non
2912 4014 3201 4066 secundum
3225 4024 3571 4075 externorum

1988 4106 2188 4145 morem
2216 4134 2228 4151 .
2257 4094 2344 4161 qui
2378 4094 2624 4148 historias
2654 4098 2889 4151 scribunt
2919 4115 2978 4154 ea
3023 4113 3199 4155 mente
3236 4113 3468 4168 tantum,
3505 4117 3561 4159 ut

1989 4196 2162 4234 rerum
2198 4183 2525 4238 narrationes
2558 4194 2758 4251 texant,
2785 4198 2838 4241 et
2868 4188 3001 4242 bella
3034 4206 3334 4262 pugnasque
3366 4196 3413 4248 in
3448 4212 3559 4250 me-

1987 4270 2132 4324 dium
2160 4281 2337 4341 agant,
2369 4284 2527 4342 atque
2553 4290 2617 4329 ex
2644 4277 2852 4346 scriptis
2878 4280 3097 4348 gloriam
3129 4283 3225 4335 sibi
3256 4294 3457 4351 parent.
3486 4287 3554 4338 At

1989 4360 2257 4429 legislator
2284 4378 2387 4416 non
2417 4367 2493 4418 sic
2523 4383 2535 4418 :
2565 4366 2657 4419 sed
2690 4383 2902 4437 semper
2936 4370 3179 4424 historias
3209 4375 3388 4427 scribit
3428 4375 3551 4428 illu-

1986 4455 2171 4507 strium
2201 4456 2429 4509 virorum
2462 4458 2550 4526 qui
2581 4473 2666 4512 res
2696 4461 2974 4528 praeclaras
3002 4474 3312 4530 gesserunt;
3346 4476 3401 4518 ut
3432 4466 3553 4521 vita:

1986 4542 2195 4597 illorum
2224 4546 2456 4599 narratio
2496 4550 2720 4616 posteris
2764 4550 2832 4602 sit
2868 4552 3078 4617 Optimm
3112 4553 3365 4608 doctrinae
3392 4571 3552 4625 argu-

1987 4645 2238 4687 mentum.
2274 4635 2500 4706 Ideoque
2530 4653 2632 4691 non
2666 4640 2822 4693 modo
2851 4655 2943 4694 eos
2972 4643 3057 4709 qui
3089 4658 3145 4697 se
3177 4646 3336 4710 probe
3364 4662 3553 4715 gesse-

1986 4733 2107 4777 runt
2136 4725 2183 4777 in
2217 4726 2445 4779 medium
2487 4726 2736 4793 adducit,
2780 4729 2868 4783 sed
2913 4734 3070 4785 etiam
3113 4745 3415 4803 peccatores
3448 4756 3461 4793 :
3498 4749 3557 4792 ut

1985 4814 2102 4867 illos
2140 4816 2477 4881 :emulemur,
2524 4817 2619 4871 hos
2657 4829 2829 4875 autem
2871 4820 3125 4891 fugiamus
3153 4867 3167 4892 ,
3211 4836 3263 4878 et
3298 4830 3552 4899 utrinque

1985 4904 2231 4957 virtutem
2274 4904 2706 4977 diligentiamque
2748 4910 3002 4979 majorem
3050 4911 3424 4981 adipiscamur.
3476 4918 3553 4970 Ne

1983 4996 2099 5063 quis
2143 5011 2267 5064 ergo
2309 4998 2572 5052 existimet
2614 5010 2761 5054 extra
2810 5002 3121 5070 legislatoris
3155 5005 3383 5058 officium
3434 5023 3553 5062 esse

1984 5084 2229 5137 historias
2259 5096 2465 5141 veteres
2503 5104 2719 5142 narrare
2743 5130 2758 5155 ,
2813 5100 2864 5144 et
2895 5092 3033 5160 leges
3078 5095 3423 5161 perscribere.
3458 5098 3549 5149 Et-

1984 5176 2121 5228 enim
2156 5192 2309 5245 qnam
2343 5178 2442 5231 vim
2463 5179 2619 5233 habet
2648 5180 2754 5244 lex,
2779 5182 3013 5235 eamdem
3029 5183 3226 5237 obtinet
3250 5195 3551 5240 sanctorum

1982 5265 2101 5317 vita:
2133 5268 2379 5320 narratio.
2412 5267 2508 5321 Est
2538 5269 2709 5336 itaque
2740 5270 2791 5321 in
2825 5273 2983 5323 veteri
3015 5274 3129 5341 lege
3158 5274 3296 5327 aliud
3330 5275 3545 5327 histori-

1982 5369 2100 5407 cum
2131 5397 2143 5420 ,
2176 5366 2229 5409 ut
2257 5356 2609 5411 Octateuchus
2636 5360 2745 5426 (n);
2779 5374 2967 5429 nempe
2988 5360 3228 5427 Genesis,
3257 5378 3371 5429 qua:
3396 5378 3549 5415 crea-

1987 5446 2176 5499 tionem
2205 5458 2436 5508 euarrat,
2472 5463 2673 5501 necnon
2697 5450 2851 5501 vitam
2874 5465 3055 5503 eorum
3088 5451 3174 5519 qui
3205 5451 3311 5502 Deo
3340 5452 3542 5517 accepti

1985 5535 2159 5603 fuere;
2194 5538 2429 5603 Exodus,
2454 5553 2569 5608 quae
2586 5538 2797 5594 Iudaeos
2819 5540 3031 5595 exhibet
3053 5556 3113 5593 cx
3137 5539 3363 5608 AZgypto
3386 5541 3547 5593 mira-

2048 5686 2117 5747 (u)
2153 5688 2610 5751 Octateuchus,octo
2629 5690 2812 5750 priores
2833 5692 3081 5751 scripturae
3100 5687 3245 5735 libros
3269 5688 3551 5748 complecti-

1984 5754 2077 5813 tur,
2102 5750 2341 5806 Ceuesim,
2377 5750 2604 5813 modum,
2638 5752 2910 5813 leviticum,
2936 5750 3199 5810 numeros,
3246 5756 3544 5800 Dcuterouo-

1984 5809 2146 5871 mium,
2166 5816 2326 5868 Jusue,
2351 5810 2560 5870 Judiccs,
2582 5818 2632 5859 ct
2654 5812 2788 5860 ttuth.
