4096 6512
630 434 739 488 315

633 528 805 580 hilitcr
821 526 1036 580 eductos
1056 532 1109 578 ct
1131 524 1396 583 liberatos,
1420 523 1640 591 atquein
1664 521 1874 575 deserto
1890 519 1976 572 diu
1996 532 2199 570 moran-

634 625 731 678 tes,
752 616 1021 682 legemque
1040 620 1192 666 latam
1219 631 1231 676 ;
1255 612 1535 675 Leviticus,
1570 612 1619 664 in
1643 625 1744 678 quo
1765 610 1830 663 de
1850 608 2122 662 sacriliciis
2141 615 2194 660 et

634 704 965 759 sacerdotio:
997 719 1115 756 nam
1140 704 1307 756 tribus
1332 702 1454 755 Levi
1485 699 1833 755 sacerdotium
1857 699 2036 753 sortita
2068 709 2150 753 est
2183 716 2195 751 :

633 803 688 846 ct
710 809 772 846 cx
799 794 964 846 tribus
990 794 1201 846 nomine
1233 801 1560 860 nuncupatus
1590 791 1723 844 liber
1743 799 1842 843 est.
1869 789 2062 842 Deinde
2089 788 2196 840 Nu-

635 885 802 948 meri;
847 894 964 951 post
1007 899 1276 953 egressum
1319 886 1457 936 enim
1500 897 1562 935 ex
1609 881 1839 950 Egypto
1871 879 2026 948 jussit
2061 879 2197 931 Deus

633 974 895 1026 numerari
944 973 1195 1041 populum
1238 971 1517 1025 Judaicum
1544 1011 1557 1034 ,
1606 979 1862 1038 erantque
1903 970 2198 1023 sexcenties

633 1065 808 1127 mille,
843 1065 909 1117 ab
939 1081 1041 1118 uno
1073 1065 1285 1118 homine
1316 1063 1614 1117 Abrahamo
1639 1065 1758 1118 orti.
1787 1064 1975 1117 Postea
2007 1063 2198 1116 Dente-

633 1157 930 1209 rouomium
961 1173 974 1209 :
1005 1156 1170 1224 legem
1199 1156 1336 1208 enim
1365 1155 1598 1209 secundo
1629 1155 2001 1222 interpretatus
2031 1163 2109 1207 est
2135 1153 2197 1205 il-

633 1246 699 1298 lis
723 1246 946 1316 Moyses.
993 1246 1189 1300 Deinde
1216 1246 1370 1300 Jesus
1410 1246 1548 1300 ﬁlius
1580 1246 1728 1300 Nave
1754 1263 1765 1298 :
1795 1245 1888 1300 hic
1913 1245 2052 1299 enim
2083 1253 2199 1312 post

633 1337 864 1406 Moysem
897 1338 1103 1390 illorum
1137 1337 1239 1390 dux
1274 1337 1586 1390 constitutus
1612 1378 1625 1400 ,
1662 1337 1711 1389 in
1744 1344 1936 1390 terram
1970 1335 2194 1402 prornis-

633 1427 798 1479 sionis
820 1426 1105 1479 introduxit
1128 1427 1264 1490 illos,
1289 1435 1586 1492 terramque
1611 1440 1705 1494 per
1731 1432 1900 1479 sortes
1921 1424 2196 1477 duodecim

636 1518 874 1571 tribubus
900 1516 1093 1570 divisit.
1125 1517 1250 1570 Post
1277 1516 1415 1569 hunc
1441 1515 1652 1570 Judices
1684 1533 1698 1568 :
1739 1529 1860 1568 nam
1899 1514 2021 1568 Jesu
2054 1529 2197 1565 mor-

638 1616 746 1671 tuo,
780 1607 1072 1675 respublica
1103 1603 1404 1660 Judmorum
1433 1606 1482 1659 in
1511 1604 1888 1660 aristocratiam
1917 1618 2065 1656 versa
2093 1610 2195 1667 est,

634 1707 687 1748 et
714 1697 878 1749 tribus
901 1696 1174 1765 imperium
1197 1695 1626 1750 moderabantur.
1653 1693 1851 1748 Deinde
1875 1692 2037 1758 Ruth,
2067 1692 2200 1745 liber

634 1788 853 1855 exiguus
876 1828 890 1851 ,
922 1787 1194 1841 historiam
1224 1785 1577 1854 complectens
1605 1785 1840 1838 mulieris
1868 1783 2194 1850 alienigenae,

632 1893 748 1946 quin
775 1877 954 1931 JUdiBO
979 1877 1185 1931 cuidam
1215 1877 1406 1944 nupsit.
1432 1876 1557 1929 Post
1582 1875 1721 1928 hunc
1747 1875 2047 1942 Regnorum
2078 1872 2197 1926 libri

632 1978 857 2034 quatuor
885 1984 897 2019 :
933 1968 982 2020 in
1011 1968 1199 2036 quibus
1228 1977 1373 2036 gesta
1405 1966 1595 2028 Saulis,
1622 1964 1852 2029 Davidis,
1879 1963 2196 2027 Salomonis,

635 2058 785 2122 Elim,
821 2058 1019 2121 Elismi,
1050 2066 1100 2109 et
1130 2057 1326 2125 reliqua
1358 2071 1523 2125 usque
1547 2055 1610 2108 ad
1640 2055 1995 2121 captivitatem
2029 2053 2200 2121 Baby-

635 2148 877 2202 l0nicam.
924 2148 1048 2201 Post
1094 2147 1394 2215 Regnorum
1437 2146 1596 2200 libros
1646 2144 1864 2198 Esdras.
1913 2143 2196 2210 Postquam

633 2239 772 2290 enim
804 2239 851 2290 iu
890 2238 1208 2307 Babylonem
1238 2237 1305 2289 ob
1333 2244 1541 2306 peccata
1578 2250 1668 2288 sua
1699 2234 1910 2289 abducti
1952 2232 2155 2287 fuerant
2181 2272 2197 2297 ,

636 2330 808 2398 ibique
834 2331 1160 2397 septuaginta
1189 2329 1340 2382 annis
1369 2330 1419 2381 in
1449 2327 1702 2381 servitute
1729 2336 2032 2380 manserant
2057 2367 2071 2390 ,
2103 2325 2198 2379 de-

636 2434 778 2471 mum
816 2419 951 2472 Deus
984 2420 1217 2486 placatus
1242 2459 1255 2479 ,
1289 2419 1338 2471 id
1379 2418 1606 2486 providit
1650 2427 1704 2470 ut
1742 2416 1913 2484 Cyrus
1946 2426 2067 2469 tune
2108 2431 2200 2469 rex

636 2510 936 2572 Persarum,
971 2507 1157 2577 Cyrus,
1191 2510 1423 2577 inquam,
1453 2507 1603 2576 cujus
1635 2506 1884 2575 puerilem
1917 2505 2204 2558 institutio-

637 2613 755 2650 nem
776 2599 1055 2665 descripsit
1070 2598 1386 2666 Xenophon,
1405 2597 1637 2665 captivos
1659 2595 1967 2650 dimitteret.
1989 2595 2198 2647 Dimissi

637 2703 761 2739 vero
784 2687 1051 2740 redierunt
1077 2687 1295 2741 ducibus
1325 2687 1513 2751 Esdra,
1545 2686 1755 2739 Neomia
1778 2695 1830 2738 et
1856 2685 2199 2739 Zorobahele.

639 2777 788 2830 llunc
819 2776 1041 2830 reditum
1073 2777 1325 2831 describit
1356 2776 1549 2830 Esdras
1572 2816 1586 2840 ,
1619 2785 1671 2828 et
1708 2774 1970 2842 quomodo
2002 2775 2201 2827 reversi

640 2867 888 2933 templum
912 2866 1079 2919 denuo
1094 2865 1820 2932 construxerint,urbemque
1849 2864 2208 2917 remdiﬁcave-

639 2958 760 3010 rint.
786 2959 1004 3009 Centum
1027 2956 1216 3010 deinde
1238 2957 1387 3009 annis
1403 2957 1619 3025 elapsis,
1639 2971 1819 3009 rursus
1842 2955 1960 3009 illos
1985 2955 2200 3022 bellum,

638 3045 1024 3100 Macedonicum
1057 3061 1244 3114 nempe
1271 3087 1284 3109 ,
1317 3047 1528 3099 invasit.
1563 3045 1762 3099 Deinde
1791 3045 2036 3099 Antiochi
2080 3045 2203 3113 Epi-

638 3138 825 3206 phanis
853 3146 995 3208 gesta
1037 3147 1348 3206 sequuntur,
1386 3136 1594 3206 quando
1626 3136 1791 3190 tribus
1832 3137 1984 3190 annis
2021 3146 2074 3190 et
2117 3137 2200 3190 di-

638 3228 799 3282 midio
827 3229 1028 3282 obsessi
1055 3268 1069 3290 ,
1103 3228 1343 3295 maleque
1373 3227 1542 3281 allecti
1569 3267 1582 3289 ,
1613 3242 1641 3279 a
1670 3226 2056 3279 calamitatibus
2085 3242 2202 3279 rur-

637 3335 754 3372 sum
775 3320 936 3386 erepti
959 3327 1098 3371 sunt.
1123 3319 1248 3371 Post
1272 3319 1383 3371 haec
1407 3317 1613 3371 modico
1635 3317 1815 3385 elapso
1841 3327 2077 3386 tempore
2101 3317 2198 3388 (a),

634 3405 874 3461 Christus
898 3405 1128 3468 advenit,
1157 3415 1209 3460 ct
1237 3406 1395 3459 Vetus
1419 3405 1810 3460 Testamentum
1842 3406 2052 3461 desinit.

703 3497 997 3551 Iudaeorum
1037 3514 1190 3568 genus
1239 3497 1389 3550 unde.
1421 3526 1492 3538 --
1529 3496 1597 3552 Ut
1634 3505 1807 3551 autem
1839 3498 2069 3553 discatur
2097 3497 2198 3552 Ju-

637 3588 798 3641 daica:
843 3590 1013 3657 gentis
1053 3591 1238 3658 origo,
1283 3588 1522 3657 quadam
1575 3589 1659 3644 hic
1712 3590 1999 3643 enarranda
2057 3600 2199 3644 sunt.

636 3678 758 3731 Post
783 3679 946 3732 Adam
975 3678 1069 3731 fuit
1095 3678 1242 3742 Seth,
1268 3677 1457 3732 deinde
1487 3677 1693 3744 Enoch,
1723 3686 1901 3748 postea
1922 3679 2008 3733 alii
2039 3695 2202 3748 usque

635 3767 699 3820 ad
732 3769 919 3820 multas
947 3771 1339 3837 generationes;
1362 3768 1572 3821 demum
1598 3768 1732 3832 Noe,
1760 3768 1909 3837 cujus
1940 3778 2196 3839 tempore,

634 3875 752 3912 cum
784 3859 1022 3912 homines
1050 3870 1229 3913 essent
1261 3859 1459 3912 malitia
1482 3859 1713 3928 corrupti
1737 3900 1751 3924 ,
1785 3859 2035 3913 diluvium
2062 3861 2200 3914 acci-

635 3949 728 4002 dit.
781 3949 1032 4004 Cessante
1071 3950 1267 4004 diluvio
1292 3991 1308 4016 ,
1339 3964 1582 4020 egressus
1621 3965 1687 4004 ex
1729 3965 1850 4004 arca
1894 3952 2037 4005 solus
2079 3967 2198 4006 cum

633 4039 802 4092 tribus
832 4039 970 4103 ﬁliis,
1006 4048 1195 4092 terram
1224 4053 1433 4093 omnem
1459 4040 1603 4107 prole
1629 4054 1720 4093 sua
1749 4040 1989 4110 replevit,
2022 4041 2202 4096 multis

631 4128 966 4180 successione
994 4129 1215 4196 quadam
1245 4130 1534 4198 prognatis.
1567 4129 1695 4184 Cum
1723 4145 1850 4200 ergo
1877 4131 2085 4199 plurimi
2111 4147 2198 4186 es-

632 4225 784 4284 sent,
819 4218 1178 4270 delilicrarunt
1218 4219 1479 4272 :ediﬁcare
1519 4220 1702 4272 turrim
1724 4260 1738 4284 ,
1769 4235 1885 4289 quae
1914 4221 1979 4275 ad
2011 4221 2196 4276 cmlunt

633 4323 797 4376 usque
822 4309 1162 4376 pertingeret.
1189 4309 1381 4361 Eorum
1404 4309 1680 4362 consilium
1710 4309 2015 4378 improbans
2037 4310 2195 4378 Deus,

632 4400 837 4468 linguas
867 4400 1097 4466 ipsorum
1120 4398 1375 4464 confudit,
1409 4415 1672 4469 unamque
1701 4401 1752 4454 in
1781 4401 1971 4454 multas
2001 4400 2196 4456 divisit.

631 4490 802 4556 Quare
830 4503 946 4543 cum
979 4503 1080 4542 non
1109 4504 1224 4543 sese
1253 4499 1433 4544 mutuo
1462 4489 1738 4556 audirent,
1773 4490 1930 4544 simul
1962 4489 2200 4545 habitare

633 4596 736 4634 non
771 4588 1049 4648 potuerunt
1080 4597 1093 4632 :
1126 4596 1242 4649 qua:
1282 4595 1440 4634 causa
1481 4580 1576 4634 fuit
1602 4591 1660 4635 ut
1701 4597 1795 4650 per
1825 4589 1989 4635 totum
2020 4582 2198 4636 orbem

635 4670 1087 4743 dispergerentur.
1123 4671 1323 4724 Dicitur
1350 4679 1526 4725 autem
1565 4671 1617 4724 in
1648 4672 1734 4725 illa
1763 4673 2066 4727 confusione
2099 4673 2201 4726 lin-

630 4775 847 4828 guarum
869 4801 882 4819 ,
917 4759 1180 4814 lleberum
1212 4759 1513 4814 Judieorum
1546 4761 1934 4830 progenitorem
1967 4764 2201 4819 noluisse

630 4851 812 4904 tentati
835 4852 1010 4918 operis
1034 4865 1151 4905 esse
1181 4851 1507 4921 participem,
1536 4854 1811 4923 solumque
1840 4855 2093 4909 mansisse
2111 4857 2197 4922 qui

632 4941 860 5009 linguam
906 4949 1145 4994 servaret
1183 4941 1252 5011 (ὁ)
1281 4983 1294 5007 ,
1340 4941 1441 4997 hoc
1475 4944 1658 5011 Optimi
1689 4944 1897 4998 consilii
1929 4947 2198 5013 prtcrnium

630 5030 897 5099 adeptum.
925 5031 999 5085 Ex
1020 5033 1297 5100 nepotibus
1313 5033 1424 5102 ejus
1447 5033 1542 5087 fuit
1558 5035 1821 5088 Abraham
1844 5053 1856 5088 :
1878 5035 2099 5104 ideoque
2118 5035 2199 5088 Ju-

630 5122 862 5176 dmorum
885 5122 1082 5192 lingua,
1107 5122 1359 5178 llebraica
1388 5134 1605 5178 vocatur
1631 5126 1696 5178 ab
1718 5125 1942 5180 Hebero.
1973 5126 2198 5178 Abrahae

631 5215 770 5268 ﬁlius
811 5213 906 5268 fuit
947 5214 1089 5269 Isaac
1114 5256 1127 5278 ,
1163 5215 1317 5285 hujus
1353 5215 1535 5271 Jacob.
1587 5215 1683 5269 ilic
1711 5217 1893 5284 genuit
1919 5215 2197 5270 duodecim

630 5305 983 5374 patriarchas,
1015 5306 1197 5360 Ruben
1225 5348 1238 5370 ,
1265 5308 1517 5376 Symcon,
1545 5307 1690 5372 Levi,
1723 5305 1933 5371 Judam,
1967 5307 2196 5374 lsachar,

630 5395 888 5462 Zabulon,
912 5396 1429 5465 Nephthalim,Gad,
1463 5398 1595 5464 Dan,
1629 5400 1782 5460 Aser,
1817 5397 2032 5467 Joseph,
2065 5399 2200 5453 Beu-

688 5507 757 5566 (α)
795 5516 824 5569 Α
871 5504 1195 5569 profanatione
1243 5507 1409 5567 templi
1454 5521 1541 5568 per
1587 5508 1864 5556 Antiochum
1905 5508 2198 5569 Epiphanem

624 5565 750 5629 facta
772 5567 826 5613 ad
852 5565 1006 5629 ortum
1030 5567 1201 5617 Christi
1226 5565 1472 5615 annisunt
1495 5570 1686 5617 circiter
1710 5577 1903 5616 centum
1927 5565 2195 5629 Sexaginta.

692 5627 764 5689 (b)
799 5628 1008 5692 ttomiliis
1042 5631 1087 5676 in
1119 5631 1339 5692 genesim
1362 5635 1492 5675 Tom.
1533 5630 1610 5692 ιν,
1655 5629 1744 5676 col.
1772 5629 1880 5683 c279.
1909 5631 1974 5692 ait
1997 5627 2198 5692 Chryso-

621 5698 807 5740 atomus
831 5689 1066 5750 lleberum
1080 5689 1230 5737 solum
1252 5693 1451 5750 primum
1464 5690 1623 5736 mundi
1637 5704 1858 5738 servasse
1875 5690 2058 5737 idioma.
2073 5689 2199 5750 quod

629 5752 706 5799 hic
725 5752 874 5800 etiam
897 5749 1008 5797 dicit
1049 5751 1138 5800 Sed
1166 5749 1361 5800 cadere
1373 5751 1802 5800 contruvcrtitur.V
1813 5752 1890 5799 ide
1907 5759 2061 5800 notam
2081 5749 2196 5800 ibid.

1332 412 1386 466 S.
1428 409 1702 466 JOANNIS
1738 403 2212 463 CIIRYSOSTOMI
2252 404 2562 460 .-\RClllEP.
2593 403 3120 461 CONS’I'ANTINOP.

3744 422 3862 476 316

2300 517 2486 585 jamin.
2515 516 2766 572 Undecim
2808 517 2993 571 horum
3031 515 3440 586 patriarcharum
3475 531 3667 572 nomen
3706 531 3864 571 acoe-

2307 621 2429 674 pere
2461 607 2625 660 tribus
2664 607 2730 661 ab
2769 607 2871 660 illis
2909 617 3058 660 erue.
3101 606 3470 677 Unusquisque
3497 610 3636 663 enim
3663 611 3864 661 tribum

2303 697 2698 764 proseminavit,
2720 707 2771 750 et
2792 697 2966 765 proles
2992 698 3058 751 ab
3083 699 3636 753 eisdenominabatur.
3663 699 3864 753 Verum

2304 785 2516 852 Josephi
2547 801 2649 839 non
2682 803 2782 839 una
2807 788 2992 851 tribus,
3021 788 3111 841 sed
3134 788 3249 842 dua:
3276 790 3503 842 fuerunt.
3528 789 3700 842 Noluit
3721 790 3863 843 enim

2303 875 2516 944 Josephi
2563 887 2708 944 pater
2730 892 2885 930 unam
2932 878 3120 930 tribum
3142 879 3209 932 ab
3228 894 3292 934 eo
3335 879 3683 933 denomiuari.
3727 879 3864 946 Quid

2304 981 2428 1034 ergo
2451 965 2644 1018 factum
2671 976 2750 1019 est
2776 967 2797 1018 ?
2825 967 2953 1032 Quia
2983 981 3117 1021 unus
3143 977 3255 1022 erat
3283 968 3391 1034 ille,
3414 977 3470 1021 ut
3491 967 3684 1036 duplex
3717 968 3869 1022 ﬁeret

2311 1056 2626 1123 patriarcha,
2646 1056 2894 1125 Ephraim
2908 1067 2960 1111 et
2976 1057 3265 1112 Manassem
3284 1058 3416 1113 duos
3435 1059 3550 1128 ejus
3565 1058 3720 1125 ﬁlios,
3734 1058 3869 1112 dua-

2304 1145 2399 1198 bus
2446 1146 2682 1199 tribubus
2719 1147 2931 1199 nomina
2965 1162 3056 1201 sua
3086 1147 3214 1201 dare
3248 1149 3423 1216 jussit.
3472 1148 3620 1204 Unde
3645 1151 3875 1218 contigit

2303 1247 2360 1290 ut
2391 1238 2640 1292 tredecim
2673 1239 2838 1292 tribus
2867 1248 3079 1303 essent;
3114 1256 3302 1309 nempe
3333 1241 3570 1297 undecim
3601 1243 3825 1296 aliorum
3845 1280 3859 1304 ,

2306 1337 2358 1381 et
2384 1327 2499 1380 duae
2527 1326 2742 1397 Josephi
2774 1345 2867 1398 per
2897 1329 3011 1398 ejus
3049 1329 3204 1384 ﬁlios.
3237 1331 3426 1387 Tribus
3467 1332 3593 1388 Levi
3627 1333 3748 1388 hinc
3775 1349 3870 1386 ex-

2306 1419 2549 1486 trahitur,
2572 1421 2850 1492 ordioiquc
2871 1423 3179 1478 sacerdotali
3201 1425 3481 1493 deputatur
3495 1441 3697 1496 meque
3713 1425 3866 1479 enim

2305 1513 2658 1566 necessarium
2690 1523 2800 1568 erat
2825 1515 2965 1568 aliud
2989 1516 3257 1585 quidpiam
3286 1517 3382 1586 ipsi
3411 1518 3652 1582 tradere;
3680 1517 3873 1586 sicque

2303 1610 2481 1655 manet
2508 1603 2786 1657 duodecim
2828 1604 3054 1659 tribuum
3095 1620 3346 1660 numerus
3391 1620 3497 1661 non
3537 1607 3868 1660 imminutus.

2303 1692 2586 1748 Duodecim
2614 1709 2740 1765 ergo
2771 1695 2938 1750 tribus
2965 1697 3065 1751 alia
3095 1697 3269 1752 omnia
3300 1698 3556 1768 gerebant
3580 1716 3593 1751 :
3622 1698 3747 1752 Levi
3773 1714 3886 1752 au-

2305 1790 2407 1836 tem
2442 1783 2596 1838 tribui
2626 1786 2715 1838 uni
2755 1785 3098 1840 sacerdotalia
3141 1788 3317 1841 munia
3356 1788 3657 1842 concredita
3690 1797 3875 1842 erant.

2303 1872 2382 1927 Ex
2417 1874 2513 1927 hac
2539 1876 2676 1930 tribu
2705 1876 2911 1945 Moyses
2938 1886 3069 1931 erat.
3099 1877 3160 1931 Hi
3190 1892 3315 1946 ergo
3343 1877 3618 1932 duodecim
3646 1878 3877 1946 patriar-

2304 1963 2416 2017 cha:
2447 1964 2498 2018 in
2541 1966 2824 2035 Egyptum
2859 1966 3112 2035 profecti,
3147 1968 3360 2036 impleta
3392 1967 3483 2021 Dei
3517 1967 3880 2036 promissione

2302 2053 2606 2110 Abrahamo
2637 2057 2770 2110 facta
2791 2098 2807 2121 ,
2840 2073 2940 2126 qua
2968 2056 3260 2123 dicebatur,
3295 2056 3503 2110 Faciant
3533 2073 3700 2111 semen
3730 2068 3878 2110 tuan;

2303 2145 2428 2197 sicut
2451 2145 2623 2199 stellas
2644 2147 2773 2209 creti,
2802 2156 3172 2202 sexcentorum
3203 2147 3424 2201 millium
3451 2146 3598 2201 fuere
3628 2147 3881 2217 progeni-

2307 2245 2466 2289 tores.
2486 2236 2619 2290 Hinc
2633 2237 2937 2292 Judzeorum
2956 2252 3120 2307 genus
3143 2238 3484 2293 constitutum
3494 2245 3595 2298 est,
3608 2239 3753 2308 quod
3769 2251 3880 2290 no-

2307 2342 2425 2379 men
2453 2329 2654 2396 accepit
2682 2343 2710 2381 a
2743 2329 2876 2382 tribu
2906 2328 3040 2382 Juda
3067 2329 3301 2382 omnium
3331 2327 3594 2396 praecipua
3624 2336 3677 2380 et
3705 2327 3878 2395 regia,

2305 2419 2443 2471 umle
2472 2434 2623 2486 reges
2643 2419 2810 2472 exorti
2835 2419 3188 2474 sunt."eteris
3205 2419 3360 2487 igitur
3381 2419 3704 2473 Testamenti
3729 2418 3881 2470 aliud

2305 2507 2514 2575 quidem
2547 2507 2852 2562 historicum
2882 2517 2962 2562 est
2986 2547 3002 2573 ,
3032 2507 3133 2562 hoc
3157 2521 3347 2576 nempe
3375 2507 3515 2576 quod
3539 2507 3649 2576 jam
3679 2521 3883 2561 recen-

2305 2598 2526 2651 suimus.
2557 2599 2683 2664 Qua:
2710 2599 2774 2652 ad
2804 2599 3020 2654 consilia
3047 2598 3263 2652 moralia
3287 2598 3572 2667 pertinent,
3600 2605 3724 2651 sunt
3747 2596 3885 2650 Pro-

2303 2687 2502 2751 verbis,
2533 2687 2798 2756 Sapientia
2827 2687 3030 2752 Sirach,
3065 2687 3430 2752 Ecclesiastes,
3457 2687 3672 2743 Cantica
3701 2686 3886 2740 canti-

2305 2791 2506 2829 corum.
2544 2777 2916 2846 Pr0pheticum
2946 2792 3074 2832 vero
3102 2786 3224 2832 sunt
3253 2776 3521 2832 sexdecim
3550 2775 3837 2845 Propheta:
3865 2815 3882 2838 ,

2306 2864 2445 2918 Ruth
2469 2867 2566 2936 (a),
2588 2877 2639 2920 et
2662 2867 2843 2920 David.
2867 2867 2959 2921 Ha:
2978 2882 3104 2922 vero
3123 2867 3329 2936 species
3346 2867 3552 2930 divisae,
3575 2865 3733 2920 etiam
3759 2879 3884 2934 per-

2306 2956 2508 3010 mixtim
2544 2958 2659 3010 aliaa
2688 2959 2738 3011 in
2769 2957 2885 3012 aliis
2919 2959 3271 3027 reperiuntur.
3307 2958 3549 3026 Exempli
3589 2971 3749 3012 causa
3775 2997 3792 3023 ,
3825 2956 3883 3011 in

2307 3043 2537 3099 historiis
2568 3045 2900 3116 prophetiam
2920 3048 3155 3103 invenire
3181 3056 3264 3103 est
3287 3065 3298 3101 :
3321 3057 3377 3102 et
3403 3047 3686 3117 prophetas
3711 3047 3887 3102 histo-

2306 3135 2412 3188 rica
2443 3136 2605 3189 multa
2636 3151 2915 3192 recensere
2944 3137 3204 3201 audimus,
3236 3145 3394 3207 atque
3421 3138 3474 3192 in
3501 3137 3691 3192 horum
3722 3146 3884 3191 utro-

2305 3241 2406 3294 que
2432 3227 2648 3280 consilia
2672 3235 2725 3282 et
2746 3228 2942 3283 monita
2963 3227 3426 3297 deprehendimus,
3458 3244 3648 3299 nempe
3674 3231 3724 3282 in
3754 3243 3886 3298 pro-

2306 3316 2482 3384 phetia
2508 3325 2563 3371 et
2589 3318 2641 3372 in
2689 3317 2931 3373 historia.
2973 3318 3096 3374 Hzec
3125 3320 3299 3373 omnia
3319 3359 3336 3386 ,
3369 3328 3427 3374 ut
3452 3319 3586 3382 dixi,
3617 3317 3684 3372 ad
3712 3334 3884 3374 unum

2304 3406 2592 3474 respiciunt
2611 3447 2626 3472 ,
2658 3421 2848 3475 nempe
2869 3407 2934 3461 ad
2961 3407 3286 3462 audientium
3313 3408 3740 3463 emendationem
3761 3449 3778 3473 ,
3811 3410 3885 3462 ita

2308 3504 2364 3548 ut
2388 3511 2452 3550 ex
2480 3496 2628 3565 prius
2654 3506 2919 3566 gestorum
2941 3500 3265 3566 narratione,
3290 3514 3354 3554 ex
3387 3500 3608 3554 consilio
3632 3501 3887 3554 admoni-

2309 3587 2645 3657 tioneque,et
2670 3603 2733 3642 ex
2767 3585 3042 3657 prophetia
3062 3588 3127 3642 ad
3149 3589 3200 3644 id
3225 3589 3366 3658 quod
3394 3588 3644 3644 decorum
3672 3598 3756 3644 est
3786 3603 3890 3644 nos

2305 3678 2702 3733 concinnemus.
2729 3678 3028 3748 Prophetiae
3043 3693 3171 3735 vero
3188 3678 3314 3734 illud
3329 3681 3565 3734 maxime
3584 3693 3722 3749 opus
3740 3689 3885 3745 erat,

2306 3779 2362 3823 ut
2389 3769 2558 3822 futura
2582 3771 2981 3838 prrenuntiaret,
3008 3784 3102 3824 seu
3130 3769 3266 3825 bona
3296 3785 3390 3824 seu
3415 3769 3550 3824 mala
3579 3781 3798 3835 essent;
3830 3781 3889 3826 ut

2303 3860 2436 3914 alios
2473 3859 2799 3913 attraherent
2821 3901 2835 3922 ,
2865 3860 2996 3916 alios
3035 3869 3179 3914 metu
3207 3874 3237 3914 a
3268 3860 3498 3930 nequitia
3543 3871 3884 3916 coercerent.

2302 3949 2400 4005 Est
2424 3958 2476 4003 et
2499 3948 2640 4002 aliud
2670 3948 2960 4018 prophetia:
2983 3964 3174 4019 genus,
3199 3964 3390 4018 nempe
3415 3964 3477 4003 ea
3502 3965 3620 4019 qua:
3640 3948 3708 4003 ad
3729 3949 3889 4003 Chri-

2305 4050 2445 4093 stum
2471 4039 2737 4108 pertinent
2756 4041 3029 4095 vaticinari
3055 4056 3067 4094 :
3090 4041 3179 4096 ubi
3203 4050 3448 4097 accurate
3474 4049 3750 4108 tractatur,
3775 4057 3886 4096 non

2305 4130 2372 4184 de
2408 4129 2634 4184 adventu
2663 4130 2820 4186 modo
2843 4171 2858 4198 ,
2903 4130 2998 4186 sed
3027 4138 3081 4186 et
3107 4129 3174 4186 de
3204 4131 3268 4185 iis
3293 4146 3411 4200 quas
3438 4140 3560 4201 post
3586 4130 3888 4186 adventum

2305 4219 2536 4274 facturus
2565 4229 2716 4289 erat,
2747 4220 2814 4276 de
2841 4231 3026 4291 partu,
3059 4221 3129 4278 de
3157 4221 3458 4290 natalibus,
3485 4221 3552 4278 de
3577 4236 3739 4277 cruce
3763 4264 3779 4288 ,
3818 4224 3889 4277 de

2304 4309 2596 4374 miraculis,
2619 4309 2686 4364 de
2714 4309 3092 4381 discipulorum
3112 4311 3397 4378 electione,
3425 4310 3491 4367 de
3509 4308 3663 4366 Novo
3687 4310 3886 4366 Testa-

2304 4407 2502 4461 mento,
2545 4399 2612 4453 de
2639 4400 2936 4454 cessatione
2971 4399 3308 4454 Judaicorum
3337 4401 3549 4465 rituum,
3571 4400 3639 4455 de
3665 4400 3888 4456 destru-

2306 4489 2482 4544 ctione
2519 4489 2896 4558 gentilitiorum
2921 4529 2936 4556 ,
2977 4488 3046 4544 de
3085 4488 3362 4543 nobilitate
3389 4489 3678 4554 Ecclesia,
3709 4489 3891 4560 dequo

2306 4580 2425 4634 aliis
2449 4580 2694 4634 omnibus
2719 4578 3159 4649 subsequentibus
3185 4578 3364 4634 rebus.
3403 4578 3528 4634 llaec
3556 4579 3738 4634 omnia
3767 4580 3886 4635 cla-

2306 4671 2513 4725 rissime
2543 4679 2665 4726 ante
2692 4671 2917 4724 multum
2945 4680 3150 4738 tempus
3179 4668 3533 4739 praedixerant
3558 4669 3840 4741 propheta)
3865 4709 3886 4736 .

2305 4760 2405 4815 alia
2433 4760 2631 4830 ﬁguris,
2656 4759 2756 4813 alia
2784 4759 2977 4814 verbis.

2377 4849 2664 4918 Prop/retire
2693 4850 2805 4903 dua:
2831 4849 3038 4918 species,
3069 4865 3157 4918 per
3180 4865 3331 4918 opera
3353 4859 3401 4904 et
3429 4864 3517 4919 per
3543 4848 3710 4902 verba.
3746 4848 3884 4903 Pro-

2307 4941 2485 5009 pltctiw
2503 4949 2573 4994 est
2603 4956 2702 4992 non
2728 4939 2874 4992 modo
2900 4940 3088 5006 futura,
3112 4938 3201 4992 sed
3223 4941 3372 4991 etiam
3395 4938 3642 5006 praeterita
3658 4938 3886 5006 apcrirv.

2305 5059 2375 5070 -—
2401 5030 2607 5084 Etenim
2633 5029 2738 5083 duo
2762 5035 2886 5083 sunt
2912 5026 3200 5097 prophetia:
3221 5042 3437 5097 genera,
3466 5035 3523 5082 et
3547 5026 3802 5097 operibus
3829 5037 3884 5080 et

2307 5122 2480 5175 verbis
2510 5121 2683 5175 futura
2722 5118 3078 5187 prsenuntiare
3111 5135 3125 5171 :
3165 5117 3342 5173 verbis
3383 5117 3631 5187 quidem,
3661 5125 3721 5170 ut
3763 5131 3884 5172 cum

2307 5227 2518 5267 erucem
2545 5211 2841 5281 signiﬁcare
2865 5209 3124 5275 volentes,
3151 5209 3369 5264 dicunt:
3398 5207 3540 5262 Sicut
3559 5207 3662 5260 ovis
3691 5206 3766 5259 ad
3789 5221 3885 5260 cc-

2305 5303 2416 5354 dem
2442 5303 2618 5354 ductus
2647 5309 2718 5354 est
2741 5341 2753 5363 ,
2779 5309 2825 5352 et
2861 5299 2989 5351 sicut
3030 5315 3191 5369 agnus
3228 5314 3398 5351 coram
3425 5313 3482 5351 se
3507 5295 3743 5349 tondente
3781 5295 3885 5349 sine

2305 5410 2422 5448 voce
2451 5392 2616 5464 (Isai.
2648 5393 2734 5447 55.
2765 5391 2856 5460 7).
2883 5390 2997 5445 Hoc
3033 5390 3209 5460 itaque
3234 5389 3408 5445 verbis
3449 5387 3579 5458 ipsis
3603 5386 3884 5442 vaticinari

2369 5505 2441 5566 (a)
2478 5503 2594 5566 nuth
2635 5504 2775 5566 inter?
2806 5501 3113 5566 prephe‘tieos
3151 5500 3300 5550 libros
3329 5499 3547 5566 fortasse
3571 5497 3708 5566 ponit
3724 5500 3884 5566 ,__guia

2305 5558 2448 5616 unius
2468 5564 2685 5612 mulieri;
2709 5558 2907 5628 private'
2946 5562 3143 5628 historia
3175 5575 3271 5610 non
3297 5561 3546 5628 videbatur
3585 5558 3716 5628 inter

2305 5639 2471 5677 sacros
2495 5618 2739 5672 accenseri
2767 5636 2926 5684 posse,
2953 5624 3043 5671 nisi
3067 5635 3127 5671 ex
3168 5635 3227 5670 ea
3248 5618 3453 5684 muliere
3478 5619 3753 5684 nasciturus
3776 5619 3883 5668 fuis-

2305 5697 2382 5737 set
2405 5687 2635 5740 Christus,
2661 5681 2854 5749 id_quod
2887 5691 2957 5733 tot
2993 5691 3116 5749 ante
3147 5682 3335 5749 smculis
3375 5681 3558 5749 nonnisi
3599 5681 3883 5749 prolihetico

2308 5699 2382 5737 set
2405 5699 2635 5740 Lttt‘tsttts,
2661 5699 2704 5733 ιιι
2765 5699 2854 5733 ttoa
2887 5699 2957 5733 ῐοι
2993 5699 3106 5732 ante
3147 5699 3335 5732 saccutts
3375 5699 3558 5729 "unum
3599 5699 3701 5741 ντυι

2308 5750 2418 5800 sciri
2440 5753 2656 5809 poterat;
2683 5699 2758 5795 vel
2786 5749 2906 5797 forte
2930 5744 3047 5796 Ruth
3073 5745 3151 5794 hic
3175 5743 3408 5793 mendose
3431 5741 3704 5805 irrepserit.
