4062 6462
149 391 252 447 315

150 497 315 548 ἐκεῖνο
362 498 418 550 al
447 499 714 552 Βασιλείαι
744 500 798 552 αἱ
839 500 1116 569 τέσσαρες,
1163 500 1221 554 ύν
1249 497 1334 565 αἶς
1378 503 1445 554 τά
1473 505 1548 564 είς
1587 504 1674 555 τὸν

149 584 330 646 Σαοὺλ,
382 588 446 638 τά
471 591 547 650 εἰς
573 591 659 640 τὸν
688 589 863 652 Δαυῖδ,
895 591 959 642 τὰ
1001 593 1076 652 είς
1118 591 1428 658 Σολομῶντα
1470 593 1561 644 καὶ
1589 593 1676 644 τὸν

157 670 332 722 Ἠλίαν
363 676 451 724 καὶ
480 675 566 725 τὸν
613 676 922 738 Ἐλισσαῖον,
955 678 1045 729 καὶ
1077 677 1140 728 τὰ
1169 678 1325 746 μέχρι
1354 679 1450 745 τῆς
1473 681 1672 746 αἰχμα-

148 761 334 824 λωσίας
380 763 476 830 τῆς
524 766 600 825 είς
642 764 942 819 Βαϐυλῶνα.
979 767 1128 818 Μετά
1169 767 1224 817 δὲ
1268 767 1363 828 τὰς
1411 769 1675 834 βασιλείας

149 851 392 919 Ἔσδρας.
446 852 654 922 Ἐπειδὴ
690 854 792 922 γάρ
841 855 1215 923 ἀπηνέχθησαν
1259 858 1334 917 εἰς
1387 857 1673 909 Βαϐυλῶνα

147 941 488 1009 ἁμαρτόντες,
520 943 608 993 καὶ
636 943 994 1012 ἐϐδομήκοντα
1039 945 1130 1011 ἔτη
1162 945 1460 997 διετέλεσαν
1489 947 1672 998 αὐτόθι

145 1028 490 1091 δουλεύοντες,
511 1031 537 1080 6
559 1029 686 1092 Θεὸς
725 1030 942 1098 ὕστερον
981 1032 1132 1092 ἵλεως
1159 1033 1334 1092 αὐτοῖς
1373 1033 1670 1101 γενόμενος,

153 1116 517 1182 παρεσκεύασε
551 1117 634 1168 τὸν
668 1117 842 1186 Κῦρον
889 1119 974 1169 τὸν
1015 1119 1129 1170 τότε
1177 1120 1394 1187 Περσῶν
1427 1121 1670 1188 βασιλεύ-

144 1221 283 1266 οντα,
322 1204 515 1273 Κῦρον,
564 1198 623 1256 οὗ
674 1206 770 1267 τὰς
822 1206 1060 1269 παιδείας
1093 1208 1358 1276 ἀνέγραψε
1408 1209 1666 1275 Ξενοφῶν,

145 1296 352 1360 ἀφεῖναι
388 1294 505 1355 τοὺς
550 1293 933 1362 αἰχμαλώτους.
964 1297 1071 1347 Καὶ
1104 1296 1343 1362 ἀφέντος,
1379 1298 1670 1366 ἐπανῆλθον

145 1381 430 1449 ἡγουμένου
481 1382 568 1433 τοῦ
629 1383 862 1452 Ἕσδρα,
908 1383 996 1434 τοῦ
1054 1385 1318 1453 Νεεμίου,
1378 1388 1463 1438 τοῦ
1521 1390 1673 1457 Ζορο-

145 1469 323 1521 ϐάϐελ.
350 1471 456 1521 Καὶ
492 1470 586 1539 τῆν
624 1471 871 1524 ἐπάνοδον
891 1471 1090 1541 ταύτην
1121 1473 1313 1541 γράφει
1335 1477 1362 1526 6
1389 1476 1618 1544 Ἔσδρας
1652 1494 1663 1506 ·

145 1559 210 1622 ὡς
237 1558 613 1621 ἐπανελθόντες
641 1562 704 1612 ἐκ
742 1561 986 1630 δευτέρου
1019 1562 1105 1613 τὸν
1136 1561 1258 1614 ναὸν
1296 1565 1660 1635 ᾠκοδόμησαν,

145 1645 227 1694 καὶ
264 1646 364 1712 τὴν
391 1644 537 1696 πόλιν
575 1645 888 1712 ἀνέστησαν.
923 1646 1028 1698 Καὶ
1061 1647 1244 1698 έκατδν
1287 1649 1668 1719 διαγενομένων

144 1729 304 1790 ἑτῶν,
355 1729 508 1783 πάλιν
556 1730 784 1798 πόλεμος
829 1732 1017 1794 αὐτοὺς
1081 1733 1371 1787 κατέλαϐεν
1419 1739 1446 1788 6
1479 1740 1662 1790 Μακε-

142 1817 357 1880 δονικός.
409 1815 534 1870 Εἶτα
579 1819 646 1871 τά
694 1821 782 1872 ἐπὶ
823 1820 1084 1889 Ἀντιόχου
1134 1825 1323 1892 συνέϐη
1374 1825 1464 1877 τοῦ
1522 1828 1666 1878 Ἐπι-

144 1907 334 1973 φανοῦς
353 1946 367 1969 ,
409 1908 494 1958 ὅτε
517 1909 606 1959 καὶ
631 1910 753 1978 τρία
782 1908 874 1978 ἐτη
901 1910 1332 1980 πολιορκηθέντες
1368 1915 1456 1965 καὶ
1481 1916 1662 1983 ἥμισυ,

146 1996 316 2057 κακῶς
345 1996 616 2058 παθόντες,
663 1997 817 2049 πάλιν
864 1999 1244 2069 ἀπηλλάγησαν
1286 2002 1391 2052 τῶν
1432 2005 1667 2070 ἐπιγενο-

147 2084 310 2151 μένων
354 2084 552 2136 κακῶν.
591 2085 698 2136 Καὶ
743 2089 856 2154 μετ’
899 2089 1068 2139 έκεῖνο
1096 2088 1268 2154 ὀλίγου
1298 2089 1664 2159 διαγενομένου

144 2175 349 2242 χρόνον,
397 2174 609 2244 ἔρχεται
640 2177 667 2227 6
711 2176 971 2245 Χριστὸς,
1017 2178 1106 2229 καὶ
1148 2179 1293 2240 τέλος
1329 2179 1583 2248 λαμϐάνει
1633 2183 1664 2249 ή

145 2262 363 2314 Παλαιά.

207 2372 365 2425 Ὥστε
419 2373 474 2424 δὲ
539 2373 723 2442 μαθεῖν
777 2373 935 2426 πόθεν
992 2375 1213 2444 συνέστη
1282 2378 1340 2429 τὸ
1405 2379 1665 2432 Ἰουδαίων

143 2462 305 2527 γένος,
334 2465 618 2530 ἀναγκαῖον
652 2463 800 2528 ὀλίγα
844 2467 1030 2516 εἰπεῖν.
1072 2467 1223 2518 Μετά
1258 2468 1344 2519 τὸν
1380 2469 1542 2536 Ἀδὰμ
1575 2471 1664 2535 γέ-

145 2560 286 2615 γονεν
318 2555 346 2603 6
383 2553 506 2620 Σὴθ,
551 2547 667 2604 εἶτα
709 2552 890 2619 Ἑνὼχ,
934 2548 1048 2603 εἶτα
1092 2554 1262 2623 ἕτεροι
1293 2557 1447 2623 μέχρι
1493 2558 1663 2607 πλειο-

145 2658 238 2692 νων
262 2641 453 2707 γενεῶν
478 2657 491 2670 ·
525 2642 617 2693 καὶ
647 2641 764 2692 τότε
788 2644 814 2693 6
849 2642 985 2705 Νῶε,
1015 2644 1094 2710 ἐφ’
1115 2637 1196 2705 οὗ,
1246 2643 1350 2693 τῶν
1376 2643 1663 2711 ἀνθρώπων

146 2727 526 2796 διαφθαρέντων
559 2725 661 2778 ὑπὸ
692 2727 904 2788 κακίας,
950 2727 1153 2791 γίνεται
1196 2729 1222 2778 6
1272 2726 1660 2792 κατακλυσμός.

146 2809 264 2864 Εἶτα
292 2811 383 2864 τοῦ
418 2811 792 2879 κατακλυσμοῦ
826 2811 1135 2874 παυθέντος,
1183 2811 1403 2874 ἐξελθὼν
1439 2811 1540 2862 ἀπὸ
1570 2812 1663 2880 τῆς

147 2900 362 2953 κιϐωτοῦ
415 2901 567 2968 μόνος
616 2901 748 2969 μετά
798 2901 994 2952 παίδων
1027 2900 1208 2969 τριῶν,
1258 2900 1512 2968 ἐνέπλησε
1570 2900 1662 2968 τὴν

147 2989 237 3056 γῆν
263 2992 323 3041 ἐκ
355 2991 449 3059 τῆς
479 2988 642 3041 αὑτοῦ
671 2991 872 3055 γενεᾶς,
909 2989 1045 3040 κατά
1067 2989 1304 3057 διαδοχὴν
1328 2989 1527 3040 πολλῶν
1577 2989 1661 3039 δν-

146 3092 240 3126 των
263 3076 365 3128 τῶν
387 3075 728 3145 τικτομένων.
771 3077 854 3135 Ὠς
891 3072 979 3127 οὖν
1009 3076 1245 3142 ἐγένοντο
1287 3077 1482 3136 πολλοὶ,
1513 3078 1659 3128 ἐϐου-

1108 3165 1369 3232 φθάνοντα
1423 3167 1524 3226 ἓως
1570 3164 1659 3215 τοῦ

147 3253 377 3324 οὐρανοῦ.
406 3255 713 3320 Καταγνους
750 3254 803 3305 δὲ
846 3254 1015 3305 αὐτῶν
1050 3254 1142 3322 τὴν
1175 3255 1392 3322 γνώμην
1435 3256 1461 3304 6
1501 3255 1657 3315 Θεὸς,

152 3342 378 3410 συνέχεεν
411 3343 582 3394 αὐτῶν
597 3344 693 3404 τὰς
719 3338 1083 3410 γλώσσας,κα“ι
1103 3344 1196 3413 τὴν
1221 3344 1344 3412 μίαν
1365 3347 1441 3404 είς
1470 3344 1660 3406 πολλὰς

148 3428 389 3498 διέτεμεν.
413 3431 556 3500 [516]
574 3431 729 3482 Ὀθεν
750 3433 951 3500 ἀνάγκη
969 3432 1181 3497 γέγονεν
1202 3433 1378 3492 αὐτοῖς
1395 3433 1488 3482 ούκ
1506 3431 1661 3482 ἀκού-

149 3533 281 3570 ουσιν
302 3521 559 3586 ἀλλήλων,
597 3519 727 3588 μηδέ
753 3521 1054 3588 συνοικῆσαι
1095 3519 1334 3588 ἀλλήλοις
1361 3536 1374 3549 ·
1401 3519 1489 3570 καὶ
1526 3519 1658 3586 αὕτη

149 3606 317 3672 γέγονε
349 3609 608 3676 πρόφασις
639 3608 729 3660 τοῦ
773 3607 1037 3676 πανταχοῦ
1084 3608 1434 3677 διασπαρῆναι
1472 3607 1660 3666 αὐτοὺς

147 3694 231 3762 τῆς
260 3697 590 3763 οἰκουμένης.
614 3695 909 3761 Λέγεταιδέ
938 3699 991 3746 ἐν
1009 3696 1176 3764 ταύτῃ
1197 3699 1259 3765 τῇ
1290 3694 1535 3763 συγχύσει
1555 3695 1658 3746 τῶν

147 3784 383 3848 γλωσσῶν
413 3787 440 3836 6
465 3784 625 3852 Ἔϐερ
654 3786 680 3834 6
710 3784 814 3834 τῶν
855 3784 1112 3836 Ἰουδαίων
1143 3785 1394 3850 πρόγονος
1428 3786 1498 3852 μὴ
1537 3784 1658 3852 βου-

149 3873 353 3942 ληθῆναι
398 3873 709 3940 κοινωνῆσαι
751 3873 845 3939 τῆς
895 3873 1273 3940 ἐπιχειρήσεως
1330 3872 1526 3933 αὐτοῖς,
1570 3873 1658 3922 καλ⁵

152 3964 290 4029 μόνος
345 3963 518 4031 μεῖναι
561 3959 822 4029 διατηρῶν
851 3960 945 4028 τὴν
992 3961 1192 4011 οἰκείαν
1241 3959 1502 4024 γλῶσσαν,
1560 3959 1657 4026 τῆς

149 4053 420 4119 καλλίστης
454 4048 671 4119 γνώμης
712 4047 862 4101 τοῦτο
900 4047 1162 4116 τιμηθείς.
1207 4046 1401 4098 Τούτου
1447 4047 1657 4113 ἔγγονος

149 4137 367 4202 ἐγένετο,
394 4137 636 4206 Ἀϐραάμ
652 4153 662 4163 '
687 4135 764 4184 διὸ
783 4135 872 4184 καὶ
896 4133 1153 4184 Ἰουδαίων
1168 4131 1378 4198 γλῶσσα
1405 4131 1655 4198 Ἐϐραῖκὴ

149 4226 422 4294 κέκληται,
479 4225 584 4277 ἀπὸ
617 4221 709 4274 τοῦ
750 4221 932 4289 Ἔϐερ.
979 4220 1174 4272 Τούτου
1224 4219 1397 4271 τοίνυν
1448 4219 1656 4284 ἐγένετο

149 4310 338 4377 ἔγγονος
385 4307 747 4382 [’Λϐραάμ],
785 4305 874 4359 τοῦ
935 4306 1178 4376 Ἀϐραὰμ
1215 4318 1261 4368 λ,
1323 4306 1501 4357 Ἰσαάκ
1527 4344 1540 4366 ,
1597 4300 1654 4358 οὗ

159 4401 344 4452 Ἰακώϐ.
377 4393 539 4461 Οὗτος
565 4399 810 4465 ἐγέννησε
833 4396 952 4459 τοὺς
973 4396 1173 4447 δώδεκα
1197 4397 1545 4465 πατριάρχας,
1571 4395 1654 4446 τὸν

158 4489 403 4560 Ῥουϐεὶμ,
441 4490 527 4541 τὸν
561 4486 808 4556 Συμεὼν,
851 4486 938 4537 τὸν
975 4488 1123 4549 Λευὶ,
1172 4487 1259 4538 τὸν
1317 4487 1528 4547 Ἰούδαν,
1569 4487 1654 4538 τὸν

159 4577 372 4648 Ἰσαχάρ,
417 4579 507 4631 τὸν
555 4575 851 4641 Ζαϐουλὼν,
889 4577 975 4628 τὸν
1005 4575 1346 4644 Νεφθαλεὶμ,
1397 4577 1484 4626 τὸν
1530 4576 1649 4638 Γὰδ,

146 4663 219 4715 τὸν
240 4668 355 4729 Δάν,
385 4667 488 4720 τὸν.
519 4667 700 4734 Ἀσὴρ,
725 4665 813 4716 τὸν
863 4664 1072 4733 Ἰωσὴφ,
1095 4664 1182 4715 τὸν
1220 4664 1488 4732 Βενιαμίν.
1523 4665 1653 4714 T06-

146 4767 234 4803 των
258 4755 357 4804 τῶν
385 4753 573 4805 ἕνδεκα
603 4751 944 4821 πατριαρχῶν
975 4749 1242 4818 ἐπώνυμοι
1290 4751 1565 4817 γεγόνασιν
1595 4752 1649 4802 αἱ

151 4845 264 4907 μετὰ
290 4844 457 4895 ταῦτα
478 4841 656 4909 φυλαί.
685 4842 944 4900 Ἕκαστος
982 4839 1087 4908 γάρ
1114 4838 1280 4907 φυλὴν
1302 4840 1647 4908 ἀπεγέννησε,

145 4933 220 4982 καὶ
237 4934 280 4984 οί
301 4931 593 5001 τεχθέντες,
617 4931 708 4983 ἀπ’
728 4931 943 4981 ἐκείνων
965 4929 1261 4980 ἐκαλοῦντο.
1305 4931 1440 4981 Ἀντί
1473 4933 1648 4998 μέντοι

143 5020 220 5072 τοῦ
260 5023 448 5090 Ἰωσὴφ
489 5020 586 5088 μία
641 5019 776 5088 φυλὴ
804 5019 977 5070 οὐκέτι
1008 5019 1230 5085 γίνεται,
1270 5019 1400 5071 ἀλλά
1432 5021 1538 5072 δύο.
1576 5021 1645 5070 Ού

143 5110 230 5178 γάρ
254 5107 534 5179 ἠϐουλήθη·
565 5108 593 5158 6
621 5108 797 5175 πατὴρ
842 5109 869 5158 6
893 5107 984 5160 τοῦ
1035 5106 1224 5175 Ἰωσὴφ
1262 5107 1355 5174 μιᾷ
1386 5107 1520 5175 φυλῇ
1557 5109 1647 5158 ἐπ-

141 5195 325 5268 ώνυμον
343 5198 505 5252 αὐτόν
539 5195 801 5263 γενέσθαι.
835 5196 897 5247 Τί
926 5192 1015 5248 οὖν
1053 5196 1290 5262 γίνεται;
1332 5197 1540 5264 Ἐπειδὴ
1569 5192 1645 5256 εἷς

139 5283 193 5355 ἦν
228 5292 252 5341 6
280 5291 468 5352 αὐτὸς,
515 5288 600 5339 ἴνα
646 5285 858 5347 διπλοῦς
907 5287 1124 5354 γένηται
1161 5288 1511 5355 πατριάρχης,
1557 5288 1644 5337 τὸν

149 5377 356 5448 Ἐφραῒμ
386 5377 479 5430 καὶ
499 5376 586 5428 τὸν
614 5373 865 5440 Μανασσῆ
895 5374 1015 5434 τοὺς
1045 5375 1188 5437 υἱοὺς
1212 5374 1370 5428 αὑτοῦ
1393 5377 1512 5435 τοὺς
1532 5375 1640 5437 δύο,

148 3162 385 3216 λιύσαντο
434 3166 634 3233 πύργον
677 3165 1012 3233 οἰκοδομῆσαι
1041 3205 1052 3225 ,

189 5511 210 5539 ⁸
233 5511 312 5560 Hic
348 5511 574 5559 mendum
600 5520 706 5558 esse
728 5506 934 5552 videtur.
970 5504 1248 5564 Legendum
1286 5510 1332 5554 ni
1367 5507 1517 5563 ῆιίιοτ,
1543 5509 1641 5565 ἐγέ-

139 5584 223 5635 ξετρ
263 5575 439 5635 ίγγονος
481 5571 709 5635 Ἀϐραὰμ,
747 5566 829 5635 τοῦ
875 5565 1099 5632 Ἀϐρααμ,
1141 5567 1315 5613 Ἰσαάκ.
1345 5569 1642 5635 Quapmpler

147 5625 328 5737 'Aﬁf‘aéﬁ
349 5632 549 5691 primum
572 5625 701 5679 inter
725 5628 919 5676 uncinos
944 5629 1202 5684 posuimus.
1230 5639 1289 5674 uc
1317 5625 1559 5675 videretur
1583 5641 1638 5675 cx

141 5698 212 5735 ms.
251 5699 500 5740 esumlum.

1221 389 1544 445 SYNOPSIS
1577 390 1979 446 SCRIPTURIE
2020 393 2286 448 SAClh'E.

3223 423 3334 477 316

1781 505 1998 568 τούτους
2016 508 2231 573 ἐποίησε
2251 507 2341 560 δύο
2361 508 2537 574 φυλῶν
2560 511 2804 576 γενέσθαι
2834 512 3141 582 ἐπωνύμους
3155 515 3204 577 δ,
3231 519 3323 570 καὶ

1780 594 1833 644 αἱ
1865 592 1953 644 δύο
1979 595 2138 661 φυλαὶ
2161 596 2234 662 τῷ
2275 597 2462 664 Ἰωσὴφ
2495 597 2805 663 ἐλογίζοντο.
2841 602 2998 652 Ὥστε
3033 602 3222 673 συνέϐη
3254 608 3316 657 ἐκ

1778 683 1961 734 τούτου
2011 684 2202 734 ἕνδεκα
2250 684 2307 752 (ί.
2363 687 2732 755 τρισκαίδεκα)
2789 685 2922 740 εἶναι
2981 690 3074 752 τὰς
3127 692 3313 757 φυλάς,

1779 771 1964 822 ἕνδεκα
1986 772 2079 831 τὰς
2105 771 2208 822 τῶν
2234 773 2420 832 ἄλλων,
2438 774 2525 824 δύο
2545 776 2635 834 τάς
2660 778 2746 826 τοῦ
2777 779 2964 844 Ἰωσὴφ
2990 795 3080 837 τας
3104 779 3187 830 διὰ
3212 782 3317 832 τῶν

1779 858 1993 908 παίδων.
2033 858 2422 927 ’Υπεξαιρεῖται
2449 861 2584 927 ἡτοῦ
2620 865 2765 923 Λευὶ,
2800 866 2886 915 καὶ
2917 867 3224 931 ἀφορίζεται
3250 870 3313 934 τῇ

1776 945 1920 1008 τάξει
1953 948 2049 1013 τῆς
2078 948 2367 1016 ἱερωσύνης
2389 967 2400 978 ο
2421 950 2537 999 066‘:
2570 950 2669 1017 γὰρ
2700 949 2763 1020 ἦν
2792 955 3082 1018 ἀναγκαῖον
3107 957 3230 1008 ἄλλο
3260 975 3312 1007 τι

1781 1035 2179 1103 μεταχειρίσαι·
2228 1036 2318 1086 καὶ
2355 1038 2499 1103 μένει
2543 1039 2648 1088 τῶν
2681 1040 2876 1090 δώδεκα
2917 1043 2943 1090 ὁ
2975 1043 3196 1110 ἀριθμὸς
3241 1046 3314 1114 μὴ

1776 1124 2249 1193 ἀκρωτηριασθείς.
2283 1128 2342 1176 Al
2390 1129 2483 1194 μὲν
2515 1123 2602 1177 οῦν
2635 1128 2831 1179 δώδεκα
2873 1131 2936 1181 τά
2975 1132 3102 1182 ἄλλα
3142 1135 3313 1184 πάντα

1777 1209 2034 1278 ἔπραττον
2055 1227 2066 1238 ·
2095 1211 2201 1278 ἠδὲ
2223 1212 2311 1262 τοῦ
2337 1214 2460 1263 Λευὶ
2485 1214 2545 1264 τά
2566 1216 2804 1282 ἱερατικά
2826 1212 2888 1284 ἦν
2917 1219 3309 1289 ἐπιτεταγμένη

1779 1299 1929 1368 μόνη.
1971 1300 2061 1350 Ἐκ
2108 1300 2305 1368 ταύτης
2355 1297 2419 1368 ἦν
2464 1303 2490 1351 6
2536 1305 2788 1370 Μωῦσῆς.
2850 1300 3001 1357 Οὗτοι
3041 1311 3211 1360 τοίνυν
3256 1313 3304 1360 οί

1774 1386 1972 1439 δώδεκα
2002 1389 2323 1457 πατριάρχαι
2359 1391 2669 1452 ἀπελθόντες
2691 1396 2766 1453 εἰς
2795 1395 3072 1461 Αἴγυπτον,
3098 1400 3190 1465 τῆς
3219 1399 3306 1448 τοῦ

1774 1475 1902 1526 Θεοῦ
1927 1477 2246 1542 ἐπαγγελίας
2266 1478 2360 1545 τῆς
2383 1480 2514 1546 πρὸς
2541 1481 2641 1530 τὸν
2666 1482 2906 1550 Ἀϐραάμ
2938 1484 3309 1553 πληρουμένης

1772 1564 1867 1631 τῆς
1900 1565 2173 1634 λεγούσης,
2197 1568 2426 1632 Ποιήσω
2445 1569 2508 1618 τὸ
2530 1570 2758 1636 σπέρμα
2789 1588 2900 1623 σου
2932 1574 3006 1635 ὡς
3033 1576 3099 1624 τὰ
3123 1574 3308 1640 ἄστρα

1772 1651 1875 1703 τοῦ
1894 1653 2162 1718 σι’ψανοῦ,
2181 1654 2463 1717 ἑξακοσίων
2493 1658 2737 1725 χιλιάδων
2765 1662 3002 1725 ἐγένοντο
3041 1664 3304 1731 πρόγονοι.

1785 1740 2052 1793 Ἐντεῦθεν
2079 1743 2138 1793 τὸ
2161 1744 2264 1794 τῶν
2311 1745 2565 1796 Ἰουδαίων
2623 1748 2843 1815 συνέστη
2887 1750 3035 1814 γένος
3074 1753 3178 1802 ἀπὸ
3213 1753 3309 1819 τῆς

1786 1830 1946 1881 Ἰούδα
1993 1832 2159 1900 φυλῆς
2192 1833 2480 1900 ὀνομασθὲν
2523 1835 2618 1901 τῆς
2652 1835 3084 1906 βασιλικωτάτης,
3121 1841 3236 1891 ὅθεν
3260 1844 3307 1892 οί

1777 1917 2014 1985 βασιλεῖς
2047 1919 2111 1971 ἂν
2164 1922 2422 1986 ἐγένοντο.
2459 1922 2566 1988 Τῆς
2601 1919 2689 1975 οὖν
2715 1926 2948 1988 Παλαιᾶς
2980 1929 3090 1978 ἐστι
3122 1929 3178 1979 τὸ
3209 1930 3304 1996 μὲν

1776 2006 2055 2075 ἱστορικὸν,
2083 2008 2234 2061 τοῦτο
2268 2010 2330 2079 δὴ
2368 2010 2394 2060 ὂ
2435 2015 2862 2082 προειρήκαμεν*
2907 2015 2964 2066 τὸ
2991 2016 3042 2066 6‘5
3080 2018 3308 2084 συμϐου-

1771 2094 2026 2158 λευτικὸν,
2063 2096 2135 2159 ῶς
2179 2099 2239 2150 αἴ
2278 2116 2334 2150 τε
2383 2100 2707 2169 Παροιμίαι,
2760 2105 2850 2155 καὶ
2899 2106 2928 2173 ἡ
2968 2105 3057 2156 τοῦ
3110 2107 3302 2176 Σειράχ

1772 2186 1933 2255 Σοφία
1958 2225 1971 2247 ,
2013 2188 2101 2238 καὶ
2131 2190 2157 2239 6
2193 2189 2606 2258 Ἐκκλησιαστὴς
2631 2231 2644 2252 ,
2689 2196 2777 2244 καὶ
2821 2195 2887 2246 τὰ
2924 2195 3168 2263 ’ᾼσματα
3201 2197 3305 2248 τῶν

1770 2277 2051 2343 ᾀσμάτωνο
2096 2277 2155 2328 τὸ
2195 2278 2247 2329 δὲ
2288 2282 2611 2348 προφητικὸν
2639 2320 2651 2342 ,
2704 2283 2776 2343 ὡς
2825 2286 2872 2334 οί
2926 2284 3110 2349 δεκαέξ
3164 2287 3304 2351 λέγω

1771 2366 2062 2432 Προφῆται,
2101 2368 2191 2417 καὶ
2245 2367 2427 2431 Ῥούθ,
2481 2371 2571 2420 καὶ
2608 2373 2780 2422 Δαυῗδ.
2830 2372 2989 2441 Εῦροι
3032 2375 3073 2425 δ’
3119 2377 3179 2426 ἄν
3224 2393 3304 2437 τις

1771 2453 1835 2501 τὰ
1868 2453 1976 2519 εἴδη
2012 2453 2175 2503 ταῦτα
2190 2456 2483 2522 διῃρημένα
2512 2457 2776 2525 ἁδρομερῆ
2805 2462 2858 2509 ἐν
2888 2461 3126 2528 ἀλλήλοις
3153 2463 3299 2515 ὅντα.

1771 2535 1890 2590 Οἶόν
1922 2557 1971 2590 τι
2003 2540 2160 2604 λέγω,
2196 2543 2252 2592 ἐν
2281 2545 2395 2602 ταῖς
2433 2544 2683 2612 ἱστορίαις
2713 2546 2854 2614 εὖροι
2901 2565 2980 2608 τις
3010 2549 3070 2599 ἃν
3099 2567 3302 2617 προφη-

1767 2629 1910 2678 τείαν
1933 2645 1943 2656 ·
1980 2629 2067 2680 καὶ
2099 2630 2202 2679 τῶν
2234 2632 2517 2700 προφητῶν
2554 2632 2828 2685 ἀκούσειεν
2875 2635 2940 2686 ἂν
2970 2636 3129 2688 πολλά
3167 2639 3303 2689 ἱστο-

1773 2716 1894 2782 ρικὰ
1935 2717 2336 2786 διαλεγομένων.
2389 2721 2492 2770 Καὶ
2523 2723 2580 2772 τὸ
2610 2724 2703 2790 τῆς
2746 2725 3044 2792 συμϐουλῆς
3082 2725 3136 2776 δὲ
3168 2725 3303 2788 εἶδος

1770 2809 1857 2858 καὶ
1877 2808 1933 2858 τὸ
1960 2808 2053 2874 τῆς
2081 2808 2457 2876 παραινέσεως,
2489 2813 2542 2861 ἐν
2565 2813 2799 2881 ἐκατέρῳ
2821 2813 3037 2874 τούτων,
3079 2814 3133 2865 ἐν
3153 2831 3210 2865 τε
3234 2819 3297 2884 τῇ

1770 2897 2081 2963 προφητεία,
2114 2895 2168 2945 ἐν
2203 2914 2257 2947 τε
2291 2901 2352 2965 τῇ
2389 2899 2608 2966 ἱστορίᾳ.
2645 2900 2888 2951 Πάνταδέ
2907 2900 3092 2962 ταῦτα,
3119 2901 3300 2971 ῶσπερ

1769 2981 1931 3048 ἔφθην
1959 2982 2140 3043 είπὼν,
2176 2986 2252 3043 είς
2279 2985 2334 3035 ἒν
2366 2985 2565 3051 βλέπει,
2590 2987 2684 3055 τὴν
2714 2988 2820 3038 τῶν
2841 2989 3133 3039 ἀκουόντων
3156 2989 3298 3057 διόρ-

1769 3072 1957 3131 θωσιν,
1992 3073 2127 3124 ὥστε
2158 3075 2248 3127 καὶ
2275 3075 2378 3126 ἀπὸ
2410 3075 2506 3141 τῆς
2546 3077 2650 3126 τῶν
2681 3077 2950 3144 προτέρων
2985 3077 3297 3145 διηγήσεως,

1767 3163 1859 3212 καὶ
1875 3163 1977 3212 ἀπὸ
2000 3160 2142 3230 [317]
2160 3164 2254 3229 τῆς
2279 3179 2337 3212 συ
2347 3164 2572 3230 μϐουλῆς
2590 3165 2678 3213 καὶ
2699 3164 2793 3229 τῆς
2812 3167 3188 3232 παραινέσεως,
3207 3166 3298 3216 καὶ

1766 3250 1870 3300 ἀπὸ
1895 3250 1990 3317 τῆς
2018 3251 2344 3317 προφητείας
2380 3251 2721 3318 ῥυομίςεσθαι
2746 3253 2878 3320 πρὸς
2910 3251 2968 3302 τὸ
2999 3253 3128 3304 δέον.
3161 3256 3297 3322 Προ-

1767 3335 1985 3404 φητείας
2025 3335 2077 3386 δὲ
2121 3336 2271 3387 τοῦτο
2313 3337 2466 3402 ἔργον
2495 3337 2684 3403 μᾶλλον
2723 3333 2808 3405 ῆν,
2852 3338 2910 3388 τὸ
2943 3339 3008 3388 τα
3041 3339 3296 3406 μέλλοντα

1768 3429 2179 3494 προαναφωνεῖν,
2197 3426 2302 3477 εἴτε
2325 3426 2551 3494 χρηστὰ,
2576 3427 2680 3476 εἴτε
2706 3427 2936 3494 λυπηρὰ,
2963 3429 3045 3479 ἵνα
3061 3429 3180 3490 τοὺς
3200 3429 3295 3496 μὲν

1766 3516 2198 3576 ἀποσπάσωνται,
2220 3517 2339 3576 τοὺς
2359 3515 2412 3565 δὲ
2439 3516 2512 3585 τῷ
2537 3517 2679 3584 φόϐῳ
2704 3517 2799 3584 τῆς
2824 3518 3012 3579 κακίας
3037 3519 3297 3587 ἀπείρξω-

1766 3620 1863 3654 σιν.
1905 3605 2050 3655 Ἔστι
2080 3605 2132 3655 δὲ
2163 3606 2250 3656 καὶ
2278 3606 2455 3674 ἕτερον
2489 3606 2811 3675 προφητείας
2842 3602 2992 3669 εἶδος,
3012 3608 3067 3658 :6
3086 3609 3151 3659 τά
3173 3611 3294 3678 περὶ

1763 3690 1853 3741 τοῦ
1887 3690 2115 3758 Χριστοῦ
2144 3692 2625 3760 προαναφωνῆσαι·
2654 3691 2775 3741 ἔνθα
2802 3691 2915 3759 μετ’
2945 3693 3216 3758 ἀκριϐείας
3233 3695 3289 3744 ού

1765 3781 1888 3850 περὶ
1916 3781 2012 3848 τῆς
2038 3782 2329 3850 παρουσίας
2357 3783 2531 3851 μόνον,
2569 3781 2700 3832 ἀλλὰ
2737 3783 2827 3832 καὶ
2861 3783 2984 3851 περὶ
3010 3775 3082 3832 ὧν
3109 3782 3291 3850 ἔμελλε

1764 3871 2187 3939 παραγενόμενος
2226 3871 2496 3939 πράττειν,
2528 3870 2620 3921 καὶ
2664 3871 2788 3937 περὶ
2829 3871 2918 3920 τοῦ
2974 3870 3149 3933 τόκου,
3200 3873 3291 3922 καὶ

1762 3961 1885 4026 περί
1912 3961 2004 4026 τῆς
2032 3962 2344 4026 γεννήσεως,
2378 3959 2613 4027 καὶπερὶ
2646 3958 2736 4008 τοῦ
2773 3959 3022 4026 σταυροῦ,
3056 3961 3290 4027 καὶπερὶ

1759 4046 1863 4098 τῶν
1893 4046 2194 4114 θαυμάτων,
2224 4047 2315 4097 καὶ
2348 4047 2586 4115 περὶτῆς
2621 4046 2726 4098 τῶν
2767 4046 3016 4115 μαθητῶν
3045 4047 3286 4115 ἐκλογῆς,

1762 4151 1881 4200 περι
1907 4137 2000 4201 τῆς
2030 4134 2228 4201 Καινῆς
2265 4134 2549 4202 Διαθήκης,
2588 4135 2710 4201 περὶ
2759 4135 2855 4202 τῆς
2905 4133 3146 4196 παύσεως
3182 4136 3288 4185 τῶν

1773 4223 2087 4283 Ἰουδαῖκῶν,
2113 4225 2201 4274 καὶ
2221 4223 2344 4291 περὶ
2369 4223 2458 4274 τοῦ
2489 4223 2788 4291 ἀφανισμοῦ
2809 4223 2912 4274 τῶν
2954 4223 3284 4290 Ἑλληνικῶν,

1760 4312 1849 4362 καὶ
1878 4314 2114 4380 περὶτῆς
2142 4312 2412 4377 εὐγενείας
2434 4313 2532 4378 τῆς
2559 4313 2695 4364 κατά
2715 4313 2810 4381 τὴν
2838 4314 3171 4381 Ἐκκλησίαν,
3197 4317 3286 4367 καὶ

1759 4401 1884 4470 περὶ
1918 4401 2021 4451 τῶν
2069 4401 2237 4453 ἀλλων
2288 4401 2532 4452 ἀπάντων
2561 4403 2665 4453 τῶν
2697 4403 2927 4470 καθεξῆς
2953 4402 3115 4454 ὄντων
3151 4421 3286 4471 πρα-

1758 4494 1994 4561 γμάτων.
2024 4491 2202 4542 Ταῦτα
2233 4491 2402 4542 πάντα
2445 4494 2576 4560 μετά
2618 4494 2906 4561 σαφηνείας
2942 4493 3152 4561 ἁπάσης
3183 4494 3284 4562 πρὸ

1757 4581 1945 4634 πολλοῦ
1982 4581 2071 4632 τοῦ
2115 4583 2299 4650 χρόνου
2335 4583 2783 4651 προανεφώνησαν
2809 4583 2856 4633 οἱ
2896 4582 3183 4649 προφῆται,
3215 4585 3282 4635 τὰ

1759 4672 1855 4740 μὲν
1879 4670 1961 4723 διά
1983 4669 2179 4732 τύπων,
2213 4672 2276 4722 τά
2304 4671 2357 4722 δὲ
2381 4671 2467 4721 διὰ
2495 4672 2764 4737 ῥημάτων.

1826 4761 1931 4813 Καὶ
1956 4760 2060 4829 γάρ
2090 4760 2178 4811 δύο
2208 4761 2531 4827 προφητείας
2563 4759 2693 4827 εἴδη,
2731 4762 2823 4811 καὶ
2866 4762 2951 4813 διά
2985 4761 3154 4830 ἔργων
3193 4764 3282 4815 καὶ

1753 4853 1840 4906 διά
1865 4853 2031 4919 λόγων
2053 4853 2445 4918 προαναφωνεῖν
2466 4849 2531 4900 τὰ
2561 4849 2812 4918 μέλλοντα
2833 4867 2843 4878 ο
2865 4851 2947 4901 διὰ
2968 4851 3132 4917 λόγων
3161 4852 3276 4920 μὲν,

1752 4944 1824 5005 ὠς
1849 4945 1973 4994 ὅταν
1998 4941 2084 4992 τὸν
2103 4939 2322 5006 σταυρὸν
2355 4936 2656 5007 βουλόμενοι
2685 4941 2873 5000 εἰπεῖν,
2895 4939 3117 5004 λέγωσιν
3136 4957 3148 4969 ο
3189 4939 3280 5003 Ὠς

1752 5033 2036 5098 πρόϐατον
2067 5028 2157 5078 ἐπὶ
2188 5027 2425 5094 σφαγὴν
2451 5027 2626 5092 ἤχθη,
2665 5028 2758 5078 καὶ
2801 5028 2878 5091 ὡς
2905 5028 3086 5094 ἀμνὸς
3113 5029 3278 5080 ἐναν-

1751 5122 1876 5173 τίον
1895 5119 1997 5171 τοῦ
2029 5133 2322 5184 κείροντος
2369 5116 2549 5168 αὐτὸν
2578 5115 2828 5183 ἄφωνος.
2858 5116 3020 5168 Τοῦτο
3063 5116 3158 5184 μὲν
3186 5112 3277 5169 οῦν

1809 5330 1837 5369 ι)
1861 5329 2034 5377 Homil.
2064 5327 2089 5389 7
2113 5327 2342 5373 adversus
2369 5328 2574 5375 Judmos.
2600 5335 2710 5376 tnm.
2738 5329 2776 5385 Ῐ,
2796 5345 2841 5389 p.
2866 5330 2952 5376 663
2979 5352 2987 5375 ;
3016 5333 3275 5386 Μανασσῆς

1748 5394 1826 5436 καὶ
1861 5391 2056 5449 Ἐφραίμ
2075 5388 2161 5449 δύο
2189 5389 2322 5446 φυλαὶ
2357 5390 2595 5449 γεγόνασιν
2638 5388 2880 5449 ἐπώνυμοι.
2919 5390 3003 5435 [ὺὶ
3036 5390 3183 5436 Suvil.
3226 5397 3277 5436 οι

1749 5448 2076 5508 υιὶηιιοίηιςς.
2116 5448 2196 5493 δύο
2235 5451 2386 5506 φυλῶν
2411 5448 2586 5494 habent
2607 5456 2655 5494 et
2684 5448 2879 5493 turmis:
2924 5451 3127 5495 melius:
3169 5462 3276 5495 nam

1749 5523 1851 5557 cum
1875 5510 1957 5555 hac
1980 5508 2182 5565 Synopei
2211 5514 2438 5553 consonat
2463 5509 2561 5552 1133c
2584 5514 2818 5565 postrema
2849 5511 3001 5554 lectio.

1750 5608 1756 5614 .
1814 5571 1834 5598 ε
1867 5570 1933 5617 De
1963 5568 2095 5613 hisce
2117 5565 2300 5611 duobm
2339 5567 2603 5626 prolnlmlize
2647 5565 2906 5626 gmmribus
2940 5567 3138 5626 idipsnm
3167 5566 3276 5614 fere

1747 5630 1860 5675 dicit
1884 5626 2342 5688 ch:(‘1hr3'soleI:-us
2387 5634 2418 5671 ι.
2469 5624 2527 5683 ll,
2573 5625 2774 5673 Humilia
2800 5628 2828 5672 θ
2866 5631 2924 5675 de
2961 5624 3275 5688 lui-uncatis,

1748 5702 1796 5749 Ρ.
1817 5689 1920 5746 5‘28,
1947 5687 2002 5734 D.
