4062 6464
732 412 841 467 317

730 509 819 563 διὰ
858 508 1026 575 λόγων
1064 500 1203 560 εἷλον
1248 502 1650 574 προφητεῦσαι·
1697 500 1763 553 δι’
1809 500 1981 569 ἔργων
2023 496 2099 561 δὲ,
2145 496 2271 547 ὅταν

746 601 991 671 Ἀϐραὰμ
1017 600 1270 668 φαίνηται
1291 597 1380 651 τὸν
1403 596 1515 649 υίόν
1539 594 1841 665 ἀναφέρων,
1876 593 1967 646 καὶ
1992 592 2083 645 τὸν
2125 590 2276 659 κριὸν

730 695 1141 762 κατασφάττων.
1196 692 1292 744 Διά
1338 692 1445 762 γὰρ
1495 691 1602 744 τῶν
1651 689 1984 760 πραγμάτων
2042 700 2277 755 προανα-

729 793 888 842 τυποῖ
927 790 1018 842 τοῦ
1070 788 1297 857 σταυροῦ
1339 788 1433 858 τὴν
1477 786 1674 849 εἰκόνα,
1712 785 1806 836 καὶ
1856 783 1953 852 τὴν
2000 784 2137 851 ὑπὲρ
2179 781 2277 849 τῆς

730 884 1053 955 οἰκουμένης
1095 884 1353 952 ἐσομένην
1392 882 1619 950 σφαγήν.
1662 879 1771 932 Kal
1817 877 2041 939 πολλοὺς
2082 876 2146 929 ἄν
2192 891 2275 937 τις

732 978 879 1047 εὖροι
909 976 1175 1039 τοιούτους
1192 976 1387 1038 τύπους
1416 977 1471 1027 ἐν
1486 977 1549 1043 τῇ
1574 974 1801 1042 Παλαιᾷ,
1832 974 1924 1025 καί
1944 969 2275 1041 προφητείας

732 1073 819 1126 διά
870 1070 1225 1142 πραγμάτων.
1272 1070 1346 1121 Οὐ
1399 1068 1556 1137 μόνον
1606 1067 1662 1119 δὲ
1710 1067 1777 1119 τά
1838 1066 2093 1137 μέλλοντα
2140 1081 2274 1135 προ-

732 1166 957 1237 φητείας
982 1168 1125 1220 ἐστιν
1163 1168 1353 1226 εἰπεῖν,
1377 1162 1509 1217 ἀλλὰ
1539 1161 1632 1215 καὶ
1656 1161 1725 1214 τὰ
1760 1162 2109 1231 παρελθόντα,
2142 1161 2275 1230 ὅπερ

735 1262 929 1331 μᾶλλόν
957 1262 1069 1313 ἐστι
1100 1260 1245 1330 παρὰ
1272 1260 1495 1327 Μωῦσῇ.
1536 1257 1703 1310 Ὅταν
1748 1256 1856 1327 γὰρ
1890 1256 2017 1326 περ’..
2049 1254 2273 1325 ούρανοῦ

732 1358 823 1409 καὶ
845 1357 944 1425 γῆς
967 1356 1292 1424 διαλέγηται,
1313 1352 1642 1425 παρελθόντα
1673 1352 1769 1421 μὲν
1802 1352 1948 1420 λέγει
1977 1352 2281 1421 πράγματα

732 1452 825 1505 καὶ
856 1449 1206 1520 κεκρυμμένα
1238 1449 1314 1519 τῷ
1329 1449 1528 1518 χρόνῳ,
1551 1448 1853 1519 προφητεία
1878 1447 1932 1499 δὲ
1960 1445 2096 1499 αύτά
2114 1443 2277 1513 φθέγ-

730 1562 905 1612 γεται.
935 1546 1145 1614 ’Ὠσπερ
1163 1545 1270 1615 γάρ
1294 1543 1365 1596 τὰ
1393 1543 1613 1613 μηδέπω
1673 1542 1953 1611 γενόμενα,
1988 1541 2078 1593 καὶ
2099 1539 2276 1608 ἀφανῆ

733 1639 812 1693 ἔτι
841 1640 1194 1709 τυγχάνοντα,
1244 1637 1578 1709 προφητείας
1627 1638 1771 1690 ἐστὶν
1797 1638 1988 1700 εἰπεῖν,
2021 1635 2162 1688 οὕτω
2208 1632 2278 1685 τὰ

732 1735 994 1804 γενόμενα
1040 1734 1174 1804 μὲν,
1233 1733 1581 1803 κεκρυμμένα
1625 1732 1680 1784 δέ
1726 1731 1806 1800 τῷ
1852 1732 2060 1800 χρόνῳ,
2112 1730 2279 1783 ταῦτα

732 1828 1072 1897 ἀνακαλύψαι
1104 1828 1197 1881 καὶ
1228 1829 1306 1890 εἰς
1337 1826 1496 1896 μέσον
1521 1828 1746 1893 ἀγαγεῖν
1773 1829 1870 1896 τῆς
1904 1826 2023 1895 ῖσης
2064 1826 2279 1895 χάριτός

736 1928 902 1980 ἐστιν.
929 1926 1083 1979 Ἔστι
1111 1924 1167 1978 δέ
1199 1924 1294 1977 καὶ
1341 1923 1410 1977 τὰ
1442 1922 1681 1991 παρόντα
1712 1922 2042 1992 προφητείας
2085 1923 2276 1985 εἰπεῖν,

734 2023 862 2075 ὅταν
907 2039 960 2074 τι
1007 2020 1223 2091 γίνηται
1271 2018 1388 2085 μὲν,
1419 2016 1730 2088 κρύπτηται
1757 2016 1834 2079 δὲ,
1885 2011 1994 2069 οἷον
2041 2017 2133 2068 ἐπὶ
2186 2013 2279 2068 τοῦ

748 2118 984 2169 Ἀνανίου
1007 2114 1217 2182 καὶτῆς
1241 2112 1572 2183 Σαπφείρης.
1625 2112 1770 2164 Ἐκεῖ
1812 2111 1920 2181 γὰρ
1961 2110 2081 2164 οὔτε
2142 2128 2281 2182 παρ-

735 2209 908 2270 ελθὸν.
967 2208 1087 2261 οὔτε
1123 2208 1312 2278 μέλλον
1343 2202 1429 2276 ἦν,
1464 2205 1594 2259 ἀλλά
1620 2205 1787 2276 παρὸν
1838 2207 1953 2275 μὲν,
1984 2205 2173 2274 ἄδηλον
2201 2204 2280 2257 δέ.

746 2303 805 2358 Ὀ
848 2304 1023 2358 τοίνυν
1073 2303 1274 2373 Πέτρος
1323 2302 1624 2371 προφητείᾳ
1654 2300 1790 2353 αὐτὰ
1825 2300 2155 2369 ἐκκαλύψας,
2202 2302 2281 2364 εἰς

739 2400 900 2471 μέσον
952 2398 1093 2467 ἄγει.
1129 2396 1237 2450 Καὶ
1281 2396 1347 2449 τὰ
1404 2396 1504 2466 μὲν
1540 2397 1639 2464 τῆς
1681 2394 1953 2459 Παλαιᾶς,
1996 2395 2069 2457 ῶς
2105 2394 2169 2446 ἀν
2201 2410 2282 2456 τις

737 2492 1050 2566 ἀδρομερῶς
1099 2492 1260 2556 εῖποι,
1308 2490 1496 2543 ταῦτα.
1552 2490 1674 2542 Ἐπὶ
1720 2488 1777 2541 δέ
1820 2491 1917 2557 τῆς
1965 2489 2168 2557 Καινῆς
2216 2488 2284 2541 τά

736 2589 794 2641 ἐν
824 2592 891 2658 τῇ
918 2588 1125 2658 Παλαιᾷ
1151 2584 1557 2656 αἰνιγματωδῶς
1578 2584 1865 2654 εἰρημένα,
1897 2582 2065 2634 ταῦτα
2086 2582 2287 2634 δείκνυ·
2348 2642 2357 2653 υ

736 2699 826 2736 ται
847 2719 863 2744 ,
905 2682 1003 2745 τὰς
1029 2681 1357 2751 προφητείας
1381 2679 1523 2746 λέγω
1570 2678 1666 2741 τὰς
1690 2678 1773 2730 διὰ
1805 2676 1911 2729 τῶν
1940 2677 2111 2746 ἔργων
2148 2692 2285 2744 μαρ-

737 2776 1085 2848 τυρουμένας,
1118 2776 1339 2846 τὴντῶν
1368 2774 1606 2846 οὐρανῶν
1656 2773 1961 2843 ἁπτομένην
1993 2771 2282 2831 πολιτείαν,

737 2872 817 2937 τά-
831 2871 1113 2941 ἀπόρρητα
1126 2868 1233 2921 τῶν
1252 2868 1546 2937 μελλόντων
1561 2867 1759 2935 ἀγαθὰ,
1779 2867 1845 2920 Ἃ
1859 2866 2159 2934 ὀφθαλμὸς
2173 2868 2282 2918 οὐκ

739 2962 877 3028 εἶδε,
890 2964 988 3017 καί
1002 2960 1106 3028 οὖς
1121 2965 1229 3018 οὐκ
1244 2962 1483 3030 ἤκουσε,
1499 2961 1593 3013 καὶ
1609 2960 1703 3013 ἐπὶ
1720 2959 1966 3027 καρδίαν
1978 2960 2284 3026 ἀνθρώπου

741 3060 849 3111 οὐκ
878 3057 1078 3123 ἀνέϐη.
1097 3054 1484 3127 Παραλαϐοῦσα
1521 3053 1627 3123 γὰρ
1660 3054 1748 3105 τὸν
1778 3053 2057 3122 ἄνθρωπον
2085 3053 2169 3103 διὰ
2189 3053 2285 3121 τῆς

744 3153 982 3214 ῐιαλαιᾶς
1010 3154 1043 3221 ἡ
1076 3150 1272 3220 Καινὴ,
1310 3150 1635 3220 συμμέτρως
1679 3167 1793 3212 πως
1825 3150 1914 3202 καὶ
1942 3150 2038 3218 τῆς
2093 3148 2287 3210 κακίας

742 3250 925 3320 ἠρέμα
952 3247 1326 3315 ἀπαλλαγέντα
1349 3284 1362 3309 ,
1414 3245 1549 3315 πρὸς
1574 3244 1670 3315 τὴν
1697 3245 1803 3297 τῶν
1827 3244 2068 3312 ἀγγέλων
2101 3244 2286 3310 ἀνάγει

744 3346 1037 3399 πολιτείαν.
1072 3346 1230 3398 Ὥστε
1272 3345 1369 3412 τῆς
1408 3344 1505 3414 μὲν
1535 3344 1769 3405 Παλαιᾶς
1796 3343 1951 3412 ἔργον
1979 3337 2046 3412 ἦν
2070 3342 2288 3409 ποιῆσαι

743 3442 1042 3513 ἄνθρωπον,
1086 3444 1183 3512 τῆς
1218 3440 1272 3492 δὲ
1306 3440 1506 3507 Καινῆς
1534 3439 1623 3491 τὸν
1656 3439 1933 3506 ἄνθρωπον
1958 3436 2289 3507 ἐργάσασθαι

745 3538 988 3605 ἄγγελον.
1032 3535 1246 3606 Ἐπειδὴ
1272 3535 1377 3605 γάρ
1404 3536 1436 3605 ἠ
1469 3535 1631 3586 κακία
1650 3535 1745 3586 καὶ
1776 3534 1835 3585 τὸ
1860 3532 1955 3587 ἀνθ
1967 3532 2175 3603 ρώπους
2212 3529 2290 3585 εῖ-

746 3650 831 3685 ναι
856 3633 1105 3702 ἐποίησεν
1131 3630 1408 3692 ἀπολέσαι,
1442 3631 1519 3690 εἰς
1551 3628 1753 3695 ἀλόγων
1795 3627 2105 3694 δυσγένειαν
2125 3645 2292 3680 κατα-

744 3726 1006 3793 γαγοῦσα,
1027 3724 1170 3795 [518]
1189 3724 1279 3777 καὶ
1296 3724 1573 3794 θηριώδεις
1595 3722 1958 3792 ἐργασαμένη⁹
1978 3723 2004 3773 6
2023 3722 2117 3790 μὲν
2132 3722 2290 3789 νόμος

747 3819 957 3888 ἐκείνης
986 3820 1081 3888 μὲν
1108 3818 1412 3887 ἀπήλλαττε
1459 3816 1554 3883 τῆς
1587 3816 1800 3877 κακίας
1836 3817 1868 3882 ή
1898 3814 1953 3865 δὲ
1996 3814 2151 3882 χάρις
2198 3813 2290 3865 καὶ

747 3914 946 3982 ταύτην
975 3914 1071 3982 τὴν
1113 3912 1401 3981 ἀγγελικὴν
1432 3908 1777 3980 προστίθησιν
1807 3909 2021 3978 ἀρετήν.
2055 3908 2206 3959 Ἔστι
2237 3906 2298 3982 δὲ’

751 4009 956 4078 καὶτῆς
1001 4008 1203 4075 Καινῆς
1252 4007 1447 4075 βιϐλία,
1482 4007 1536 4058 αι
1580 4003 1880 4056 Ἐπιστολαὶ
1932 4004 1986 4055 αἰ
2037 4003 2291 4055 δεκατέσ-

751 4121 911 4173 σαρες
942 4102 1169 4166 Παύλου,
1202 4104 1268 4155 τά
1283 4101 1579 4169 Εύαγγέλια
1605 4100 1671 4151 τὰ
1696 4100 1951 4168 τέσσαρα,
1972 4096 2060 4150 δύο
2080 4098 2172 4167 μὲν
2188 4095 2293 4149 τῶν

756 4198 1007 4269 μαθητῶν
1042 4196 1132 4249 τοῦ
1163 4196 1423 4266 Χριστοῦ,
1468 4195 1707 4246 Ἰωάννου
1742 4195 1832 4246 καί
1883 4194 2176 4254 Ματθαίου,
2203 4192 2293 4243 δύο

751 4294 807 4346 δὲ
839 4294 1018 4345 Δουκά
1039 4292 1383 4362 καὶΜάρκουν
1418 4284 1489 4343 ὧν
1522 4292 1549 4341 ὁ
1588 4290 1684 4358 μὲν
1711 4288 1799 4340 τοῦ
1833 4288 2054 4357 Πέτρου,
2077 4287 2173 4338 όδὲ
2201 4284 2292 4337 τοῦ

754 4387 961 4441 Παύλου
1014 4386 1260 4454 γεγόνασι
1316 4383 1567 4455 μαθηταί.
1622 4384 1684 4433 Ol
1739 4384 1833 4450 μὲν
1866 4380 1971 4449 γάρ
2034 4380 2291 4431 αὐτόπται

753 4476 890 4548 ἦσαν
919 4479 1283 4548 γεγενημένοι,
1334 4480 1426 4530 καὶ
1455 4475 1827 4544 συγγενόμενοι
1851 4472 1927 4542 τῷ
1953 4472 2186 4541 Χριστῷ·
2243 4472 2292 4522 οἰ

755 4574 808 4625 δὲ
841 4576 968 4644 παρ’
997 4574 1213 4626 ἐκείνων
1237 4573 1303 4625 τὰ
1326 4572 1541 4624 ἐκείνων
1566 4569 1943 4637 διαδεξάμενοι,
1975 4568 2051 4629 εἰς
2081 4566 2294 4634 ἑτέρους

760 4670 1067 4737 ἐξήνεγκαψ
1100 4669 1191 4719 καὶ
1228 4667 1287 4718 τὸ
1319 4666 1423 4737 τῶν
1454 4664 1705 4737 Πράξεων
1728 4663 1782 4713 δὲ
1806 4661 2023 4737 βιϐλίον,
2052 4660 2150 4737 κλαὶι
2170 4658 2297 4737 αὐτὸ

758 4727 955 4805 Abbati.
984 4739 1353 4805 ἰστορήσαντος
1367 4736 1433 4787 τά
1461 4727 1739 4801 γενόμενα,
1759 4727 1850 4783 καὶ
1876 4730 1980 4780 τῶν
2004 4727 2297 4780 καθολικῶν

770 4804 1073 4860 Ἐπιστολαί
1094 4807 1255 4875 τρεῖς.

1122 5004 1379 5069 Σύνοψις
1414 5000 1520 5066 τῆς
1546 4999 1843 5064 Γενέσεως
1868 5012 1912 5051 ι.

832 5183 912 5235 Τά
946 5183 1077 5233 κατά
1116 5181 1209 5249 τὴν
1242 5182 1607 5249 κοσμοποιίαν,
1644 5181 1732 5231 καὶ
1776 5178 1871 5247 τὴν
1898 5178 1988 5228 τοῦ
2024 5176 2325 5245 άνθρῶπου’

768 5279 979 5332 πλάσιν.
1022 5274 1540 5344 Ἐντολὴνλαμϐάνει
1596 5276 1622 5324 ὁ
1665 5274 1848 5340 Ἀδὰμ,
1879 5274 1968 5323 καὶ
2017 5272 2299 5322 πλάττεται

765 5377 798 5443 η
824 5374 957 5441 γυνὴ
984 5374 1046 5422 ὲκ
1061 5370 1155 5438 τῆς
1184 5369 1411 5437 πλευρᾶς
1444 5367 1621 5429 αὑτοῦ,
1650 5368 2034 5436 ῆάπατηοεῐσα
2064 5366 2164 5416 ὑπὸ
2208 5364 2300 5417 τοῦ

829 5635 854 5662 ⁸
884 5630 1075 5679 Titulus
1117 5628 1166 5673 in
1191 5623 1497 5685 Lugdunensi
1542 5619 1647 5685 cpd.
1692 5620 1883 5685 Σύνοψις
1918 5620 1971 5685 ἐν,
1996 5619 2201 5685 algam
2224 5623 2305 5673 τῆς

772 5697 981 5745 “alata;
1001 5689 1229 5746 Διαθὴκης
1246 5680 1327 5733 τοῦ
1349 5681 1698 5745 Χρυσοστὸμου.
1724 5682 1917 5734 ι’ἐνεσις,
1942 5681 2123 5728 meum
2144 5695 2173 5725 α
2188 5680 2211 5725 ’.

1428 390 1485 442 S.
1524 383 1803 442 JOANNIS
1836 375 2312 438 CHRYSOSTOMI
2348 374 2661 431 ARCHIEP.
2702 371 3231 431 CONSTANTINOP.

3815 397 3914 451 318

2378 491 2570 559 ὄφεως,
2599 494 2779 561 ἀπατᾷ
2818 491 2907 543 τὸν
2952 490 3134 560 ἄνδρα,
3171 490 3263 542 καὶ
3304 486 3568 559 γενομένη
3609 488 3723 557 μετ’
3753 484 3912 539 αὐτοῦ

2376 586 2789 654 ἐπικατάρατος,
2852 585 3167 638 ἐκϐάλλεται
3210 583 3303 637 τοῦ
3362 582 3704 653 παραδείσουν
3763 582 3851 633 καί
3886 581 3913 631 6

2375 682 2494 748 δφις
2518 681 2725 750 δέχεται
2769 680 3009 748 κατάραν
3051 679 3141 730 ἐπὶ
3168 677 3259 729 τοῦ
3298 677 3523 746 στήθους
3581 676 3905 745 περιπατεῖν.

2388 775 2620 844 Ἀναιρεῑ
2645 774 2733 826 τὸν
2759 773 2980 840 ἀδελφὸν
3012 774 3040 825 6
3064 771 3201 826 Κάῖν
3228 770 3315 823 διά
3338 770 3400 822 τὸ
3432 767 3915 839 ύπερευδοκιμηθῆο

2376 885 2460 920 ναι
2507 868 2555 932 δ,
2581 870 2673 920 καὶ
2704 869 2884 921 δίδωσι
2906 867 3077 936 δίκην·
3110 865 3201 919 xal
3232 864 3367 934 μετὰ
3392 863 3563 916 ταῦτα
3606 863 3909 915 παιδοποιεῖ.

2375 962 2559 1013 Τίκτει
2587 962 2643 1015 δέ
2672 962 2765 1014 καὶ
2806 961 2918 1013 Εὕα
2954 961 3044 1013 τὸν
3071 960 3201 1029 Σήθ.
3234 959 3538 1023 Κατάλογος
3566 958 3672 1009 τῶν
3700 957 3803 1009 ἀπὸ
3828 955 3911 1008 τοῦ

2387 1057 2573 1125 Ἀδὰμ,
2602 1057 2693 1108 καὶ
2720 1056 2826 1109 τῶν
2855 1057 2962 1109 ἀπὸ
2982 1056 3072 1108 τοῦ
3101 1055 3228 1122 Σὴθ,
3258 1054 3360 1116 ἕως
3380 1053 3473 1105 τοῦ
3499 1053 3640 1113 Νῶε,
3679 1054 3771 1105 καὶ
3796 1069 3915 1104 κατ-

2373 1153 2569 1221 ηγορία
2591 1153 2698 1204 τῶν
2753 1152 2959 1222 ἀνδρῶν
2982 1151 3068 1204 διὰ
3098 1149 3195 1213 τὰς
3219 1150 3277 1201 οὐ
3318 1148 3689 1218 προσηκούσας
3738 1150 3913 1213 ἐπιγα-

2378 1246 2504 1317 μίας
2557 1247 2652 1299 καὶ
2702 1245 2797 1309 τὰς
2844 1245 3035 1308 λοιπὰς
3082 1243 3333 1312 ἀνομίας’
3363 1242 3523 1306 Υἰοὺς
3570 1242 3627 1294 δέ
3659 1240 3791 1294 Θεοῦ
3843 1245 3914 1293 ἐνο

2373 1341 2546 1395 ταῦθα
2568 1340 2721 1394 καλεῖ
2753 1340 2875 1403 τοὺς
2894 1339 2999 1392 ἀπὸ
3018 1337 3109 1390 τοῦ
3144 1336 3248 1407 Σὴθ
3276 1336 3605 1404 κατάγοντας
3642 1336 3703 1389 τὸ
3750 1337 3913 1403 γένος’

2376 1436 2467 1488 καὶ
2487 1436 2590 1505 γὰρ
2622 1437 2853 1513 εἴρηται·
2904 1432 3049 1503 Ἐγὼ
3094 1428 3281 1495 εἷπον,
3303 1432 3433 1489 Θεοί
3467 1433 3625 1495 ἐστε,
3680 1433 3773 1485 καί
3808 1433 3911 1485 vlo!

2388 1533 2674 1601 Ὑψίστου
2707 1530 2945 1595 πάντες.
2964 1528 3272 1597 Θυγατέρας
3298 1528 3354 1580 δέ
3384 1527 3680 1599 ἀνθρώπων
3708 1529 3800 1591 τάς
3818 1528 3914 1580 ἀπὸ

2375 1625 2468 1678 τοῦ
2501 1626 2656 1678 Κάῐν.
2706 1623 2961 1692 Προλὲγει
3008 1622 3037 1672 6
3062 1620 3190 1684 Θεὸς
3216 1620 3293 1688 τῷ
3338 1619 3460 1673 Νῶε
3497 1621 3594 1689 τὴν
3633 1620 3915 1689 μέλλουσαν

2377 1722 2483 1773 τῶν
2520 1718 2814 1789 ἀνθρώπων
2840 1716 3111 1770 ἀπώλειαν
3140 1715 3226 1768 διὰ
3262 1714 3354 1768 τοῦ
3388 1713 3782 1783 κατακλυσμοῦ,
3827 1714 3913 1766 καὶ

2380 1816 2629 1885 παραινεῖ
2673 1815 2884 1881 ποιῆσαι
2911 1813 3009 1881 τὴν
3042 1810 3298 1872 κιϐωτὸν,
3343 1808 3666 1876 τριακοσίων
3714 1808 3915 1875 πήχεων

2378 1912 2439 1965 τὸ
2465 1911 2656 1979 μῆκος,
2687 1909 3017 1976 πεντήκοντα
3052 1907 3267 1975 πήχεων
3280 1904 3340 1957 τὸ
3383 1903 3605 1966 πλάτος,
3645 1904 3915 1971 τριάκοντα

2382 2009 2594 2077 πήχεων
2642 2004 2701 2055 τὸ
2728 2002 2875 2071 ὕψος.
2916 2002 3001 2063 Ὠς
3023 2000 3078 2052 δὲ
3109 1999 3351 2067 εἰσῆλθεν
3395 2000 3473 2061 είς
3519 2000 3619 2068 τὴν
3681 1999 3913 2059 κιϐωτὸν,

2382 2102 2602 2169 ἐφέρετο
2631 2101 2659 2151 6
2702 2094 3081 2163 κατακλυσμὸς
3122 2093 3520 2162 τεσσαράκοντα
3576 2092 3781 2161 ἡμέρας
3830 2092 3915 2142 καὶ

2380 2195 2774 2265 τεσσαράκοντα
2799 2190 3012 2250 νύκτας.
3043 2188 3299 2240 Ἐνεδίδου
3323 2187 3380 2238 δὲ
3396 2185 3456 2238 τὸ
3484 2184 3623 2255 ὕδωρ
3655 2185 3785 2253 μετά
3800 2185 3916 2236 ἑκα-

2380 2291 2468 2342 τὸν
2501 2288 2830 2356 πεντήκοντα
2858 2283 3087 2352 ἡμέρας.
3120 2280 3393 2348 Ὠφθησαν
3417 2279 3472 2330 δὲ
3489 2279 3545 2332 αἰ
3579 2278 3802 2347 κορυφαὶ
3822 2276 3915 2328 τῶν

2381 2383 2548 2453 ὀρέων
2576 2380 2764 2450 πρώτῃ
2788 2377 2878 2431 τοῦ
2913 2375 3134 2429 δεκάτου
3171 2373 3335 2443 μηνός
3375 2382 3423 2425 ο.
3450 2372 3559 2424 Kal
3584 2372 3717 2439 μετά
3739 2387 3916 2421 τεσσα-

2384 2479 2619 2548 ράκοντα·
2644 2474 2854 2544 ἡμέρας
2877 2469 3155 2523 ἀπέστειλε
3183 2468 3272 2519 τὸν
3297 2466 3524 2536 κόρακα,
3570 2467 3661 2517 καὶ
3703 2466 3797 2534 οὺχ
3826 2465 3917 2515 ὐπ-

2383 2571 2631 2642 έστρεψε·
2653 2571 2745 2621 καὶ
2773 2567 2906 2639 μετά
2936 2565 3070 2619 ἐπτά
3095 2562 3299 2634 ⁴ἡμέρας
3336 2560 3615 2614 ἀπέστειλε
3655 2560 3750 2628 τὴν
3777 2574 3921 2627 περι-

2385 2667 2597 2734 στερὰν,
2652 2665 2745 2715 καὶ
2796 2659 3096 2729 ὑπέστρεψε
3141 2657 3325 2711 θαλλὸν
3381 2655 3563 2716 ἐλαίας
3614 2653 3913 2722 κομίζουσα.

2385 2759 2669 2815 Κελεύεται
2713 2757 2816 2809 ὑπὸ
2845 2754 2937 2807 τοῦ
2978 2750 3108 2805 Θεοῦ
3141 2752 3169 2803 6
3197 2749 3314 2801 Νῶε
3365 2746 3592 2812 ἐξελθεῖν
3622 2749 3683 2799 ἐκ
3712 2745 3808 2813 τῆς
3839 2761 3915 2797 κι-

2384 2852 2575 2905 ϐωτοῦ·
2632 2851 2724 2903 καὶ
2769 2847 2993 2912 ἐξελθὼν
3040 2845 3194 2897 ἔθυσε
3220 2842 3297 2912 τῷ
3351 2841 3487 2911 Θεῷ,
3546 2841 3636 2892 καὶ
3670 2834 3915 2906 εὐλογήθη

2388 2947 2521 3015 μετὰ
2538 2945 2642 2996 τῶν
2672 2942 2797 2994 υἱῶν
2843 2938 3025 2992 αὐτοῦ.
3055 2938 3160 2992 Kal
3184 2935 3369 2987 ἔλαϐεν
3401 2933 3727 3000 ἐπαγγελίαν
3783 2930 3919 2999 παρά

2387 3040 2477 3092 τοῦ
2498 3038 2649 3101 Θεοῦ,
2679 3036 2816 3088 ὥστε
2861 3032 3052 3103 μηκέτι
3094 3028 3341 3097 γενέσθαι
3368 3028 3621 3095 τοιαύτην
3665 3025 3915 3077 ἀπώλειαν

2386 3130 2680 3201 ἀνθρώπων
2706 3127 2791 3179 διά
2820 3101 2910 3177 τοῦ
2940 3101 3340 3191 κατακλυσμοῦξ
3366 3122 3475 3173 Kal
3509 3120 3643 3189 μετά
3663 3118 3827 3170 ταῦτα
3844 3118 3919 3167 £6-

2386 3226 2532 3292 λογεῖ
2559 3221 2706 3294 [319]
2739 3222 2835 3290 μὲν
2857 3221 2944 3273 τὸν
2974 3220 3093 3287 Σὴμ
3113 3218 3205 3269 καὶ
3230 3216 3321 3269 τὸν
3358 3210 3916 3283 Ὶάφεθ,καταρᾶταιδὲ

2387 3320 2475 3373 τὸν
2504 3318 2740 3380 Χαναὰν,
2771 3315 2954 3384 ἐπειδὴ
2984 3315 3012 3365 6
3040 3312 3218 3381 πατὴρ
3265 3309 3427 3363 αὑτοῦ
3461 3310 3589 3379 Χάμ
3634 3308 3805 3373 ἐξεῖπε
3830 3304 3915 3374 τὴν

2389 3418 2660 3486 γύμνωσιν
2681 3412 2772 3464 τοῦ
2801 3426 2903 3463 πατ
2914 3410 3019 3479 ρός.
3062 3407 3327 3461 Ἐκϐαίνει
3353 3404 3410 3457 δὲ
3432 3407 3464 3473 ὴ
3489 3404 3696 3473 κατάρα
3714 3402 3915 3454 ἐπὶτῶν

2390 3506 2738 3564 Γαϐαονιτῶν·
2776 3503 2969 3573 μᾶλλον
3019 3501 3075 3551 δέ
3104 3500 3388 3567 πρόσχημα
3423 3498 3519 3566 μὲν
3575 3497 3806 3564 κατάρας
3833 3490 3915 3564 ἦν,

2388 3606 2448 3657 τὸ
2503 3604 2558 3654 δὲ
2583 3600 2774 3669 ἀληθὲς
2833 3594 3151 3665 προφητεία.
3192 3593 3252 3643 Ol
3297 3590 3401 3642 ἀπὸ
3428 3589 3519 3642 τοῦ
3554 3589 3674 3641 Νῶε
3711 3590 3809 3651 ἕως
3834 3587 3915 3639 τοῦ

2388 3698 2581 3759 Φαλὲκ,
2606 3696 2662 3756 ὃς
2689 3692 2793 3745 ἀπὸ
2818 3690 2912 3742 τοῦ
2944 3686 3262 3759 μερισθῆναι
3298 3684 3382 3736 ἐπ’
3409 3684 3567 3736 αὑτοῦ
3593 3684 3688 3754 τὴν
3709 3685 3806 3752 γῆν
3830 3683 3917 3751 τὴν

2392 3789 2756 3863 προσηγορίαν
2819 3785 2974 3837 ἔλαϐε
3019 3782 3235 3850 ταύτην.
3289 3780 3420 3831 Τότε
3464 3779 3571 3849 γάρ
3605 3780 3693 3831 τὸν
3730 3778 3916 3848 πύργον

2391 3886 2758 3957 ᾠκοδόμησαν,
2803 3880 2919 3932 ὅθεν
2961 3878 3051 3930 καὶ
3077 3879 3104 3929 6
3148 3877 3307 3937 τόπος
3361 3872 3612 3926 Βαϐυλὼν
3671 3887 3917 3943 προσηγο-

2398 3982 2579 4054 ρεύθη,
2626 3980 2653 4030 ὂ
2681 3980 2793 4029 ἐστι
2851 3973 3139 4043 Σύγχυσις,
3191 3969 3372 4039 ἐπειδὴ
3405 3970 3519 4021 ἐκεῖ
3574 3966 3917 4037 συνεχύθησαν

2393 4076 2567 4130 αὐτῶν
2596 4076 2651 4128 αἰ
2710 4071 2963 4140 γλῶσσαι.
3015 4066 3115 4118 Τὸν
3152 4066 3208 4117 δὲ
3240 4064 3446 4133 πατέρα
3494 4062 3587 4115 τοῦ
3629 4063 3799 4116 Φαλέκ
3837 4060 3916 4114 τὸν

2396 4170 2560 4238 Ἔϐερ
2581 4168 2732 4233 λόγος
2771 4165 2880 4233 ἔχει
2908 4163 2981 4231 μὴ
3027 4158 3313 4229 ὁμονοῆσαι
3356 4160 3466 4218 τοῖς
3490 4156 3694 4217 λοιποῖς
3729 4158 3805 4218 εἰς
3830 4154 3917 4223 τὴν

2392 4264 2484 4317 τοῦ
2512 4262 2712 4330 πύργου
2736 4256 3035 4325 οἰκοδομὴν,
3066 4255 3156 4305 καὶ
3179 4253 3265 4303 διὰ.
3283 4250 3436 4302 τοῦτο
3450 4250 3595 4319 αὐτῷ
3622 4250 3715 4320 τὴν
3749 4249 3917 4301 λαλιάν

2398 4361 2471 4429 μὴ
2498 4356 2840 4426 ἀμειφθῆναι,
2891 4351 3022 4403 άλλά
3051 4352 3223 4417 μεῖναι
3273 4346 3431 4397 αὐτὸν
3477 4345 3725 4415 ἀκέραιον
3750 4344 3917 4414 ἔχοντα

2394 4455 2488 4523 τὴν
2516 4452 2809 4508 διάλεκτον,
2846 4445 2937 4497 καὶ
2988 4443 3078 4495 ἀπ’
3117 4440 3277 4492 αὑτοῦ
3305 4439 3399 4508 τὴν
3428 4441 3736 4509 ἐπωνυμίαν
3768 4439 3916 4506 αὐτὴν

2396 4544 2760 4612 λαϐεῖν.Ἕ6ερ
2783 4541 2887 4609 γὰρ
2910 4538 3112 4590 ἐκείνου
3136 4535 3458 4604 καλουμένου
3484 4533 3537 4597 ἀ,
3571 4533 3778 4603 Ἐϐραῖς
3798 4533 3917 4599 αῦτη

2400 4640 2674 4709 κέκληται,
2728 4637 2755 4687 ὃ
2808 4635 2899 4685 καὶ
2941 4631 3158 4701 σημεῖόν
3190 4631 3301 4680 ἐστι
3342 4629 3591 4696 μέγιστον
3635 4627 3725 4679 τοῦ
3748 4625 3917 4677 πασῶν

2398 4736 2504 4787 τῶν
2533 4732 2724 4786 λαλιῶν
2766 4728 3133 4798 πρεσϐυτέραν
3166 4719 3300 4775 εἶναι
3349 4722 3444 4790 τὴν
3485 4721 3755 4789 Ἐϐραῖδα’
3804 4718 3917 4787 πρὶν

2399 4830 2505 4898 γὰρ
2533 4825 2857 4894 συγχυθῆναι
2877 4822 2970 4882 τὰς
2999 4819 3259 4888 γλώσσας,
3278 4816 3448 4887 ταύτῃ
3474 4816 3667 4877 πάντες
3691 4814 3920 4882 ἐκέχρην·

2400 4940 2477 4975 το.
2520 4923 2670 4973 Ἔστι
2702 4918 2755 4969 δὲ
2789 4919 2816 4968 ὁ
2870 4914 3030 4981 Ἔϐερ
3056 4906 3204 4972 οὗτος
3258 4910 3515 4979 πρόγονος
3555 4908 3809 4977 Ἁϐραάμ.
3838 4905 3922 4956 Γε-

2403 5016 2772 5084 νεαλογοῦνται
2815 5012 2867 5063 δὲ
2890 5009 2995 5062 ἀπὸ
3026 5006 3115 5059 τοῦ
3141 5006 3245 5076 Σὴθ
3265 5006 3364 5067 ἓως
3384 5005 3473 5057 τοῦ
3513 5004 3773 5074 Ἀϐραάμ.
3796 5004 3921 5067 Λαμ-

2405 5117 2551 5167 ϐάνει
2590 5116 2615 5164 6
2636 5109 2809 5176 πατὴρ
2838 5105 2929 5156 τοῦ
2947 5102 3189 5172 Ἁϐραάμ
3209 5104 3237 5152 6
3262 5100 3411 5168 Θαρᾶ
3446 5100 3567 5159 τοῦς
3597 5100 3737 5160 υἱοὺς
3754 5094 3918 5155 αὑτοῦ,

2402 5210 2489 5261 τὸ)
2518 5224 2572 5259 τε
2615 5205 2873 5272 Ἀϐραὰμ,
2936 5199 3026 5251 καὶ
3080 5198 3168 5249 τὸν
3202 5194 3432 5262 Ναχὼρ.
3467 5195 3559 5244 καὶ
3589 5195 3677 5244 τὸν
3724 5192 3920 5259 ἔγγονον

2466 5493 2491 5529 b
2531 5491 2786 5536 νοςςίιιιιιις
2833 5486 2981 5533 codex
3024 5482 3519 5545 παρευδοκιμασθῆναι.
3560 5479 3770 5539 υιηφιο
3792 5474 3924 5527 lectio

2405 5553 2585 5601 admilli
2610 5556 2782 5608 wlcsl.

2468 5617 2489 5643 ο
2518 5614 2563 5657 In
2589 5600 2727 5655 ίίυὶςι.
2758 5606 2883 5652 male
2902 5602 2985 5651 τοῦ
3007 5602 3217 5661 δευτέρου
3245 5600 3399 5658 μηνός.

2471 5675 2495 5712 «ι
2516 5673 2587 5721 De
2615 5669 2807 5721 urbem
2832 5668 2921 5715 huc
2943 5666 3083 5713 etiam
3103 5660 3245 5723 supra
3269 5662 3392 5709 dim
3409 5661 3458 5710 in
3478 5660 3763 5724 Προθεωρίᾳ.
3803 5724 3806 5725 ν
