  <div class='ocr_page' id='page_1' title='image "/cluster/home/n/w/nwhite01/storage/ocr_20150623/56/uva.x004697988/318.png"; bbox 0 0 4096 6546; ppageno 0'>
   <div class='ocr_carea' id='block_1_1' title="bbox 154 516 237 567">
    <p class='ocr_par' dir='ltr' id='par_1_1' title="bbox 154 516 237 567">
     <span class='ocr_line' id='line_1_1' title="bbox 154 516 237 567; baseline 0 0"><span class='ocrx_word' id='word_1_1' title='bbox 154 516 237 567; x_wconf 57' lang='grc' dir='ltr'><strong>δι’]</strong></span> 
     </span>
    </p>
   </div>
   <div class='ocr_carea' id='block_1_2' title="bbox 167 578 1700 671">
    <p class='ocr_par' dir='ltr' id='par_1_2' title="bbox 167 578 1700 671">
     <span class='ocr_line' id='line_1_2' title="bbox 167 578 1700 671; baseline -0.023 -8"><span class='ocrx_word' id='word_1_2' title='bbox 167 613 464 671; x_wconf 68' lang='lat' dir='ltr'><strong>minet-unt;</strong></span> <span class='ocrx_word' id='word_1_3' title='bbox 504 600 753 670; x_wconf 77' lang='lat' dir='ltr'><strong>operibus</strong></span> <span class='ocrx_word' id='word_1_4' title='bbox 774 610 902 649; x_wconf 81' lang='lat' dir='ltr'><strong>vero</strong></span> <span class='ocrx_word' id='word_1_5' title='bbox 925 633 940 656; x_wconf 93' lang='lat'><strong>,</strong></span> <span class='ocrx_word' id='word_1_6' title='bbox 981 606 1100 645; x_wconf 81' lang='lat' dir='ltr'><strong>cum</strong></span> <span class='ocrx_word' id='word_1_7' title='bbox 1140 586 1400 642; x_wconf 77' lang='lat' dir='ltr'><strong>Abraham</strong></span> <span class='ocrx_word' id='word_1_8' title='bbox 1426 578 1700 633; x_wconf 80' lang='lat' dir='ltr'><strong>exhibetur</strong></span> 
     </span>
    </p>
   </div>
   <div class='ocr_carea' id='block_1_3' title="bbox 179 667 1700 752">
    <p class='ocr_par' dir='ltr' id='par_1_3' title="bbox 179 667 1700 752">
     <span class='ocr_line' id='line_1_3' title="bbox 179 667 1700 752; baseline -0.022 -1"><span class='ocrx_word' id='word_1_9' title='bbox 179 701 310 751; x_wconf 84' lang='lat' dir='ltr'><strong>ﬁlium</strong></span> <span class='ocrx_word' id='word_1_10' title='bbox 337 695 565 746; x_wconf 81' lang='lat' dir='ltr'><strong>olTerens</strong></span> <span class='ocrx_word' id='word_1_11' title='bbox 585 731 598 752; x_wconf 94' lang='lat'><strong>,</strong></span> <span class='ocrx_word' id='word_1_12' title='bbox 630 697 682 742; x_wconf 90' lang='lat' dir='ltr'><strong>et</strong></span> <span class='ocrx_word' id='word_1_13' title='bbox 717 689 928 739; x_wconf 88' lang='lat' dir='ltr'><strong>arietem</strong></span> <span class='ocrx_word' id='word_1_14' title='bbox 968 681 1226 748; x_wconf 82' lang='lat' dir='ltr'><strong>jugulaus.</strong></span> <span class='ocrx_word' id='word_1_15' title='bbox 1256 677 1349 729; x_wconf 86' lang='lat' dir='ltr'><strong>llic</strong></span> <span class='ocrx_word' id='word_1_16' title='bbox 1374 674 1514 727; x_wconf 88' lang='lat' dir='ltr'><strong>enim</strong></span> <span class='ocrx_word' id='word_1_17' title='bbox 1545 667 1700 721; x_wconf 83' lang='lat' dir='ltr'><strong>rebus</strong></span> 
     </span>
    </p>
   </div>
   <div class='ocr_carea' id='block_1_4' title="bbox 179 760 1702 852">
    <p class='ocr_par' dir='ltr' id='par_1_4' title="bbox 179 760 1702 852">
     <span class='ocr_line' id='line_1_4' title="bbox 179 760 1702 852; baseline -0.024 -12"><span class='ocrx_word' id='word_1_18' title='bbox 179 787 279 852; x_wconf 81' lang='lat' dir='ltr'><strong>ipsis</strong></span> <span class='ocrx_word' id='word_1_19' title='bbox 296 783 465 835; x_wconf 86' lang='lat' dir='ltr'><strong>crucis</strong></span> <span class='ocrx_word' id='word_1_20' title='bbox 493 779 771 843; x_wconf 83' lang='lat' dir='ltr'><strong>imaginem</strong></span> <span class='ocrx_word' id='word_1_21' title='bbox 799 770 1182 841; x_wconf 73' lang='lat' dir='ltr'><strong>przcsigniﬁcat,</strong></span> <span class='ocrx_word' id='word_1_22' title='bbox 1209 777 1362 831; x_wconf 90' lang='lat' dir='ltr'><strong>atque</strong></span> <span class='ocrx_word' id='word_1_23' title='bbox 1386 760 1582 813; x_wconf 71' lang='lat' dir='ltr'><strong>caedem</strong></span> <span class='ocrx_word' id='word_1_24' title='bbox 1610 769 1702 823; x_wconf 90' lang='lat' dir='ltr'><strong>pro</strong></span> 
     </span>
    </p>
   </div>
   <div class='ocr_carea' id='block_1_5' title="bbox 177 844 1703 927">
    <p class='ocr_par' dir='ltr' id='par_1_5' title="bbox 177 844 1703 927">
     <span class='ocr_line' id='line_1_5' title="bbox 177 844 1703 927; baseline -0.022 -1"><span class='ocrx_word' id='word_1_25' title='bbox 177 844 281 927; x_wconf 65' lang='lat' dir='ltr'><strong>orbe</strong></span> <span class='ocrx_word' id='word_1_26' title='bbox 305 871 552 923; x_wconf 75' lang='lat' dir='ltr'><strong>futuram.</strong></span> <span class='ocrx_word' id='word_1_27' title='bbox 586 866 770 918; x_wconf 81' lang='lat' dir='ltr'><strong>Multas</strong></span> <span class='ocrx_word' id='word_1_28' title='bbox 798 869 940 914; x_wconf 86' lang='lat' dir='ltr'><strong>certe</strong></span> <span class='ocrx_word' id='word_1_29' title='bbox 965 857 1200 911; x_wconf 86' lang='lat' dir='ltr'><strong>invenire</strong></span> <span class='ocrx_word' id='word_1_30' title='bbox 1225 857 1307 902; x_wconf 88' lang='lat' dir='ltr'><strong>est</strong></span> <span class='ocrx_word' id='word_1_31' title='bbox 1331 848 1384 898; x_wconf 91' lang='lat' dir='ltr'><strong>in</strong></span> <span class='ocrx_word' id='word_1_32' title='bbox 1403 846 1576 901; x_wconf 71' lang='lat' dir='ltr'><strong>Veteri</strong></span> <span class='ocrx_word' id='word_1_33' title='bbox 1603 844 1703 896; x_wconf 87' lang='lat' dir='ltr'><strong>Te-</strong></span> 
     </span>
    </p>
   </div>
   <div class='ocr_carea' id='block_1_6' title="bbox 178 939 1704 1022">
    <p class='ocr_par' dir='ltr' id='par_1_6' title="bbox 178 939 1704 1022">
     <span class='ocr_line' id='line_1_6' title="bbox 178 939 1704 1022; baseline -0.023 -6"><span class='ocrx_word' id='word_1_34' title='bbox 178 969 410 1016; x_wconf 83' lang='lat' dir='ltr'><strong>statnento</strong></span> <span class='ocrx_word' id='word_1_35' title='bbox 446 951 744 1022; x_wconf 85' lang='lat' dir='ltr'><strong>hujusmodi</strong></span> <span class='ocrx_word' id='word_1_36' title='bbox 789 950 977 1017; x_wconf 83' lang='lat' dir='ltr'><strong>ﬁguras</strong></span> <span class='ocrx_word' id='word_1_37' title='bbox 1001 987 1014 1008; x_wconf 92' lang='lat'><strong>,</strong></span> <span class='ocrx_word' id='word_1_38' title='bbox 1060 939 1464 1012; x_wconf 77' lang='lat' dir='ltr'><strong>proplietiasque</strong></span> <span class='ocrx_word' id='word_1_39' title='bbox 1499 947 1593 1000; x_wconf 90' lang='lat' dir='ltr'><strong>per</strong></span> <span class='ocrx_word' id='word_1_40' title='bbox 1618 944 1704 983; x_wconf 85' lang='lat' dir='ltr'><strong>res</strong></span> 
     </span>
    </p>
   </div>
   <div class='ocr_carea' id='block_1_7' title="bbox 179 1021 1707 1109">
    <p class='ocr_par' dir='ltr' id='par_1_7' title="bbox 179 1021 1707 1109">
     <span class='ocr_line' id='line_1_7' title="bbox 179 1021 1707 1109; baseline -0.023 -6"><span class='ocrx_word' id='word_1_41' title='bbox 179 1047 431 1104; x_wconf 82' lang='lat' dir='ltr'><strong>exhibitas.</strong></span> <span class='ocrx_word' id='word_1_42' title='bbox 466 1021 756 1109; x_wconf 70' lang='lat' dir='ltr'><strong>Prophetite</strong></span> <span class='ocrx_word' id='word_1_43' title='bbox 786 1052 911 1092; x_wconf 89' lang='lat' dir='ltr'><strong>vero</strong></span> <span class='ocrx_word' id='word_1_44' title='bbox 937 1049 1126 1089; x_wconf 90' lang='lat' dir='ltr'><strong>munus</strong></span> <span class='ocrx_word' id='word_1_45' title='bbox 1183 1039 1282 1091; x_wconf 89' lang='lat' dir='ltr'><strong>est,</strong></span> <span class='ocrx_word' id='word_1_46' title='bbox 1315 1042 1416 1079; x_wconf 90' lang='lat' dir='ltr'><strong>non</strong></span> <span class='ocrx_word' id='word_1_47' title='bbox 1445 1022 1599 1077; x_wconf 92' lang='lat' dir='ltr'><strong>modo</strong></span> <span class='ocrx_word' id='word_1_48' title='bbox 1629 1021 1707 1070; x_wconf 91' lang='lat' dir='ltr'><strong>lu-</strong></span> 
     </span>
    </p>
   </div>
   <div class='ocr_carea' id='block_1_8' title="bbox 179 1109 1705 1196">
    <p class='ocr_par' dir='ltr' id='par_1_8' title="bbox 179 1109 1705 1196">
     <span class='ocr_line' id='line_1_8' title="bbox 179 1109 1705 1196; baseline -0.02 -6"><span class='ocrx_word' id='word_1_49' title='bbox 179 1148 271 1190; x_wconf 82' lang='lat' dir='ltr'><strong>tura</strong></span> <span class='ocrx_word' id='word_1_50' title='bbox 294 1136 470 1189; x_wconf 86' lang='lat' dir='ltr'><strong>dicere</strong></span> <span class='ocrx_word' id='word_1_51' title='bbox 494 1172 509 1196; x_wconf 91' lang='lat'><strong>,</strong></span> <span class='ocrx_word' id='word_1_52' title='bbox 539 1131 631 1185; x_wconf 91' lang='lat' dir='ltr'><strong>sed</strong></span> <span class='ocrx_word' id='word_1_53' title='bbox 661 1129 816 1182; x_wconf 91' lang='lat' dir='ltr'><strong>etiam</strong></span> <span class='ocrx_word' id='word_1_54' title='bbox 845 1125 1122 1194; x_wconf 66' lang='lat' dir='ltr'><strong>prseterita,</strong></span> <span class='ocrx_word' id='word_1_55' title='bbox 1153 1117 1289 1186; x_wconf 92' lang='lat' dir='ltr'><strong>quod</strong></span> <span class='ocrx_word' id='word_1_56' title='bbox 1319 1115 1542 1168; x_wconf 75' lang='lat' dir='ltr'><strong>maxime</strong></span> <span class='ocrx_word' id='word_1_57' title='bbox 1571 1109 1705 1179; x_wconf 86' lang='lat' dir='ltr'><strong>apud</strong></span> 
     </span>
    </p>
   </div>
   <div class='ocr_carea' id='block_1_9' title="bbox 181 1200 1708 1296">
    <p class='ocr_par' dir='ltr' id='par_1_9' title="bbox 181 1200 1708 1296">
     <span class='ocr_line' id='line_1_9' title="bbox 181 1200 1708 1296; baseline -0.019 -16"><span class='ocrx_word' id='word_1_58' title='bbox 181 1228 384 1296; x_wconf 79' lang='lat' dir='ltr'><strong>Moysem</strong></span> <span class='ocrx_word' id='word_1_59' title='bbox 427 1220 854 1290; x_wconf 71' lang='lat' dir='ltr'><strong>deprehenditur.</strong></span> <span class='ocrx_word' id='word_1_60' title='bbox 885 1212 1102 1281; x_wconf 78' lang='lat' dir='ltr'><strong>Quando</strong></span> <span class='ocrx_word' id='word_1_61' title='bbox 1131 1210 1271 1262; x_wconf 91' lang='lat' dir='ltr'><strong>enim</strong></span> <span class='ocrx_word' id='word_1_62' title='bbox 1310 1207 1375 1260; x_wconf 89' lang='lat' dir='ltr'><strong>de</strong></span> <span class='ocrx_word' id='word_1_63' title='bbox 1406 1203 1534 1257; x_wconf 69' lang='lat' dir='ltr'><strong>cwlo</strong></span> <span class='ocrx_word' id='word_1_64' title='bbox 1562 1211 1615 1254; x_wconf 93' lang='lat' dir='ltr'><strong>et</strong></span> <span class='ocrx_word' id='word_1_65' title='bbox 1643 1200 1708 1252; x_wconf 82' lang='lat' dir='ltr'><strong>de</strong></span> 
     </span>
    </p>
   </div>
   <div class='ocr_carea' id='block_1_10' title="bbox 180 1297 1709 1382">
    <p class='ocr_par' dir='ltr' id='par_1_10' title="bbox 180 1297 1709 1382">
     <span class='ocr_line' id='line_1_10' title="bbox 180 1297 1709 1382; baseline -0.02 -12"><span class='ocrx_word' id='word_1_66' title='bbox 180 1327 298 1370; x_wconf 87' lang='lat' dir='ltr'><strong>terra</strong></span> <span class='ocrx_word' id='word_1_67' title='bbox 326 1316 578 1382; x_wconf 78' lang='lat' dir='ltr'><strong>loquitur,</strong></span> <span class='ocrx_word' id='word_1_68' title='bbox 606 1325 690 1362; x_wconf 91' lang='lat' dir='ltr'><strong>res</strong></span> <span class='ocrx_word' id='word_1_69' title='bbox 712 1307 918 1375; x_wconf 86' lang='lat' dir='ltr'><strong>quidem</strong></span> <span class='ocrx_word' id='word_1_70' title='bbox 943 1303 1071 1356; x_wconf 89' lang='lat' dir='ltr'><strong>dicit</strong></span> <span class='ocrx_word' id='word_1_71' title='bbox 1094 1297 1383 1369; x_wconf 76' lang='lat' dir='ltr'><strong>praeteritas</strong></span> <span class='ocrx_word' id='word_1_72' title='bbox 1402 1303 1452 1346; x_wconf 90' lang='lat' dir='ltr'><strong>et</strong></span> <span class='ocrx_word' id='word_1_73' title='bbox 1478 1302 1709 1357; x_wconf 83' lang='lat' dir='ltr'><strong>tempme</strong></span> 
     </span>
    </p>
   </div>
   <div class='ocr_carea' id='block_1_11' title="bbox 180 1380 1712 1465">
    <p class='ocr_par' dir='ltr' id='par_1_11' title="bbox 180 1380 1712 1465">
     <span class='ocr_line' id='line_1_11' title="bbox 180 1380 1712 1465; baseline -0.018 -8"><span class='ocrx_word' id='word_1_74' title='bbox 180 1380 480 1464; x_wconf 78' lang='lat' dir='ltr'><strong>obscuratas,</strong></span> <span class='ocrx_word' id='word_1_75' title='bbox 504 1398 597 1453; x_wconf 83' lang='lat' dir='ltr'><strong>sed</strong></span> <span class='ocrx_word' id='word_1_76' title='bbox 625 1395 894 1465; x_wconf 85' lang='lat' dir='ltr'><strong>prephetia</strong></span> <span class='ocrx_word' id='word_1_77' title='bbox 932 1393 1044 1445; x_wconf 67' lang='lat' dir='ltr'><strong>haec</strong></span> <span class='ocrx_word' id='word_1_78' title='bbox 1063 1387 1315 1442; x_wconf 90' lang='lat' dir='ltr'><strong>enuntiat.</strong></span> <span class='ocrx_word' id='word_1_79' title='bbox 1360 1380 1712 1449; x_wconf 85' lang='lat' dir='ltr'><strong>Quemadmo-</strong></span> 
     </span>
    </p>
   </div>
   <div class='ocr_carea' id='block_1_12' title="bbox 178 1476 1712 1557">
    <p class='ocr_par' dir='ltr' id='par_1_12' title="bbox 178 1476 1712 1557">
     <span class='ocr_line' id='line_1_12' title="bbox 178 1476 1712 1557; baseline -0.018 -10"><span class='ocrx_word' id='word_1_80' title='bbox 178 1494 286 1547; x_wconf 85' lang='lat' dir='ltr'><strong>dum</strong></span> <span class='ocrx_word' id='word_1_81' title='bbox 309 1493 452 1544; x_wconf 89' lang='lat' dir='ltr'><strong>enim</strong></span> <span class='ocrx_word' id='word_1_82' title='bbox 483 1486 768 1557; x_wconf 69' lang='lat' dir='ltr'><strong>prephetize</strong></span> <span class='ocrx_word' id='word_1_83' title='bbox 793 1491 892 1540; x_wconf 83' lang='lat' dir='ltr'><strong>est.</strong></span> <span class='ocrx_word' id='word_1_84' title='bbox 917 1497 1004 1535; x_wconf 89' lang='lat' dir='ltr'><strong>res</strong></span> <span class='ocrx_word' id='word_1_85' title='bbox 1020 1476 1246 1531; x_wconf 90' lang='lat' dir='ltr'><strong>nondum</strong></span> <span class='ocrx_word' id='word_1_86' title='bbox 1274 1483 1466 1542; x_wconf 78' lang='lat' dir='ltr'><strong>gestas,</strong></span> <span class='ocrx_word' id='word_1_87' title='bbox 1494 1483 1712 1538; x_wconf 66' lang='lat' dir='ltr'><strong>quaeque</strong></span> 
     </span>
    </p>
   </div>
   <div class='ocr_carea' id='block_1_13' title="bbox 181 1558 1715 1636">
    <p class='ocr_par' dir='ltr' id='par_1_13' title="bbox 181 1558 1715 1636">
     <span class='ocr_line' id='line_1_13' title="bbox 181 1558 1715 1636; baseline -0.02 0"><span class='ocrx_word' id='word_1_88' title='bbox 181 1585 330 1636; x_wconf 84' lang='lat' dir='ltr'><strong>adhuc</strong></span> <span class='ocrx_word' id='word_1_89' title='bbox 355 1580 576 1633; x_wconf 71' lang='lat' dir='ltr'><strong>occulta.-</strong></span> <span class='ocrx_word' id='word_1_90' title='bbox 606 1583 727 1630; x_wconf 86' lang='lat' dir='ltr'><strong>sunt</strong></span> <span class='ocrx_word' id='word_1_91' title='bbox 754 1571 1081 1630; x_wconf 87' lang='lat' dir='ltr'><strong>annuntiare,</strong></span> <span class='ocrx_word' id='word_1_92' title='bbox 1113 1567 1187 1618; x_wconf 88' lang='lat' dir='ltr'><strong>sic</strong></span> <span class='ocrx_word' id='word_1_93' title='bbox 1217 1572 1270 1617; x_wconf 89' lang='lat' dir='ltr'><strong>et</strong></span> <span class='ocrx_word' id='word_1_94' title='bbox 1294 1578 1379 1615; x_wconf 89' lang='lat' dir='ltr'><strong>res</strong></span> <span class='ocrx_word' id='word_1_95' title='bbox 1407 1568 1579 1628; x_wconf 77' lang='lat' dir='ltr'><strong>gestas</strong></span> <span class='ocrx_word' id='word_1_96' title='bbox 1602 1558 1715 1624; x_wconf 81' lang='lat' dir='ltr'><strong>qui-</strong></span> 
     </span>
    </p>
   </div>
   <div class='ocr_carea' id='block_1_14' title="bbox 181 1647 1715 1734">
    <p class='ocr_par' dir='ltr' id='par_1_14' title="bbox 181 1647 1715 1734">
     <span class='ocr_line' id='line_1_14' title="bbox 181 1647 1715 1734; baseline -0.017 -11"><span class='ocrx_word' id='word_1_97' title='bbox 181 1672 303 1734; x_wconf 85' lang='lat' dir='ltr'><strong>dem,</strong></span> <span class='ocrx_word' id='word_1_98' title='bbox 332 1669 428 1722; x_wconf 89' lang='lat' dir='ltr'><strong>sed</strong></span> <span class='ocrx_word' id='word_1_99' title='bbox 458 1667 525 1719; x_wconf 93' lang='lat' dir='ltr'><strong>ob</strong></span> <span class='ocrx_word' id='word_1_100' title='bbox 553 1678 753 1732; x_wconf 87' lang='lat' dir='ltr'><strong>tempus</strong></span> <span class='ocrx_word' id='word_1_101' title='bbox 778 1660 1006 1713; x_wconf 88' lang='lat' dir='ltr'><strong>occultas</strong></span> <span class='ocrx_word' id='word_1_102' title='bbox 1033 1654 1264 1709; x_wconf 84' lang='lat' dir='ltr'><strong>revelare</strong></span> <span class='ocrx_word' id='word_1_103' title='bbox 1282 1692 1296 1715; x_wconf 93' lang='lat'><strong>,</strong></span> <span class='ocrx_word' id='word_1_104' title='bbox 1326 1659 1380 1704; x_wconf 89' lang='lat' dir='ltr'><strong>et</strong></span> <span class='ocrx_word' id='word_1_105' title='bbox 1409 1650 1461 1701; x_wconf 90' lang='lat' dir='ltr'><strong>in</strong></span> <span class='ocrx_word' id='word_1_106' title='bbox 1489 1647 1715 1700; x_wconf 91' lang='lat' dir='ltr'><strong>medium</strong></span> 
     </span>
    </p>
   </div>
   <div class='ocr_carea' id='block_1_15' title="bbox 182 1737 1715 1823">
    <p class='ocr_par' dir='ltr' id='par_1_15' title="bbox 182 1737 1715 1823">
     <span class='ocr_line' id='line_1_15' title="bbox 182 1737 1715 1823; baseline -0.017 -9"><span class='ocrx_word' id='word_1_107' title='bbox 182 1761 459 1819; x_wconf 82' lang='lat' dir='ltr'><strong>adducere,</strong></span> <span class='ocrx_word' id='word_1_108' title='bbox 509 1769 684 1823; x_wconf 86' lang='lat' dir='ltr'><strong>parem</strong></span> <span class='ocrx_word' id='word_1_109' title='bbox 717 1751 934 1820; x_wconf 79' lang='lat' dir='ltr'><strong>gratiam</strong></span> <span class='ocrx_word' id='word_1_110' title='bbox 973 1746 1222 1815; x_wconf 84' lang='lat' dir='ltr'><strong>postulat.</strong></span> <span class='ocrx_word' id='word_1_111' title='bbox 1270 1741 1348 1794; x_wconf 87' lang='lat' dir='ltr'><strong>Ad</strong></span> <span class='ocrx_word' id='word_1_112' title='bbox 1392 1737 1715 1806; x_wconf 88' lang='lat' dir='ltr'><strong>prophetiam</strong></span> 
     </span>
    </p>
   </div>
   <div class='ocr_carea' id='block_1_16' title="bbox 183 1825 1718 1916">
    <p class='ocr_par' dir='ltr' id='par_1_16' title="bbox 183 1825 1718 1916">
     <span class='ocr_line' id='line_1_16' title="bbox 183 1825 1718 1916; baseline -0.015 -17"><span class='ocrx_word' id='word_1_113' title='bbox 183 1862 370 1916; x_wconf 86' lang='lat' dir='ltr'><strong>quoque</strong></span> <span class='ocrx_word' id='word_1_114' title='bbox 419 1846 641 1912; x_wconf 80' lang='lat' dir='ltr'><strong>pertinet</strong></span> <span class='ocrx_word' id='word_1_115' title='bbox 691 1856 774 1893; x_wconf 87' lang='lat' dir='ltr'><strong>res</strong></span> <span class='ocrx_word' id='word_1_116' title='bbox 810 1845 1094 1907; x_wconf 68' lang='lat' dir='ltr'><strong>prtesentes</strong></span> <span class='ocrx_word' id='word_1_117' title='bbox 1133 1830 1442 1885; x_wconf 89' lang='lat' dir='ltr'><strong>annuntiare</strong></span> <span class='ocrx_word' id='word_1_118' title='bbox 1465 1867 1479 1891; x_wconf 92' lang='lat'><strong>,</strong></span> <span class='ocrx_word' id='word_1_119' title='bbox 1511 1825 1718 1894; x_wconf 88' lang='lat' dir='ltr'><strong>quando</strong></span> 
     </span>
    </p>
   </div>
   <div class='ocr_carea' id='block_1_17' title="bbox 184 1916 1716 2004">
    <p class='ocr_par' dir='ltr' id='par_1_17' title="bbox 184 1916 1716 2004">
     <span class='ocr_line' id='line_1_17' title="bbox 184 1916 1716 2004; baseline -0.016 -14"><span class='ocrx_word' id='word_1_120' title='bbox 184 1939 432 2004; x_wconf 80' lang='lat' dir='ltr'><strong>quidpiam</strong></span> <span class='ocrx_word' id='word_1_121' title='bbox 459 1933 702 1994; x_wconf 76' lang='lat' dir='ltr'><strong>el’ﬁeitur,</strong></span> <span class='ocrx_word' id='word_1_122' title='bbox 734 1929 824 1983; x_wconf 89' lang='lat' dir='ltr'><strong>sed</strong></span> <span class='ocrx_word' id='word_1_123' title='bbox 854 1925 1114 1981; x_wconf 90' lang='lat' dir='ltr'><strong>occultum</strong></span> <span class='ocrx_word' id='word_1_124' title='bbox 1140 1933 1254 1983; x_wconf 84' lang='lat' dir='ltr'><strong>est;</strong></span> <span class='ocrx_word' id='word_1_125' title='bbox 1285 1929 1341 1972; x_wconf 90' lang='lat' dir='ltr'><strong>ut</strong></span> <span class='ocrx_word' id='word_1_126' title='bbox 1366 1916 1552 1971; x_wconf 89' lang='lat' dir='ltr'><strong>accidit</strong></span> <span class='ocrx_word' id='word_1_127' title='bbox 1581 1917 1716 1968; x_wconf 90' lang='lat' dir='ltr'><strong>circa</strong></span> 
     </span>
    </p>
   </div>
   <div class='ocr_carea' id='block_1_18' title="bbox 183 2005 1717 2088">
    <p class='ocr_par' dir='ltr' id='par_1_18' title="bbox 183 2005 1717 2088">
     <span class='ocr_line' id='line_1_18' title="bbox 183 2005 1717 2088; baseline -0.016 -9"><span class='ocrx_word' id='word_1_128' title='bbox 183 2027 426 2079; x_wconf 73' lang='lat' dir='ltr'><strong>Aminiam</strong></span> <span class='ocrx_word' id='word_1_129' title='bbox 455 2032 506 2076; x_wconf 91' lang='lat' dir='ltr'><strong>et</strong></span> <span class='ocrx_word' id='word_1_130' title='bbox 533 2019 859 2088; x_wconf 87' lang='lat' dir='ltr'><strong>Sapphiram.</strong></span> <span class='ocrx_word' id='word_1_131' title='bbox 889 2016 992 2068; x_wconf 93' lang='lat' dir='ltr'><strong>Illic</strong></span> <span class='ocrx_word' id='word_1_132' title='bbox 1015 2014 1154 2067; x_wconf 90' lang='lat' dir='ltr'><strong>enim</strong></span> <span class='ocrx_word' id='word_1_133' title='bbox 1185 2024 1355 2078; x_wconf 89' lang='lat' dir='ltr'><strong>neque</strong></span> <span class='ocrx_word' id='word_1_134' title='bbox 1381 2005 1717 2076; x_wconf 63' lang='lat' dir='ltr'><strong>praeteritum,</strong></span> 
     </span>
    </p>
   </div>
   <div class='ocr_carea' id='block_1_19' title="bbox 184 2094 1722 2184">
    <p class='ocr_par' dir='ltr' id='par_1_19' title="bbox 184 2094 1722 2184">
     <span class='ocr_line' id='line_1_19' title="bbox 184 2094 1722 2184; baseline -0.016 -15"><span class='ocrx_word' id='word_1_135' title='bbox 184 2131 338 2184; x_wconf 87' lang='lat' dir='ltr'><strong>neque</strong></span> <span class='ocrx_word' id='word_1_136' title='bbox 366 2115 620 2172; x_wconf 80' lang='lat' dir='ltr'><strong>futurum,</strong></span> <span class='ocrx_word' id='word_1_137' title='bbox 647 2109 738 2162; x_wconf 89' lang='lat' dir='ltr'><strong>sed</strong></span> <span class='ocrx_word' id='word_1_138' title='bbox 766 2121 851 2160; x_wconf 91' lang='lat' dir='ltr'><strong>res</strong></span> <span class='ocrx_word' id='word_1_139' title='bbox 879 2116 1134 2173; x_wconf 68' lang='lat' dir='ltr'><strong>prmsens,</strong></span> <span class='ocrx_word' id='word_1_140' title='bbox 1162 2099 1362 2153; x_wconf 91' lang='lat' dir='ltr'><strong>occulta</strong></span> <span class='ocrx_word' id='word_1_141' title='bbox 1395 2107 1584 2150; x_wconf 89' lang='lat' dir='ltr'><strong>tamen.</strong></span> <span class='ocrx_word' id='word_1_142' title='bbox 1621 2094 1722 2146; x_wconf 84' lang='lat' dir='ltr'><strong>Pe-</strong></span> 
     </span>
    </p>
   </div>
   <div class='ocr_carea' id='block_1_20' title="bbox 187 2186 1722 2274">
    <p class='ocr_par' dir='ltr' id='par_1_20' title="bbox 187 2186 1722 2274">
     <span class='ocr_line' id='line_1_20' title="bbox 187 2186 1722 2274; baseline -0.014 -16"><span class='ocrx_word' id='word_1_143' title='bbox 187 2216 286 2258; x_wconf 89' lang='lat' dir='ltr'><strong>trus</strong></span> <span class='ocrx_word' id='word_1_144' title='bbox 318 2220 445 2274; x_wconf 84' lang='lat' dir='ltr'><strong>ergo</strong></span> <span class='ocrx_word' id='word_1_145' title='bbox 481 2204 592 2255; x_wconf 61' lang='lat' dir='ltr'><strong>ha‘c</strong></span> <span class='ocrx_word' id='word_1_146' title='bbox 622 2216 714 2269; x_wconf 90' lang='lat' dir='ltr'><strong>per</strong></span> <span class='ocrx_word' id='word_1_147' title='bbox 739 2196 1065 2267; x_wconf 81' lang='lat' dir='ltr'><strong>prophetiam</strong></span> <span class='ocrx_word' id='word_1_148' title='bbox 1107 2192 1381 2252; x_wconf 84' lang='lat' dir='ltr'><strong>revelans,</strong></span> <span class='ocrx_word' id='word_1_149' title='bbox 1412 2189 1464 2241; x_wconf 88' lang='lat' dir='ltr'><strong>in</strong></span> <span class='ocrx_word' id='word_1_150' title='bbox 1496 2186 1722 2239; x_wconf 89' lang='lat' dir='ltr'><strong>medium</strong></span> 
     </span>
    </p>
   </div>
   <div class='ocr_carea' id='block_1_21' title="bbox 186 2278 1721 2359">
    <p class='ocr_par' dir='ltr' id='par_1_21' title="bbox 186 2278 1721 2359">
     <span class='ocr_line' id='line_1_21' title="bbox 186 2278 1721 2359; baseline -0.014 -10"><span class='ocrx_word' id='word_1_151' title='bbox 186 2296 398 2348; x_wconf 80' lang='lat' dir='ltr'><strong>adducit.</strong></span> <span class='ocrx_word' id='word_1_152' title='bbox 433 2294 571 2347; x_wconf 89' lang='lat' dir='ltr'><strong>Sane</strong></span> <span class='ocrx_word' id='word_1_153' title='bbox 598 2305 713 2359; x_wconf 69' lang='lat' dir='ltr'><strong>quae</strong></span> <span class='ocrx_word' id='word_1_154' title='bbox 740 2289 804 2340; x_wconf 89' lang='lat' dir='ltr'><strong>ad</strong></span> <span class='ocrx_word' id='word_1_155' title='bbox 837 2287 990 2338; x_wconf 80' lang='lat' dir='ltr'><strong>Vetus</strong></span> <span class='ocrx_word' id='word_1_156' title='bbox 1016 2283 1411 2336; x_wconf 85' lang='lat' dir='ltr'><strong>Testamentum</strong></span> <span class='ocrx_word' id='word_1_157' title='bbox 1439 2278 1721 2344; x_wconf 91' lang='lat' dir='ltr'><strong>pertinent,</strong></span> 
     </span>
    </p>
   </div>
   <div class='ocr_carea' id='block_1_22' title="bbox 189 2366 1728 2455">
    <p class='ocr_par' dir='ltr' id='par_1_22' title="bbox 189 2366 1728 2455">
     <span class='ocr_line' id='line_1_22' title="bbox 189 2366 1728 2455; baseline -0.016 -16"><span class='ocrx_word' id='word_1_158' title='bbox 189 2395 237 2439; x_wconf 91' lang='lat' dir='ltr'><strong>ut</strong></span> <span class='ocrx_word' id='word_1_159' title='bbox 261 2388 370 2455; x_wconf 88' lang='lat' dir='ltr'><strong>quis</strong></span> <span class='ocrx_word' id='word_1_160' title='bbox 396 2382 673 2438; x_wconf 84' lang='lat' dir='ltr'><strong>confertim</strong></span> <span class='ocrx_word' id='word_1_161' title='bbox 699 2380 837 2431; x_wconf 85' lang='lat' dir='ltr'><strong>dicat</strong></span> <span class='ocrx_word' id='word_1_162' title='bbox 861 2417 876 2441; x_wconf 92' lang='lat'><strong>,</strong></span> <span class='ocrx_word' id='word_1_163' title='bbox 913 2372 1169 2442; x_wconf 87' lang='lat' dir='ltr'><strong>ejusmodi</strong></span> <span class='ocrx_word' id='word_1_164' title='bbox 1210 2377 1348 2423; x_wconf 89' lang='lat' dir='ltr'><strong>sunt.</strong></span> <span class='ocrx_word' id='word_1_165' title='bbox 1381 2367 1435 2419; x_wconf 92' lang='lat' dir='ltr'><strong>In</strong></span> <span class='ocrx_word' id='word_1_166' title='bbox 1464 2366 1608 2419; x_wconf 86' lang='lat' dir='ltr'><strong>Novo</strong></span> <span class='ocrx_word' id='word_1_167' title='bbox 1634 2379 1728 2416; x_wconf 86' lang='lat' dir='ltr'><strong>au-</strong></span> 
     </span>
    </p>
   </div>
   <div class='ocr_carea' id='block_1_23' title="bbox 189 2451 1727 2540">
    <p class='ocr_par' dir='ltr' id='par_1_23' title="bbox 189 2451 1727 2540">
     <span class='ocr_line' id='line_1_23' title="bbox 189 2451 1727 2540; baseline -0.017 -12"><span class='ocrx_word' id='word_1_168' title='bbox 189 2451 291 2527; x_wconf 37' lang='lat' dir='ltr'><strong>tetn—</strong></span> <span class='ocrx_word' id='word_1_169' title='bbox 312 2489 369 2527; x_wconf 90' lang='lat' dir='ltr'><strong>ea</strong></span> <span class='ocrx_word' id='word_1_170' title='bbox 393 2513 407 2537; x_wconf 91' lang='lat'><strong>,</strong></span> <span class='ocrx_word' id='word_1_171' title='bbox 445 2486 561 2540; x_wconf 76' lang='lat' dir='ltr'><strong>qua:</strong></span> <span class='ocrx_word' id='word_1_172' title='bbox 591 2471 640 2522; x_wconf 90' lang='lat' dir='ltr'><strong>in</strong></span> <span class='ocrx_word' id='word_1_173' title='bbox 673 2467 844 2521; x_wconf 77' lang='lat' dir='ltr'><strong>Veteri</strong></span> <span class='ocrx_word' id='word_1_174' title='bbox 886 2461 1209 2530; x_wconf 76' lang='lat' dir='ltr'><strong>:enigmatiee</strong></span> <span class='ocrx_word' id='word_1_175' title='bbox 1238 2457 1375 2510; x_wconf 87' lang='lat' dir='ltr'><strong>dicta</strong></span> <span class='ocrx_word' id='word_1_176' title='bbox 1407 2463 1545 2516; x_wconf 87' lang='lat' dir='ltr'><strong>sunt,</strong></span> <span class='ocrx_word' id='word_1_177' title='bbox 1578 2451 1727 2505; x_wconf 77' lang='lat' dir='ltr'><strong>exhi-</strong></span> 
     </span>
    </p>
   </div>
   <div class='ocr_carea' id='block_1_24' title="bbox 189 2541 1729 2626">
    <p class='ocr_par' dir='ltr' id='par_1_24' title="bbox 189 2541 1729 2626">
     <span class='ocr_line' id='line_1_24' title="bbox 189 2541 1729 2626; baseline -0.015 -12"><span class='ocrx_word' id='word_1_178' title='bbox 189 2562 406 2614; x_wconf 89' lang='lat' dir='ltr'><strong>bentur:</strong></span> <span class='ocrx_word' id='word_1_179' title='bbox 439 2560 507 2613; x_wconf 90' lang='lat' dir='ltr'><strong>de</strong></span> <span class='ocrx_word' id='word_1_180' title='bbox 552 2555 840 2626; x_wconf 90' lang='lat' dir='ltr'><strong>pr0phetiis</strong></span> <span class='ocrx_word' id='word_1_181' title='bbox 875 2553 1094 2619; x_wconf 88' lang='lat' dir='ltr'><strong>loquor,</strong></span> <span class='ocrx_word' id='word_1_182' title='bbox 1139 2548 1328 2616; x_wconf 88' lang='lat' dir='ltr'><strong>quibus</strong></span> <span class='ocrx_word' id='word_1_183' title='bbox 1375 2541 1729 2598; x_wconf 89' lang='lat' dir='ltr'><strong>testimonium</strong></span> 
     </span>
    </p>
   </div>
   <div class='ocr_carea' id='block_1_25' title="bbox 191 2632 1731 2719">
    <p class='ocr_par' dir='ltr' id='par_1_25' title="bbox 191 2632 1731 2719">
     <span class='ocr_line' id='line_1_25' title="bbox 191 2632 1731 2719; baseline -0.016 -15"><span class='ocrx_word' id='word_1_184' title='bbox 191 2651 454 2719; x_wconf 84' lang='lat' dir='ltr'><strong>perhibent</strong></span> <span class='ocrx_word' id='word_1_185' title='bbox 484 2649 595 2716; x_wconf 80' lang='lat' dir='ltr'><strong>ipsa</strong></span> <span class='ocrx_word' id='word_1_186' title='bbox 625 2659 780 2713; x_wconf 85' lang='lat' dir='ltr'><strong>opera</strong></span> <span class='ocrx_word' id='word_1_187' title='bbox 805 2683 820 2708; x_wconf 92' lang='lat'><strong>,</strong></span> <span class='ocrx_word' id='word_1_188' title='bbox 860 2655 1049 2707; x_wconf 87' lang='lat' dir='ltr'><strong>nempe</strong></span> <span class='ocrx_word' id='word_1_189' title='bbox 1079 2640 1197 2689; x_wconf 65' lang='lat' dir='ltr'><strong>vitae</strong></span> <span class='ocrx_word' id='word_1_190' title='bbox 1223 2635 1511 2688; x_wconf 90' lang='lat' dir='ltr'><strong>institutum</strong></span> <span class='ocrx_word' id='word_1_191' title='bbox 1537 2632 1600 2682; x_wconf 89' lang='lat' dir='ltr'><strong>ad</strong></span> <span class='ocrx_word' id='word_1_192' title='bbox 1629 2645 1731 2681; x_wconf 71' lang='lat' dir='ltr'><strong>cm-</strong></span> 
     </span>
    </p>
   </div>
   <div class='ocr_carea' id='block_1_26' title="bbox 193 2722 1732 2810">
    <p class='ocr_par' dir='ltr' id='par_1_26' title="bbox 193 2722 1732 2810">
     <span class='ocr_line' id='line_1_26' title="bbox 193 2722 1732 2810; baseline -0.015 -16"><span class='ocrx_word' id='word_1_193' title='bbox 193 2744 290 2794; x_wconf 91' lang='lat' dir='ltr'><strong>lum</strong></span> <span class='ocrx_word' id='word_1_194' title='bbox 319 2757 481 2810; x_wconf 79' lang='lat' dir='ltr'><strong>usque</strong></span> <span class='ocrx_word' id='word_1_195' title='bbox 512 2737 828 2807; x_wconf 82' lang='lat' dir='ltr'><strong>pertingens,</strong></span> <span class='ocrx_word' id='word_1_196' title='bbox 854 2744 1042 2784; x_wconf 87' lang='lat' dir='ltr'><strong>arcana</strong></span> <span class='ocrx_word' id='word_1_197' title='bbox 1075 2728 1362 2779; x_wconf 77' lang='lat' dir='ltr'><strong>futurorum</strong></span> <span class='ocrx_word' id='word_1_198' title='bbox 1398 2723 1532 2776; x_wconf 91' lang='lat' dir='ltr'><strong>bona</strong></span> <span class='ocrx_word' id='word_1_199' title='bbox 1557 2763 1571 2784; x_wconf 95' lang='lat'><strong>,</strong></span> <span class='ocrx_word' id='word_1_200' title='bbox 1608 2722 1732 2785; x_wconf 58' lang='lat' dir='ltr'><strong>Quae</strong></span> 
     </span>
    </p>
   </div>
   <div class='ocr_carea' id='block_1_27' title="bbox 192 2811 1733 2890">
    <p class='ocr_par' dir='ltr' id='par_1_27' title="bbox 192 2811 1733 2890">
     <span class='ocr_line' id='line_1_27' title="bbox 192 2811 1733 2890; baseline -0.016 -7"><span class='ocrx_word' id='word_1_201' title='bbox 192 2848 271 2883; x_wconf 86' lang='lat' dir='ltr'><strong>nec</strong></span> <span class='ocrx_word' id='word_1_202' title='bbox 311 2832 481 2883; x_wconf 75' lang='lat' dir='ltr'><strong>oculus</strong></span> <span class='ocrx_word' id='word_1_203' title='bbox 509 2828 660 2890; x_wconf 77' lang='lat' dir='ltr'><strong>vidit,</strong></span> <span class='ocrx_word' id='word_1_204' title='bbox 696 2839 781 2876; x_wconf 86' lang='lat' dir='ltr'><strong>nec</strong></span> <span class='ocrx_word' id='word_1_205' title='bbox 809 2821 944 2873; x_wconf 75' lang='lat' dir='ltr'><strong>auris</strong></span> <span class='ocrx_word' id='word_1_206' title='bbox 967 2817 1188 2881; x_wconf 81' lang='lat' dir='ltr'><strong>audivit,</strong></span> <span class='ocrx_word' id='word_1_207' title='bbox 1219 2830 1305 2866; x_wconf 87' lang='lat' dir='ltr'><strong>nec</strong></span> <span class='ocrx_word' id='word_1_208' title='bbox 1334 2815 1384 2863; x_wconf 86' lang='lat' dir='ltr'><strong>in</strong></span> <span class='ocrx_word' id='word_1_209' title='bbox 1413 2828 1495 2864; x_wconf 85' lang='lat' dir='ltr'><strong>cor</strong></span> <span class='ocrx_word' id='word_1_210' title='bbox 1522 2811 1733 2860; x_wconf 78' lang='lat' dir='ltr'><strong>hominis</strong></span> 
     </span>
    </p>
   </div>
   <div class='ocr_carea' id='block_1_28' title="bbox 191 2903 1732 2984">
    <p class='ocr_par' dir='ltr' id='par_1_28' title="bbox 191 2903 1732 2984">
     <span class='ocr_line' id='line_1_28' title="bbox 191 2903 1732 2984; baseline -0.015 -13"><span class='ocrx_word' id='word_1_211' title='bbox 191 2922 500 2973; x_wconf 75' lang='lat' dir='ltr'><strong>ascenderunt</strong></span> <span class='ocrx_word' id='word_1_212' title='bbox 520 2916 592 2984; x_wconf 77' lang='lat' dir='ltr'><strong>(t.</strong></span> <span class='ocrx_word' id='word_1_213' title='bbox 611 2914 724 2968; x_wconf 87' lang='lat' dir='ltr'><strong>Cor.</strong></span> <span class='ocrx_word' id='word_1_214' title='bbox 742 2913 795 2964; x_wconf 70' lang='grc' dir='ltr'><strong>Ξ.</strong></span> <span class='ocrx_word' id='word_1_215' title='bbox 819 2911 894 2980; x_wconf 87' lang='lat'><strong>9).</strong></span> <span class='ocrx_word' id='word_1_216' title='bbox 912 2909 1113 2962; x_wconf 81' lang='lat' dir='ltr'><strong>Novum</strong></span> <span class='ocrx_word' id='word_1_217' title='bbox 1133 2905 1323 2973; x_wconf 87' lang='lat' dir='ltr'><strong>quippe</strong></span> <span class='ocrx_word' id='word_1_218' title='bbox 1343 2903 1732 2955; x_wconf 88' lang='lat' dir='ltr'><strong>Testamentum</strong></span> 
     </span>
    </p>
   </div>
   <div class='ocr_carea' id='block_1_29' title="bbox 194 2992 1732 3076">
    <p class='ocr_par' dir='ltr' id='par_1_29' title="bbox 194 2992 1732 3076">
     <span class='ocr_line' id='line_1_29' title="bbox 194 2992 1732 3076; baseline -0.014 -14"><span class='ocrx_word' id='word_1_219' title='bbox 194 3010 447 3064; x_wconf 87' lang='lat' dir='ltr'><strong>hominem</strong></span> <span class='ocrx_word' id='word_1_220' title='bbox 476 3022 569 3076; x_wconf 90' lang='lat' dir='ltr'><strong>per</strong></span> <span class='ocrx_word' id='word_1_221' title='bbox 595 3004 756 3058; x_wconf 81' lang='lat' dir='ltr'><strong>Vetus</strong></span> <span class='ocrx_word' id='word_1_222' title='bbox 779 3009 1049 3068; x_wconf 84' lang='lat' dir='ltr'><strong>acceptum</strong></span> <span class='ocrx_word' id='word_1_223' title='bbox 1069 3038 1084 3062; x_wconf 93' lang='lat'><strong>,</strong></span> <span class='ocrx_word' id='word_1_224' title='bbox 1115 2996 1381 3049; x_wconf 88' lang='lat' dir='ltr'><strong>moderate</strong></span> <span class='ocrx_word' id='word_1_225' title='bbox 1406 3002 1458 3046; x_wconf 86' lang='lat' dir='ltr'><strong>et</strong></span> <span class='ocrx_word' id='word_1_226' title='bbox 1485 2992 1676 3044; x_wconf 90' lang='lat' dir='ltr'><strong>sensim</strong></span> <span class='ocrx_word' id='word_1_227' title='bbox 1706 3003 1732 3040; x_wconf 93' lang='lat' dir='ltr'><strong>a</strong></span> 
     </span>
    </p>
   </div>
   <div class='ocr_carea' id='block_1_30' title="bbox 195 3079 1738 3167">
    <p class='ocr_par' dir='ltr' id='par_1_30' title="bbox 195 3079 1738 3167">
     <span class='ocr_line' id='line_1_30' title="bbox 195 3079 1738 3167; baseline -0.013 -16"><span class='ocrx_word' id='word_1_228' title='bbox 195 3101 409 3167; x_wconf 80' lang='lat' dir='ltr'><strong>nequitia</strong></span> <span class='ocrx_word' id='word_1_229' title='bbox 437 3098 502 3150; x_wconf 89' lang='lat' dir='ltr'><strong>ad</strong></span> <span class='ocrx_word' id='word_1_230' title='bbox 533 3094 836 3163; x_wconf 88' lang='lat' dir='ltr'><strong>angelorum</strong></span> <span class='ocrx_word' id='word_1_231' title='bbox 862 3089 1152 3143; x_wconf 83' lang='lat' dir='ltr'><strong>institutum</strong></span> <span class='ocrx_word' id='word_1_232' title='bbox 1175 3084 1403 3138; x_wconf 87' lang='lat' dir='ltr'><strong>adducit.</strong></span> <span class='ocrx_word' id='word_1_233' title='bbox 1438 3083 1615 3149; x_wconf 79' lang='lat' dir='ltr'><strong>Itaque</strong></span> <span class='ocrx_word' id='word_1_234' title='bbox 1638 3079 1738 3132; x_wconf 83' lang='lat' dir='ltr'><strong>Ve-</strong></span> 
     </span>
    </p>
   </div>
   <div class='ocr_carea' id='block_1_31' title="bbox 197 3172 1734 3260">
    <p class='ocr_par' dir='ltr' id='par_1_31' title="bbox 197 3172 1734 3260">
     <span class='ocr_line' id='line_1_31' title="bbox 197 3172 1734 3260; baseline -0.015 -16"><span class='ocrx_word' id='word_1_235' title='bbox 197 3193 310 3244; x_wconf 90' lang='lat' dir='ltr'><strong>teris</strong></span> <span class='ocrx_word' id='word_1_236' title='bbox 336 3191 549 3260; x_wconf 89' lang='lat' dir='ltr'><strong>qtndem</strong></span> <span class='ocrx_word' id='word_1_237' title='bbox 581 3186 900 3240; x_wconf 84' lang='lat' dir='ltr'><strong>Testamenti</strong></span> <span class='ocrx_word' id='word_1_238' title='bbox 930 3195 1060 3248; x_wconf 89' lang='lat' dir='ltr'><strong>opus</strong></span> <span class='ocrx_word' id='word_1_239' title='bbox 1091 3186 1200 3231; x_wconf 90' lang='lat' dir='ltr'><strong>erat</strong></span> <span class='ocrx_word' id='word_1_240' title='bbox 1229 3175 1492 3228; x_wconf 89' lang='lat' dir='ltr'><strong>hominem</strong></span> <span class='ocrx_word' id='word_1_241' title='bbox 1535 3172 1734 3233; x_wconf 83' lang='lat' dir='ltr'><strong>facere;</strong></span> 
     </span>
    </p>
   </div>
   <div class='ocr_carea' id='block_1_32' title="bbox 195 3259 1738 3347">
    <p class='ocr_par' dir='ltr' id='par_1_32' title="bbox 195 3259 1738 3347">
     <span class='ocr_line' id='line_1_32' title="bbox 195 3259 1738 3347; baseline -0.015 -15"><span class='ocrx_word' id='word_1_242' title='bbox 195 3281 313 3332; x_wconf 73' lang='lat' dir='ltr'><strong>Novi</strong></span> <span class='ocrx_word' id='word_1_243' title='bbox 343 3259 830 3347; x_wconf 58' lang='lat' dir='ltr'><strong>autemJiominem</strong></span> <span class='ocrx_word' id='word_1_244' title='bbox 863 3269 1072 3324; x_wconf 77' lang='lat' dir='ltr'><strong>efﬁcere</strong></span> <span class='ocrx_word' id='word_1_245' title='bbox 1115 3265 1377 3333; x_wconf 87' lang='lat' dir='ltr'><strong>angelum.</strong></span> <span class='ocrx_word' id='word_1_246' title='bbox 1407 3259 1738 3326; x_wconf 82' lang='lat' dir='ltr'><strong>Quandoqui—</strong></span> 
     </span>
    </p>
   </div>
   <div class='ocr_carea' id='block_1_33' title="bbox 197 3350 1740 3432">
    <p class='ocr_par' dir='ltr' id='par_1_33' title="bbox 197 3350 1740 3432">
     <span class='ocr_line' id='line_1_33' title="bbox 197 3350 1740 3432; baseline -0.015 -11"><span class='ocrx_word' id='word_1_247' title='bbox 197 3370 306 3423; x_wconf 86' lang='lat' dir='ltr'><strong>dem</strong></span> <span class='ocrx_word' id='word_1_248' title='bbox 336 3369 473 3422; x_wconf 92' lang='lat' dir='ltr'><strong>enim</strong></span> <span class='ocrx_word' id='word_1_249' title='bbox 516 3363 743 3432; x_wconf 87' lang='lat' dir='ltr'><strong>nequitia</strong></span> <span class='ocrx_word' id='word_1_250' title='bbox 774 3360 824 3412; x_wconf 94' lang='lat' dir='ltr'><strong>id</strong></span> <span class='ocrx_word' id='word_1_251' title='bbox 852 3358 1024 3411; x_wconf 86' lang='lat' dir='ltr'><strong>eﬁ‘ecit</strong></span> <span class='ocrx_word' id='word_1_252' title='bbox 1051 3364 1106 3408; x_wconf 90' lang='lat' dir='ltr'><strong>ut</strong></span> <span class='ocrx_word' id='word_1_253' title='bbox 1150 3352 1275 3406; x_wconf 88' lang='lat' dir='ltr'><strong>illud</strong></span> <span class='ocrx_word' id='word_1_254' title='bbox 1316 3350 1596 3419; x_wconf 87' lang='lat' dir='ltr'><strong>perderent</strong></span> <span class='ocrx_word' id='word_1_255' title='bbox 1639 3363 1740 3414; x_wconf 91' lang='lat' dir='ltr'><strong>quo</strong></span> 
     </span>
    </p>
   </div>
   <div class='ocr_carea' id='block_1_34' title="bbox 199 3441 1742 3521">
    <p class='ocr_par' dir='ltr' id='par_1_34' title="bbox 199 3441 1742 3521">
     <span class='ocr_line' id='line_1_34' title="bbox 199 3441 1742 3521; baseline -0.015 -9"><span class='ocrx_word' id='word_1_256' title='bbox 199 3459 426 3513; x_wconf 89' lang='lat' dir='ltr'><strong>homines</strong></span> <span class='ocrx_word' id='word_1_257' title='bbox 480 3465 630 3512; x_wconf 87' lang='lat' dir='ltr'><strong>erant</strong></span> <span class='ocrx_word' id='word_1_258' title='bbox 655 3494 671 3518; x_wconf 97' lang='lat'><strong>,</strong></span> <span class='ocrx_word' id='word_1_259' title='bbox 715 3454 958 3521; x_wconf 88' lang='lat' dir='ltr'><strong>ipsosque</strong></span> <span class='ocrx_word' id='word_1_260' title='bbox 985 3449 1035 3500; x_wconf 92' lang='lat' dir='ltr'><strong>in</strong></span> <span class='ocrx_word' id='word_1_261' title='bbox 1067 3446 1333 3498; x_wconf 90' lang='lat' dir='ltr'><strong>brutorum</strong></span> <span class='ocrx_word' id='word_1_262' title='bbox 1369 3441 1742 3508; x_wconf 88' lang='lat' dir='ltr'><strong>ignobilitatem</strong></span> 
     </span>
    </p>
   </div>
   <div class='ocr_carea' id='block_1_35' title="bbox 199 3529 1742 3616">
    <p class='ocr_par' dir='ltr' id='par_1_35' title="bbox 199 3529 1742 3616">
     <span class='ocr_line' id='line_1_35' title="bbox 199 3529 1742 3616; baseline -0.015 -14"><span class='ocrx_word' id='word_1_263' title='bbox 199 3550 378 3616; x_wconf 88' lang='lat' dir='ltr'><strong>dejecit</strong></span> <span class='ocrx_word' id='word_1_264' title='bbox 402 3589 416 3611; x_wconf 87' lang='lat'><strong>,</strong></span> <span class='ocrx_word' id='word_1_265' title='bbox 460 3563 521 3601; x_wconf 85' lang='lat' dir='ltr'><strong>ac</strong></span> <span class='ocrx_word' id='word_1_266' title='bbox 554 3546 747 3599; x_wconf 83' lang='lat' dir='ltr'><strong>ferinos</strong></span> <span class='ocrx_word' id='word_1_267' title='bbox 778 3539 1004 3594; x_wconf 89' lang='lat' dir='ltr'><strong>reddidit</strong></span> <span class='ocrx_word' id='word_1_268' title='bbox 1032 3553 1046 3600; x_wconf 91' lang='lat'><strong>;</strong></span> <span class='ocrx_word' id='word_1_269' title='bbox 1084 3537 1167 3589; x_wconf 82' lang='lat' dir='ltr'><strong>lex</strong></span> <span class='ocrx_word' id='word_1_270' title='bbox 1203 3532 1412 3602; x_wconf 88' lang='lat' dir='ltr'><strong>quidem</strong></span> <span class='ocrx_word' id='word_1_271' title='bbox 1458 3530 1574 3582; x_wconf 88' lang='lat' dir='ltr'><strong>illos</strong></span> <span class='ocrx_word' id='word_1_272' title='bbox 1600 3544 1628 3581; x_wconf 92' lang='lat' dir='ltr'><strong>a</strong></span> <span class='ocrx_word' id='word_1_273' title='bbox 1657 3529 1742 3580; x_wconf 91' lang='lat' dir='ltr'><strong>tali</strong></span> 
     </span>
    </p>
   </div>
   <div class='ocr_carea' id='block_1_36' title="bbox 199 3619 1742 3699">
    <p class='ocr_par' dir='ltr' id='par_1_36' title="bbox 199 3619 1742 3699">
     <span class='ocr_line' id='line_1_36' title="bbox 199 3619 1742 3699; baseline -0.014 -9"><span class='ocrx_word' id='word_1_274' title='bbox 199 3640 384 3691; x_wconf 90' lang='lat' dir='ltr'><strong>malitia</strong></span> <span class='ocrx_word' id='word_1_275' title='bbox 425 3635 715 3694; x_wconf 85' lang='lat' dir='ltr'><strong>liberabat;</strong></span> <span class='ocrx_word' id='word_1_276' title='bbox 756 3631 919 3699; x_wconf 90' lang='lat' dir='ltr'><strong>gratia</strong></span> <span class='ocrx_word' id='word_1_277' title='bbox 956 3641 1082 3680; x_wconf 86' lang='lat' dir='ltr'><strong>vero</strong></span> <span class='ocrx_word' id='word_1_278' title='bbox 1121 3625 1246 3693; x_wconf 90' lang='lat' dir='ltr'><strong>ipsis</strong></span> <span class='ocrx_word' id='word_1_279' title='bbox 1287 3622 1418 3674; x_wconf 90' lang='lat' dir='ltr'><strong>hanc</strong></span> <span class='ocrx_word' id='word_1_280' title='bbox 1459 3619 1742 3687; x_wconf 87' lang='lat' dir='ltr'><strong>angelicam</strong></span> 
     </span>
    </p>
   </div>
   <div class='ocr_carea' id='block_1_37' title="bbox 201 3706 1743 3778">
    <p class='ocr_par' dir='ltr' id='par_1_37' title="bbox 201 3706 1743 3778">
     <span class='ocr_line' id='line_1_37' title="bbox 201 3706 1743 3778; baseline -0.014 -2"><span class='ocrx_word' id='word_1_281' title='bbox 201 3728 436 3778; x_wconf 69' lang='lat' dir='ltr'><strong>virtutem</strong></span> <span class='ocrx_word' id='word_1_282' title='bbox 475 3723 640 3776; x_wconf 86' lang='lat' dir='ltr'><strong>addit.</strong></span> <span class='ocrx_word' id='word_1_283' title='bbox 686 3721 818 3772; x_wconf 86' lang='lat' dir='ltr'><strong>Sunt</strong></span> <span class='ocrx_word' id='word_1_284' title='bbox 857 3725 1029 3768; x_wconf 89' lang='lat' dir='ltr'><strong>autem</strong></span> <span class='ocrx_word' id='word_1_285' title='bbox 1073 3713 1200 3766; x_wconf 84' lang='lat' dir='ltr'><strong>Novi</strong></span> <span class='ocrx_word' id='word_1_286' title='bbox 1230 3709 1546 3763; x_wconf 88' lang='lat' dir='ltr'><strong>Testameuti</strong></span> <span class='ocrx_word' id='word_1_287' title='bbox 1589 3706 1743 3768; x_wconf 91' lang='lat' dir='ltr'><strong>libri,</strong></span> 
     </span>
    </p>
   </div>
   <div class='ocr_carea' id='block_1_38' title="bbox 201 3797 1743 3883">
    <p class='ocr_par' dir='ltr' id='par_1_38' title="bbox 201 3797 1743 3883">
     <span class='ocr_line' id='line_1_38' title="bbox 201 3797 1743 3883; baseline -0.014 -15"><span class='ocrx_word' id='word_1_288' title='bbox 201 3817 440 3883; x_wconf 67' lang='lat' dir='ltr'><strong>Epistula:</strong></span> <span class='ocrx_word' id='word_1_289' title='bbox 479 3809 873 3882; x_wconf 86' lang='lat' dir='ltr'><strong>quatuordecim</strong></span> <span class='ocrx_word' id='word_1_290' title='bbox 905 3804 1045 3858; x_wconf 88' lang='lat' dir='ltr'><strong>Pauli</strong></span> <span class='ocrx_word' id='word_1_291' title='bbox 1073 3803 1165 3870; x_wconf 71' lang='grc' dir='ltr'><strong>(τι),</strong></span> <span class='ocrx_word' id='word_1_292' title='bbox 1197 3809 1418 3868; x_wconf 91' lang='lat' dir='ltr'><strong>quatuor</strong></span> <span class='ocrx_word' id='word_1_293' title='bbox 1446 3797 1743 3864; x_wconf 78' lang='lat' dir='ltr'><strong>Evangelia,</strong></span> 
     </span>
    </p>
   </div>
   <div class='ocr_carea' id='block_1_39' title="bbox 200 3884 1748 3973">
    <p class='ocr_par' dir='ltr' id='par_1_39' title="bbox 200 3884 1748 3973">
     <span class='ocr_line' id='line_1_39' title="bbox 200 3884 1748 3973; baseline -0.015 -16"><span class='ocrx_word' id='word_1_294' title='bbox 200 3907 296 3959; x_wconf 90' lang='lat' dir='ltr'><strong>duo</strong></span> <span class='ocrx_word' id='word_1_295' title='bbox 323 3905 703 3973; x_wconf 89' lang='lat' dir='ltr'><strong>discipulorum</strong></span> <span class='ocrx_word' id='word_1_296' title='bbox 744 3896 934 3952; x_wconf 89' lang='lat' dir='ltr'><strong>Christi</strong></span> <span class='ocrx_word' id='word_1_297' title='bbox 961 3935 974 3958; x_wconf 91' lang='lat'><strong>,</strong></span> <span class='ocrx_word' id='word_1_298' title='bbox 1019 3892 1231 3947; x_wconf 83' lang='lat' dir='ltr'><strong>Joannis</strong></span> <span class='ocrx_word' id='word_1_299' title='bbox 1260 3899 1312 3943; x_wconf 91' lang='lat' dir='ltr'><strong>et</strong></span> <span class='ocrx_word' id='word_1_300' title='bbox 1348 3887 1573 3940; x_wconf 71' lang='lat' dir='ltr'><strong>Matthazi</strong></span> <span class='ocrx_word' id='word_1_301' title='bbox 1600 3925 1615 3950; x_wconf 94' lang='lat'><strong>,</strong></span> <span class='ocrx_word' id='word_1_302' title='bbox 1643 3884 1748 3936; x_wconf 93' lang='lat' dir='ltr'><strong>duo</strong></span> 
     </span>
    </p>
   </div>
   <div class='ocr_carea' id='block_1_40' title="bbox 199 3971 1747 4053">
    <p class='ocr_par' dir='ltr' id='par_1_40' title="bbox 199 3971 1747 4053">
     <span class='ocr_line' id='line_1_40' title="bbox 199 3971 1747 4053; baseline -0.015 -7"><span class='ocrx_word' id='word_1_303' title='bbox 199 4005 366 4048; x_wconf 91' lang='lat' dir='ltr'><strong>autem</strong></span> <span class='ocrx_word' id='word_1_304' title='bbox 396 3971 556 4046; x_wconf 80' lang='lat' dir='ltr'><strong>Luca:</strong></span> <span class='ocrx_word' id='word_1_305' title='bbox 576 4001 626 4044; x_wconf 91' lang='lat' dir='ltr'><strong>et</strong></span> <span class='ocrx_word' id='word_1_306' title='bbox 643 3987 796 4042; x_wconf 81' lang='lat' dir='ltr'><strong>Marci</strong></span> <span class='ocrx_word' id='word_1_307' title='bbox 823 4003 835 4037; x_wconf 89' lang='lat'>:</span> <span class='ocrx_word' id='word_1_308' title='bbox 859 3996 1080 4053; x_wconf 89' lang='lat' dir='ltr'><strong>quorum</strong></span> <span class='ocrx_word' id='word_1_309' title='bbox 1106 3980 1237 4032; x_wconf 90' lang='lat' dir='ltr'><strong>alius</strong></span> <span class='ocrx_word' id='word_1_310' title='bbox 1264 3977 1419 4037; x_wconf 88' lang='lat' dir='ltr'><strong>Petri,</strong></span> <span class='ocrx_word' id='word_1_311' title='bbox 1451 3975 1581 4026; x_wconf 91' lang='lat' dir='ltr'><strong>alius</strong></span> <span class='ocrx_word' id='word_1_312' title='bbox 1605 3971 1747 4025; x_wconf 76' lang='lat' dir='ltr'><strong>l’auli</strong></span> 
     </span>
    </p>
   </div>
   <div class='ocr_carea' id='block_1_41' title="bbox 201 4065 1749 4152">
    <p class='ocr_par' dir='ltr' id='par_1_41' title="bbox 201 4065 1749 4152">
     <span class='ocr_line' id='line_1_41' title="bbox 201 4065 1749 4152; baseline -0.014 -14"><span class='ocrx_word' id='word_1_313' title='bbox 201 4085 480 4152; x_wconf 85' lang='lat' dir='ltr'><strong>discipulus</strong></span> <span class='ocrx_word' id='word_1_314' title='bbox 508 4082 624 4134; x_wconf 83' lang='lat' dir='ltr'><strong>fuit.</strong></span> <span class='ocrx_word' id='word_1_315' title='bbox 657 4080 733 4133; x_wconf 89' lang='lat' dir='ltr'><strong>llli</strong></span> <span class='ocrx_word' id='word_1_316' title='bbox 763 4077 902 4131; x_wconf 93' lang='lat' dir='ltr'><strong>enim</strong></span> <span class='ocrx_word' id='word_1_317' title='bbox 941 4075 1066 4142; x_wconf 89' lang='lat' dir='ltr'><strong>ipsis</strong></span> <span class='ocrx_word' id='word_1_318' title='bbox 1103 4072 1268 4125; x_wconf 91' lang='lat' dir='ltr'><strong>oculis</strong></span> <span class='ocrx_word' id='word_1_319' title='bbox 1306 4068 1568 4122; x_wconf 87' lang='lat' dir='ltr'><strong>Christum</strong></span> <span class='ocrx_word' id='word_1_320' title='bbox 1600 4065 1749 4118; x_wconf 82' lang='lat' dir='ltr'><strong>vide-</strong></span> 
     </span>
    </p>
   </div>
   <div class='ocr_carea' id='block_1_42' title="bbox 202 4160 1748 4238">
    <p class='ocr_par' dir='ltr' id='par_1_42' title="bbox 202 4160 1748 4238">
     <span class='ocr_line' id='line_1_42' title="bbox 202 4160 1748 4238; baseline -0.014 -9"><span class='ocrx_word' id='word_1_321' title='bbox 202 4186 332 4238; x_wconf 85' lang='lat' dir='ltr'><strong>rant,</strong></span> <span class='ocrx_word' id='word_1_322' title='bbox 358 4190 422 4227; x_wconf 88' lang='lat' dir='ltr'><strong>ae</strong></span> <span class='ocrx_word' id='word_1_323' title='bbox 452 4188 578 4226; x_wconf 90' lang='lat' dir='ltr'><strong>eum</strong></span> <span class='ocrx_word' id='word_1_324' title='bbox 617 4171 704 4223; x_wconf 91' lang='lat' dir='ltr'><strong>illo</strong></span> <span class='ocrx_word' id='word_1_325' title='bbox 735 4167 922 4220; x_wconf 79' lang='lat' dir='ltr'><strong>versati</strong></span> <span class='ocrx_word' id='word_1_326' title='bbox 955 4165 1194 4221; x_wconf 79' lang='lat' dir='ltr'><strong>fuerant;</strong></span> <span class='ocrx_word' id='word_1_327' title='bbox 1228 4160 1279 4212; x_wconf 93' lang='lat' dir='ltr'><strong>hi</strong></span> <span class='ocrx_word' id='word_1_328' title='bbox 1305 4173 1428 4212; x_wconf 89' lang='lat' dir='ltr'><strong>vero</strong></span> <span class='ocrx_word' id='word_1_329' title='bbox 1452 4172 1510 4210; x_wconf 90' lang='lat' dir='ltr'><strong>ea</strong></span> <span class='ocrx_word' id='word_1_330' title='bbox 1538 4171 1654 4225; x_wconf 69' lang='lat' dir='ltr'><strong>quae.</strong></span> <span class='ocrx_word' id='word_1_331' title='bbox 1685 4171 1748 4208; x_wconf 83' lang='lat' dir='ltr'><strong>ex</strong></span> 
     </span>
    </p>
   </div>
   <div class='ocr_carea' id='block_1_43' title="bbox 203 4245 1752 4331">
    <p class='ocr_par' dir='ltr' id='par_1_43' title="bbox 203 4245 1752 4331">
     <span class='ocr_line' id='line_1_43' title="bbox 203 4245 1752 4331; baseline -0.014 -15"><span class='ocrx_word' id='word_1_332' title='bbox 203 4265 322 4331; x_wconf 89' lang='lat' dir='ltr'><strong>ipsis</strong></span> <span class='ocrx_word' id='word_1_333' title='bbox 366 4268 725 4330; x_wconf 89' lang='lat' dir='ltr'><strong>acceperant,</strong></span> <span class='ocrx_word' id='word_1_334' title='bbox 772 4257 888 4308; x_wconf 88' lang='lat' dir='ltr'><strong>aliis</strong></span> <span class='ocrx_word' id='word_1_335' title='bbox 933 4251 1301 4311; x_wconf 87' lang='lat' dir='ltr'><strong>tradiderunt;</strong></span> <span class='ocrx_word' id='word_1_336' title='bbox 1350 4247 1576 4313; x_wconf 90' lang='lat' dir='ltr'><strong>itemque</strong></span> <span class='ocrx_word' id='word_1_337' title='bbox 1621 4245 1752 4296; x_wconf 85' lang='lat' dir='ltr'><strong>liber</strong></span> 
     </span>
    </p>
   </div>
   <div class='ocr_carea' id='block_1_44' title="bbox 202 4337 1748 4418">
    <p class='ocr_par' dir='ltr' id='par_1_44' title="bbox 202 4337 1748 4418">
     <span class='ocr_line' id='line_1_44' title="bbox 202 4337 1748 4418; baseline -0.014 -12"><span class='ocrx_word' id='word_1_338' title='bbox 202 4357 442 4417; x_wconf 79' lang='lat' dir='ltr'><strong>Aetuum,</strong></span> <span class='ocrx_word' id='word_1_339' title='bbox 478 4351 568 4418; x_wconf 89' lang='lat' dir='ltr'><strong>qui</strong></span> <span class='ocrx_word' id='word_1_340' title='bbox 598 4350 752 4402; x_wconf 90' lang='lat' dir='ltr'><strong>etiam</strong></span> <span class='ocrx_word' id='word_1_341' title='bbox 787 4346 936 4398; x_wconf 73' lang='lat' dir='ltr'><strong>Luca:</strong></span> <span class='ocrx_word' id='word_1_342' title='bbox 963 4350 1063 4404; x_wconf 91' lang='lat' dir='ltr'><strong>est,</strong></span> <span class='ocrx_word' id='word_1_343' title='bbox 1085 4337 1342 4392; x_wconf 85' lang='lat' dir='ltr'><strong>narrantis</strong></span> <span class='ocrx_word' id='word_1_344' title='bbox 1369 4350 1428 4388; x_wconf 90' lang='lat' dir='ltr'><strong>ea</strong></span> <span class='ocrx_word' id='word_1_345' title='bbox 1459 4350 1575 4403; x_wconf 70' lang='lat' dir='ltr'><strong>quin</strong></span> <span class='ocrx_word' id='word_1_346' title='bbox 1605 4341 1748 4401; x_wconf 84' lang='lat' dir='ltr'><strong>gesta</strong></span> 
     </span>
    </p>
   </div>
   <div class='ocr_carea' id='block_1_45' title="bbox 203 4425 1360 4506">
    <p class='ocr_par' dir='ltr' id='par_1_45' title="bbox 203 4425 1360 4506">
     <span class='ocr_line' id='line_1_45' title="bbox 203 4425 1360 4506; baseline -0.015 -12"><span class='ocrx_word' id='word_1_347' title='bbox 203 4455 316 4496; x_wconf 89' lang='lat' dir='ltr'><strong>sunt</strong></span> <span class='ocrx_word' id='word_1_348' title='bbox 340 4460 355 4506; x_wconf 88' lang='lat'><strong>;</strong></span> <span class='ocrx_word' id='word_1_349' title='bbox 386 4452 440 4496; x_wconf 90' lang='lat' dir='ltr'><strong>et</strong></span> <span class='ocrx_word' id='word_1_350' title='bbox 466 4457 534 4495; x_wconf 84' lang='lat' dir='ltr'><strong>ex</strong></span> <span class='ocrx_word' id='word_1_351' title='bbox 563 4435 829 4492; x_wconf 87' lang='lat' dir='ltr'><strong>catholicis</strong></span> <span class='ocrx_word' id='word_1_352' title='bbox 857 4443 962 4485; x_wconf 90' lang='lat' dir='ltr'><strong>tres</strong></span> <span class='ocrx_word' id='word_1_353' title='bbox 991 4429 1236 4498; x_wconf 75' lang='lat' dir='ltr'><strong>Epistola:</strong></span> <span class='ocrx_word' id='word_1_354' title='bbox 1270 4425 1360 4496; x_wconf 75' lang='grc' dir='ltr'><strong>(ὁ).</strong></span> 
     </span>
    </p>
   </div>
   <div class='ocr_carea' id='block_1_46' title="bbox 263 4573 1754 4653">
    <p class='ocr_par' dir='ltr' id='par_1_46' title="bbox 263 4573 1754 4653">
     <span class='ocr_line' id='line_1_46' title="bbox 263 4573 1754 4653; baseline -0.013 -12"><span class='ocrx_word' id='word_1_355' title='bbox 263 4595 332 4653; x_wconf 86' lang='lat' dir='ltr'><strong>(a)</strong></span> <span class='ocrx_word' id='word_1_356' title='bbox 367 4595 534 4653; x_wconf 63' lang='lat' dir='ltr'><strong>Mirum</strong></span> <span class='ocrx_word' id='word_1_357' title='bbox 557 4590 634 4653; x_wconf 84' lang='lat' dir='ltr'><strong>hic</strong></span> <span class='ocrx_word' id='word_1_358' title='bbox 657 4586 870 4653; x_wconf 71' lang='lat' dir='ltr'><strong>videatur</strong></span> <span class='ocrx_word' id='word_1_359' title='bbox 889 4581 1111 4653; x_wconf 76' lang='lat' dir='ltr'><strong>Epistolas</strong></span> <span class='ocrx_word' id='word_1_360' title='bbox 1124 4576 1480 4653; x_wconf 53' lang='lat' dir='ltr'><strong>quattmrdecjm</strong></span> <span class='ocrx_word' id='word_1_361' title='bbox 1504 4573 1624 4653; x_wconf 42' lang='lat' dir='ltr'><strong>Paulli</strong></span> <span class='ocrx_word' id='word_1_362' title='bbox 1644 4579 1754 4622; x_wconf 89' lang='lat' dir='ltr'><strong>ante</strong></span> 
     </span>
    </p>
   </div>
   <div class='ocr_carea' id='block_1_47' title="bbox 205 4635 1754 4712">
    <p class='ocr_par' dir='ltr' id='par_1_47' title="bbox 205 4635 1754 4712">
     <span class='ocr_line' id='line_1_47' title="bbox 205 4635 1754 4712; baseline -0.012 -14"><span class='ocrx_word' id='word_1_363' title='bbox 205 4635 627 4712; x_wconf 17' lang='lat' dir='ltr'><strong>Evangelia‘jioni.</strong></span> <span class='ocrx_word' id='word_1_364' title='bbox 659 4652 885 4712; x_wconf 78' lang='lat' dir='ltr'><strong>Quantum</strong></span> <span class='ocrx_word' id='word_1_365' title='bbox 923 4635 1102 4712; x_wconf 62' lang='lat' dir='ltr'><strong>amaret</strong></span> <span class='ocrx_word' id='word_1_366' title='bbox 1143 4635 1342 4712; x_wconf 48' lang='lat' dir='ltr'><strong>&#39;Paulurln‘</strong></span> <span class='ocrx_word' id='word_1_367' title='bbox 1382 4635 1754 4703; x_wconf 58' lang='lat' dir='ltr'><strong>Chrysostomus,</strong></span> 
     </span>
    </p>
   </div>
   <div class='ocr_carea' id='block_1_48' title="bbox 205 4695 1756 4773">
    <p class='ocr_par' dir='ltr' id='par_1_48' title="bbox 205 4695 1756 4773">
     <span class='ocr_line' id='line_1_48' title="bbox 205 4695 1756 4773; baseline -0.013 -14"><span class='ocrx_word' id='word_1_368' title='bbox 205 4695 458 4773; x_wconf 53' lang='lat' dir='ltr'><strong>liiﬁiii’pr&#39;aé</strong></span> <span class='ocrx_word' id='word_1_369' title='bbox 476 4695 585 4755; x_wconf 72' lang='lat' dir='ltr'><strong>aliis</strong></span> <span class='ocrx_word' id='word_1_370' title='bbox 607 4695 1090 4771; x_wconf 60' lang='lat' dir='ltr'><strong>oniuibuss‘cripturte</strong></span> <span class='ocrx_word' id='word_1_371' title='bbox 1112 4711 1260 4767; x_wconf 63' lang='lat' dir='ltr'><strong>sacrae</strong></span> <span class='ocrx_word' id='word_1_372' title='bbox 1298 4696 1428 4773; x_wconf 77' lang='lat' dir='ltr'><strong>libris</strong></span> <span class='ocrx_word' id='word_1_373' title='bbox 1453 4697 1557 4752; x_wconf 85' lang='lat' dir='ltr'><strong>ejus</strong></span> <span class='ocrx_word' id='word_1_374' title='bbox 1580 4695 1756 4763; x_wconf 74' lang='lat' dir='ltr'><strong>Epistq-</strong></span> 
     </span>
    </p>
   </div>
   <div class='ocr_carea' id='block_1_49' title="bbox 206 4754 1758 4831">
    <p class='ocr_par' dir='ltr' id='par_1_49' title="bbox 206 4754 1758 4831">
     <span class='ocr_line' id='line_1_49' title="bbox 206 4754 1758 4831; baseline -0.021 -10"><span class='ocrx_word' id='word_1_375' title='bbox 206 4754 608 4831; x_wconf 12' lang='lat' dir='ltr'><strong>pore»</strong></span> <span class='ocrx_word' id='word_1_376' title='bbox 627 4765 886 4831; x_wconf 71' lang='lat' dir='ltr'><strong>&quot;lentoque</strong></span> <span class='ocrx_word' id='word_1_377' title='bbox 911 4754 1141 4831; x_wconf 75' lang='lat' dir='ltr'><strong>_\&#39;ersaret,</strong></span> <span class='ocrx_word' id='word_1_378' title='bbox 1169 4758 1354 4823; x_wconf 83' lang='lat' dir='ltr'><strong>ignorat</strong></span> <span class='ocrx_word' id='word_1_379' title='bbox 1379 4767 1519 4831; x_wconf 61' lang='lat' dir='ltr'><strong>tremo</strong></span> <span class='ocrx_word' id='word_1_380' title='bbox 1541 4754 1758 4831; x_wconf 89' lang='lat' dir='ltr'><strong>qui</strong></span> 
     </span>
    </p>
   </div>
   <div class='ocr_carea' id='block_1_50' title="bbox 226 4811 1757 4892">
    <p class='ocr_par' dir='ltr' id='par_1_50' title="bbox 226 4811 1757 4892">
     <span class='ocr_line' id='line_1_50' title="bbox 226 4811 1757 4892; baseline -0.01 -18"><span class='ocrx_word' id='word_1_381' title='bbox 226 4811 822 4892; x_wconf 47' lang='lat' dir='ltr'><strong>5;1.3.1;impatientius</strong></span> <span class='ocrx_word' id='word_1_382' title='bbox 866 4821 1008 4866; x_wconf 87' lang='lat' dir='ltr'><strong>labris</strong></span> <span class='ocrx_word' id='word_1_383' title='bbox 1036 4811 1264 4892; x_wconf 59' lang='lat' dir='ltr'><strong>attigerit.</strong></span> <span class='ocrx_word' id='word_1_384' title='bbox 1305 4813 1525 4860; x_wconf 85' lang='lat' dir='ltr'><strong>Ordinem</strong></span> <span class='ocrx_word' id='word_1_385' title='bbox 1561 4824 1677 4892; x_wconf 62' lang='lat' dir='ltr'><strong>ergo</strong></span> <span class='ocrx_word' id='word_1_386' title='bbox 1702 4811 1757 4858; x_wconf 88' lang='lat' dir='ltr'><strong>li-</strong></span> 
     </span>
     <span class='ocr_line' id='line_1_51' title="bbox 522 4873 1757 4892; baseline 0 0"><span class='ocrx_word' id='word_1_387' title='bbox 522 4891 526 4892; x_wconf 63' lang='lat'><strong><em>,</em></strong></span> <span class='ocrx_word' id='word_1_388' title='bbox 805 4884 832 4892; x_wconf 77' lang='grc' dir='ltr'><strong>,ι</strong></span> <span class='ocrx_word' id='word_1_389' title='bbox 861 4881 871 4892; x_wconf 83' lang='grc' dir='ltr'>ι</span> <span class='ocrx_word' id='word_1_390' title='bbox 894 4882 901 4889; x_wconf 93' lang='grc'><strong>-</strong></span> <span class='ocrx_word' id='word_1_391' title='bbox 1075 4891 1080 4892; x_wconf 61' lang='lat'><strong><em>,</em></strong></span> <span class='ocrx_word' id='word_1_392' title='bbox 1103 4891 1110 4892; x_wconf 32' lang='grc' dir='ltr'><em>κ</em></span> <span class='ocrx_word' id='word_1_393' title='bbox 1152 4878 1160 4892; x_wconf 73' lang='lat'><strong>2</strong></span> <span class='ocrx_word' id='word_1_394' title='bbox 1206 4888 1224 4892; x_wconf 73' lang='lat'><strong><em>_</em></strong></span> <span class='ocrx_word' id='word_1_395' title='bbox 1248 4886 1298 4892; x_wconf 70' lang='lat'><strong>_-</strong></span> <span class='ocrx_word' id='word_1_396' title='bbox 1318 4873 1485 4892; x_wconf 67' lang='grc' dir='ltr'><strong>-Α--....;ι</strong></span> <span class='ocrx_word' id='word_1_397' title='bbox 1528 4881 1596 4892; x_wconf 55' lang='lat' dir='ltr'><strong>nn.</strong></span> <span class='ocrx_word' id='word_1_398' title='bbox 1638 4876 1680 4892; x_wconf 75' lang='grc' dir='ltr'><strong>..ί</strong></span> <span class='ocrx_word' id='word_1_399' title='bbox 1706 4885 1757 4892; x_wconf 65' lang='grc' dir='ltr'><strong>λη</strong></span> 
     </span>
    </p>
   </div>
   <div class='ocr_carea' id='block_1_51' title="bbox 208 4847 1758 4939">
    <p class='ocr_par' dir='ltr' id='par_1_51' title="bbox 208 4847 1758 4939">
     <span class='ocr_line' id='line_1_52' title="bbox 226 4847 1730 4892; baseline -0.015 -15"><span class='ocrx_word' id='word_1_400' title='bbox 226 4847 279 4880; x_wconf 75' lang='lat' dir='ltr'><strong>ita</strong></span> <span class='ocrx_word' id='word_1_401' title='bbox 305 4847 406 4892; x_wconf 78' lang='lat' dir='ltr'><strong>ejus</strong></span> <span class='ocrx_word' id='word_1_402' title='bbox 432 4847 512 4876; x_wconf 71' lang='lat' dir='ltr'><strong>VUI</strong></span> <span class='ocrx_word' id='word_1_403' title='bbox 542 4847 822 4887; x_wconf 74' lang='lat' dir='ltr'><strong>pl&#39;utturuiua</strong></span> <span class='ocrx_word' id='word_1_404' title='bbox 867 4847 1008 4866; x_wconf 69' lang='grc' dir='ltr'><strong>ιαυιιο</strong></span> <span class='ocrx_word' id='word_1_405' title='bbox 1036 4847 1264 4864; x_wconf 62' lang='lat' dir='ltr'><strong>att—ru...</strong></span> <span class='ocrx_word' id='word_1_406' title='bbox 1306 4847 1525 4860; x_wconf 63' lang='grc' dir='ltr'><strong>νιυιιηρ...</strong></span> <span class='ocrx_word' id='word_1_407' title='bbox 1563 4847 1676 4870; x_wconf 52' lang='grc' dir='ltr'><strong>..κ-δν</strong></span> <span class='ocrx_word' id='word_1_408' title='bbox 1702 4847 1730 4858; x_wconf 92' lang='grc'><strong>..</strong></span> 
     </span>
     <span class='ocr_line' id='line_1_53' title="bbox 208 4847 1758 4939; baseline -0.014 1"><span class='ocrx_word' id='word_1_409' title='bbox 208 4847 395 4939; x_wconf 71' lang='lat' dir='ltr'><strong>{It-orum</strong></span> <span class='ocrx_word' id='word_1_410' title='bbox 417 4891 532 4936; x_wconf 56' lang='lat' dir='ltr'><strong>bovi</strong></span> <span class='ocrx_word' id='word_1_411' title='bbox 546 4884 836 4933; x_wconf 74' lang='lat' dir='ltr'><strong>“testamenti</strong></span> <span class='ocrx_word' id='word_1_412' title='bbox 860 4881 934 4928; x_wconf 91' lang='lat' dir='ltr'><strong>hic</strong></span> <span class='ocrx_word' id='word_1_413' title='bbox 955 4891 1046 4926; x_wconf 89' lang='lat' dir='ltr'><strong>non</strong></span> <span class='ocrx_word' id='word_1_414' title='bbox 1063 4853 1227 4925; x_wconf 57' lang='lat' dir='ltr'><strong>ordine</strong></span> <span class='ocrx_word' id='word_1_415' title='bbox 1248 4873 1505 4939; x_wconf 81' lang='lat' dir='ltr'><strong>recensuit,</strong></span> <span class='ocrx_word' id='word_1_416' title='bbox 1527 4872 1613 4918; x_wconf 87' lang='lat' dir='ltr'><strong>sed</strong></span> <span class='ocrx_word' id='word_1_417' title='bbox 1638 4876 1685 4918; x_wconf 92' lang='lat' dir='ltr'><strong>ut</strong></span> <span class='ocrx_word' id='word_1_418' title='bbox 1704 4885 1758 4919; x_wconf 92' lang='lat' dir='ltr'><strong>se</strong></span> 
     </span>
    </p>
   </div>
   <div class='ocr_carea' id='block_1_52' title="bbox 205 4934 1759 5012">
    <p class='ocr_par' dir='ltr' id='par_1_52' title="bbox 205 4934 1759 5012">
     <span class='ocr_line' id='line_1_54' title="bbox 205 4934 1759 5012; baseline -0.014 -14"><span class='ocrx_word' id='word_1_419' title='bbox 205 4934 909 5012; x_wconf 35' lang='lat' dir='ltr'><strong>prbuit—manenti.offerebant</strong></span> <span class='ocrx_word' id='word_1_420' title='bbox 945 4939 1226 5012; x_wconf 64' lang='lat' dir='ltr'><strong>descripsit;</strong></span> <span class='ocrx_word' id='word_1_421' title='bbox 1273 4934 1339 4980; x_wconf 88' lang='lat' dir='ltr'><strong>sic</strong></span> <span class='ocrx_word' id='word_1_422' title='bbox 1375 4939 1759 5012; x_wconf 45' lang='lat' dir='ltr'><strong>Joanrieti‘inau‘te</strong></span> 
     </span>
    </p>
   </div>
   <div class='ocr_carea' id='block_1_53' title="bbox 206 4989 1760 5068">
    <p class='ocr_par' dir='ltr' id='par_1_53' title="bbox 206 4989 1760 5068">
     <span class='ocr_line' id='line_1_55' title="bbox 206 4989 1760 5068; baseline -0.014 -12"><span class='ocrx_word' id='word_1_423' title='bbox 769 4989 817 5050; x_wconf 82' lang='lat' dir='ltr'><strong>et</strong></span> <span class='ocrx_word' id='word_1_424' title='bbox 833 5009 994 5048; x_wconf 88' lang='lat' dir='ltr'><strong>Lucam</strong></span> <span class='ocrx_word' id='word_1_425' title='bbox 1017 4989 1128 5068; x_wconf 69' lang='lat' dir='ltr'><strong>ante</strong></span> <span class='ocrx_word' id='word_1_426' title='bbox 1140 4989 1348 5068; x_wconf 50' lang='lat' dir='ltr'><strong>marcum</strong></span> <span class='ocrx_word' id='word_1_427' title='bbox 1371 4993 1520 5068; x_wconf 68' lang='lat' dir='ltr'><strong>pqsuit</strong></span> <span class='ocrx_word' id='word_1_428' title='bbox 1531 5025 1541 5036; x_wconf 93' lang='lat'><strong>.</strong></span> <span class='ocrx_word' id='word_1_429' title='bbox 1557 4989 1760 5039; x_wconf 84' lang='lat' dir='ltr'><strong>Catholi-</strong></span> 
     </span>
    </p>
   </div>
   <div class='ocr_carea' id='block_1_54' title="bbox 207 5052 1761 5131">
    <p class='ocr_par' dir='ltr' id='par_1_54' title="bbox 207 5052 1761 5131">
     <span class='ocr_line' id='line_1_56' title="bbox 207 5052 1761 5131; baseline -0.018 -10"><span class='ocrx_word' id='word_1_430' title='bbox 207 5052 763 5131; x_wconf 31' lang='lat' dir='ltr'><strong>c-a&#39;s‘ilvpistoia&#39;soliictres</strong></span> <span class='ocrx_word' id='word_1_431' title='bbox 791 5059 1043 5131; x_wconf 35' lang='lat' dir='ltr'><strong>recens-eri.</strong></span> <span class='ocrx_word' id='word_1_432' title='bbox 1077 5056 1210 5103; x_wconf 82' lang='lat' dir='ltr'><strong>vides</strong></span> <span class='ocrx_word' id='word_1_433' title='bbox 1252 5052 1514 5131; x_wconf 55' lang='lat' dir='ltr'><strong>secuudpm</strong></span> <span class='ocrx_word' id='word_1_434' title='bbox 1545 5059 1761 5131; x_wconf 46' lang='lat' dir='ltr'><strong>Sj&#39;rq‘t‘tt&#39;t&#39;rt</strong></span> 
     </span>
    </p>
   </div>
   <div class='ocr_carea' id='block_1_55' title="bbox 212 5110 1760 5179">
    <p class='ocr_par' dir='ltr' id='par_1_55' title="bbox 212 5110 1760 5179">
     <span class='ocr_line' id='line_1_57' title="bbox 212 5110 1760 5179; baseline -0.014 -3"><span class='ocrx_word' id='word_1_435' title='bbox 212 5110 608 5179; x_wconf 57' lang='lat' dir='ltr'><strong>iﬁﬁriiﬁ&#39;h&#39;ééadn</strong></span> <span class='ocrx_word' id='word_1_436' title='bbox 625 5110 846 5169; x_wconf 60' lang='lat' dir='ltr'><strong>licclcsice</strong></span> <span class='ocrx_word' id='word_1_437' title='bbox 871 5118 1188 5179; x_wconf 54' lang='lat' dir='ltr'><strong>Antiocheam,</strong></span> <span class='ocrx_word' id='word_1_438' title='bbox 1212 5111 1480 5179; x_wconf 81' lang='lat' dir='ltr'><strong>_ubiJaeohi</strong></span> <span class='ocrx_word' id='word_1_439' title='bbox 1505 5110 1613 5164; x_wconf 89' lang='lat' dir='ltr'><strong>una,</strong></span> <span class='ocrx_word' id='word_1_440' title='bbox 1641 5110 1760 5179; x_wconf 58' lang='lat' dir='ltr'><strong>[tetri</strong></span> 
     </span>
    </p>
   </div>
   <div class='ocr_carea' id='block_1_56' title="bbox 215 5167 1761 5248">
    <p class='ocr_par' dir='ltr' id='par_1_56' title="bbox 215 5167 1761 5248">
     <span class='ocr_line' id='line_1_58' title="bbox 215 5167 1761 5248; baseline -0.016 -11"><span class='ocrx_word' id='word_1_441' title='bbox 215 5167 907 5248; x_wconf 12' lang='lat' dir='ltr'><strong>riteinipriina</strong></span> <span class='ocrx_word' id='word_1_442' title='bbox 930 5167 1487 5248; x_wconf 40' lang='lat' dir='ltr'><strong>sol-um“admittebantur.</strong></span> <span class='ocrx_word' id='word_1_443' title='bbox 1512 5178 1604 5226; x_wconf 87' lang='lat' dir='ltr'><strong>Qua</strong></span> <span class='ocrx_word' id='word_1_444' title='bbox 1626 5167 1687 5214; x_wconf 91' lang='lat' dir='ltr'><strong>de</strong></span> <span class='ocrx_word' id='word_1_445' title='bbox 1706 5180 1761 5213; x_wconf 88' lang='lat' dir='ltr'><strong>re</strong></span> 
     </span>
    </p>
   </div>
   <div class='ocr_carea' id='block_1_57' title="bbox 215 5237 1287 5309">
    <p class='ocr_par' dir='ltr' id='par_1_57' title="bbox 215 5237 1287 5309">
     <span class='ocr_line' id='line_1_59' title="bbox 215 5237 1287 5309; baseline -0.016 -13"><span class='ocrx_word' id='word_1_446' title='bbox 215 5237 422 5309; x_wconf 66' lang='lat' dir='ltr'><strong>pluribus</strong></span> <span class='ocrx_word' id='word_1_447' title='bbox 437 5237 518 5307; x_wconf 54' lang='lat' dir='ltr'><strong>sui</strong></span> <span class='ocrx_word' id='word_1_448' title='bbox 539 5259 595 5293; x_wconf 88' lang='lat' dir='ltr'><strong>ra</strong></span> <span class='ocrx_word' id='word_1_449' title='bbox 616 5247 663 5309; x_wconf 83' lang='lat' dir='ltr'><strong>in</strong></span> <span class='ocrx_word' id='word_1_450' title='bbox 687 5237 886 5309; x_wconf 69' lang='lat' dir='ltr'><strong>Diatriba</strong></span> <span class='ocrx_word' id='word_1_451' title='bbox 909 5237 1050 5309; x_wconf 71' lang='lat' dir='ltr'><strong>verba</strong></span> <span class='ocrx_word' id='word_1_452' title='bbox 1063 5237 1287 5304; x_wconf 65' lang='lat' dir='ltr'><strong>iecimus.</strong></span> 
     </span>
    </p>
   </div>
   <div class='ocr_carea' id='block_1_58' title="bbox 272 5294 1763 5373">
    <p class='ocr_par' dir='ltr' id='par_1_58' title="bbox 272 5294 1763 5373">
     <span class='ocr_line' id='line_1_60' title="bbox 272 5294 1763 5373; baseline -0.021 -12"><span class='ocrx_word' id='word_1_453' title='bbox 272 5294 357 5373; x_wconf 42' lang='lat' dir='ltr'><strong>ib)</strong></span> <span class='ocrx_word' id='word_1_454' title='bbox 370 5294 688 5373; x_wconf 38' lang='lat' dir='ltr'><strong>EoiaIinqpit</strong></span> <span class='ocrx_word' id='word_1_455' title='bbox 725 5297 1018 5373; x_wconf 57' lang='lat' dir='ltr'><strong>scholiaste&#39;s,</strong></span> <span class='ocrx_word' id='word_1_456' title='bbox 1054 5296 1212 5373; x_wconf 69' lang='lat' dir='ltr'><strong>ipsum</strong></span> <span class='ocrx_word' id='word_1_457' title='bbox 1244 5305 1341 5373; x_wconf 59' lang='lat' dir='ltr'><strong>non</strong></span> <span class='ocrx_word' id='word_1_458' title='bbox 1363 5299 1626 5373; x_wconf 48' lang='lat' dir='ltr'><strong>mﬁmorpre</strong></span> <span class='ocrx_word' id='word_1_459' title='bbox 1650 5294 1763 5373; x_wconf 53' lang='lat' dir='ltr'><strong>App:</strong></span> 
     </span>
    </p>
   </div>
   <div class='ocr_carea' id='block_1_59' title="bbox 215 5345 1762 5432">
    <p class='ocr_par' dir='ltr' id='par_1_59' title="bbox 215 5345 1762 5432">
     <span class='ocr_line' id='line_1_61' title="bbox 215 5345 1762 5432; baseline -0.021 -13"><span class='ocrx_word' id='word_1_460' title='bbox 215 5345 456 5432; x_wconf 55' lang='grc' dir='ltr'><strong>ςεῖἱιιιεῖξιῖ</strong></span> <span class='ocrx_word' id='word_1_461' title='bbox 467 5345 710 5427; x_wconf 54' lang='grc' dir='ltr'><strong>’ἀξίίῖἶῖέῶ</strong></span> <span class='ocrx_word' id='word_1_462' title='bbox 727 5345 829 5432; x_wconf 59' lang='lat' dir='ltr'><strong>hac</strong></span> <span class='ocrx_word' id='word_1_463' title='bbox 850 5345 1114 5432; x_wconf 55' lang='lat' dir='ltr'><strong>Schojiastis</strong></span> <span class='ocrx_word' id='word_1_464' title='bbox 1127 5354 1362 5432; x_wconf 67' lang='lat' dir='ltr'><strong>adnotatio</strong></span> <span class='ocrx_word' id='word_1_465' title='bbox 1385 5345 1762 5432; x_wconf 47' lang='lat' dir='ltr'><strong>alliquitllhnegotii</strong></span> 
     </span>
    </p>
   </div>
   <div class='ocr_carea' id='block_1_60' title="bbox 216 5406 1765 5487">
    <p class='ocr_par' dir='ltr' id='par_1_60' title="bbox 216 5406 1765 5487">
     <span class='ocr_line' id='line_1_62' title="bbox 216 5406 1765 5487; baseline -0.015 -13"><span class='ocrx_word' id='word_1_466' title='bbox 687 5406 796 5481; x_wconf 84' lang='lat' dir='ltr'><strong>quia</strong></span> <span class='ocrx_word' id='word_1_467' title='bbox 822 5415 1150 5477; x_wconf 75' lang='lat' dir='ltr'><strong>Apocalypsim,</strong></span> <span class='ocrx_word' id='word_1_468' title='bbox 1175 5411 1381 5487; x_wconf 61' lang='lat' dir='ltr'><strong>amplum</strong></span> <span class='ocrx_word' id='word_1_469' title='bbox 1405 5406 1517 5478; x_wconf 69' lang='lat' dir='ltr'><strong>licet</strong></span> <span class='ocrx_word' id='word_1_470' title='bbox 1536 5406 1721 5487; x_wconf 44' lang='lat' dir='ltr'><strong>librun’i&#39;,</strong></span> <span class='ocrx_word' id='word_1_471' title='bbox 1739 5419 1765 5451; x_wconf 90' lang='lat' dir='ltr'><strong>a</strong></span> 
     </span>
    </p>
   </div>
   <div class='ocr_carea' id='block_1_61' title="bbox 218 5466 1766 5546">
    <p class='ocr_par' dir='ltr' id='par_1_61' title="bbox 218 5466 1766 5546">
     <span class='ocr_line' id='line_1_63' title="bbox 218 5466 1766 5546; baseline -0.015 -12"><span class='ocrx_word' id='word_1_472' title='bbox 218 5466 410 5538; x_wconf 55' lang='lat'><strong>373.1]?</strong></span> <span class='ocrx_word' id='word_1_473' title='bbox 427 5466 775 5546; x_wconf 15' lang='lat' dir='ltr'><strong>Vvarvyl‘s-ostomo</strong></span> <span class='ocrx_word' id='word_1_474' title='bbox 798 5466 1064 5546; x_wconf 60' lang='lat' dir='ltr'><strong>usurpatam</strong></span> <span class='ocrx_word' id='word_1_475' title='bbox 1092 5466 1302 5546; x_wconf 59' lang='lat' dir='ltr'><strong>Eoriduin</strong></span> <span class='ocrx_word' id='word_1_476' title='bbox 1332 5469 1536 5546; x_wconf 37' lang='lat' dir='ltr'><strong>reperi,“</strong></span> <span class='ocrx_word' id='word_1_477' title='bbox 1554 5480 1644 5513; x_wconf 89' lang='lat' dir='ltr'><strong>nec</strong></span> <span class='ocrx_word' id='word_1_478' title='bbox 1679 5466 1766 5546; x_wconf 62' lang='lat' dir='ltr'><strong>de-</strong></span> 
     </span>
    </p>
   </div>
   <div class='ocr_carea' id='block_1_62' title="bbox 218 5525 1767 5609">
    <p class='ocr_par' dir='ltr' id='par_1_62' title="bbox 218 5525 1767 5609">
     <span class='ocr_line' id='line_1_64' title="bbox 218 5525 1767 5609; baseline -0.015 -15"><span class='ocrx_word' id='word_1_479' title='bbox 218 5525 996 5609; x_wconf 51' lang='lat' dir='ltr'><strong>ia2ié&#39;,“qiﬁ&quot;a§‘éid§&#39;auctoritate</strong></span> <span class='ocrx_word' id='word_1_480' title='bbox 1006 5525 1767 5609; x_wconf 41' lang='lat' dir='ltr'><strong>iriEc‘clesiasaltemcrgcandu:</strong></span> 
     </span>
    </p>
   </div>
   <div class='ocr_carea' id='block_1_63' title="bbox 220 5586 1770 5662">
    <p class='ocr_par' dir='ltr' id='par_1_63' title="bbox 220 5586 1770 5662">
     <span class='ocr_line' id='line_1_65' title="bbox 220 5586 1770 5662; baseline -0.016 -8"><span class='ocrx_word' id='word_1_481' title='bbox 220 5586 911 5662; x_wconf 58' lang='lat' dir='ltr'><strong>wsiceipliorusque</strong></span> <span class='ocrx_word' id='word_1_482' title='bbox 945 5591 1202 5662; x_wconf 73' lang='lat' dir='ltr'><strong>patriarcha</strong></span> <span class='ocrx_word' id='word_1_483' title='bbox 1235 5586 1770 5662; x_wconf 67' lang='lat' dir='ltr'><strong>Constantinopolitanus</strong></span> 
     </span>
    </p>
   </div>
   <div class='ocr_carea' id='block_1_64' title="bbox 221 5647 1767 5718">
    <p class='ocr_par' dir='ltr' id='par_1_64' title="bbox 221 5647 1767 5718">
     <span class='ocr_line' id='line_1_66' title="bbox 221 5647 1767 5718; baseline -0.019 2"><span class='ocrx_word' id='word_1_484' title='bbox 613 5647 880 5718; x_wconf 70' lang='lat' dir='ltr'><strong>recensuit.</strong></span> <span class='ocrx_word' id='word_1_485' title='bbox 899 5647 1012 5711; x_wconf 81' lang='lat' dir='ltr'><strong>Quin</strong></span> <span class='ocrx_word' id='word_1_486' title='bbox 1036 5659 1085 5698; x_wconf 76' lang='lat' dir='ltr'><strong>et</strong></span> <span class='ocrx_word' id='word_1_487' title='bbox 1107 5654 1149 5698; x_wconf 92' lang='lat' dir='ltr'><strong>in</strong></span> <span class='ocrx_word' id='word_1_488' title='bbox 1170 5649 1378 5718; x_wconf 74' lang='lat' dir='ltr'><strong>secundo</strong></span> <span class='ocrx_word' id='word_1_489' title='bbox 1412 5657 1540 5716; x_wconf 77' lang='lat' dir='ltr'><strong>t&#39;onio</strong></span> <span class='ocrx_word' id='word_1_490' title='bbox 1555 5647 1767 5718; x_wconf 41' lang='lat' dir='ltr'><strong>&#39;Gregorii</strong></span> 
     </span>
    </p>
   </div>
   <div class='ocr_carea' id='block_1_65' title="bbox 223 5708 1768 5777">
    <p class='ocr_par' dir='ltr' id='par_1_65' title="bbox 223 5708 1768 5777">
     <span class='ocr_line' id='line_1_67' title="bbox 223 5708 1768 5777; baseline -0.016 -3"><span class='ocrx_word' id='word_1_491' title='bbox 223 5708 564 5777; x_wconf 52' lang='lat' dir='ltr'><strong>aﬁitiiiJﬁiiii</strong></span> <span class='ocrx_word' id='word_1_492' title='bbox 591 5716 814 5777; x_wconf 84' lang='lat' dir='ltr'><strong>Catalogo</strong></span> <span class='ocrx_word' id='word_1_493' title='bbox 839 5708 1062 5762; x_wconf 77' lang='lat' dir='ltr'><strong>librorum</strong></span> <span class='ocrx_word' id='word_1_494' title='bbox 1097 5712 1360 5768; x_wconf 65' lang='lat' dir='ltr'><strong>Scriptum,</strong></span> <span class='ocrx_word' id='word_1_495' title='bbox 1408 5708 1490 5768; x_wconf 90' lang='lat' dir='ltr'><strong>qui</strong></span> <span class='ocrx_word' id='word_1_496' title='bbox 1523 5709 1625 5766; x_wconf 88' lang='lat' dir='ltr'><strong>ejus</strong></span> <span class='ocrx_word' id='word_1_497' title='bbox 1663 5719 1768 5752; x_wconf 84' lang='lat' dir='ltr'><strong>esse</strong></span> 
     </span>
    </p>
   </div>
   <div class='ocr_carea' id='block_1_66' title="bbox 227 5778 1778 5854">
    <p class='ocr_par' dir='ltr' id='par_1_66' title="bbox 227 5778 1778 5854">
     <span class='ocr_line' id='line_1_68' title="bbox 227 5778 1778 5854; baseline -0.013 -12"><span class='ocrx_word' id='word_1_498' title='bbox 227 5805 318 5841; x_wconf 81' lang='lat' dir='ltr'><strong>non</strong></span> <span class='ocrx_word' id='word_1_499' title='bbox 345 5799 570 5854; x_wconf 84' lang='lat' dir='ltr'><strong>putatur,</strong></span> <span class='ocrx_word' id='word_1_500' title='bbox 605 5787 710 5834; x_wconf 84' lang='lat' dir='ltr'><strong>haec</strong></span> <span class='ocrx_word' id='word_1_501' title='bbox 741 5786 972 5848; x_wconf 82' lang='lat' dir='ltr'><strong>leguntur</strong></span> <span class='ocrx_word' id='word_1_502' title='bbox 1009 5795 1060 5848; x_wconf 73' lang='grc' dir='ltr'><strong>ρ.</strong></span> <span class='ocrx_word' id='word_1_503' title='bbox 1092 5779 1180 5828; x_wconf 74' lang='grc' dir='ltr'><strong>ιθι</strong></span> <span class='ocrx_word' id='word_1_504' title='bbox 1211 5792 1223 5828; x_wconf 88' lang='lat'>:</span> <span class='ocrx_word' id='word_1_505' title='bbox 1254 5780 1348 5833; x_wconf 67' lang='grc' dir='ltr'><strong>Τὴν</strong></span> <span class='ocrx_word' id='word_1_506' title='bbox 1382 5780 1420 5827; x_wconf 81' lang='grc' dir='ltr'>δ’</span> <span class='ocrx_word' id='word_1_507' title='bbox 1465 5778 1778 5841; x_wconf 60' lang='grc' dir='ltr'><strong>’Δπογάὶυψιν</strong></span> 
     </span>
    </p>
   </div>
   <div class='ocr_carea' id='block_1_67' title="bbox 1183 443 2214 531">
    <p class='ocr_par' dir='ltr' id='par_1_67' title="bbox 1183 443 2214 531">
     <span class='ocr_line' id='line_1_69' title="bbox 1183 443 2214 531; baseline -0.033 0"><span class='ocrx_word' id='word_1_508' title='bbox 1183 467 1498 531; x_wconf 80' lang='lat' dir='ltr'><strong>SYNOPSIS</strong></span> <span class='ocrx_word' id='word_1_509' title='bbox 1533 449 1923 518; x_wconf 59' lang='lat' dir='ltr'><strong>SCRIPTURIE</strong></span> <span class='ocrx_word' id='word_1_510' title='bbox 1957 443 2214 504; x_wconf 65' lang='lat' dir='ltr'><strong>SACRA&#39;I.</strong></span> 
     </span>
    </p>
   </div>
   <div class='ocr_carea' id='block_1_68' title="bbox 3250 457 3359 513">
    <p class='ocr_par' dir='ltr' id='par_1_68' title="bbox 3250 457 3359 513">
     <span class='ocr_line' id='line_1_70' title="bbox 3250 457 3359 513; baseline 0.018 -3"><span class='ocrx_word' id='word_1_511' title='bbox 3250 457 3359 513; x_wconf 88' lang='lat'><strong>318</strong></span> 
     </span>
    </p>
   </div>
   <div class='ocr_carea' id='block_1_69' title="bbox 2310 556 2853 615">
    <p class='ocr_par' dir='ltr' id='par_1_69' title="bbox 2310 556 2853 615">
     <span class='ocr_line' id='line_1_71' title="bbox 2310 556 2853 615; baseline -0.013 0"><span class='ocrx_word' id='word_1_512' title='bbox 2310 573 2542 615; x_wconf 61' lang='lat' dir='ltr'><strong>sasorsrs</strong></span> <span class='ocrx_word' id='word_1_513' title='bbox 2579 572 2789 613; x_wconf 66' lang='lat' dir='ltr'><strong>caussis</strong></span> <span class='ocrx_word' id='word_1_514' title='bbox 2813 556 2853 608; x_wconf 76' lang='lat'><strong>&#39;.</strong></span> 
     </span>
    </p>
   </div>
   <div class='ocr_carea' id='block_1_70' title="bbox 1875 682 3357 755">
    <p class='ocr_par' dir='ltr' id='par_1_70' title="bbox 1875 682 3357 755">
     <span class='ocr_line' id='line_1_72' title="bbox 1875 682 3357 755; baseline -0.009 -5"><span class='ocrx_word' id='word_1_515' title='bbox 1875 695 2050 750; x_wconf 81' lang='lat' dir='ltr'><strong>Mundi</strong></span> <span class='ocrx_word' id='word_1_516' title='bbox 2097 692 2333 755; x_wconf 91' lang='lat' dir='ltr'><strong>creatio,</strong></span> <span class='ocrx_word' id='word_1_517' title='bbox 2378 689 2704 755; x_wconf 88' lang='lat' dir='ltr'><strong>hominisque</strong></span> <span class='ocrx_word' id='word_1_518' title='bbox 2754 686 3014 738; x_wconf 78' lang='lat' dir='ltr'><strong>formatio.</strong></span> <span class='ocrx_word' id='word_1_519' title='bbox 3059 682 3357 737; x_wconf 84' lang='lat' dir='ltr'><strong>Mandatum</strong></span> 
     </span>
    </p>
   </div>
   <div class='ocr_carea' id='block_1_71' title="bbox 1807 774 3363 852">
    <p class='ocr_par' dir='ltr' id='par_1_71' title="bbox 1807 774 3363 852">
     <span class='ocr_line' id='line_1_73' title="bbox 1807 774 3363 852; baseline -0.008 -14"><span class='ocrx_word' id='word_1_520' title='bbox 1807 785 1992 852; x_wconf 82' lang='lat' dir='ltr'><strong>accipit</strong></span> <span class='ocrx_word' id='word_1_521' title='bbox 2018 783 2179 835; x_wconf 85' lang='lat' dir='ltr'><strong>Adam</strong></span> <span class='ocrx_word' id='word_1_522' title='bbox 2203 821 2215 843; x_wconf 87' lang='lat'><strong>,</strong></span> <span class='ocrx_word' id='word_1_523' title='bbox 2247 789 2300 834; x_wconf 89' lang='lat' dir='ltr'><strong>et</strong></span> <span class='ocrx_word' id='word_1_524' title='bbox 2324 780 2577 833; x_wconf 81' lang='lat' dir='ltr'><strong>formatur</strong></span> <span class='ocrx_word' id='word_1_525' title='bbox 2606 777 2789 828; x_wconf 90' lang='lat' dir='ltr'><strong>mulier</strong></span> <span class='ocrx_word' id='word_1_526' title='bbox 2815 790 2876 828; x_wconf 84' lang='lat' dir='ltr'><strong>ex</strong></span> <span class='ocrx_word' id='word_1_527' title='bbox 2903 783 3047 826; x_wconf 87' lang='lat' dir='ltr'><strong>costa</strong></span> <span class='ocrx_word' id='word_1_528' title='bbox 3076 774 3188 840; x_wconf 89' lang='lat' dir='ltr'><strong>ejus</strong></span> <span class='ocrx_word' id='word_1_529' title='bbox 3207 812 3220 835; x_wconf 94' lang='lat'><strong>,</strong></span> <span class='ocrx_word' id='word_1_530' title='bbox 3247 787 3363 840; x_wconf 73' lang='lat' dir='ltr'><strong>qua:</strong></span> 
     </span>
    </p>
   </div>
   <div class='ocr_carea' id='block_1_72' title="bbox 1808 861 3362 940">
    <p class='ocr_par' dir='ltr' id='par_1_72' title="bbox 1808 861 3362 940">
     <span class='ocr_line' id='line_1_74' title="bbox 1808 861 3362 940; baseline -0.01 -13"><span class='ocrx_word' id='word_1_531' title='bbox 1808 889 1837 926; x_wconf 91' lang='lat' dir='ltr'><strong>a</strong></span> <span class='ocrx_word' id='word_1_532' title='bbox 1867 881 2107 940; x_wconf 89' lang='lat' dir='ltr'><strong>serpente</strong></span> <span class='ocrx_word' id='word_1_533' title='bbox 2134 871 2371 936; x_wconf 89' lang='lat' dir='ltr'><strong>decepta,</strong></span> <span class='ocrx_word' id='word_1_534' title='bbox 2404 867 2570 920; x_wconf 83' lang='lat' dir='ltr'><strong>virum</strong></span> <span class='ocrx_word' id='word_1_535' title='bbox 2593 865 2805 927; x_wconf 86' lang='lat' dir='ltr'><strong>decipit,</strong></span> <span class='ocrx_word' id='word_1_536' title='bbox 2828 872 2981 930; x_wconf 90' lang='lat' dir='ltr'><strong>atque</strong></span> <span class='ocrx_word' id='word_1_537' title='bbox 3002 877 3101 914; x_wconf 87' lang='lat' dir='ltr'><strong>una</strong></span> <span class='ocrx_word' id='word_1_538' title='bbox 3127 876 3245 914; x_wconf 90' lang='lat' dir='ltr'><strong>cum</strong></span> <span class='ocrx_word' id='word_1_539' title='bbox 3273 861 3362 912; x_wconf 92' lang='lat' dir='ltr'><strong>illo</strong></span> 
     </span>
    </p>
   </div>
   <div class='ocr_carea' id='block_1_73' title="bbox 1809 951 3356 1027">
    <p class='ocr_par' dir='ltr' id='par_1_73' title="bbox 1809 951 3356 1027">
     <span class='ocr_line' id='line_1_75' title="bbox 1809 951 3356 1027; baseline -0.008 -12"><span class='ocrx_word' id='word_1_540' title='bbox 1809 962 2079 1015; x_wconf 89' lang='lat' dir='ltr'><strong>maledicta</strong></span> <span class='ocrx_word' id='word_1_541' title='bbox 2102 961 2306 1027; x_wconf 90' lang='lat' dir='ltr'><strong>ejieitur</strong></span> <span class='ocrx_word' id='word_1_542' title='bbox 2329 974 2389 1011; x_wconf 75' lang='lat' dir='ltr'><strong>ex</strong></span> <span class='ocrx_word' id='word_1_543' title='bbox 2418 955 2679 1025; x_wconf 89' lang='lat' dir='ltr'><strong>paradiso.</strong></span> <span class='ocrx_word' id='word_1_544' title='bbox 2712 953 2938 1020; x_wconf 82' lang='lat' dir='ltr'><strong>Serpens</strong></span> <span class='ocrx_word' id='word_1_545' title='bbox 2967 966 3173 1018; x_wconf 90' lang='lat' dir='ltr'><strong>quoque</strong></span> <span class='ocrx_word' id='word_1_546' title='bbox 3201 951 3356 1002; x_wconf 87' lang='lat' dir='ltr'><strong>male-</strong></span> 
     </span>
    </p>
   </div>
   <div class='ocr_carea' id='block_1_74' title="bbox 1810 1039 3364 1117">
    <p class='ocr_par' dir='ltr' id='par_1_74' title="bbox 1810 1039 3364 1117">
     <span class='ocr_line' id='line_1_76' title="bbox 1810 1039 3364 1117; baseline -0.009 -13"><span class='ocrx_word' id='word_1_547' title='bbox 1810 1052 2001 1104; x_wconf 90' lang='lat' dir='ltr'><strong>dictum</strong></span> <span class='ocrx_word' id='word_1_548' title='bbox 2032 1050 2251 1117; x_wconf 90' lang='lat' dir='ltr'><strong>accipit,</strong></span> <span class='ocrx_word' id='word_1_549' title='bbox 2282 1057 2335 1100; x_wconf 91' lang='lat' dir='ltr'><strong>ut</strong></span> <span class='ocrx_word' id='word_1_550' title='bbox 2364 1063 2519 1114; x_wconf 83' lang='lat' dir='ltr'><strong>super</strong></span> <span class='ocrx_word' id='word_1_551' title='bbox 2547 1053 2727 1113; x_wconf 89' lang='lat' dir='ltr'><strong>pectus</strong></span> <span class='ocrx_word' id='word_1_552' title='bbox 2751 1043 3037 1112; x_wconf 87' lang='lat' dir='ltr'><strong>gradiatur.</strong></span> <span class='ocrx_word' id='word_1_553' title='bbox 3068 1042 3196 1093; x_wconf 83' lang='lat' dir='ltr'><strong>Cain</strong></span> <span class='ocrx_word' id='word_1_554' title='bbox 3224 1039 3364 1092; x_wconf 87' lang='lat' dir='ltr'><strong>occi-</strong></span> 
     </span>
    </p>
   </div>
   <div class='ocr_carea' id='block_1_75' title="bbox 1811 1129 3364 1206">
    <p class='ocr_par' dir='ltr' id='par_1_75' title="bbox 1811 1129 3364 1206">
     <span class='ocr_line' id='line_1_77' title="bbox 1811 1129 3364 1206; baseline -0.009 -13"><span class='ocrx_word' id='word_1_555' title='bbox 1811 1142 1889 1194; x_wconf 91' lang='lat' dir='ltr'><strong>dit</strong></span> <span class='ocrx_word' id='word_1_556' title='bbox 1928 1141 2142 1192; x_wconf 82' lang='lat' dir='ltr'><strong>lratretn</strong></span> <span class='ocrx_word' id='word_1_557' title='bbox 2163 1179 2176 1200; x_wconf 90' lang='lat'><strong>,</strong></span> <span class='ocrx_word' id='word_1_558' title='bbox 2209 1139 2330 1206; x_wconf 88' lang='lat' dir='ltr'><strong>quia</strong></span> <span class='ocrx_word' id='word_1_559' title='bbox 2362 1135 2671 1189; x_wconf 88' lang='lat' dir='ltr'><strong>laudabilius</strong></span> <span class='ocrx_word' id='word_1_560' title='bbox 2697 1148 2752 1185; x_wconf 92' lang='lat' dir='ltr'><strong>se</strong></span> <span class='ocrx_word' id='word_1_561' title='bbox 2777 1139 3030 1199; x_wconf 81' lang='lat' dir='ltr'><strong>gesserat.</strong></span> <span class='ocrx_word' id='word_1_562' title='bbox 3061 1130 3250 1198; x_wconf 88' lang='lat' dir='ltr'><strong>datque</strong></span> <span class='ocrx_word' id='word_1_563' title='bbox 3276 1129 3364 1181; x_wconf 88' lang='lat' dir='ltr'><strong>ille</strong></span> 
     </span>
    </p>
   </div>
   <div class='ocr_carea' id='block_1_76' title="bbox 1813 1217 3360 1297">
    <p class='ocr_par' dir='ltr' id='par_1_76' title="bbox 1813 1217 3360 1297">
     <span class='ocr_line' id='line_1_78' title="bbox 1813 1217 3360 1297; baseline -0.01 -15"><span class='ocrx_word' id='word_1_564' title='bbox 1813 1243 1993 1297; x_wconf 63' lang='lat' dir='ltr'><strong>poenas</strong></span> <span class='ocrx_word' id='word_1_565' title='bbox 2017 1247 2028 1279; x_wconf 90' lang='lat'>:</span> <span class='ocrx_word' id='word_1_566' title='bbox 2055 1237 2336 1294; x_wconf 90' lang='lat' dir='ltr'><strong>posteaque</strong></span> <span class='ocrx_word' id='word_1_567' title='bbox 2359 1225 2551 1278; x_wconf 90' lang='lat' dir='ltr'><strong>liberos</strong></span> <span class='ocrx_word' id='word_1_568' title='bbox 2580 1222 2811 1288; x_wconf 90' lang='lat' dir='ltr'><strong>suscipit.</strong></span> <span class='ocrx_word' id='word_1_569' title='bbox 2839 1221 2942 1272; x_wconf 80' lang='lat' dir='ltr'><strong>Eva</strong></span> <span class='ocrx_word' id='word_1_570' title='bbox 2969 1218 3184 1272; x_wconf 88' lang='lat' dir='ltr'><strong>Sethum</strong></span> <span class='ocrx_word' id='word_1_571' title='bbox 3207 1217 3360 1285; x_wconf 87' lang='lat' dir='ltr'><strong>parit.</strong></span> 
     </span>
    </p>
   </div>
   <div class='ocr_carea' id='block_1_77' title="bbox 1807 1305 3366 1383">
    <p class='ocr_par' dir='ltr' id='par_1_77' title="bbox 1807 1305 3366 1383">
     <span class='ocr_line' id='line_1_79' title="bbox 1807 1305 3366 1383; baseline -0.01 -13"><span class='ocrx_word' id='word_1_572' title='bbox 1807 1315 2086 1383; x_wconf 83' lang='lat' dir='ltr'><strong>Catalogus</strong></span> <span class='ocrx_word' id='word_1_573' title='bbox 2106 1329 2289 1366; x_wconf 87' lang='lat' dir='ltr'><strong>eorum</strong></span> <span class='ocrx_word' id='word_1_574' title='bbox 2331 1313 2418 1380; x_wconf 90' lang='lat' dir='ltr'><strong>qui</strong></span> <span class='ocrx_word' id='word_1_575' title='bbox 2457 1311 2522 1364; x_wconf 90' lang='lat' dir='ltr'><strong>ab</strong></span> <span class='ocrx_word' id='word_1_576' title='bbox 2561 1309 2761 1363; x_wconf 88' lang='lat' dir='ltr'><strong>Adamo</strong></span> <span class='ocrx_word' id='word_1_577' title='bbox 2790 1321 2840 1361; x_wconf 89' lang='lat' dir='ltr'><strong>et</strong></span> <span class='ocrx_word' id='word_1_578' title='bbox 2867 1323 2894 1358; x_wconf 91' lang='lat' dir='ltr'><strong>a</strong></span> <span class='ocrx_word' id='word_1_579' title='bbox 2919 1306 3081 1359; x_wconf 86' lang='lat' dir='ltr'><strong>Setho</strong></span> <span class='ocrx_word' id='word_1_580' title='bbox 3109 1305 3208 1358; x_wconf 91' lang='lat' dir='ltr'><strong>orti</strong></span> <span class='ocrx_word' id='word_1_581' title='bbox 3244 1313 3366 1356; x_wconf 88' lang='lat' dir='ltr'><strong>sunt</strong></span> 
     </span>
    </p>
   </div>
   <div class='ocr_carea' id='block_1_78' title="bbox 1815 1395 3363 1476">
    <p class='ocr_par' dir='ltr' id='par_1_78' title="bbox 1815 1395 3363 1476">
     <span class='ocr_line' id='line_1_80' title="bbox 1815 1395 3363 1476; baseline -0.008 -16"><span class='ocrx_word' id='word_1_582' title='bbox 1815 1422 1978 1476; x_wconf 90' lang='lat' dir='ltr'><strong>usque</strong></span> <span class='ocrx_word' id='word_1_583' title='bbox 2006 1407 2070 1458; x_wconf 89' lang='lat' dir='ltr'><strong>ad</strong></span> <span class='ocrx_word' id='word_1_584' title='bbox 2100 1405 2209 1458; x_wconf 88' lang='lat' dir='ltr'><strong>Noe</strong></span> <span class='ocrx_word' id='word_1_585' title='bbox 2236 1422 2248 1456; x_wconf 89' lang='lat'><strong>:</strong></span> <span class='ocrx_word' id='word_1_586' title='bbox 2279 1404 2653 1469; x_wconf 88' lang='lat' dir='ltr'><strong>hominumque</strong></span> <span class='ocrx_word' id='word_1_587' title='bbox 2701 1398 2994 1452; x_wconf 88' lang='lat' dir='ltr'><strong>criminatio</strong></span> <span class='ocrx_word' id='word_1_588' title='bbox 3019 1396 3086 1449; x_wconf 91' lang='lat' dir='ltr'><strong>ob</strong></span> <span class='ocrx_word' id='word_1_589' title='bbox 3122 1395 3363 1448; x_wconf 89' lang='lat' dir='ltr'><strong>indecora</strong></span> 
     </span>
    </p>
   </div>
   <div class='ocr_carea' id='block_1_79' title="bbox 1812 1485 3368 1557">
    <p class='ocr_par' dir='ltr' id='par_1_79' title="bbox 1812 1485 3368 1557">
     <span class='ocr_line' id='line_1_81' title="bbox 1812 1485 3368 1557; baseline -0.008 -8"><span class='ocrx_word' id='word_1_590' title='bbox 1812 1495 2091 1557; x_wconf 84' lang='lat' dir='ltr'><strong>connubia,</strong></span> <span class='ocrx_word' id='word_1_591' title='bbox 2119 1509 2178 1545; x_wconf 90' lang='lat' dir='ltr'><strong>ac</strong></span> <span class='ocrx_word' id='word_1_592' title='bbox 2204 1503 2422 1545; x_wconf 67' lang='lat' dir='ltr'><strong>caeteras</strong></span> <span class='ocrx_word' id='word_1_593' title='bbox 2453 1489 2771 1557; x_wconf 90' lang='lat' dir='ltr'><strong>iniquitates.</strong></span> <span class='ocrx_word' id='word_1_594' title='bbox 2797 1487 2954 1539; x_wconf 86' lang='lat' dir='ltr'><strong>Filios</strong></span> <span class='ocrx_word' id='word_1_595' title='bbox 2987 1486 3075 1538; x_wconf 94' lang='lat' dir='ltr'><strong>Dei</strong></span> <span class='ocrx_word' id='word_1_596' title='bbox 3108 1485 3192 1537; x_wconf 92' lang='lat' dir='ltr'><strong>hic</strong></span> <span class='ocrx_word' id='word_1_597' title='bbox 3217 1492 3368 1536; x_wconf 86' lang='lat' dir='ltr'><strong>vocat</strong></span> 
     </span>
    </p>
   </div>
   <div class='ocr_carea' id='block_1_80' title="bbox 1817 1573 3370 1652">
    <p class='ocr_par' dir='ltr' id='par_1_80' title="bbox 1817 1573 3370 1652">
     <span class='ocr_line' id='line_1_82' title="bbox 1817 1573 3370 1652; baseline -0.01 -14"><span class='ocrx_word' id='word_1_598' title='bbox 1817 1600 1908 1638; x_wconf 90' lang='lat' dir='ltr'><strong>eos</strong></span> <span class='ocrx_word' id='word_1_599' title='bbox 1937 1585 2023 1652; x_wconf 89' lang='lat' dir='ltr'><strong>qui</strong></span> <span class='ocrx_word' id='word_1_600' title='bbox 2060 1599 2089 1635; x_wconf 89' lang='lat' dir='ltr'><strong>a</strong></span> <span class='ocrx_word' id='word_1_601' title='bbox 2127 1582 2284 1635; x_wconf 87' lang='lat' dir='ltr'><strong>Sctlio</strong></span> <span class='ocrx_word' id='word_1_602' title='bbox 2305 1594 2468 1648; x_wconf 84' lang='lat' dir='ltr'><strong>genus</strong></span> <span class='ocrx_word' id='word_1_603' title='bbox 2493 1578 2749 1632; x_wconf 88' lang='lat' dir='ltr'><strong>ducebant</strong></span> <span class='ocrx_word' id='word_1_604' title='bbox 2771 1577 2788 1644; x_wconf 82' lang='lat'><strong>(</strong></span> <span class='ocrx_word' id='word_1_605' title='bbox 2814 1574 2935 1628; x_wconf 80' lang='lat' dir='ltr'><strong>Gen.</strong></span> <span class='ocrx_word' id='word_1_606' title='bbox 2965 1575 3016 1628; x_wconf 85' lang='lat'><strong>6.</strong></span> <span class='ocrx_word' id='word_1_607' title='bbox 3044 1574 3144 1642; x_wconf 75' lang='lat'><strong>2);</strong></span> <span class='ocrx_word' id='word_1_608' title='bbox 3181 1573 3370 1626; x_wconf 65' lang='lat' dir='ltr'><strong>dbitur</strong></span> 
     </span>
    </p>
   </div>
   <div class='ocr_carea' id='block_1_81' title="bbox 1818 1665 3367 1742">
    <p class='ocr_par' dir='ltr' id='par_1_81' title="bbox 1818 1665 3367 1742">
     <span class='ocr_line' id='line_1_83' title="bbox 1818 1665 3367 1742; baseline -0.008 -14"><span class='ocrx_word' id='word_1_609' title='bbox 1818 1677 1993 1728; x_wconf 88' lang='lat' dir='ltr'><strong>enim:</strong></span> <span class='ocrx_word' id='word_1_610' title='bbox 2023 1673 2127 1742; x_wconf 89' lang='lat' dir='ltr'><strong>Ego</strong></span> <span class='ocrx_word' id='word_1_611' title='bbox 2158 1675 2283 1736; x_wconf 81' lang='lat' dir='ltr'><strong>dixi,</strong></span> <span class='ocrx_word' id='word_1_612' title='bbox 2322 1672 2405 1722; x_wconf 86' lang='lat' dir='ltr'><strong>Dii</strong></span> <span class='ocrx_word' id='word_1_613' title='bbox 2435 1670 2568 1733; x_wconf 80' lang='lat' dir='ltr'><strong>estis,</strong></span> <span class='ocrx_word' id='word_1_614' title='bbox 2605 1678 2648 1720; x_wconf 78' lang='lat' dir='ltr'><strong>et</strong></span> <span class='ocrx_word' id='word_1_615' title='bbox 2684 1669 2773 1734; x_wconf 79' lang='lat' dir='ltr'><strong>ﬁlii</strong></span> <span class='ocrx_word' id='word_1_616' title='bbox 2812 1667 3050 1719; x_wconf 73' lang='lat' dir='ltr'><strong>Altissimi</strong></span> <span class='ocrx_word' id='word_1_617' title='bbox 3097 1682 3260 1718; x_wconf 79' lang='lat' dir='ltr'><strong>omnes</strong></span> <span class='ocrx_word' id='word_1_618' title='bbox 3294 1665 3367 1734; x_wconf 83' lang='grc' dir='ltr'><strong>(α)</strong></span> 
     </span>
    </p>
   </div>
   <div class='ocr_carea' id='block_1_82' title="bbox 1821 1755 3372 1833">
    <p class='ocr_par' dir='ltr' id='par_1_82' title="bbox 1821 1755 3372 1833">
     <span class='ocr_line' id='line_1_84' title="bbox 1821 1755 3372 1833; baseline -0.005 -18"><span class='ocrx_word' id='word_1_619' title='bbox 1821 1763 1980 1833; x_wconf 74' lang='lat' dir='ltr'><strong>(Psal.</strong></span> <span class='ocrx_word' id='word_1_620' title='bbox 2008 1764 2184 1829; x_wconf 79' lang='lat'><strong>8-1.6).</strong></span> <span class='ocrx_word' id='word_1_621' title='bbox 2212 1762 2366 1814; x_wconf 91' lang='lat' dir='ltr'><strong>Filias</strong></span> <span class='ocrx_word' id='word_1_622' title='bbox 2387 1777 2508 1813; x_wconf 84' lang='lat' dir='ltr'><strong>vero</strong></span> <span class='ocrx_word' id='word_1_623' title='bbox 2529 1759 2792 1811; x_wconf 89' lang='lat' dir='ltr'><strong>hominum</strong></span> <span class='ocrx_word' id='word_1_624' title='bbox 2811 1768 2958 1809; x_wconf 78' lang='lat' dir='ltr'><strong>vocat</strong></span> <span class='ocrx_word' id='word_1_625' title='bbox 2980 1771 3067 1810; x_wconf 89' lang='lat' dir='ltr'><strong>eas</strong></span> <span class='ocrx_word' id='word_1_626' title='bbox 3088 1771 3240 1823; x_wconf 69' lang='lat' dir='ltr'><strong>quam</strong></span> <span class='ocrx_word' id='word_1_627' title='bbox 3264 1755 3372 1808; x_wconf 80' lang='lat' dir='ltr'><strong>Cai-</strong></span> 
     </span>
    </p>
   </div>
   <div class='ocr_carea' id='block_1_83' title="bbox 1823 1845 3368 1905">
    <p class='ocr_par' dir='ltr' id='par_1_83' title="bbox 1823 1845 3368 1905">
     <span class='ocr_line' id='line_1_85' title="bbox 1823 1845 3368 1905; baseline -0.006 0"><span class='ocrx_word' id='word_1_628' title='bbox 1823 1868 1889 1905; x_wconf 90' lang='lat' dir='ltr'><strong>no</strong></span> <span class='ocrx_word' id='word_1_629' title='bbox 1920 1861 2045 1905; x_wconf 76' lang='lat' dir='ltr'><strong>orta:</strong></span> <span class='ocrx_word' id='word_1_630' title='bbox 2075 1862 2240 1904; x_wconf 84' lang='lat' dir='ltr'><strong>erant.</strong></span> <span class='ocrx_word' id='word_1_631' title='bbox 2265 1850 2503 1903; x_wconf 71' lang='lat' dir='ltr'><strong>Prmdicit</strong></span> <span class='ocrx_word' id='word_1_632' title='bbox 2535 1849 2666 1900; x_wconf 89' lang='lat' dir='ltr'><strong>Deus</strong></span> <span class='ocrx_word' id='word_1_633' title='bbox 2697 1845 2818 1899; x_wconf 67' lang='lat' dir='ltr'><strong>Note</strong></span> <span class='ocrx_word' id='word_1_634' title='bbox 2844 1845 3068 1897; x_wconf 83' lang='lat' dir='ltr'><strong>futuram</strong></span> <span class='ocrx_word' id='word_1_635' title='bbox 3102 1845 3368 1896; x_wconf 87' lang='lat' dir='ltr'><strong>hominum</strong></span> 
     </span>
    </p>
   </div>
   <div class='ocr_carea' id='block_1_84' title="bbox 1825 1935 3365 2008">
    <p class='ocr_par' dir='ltr' id='par_1_84' title="bbox 1825 1935 3365 2008">
     <span class='ocr_line' id='line_1_86' title="bbox 1825 1935 3365 2008; baseline -0.008 -15"><span class='ocrx_word' id='word_1_636' title='bbox 1825 1942 2103 2008; x_wconf 88' lang='lat' dir='ltr'><strong>perniciem</strong></span> <span class='ocrx_word' id='word_1_637' title='bbox 2144 1955 2236 2008; x_wconf 88' lang='lat' dir='ltr'><strong>per</strong></span> <span class='ocrx_word' id='word_1_638' title='bbox 2264 1939 2533 2000; x_wconf 83' lang='lat' dir='ltr'><strong>diluvium,</strong></span> <span class='ocrx_word' id='word_1_639' title='bbox 2566 1945 2618 1989; x_wconf 91' lang='lat' dir='ltr'><strong>et</strong></span> <span class='ocrx_word' id='word_1_640' title='bbox 2650 1935 2796 2004; x_wconf 89' lang='lat' dir='ltr'><strong>jubet</strong></span> <span class='ocrx_word' id='word_1_641' title='bbox 2838 1949 3008 1988; x_wconf 80' lang='lat' dir='ltr'><strong>arcam</strong></span> <span class='ocrx_word' id='word_1_642' title='bbox 3036 1944 3365 1994; x_wconf 88' lang='lat' dir='ltr'><strong>construere,</strong></span> 
     </span>
    </p>
   </div>
   <div class='ocr_carea' id='block_1_85' title="bbox 1824 2022 3369 2093">
    <p class='ocr_par' dir='ltr' id='par_1_85' title="bbox 1824 2022 3369 2093">
     <span class='ocr_line' id='line_1_87' title="bbox 1824 2022 3369 2093; baseline -0.006 -9"><span class='ocrx_word' id='word_1_643' title='bbox 1824 2039 2176 2084; x_wconf 89' lang='lat' dir='ltr'><strong>trecentorum</strong></span> <span class='ocrx_word' id='word_1_644' title='bbox 2234 2029 2528 2082; x_wconf 88' lang='lat' dir='ltr'><strong>cubitorum</strong></span> <span class='ocrx_word' id='word_1_645' title='bbox 2586 2024 2941 2093; x_wconf 86' lang='lat' dir='ltr'><strong>longitudine,</strong></span> <span class='ocrx_word' id='word_1_646' title='bbox 2999 2022 3369 2091; x_wconf 81' lang='lat' dir='ltr'><strong>quinquaginta</strong></span> 
     </span>
    </p>
   </div>
   <div class='ocr_carea' id='block_1_86' title="bbox 1825 2111 3367 2183">
    <p class='ocr_par' dir='ltr' id='par_1_86' title="bbox 1825 2111 3367 2183">
     <span class='ocr_line' id='line_1_88' title="bbox 1825 2111 3367 2183; baseline -0.008 -10"><span class='ocrx_word' id='word_1_647' title='bbox 1825 2121 2114 2173; x_wconf 87' lang='lat' dir='ltr'><strong>cubitorum</strong></span> <span class='ocrx_word' id='word_1_648' title='bbox 2144 2118 2434 2180; x_wconf 87' lang='lat' dir='ltr'><strong>latitudine,</strong></span> <span class='ocrx_word' id='word_1_649' title='bbox 2463 2127 2511 2169; x_wconf 91' lang='lat' dir='ltr'><strong>et</strong></span> <span class='ocrx_word' id='word_1_650' title='bbox 2538 2115 2744 2183; x_wconf 88' lang='lat' dir='ltr'><strong>triginta</strong></span> <span class='ocrx_word' id='word_1_651' title='bbox 2765 2114 3054 2166; x_wconf 90' lang='lat' dir='ltr'><strong>cubitorum</strong></span> <span class='ocrx_word' id='word_1_652' title='bbox 3080 2111 3367 2164; x_wconf 90' lang='lat' dir='ltr'><strong>altitudine.</strong></span> 
     </span>
    </p>
   </div>
   <div class='ocr_carea' id='block_1_87' title="bbox 1828 2200 3372 2276">
    <p class='ocr_par' dir='ltr' id='par_1_87' title="bbox 1828 2200 3372 2276">
     <span class='ocr_line' id='line_1_89' title="bbox 1828 2200 3372 2276; baseline -0.008 -13"><span class='ocrx_word' id='word_1_653' title='bbox 1828 2209 1895 2263; x_wconf 92' lang='lat' dir='ltr'><strong>Ut</strong></span> <span class='ocrx_word' id='word_1_654' title='bbox 1921 2221 2091 2261; x_wconf 91' lang='lat' dir='ltr'><strong>autem</strong></span> <span class='ocrx_word' id='word_1_655' title='bbox 2135 2213 2398 2276; x_wconf 89' lang='lat' dir='ltr'><strong>ingressus</strong></span> <span class='ocrx_word' id='word_1_656' title='bbox 2438 2214 2516 2258; x_wconf 87' lang='lat' dir='ltr'><strong>est</strong></span> <span class='ocrx_word' id='word_1_657' title='bbox 2561 2205 2611 2256; x_wconf 92' lang='lat' dir='ltr'><strong>in</strong></span> <span class='ocrx_word' id='word_1_658' title='bbox 2656 2218 2829 2255; x_wconf 88' lang='lat' dir='ltr'><strong>arcam</strong></span> <span class='ocrx_word' id='word_1_659' title='bbox 2854 2243 2867 2264; x_wconf 93' lang='lat'><strong>,</strong></span> <span class='ocrx_word' id='word_1_660' title='bbox 2895 2202 3102 2254; x_wconf 82' lang='lat' dir='ltr'><strong>advenit</strong></span> <span class='ocrx_word' id='word_1_661' title='bbox 3125 2200 3372 2252; x_wconf 86' lang='lat' dir='ltr'><strong>diluvium</strong></span> 
     </span>
    </p>
   </div>
   <div class='ocr_carea' id='block_1_88' title="bbox 1827 2288 3375 2366">
    <p class='ocr_par' dir='ltr' id='par_1_88' title="bbox 1827 2288 3375 2366">
     <span class='ocr_line' id='line_1_90' title="bbox 1827 2288 3375 2366; baseline -0.006 -16"><span class='ocrx_word' id='word_1_662' title='bbox 1827 2297 2162 2366; x_wconf 87' lang='lat' dir='ltr'><strong>quadraginta</strong></span> <span class='ocrx_word' id='word_1_663' title='bbox 2193 2296 2376 2348; x_wconf 88' lang='lat' dir='ltr'><strong>diebus</strong></span> <span class='ocrx_word' id='word_1_664' title='bbox 2405 2305 2457 2347; x_wconf 91' lang='lat' dir='ltr'><strong>ct</strong></span> <span class='ocrx_word' id='word_1_665' title='bbox 2483 2293 2822 2361; x_wconf 86' lang='lat' dir='ltr'><strong>quadraginta</strong></span> <span class='ocrx_word' id='word_1_666' title='bbox 2858 2291 3112 2344; x_wconf 87' lang='lat' dir='ltr'><strong>noctibus.</strong></span> <span class='ocrx_word' id='word_1_667' title='bbox 3141 2288 3375 2343; x_wconf 90' lang='lat' dir='ltr'><strong>Obtinuit</strong></span> 
     </span>
    </p>
   </div>
   <div class='ocr_carea' id='block_1_89' title="bbox 1828 2382 3372 2454">
    <p class='ocr_par' dir='ltr' id='par_1_89' title="bbox 1828 2382 3372 2454">
     <span class='ocr_line' id='line_1_91' title="bbox 1828 2382 3372 2454; baseline -0.006 -16"><span class='ocrx_word' id='word_1_668' title='bbox 1828 2401 1958 2454; x_wconf 88' lang='lat' dir='ltr'><strong>aqua</strong></span> <span class='ocrx_word' id='word_1_669' title='bbox 1979 2395 2186 2438; x_wconf 92' lang='lat' dir='ltr'><strong>centum</strong></span> <span class='ocrx_word' id='word_1_670' title='bbox 2209 2384 2580 2452; x_wconf 84' lang='lat' dir='ltr'><strong>quinquaginta</strong></span> <span class='ocrx_word' id='word_1_671' title='bbox 2598 2383 2798 2434; x_wconf 88' lang='lat' dir='ltr'><strong>dielms.</strong></span> <span class='ocrx_word' id='word_1_672' title='bbox 2824 2382 3183 2447; x_wconf 89' lang='lat' dir='ltr'><strong>Apparuerunt</strong></span> <span class='ocrx_word' id='word_1_673' title='bbox 3202 2390 3372 2430; x_wconf 84' lang='lat' dir='ltr'><strong>autem</strong></span> 
     </span>
    </p>
   </div>
   <div class='ocr_carea' id='block_1_90' title="bbox 1830 2468 3376 2538">
    <p class='ocr_par' dir='ltr' id='par_1_90' title="bbox 1830 2468 3376 2538">
     <span class='ocr_line' id='line_1_92' title="bbox 1830 2468 3376 2538; baseline -0.005 -11"><span class='ocrx_word' id='word_1_674' title='bbox 1830 2475 2096 2528; x_wconf 88' lang='lat' dir='ltr'><strong>cacumina</strong></span> <span class='ocrx_word' id='word_1_675' title='bbox 2123 2473 2373 2525; x_wconf 90' lang='lat' dir='ltr'><strong>montium</strong></span> <span class='ocrx_word' id='word_1_676' title='bbox 2410 2473 2576 2538; x_wconf 86' lang='lat' dir='ltr'><strong>primo</strong></span> <span class='ocrx_word' id='word_1_677' title='bbox 2603 2472 2687 2522; x_wconf 91' lang='lat' dir='ltr'><strong>die</strong></span> <span class='ocrx_word' id='word_1_678' title='bbox 2718 2470 2902 2521; x_wconf 90' lang='lat' dir='ltr'><strong>decimi</strong></span> <span class='ocrx_word' id='word_1_679' title='bbox 2935 2468 3146 2520; x_wconf 88' lang='lat' dir='ltr'><strong>mensis.</strong></span> <span class='ocrx_word' id='word_1_680' title='bbox 3172 2469 3235 2519; x_wconf 86' lang='lat' dir='ltr'><strong>Et</strong></span> <span class='ocrx_word' id='word_1_681' title='bbox 3259 2476 3376 2534; x_wconf 89' lang='lat' dir='ltr'><strong>post</strong></span> 
     </span>
    </p>
   </div>
   <div class='ocr_carea' id='block_1_91' title="bbox 1830 2557 3375 2632">
    <p class='ocr_par' dir='ltr' id='par_1_91' title="bbox 1830 2557 3375 2632">
     <span class='ocr_line' id='line_1_93' title="bbox 1830 2557 3375 2632; baseline -0.005 -17"><span class='ocrx_word' id='word_1_682' title='bbox 1830 2564 2170 2632; x_wconf 89' lang='lat' dir='ltr'><strong>quadraginta</strong></span> <span class='ocrx_word' id='word_1_683' title='bbox 2211 2561 2322 2613; x_wconf 88' lang='lat' dir='ltr'><strong>dies</strong></span> <span class='ocrx_word' id='word_1_684' title='bbox 2365 2560 2538 2612; x_wconf 91' lang='lat' dir='ltr'><strong>emisit</strong></span> <span class='ocrx_word' id='word_1_685' title='bbox 2585 2572 2837 2618; x_wconf 90' lang='lat' dir='ltr'><strong>corvum,</strong></span> <span class='ocrx_word' id='word_1_686' title='bbox 2869 2557 2957 2623; x_wconf 93' lang='lat' dir='ltr'><strong>qui</strong></span> <span class='ocrx_word' id='word_1_687' title='bbox 2988 2569 3090 2607; x_wconf 87' lang='lat' dir='ltr'><strong>non</strong></span> <span class='ocrx_word' id='word_1_688' title='bbox 3136 2571 3375 2608; x_wconf 82' lang='lat' dir='ltr'><strong>reversus</strong></span> 
     </span>
    </p>
   </div>
   <div class='ocr_carea' id='block_1_92' title="bbox 1831 2644 3378 2716">
    <p class='ocr_par' dir='ltr' id='par_1_92' title="bbox 1831 2644 3378 2716">
     <span class='ocr_line' id='line_1_94' title="bbox 1831 2644 3378 2716; baseline -0.005 -11"><span class='ocrx_word' id='word_1_689' title='bbox 1831 2661 1910 2705; x_wconf 91' lang='lat' dir='ltr'><strong>est</strong></span> <span class='ocrx_word' id='word_1_690' title='bbox 1948 2669 1959 2703; x_wconf 91' lang='lat'><strong>:</strong></span> <span class='ocrx_word' id='word_1_691' title='bbox 2001 2660 2052 2703; x_wconf 89' lang='lat' dir='ltr'><strong>et</strong></span> <span class='ocrx_word' id='word_1_692' title='bbox 2101 2658 2214 2716; x_wconf 87' lang='lat' dir='ltr'><strong>post</strong></span> <span class='ocrx_word' id='word_1_693' title='bbox 2263 2657 2462 2715; x_wconf 92' lang='lat' dir='ltr'><strong>septem</strong></span> <span class='ocrx_word' id='word_1_694' title='bbox 2517 2646 2629 2699; x_wconf 91' lang='lat' dir='ltr'><strong>dies</strong></span> <span class='ocrx_word' id='word_1_695' title='bbox 2672 2645 2846 2698; x_wconf 89' lang='lat' dir='ltr'><strong>emisit</strong></span> <span class='ocrx_word' id='word_1_696' title='bbox 2892 2644 3218 2706; x_wconf 88' lang='lat' dir='ltr'><strong>columbam,</strong></span> <span class='ocrx_word' id='word_1_697' title='bbox 3263 2660 3378 2711; x_wconf 70' lang='lat' dir='ltr'><strong>qure</strong></span> 
     </span>
    </p>
   </div>
   <div class='ocr_carea' id='block_1_93' title="bbox 1835 2731 3376 2800">
    <p class='ocr_par' dir='ltr' id='par_1_93' title="bbox 1835 2731 3376 2800">
     <span class='ocr_line' id='line_1_95' title="bbox 1835 2731 3376 2800; baseline -0.005 -8"><span class='ocrx_word' id='word_1_698' title='bbox 1835 2754 2040 2792; x_wconf 87' lang='lat' dir='ltr'><strong>reversa</strong></span> <span class='ocrx_word' id='word_1_699' title='bbox 2065 2748 2144 2789; x_wconf 91' lang='lat' dir='ltr'><strong>est</strong></span> <span class='ocrx_word' id='word_1_700' title='bbox 2175 2752 2372 2789; x_wconf 91' lang='lat' dir='ltr'><strong>ramum</strong></span> <span class='ocrx_word' id='word_1_701' title='bbox 2400 2735 2549 2786; x_wconf 73' lang='lat' dir='ltr'><strong>oliva:</strong></span> <span class='ocrx_word' id='word_1_702' title='bbox 2577 2743 2805 2800; x_wconf 84' lang='lat' dir='ltr'><strong>gestans.</strong></span> <span class='ocrx_word' id='word_1_703' title='bbox 2835 2731 3055 2784; x_wconf 87' lang='lat' dir='ltr'><strong>Jubetur</strong></span> <span class='ocrx_word' id='word_1_704' title='bbox 3074 2747 3102 2782; x_wconf 91' lang='lat' dir='ltr'><strong>a</strong></span> <span class='ocrx_word' id='word_1_705' title='bbox 3132 2731 3241 2784; x_wconf 91' lang='lat' dir='ltr'><strong>Deo</strong></span> <span class='ocrx_word' id='word_1_706' title='bbox 3268 2732 3376 2785; x_wconf 80' lang='lat' dir='ltr'><strong>Noe</strong></span> 
     </span>
    </p>
   </div>
   <div class='ocr_carea' id='block_1_94' title="bbox 1835 2822 3382 2896">
    <p class='ocr_par' dir='ltr' id='par_1_94' title="bbox 1835 2822 3382 2896">
     <span class='ocr_line' id='line_1_96' title="bbox 1835 2822 3382 2896; baseline -0.005 -15"><span class='ocrx_word' id='word_1_707' title='bbox 1835 2829 2009 2896; x_wconf 84' lang='lat' dir='ltr'><strong>egredi</strong></span> <span class='ocrx_word' id='word_1_708' title='bbox 2041 2844 2100 2880; x_wconf 81' lang='lat' dir='ltr'><strong>ex</strong></span> <span class='ocrx_word' id='word_1_709' title='bbox 2132 2841 2248 2878; x_wconf 91' lang='lat' dir='ltr'><strong>arca</strong></span> <span class='ocrx_word' id='word_1_710' title='bbox 2280 2843 2291 2876; x_wconf 90' lang='lat'><strong>:</strong></span> <span class='ocrx_word' id='word_1_711' title='bbox 2319 2838 2370 2878; x_wconf 92' lang='lat' dir='ltr'><strong>et</strong></span> <span class='ocrx_word' id='word_1_712' title='bbox 2396 2838 2634 2892; x_wconf 86' lang='lat' dir='ltr'><strong>egressus</strong></span> <span class='ocrx_word' id='word_1_713' title='bbox 2667 2825 2772 2876; x_wconf 88' lang='lat' dir='ltr'><strong>Deo</strong></span> <span class='ocrx_word' id='word_1_714' title='bbox 2795 2822 3128 2884; x_wconf 79' lang='lat' dir='ltr'><strong>Sacrilicavit,</strong></span> <span class='ocrx_word' id='word_1_715' title='bbox 3159 2831 3206 2874; x_wconf 84' lang='lat' dir='ltr'><strong>et</strong></span> <span class='ocrx_word' id='word_1_716' title='bbox 3232 2823 3382 2874; x_wconf 56' lang='lat' dir='ltr'><strong>bene.</strong></span> 
     </span>
    </p>
   </div>
   <div class='ocr_carea' id='block_1_95' title="bbox 1835 2913 3382 2980">
    <p class='ocr_par' dir='ltr' id='par_1_95' title="bbox 1835 2913 3382 2980">
     <span class='ocr_line' id='line_1_97' title="bbox 1835 2913 3382 2980; baseline -0.003 -10"><span class='ocrx_word' id='word_1_717' title='bbox 1835 2919 2005 2970; x_wconf 91' lang='lat' dir='ltr'><strong>dictus</strong></span> <span class='ocrx_word' id='word_1_718' title='bbox 2047 2923 2127 2968; x_wconf 86' lang='lat' dir='ltr'><strong>est</strong></span> <span class='ocrx_word' id='word_1_719' title='bbox 2168 2931 2282 2968; x_wconf 92' lang='lat' dir='ltr'><strong>cum</strong></span> <span class='ocrx_word' id='word_1_720' title='bbox 2312 2916 2427 2967; x_wconf 90' lang='lat' dir='ltr'><strong>liliis</strong></span> <span class='ocrx_word' id='word_1_721' title='bbox 2467 2915 2589 2967; x_wconf 89' lang='lat' dir='ltr'><strong>suis.</strong></span> <span class='ocrx_word' id='word_1_722' title='bbox 2637 2914 2948 2980; x_wconf 69' lang='lat' dir='ltr'><strong>Atcepitque</strong></span> <span class='ocrx_word' id='word_1_723' title='bbox 2986 2913 3382 2980; x_wconf 80' lang='lat' dir='ltr'><strong>promissionem</strong></span> 
     </span>
    </p>
   </div>
   <div class='ocr_carea' id='block_1_96' title="bbox 1838 3001 3383 3069">
    <p class='ocr_par' dir='ltr' id='par_1_96' title="bbox 1838 3001 3383 3069">
     <span class='ocr_line' id='line_1_98' title="bbox 1838 3001 3383 3069; baseline -0.003 -11"><span class='ocrx_word' id='word_1_724' title='bbox 1838 3021 1864 3057; x_wconf 92' lang='lat' dir='ltr'><strong>a</strong></span> <span class='ocrx_word' id='word_1_725' title='bbox 1898 3008 2022 3069; x_wconf 91' lang='lat' dir='ltr'><strong>Deo,</strong></span> <span class='ocrx_word' id='word_1_726' title='bbox 2055 3022 2156 3056; x_wconf 87' lang='lat' dir='ltr'><strong>non</strong></span> <span class='ocrx_word' id='word_1_727' title='bbox 2183 3005 2313 3056; x_wconf 91' lang='lat' dir='ltr'><strong>ultra</strong></span> <span class='ocrx_word' id='word_1_728' title='bbox 2347 3003 2570 3055; x_wconf 78' lang='lat' dir='ltr'><strong>futuram</strong></span> <span class='ocrx_word' id='word_1_729' title='bbox 2595 3001 2887 3068; x_wconf 84' lang='lat' dir='ltr'><strong>hujustuodi</strong></span> <span class='ocrx_word' id='word_1_730' title='bbox 2913 3001 3194 3069; x_wconf 88' lang='lat' dir='ltr'><strong>perniciem</strong></span> <span class='ocrx_word' id='word_1_731' title='bbox 3220 3002 3383 3054; x_wconf 90' lang='lat' dir='ltr'><strong>homi-</strong></span> 
     </span>
    </p>
   </div>
   <div class='ocr_carea' id='block_1_97' title="bbox 1841 3090 3382 3162">
    <p class='ocr_par' dir='ltr' id='par_1_97' title="bbox 1841 3090 3382 3162">
     <span class='ocr_line' id='line_1_99' title="bbox 1841 3090 3382 3162; baseline -0.005 -13"><span class='ocrx_word' id='word_1_732' title='bbox 1841 3112 1962 3149; x_wconf 91' lang='lat' dir='ltr'><strong>num</strong></span> <span class='ocrx_word' id='word_1_733' title='bbox 1994 3112 2083 3162; x_wconf 90' lang='lat' dir='ltr'><strong>per</strong></span> <span class='ocrx_word' id='word_1_734' title='bbox 2109 3096 2378 3146; x_wconf 79' lang='lat' dir='ltr'><strong>diluvium.</strong></span> <span class='ocrx_word' id='word_1_735' title='bbox 2434 3093 2616 3144; x_wconf 77' lang='lat' dir='ltr'><strong>Postea</strong></span> <span class='ocrx_word' id='word_1_736' title='bbox 2647 3107 2767 3143; x_wconf 81' lang='lat' dir='ltr'><strong>vero</strong></span> <span class='ocrx_word' id='word_1_737' title='bbox 2792 3090 2947 3144; x_wconf 86' lang='lat' dir='ltr'><strong>Semo</strong></span> <span class='ocrx_word' id='word_1_738' title='bbox 2983 3090 3191 3157; x_wconf 91' lang='lat' dir='ltr'><strong>quidem</strong></span> <span class='ocrx_word' id='word_1_739' title='bbox 3214 3101 3265 3143; x_wconf 93' lang='lat' dir='ltr'><strong>et</strong></span> <span class='ocrx_word' id='word_1_740' title='bbox 3292 3090 3382 3142; x_wconf 82' lang='lat' dir='ltr'><strong>Ja-</strong></span> 
     </span>
    </p>
   </div>
   <div class='ocr_carea' id='block_1_98' title="bbox 1840 3179 3382 3255">
    <p class='ocr_par' dir='ltr' id='par_1_98' title="bbox 1840 3179 3382 3255">
     <span class='ocr_line' id='line_1_100' title="bbox 1840 3179 3382 3255; baseline -0.006 -16"><span class='ocrx_word' id='word_1_741' title='bbox 1840 3188 1998 3255; x_wconf 89' lang='lat' dir='ltr'><strong>phetn</strong></span> <span class='ocrx_word' id='word_1_742' title='bbox 2043 3186 2299 3237; x_wconf 86' lang='lat' dir='ltr'><strong>benedicit</strong></span> <span class='ocrx_word' id='word_1_743' title='bbox 2324 3225 2337 3245; x_wconf 93' lang='lat'><strong>,</strong></span> <span class='ocrx_word' id='word_1_744' title='bbox 2371 3182 2630 3233; x_wconf 87' lang='lat' dir='ltr'><strong>maledicit</strong></span> <span class='ocrx_word' id='word_1_745' title='bbox 2674 3191 2844 3231; x_wconf 87' lang='lat' dir='ltr'><strong>autem</strong></span> <span class='ocrx_word' id='word_1_746' title='bbox 2875 3179 3232 3242; x_wconf 77' lang='lat' dir='ltr'><strong>Chanaauum,</strong></span> <span class='ocrx_word' id='word_1_747' title='bbox 3262 3181 3382 3246; x_wconf 89' lang='lat' dir='ltr'><strong>quia</strong></span> 
     </span>
    </p>
   </div>
   <div class='ocr_carea' id='block_1_99' title="bbox 1844 3270 3386 3342">
    <p class='ocr_par' dir='ltr' id='par_1_99' title="bbox 1844 3270 3386 3342">
     <span class='ocr_line' id='line_1_101' title="bbox 1844 3270 3386 3342; baseline -0.003 -16"><span class='ocrx_word' id='word_1_748' title='bbox 1844 3285 1986 3342; x_wconf 87' lang='lat' dir='ltr'><strong>pater</strong></span> <span class='ocrx_word' id='word_1_749' title='bbox 2015 3274 2127 3341; x_wconf 89' lang='lat' dir='ltr'><strong>ejus</strong></span> <span class='ocrx_word' id='word_1_750' title='bbox 2153 3274 2313 3325; x_wconf 65' lang='lat' dir='ltr'><strong>Chii“)</strong></span> <span class='ocrx_word' id='word_1_751' title='bbox 2344 3271 2666 3324; x_wconf 78' lang='lat' dir='ltr'><strong>revelaverat</strong></span> <span class='ocrx_word' id='word_1_752' title='bbox 2696 3270 2978 3321; x_wconf 83' lang='lat' dir='ltr'><strong>nuditatem</strong></span> <span class='ocrx_word' id='word_1_753' title='bbox 3011 3271 3190 3336; x_wconf 90' lang='lat' dir='ltr'><strong>patris.</strong></span> <span class='ocrx_word' id='word_1_754' title='bbox 3225 3270 3386 3322; x_wconf 82' lang='lat' dir='ltr'><strong>Male-</strong></span> 
     </span>
    </p>
   </div>
   <div class='ocr_carea' id='block_1_100' title="bbox 1843 3358 3385 3427">
    <p class='ocr_par' dir='ltr' id='par_1_100' title="bbox 1843 3358 3385 3427">
     <span class='ocr_line' id='line_1_102' title="bbox 1843 3358 3385 3427; baseline -0.003 -10"><span class='ocrx_word' id='word_1_755' title='bbox 1843 3365 1999 3417; x_wconf 83' lang='lat' dir='ltr'><strong>dictio</strong></span> <span class='ocrx_word' id='word_1_756' title='bbox 2042 3376 2213 3414; x_wconf 89' lang='lat' dir='ltr'><strong>autem</strong></span> <span class='ocrx_word' id='word_1_757' title='bbox 2245 3363 2326 3413; x_wconf 91' lang='lat' dir='ltr'><strong>illa</strong></span> <span class='ocrx_word' id='word_1_758' title='bbox 2357 3371 2598 3412; x_wconf 83' lang='lat' dir='ltr'><strong>eventum</strong></span> <span class='ocrx_word' id='word_1_759' title='bbox 2647 3358 2826 3411; x_wconf 87' lang='lat' dir='ltr'><strong>habuit</strong></span> <span class='ocrx_word' id='word_1_760' title='bbox 2864 3361 2912 3412; x_wconf 90' lang='lat' dir='ltr'><strong>in</strong></span> <span class='ocrx_word' id='word_1_761' title='bbox 2952 3359 3252 3414; x_wconf 86' lang='lat' dir='ltr'><strong>Gabaonitis</strong></span> <span class='ocrx_word' id='word_1_762' title='bbox 3279 3361 3385 3427; x_wconf 75' lang='lat' dir='ltr'><strong>(li);</strong></span> 
     </span>
    </p>
   </div>
   <div class='ocr_carea' id='block_1_101' title="bbox 1845 3452 3387 3522">
    <p class='ocr_par' dir='ltr' id='par_1_101' title="bbox 1845 3452 3387 3522">
     <span class='ocr_line' id='line_1_103' title="bbox 1845 3452 3387 3522; baseline -0.001 -14"><span class='ocrx_word' id='word_1_763' title='bbox 1845 3455 1948 3508; x_wconf 90' lang='lat' dir='ltr'><strong>imo</strong></span> <span class='ocrx_word' id='word_1_764' title='bbox 1980 3455 2149 3522; x_wconf 92' lang='lat' dir='ltr'><strong>potius</strong></span> <span class='ocrx_word' id='word_1_765' title='bbox 2175 3453 2347 3522; x_wconf 80' lang='lat' dir='ltr'><strong>Specie</strong></span> <span class='ocrx_word' id='word_1_766' title='bbox 2375 3453 2580 3520; x_wconf 87' lang='lat' dir='ltr'><strong>quidem</strong></span> <span class='ocrx_word' id='word_1_767' title='bbox 2614 3452 2904 3504; x_wconf 79' lang='lat' dir='ltr'><strong>maledictio</strong></span> <span class='ocrx_word' id='word_1_768' title='bbox 2933 3461 3060 3514; x_wconf 90' lang='lat' dir='ltr'><strong>erat,</strong></span> <span class='ocrx_word' id='word_1_769' title='bbox 3092 3454 3182 3506; x_wconf 89' lang='lat' dir='ltr'><strong>sed</strong></span> <span class='ocrx_word' id='word_1_770' title='bbox 3207 3469 3387 3506; x_wconf 77' lang='lat' dir='ltr'><strong>revera</strong></span> 
     </span>
    </p>
   </div>
   <div class='ocr_carea' id='block_1_102' title="bbox 1848 3540 3391 3613">
    <p class='ocr_par' dir='ltr' id='par_1_102' title="bbox 1848 3540 3391 3613">
     <span class='ocr_line' id='line_1_104' title="bbox 1848 3540 3391 3613; baseline -0.001 -16"><span class='ocrx_word' id='word_1_771' title='bbox 1848 3545 2139 3613; x_wconf 86' lang='lat' dir='ltr'><strong>prophetia.</strong></span> <span class='ocrx_word' id='word_1_772' title='bbox 2167 3544 2295 3595; x_wconf 88' lang='lat' dir='ltr'><strong>llinc</strong></span> <span class='ocrx_word' id='word_1_773' title='bbox 2317 3551 2604 3610; x_wconf 88' lang='lat' dir='ltr'><strong>sequuntur</strong></span> <span class='ocrx_word' id='word_1_774' title='bbox 2629 3541 2714 3609; x_wconf 89' lang='lat' dir='ltr'><strong>qui</strong></span> <span class='ocrx_word' id='word_1_775' title='bbox 2744 3557 2805 3592; x_wconf 80' lang='lat' dir='ltr'><strong>ex</strong></span> <span class='ocrx_word' id='word_1_776' title='bbox 2831 3540 2939 3594; x_wconf 84' lang='lat' dir='ltr'><strong>Noe</strong></span> <span class='ocrx_word' id='word_1_777' title='bbox 2964 3542 3059 3593; x_wconf 89' lang='lat' dir='ltr'><strong>orti</strong></span> <span class='ocrx_word' id='word_1_778' title='bbox 3081 3551 3200 3594; x_wconf 88' lang='lat' dir='ltr'><strong>sunt</strong></span> <span class='ocrx_word' id='word_1_779' title='bbox 3228 3557 3391 3610; x_wconf 82' lang='lat' dir='ltr'><strong>usque</strong></span> 
     </span>
    </p>
   </div>
   <div class='ocr_carea' id='block_1_103' title="bbox 1847 3630 3392 3699">
    <p class='ocr_par' dir='ltr' id='par_1_103' title="bbox 1847 3630 3392 3699">
     <span class='ocr_line' id='line_1_105' title="bbox 1847 3630 3392 3699; baseline -0.001 -13"><span class='ocrx_word' id='word_1_780' title='bbox 1847 3635 1909 3686; x_wconf 89' lang='lat' dir='ltr'><strong>ad</strong></span> <span class='ocrx_word' id='word_1_781' title='bbox 1936 3634 2137 3694; x_wconf 86' lang='lat' dir='ltr'><strong>Phalec,</strong></span> <span class='ocrx_word' id='word_1_782' title='bbox 2161 3632 2245 3699; x_wconf 91' lang='lat' dir='ltr'><strong>qui</strong></span> <span class='ocrx_word' id='word_1_783' title='bbox 2276 3633 2372 3684; x_wconf 89' lang='lat' dir='ltr'><strong>hoc</strong></span> <span class='ocrx_word' id='word_1_784' title='bbox 2395 3645 2584 3683; x_wconf 86' lang='lat' dir='ltr'><strong>nomen</strong></span> <span class='ocrx_word' id='word_1_785' title='bbox 2615 3630 2826 3682; x_wconf 88' lang='lat' dir='ltr'><strong>sortitus</strong></span> <span class='ocrx_word' id='word_1_786' title='bbox 2853 3640 2950 3692; x_wconf 88' lang='lat' dir='ltr'><strong>est,</strong></span> <span class='ocrx_word' id='word_1_787' title='bbox 2979 3631 3094 3698; x_wconf 86' lang='lat' dir='ltr'><strong>quia</strong></span> <span class='ocrx_word' id='word_1_788' title='bbox 3127 3631 3239 3697; x_wconf 85' lang='lat' dir='ltr'><strong>ejus</strong></span> <span class='ocrx_word' id='word_1_789' title='bbox 3267 3642 3392 3686; x_wconf 87' lang='lat' dir='ltr'><strong>tem-</strong></span> 
     </span>
    </p>
   </div>
   <div class='ocr_carea' id='block_1_104' title="bbox 1851 3720 3390 3790">
    <p class='ocr_par' dir='ltr' id='par_1_104' title="bbox 1851 3720 3390 3790">
     <span class='ocr_line' id='line_1_106' title="bbox 1851 3720 3390 3790; baseline 0.002 -19"><span class='ocrx_word' id='word_1_790' title='bbox 1851 3737 1975 3790; x_wconf 70' lang='lat' dir='ltr'><strong>pere</strong></span> <span class='ocrx_word' id='word_1_791' title='bbox 2002 3722 2162 3774; x_wconf 79' lang='lat' dir='ltr'><strong>divisa</strong></span> <span class='ocrx_word' id='word_1_792' title='bbox 2197 3721 2286 3772; x_wconf 81' lang='lat' dir='ltr'><strong>fuit</strong></span> <span class='ocrx_word' id='word_1_793' title='bbox 2317 3730 2472 3772; x_wconf 90' lang='lat' dir='ltr'><strong>terra.</strong></span> <span class='ocrx_word' id='word_1_794' title='bbox 2501 3720 2646 3772; x_wconf 87' lang='lat' dir='ltr'><strong>Tunc</strong></span> <span class='ocrx_word' id='word_1_795' title='bbox 2671 3720 2807 3773; x_wconf 90' lang='lat' dir='ltr'><strong>enim</strong></span> <span class='ocrx_word' id='word_1_796' title='bbox 2839 3723 3017 3772; x_wconf 82' lang='lat' dir='ltr'><strong>turrim</strong></span> <span class='ocrx_word' id='word_1_797' title='bbox 3050 3721 3390 3785; x_wconf 63' lang='lat' dir='ltr'><strong>aediﬁcarunt,</strong></span> 
     </span>
    </p>
   </div>
   <div class='ocr_carea' id='block_1_105' title="bbox 1851 3810 3395 3878">
    <p class='ocr_par' dir='ltr' id='par_1_105' title="bbox 1851 3810 3395 3878">
     <span class='ocr_line' id='line_1_107' title="bbox 1851 3810 3395 3878; baseline -0.003 -16"><span class='ocrx_word' id='word_1_798' title='bbox 1851 3813 1986 3864; x_wconf 90' lang='lat' dir='ltr'><strong>unde</strong></span> <span class='ocrx_word' id='word_1_799' title='bbox 2004 3812 2150 3864; x_wconf 88' lang='lat' dir='ltr'><strong>locus</strong></span> <span class='ocrx_word' id='word_1_800' title='bbox 2185 3811 2414 3878; x_wconf 77' lang='lat' dir='ltr'><strong>Babylon</strong></span> <span class='ocrx_word' id='word_1_801' title='bbox 2445 3819 2524 3862; x_wconf 89' lang='lat' dir='ltr'><strong>cst</strong></span> <span class='ocrx_word' id='word_1_802' title='bbox 2545 3810 2828 3876; x_wconf 88' lang='lat' dir='ltr'><strong>appellatus</strong></span> <span class='ocrx_word' id='word_1_803' title='bbox 2848 3849 2861 3873; x_wconf 90' lang='lat'><strong>,</strong></span> <span class='ocrx_word' id='word_1_804' title='bbox 2886 3810 3020 3877; x_wconf 87' lang='lat' dir='ltr'><strong>quod</strong></span> <span class='ocrx_word' id='word_1_805' title='bbox 3035 3810 3395 3877; x_wconf 79' lang='lat' dir='ltr'><strong>Confusionem</strong></span> 
     </span>
    </p>
   </div>
   <div class='ocr_carea' id='block_1_106' title="bbox 1850 3896 3392 3968">
    <p class='ocr_par' dir='ltr' id='par_1_106' title="bbox 1850 3896 3392 3968">
     <span class='ocr_line' id='line_1_108' title="bbox 1850 3896 3392 3968; baseline -0.003 -16"><span class='ocrx_word' id='word_1_806' title='bbox 1850 3901 2134 3968; x_wconf 83' lang='lat' dir='ltr'><strong>signiﬁcat,</strong></span> <span class='ocrx_word' id='word_1_807' title='bbox 2182 3901 2298 3967; x_wconf 89' lang='lat' dir='ltr'><strong>quia</strong></span> <span class='ocrx_word' id='word_1_808' title='bbox 2349 3900 2449 3950; x_wconf 93' lang='lat' dir='ltr'><strong>illic</strong></span> <span class='ocrx_word' id='word_1_809' title='bbox 2496 3896 2725 3949; x_wconf 63' lang='lat' dir='ltr'><strong>confusae</strong></span> <span class='ocrx_word' id='word_1_810' title='bbox 2774 3907 2890 3948; x_wconf 84' lang='lat' dir='ltr'><strong>sunt</strong></span> <span class='ocrx_word' id='word_1_811' title='bbox 2953 3897 3140 3964; x_wconf 82' lang='lat' dir='ltr'><strong>lingua:</strong></span> <span class='ocrx_word' id='word_1_812' title='bbox 3193 3912 3392 3949; x_wconf 85' lang='lat' dir='ltr'><strong>eorum.</strong></span> 
     </span>
    </p>
   </div>
   <div class='ocr_carea' id='block_1_107' title="bbox 1856 3985 3397 4043">
    <p class='ocr_par' dir='ltr' id='par_1_107' title="bbox 1856 3985 3397 4043">
     <span class='ocr_line' id='line_1_109' title="bbox 1856 3985 3397 4043; baseline -0.003 -1"><span class='ocrx_word' id='word_1_813' title='bbox 1856 3991 2009 4043; x_wconf 87' lang='lat' dir='ltr'><strong>Pater</strong></span> <span class='ocrx_word' id='word_1_814' title='bbox 2048 4000 2219 4042; x_wconf 90' lang='lat' dir='ltr'><strong>autem</strong></span> <span class='ocrx_word' id='word_1_815' title='bbox 2250 3989 2457 4041; x_wconf 86' lang='lat' dir='ltr'><strong>Phaleci</strong></span> <span class='ocrx_word' id='word_1_816' title='bbox 2491 3987 2658 4037; x_wconf 89' lang='lat' dir='ltr'><strong>lleber</strong></span> <span class='ocrx_word' id='word_1_817' title='bbox 2687 3985 2876 4036; x_wconf 82' lang='lat' dir='ltr'><strong>dicitur</strong></span> <span class='ocrx_word' id='word_1_818' title='bbox 2921 3999 3021 4035; x_wconf 86' lang='lat' dir='ltr'><strong>non</strong></span> <span class='ocrx_word' id='word_1_819' title='bbox 3070 3987 3397 4039; x_wconf 89' lang='lat' dir='ltr'><strong>consensisse</strong></span> 
     </span>
    </p>
   </div>
   <div class='ocr_carea' id='block_1_108' title="bbox 1853 4072 3398 4140">
    <p class='ocr_par' dir='ltr' id='par_1_108' title="bbox 1853 4072 3398 4140">
     <span class='ocr_line' id='line_1_110' title="bbox 1853 4072 3398 4140; baseline -0.003 -9"><span class='ocrx_word' id='word_1_820' title='bbox 1853 4094 1969 4131; x_wconf 91' lang='lat' dir='ltr'><strong>cum</strong></span> <span class='ocrx_word' id='word_1_821' title='bbox 1995 4079 2197 4130; x_wconf 67' lang='lat' dir='ltr'><strong>caneris</strong></span> <span class='ocrx_word' id='word_1_822' title='bbox 2218 4077 2352 4128; x_wconf 90' lang='lat' dir='ltr'><strong>circa</strong></span> <span class='ocrx_word' id='word_1_823' title='bbox 2384 4074 2780 4126; x_wconf 63' lang='lat' dir='ltr'><strong>aediﬁcationem</strong></span> <span class='ocrx_word' id='word_1_824' title='bbox 2812 4074 3003 4135; x_wconf 83' lang='lat' dir='ltr'><strong>turris;</strong></span> <span class='ocrx_word' id='word_1_825' title='bbox 3039 4072 3258 4140; x_wconf 90' lang='lat' dir='ltr'><strong>ideoque</strong></span> <span class='ocrx_word' id='word_1_826' title='bbox 3300 4073 3398 4140; x_wconf 90' lang='lat' dir='ltr'><strong>ipsi</strong></span> 
     </span>
    </p>
   </div>
   <div class='ocr_carea' id='block_1_109' title="bbox 1855 4164 3400 4236">
    <p class='ocr_par' dir='ltr' id='par_1_109' title="bbox 1855 4164 3400 4236">
     <span class='ocr_line' id='line_1_111' title="bbox 1855 4164 3400 4236; baseline -0.002 -15"><span class='ocrx_word' id='word_1_827' title='bbox 1855 4169 2108 4236; x_wconf 85' lang='lat' dir='ltr'><strong>loquelam</strong></span> <span class='ocrx_word' id='word_1_828' title='bbox 2157 4183 2260 4218; x_wconf 84' lang='lat' dir='ltr'><strong>non</strong></span> <span class='ocrx_word' id='word_1_829' title='bbox 2305 4174 2552 4217; x_wconf 80' lang='lat' dir='ltr'><strong>mutatam</strong></span> <span class='ocrx_word' id='word_1_830' title='bbox 2602 4164 2792 4225; x_wconf 84' lang='lat' dir='ltr'><strong>fuisse,</strong></span> <span class='ocrx_word' id='word_1_831' title='bbox 2822 4164 2911 4216; x_wconf 89' lang='lat' dir='ltr'><strong>sed</strong></span> <span class='ocrx_word' id='word_1_832' title='bbox 2957 4166 3210 4218; x_wconf 81' lang='lat' dir='ltr'><strong>mansisse</strong></span> <span class='ocrx_word' id='word_1_833' title='bbox 3257 4165 3400 4218; x_wconf 88' lang='lat' dir='ltr'><strong>illum</strong></span> 
     </span>
    </p>
   </div>
   <div class='ocr_carea' id='block_1_110' title="bbox 1918 4275 3402 4340">
    <p class='ocr_par' dir='ltr' id='par_1_110' title="bbox 1918 4275 3402 4340">
     <span class='ocr_line' id='line_1_112' title="bbox 1918 4275 3402 4340; baseline -0.004 -10"><span class='ocrx_word' id='word_1_834' title='bbox 1918 4286 1933 4314; x_wconf 85' lang='grc'>¹</span> <span class='ocrx_word' id='word_1_835' title='bbox 1968 4283 2146 4330; x_wconf 86' lang='lat' dir='ltr'><strong>Titulus</strong></span> <span class='ocrx_word' id='word_1_836' title='bbox 2170 4283 2213 4329; x_wconf 92' lang='lat' dir='ltr'><strong>in</strong></span> <span class='ocrx_word' id='word_1_837' title='bbox 2237 4280 2533 4340; x_wconf 84' lang='lat' dir='ltr'><strong>Lugdunensi</strong></span> <span class='ocrx_word' id='word_1_838' title='bbox 2555 4277 2666 4326; x_wconf 85' lang='lat' dir='ltr'><strong>Cod.</strong></span> <span class='ocrx_word' id='word_1_839' title='bbox 2691 4278 2758 4340; x_wconf 82' lang='lat' dir='ltr'><strong>sic</strong></span> <span class='ocrx_word' id='word_1_840' title='bbox 2776 4277 2980 4324; x_wconf 87' lang='lat' dir='ltr'><strong>habetur</strong></span> <span class='ocrx_word' id='word_1_841' title='bbox 3006 4291 3018 4324; x_wconf 85' lang='lat'><strong>:</strong></span> <span class='ocrx_word' id='word_1_842' title='bbox 3058 4275 3214 4340; x_wconf 71' lang='lat' dir='ltr'><strong>met-is</strong></span> <span class='ocrx_word' id='word_1_843' title='bbox 3236 4276 3402 4340; x_wconf 69' lang='lat' dir='ltr'><strong>veteris</strong></span> 
     </span>
    </p>
   </div>
   <div class='ocr_carea' id='block_1_111' title="bbox 1862 4334 3396 4412">
    <p class='ocr_par' dir='ltr' id='par_1_111' title="bbox 1862 4334 3396 4412">
     <span class='ocr_line' id='line_1_113' title="bbox 1862 4334 3396 4412; baseline -0.007 -20"><span class='ocrx_word' id='word_1_844' title='bbox 1862 4341 2132 4412; x_wconf 71' lang='lat' dir='ltr'><strong>Teslamcnti</strong></span> <span class='ocrx_word' id='word_1_845' title='bbox 2155 4334 2386 4403; x_wconf 61' lang='lat' dir='ltr'><strong>syuopsis,</strong></span> <span class='ocrx_word' id='word_1_846' title='bbox 2422 4345 2612 4387; x_wconf 83' lang='lat' dir='ltr'><strong>auctore</strong></span> <span class='ocrx_word' id='word_1_847' title='bbox 2649 4336 2991 4398; x_wconf 80' lang='lat' dir='ltr'><strong>Chrysostomo.</strong></span> <span class='ocrx_word' id='word_1_848' title='bbox 3026 4334 3230 4384; x_wconf 79' lang='lat' dir='ltr'><strong>Genesis.</strong></span> <span class='ocrx_word' id='word_1_849' title='bbox 3265 4336 3396 4383; x_wconf 81' lang='lat' dir='ltr'><strong>Liber</strong></span> 
     </span>
    </p>
   </div>
   <div class='ocr_carea' id='block_1_112' title="bbox 1890 4417 2050 4452">
    <p class='ocr_par' dir='ltr' id='par_1_112' title="bbox 1890 4417 2050 4452">
     <span class='ocr_line' id='line_1_114' title="bbox 1890 4417 2050 4452; baseline -0.006 -2"><span class='ocrx_word' id='word_1_850' title='bbox 1890 4417 2050 4452; x_wconf 81' lang='lat' dir='ltr'><strong>mnus.</strong></span> 
     </span>
    </p>
   </div>
   <div class='ocr_carea' id='block_1_113' title="bbox 1857 4417 3399 4523">
    <p class='ocr_par' dir='ltr' id='par_1_113' title="bbox 1857 4417 3399 4523">
     <span class='ocr_line' id='line_1_115' title="bbox 1857 4417 3399 4523; baseline -0.007 -12"><span class='ocrx_word' id='word_1_851' title='bbox 1857 4417 2128 4523; x_wconf 42' lang='lat' dir='ltr'><strong>pliir’ililstizec</strong></span> <span class='ocrx_word' id='word_1_852' title='bbox 2152 4462 2362 4522; x_wconf 82' lang='lat' dir='ltr'><strong>pluribus</strong></span> <span class='ocrx_word' id='word_1_853' title='bbox 2387 4459 2828 4523; x_wconf 84' lang='lat' dir='ltr'><strong>explic_antur_Tom.</strong></span> <span class='ocrx_word' id='word_1_854' title='bbox 2852 4455 2931 4523; x_wconf 68' lang='lat' dir='ltr'><strong>iV,</strong></span> <span class='ocrx_word' id='word_1_855' title='bbox 2949 4455 3158 4523; x_wconf 49' lang='lat' dir='ltr'><strong>Hom}?</strong></span> <span class='ocrx_word' id='word_1_856' title='bbox 3180 4455 3223 4500; x_wconf 93' lang='lat' dir='ltr'><strong>in</strong></span> <span class='ocrx_word' id='word_1_857' title='bbox 3248 4460 3399 4523; x_wconf 74' lang='lat' dir='ltr'><strong>cene-</strong></span> 
     </span>
    </p>
   </div>
   <div class='ocr_carea' id='block_1_114' title="bbox 1857 4514 3402 4583">
    <p class='ocr_par' dir='ltr' id='par_1_114' title="bbox 1857 4514 3402 4583">
     <span class='ocr_line' id='line_1_116' title="bbox 1857 4514 3402 4583; baseline -0.023 -11"><span class='ocrx_word' id='word_1_858' title='bbox 1857 4514 2062 4578; x_wconf 63' lang='lat' dir='ltr'><strong>sirit,&#39;ul)i</strong></span> <span class='ocrx_word' id='word_1_859' title='bbox 2090 4514 2317 4583; x_wconf 74' lang='lat' dir='ltr'><strong>probatur</strong></span> <span class='ocrx_word' id='word_1_860' title='bbox 2337 4514 2585 4583; x_wconf 67' lang='lat' dir='ltr'><strong>eos,&#39;qtiia</strong></span> <span class='ocrx_word' id='word_1_861' title='bbox 2613 4517 2752 4583; x_wconf 64' lang='lat' dir='ltr'><strong>setho</strong></span> <span class='ocrx_word' id='word_1_862' title='bbox 2774 4517 2860 4583; x_wconf 64' lang='lat' dir='ltr'><strong>orti</strong></span> <span class='ocrx_word' id='word_1_863' title='bbox 2888 4523 3038 4569; x_wconf 88' lang='lat' dir='ltr'><strong>erant,</strong></span> <span class='ocrx_word' id='word_1_864' title='bbox 3077 4514 3297 4583; x_wconf 49' lang='lat' dir='ltr'><strong>ﬁlioslmi</strong></span> <span class='ocrx_word' id='word_1_865' title='bbox 3325 4529 3402 4561; x_wconf 61' lang='grc' dir='ltr'><strong>γυ,</strong></span> 
     </span>
    </p>
   </div>
   <div class='ocr_carea' id='block_1_115' title="bbox 1858 4573 3404 4641">
    <p class='ocr_par' dir='ltr' id='par_1_115' title="bbox 1858 4573 3404 4641">
     <span class='ocr_line' id='line_1_117' title="bbox 1858 4573 3404 4641; baseline -0.01 -10"><span class='ocrx_word' id='word_1_866' title='bbox 1858 4573 1970 4639; x_wconf 69' lang='lat' dir='ltr'><strong>cari,</strong></span> <span class='ocrx_word' id='word_1_867' title='bbox 1998 4592 2046 4630; x_wconf 90' lang='lat' dir='ltr'><strong>et</strong></span> <span class='ocrx_word' id='word_1_868' title='bbox 2072 4573 2146 4630; x_wconf 73' lang='lat' dir='ltr'><strong>hic</strong></span> <span class='ocrx_word' id='word_1_869' title='bbox 2169 4585 2269 4641; x_wconf 77' lang='lat' dir='ltr'><strong>ipse</strong></span> <span class='ocrx_word' id='word_1_870' title='bbox 2306 4573 2438 4628; x_wconf 83' lang='lat' dir='ltr'><strong>locus</strong></span> <span class='ocrx_word' id='word_1_871' title='bbox 2478 4573 2636 4641; x_wconf 64' lang='lat' dir='ltr'><strong>i’salmi</strong></span> <span class='ocrx_word' id='word_1_872' title='bbox 2769 4573 3280 4641; x_wconf 46' lang='lat' dir='ltr'><strong>affet‘tur_‘:_Ego_dixi,</strong></span> <span class='ocrx_word' id='word_1_873' title='bbox 3327 4574 3404 4622; x_wconf 66' lang='grc' dir='ltr'><strong>1)ἑὶ</strong></span> 
     </span>
    </p>
   </div>
   <div class='ocr_carea' id='block_1_116' title="bbox 1858 4633 3404 4695">
    <p class='ocr_par' dir='ltr' id='par_1_116' title="bbox 1858 4633 3404 4695">
     <span class='ocr_line' id='line_1_118' title="bbox 1858 4633 3404 4695; baseline -0.009 -3"><span class='ocrx_word' id='word_1_874' title='bbox 1858 4633 1984 4692; x_wconf 70' lang='lat' dir='ltr'><strong>estis.</strong></span> <span class='ocrx_word' id='word_1_875' title='bbox 2024 4643 2158 4690; x_wconf 78' lang='lat' dir='ltr'><strong>Filias</strong></span> <span class='ocrx_word' id='word_1_876' title='bbox 2188 4633 2358 4689; x_wconf 58' lang='lat' dir='ltr'><strong>&#39;autem</strong></span> <span class='ocrx_word' id='word_1_877' title='bbox 2390 4640 2627 4686; x_wconf 85' lang='lat' dir='ltr'><strong>hominum</strong></span> <span class='ocrx_word' id='word_1_878' title='bbox 2660 4634 2776 4680; x_wconf 84' lang='lat' dir='ltr'><strong>tilias</strong></span> <span class='ocrx_word' id='word_1_879' title='bbox 2810 4645 2917 4680; x_wconf 75' lang='lat' dir='ltr'><strong>esse</strong></span> <span class='ocrx_word' id='word_1_880' title='bbox 2955 4633 3082 4682; x_wconf 82' lang='lat' dir='ltr'><strong>Calui</strong></span> <span class='ocrx_word' id='word_1_881' title='bbox 3118 4635 3230 4682; x_wconf 88' lang='lat' dir='ltr'><strong>dicit</strong></span> <span class='ocrx_word' id='word_1_882' title='bbox 3265 4635 3404 4695; x_wconf 79' lang='lat' dir='ltr'><strong>paulo</strong></span> 
     </span>
    </p>
   </div>
   <div class='ocr_carea' id='block_1_117' title="bbox 1891 4711 2041 4751">
    <p class='ocr_par' dir='ltr' id='par_1_117' title="bbox 1891 4711 2041 4751">
     <span class='ocr_line' id='line_1_119' title="bbox 1891 4711 2041 4751; baseline -0.013 0"><span class='ocrx_word' id='word_1_883' title='bbox 1891 4711 2041 4751; x_wconf 82' lang='lat' dir='ltr'><strong>estea.</strong></span> 
     </span>
    </p>
   </div>
   <div class='ocr_carea' id='block_1_118' title="bbox 1860 4718 3404 4822">
    <p class='ocr_par' dir='ltr' id='par_1_118' title="bbox 1860 4718 3404 4822">
     <span class='ocr_line' id='line_1_120' title="bbox 1860 4718 3404 4822; baseline -0.01 -12"><span class='ocrx_word' id='word_1_884' title='bbox 1860 4718 2366 4822; x_wconf 45' lang='lat' dir='ltr'><strong>poiﬁjatinmmentario</strong></span> <span class='ocrx_word' id='word_1_885' title='bbox 2388 4759 2431 4802; x_wconf 90' lang='lat' dir='ltr'><strong>in</strong></span> <span class='ocrx_word' id='word_1_886' title='bbox 2457 4755 2623 4801; x_wconf 81' lang='lat' dir='ltr'><strong>Isaiam</strong></span> <span class='ocrx_word' id='word_1_887' title='bbox 2734 4763 2836 4822; x_wconf 74' lang='lat' dir='ltr'><strong>cap.</strong></span> <span class='ocrx_word' id='word_1_888' title='bbox 2871 4751 3086 4822; x_wconf 71' lang='lat' dir='ltr'><strong>2_,_yer_su</strong></span> <span class='ocrx_word' id='word_1_889' title='bbox 3106 4753 3283 4822; x_wconf 40' lang='lat' dir='ltr'><strong>hinec</strong></span> <span class='ocrx_word' id='word_1_890' title='bbox 3305 4756 3404 4814; x_wconf 77' lang='lat' dir='ltr'><strong>ipsa</strong></span> 
     </span>
    </p>
   </div>
   <div class='ocr_carea' id='block_1_119' title="bbox 1865 4813 3400 4879">
    <p class='ocr_par' dir='ltr' id='par_1_119' title="bbox 1865 4813 3400 4879">
     <span class='ocr_line' id='line_1_121' title="bbox 1865 4813 3400 4879; baseline -0.014 -12"><span class='ocrx_word' id='word_1_891' title='bbox 1865 4813 1938 4867; x_wconf 71' lang='lat' dir='ltr'><strong>sic</strong></span> <span class='ocrx_word' id='word_1_892' title='bbox 1960 4813 2193 4879; x_wconf 85' lang='lat' dir='ltr'><strong>éxprimit</strong></span> <span class='ocrx_word' id='word_1_893' title='bbox 2219 4820 2578 4879; x_wconf 58' lang='lat' dir='ltr'><strong>(Ilirysostomus</strong></span> <span class='ocrx_word' id='word_1_894' title='bbox 2603 4826 2612 4856; x_wconf 90' lang='lat'>:</span> <span class='ocrx_word' id='word_1_895' title='bbox 2641 4813 2709 4879; x_wconf 74' lang='lat' dir='ltr'><strong>(_)t‘i</strong></span> <span class='ocrx_word' id='word_1_896' title='bbox 2732 4815 2824 4879; x_wconf 55' lang='grc' dir='ltr'><strong>μὴν</strong></span> <span class='ocrx_word' id='word_1_897' title='bbox 2850 4813 2964 4878; x_wconf 66' lang='grc' dir='ltr'><strong>ρύδὲ</strong></span> <span class='ocrx_word' id='word_1_898' title='bbox 2989 4814 3071 4879; x_wconf 71' lang='grc' dir='ltr'>τῇν</span> <span class='ocrx_word' id='word_1_899' title='bbox 3098 4813 3211 4874; x_wconf 75' lang='grc' dir='ltr'><strong>ἀρὰν</strong></span> <span class='ocrx_word' id='word_1_900' title='bbox 3238 4813 3400 4859; x_wconf 54' lang='grc' dir='ltr'><strong>δια-κε-</strong></span> 
     </span>
    </p>
   </div>
   <div class='ocr_carea' id='block_1_120' title="bbox 1863 4871 3398 4938">
    <p class='ocr_par' dir='ltr' id='par_1_120' title="bbox 1863 4871 3398 4938">
     <span class='ocr_line' id='line_1_122' title="bbox 1863 4871 3398 4938; baseline -0.002 -17"><span class='ocrx_word' id='word_1_901' title='bbox 1863 4871 2063 4938; x_wconf 57' lang='grc' dir='ltr'><strong>σοῦσαῦ,</strong></span> <span class='ocrx_word' id='word_1_902' title='bbox 2087 4881 2184 4926; x_wconf 74' lang='grc' dir='ltr'><strong>ἀλλ’</strong></span> <span class='ocrx_word' id='word_1_903' title='bbox 2209 4879 2280 4922; x_wconf 82' lang='grc' dir='ltr'>ἐπὶ</span> <span class='ocrx_word' id='word_1_904' title='bbox 2302 4877 2393 4938; x_wconf 69' lang='grc' dir='ltr'><strong>τῶν</strong></span> <span class='ocrx_word' id='word_1_905' title='bbox 2421 4875 2710 4938; x_wconf 58' lang='grc' dir='ltr'><strong>Γαβαφνιῖῶν</strong></span> <span class='ocrx_word' id='word_1_906' title='bbox 2732 4871 2968 4918; x_wconf 71' lang='grc' dir='ltr'>ὶαϐοὖσαν</span> <span class='ocrx_word' id='word_1_907' title='bbox 2987 4874 3040 4917; x_wconf 86' lang='grc' dir='ltr'>τὸ</span> <span class='ocrx_word' id='word_1_908' title='bbox 3068 4871 3197 4925; x_wconf 62' lang='grc' dir='ltr'><strong>τέἱος</strong></span> <span class='ocrx_word' id='word_1_909' title='bbox 3227 4875 3320 4918; x_wconf 82' lang='grc' dir='ltr'><strong>τῶν</strong></span> <span class='ocrx_word' id='word_1_910' title='bbox 3345 4874 3398 4918; x_wconf 75' lang='grc' dir='ltr'><strong>ἐκ</strong></span> 
     </span>
    </p>
   </div>
   <div class='ocr_carea' id='block_1_121' title="bbox 1863 4933 3400 4999">
    <p class='ocr_par' dir='ltr' id='par_1_121' title="bbox 1863 4933 3400 4999">
     <span class='ocr_line' id='line_1_123' title="bbox 1863 4933 3400 4999; baseline -0.005 -13"><span class='ocrx_word' id='word_1_911' title='bbox 1863 4941 1949 4986; x_wconf 67' lang='grc' dir='ltr'><strong>τοῦ</strong></span> <span class='ocrx_word' id='word_1_912' title='bbox 1976 4933 2160 4999; x_wconf 67' lang='grc' dir='ltr'><strong>Χάῖισαν</strong></span> <span class='ocrx_word' id='word_1_913' title='bbox 2182 4937 2457 4999; x_wconf 33' lang='grc' dir='ltr'><strong>γεγονὸτῳν..</strong></span> <span class='ocrx_word' id='word_1_914' title='bbox 2485 4934 2570 4999; x_wconf 60' lang='grc' dir='ltr'><strong>Κριὶ</strong></span> <span class='ocrx_word' id='word_1_915' title='bbox 2596 4933 2694 4999; x_wconf 61' lang='grc' dir='ltr'><strong>γὰρ⁸</strong></span> <span class='ocrx_word' id='word_1_916' title='bbox 2711 4933 2756 4977; x_wconf 81' lang='grc' dir='ltr'>ἐν</span> <span class='ocrx_word' id='word_1_917' title='bbox 2783 4933 2904 4984; x_wconf 78' lang='grc' dir='ltr'><strong>τάξει</strong></span> <span class='ocrx_word' id='word_1_918' title='bbox 2932 4933 3043 4991; x_wconf 79' lang='grc' dir='ltr'><strong>ἀρᾶς</strong></span> <span class='ocrx_word' id='word_1_919' title='bbox 3067 4934 3318 4992; x_wconf 61' lang='grc' dir='ltr'><strong>προφητεία</strong></span> <span class='ocrx_word' id='word_1_920' title='bbox 3345 4934 3400 4978; x_wconf 81' lang='grc' dir='ltr'><strong>τὸ</strong></span> 
     </span>
    </p>
   </div>
   <div class='ocr_carea' id='block_1_122' title="bbox 1864 4991 3398 5058">
    <p class='ocr_par' dir='ltr' id='par_1_122' title="bbox 1864 4991 3398 5058">
     <span class='ocr_line' id='line_1_124' title="bbox 1864 4991 3398 5058; baseline -0.003 -15"><span class='ocrx_word' id='word_1_921' title='bbox 1864 5001 2107 5058; x_wconf 75' lang='grc' dir='ltr'>λεγόμενον</span> <span class='ocrx_word' id='word_1_922' title='bbox 2129 4991 2199 5049; x_wconf 56' lang='lat' dir='ltr'><strong>iv.</strong></span> <span class='ocrx_word' id='word_1_923' title='bbox 2229 4991 2343 5050; x_wconf 62' lang='lat' dir='ltr'><strong>Quae</strong></span> <span class='ocrx_word' id='word_1_924' title='bbox 2372 4991 2608 5058; x_wconf 65' lang='lat' dir='ltr'><strong>ipsissima</strong></span> <span class='ocrx_word' id='word_1_925' title='bbox 2651 4992 2726 5037; x_wconf 85' lang='lat' dir='ltr'><strong>hie.</strong></span> <span class='ocrx_word' id='word_1_926' title='bbox 2752 5004 2944 5058; x_wconf 76' lang='lat' dir='ltr'><strong>quoque</strong></span> <span class='ocrx_word' id='word_1_927' title='bbox 2972 4991 3207 5058; x_wconf 74' lang='lat' dir='ltr'><strong>habentur</strong></span> <span class='ocrx_word' id='word_1_928' title='bbox 3235 5007 3244 5036; x_wconf 88' lang='lat'>:</span> <span class='ocrx_word' id='word_1_929' title='bbox 3271 4992 3398 5038; x_wconf 88' lang='lat' dir='ltr'><strong>unde</strong></span> 
     </span>
    </p>
   </div>
   <div class='ocr_carea' id='block_1_123' title="bbox 1863 5051 3407 5119">
    <p class='ocr_par' dir='ltr' id='par_1_123' title="bbox 1863 5051 3407 5119">
     <span class='ocr_line' id='line_1_125' title="bbox 1863 5051 3407 5119; baseline -0.003 -19"><span class='ocrx_word' id='word_1_930' title='bbox 1863 5051 2046 5119; x_wconf 56' lang='lat' dir='ltr'><strong>preli&#39;ari</strong></span> <span class='ocrx_word' id='word_1_931' title='bbox 2069 5058 2382 5119; x_wconf 62' lang='lat' dir='ltr'><strong>t‘ideaturhoc</strong></span> <span class='ocrx_word' id='word_1_932' title='bbox 2405 5052 2848 5119; x_wconf 35' lang='lat' dir='ltr'><strong>ppus‘tll‘irysestomi</strong></span> <span class='ocrx_word' id='word_1_933' title='bbox 2869 5055 3104 5119; x_wconf 30' lang='lat' dir='ltr'><strong>essenttoc</strong></span> <span class='ocrx_word' id='word_1_934' title='bbox 3128 5051 3275 5108; x_wconf 85' lang='lat' dir='ltr'><strong>ipsum</strong></span> <span class='ocrx_word' id='word_1_935' title='bbox 3295 5063 3407 5096; x_wconf 68' lang='lat' dir='ltr'><strong>vero</strong></span> 
     </span>
    </p>
   </div>
   <div class='ocr_carea' id='block_1_124' title="bbox 1862 5106 3406 5170">
    <p class='ocr_par' dir='ltr' id='par_1_124' title="bbox 1862 5106 3406 5170">
     <span class='ocr_line' id='line_1_126' title="bbox 1862 5106 3406 5170; baseline -0.008 -6"><span class='ocrx_word' id='word_1_936' title='bbox 1862 5106 1925 5164; x_wconf 67' lang='lat' dir='ltr'><strong>de</strong></span> <span class='ocrx_word' id='word_1_937' title='bbox 1959 5116 2221 5163; x_wconf 85' lang='lat' dir='ltr'><strong>Gabaonitis</strong></span> <span class='ocrx_word' id='word_1_938' title='bbox 2256 5115 2322 5158; x_wconf 89' lang='lat' dir='ltr'><strong>ait</strong></span> <span class='ocrx_word' id='word_1_939' title='bbox 2355 5106 2496 5158; x_wconf 79' lang='lat' dir='ltr'><strong>etiam</strong></span> <span class='ocrx_word' id='word_1_940' title='bbox 2531 5106 2647 5157; x_wconf 75' lang='lat' dir='ltr'><strong>intra</strong></span> <span class='ocrx_word' id='word_1_941' title='bbox 2685 5110 2729 5154; x_wconf 86' lang='lat' dir='ltr'><strong>in</strong></span> <span class='ocrx_word' id='word_1_942' title='bbox 2763 5109 2954 5170; x_wconf 63' lang='lat' dir='ltr'><strong>Synopsi</strong></span> <span class='ocrx_word' id='word_1_943' title='bbox 2989 5106 3097 5154; x_wconf 84' lang='lat' dir='ltr'><strong>libri</strong></span> <span class='ocrx_word' id='word_1_944' title='bbox 3126 5106 3264 5168; x_wconf 65' lang='lat' dir='ltr'><strong>Iesu,</strong></span> <span class='ocrx_word' id='word_1_945' title='bbox 3305 5111 3406 5157; x_wconf 71' lang='lat' dir='ltr'><strong>sive</strong></span> 
     </span>
    </p>
   </div>
   <div class='ocr_carea' id='block_1_125' title="bbox 1863 5185 2020 5225">
    <p class='ocr_par' dir='ltr' id='par_1_125' title="bbox 1863 5185 2020 5225">
     <span class='ocr_line' id='line_1_127' title="bbox 1863 5185 2020 5225; baseline 0 -2"><span class='ocrx_word' id='word_1_946' title='bbox 1863 5185 2020 5225; x_wconf 83' lang='lat' dir='ltr'><strong>JOSUC.</strong></span> 
     </span>
    </p>
   </div>
   <div class='ocr_carea' id='block_1_126' title="bbox 1875 5271 3413 5333">
    <p class='ocr_par' dir='ltr' id='par_1_126' title="bbox 1875 5271 3413 5333">
     <span class='ocr_line' id='line_1_128' title="bbox 1875 5271 3413 5333; baseline -0.002 -12"><span class='ocrx_word' id='word_1_947' title='bbox 1875 5278 1958 5332; x_wconf 80' lang='grc' dir='ltr'>τὴν</span> <span class='ocrx_word' id='word_1_948' title='bbox 1989 5274 2203 5322; x_wconf 76' lang='grc' dir='ltr'>Ἰωάννου</span> <span class='ocrx_word' id='word_1_949' title='bbox 2227 5275 2364 5321; x_wconf 70' lang='grc' dir='ltr'>πάλιν</span> <span class='ocrx_word' id='word_1_950' title='bbox 2392 5274 2508 5326; x_wconf 79' lang='grc' dir='ltr'>τινὲς</span> <span class='ocrx_word' id='word_1_951' title='bbox 2539 5273 2617 5333; x_wconf 79' lang='grc' dir='ltr'><strong>μὲν</strong></span> <span class='ocrx_word' id='word_1_952' title='bbox 2650 5271 2951 5332; x_wconf 70' lang='grc' dir='ltr'><strong>ἐγκρίνωσιν,</strong></span> <span class='ocrx_word' id='word_1_953' title='bbox 2987 5276 3029 5319; x_wconf 74' lang='grc' dir='ltr'><strong>οἱ</strong></span> <span class='ocrx_word' id='word_1_954' title='bbox 3069 5272 3252 5326; x_wconf 75' lang='grc' dir='ltr'><strong>πλείους</strong></span> <span class='ocrx_word' id='word_1_955' title='bbox 3283 5273 3334 5318; x_wconf 80' lang='grc' dir='ltr'><strong>δέ</strong></span> <span class='ocrx_word' id='word_1_956' title='bbox 3362 5288 3413 5330; x_wconf 74' lang='grc' dir='ltr'>γε</span> 
     </span>
    </p>
   </div>
   <div class='ocr_carea' id='block_1_127' title="bbox 1876 5334 3408 5394">
    <p class='ocr_par' dir='ltr' id='par_1_127' title="bbox 1876 5334 3408 5394">
     <span class='ocr_line' id='line_1_129' title="bbox 1876 5334 3408 5394; baseline -0.004 -12"><span class='ocrx_word' id='word_1_957' title='bbox 1876 5338 2004 5384; x_wconf 81' lang='grc' dir='ltr'>νόθον</span> <span class='ocrx_word' id='word_1_958' title='bbox 2030 5337 2230 5394; x_wconf 77' lang='grc' dir='ltr'><strong>λέγουσι.</strong></span> <span class='ocrx_word' id='word_1_959' title='bbox 2254 5335 2431 5381; x_wconf 81' lang='lat' dir='ltr'><strong>Verum</strong></span> <span class='ocrx_word' id='word_1_960' title='bbox 2465 5335 2540 5380; x_wconf 90' lang='lat' dir='ltr'><strong>hic</strong></span> <span class='ocrx_word' id='word_1_961' title='bbox 2572 5335 2777 5390; x_wconf 77' lang='lat' dir='ltr'><strong>scriptor</strong></span> <span class='ocrx_word' id='word_1_962' title='bbox 2804 5345 2906 5394; x_wconf 10' lang='lat' dir='ltr'><strong>non?</strong></span> <span class='ocrx_word' id='word_1_963' title='bbox 2928 5341 3160 5394; x_wconf 80' lang='lat' dir='ltr'><strong>accurate</strong></span> <span class='ocrx_word' id='word_1_964' title='bbox 3183 5334 3408 5392; x_wconf 88' lang='lat' dir='ltr'><strong>loquitur.</strong></span> 
     </span>
    </p>
   </div>
   <div class='ocr_carea' id='block_1_128' title="bbox 1879 5391 3417 5452">
    <p class='ocr_par' dir='ltr' id='par_1_128' title="bbox 1879 5391 3417 5452">
     <span class='ocr_line' id='line_1_130' title="bbox 1879 5391 3417 5452; baseline -0.007 -8"><span class='ocrx_word' id='word_1_965' title='bbox 1879 5397 1994 5444; x_wconf 87' lang='lat' dir='ltr'><strong>Nam</strong></span> <span class='ocrx_word' id='word_1_966' title='bbox 2023 5391 2218 5441; x_wconf 80' lang='lat' dir='ltr'><strong>Patrum</strong></span> <span class='ocrx_word' id='word_1_967' title='bbox 2245 5395 2514 5442; x_wconf 70' lang='lat' dir='ltr'><strong>Graecorum</strong></span> <span class='ocrx_word' id='word_1_968' title='bbox 2544 5395 2807 5452; x_wconf 78' lang='lat' dir='ltr'><strong>principes,</strong></span> <span class='ocrx_word' id='word_1_969' title='bbox 2833 5393 3121 5439; x_wconf 72' lang='lat' dir='ltr'><strong>Athanasius</strong></span> <span class='ocrx_word' id='word_1_970' title='bbox 3149 5391 3197 5438; x_wconf 90' lang='lat' dir='ltr'><strong>in</strong></span> <span class='ocrx_word' id='word_1_971' title='bbox 3228 5396 3417 5437; x_wconf 74' lang='lat' dir='ltr'><strong>tlanone</strong></span> 
     </span>
    </p>
   </div>
   <div class='ocr_carea' id='block_1_129' title="bbox 1880 5451 3420 5514">
    <p class='ocr_par' dir='ltr' id='par_1_129' title="bbox 1880 5451 3420 5514">
     <span class='ocr_line' id='line_1_131' title="bbox 1880 5451 3420 5514; baseline -0.006 -11"><span class='ocrx_word' id='word_1_972' title='bbox 1880 5468 1968 5503; x_wconf 90' lang='lat' dir='ltr'><strong>suo</strong></span> <span class='ocrx_word' id='word_1_973' title='bbox 1993 5469 2038 5514; x_wconf 91' lang='lat' dir='ltr'><strong>p.</strong></span> <span class='ocrx_word' id='word_1_974' title='bbox 2068 5455 2175 5509; x_wconf 76' lang='lat'><strong>962,</strong></span> <span class='ocrx_word' id='word_1_975' title='bbox 2204 5455 2422 5509; x_wconf 79' lang='lat' dir='ltr'><strong>Basilius,</strong></span> <span class='ocrx_word' id='word_1_976' title='bbox 2459 5451 2730 5514; x_wconf 68' lang='lat' dir='ltr'><strong>Gregorius</strong></span> <span class='ocrx_word' id='word_1_977' title='bbox 2752 5452 2880 5505; x_wconf 68' lang='lat' dir='ltr'><strong>ML,</strong></span> <span class='ocrx_word' id='word_1_978' title='bbox 2908 5454 3201 5511; x_wconf 76' lang='lat' dir='ltr'><strong>insuperqnc</strong></span> <span class='ocrx_word' id='word_1_979' title='bbox 3236 5451 3420 5514; x_wconf 39' lang='lat' dir='ltr'><strong>Hippo-.-</strong></span> 
     </span>
    </p>
   </div>
   <div class='ocr_carea' id='block_1_130' title="bbox 1879 5507 3419 5574">
    <p class='ocr_par' dir='ltr' id='par_1_130' title="bbox 1879 5507 3419 5574">
     <span class='ocr_line' id='line_1_132' title="bbox 1879 5507 3419 5574; baseline -0.004 -12"><span class='ocrx_word' id='word_1_980' title='bbox 1879 5507 2011 5570; x_wconf 71' lang='lat' dir='ltr'><strong>lytus</strong></span> <span class='ocrx_word' id='word_1_981' title='bbox 2035 5507 2181 5574; x_wconf 85' lang='lat' dir='ltr'><strong>atque</strong></span> <span class='ocrx_word' id='word_1_982' title='bbox 2211 5507 2481 5560; x_wconf 86' lang='lat' dir='ltr'><strong>Methodins</strong></span> <span class='ocrx_word' id='word_1_983' title='bbox 2514 5507 2680 5560; x_wconf 73' lang='lat' dir='ltr'><strong>auctor</strong></span> <span class='ocrx_word' id='word_1_984' title='bbox 2712 5513 2986 5574; x_wconf 68' lang='lat' dir='ltr'><strong>Synopseos</strong></span> <span class='ocrx_word' id='word_1_985' title='bbox 3018 5507 3145 5558; x_wconf 81' lang='lat' dir='ltr'><strong>inter</strong></span> <span class='ocrx_word' id='word_1_986' title='bbox 3173 5507 3419 5574; x_wconf 62' lang='lat' dir='ltr'><strong>Athanasii</strong></span> 
     </span>
    </p>
   </div>
   <div class='ocr_carea' id='block_1_131' title="bbox 1882 5568 3420 5635">
    <p class='ocr_par' dir='ltr' id='par_1_131' title="bbox 1882 5568 3420 5635">
     <span class='ocr_line' id='line_1_133' title="bbox 1882 5568 3420 5635; baseline -0.007 -11"><span class='ocrx_word' id='word_1_987' title='bbox 1882 5568 2067 5635; x_wconf 80' lang='lat' dir='ltr'><strong>Opera,</strong></span> <span class='ocrx_word' id='word_1_988' title='bbox 2100 5568 2156 5621; x_wconf 72' lang='lat' dir='ltr'><strong>ad</strong></span> <span class='ocrx_word' id='word_1_989' title='bbox 2198 5574 2298 5635; x_wconf 67' lang='lat' dir='ltr'><strong>hare</strong></span> <span class='ocrx_word' id='word_1_990' title='bbox 2321 5582 2483 5620; x_wconf 80' lang='lat' dir='ltr'><strong>autem</strong></span> <span class='ocrx_word' id='word_1_991' title='bbox 2519 5580 2615 5635; x_wconf 79' lang='lat' dir='ltr'><strong>to&#39;a</strong></span> <span class='ocrx_word' id='word_1_992' title='bbox 2648 5573 2808 5618; x_wconf 83' lang='lat' dir='ltr'><strong>Latina</strong></span> <span class='ocrx_word' id='word_1_993' title='bbox 2838 5568 3052 5635; x_wconf 75' lang='lat' dir='ltr'><strong>Ecclesia</strong></span> <span class='ocrx_word' id='word_1_994' title='bbox 3078 5568 3420 5635; x_wconf 64' lang='lat' dir='ltr'><strong>Apocalypsin]</strong></span> 
     </span>
    </p>
   </div>
   <div class='ocr_carea' id='block_1_132' title="bbox 1884 5631 3420 5703">
    <p class='ocr_par' dir='ltr' id='par_1_132' title="bbox 1884 5631 3420 5703">
     <span class='ocr_line' id='line_1_134' title="bbox 1884 5631 3420 5703; baseline -0.006 -21"><span class='ocrx_word' id='word_1_995' title='bbox 1884 5631 2010 5703; x_wconf 70' lang='lat' dir='ltr'><strong>inter</strong></span> <span class='ocrx_word' id='word_1_996' title='bbox 2029 5632 2486 5703; x_wconf 46' lang='lat' dir='ltr'><strong>authentieanopera</strong></span> <span class='ocrx_word' id='word_1_997' title='bbox 2518 5633 2830 5703; x_wconf 64' lang='lat' dir='ltr'><strong>adtiiiserunt.</strong></span> <span class='ocrx_word' id='word_1_998' title='bbox 2857 5631 3175 5703; x_wconf 42' lang='lat' dir='ltr'><strong>IQumpobrem</strong></span> <span class='ocrx_word' id='word_1_999' title='bbox 3202 5631 3309 5688; x_wconf 91' lang='lat' dir='ltr'><strong>jure</strong></span> <span class='ocrx_word' id='word_1_1000' title='bbox 3339 5631 3420 5674; x_wconf 90' lang='lat' dir='ltr'><strong>illa</strong></span> 
     </span>
    </p>
   </div>
   <div class='ocr_carea' id='block_1_133' title="bbox 1882 5687 3420 5759">
    <p class='ocr_par' dir='ltr' id='par_1_133' title="bbox 1882 5687 3420 5759">
     <span class='ocr_line' id='line_1_135' title="bbox 1882 5687 3420 5759; baseline -0.005 -17"><span class='ocrx_word' id='word_1_1001' title='bbox 1882 5694 2014 5742; x_wconf 90' lang='lat' dir='ltr'><strong>inter</strong></span> <span class='ocrx_word' id='word_1_1002' title='bbox 2035 5687 2594 5759; x_wconf 57' lang='lat' dir='ltr'><strong>cationicas_$eriji_tur3is_</strong></span> <span class='ocrx_word' id='word_1_1003' title='bbox 2616 5695 2768 5759; x_wconf 81' lang='lat' dir='ltr'><strong>locum</strong></span> <span class='ocrx_word' id='word_1_1004' title='bbox 2797 5691 3103 5759; x_wconf 50' lang='lat' dir='ltr'><strong>liabet_.nVide</strong></span> <span class='ocrx_word' id='word_1_1005' title='bbox 3126 5687 3420 5739; x_wconf 71' lang='lat' dir='ltr'><strong>OECumenii</strong></span> 
     </span>
    </p>
   </div>
   <div class='ocr_carea' id='block_1_134' title="bbox 1883 5751 2998 5815">
    <p class='ocr_par' dir='ltr' id='par_1_134' title="bbox 1883 5751 2998 5815">
     <span class='ocr_line' id='line_1_136' title="bbox 1883 5751 2998 5815; baseline -0.004 -13"><span class='ocrx_word' id='word_1_1006' title='bbox 1883 5763 2165 5815; x_wconf 67' lang='lat' dir='ltr'><strong>opusculum</strong></span> <span class='ocrx_word' id='word_1_1007' title='bbox 2189 5753 2236 5802; x_wconf 92' lang='lat' dir='ltr'><strong>in</strong></span> <span class='ocrx_word' id='word_1_1008' title='bbox 2265 5751 2492 5802; x_wconf 28' lang='lat' dir='ltr'><strong>Biblio’tb.</strong></span> <span class='ocrx_word' id='word_1_1009' title='bbox 2516 5751 2800 5802; x_wconf 73' lang='lat' dir='ltr'><strong>Coisliuiana</strong></span> <span class='ocrx_word' id='word_1_1010' title='bbox 2824 5765 2867 5810; x_wconf 87' lang='lat' dir='ltr'><strong>p.</strong></span> <span class='ocrx_word' id='word_1_1011' title='bbox 2895 5751 2998 5798; x_wconf 70' lang='lat'><strong>278.</strong></span> 
     </span>
    </p>
   </div>
  </div>
