4096 6472
687 396 799 450 319

670 503 787 543 cum
815 487 1014 555 integra
1036 499 1129 539 sua
1151 483 1394 548 dialecto,
1413 499 1530 553 qua:
1560 484 1626 538 ab
1643 483 1732 540 illo
1753 483 2229 537 denominationem

673 579 857 632 sortita
890 578 976 629 sit.
1023 575 1150 629 Nam
1181 591 1298 630 cum
1325 575 1413 629 ille
1437 574 1610 629 lleber
1641 582 1950 638 vocaretur,
1983 574 2095 626 hzec
2126 572 2231 626 lle—

669 667 850 720 braica
881 665 1134 733 appellata
1161 674 1240 717 est
1267 664 1340 732 (a)
1375 676 1389 714 :
1416 663 1554 731 quod
1595 663 1796 731 signum
1832 671 1912 715 est
1947 661 2229 714 maximum

671 755 984 808 Hehraieam
1027 768 1146 807 esse
1184 754 1415 805 omnium
1466 753 1754 821 linguarum
1796 751 2226 819 antiquissimam.

676 845 963 910 Antequam
996 843 1134 896 enim
1175 841 1622 895 confunderentur
1652 841 1841 909 lingua:
1866 882 1878 902 ,
1909 841 2006 894 hac
2051 853 2234 893 omnes

674 934 969 986 utebantur.
993 932 1081 984 Est
1119 941 1296 984 autem
1324 931 1408 984 hic
1434 930 1604 983 Heber
1647 931 1782 982 inter
1805 930 2031 997 majores
2063 929 2231 982 Abra-

673 1021 775 1074 hze.
797 1019 1026 1072 Assumit
1047 1019 1218 1072 Thara
1247 1029 1391 1086 pater
1417 1018 1662 1084 Abrahae,
1685 1018 1817 1070 ﬁlios
1834 1031 1956 1070 suos
1973 1016 2234 1069 Abraham

673 1119 728 1162 et
753 1109 958 1162 Naehor
984 1105 1130 1178 (i‘),et
1155 1117 1395 1175 nepotem
1426 1122 1578 1160 suum
1601 1107 1716 1172 Lot,
1744 1117 1795 1160 et
1818 1107 1958 1159 venit
1982 1107 2033 1158 in
2068 1104 2235 1158 Char-

679 1215 772 1254 ran
795 1240 808 1263 ,
844 1199 894 1251 in
937 1198 1110 1250 animo
1137 1198 1334 1250 habens
1365 1197 1484 1251 inde
1509 1197 1765 1265 proficisci
1797 1198 1847 1249 in
1881 1205 2070 1249 terram
2097 1194 2236 1248 Cha-

678 1302 1000 1341 nanzeorum.
1052 1285 1248 1354 Illoque
1288 1295 1493 1338 mortuo
1542 1287 1590 1338 in
1643 1286 1909 1348 Uliarran,
1955 1284 2166 1352 jubetur
2207 1298 2236 1335 a

685 1377 791 1428 Deo
823 1374 1084 1427 Abraham
1116 1375 1487 1442 trausmigrare
1533 1391 1594 1427 ex
1633 1373 1890 1439 Charran,
1920 1384 1972 1427 et
1996 1375 2139 1428 venit
2181 1373 2234 1425 in

681 1465 904 1534 Sychem
932 1465 980 1516 in
1011 1472 1145 1515 terra
1186 1463 1452 1516 Chanaan.
1490 1463 1554 1516 Et
1582 1463 1712 1516 dixit
1751 1464 1800 1516 ei
1847 1463 2002 1524 Dens,
2049 1461 2236 1515 semini

684 1555 800 1620 ejus
829 1568 886 1606 se
910 1553 1150 1605 daturum
1181 1560 1371 1604 terram
1399 1553 1557 1604 illam.
1589 1553 1654 1605 Et
1679 1552 1950 1605 aedificavit
1979 1550 2239 1603 Abraham

686 1643 849 1694 altare
883 1642 1008 1701 Deo,
1038 1651 1089 1692 et
1120 1640 1232 1693 ﬁxit
1257 1641 1646 1694 tabernaculum
1674 1656 1822 1692 suum
1852 1654 2037 1693 versus
2072 1655 2238 1692 mare.

684 1729 813 1783 Cum
852 1729 1017 1782 fames
1062 1738 1235 1782 autem
1280 1738 1439 1794 esset,
1490 1729 1814 1782 descendens
1860 1729 1910 1782 in
1959 1728 2241 1797 Egyptum

685 1819 936 1888 praecepit
963 1833 1027 1870 ux
1042 1819 1109 1871 )ri
1150 1827 1343 1885 sur,ut
1372 1819 1567 1872 diceret
1606 1834 1662 1871 se
1702 1834 1932 1872 sororem
1960 1820 2074 1888 ejus
2105 1834 2239 1874 esse.

687 1909 816 1962 Cum
866 1924 1022 1976 porro
1061 1910 1358 1962 sustulisset
1388 1924 1503 1962 eam
1535 1910 1756 1971 Pharao,
1786 1921 1839 1962 et
1871 1911 1960 1963 Dei
1993 1912 2242 1964 ultioaem

687 2007 934 2066 expertus
973 2008 1130 2059 esset,
1163 1998 1388 2050 reddidit
1431 1999 1572 2050 illam
1613 1999 1855 2050 Abrah:e.
1904 1999 2245 2067 Litigantibus

691 2090 911 2141 invicem
957 2089 1252 2156 pastoribus
1294 2087 1515 2156 Abraha:
1543 2097 1596 2141 et
1624 2089 1735 2141 Loti
1761 2129 1773 2152 ,
1805 2089 1900 2156 ipsi
1930 2089 2248 2143 habitatione

691 2177 914 2244 separati
973 2185 1111 2229 sunt.
1165 2176 1262 2228 Lot
1313 2179 1511 2244 accepit
1563 2176 1947 2229 Sodmnitarmn
2009 2186 2245 2230 terram:

693 2266 956 2320 Abraham
990 2281 1113 2319 vero
1140 2265 1205 2318 ad
1240 2281 1487 2333 quercum
1533 2267 1762 2320 Mambre
1795 2268 2077 2330 habitavit,
2125 2281 2248 2335 pro-

695 2354 1076 2422 missionesque
1098 2369 1304 2407 rursum
1331 2370 1359 2405 a
1393 2356 1496 2407 Deo
1521 2357 1742 2423 accepit,
1771 2357 1881 2423 ejus
1907 2372 2086 2410 semen
2116 2357 2250 2410 mul-

694 2443 913 2496 titudine
941 2442 1328 2511 propagandum
1355 2458 1492 2506 esse,
1531 2453 1584 2496 et
1611 2445 1748 2496 illam
1796 2454 1986 2498 terram
2038 2460 2248 2514 posses-

693 2546 894 2584 surum.
924 2532 1379 2600 Chodollagomor,
1409 2534 1526 2601 quia
1550 2533 1615 2586 ab
1640 2534 1751 2601 ipso
1775 2533 2077 2588 defecerant
2101 2535 2254 2602 quiu-

694 2637 796 2689 que
823 2636 969 2690 rcges
992 2622 1328 2675 Sodomitica:
1350 2632 1523 2687 terrae,
1543 2625 1628 2692 qui
1657 2624 1751 2691 ipsi
1779 2626 1918 2692 prius
1941 2626 2248 2687 servierant,

695 2712 977 2778 assumptis
1025 2726 1199 2764 secum
1251 2712 1415 2766 tribus
1461 2713 1575 2765 aliis
1618 2714 1860 2782 regibus,
1893 2715 2085 2768 bellum
2126 2716 2250 2784 ipsis

697 2797 891 2861 intulit,
924 2814 1119 2865 eosque
1153 2802 1201 2850 in
1233 2800 1403 2866 fugam
1433 2815 1613 2854 versos
1654 2803 1886 2868 captivos
1912 2803 2157 2866 abduxit;
2199 2805 2250 2857 in

697 2885 885 2953 quibus
920 2894 1034 2937 erat
1059 2885 1213 2938 etiam
1244 2886 1360 2938 Lot.
1417 2887 1507 2939 llis
1550 2887 1741 2939 auditis
1783 2889 2078 2951 Abraham,
2131 2905 2248 2942 cum

699 2974 992 3026 vernaculis
1043 2975 1150 3026 suis
1178 2975 1423 3026 trecentis
1449 2974 1762 3037 octodecim,
1785 2976 1898 3028 illos
1924 2977 2248 3044 insequutus,

700 3061 889 3128 eripuit
915 3061 1088 3115 fratris
1136 3061 1297 3114 ﬁlium
1326 3076 1443 3114 cum
1482 3064 1714 3129 equitatu
1741 3072 1793 3116 et
1836 3064 2170 3128 mulieribus;
2200 3073 2253 3117 et

700 3150 1078 3204 Melchisedeco
1129 3166 1187 3203 se
1221 3151 1549 3204 benedicenti
1591 3162 1642 3204 et
1677 3152 1912 3205 afferenti
1972 3168 2154 3220 panem
2203 3163 2255 3206 et

702 3246 913 3308 vinum,
958 3245 1184 3296 decimas
1228 3243 1390 3297 dedit.
1436 3243 1554 3297 Ideo
1592 3245 1662 3296 ait
1726 3243 1914 3296 Paulus
1946 3245 2013 3313 (ρ)
2053 3247 2100 3296 in
2141 3245 2250 3312 epi-

700 3333 829 3386 stola
849 3332 910 3384 ad
941 3331 1306 3386 llebrazoszEt
1327 3331 1440 3384 Levi
1469 3333 1551 3400 qui
1580 3332 1794 3384 decimas
1821 3333 2026 3400 accepit,
2051 3334 2255 3385 decium-

703 3434 781 3476 ιω
818 3433 888 3475 est
913 3421 1089 3492 (Hebr.
1121 3424 1170 3474 7.
1197 3423 1271 3491 9).
1293 3422 1419 3491 Regi
1449 3421 1792 3475 Sodomorum
1813 3426 2007 3491 roganti
2031 3433 2085 3475 ut
2107 3425 2253 3490 equi-

701 3522 862 3565 talum
892 3513 1151 3578 acciperet
1201 3526 1304 3563 non
1353 3513 1534 3563 annuit
1566 3530 1578 3562 ε
1611 3511 1689 3563 Nc
1722 3513 1877 3574 dicas,
1913 3512 2112 3579 inquit,
2147 3511 2254 3579 Ego

701 3599 852 3651 ditari
877 3599 1141 3649 Abraham.
1162 3601 1178 3663 (
1198 3596 1412 3650 Gem”.
1441 3599 1562 3666 23').
1590 3598 1736 3650 Tunc
1765 3599 1873 3652 Deo
1905 3600 2000 3665 ipsi
2025 3600 2252 3662 dicente,

704 3689 892 3742 Merccs
921 3699 1006 3740 tua
1042 3704 1220 3757 magna
1254 3687 1521 3757 crit(Gcn.
1549 3689 1630 3742 15.
1666 3691 1686 3740 1
1719 3691 1756 3756 ),
1801 3689 2022 3741 ﬁliorum
2063 3689 2256 3741 orbita-

703 3788 806 3830 tem
855 3776 1094 3845 deplorat
1136 3793 1148 3826 :
1193 3789 1500 3843 rursumque
1549 3775 1712 3841 audit,
1762 3791 1884 3828 cum
1926 3777 2012 3845 qui
2063 3791 2122 3829 ex
2166 3776 2254 3830 illo

701 3880 1009 3935 egressurus
1058 3874 1189 3926 erat,
1223 3863 1338 3931 ejus
1378 3863 1717 3917 hereditatem
1747 3877 2078 3932 accepturum
2117 3879 2248 3926 esse,

705 3966 758 4009 et
797 3969 975 4008 semen
1011 3954 1125 4020 ejus
1168 3951 1394 4004 futurum
1426 3952 1558 4005 sicut
1597 3952 1771 4004 stellas
1815 3953 1946 4005 caeli.
2001 3952 2094 4005 llic
2116 3951 2255 4020 jacet

704 4043 830 4095 illud
859 4061 870 4094 :
903 4041 1121 4094 Credidit
1162 4040 1414 4092 Abraham
1443 4039 1576 4104 Deo,
1606 4050 1651 4092 et
1696 4051 1974 4109 reputatum
2003 4051 2070 4094 est
2096 4041 2167 4093 illi
2189 4041 2254 4092 ad

704 4133 938 4196 iustitiam
973 4129 1136 4196 (Gen.
1192 4130 1275 4182 l5.
1322 4130 1413 4196 6).
1461 4129 1731 4182 Sectiones
1754 4129 1828 4198 (d)
1859 4130 1993 4193 facit,
2027 4141 2076 4183 et
2103 4130 2254 4184 discit

703 4220 1027 4289 peregrinum
1066 4218 1291 4269 futurum
1324 4231 1437 4269 esse
1469 4231 1644 4269 semen
1667 4233 1834 4280 suum,
1859 4229 1908 4271 et
1933 4228 2108 4286 postea
2136 4218 2255 4271 libe-

702 4308 920 4361 randum
952 4305 1062 4358 fore
1090 4315 1361 4373 postquam
1384 4303 1685 4374 depressum
1717 4303 1864 4357 fuerit
1893 4322 1985 4372 per
2007 4306 2252 4374 quadrin-

700 4408 882 4467 gentos
911 4411 1094 4448 annos.
1125 4395 1249 4448 Sara
1280 4403 1451 4446 autem
1482 4394 1599 4461 quia
1630 4393 1820 4444 sterilis
1847 4401 1975 4452 erat,
2001 4391 2090 4443 dat
2112 4394 2250 4459 Aga-

703 4504 813 4541 rem
860 4485 1185 4544 Abrahamo,
1220 4491 1277 4535 ut
1324 4482 1515 4535 liberos
1555 4481 1840 4548 susciperet
1880 4494 1940 4532 ex
1985 4479 2090 4531 illa.
2123 4477 2249 4531 Cum

701 4586 872 4628 autem
897 4575 1007 4627 hinc
1036 4585 1238 4625 uterum
1259 4577 1506 4638 gestaret,
1537 4578 1713 4622 contra
1755 4566 1929 4619 heram
1959 4581 2103 4618 suam
2134 4583 2252 4621 sese

701 4664 884 4716 extulit
924 4680 934 4713 :
968 4663 1226 4728 traditque
1266 4659 1405 4710 illam
1462 4659 1604 4710 Sarce
1652 4655 1948 4719 Abraham,
1981 4665 2034 4706 ut
2071 4666 2252 4708 eontu-

703 4751 913 4804 meliam
949 4750 1305 4801 ulcisceretur.
1331 4745 1415 4796 llla
1443 4758 1569 4797 vero
1589 4743 1652 4795 ah
1680 4743 1798 4796 hera
1825 4758 1912 4795 sua
1944 4744 2078 4795 male
2104 4758 2253 4796 acce-

712 4849 818 4908 pta,
859 4852 885 4889 a
927 4837 1082 4889 domo
1108 4832 1324 4900 aufugit,
1351 4832 1416 4884 ab
1441 4833 1728 4900 angeloque
1763 4831 1974 4897 jubctur
1999 4831 2062 4883 ad
2089 4831 2252 4883 domi-

763 4968 834 5029 (a)
870 4974 963 5014 Itoc
986 4963 1227 5029 ipsum_d_e
1250 4961 1453 5029 Habere,
1487 4959 1576 5006 etsi
1599 4959 1809 5015 brevius,
1851 4959 1961 5006 dicit
1995 4956 2161 5004 ltomil.
2195 4958 2252 5007 30

702 5031 747 5075 iu
770 5019 963 5087 tenes,
987 5019 1114 5072 'i‘mn.
1143 5023 1228 5087 lV,_
1250 5021 1339 5087 col.
1591 5083 1599 5087 _
1647 5077 1656 5087 ι
1724 5082 1752 5087 _
2101 5077 2128 5087 η
2162 5078 2171 5086 ,

773 5088 843 5146 (b)
879 5086 930 5132 ln
953 5077 1183 5138 'Hehmo,
1211 5077 1265 5128 in
1286 5081 1515 5146 Vulgata,
1557 5083 1604 5123 et
1637 5077 1691 5146 in
1724 5077 1932 5146 Editione
1957 5084 2063 5146 LXXV
2085 5077 2253 5146 dicitur

709 5140 860 5192 'rhare
885 5158 1048 5192 secum
1071 5143 1380 5200 assumpsisse
1415 5140 1578 5200 Abram
1603 5143 1853 5200 et_t_.otum,
1882 5145 2149 5200 nouantem
2175 5145 2254 5200 ba-

701 5207 908 5254 chorem.
923 5205 1009 5251 sed
1027 5204 1127 5249 haec
1141 5195 1282 5249 lectio
1298 5202 1345 5248 in
1369 5196 1629 5258 exemplari
1645 5195 1954 5255 Cbrysostomi
1972 5197 2092 5258 haud
2107 5197 2254 5258 dubie

701 5265 982 5318 habebatur,
1007 5270 1060 5308 ut
1080 5258 1241 5307 videas
1265 5259 1426 5307 Homil.
1445 5256 1569 5306 51in
1599 5263 1789 5310 Cenes,
1807 5264 1932 5318 'I'om.
1949 5256 2027 5318 ιν,
2047 5256 2252 5315 ροΙ.282,

701 5341 759 5376 ιιι
775 5338 880 5388 ἱλασε
1037 5333 1096 5370 τὸν
1114 5320 1268 5388 Asm_,
1288 5332 1346 5388 ad
1366 5333 1425 5367 τὸν
1450 5333 1571 5388 suae
1584 5351 1598 5371 ,
1612 5325 1680 5388 “Et
1711 5315 1886 5388 accepit
1919 5315 2068 5388 Thura
2090 5317 2254 5363 ,ibram

700 5375 746 5436 et
770 5375 1101 5441 Sachar,ete.,
1131 5380 1433 5441 quodipsum
1464 5375 1536 5425 bis
1557 5375 1676 5423 infra
1697 5377 1948 5441 repetitur.
1973 5377 2084 5422 Hinc
2116 5389 2254 5441 porro

701 5434 1387 5507 Chrysostontoasserivide'tur
1409 5438 1508 5507 haec
1518 5437 1747 5507 Syuopsis.
1761 5434 1922 5482 Multas
1936 5443 2092 5507 autem
2113 5438 2255 5503 tuisse

699 5508 745 5556 in
782 5496 1132 5562 exemplaribus
1163 5504 1266 5545 LXX
1292 5497 1546 5562 varietates
1575 5498 1883 5562 Hieronymus
1911 5503 1958 5543 et
1981 5496 2055 5562 alii
2088 5498 2255 5562 passim

699 5555 942 5613 allii-mane.
964 5561 1118 5610 Codex
1141 5569 1327 5619 quoque
1343 5555 1666 5619 Lugdunensis
1670 5557 1921 5619 tfacboreni
1933 5558 2074 5619 etiam
2093 5557 2253 5603 habet.

755 5626 828 5685 (ε)
863 5613 1169 5685 Videtlomil:
1282 5619 1326 5685 in
1349 5613 1626 5685 Geunft‘onnt.
1652 5613 1734 5685 lV,‘
1750 5615 1974 5685 9)]..n528.

758 5671 835 5744 iii)
871 5683 1113 5729 Sectiones
1133 5676 1414 5726 animalium.
1437 5671 1558 5721 Vide
1577 5679 1689 5720 Gen.
1723 5674 1791 5730 ιδ,
1821 5675 1874 5720 to

1378 373 1432 428 S.
1472 372 1744 429 JOANNIS
1767 368 2232 428 CllRYSOSTOMl
2271 368 2581 427 ARCHIEP.
2612 370 3138 431 CONSTAN'I'INOP.

3808 395 3923 448 320

2343 496 2463 534 nam
2504 496 2652 536 suam
2692 482 2902 548 redire;
2958 485 3463 558 promissionemque
3498 491 3691 560 accipit
3727 508 3915 548 semen

2342 571 2505 639 ipsius
2560 573 3009 642 multiplicandum
3063 590 3182 629 esse
3232 593 3248 630 :
3297 592 3564 649 pueroque
3618 591 3906 650 antequam

2340 671 2652 716 nasceretur
2703 677 2892 716 nomen
2941 664 3160 732 imponit
3207 668 3466 734 angelus,
3497 670 3682 724 lsmael
3734 673 3913 739 ipsum

2340 749 2629 817 appellans.
2662 750 2872 820 Peperit
2899 759 3038 819 Agar
3065 752 3336 808 lsmaelem
3355 795 3370 820 ,
3399 766 3452 810 ct
3479 757 3747 812 Abraham
3786 775 3913 813 cum

2341 839 2623 906 nonaginta
2674 854 2866 893 novem
2917 855 3174 895 annorum
3212 851 3386 903 esset.
3438 860 3627 900 nomen
3669 850 3907 901 mutavit.

2341 924 2453 978 Non
2486 927 2624 980 enim
2659 929 2793 980 ultra
2834 929 3051 995 Abram,
3093 930 3184 984 sed
3224 931 3488 986 Abraham
3541 945 3758 989 vocatus
3799 947 3908 990 est.

2342 1015 2589 1085 Prmeipit
2617 1018 2685 1070 illi
2729 1019 2865 1073 Deus
2892 1030 2947 1072 ut
2975 1021 3378 1076 circumcldatur
3419 1037 3535 1076 cum
3569 1034 3673 1078 tota
3702 1025 3868 1078 domo
3896 1045 3909 1078 :

2341 1122 2634 1177 nomenque
2672 1109 2812 1163 Sara:
2839 1121 3086 1175 mutatur,
3113 1122 3431 1182 vocaturque
3466 1111 3558 1166 illa
3590 1113 3736 1168 Sara.
3793 1119 3896 1169 Ac-

2342 1208 2468 1275 cipit
2509 1207 2771 1260 Ahraham
2815 1208 3212 1276 promissionem
3257 1210 3395 1262 circa
3438 1207 3688 1263 lsaacum.
3723 1213 3913 1278 Appa-

2343 1305 2421 1350 ret
2458 1297 2755 1349 Ahrahamo
2795 1297 2955 1350 Filius
3003 1299 3092 1352 Dei
3135 1296 3207 1369 (a)
3245 1314 3362 1352 eum
3406 1299 3607 1352 duobus
3657 1301 3868 1368 angelis
3895 1342 3910 1362 ,

2342 1395 2395 1440 et
2435 1387 2505 1438 ait
2549 1387 2619 1439 illi
2654 1405 2667 1441 :
2698 1388 2933 1441 Revertar
2969 1390 3034 1440 ad
3072 1397 3118 1442 te
3153 1400 3370 1458 tempore
3404 1391 3498 1442 isto
3536 1393 3600 1442 ad
3636 1391 3788 1443 horas
3817 1405 3836 1443 :
3865 1402 3913 1443 et

2345 1475 2535 1527 habebit
2561 1477 2722 1542 ﬁlium
2753 1477 2912 1531 Sarra
2939 1494 3064 1530 uxor
3088 1488 3172 1529 tua
3194 1477 3212 1549 (
3236 1477 3452 1532 Gen.l8.
3489 1477 3613 1548 10).
3635 1480 3912 1533 Abraham

2345 1564 2586 1618 obsecrat
2613 1566 2771 1618 Deum
2813 1581 2908 1634 pro
2947 1566 3213 1620 Sodomis.
3257 1566 3368 1620 Duo
3391 1568 3559 1636 angeli
3602 1568 3817 1620 veniunt
3843 1569 3912 1620 ad

2346 1652 2462 1706 L0t.
2506 1652 2763 1707 lnstantes
2805 1653 3090 1707 Sodomita:
3135 1656 3439 1723 perquirunt
3475 1671 3582 1719 eos,
3625 1665 3675 1710 et
3713 1672 3914 1724 percu-

2347 1743 2543 1794 tiuntur
2572 1743 2821 1795 excitate.
2855 1742 3092 1796 Abdueto
3140 1753 3314 1796 autem
3362 1744 3491 1796 Loto
3537 1744 3702 1813 angeli
3746 1760 3912 1813 egre-

2347 1830 2559 1884 diuntur
2605 1831 2802 1884 domo:
2835 1840 2886 1884 et
2915 1832 3025 1899 ipse
3056 1832 3264 1899 quidem
3313 1847 3429 1885 cum
3483 1833 3682 1886 filiabus
3727 1837 3916 1888 salvus

2348 1922 2576 1991 confugit
2598 1923 2646 1974 in
2672 1922 2835 1989 Segor
2859 1941 2872 1975 :
2903 1938 3032 1974 uxor
3058 1933 3228 1975 autem
3258 1925 3370 1990 ejus
3397 1922 3528 1977 facta
3556 1933 3634 1976 est
3659 1925 3908 1977 columna

2349 2011 2488 2074 salis,
2518 2012 2635 2078 quia
2663 2020 2802 2063 retro
2831 2011 3076 2077 respexit.
3106 2010 3172 2065 Ut
3198 2026 3321 2065 vero
3344 2011 3721 2065 Sodomitarum
3757 2017 3914 2082 regio

2351 2099 2558 2152 incensa
2588 2109 2666 2152 est
2686 2140 2698 2162 ,
2728 2109 2780 2153 et
2808 2100 2904 2152 Lot
2930 2101 2979 2152 in
3009 2111 3236 2153 montem
3269 2116 3324 2154 se
3365 2104 3614 2165 contulit,
3644 2117 3916 2170 concepe-

2352 2199 2472 2241 runt
2502 2206 2564 2242 ex
2597 2190 2687 2243 illo
2731 2190 2848 2242 dua:
2876 2191 2992 2242 tilia:
3018 2190 3132 2258 ejus
3159 2231 3172 2254 ,
3205 2199 3255 2243 et
3285 2191 3449 2258 major
3490 2194 3686 2261 peperit
3718 2194 3912 2257 Moab,

2346 2277 2524 2345 junior
2548 2292 2673 2330 vero
2713 2280 2935 2330 Ammon
2989 2295 3001 2329 :
3048 2279 3241 2330 coitum
3286 2294 3410 2333 vero
3453 2295 3570 2332 cum
3611 2289 3752 2348 patre
3802 2297 3906 2348 per

2353 2367 2620 2421 ebrietatis
2645 2367 2877 2421 fraudem
2907 2378 3242 2437 consequuta:
3271 2378 3410 2431 sunt,
3459 2372 3706 2438 putabant
3758 2373 3908 2424 enim

2353 2473 2518 2525 genus
2566 2458 2848 2512 lmmanum
2875 2458 3148 2512 defecisse.
3174 2459 3534 2529 Peregrinatns
3558 2471 3638 2515 est
3666 2463 3714 2514 in
3743 2462 3913 2516 Cera-

2355 2547 2428 2599 ris
2457 2546 2741 2611 Abraham,
2774 2557 2825 2600 et
2855 2547 3154 2601 Ahimelech
3200 2563 3290 2602 rex
3339 2548 3652 2603 Gerarorum
3717 2548 3909 2602 Saram

2353 2637 2587 2704 accepit:
2627 2639 2734 2690 Deo
2755 2647 2926 2690 autem
2960 2639 3128 2691 minas
3167 2639 3216 2692 in
3249 2640 3415 2706 ipsum
3446 2640 3753 2698 intentante,
3783 2656 3913 2692 se-e

2351 2726 2606 2795 purgabat
2635 2727 2720 2779 ille
2746 2726 2942 2790 dicens,
2974 2738 3183 2794 putasse
3215 2728 3480 2781 mulierem
3505 2728 3640 2779 illam
3667 2741 3912 2780 sorex-em

2353 2817 2464 2882 ejus
2491 2831 2607 2869 esse
2635 2834 2649 2868 :
2680 2817 2755 2868 sic
2775 2817 2912 2868 enim
2937 2817 3046 2882 ipsa
3067 2817 3284 2869 dixerat.
3318 2815 3562 2868 Reddidit
3594 2829 3716 2867 vero
3761 2815 3911 2866 illam

2353 2903 2575 2955 Abrahae
2601 2918 2718 2956 cum
2751 2904 2922 2956 donis.
2950 2903 3095 2956 Tunc
3141 2914 3415 2972 postquam
3467 2903 3665 2957 reddita
3714 2905 3910 2966 fuerat,

2352 2992 2551 3058 peperit
2574 2991 2819 3044 lsaaeum.
2851 2991 3003 3058 Ejicit
3027 3001 3195 3043 autem
3219 2991 3372 3044 domo
3391 2992 3630 3044 ancillam
3657 3006 3776 3044 cum
3802 2994 3913 3043 tilio

2354 3080 2466 3141 ejus
2497 3079 2732 3133 lsmacle.
2764 3079 3066 3132 Abimelech
3086 3094 3240 3148 porro
3259 3080 3450 3147 pepigit
3465 3095 3581 3133 cum
3609 3080 3914 3133 Abrahamo

2357 3165 2545 3231 ftedns,
2579 3179 2633 3220 ut
2663 3168 2792 3220 nihil
2812 3168 3016 3235 injuria:
3046 3169 3182 3222 inter
3209 3182 3299 3221 eos
3326 3167 3716 3221 intercederet:
3746 3179 3802 3222 et
3824 3183 3913 3221 ae-

2355 3258 2480 3326 cipit
2509 3258 2594 3312 ille
2622 3268 2822 3326 septem
2849 3273 3007 3327 agnas
3039 3259 3103 3312 ab
3131 3257 3444 3323 Abrahamo,
3475 3258 3525 3311 in
3554 3257 3911 3310 testimonium

2355 3351 2495 3419 putei
2520 3350 2818 3417 juramenti,
2854 3360 2907 3402 ut
2938 3351 3105 3416 palam
3145 3357 3285 3403 esset
3326 3349 3468 3401 illum
3497 3349 3720 3401 Abraha:
3768 3361 3911 3401 esse.

2355 3441 2573 3494 Jubetur
2601 3439 2863 3493 Abraham
2907 3441 3067 3492 ﬁlium
3091 3439 3281 3494 oﬁ‘erre
3329 3440 3382 3492 in
3431 3438 3816 3502 holocaustum,
3861 3449 3914 3494 et

2356 3531 2527 3594 oﬁ‘ert,
2562 3531 2961 3600 immolaturque
3000 3529 3136 3584 aries
3161 3544 3255 3596 pro
3279 3543 3363 3583 eo.
3405 3529 3528 3582 Hasc
3565 3543 3718 3596 porro
3748 3529 3913 3597 ﬁgura

2355 3629 2503 3673 erant
2527 3620 2834 3673 meonomia:
2859 3634 3012 3688 quam
3054 3633 3150 3688 pro
3172 3619 3325 3671 nobis
3377 3617 3776 3686 dispensaturus
3798 3629 3914 3672 er..t

2356 3709 2615 3762 Christus.
2645 3708 2859 3760 Moritur
2889 3707 3018 3762 Sara
3045 3749 3059 3773 ,
3090 3716 3142 3760 et
3167 3716 3342 3775 empto
3387 3706 3501 3760 loco
3537 3705 3800 3759 Abraham
3847 3709 3914 3760 ab

2357 3799 2604 3868 Ephrone
2629 3797 2884 3861 Cltettwo,
2908 3795 3008 3848 illic
3037 3809 3250 3848 uxorem
3286 3795 3494 3862 sepelit,
3512 3793 3771 3862 mittitque
3796 3811 3914 3848 ser-

2357 3903 2498 3950 vum,
2533 3896 2588 3939 ut
2613 3900 2828 3938 uxorem
2849 3883 3001 3938 ducat
3025 3884 3200 3937 lsaaco
3220 3899 3283 3938 ex
3311 3883 3703 3952 MesOpotamia,
3735 3883 3912 3950 prteri-

2358 3976 2504 4044 piens
2530 3990 2593 4028 ne
2615 3974 2772 4027 ﬁlium
2801 3986 2952 4026 suum
2975 3970 3061 4024 illo
3082 3971 3258 4037 ducat,
3288 3972 3331 4025 si
3359 3969 3583 4024 noluerit
3605 3969 3798 4022 mulier
3821 3985 3913 4024 ve-

2357 4065 2488 4118 nire.
2523 4063 2586 4119 Ut
2613 4072 2785 4117 autem
2814 4061 2954 4114 venit
2974 4075 3157 4115 servus
3184 4060 3234 4113 in
3267 4059 3446 4113 urbem
3464 4058 3739 4119 Nacboris,
3767 4067 3822 4111 et
3842 4059 3913 4110 si-

2353 4171 2509 4225 gnum
2527 4155 2689 4222 petiit,
2705 4167 2806 4221 quo
2818 4151 3069 4220 virginem
3087 4151 3352 4218 agniturus
3364 4157 3476 4202 erat
3490 4164 3503 4199 :
3518 4148 3718 4216 signum
3732 4157 3912 4202 autem

2356 4243 2479 4296 illud
2507 4251 2638 4304 erat,
2667 4242 2710 4294 si
2743 4241 3000 4307 przeberet
3019 4239 3103 4291 illa
3137 4238 3235 4290 sibi
3271 4248 3322 4289 et
3349 4235 3562 4289 camelis
3585 4236 3693 4288 suis
3719 4251 3912 4304 aquam

2353 4331 2416 4382 ad
2441 4329 2721 4382 bibendum
2748 4343 2761 4378 :
2787 4327 2894 4380 exit
2914 4326 3150 4379 Rebecca
3173 4323 3277 4377 ﬁlia
3307 4324 3570 4378 Bathuelis
3587 4324 3674 4377 ﬁlii
3700 4324 3911 4379 Nacho-

2354 4420 2426 4470 ris
2460 4435 2470 4467 :
2501 4417 2707 4469 Nachor
2734 4429 2856 4468 vero
2895 4414 3056 4466 frater
3093 4421 3206 4466 erat
3247 4413 3486 4467 Abrahre.
3525 4411 3656 4466 Cum
3678 4413 3912 4468 dedisset

2353 4517 2524 4560 autem
2553 4506 2660 4572 ipsa
2693 4505 2763 4557 illi
2791 4515 2844 4558 et
2863 4505 3075 4557 camelis
3091 4504 3198 4556 suis
3222 4512 3491 4571 potum,et
3518 4503 3735 4557 dixisset
3763 4505 3913 4572 cujus

2355 4605 2492 4648 esset
2519 4595 2642 4658 ﬁlia,
2679 4594 2959 4647 introducit
2999 4594 3166 4646 virum
3196 4602 3248 4646 et
3292 4592 3516 4660 hospitio
3555 4594 3762 4661 accipit.
3813 4593 3910 4647 Ubi

2355 4686 2483 4739 dixit
2525 4686 2612 4738 ille
2637 4685 2783 4752 cujus
2811 4685 2882 4738 rei
2933 4699 3085 4737 causa
3117 4683 3360 4746 venisset,
3392 4693 3444 4737 et
3471 4683 3702 4750 petiisset
3731 4693 3789 4738 ut
3813 4683 3910 4737 sibi

2357 4777 2650 4830 traderetur
2688 4776 2880 4844 puella,
2922 4775 2970 4827 id
3006 4772 3219 4841 virginis
3248 4773 3461 4826 arbitrio
3503 4785 3742 4841 parentes
3784 4773 3910 4827 reli-

2355 4873 2592 4932 quernnt.
2638 4864 2778 4916 Illam
2824 4871 3138 4914 annuentem
3178 4875 3450 4916 assumens
3477 4877 3655 4916 servus
3696 4863 3909 4916 absces-

2355 4955 2421 5005 sit
2480 4971 2491 5004 :
2545 4952 2740 5018 fuitque
2781 4951 2866 5002 illa
2909 4964 3039 5002 uxor
3082 4949 3263 5004 lsaaci.
3297 4951 3424 5004 Sara
3459 4951 3719 5009 defuncta,
3765 4950 3909 5003 ducit

2356 5040 2614 5094 Abraham
2663 5053 2882 5091 uxorem
2912 5040 3238 5102 Chetturam,
3274 5049 3326 5094 et
3370 5041 3519 5101 ﬁlios,
3555 5052 3684 5107 quos
3725 5054 3791 5091 ex
3822 5039 3905 5092 illa

2355 5138 2677 5195 susceperat.
2706 5129 2966 5195 separavit
3004 5129 3070 5181 ab
3098 5130 3294 5193 lsaaeo,
3325 5130 3622 5182 muneribus
3649 5127 3905 5182 allectos:

2357 5236 2509 5288 opum
2537 5234 2660 5271 vero
2706 5233 2916 5271 suarum
2946 5218 3192 5273 heredem
3226 5220 3346 5271 fecit
3393 5219 3646 5278 lsaacum,
3678 5225 3729 5269 et
3764 5233 3908 5271 mor-

2358 5320 2474 5363 tuus
2503 5318 2599 5362 est.
2626 5309 2718 5360 llic
2746 5319 3088 5361 recensentur
3130 5310 3335 5360 nomina
3385 5307 3605 5357 ﬁliorum
3628 5304 3869 5360 lsmaelis
3891 5348 3904 5370 ,

2356 5401 2440 5468 qui
2463 5397 2707 5450 habitavit
2730 5397 2794 5449 ab
2813 5397 2976 5450 Evilat
2998 5412 3161 5465 usque
3182 5396 3242 5448 ad
3262 5396 3380 5448 Snr.
3395 5392 3524 5446 Cum
3548 5393 3787 5446 Rebecca
3806 5407 3908 5448 ste-

2417 5492 2485 5548 (a)
2519 5489 2657 5535 Filius
2674 5489 2755 5549 Dei
2781 5490 2860 5549 qui
2886 5490 2945 5536 ab
2970 5491 3449 5549 Ahrahamiexcc‘ttys
3469 5493 3560 5543 est,
3580 5489 3805 5549 Dominus
3827 5497 3907 5534 vo-

2356 5545 2484 5599 catur
2503 5549 2663 5596 Ilomil.
2680 5545 3002 5604 42inbenes.,
3025 5556 3150 5594 'I‘om.
3177 5547 3255 5602 IV,
3280 5547 3368 5594 col.
3394 5547 3498 5594 3‘37.
3530 5555 3595 5595 ne
3621 5545 3807 5594 ﬁliabus
3831 5553 3843 5594 l
3863 5554 3906 5596 ut

2360 5610 2472 5657 infra
2500 5609 2657 5697 pajt‘cis
2683 5608 3028 5697 dlieit'gahqtm
3047 5607 3260 5668 pluribus
3292 5616 3507 5655 enarrata
3532 5617 3645 5657 sunt
3667 5607 3832 5655 11011111.
3863 5608 3906 5654 ω

2366 5679 2514 5697 ιἠηηκ
2644 5681 2698 5697 οι.
2770 5671 2779 5697 Ξ
2933 5683 2946 5691 ι

2366 5666 2533 5716 Cenes.
2549 5667 2623 5725 -Η,
2644 5666 2729 5714 eol.
2767 5669 2866 5716 ill)-
2882 5666 2974 5716 ili.
