4062 6462
663 379 762 431 321

663 476 967 531 ἀπεδίίοται
1000 472 1093 525 καὶ
1120 470 1413 542 πιπράσκει
1447 469 1717 537 ἑψήματος
1746 463 1923 532 φακῆς
1971 460 2041 513 16
2065 474 2214 527 πρω-

664 568 876 619 τοτόκια
892 562 1082 616 ἐαυτοῦ
1102 566 1129 615 6
1161 560 1326 614 Ἦσαῦ
1354 559 1430 629 τῷ
1457 557 1666 612 Ἰακώϐ.
1700 555 2027 623 Βουλόμενον
2052 549 2108 602 δὲ
2131 548 2219 600 τὸν

678 656 860 708 Ἰσαὰκ
896 656 974 714 είς
1012 655 1279 719 Αἴγυπτον
1328 646 1622 708 κατελθεῖν,
1667 642 1849 711 ἐπειδή
1892 639 2049 708 λιμδς
2094 652 2221 688 κατ-

671 746 853 813 ίσχυε,
904 743 1100 794 κωλύει
1143 743 1170 792 6
1224 740 1380 802 Θεὸς,
1429 734 1704 805 παραινῶν
1752 733 1876 784 ἔνθα
1910 728 2062 798 ᾧκει,
2110 727 2224 778 ἐκεῖ

672 833 870 902 μένειν,
909 832 996 884 καὶ
1029 827 1446 897 ὑπισχνούμενος
1496 822 1710 875 ἔσεσθαι
1745 820 1857 888 μετ’
1891 813 2077 875 αὐτοῦ,
2131 813 2223 865 καὶ

670 924 975 992 εὑλογήσειν
1007 922 1065 972 16
1099 921 1314 990 σπέρμα
1347 916 1506 971 αὑτοῦ
1547 916 1637 967 καὶ
1686 908 1992 980 πληθυνεῖν.
2027 904 2224 958 Μαθὼν

669 1013 1042 1082 δέόβασιλεὺς
1075 1013 1325 1081 Γεράρων
1374 1005 1679 1074 Ἀϐιμέλεχ,
1726 1002 1806 1052 ὅτι
1858 999 1892 1067 ἠ
1962 993 2224 1047 Ῥεϐέκκα

671 1107 803 1174 γυνή
837 1106 950 1154 ἐστι
969 1103 1058 1154 105
1092 1102 1273 1152 Ἰσαάκ
1315 1098 1654 1168 (ὑπώπτευσε
1673 1091 1780 1160 γὰρ
1806 1087 2037 1155 ἀδελφὴν
2063 1083 2223 1136 αὑτοῦ

672 1188 808 1244 εἶναι
840 1189 1069 1258 αὑτὴν),
1114 1187 1336 1239 θάνατον
1358 1187 1522 1255 ὥρισε
1553 1181 1607 1234 εῐ
1636 1197 1717 1240 τις
1739 1175 2007 1244 ἐξυϐρίσει
2029 1174 2107 1234 είς
2132 1173 2226 1224 αὑ-

671 1281 788 1349 τήν.
827 1279 956 1329 Τότε
985 1277 1229 1346 ἔσπειρεν
1259 1278 1284 1326 6
1319 1273 1518 1332 Ἰσαάκ,
1559 1267 1651 1320 καὶ
1674 1259 1828 1336 εὗρεν
1851 1261 2227 1316 ἐκατοστεύου-

677 1385 774 1419 σαν
798 1367 1008 1436 κριθήν.
1050 1366 1134 1426 Ὠς
1169 1365 1222 1415 δέ
1245 1360 1404 1432 ἦλθεν
1447 1363 1526 1421 είς
1573 1356 1798 1408 πλοῦτον
1846 1353 2014 1422 μέγαν
2036 1352 2098 1401 ἐκ
2131 1351 2228 1416 τῆς

675 1453 917 1519 εὐλογίας
949 1449 1039 1501 105
1074 1444 1607 1515 Θεοῢ,διεφθονοῦντο
1635 1440 1780 1509 αὑτῷ
1827 1441 1874 1490 οί
1895 1435 2226 1503 Φυλιστιεὶμ,

677 1544 766 1595 καὶ
790 1543 818 1591 6
867 1541 1150 1608 ’Λϐιμέλεχ
1174 1538 1474 1606 ἀπήλαυνεν
1503 1533 1659 1585 αὑτὸν
1707 1528 1932 1582 ἐκεῖθεν.
1973 1527 2029 1577 '0
2051 1525 2105 1575 δὲ
2131 1525 2230 1575 οὑκ

677 1631 936 1701 ἠμύνατο,
987 1629 1097 1681 ἀλλ’
1147 1625 1476 1695 ἀνεχώρησε,
1535 1622 1626 1674 καὶ
1662 1618 1832 1689 ὤρυξε
1857 1616 2083 1686 φρέατα,
2140 1613 2230 1664 καὶ

678 1721 937 1790 ἐμάχοντο
987 1717 1113 1785 περὶ
1155 1714 1348 1767 αὑτῶν.
1417 1713 1474 1765 '0
1511 1713 1565 1764 δὲ
1609 1711 1708 1762 οὑκ
1762 1707 2067 1763 ἀνθίστατο,
2119 1702 2229 1754 ἀλλ’

677 1812 838 1878 ἕτερα
861 1808 1119 1876 ὤρυσσεν,
1150 1805 1251 1866 ἕως
1271 1797 1329 1857 05
1365 1803 1669 1856 ἐπαύσαντο
1709 1811 1756 1851 ο.
1790 1799 1897 1849 Καὶ⁸
1946 1795 2232 1859 εὐλόγησεν

679 1900 882 1951 αὑτδνὸ
910 1898 1059 1958 Θεὸς.
1109 1896 1255 1948 Καὶό
1296 1895 1479 1947 Ἰσαὰκ
1512 1891 1732 1942 ἐλθόντα
1777 1887 1909 1956 πρὸς
1938 1884 2096 1937 αὑτὸν
2146 1881 2235 1932 16v

693 1990 974 2058 Ἀϐιμέλεχ
996 1987 1210 2049 ἐδέξατο
1251 1983 1498 2052 ἀσμένως
1533 1981 1624 2032 καὶ
1673 1975 1957 2035 εἱστίασεν,
2011 1973 2068 2022 οὑ
2104 1989 2236 2040 μνη-

685 2080 825 2139 σθεὶς
859 2072 930 2131 ὧν
975 2076 1218 2144 ἠδικήθη.
1258 2070 1482 2125 Ἔλαϐεν
1519 2072 1546 2121 6
1590 2066 1754 2119 Ἡσαῦ
1793 2063 2094 2122 Χαναναίας
2144 2078 2238 2126 γυ-

682 2170 890 2227 ναῖκας,
921 2168 1011 2217 καὶ
1033 2164 1217 2232 ἠριζον
1244 2165 1310 2228 τῇ
1353 2157 1632 2225 Ῥεϐέκκα.
1657 2156 1956 2223 Ἐγήρασεν
1987 2152 2014 2202 ό
2058 2150 2237 2202 Ἰσαὰκ

684 2255 776 2306 καὶ
797 2252 1183 2321 ἠμϐλυώπησε,
1213 2248 1306 2299 καὶ
1341 2245 1664 2315 προστάσσει
1689 2243 1764 2309 τῷ
1790 2241 1888 2308 υίῷ
1919 2238 2085 2291 Ἠσαῦ
2141 2238 2236 2304 θη-

689 2343 872 2414 ρεῦσαι
893 2341 982 2392 καὶ
1025 2340 1242 2407 ποιῆσαι
1273 2335 1420 2403 αὑτῷ
1455 2334 1651 2401 ἔδεσμα
1677 2373 1689 2396 ,
1729 2331 1813 2381 ἵνα
1843 2329 2104 2396 εὑλογήσῃ
2148 2327 2242 2377 αὑ-

683 2412 794 2484 τόν.
840 2431 895 2480 '0
917 2429 971 2480 δὲ
1002 2424 1215 2487 Ἰακὼϐ,
1245 2419 1693 2492 συμπραττούσης
1728 2415 1874 2484 αὑτῷ
1906 2416 2002 2483 τῆς
2021 2412 2239 2482 μητρὸς,

687 2522 887 2589 ἔφθασε
917 2519 1006 2570 16v
1047 2515 1234 2568 Ἡσαῦ·
1271 2513 1516 2581 ἐψήσασα
1546 2510 1652 2579 γὰρ
1676 2507 1890 2578 ἐρίφους
1925 2504 2033 2566 δύο,
2058 2503 2149 2554 καὶ
2177 2502 2242 2552 τὰ

688 2609 838 2682 [3'22]
866 2609 1106 2678 δέρματα
1145 2604 1320 2656 αὑτῶν
1355 2601 1636 2671 περιθεῖσα
1670 2595 1837 2665 αὑτῷ,
1868 2597 1952 2646 ἵνα
1975 2593 2243 2661 ἐπικρύψῃ

687 2702 785 2771 τὴν
818 2700 1061 2767 λειότητα
1079 2695 1170 2746 105
1205 2693 1411 2755 παιδὸς,
1461 2692 1625 2743 ἔδωκε
1658 2690 1724 2740 16
1750 2687 2017 2755 ἐδέσματα
2040 2686 2116 2745 είς
2151 2684 2245 2743 16;

690 2794 874 2860 χεῖρας
903 2787 1086 2848 αὑτοῦ,
1116 2788 1206 2837 καὶ
1235 2783 1576 2851 είσέπεμψεν.
1635 2780 1692 2831 '0
1729 2778 1784 2830 δὲ
1814 2773 2065 2828 εἰσελθὼν
2091 2773 2244 2824 ἔλαϐε

691 2881 787 2942 τάς
833 2878 1096 2944 εὐλογίας.
1148 2876 1225 2926 ἸΞ)
1239 2874 1342 2926 θὼν
1370 2873 1424 2924 δὲ
1453 2875 1480 2923 6
1517 2869 1708 2930 Ἠσαῦ,
1737 2868 1828 2918 καὶ
1864 2864 2046 2936 μαθὼν
2066 2863 2122 2913 16
2155 2878 2247 2927 γε-

693 2971 863 3037 γονὸς,
893 2967 1200 3034 ἀπωδύρετο
1225 2966 1315 3016 καὶ
1352 2963 1583 3030 ἐθρήνει,
1617 2961 1708 3011 καὶ
1729 2960 1845 3027 ⁴ᾗτει
1895 2953 2249 3022 εὑλογηθῆναι

696 3060 790 3112 καὶ
820 3057 997 3119 αὑτὸς,
1033 3057 1124 3105 καὶ
1146 3056 1307 3122 ἠνυσε
1336 3054 1400 3120 τῇ
1432 3052 1680 3117 ἐπιμονῇ,
1702 3047 1849 3098 οὐδὲν
1888 3045 1982 3113 μέν
2004 3043 2250 3093 τοσοῦτον

695 3150 817 3202 ὅσον
837 3149 1075 3216 ἤλπισεν·
1124 3147 1283 3212 ἠνυσε
1319 3142 1374 3194 δὲ
1423 3142 1586 3209 ὅμως.
1623 3137 1806 3204 Μικρά
1835 3136 2008 3186 τοίνυν
2036 3132 2252 3197 εὐλογη-

697 3240 809 3300 θεὶς
829 3238 946 3290 ἀντὶ
973 3236 1236 3305 μεγάλων,
1258 3231 1517 3301 ὠργίζετο
1545 3228 1676 3298 πρὸς
1697 3228 1786 3278 τὸν
1809 3225 2052 3291 ἀδελφὸν,
2090 3225 2252 3290 ἐμνη-

700 3331 928 3388 σικάκει,
967 3327 1250 3395 περιέμενε
1288 3321 1377 3374 105
1405 3321 1604 3389 πατρὸς
1624 3319 1719 3388 τήν
1748 3317 2015 3385 τελευτὴν,
2051 3313 2251 3374 ὼςτότε

700 3421 1010 3486 ἀδεέστερον
1057 3412 1447 3466 ἐπιϐουλεύσων
1487 3409 1649 3478 αὐτῷ.
1702 3406 1904 3476 Μηνύει
1932 3404 2006 3473 τῷ
2067 3400 2254 3453 Ἰακὼϐ

701 3510 871 3561 ταῦτα
902 3511 932 3576 ἠ
967 3508 1168 3575 μήτηρ,
1200 3503 1291 3556 καὶ
1316 3503 1564 3569 παραινεῖ
1589 3500 1728 3565 φυγῇ
1763 3497 1858 3564 τὴν
1881 3493 2143 3563 σωτηρίαν
2173 3491 2253 3542 εὑ-

705 3599 943 3668 ρηκέναι·
977 3592 1202 3645 εἰποῦσά
1255 3607 1312 3641 τε
1360 3589 1491 3657 πρὸς
1515 3590 1604 3636 16v
1664 3583 1846 3635 Ἰσαάκ
1870 3621 1882 3639 ,
1928 3581 2006 3631 ὅτι
2033 3578 2258 3637 ἀϐίωτος

702 3689 837 3756 αὐτῇ
857 3687 1004 3736 ἐσται
1033 3687 1060 3735 6
1081 3683 1188 3751 βίος
1203 3682 1251 3741 b,
1283 3681 1328 3730 εί
1360 3679 1451 3729 καὶ
1474 3673 1666 3727 Ἰακὼϐ
1690 3671 1793 3724 ἀπὸ
1819 3671 1923 3721 τῶν
1947 3665 2258 3720 Χαναναίων

702 3778 852 3830 λάϐοι
879 3777 1132 3841 γυναῖκα,
1175 3769 1574 3839 παρασκευάζει
1621 3765 1709 3816 16v
1771 3761 1954 3813 Ἰσαὰκ
1980 3756 2258 3825 ἐκπέμψαι

703 3867 792 3917 τὸν
837 3863 1024 3915 Ἰακὼϐ
1060 3864 1136 3922 είς
1182 3858 1593 3924 Μεσοποταμίαν
1645 3854 1778 3920 πρὸς
1799 3851 1887 3903 τὸν
1922 3847 2142 3914 ἀδελφὸν
2168 3846 2261 3897 αὑ-

703 3959 800 4024 τῆς
823 3955 912 4006 τὸν
939 3952 1138 4011 Λάϐαν,
1158 3950 1250 4001 καὶ
1281 3951 1342 4000 ἐκ
1371 3949 1475 3999 τῶν
1502 3943 1807 4010 θυγατέρων
1840 3938 2000 3992 αὑτοῦ
2033 3941 2261 4005 γυναῖκα

704 4046 904 4099 λαϐεῖν.
944 4041 1286 4101 Ἀπελθόντος
1328 4038 1381 4089 δέ
1406 4036 1497 4088 105
1521 4032 1731 4092 Ἰακὼϐ,
1769 4029 2027 4097 λαμϐάνει
2052 4027 2148 4097 τὴν
2174 4026 2263 4077 θυ-

705 4135 910 4203 γατέρα
942 4130 1160 4200 Ἰσμαὴλ
1190 4126 1363 4195 ἐαυτῷ
1381 4127 1612 4193 γυναῖκα
1635 4125 1662 4174 6
1683 4119 1870 4172 Ἡσαῦ.
1895 4120 1952 4170 '0
1974 4119 2026 4169 δέ
2045 4115 2263 4185 Ἰσμαὴλ

708 4223 822 4286 υίὸς
837 4220 902 4292 ἦν
932 4223 1024 4274 105
1066 4219 1329 4289 Ἀϐραάμ,
1358 4217 1462 4270 ἀπὸ
1491 4216 1584 4283 τῆς
1602 4217 1776 4281 ’Λγαρ
1791 4211 2071 4279 γενόμενος
2098 4207 2259 4275 αὑτῷ.

710 4316 902 4367 Βλέπει
931 4314 1026 4381 τὴν
1082 4311 1318 4377 κλίμακα
1356 4309 1383 4358 6
1419 4303 1632 4367 Ἰακὼϐ,
1676 4304 1850 4368 ἵστησι
1892 4300 2105 4369 στήλην,
2172 4297 2264 4347 καὶ

712 4403 1100 4470 ἐπαγγέλλεται
1129 4400 1192 4451 16
1215 4398 1521 4465 ὑπάρχοντα
1564 4392 1709 4460 αὑτῷ
1739 4389 2162 4443 ἀποδεκατώσειν
2189 4384 2264 4452 τῷ

711 4494 850 4563 Θεῷ,
883 4496 926 4543 εί
956 4491 1206 4557 ὑγιαίνων
1254 4485 1550 4538 ἐπανέλθοι.
1610 4483 1862 4550 Ἔρχεται
1895 4480 1971 4539 είς
2029 4476 2122 4545 τήν
2158 4476 2266 4526 Με-

715 4583 1061 4652 σοποταμίαν,
1091 4576 1194 4632 εἶδε
1225 4578 1320 4644 τὴν
1359 4573 1577 4642 Ῥαχὴλ,
1606 4571 1855 4638 ἐφίλησεν
1888 4569 2072 4636 αὑτήνο
2101 4564 2265 4617 ἀπελο

716 4675 938 4741 θοῦσαή
993 4673 1126 4741 κόρη
1159 4666 1450 4737 ἀπήγγειλε
1489 4663 1564 4732 τῷ
1621 4662 1785 4729 πατρὶ
1826 4659 2024 4710 Λάϐαν.
2073 4654 2267 4706 Ἐλθὼν

717 4765 874 4825 αὐτὸς
901 4762 1107 4827 ἐπέγνω
1132 4760 1220 4811 τὸν
1256 4753 1464 4816 Ἰακὼϐ,
1495 4754 1775 4821 εἰσήγαγεν
1798 4749 1953 4798 αὑτὸν
1985 4746 2116 4815 πρὸς
2143 4746 2268 4796 ἐαυ-

717 4857 827 4907 τόν.
864 4853 1195 4904 Ἐδούλευσεν
1227 4847 1368 4914 αὑτῷ
1398 4847 1488 4896 ἐπί
1533 4839 1703 4910 μισθῷ
1727 4835 2006 4904 θυγατρόςο
2030 4835 2128 4886 όδέ
2173 4833 2270 4902 τὴν

721 4943 1088 5014 πρεσϐυτέραν
1120 4939 1300 4989 ἔδωκε·
1357 4933 1752 5002 δυσχεραίνοντι
1776 4929 1830 4980 δέ
1855 4928 1928 4996 τῷ
1968 4925 2154 4980 Ἰακὼϐ
2181 4927 2271 4977 ἐπὶ

721 5037 786 5102 τῇ
820 5032 1019 5100 ἀπάτη,
1052 5027 1315 5097 προτείνει
1355 5022 1492 5075 ἐπτά
1553 5022 1646 5086 ἐτη
1700 5019 1857 5084 ἕτερα
1889 5015 2199 5074 δουλεῦσαι,
2228 5016 2271 5064 εἰ

725 5124 962 5194 βούλοιτο
1003 5124 1092 5173 καὶ
1119 5120 1214 5188 τῆν
1245 5116 1514 5183 νεωτέραν
1561 5111 1762 5162 λαϐεῖν.
1813 5109 1869 5159 '0
1911 5107 1964 5158 δέ
2003 5105 2092 5156 καὶ
2121 5103 2274 5154 τοῦτο

725 5210 997 5276 ὑπέμεινε,
1026 5207 1117 5258 καὶ
1148 5203 1408 5272 λαμϐάνει
1434 5201 1524 5252 καὶ
1561 5198 1654 5264 τὴν
1684 5194 1966 5262 νεωτέραν.
1995 5189 2101 5243 Ἦν
2136 5192 2189 5243 δέ
2241 5193 2271 5258 ἡ

730 5300 825 5368 μέν
849 5295 1185 5366 πρεσϐυτέρα
1219 5292 1442 5359 ἀσθενὴς
1469 5291 1575 5349 τοῖς
1624 5285 1934 5352 ὀφθαλμοῖς,
1959 5282 2109 5334 Λεία’
2161 5284 2192 5349 ἠ
2219 5281 2275 5332 δέ

727 5391 960 5457 νεωτέρα
982 5387 1181 5454 ώραία,
1225 5385 1256 5450 ἠ
1299 5379 1515 5448 Ῥαχὴλ.
1560 5376 1677 5427 Εἰσί
1721 5374 1773 5425 δὲ
1818 5371 1973 5423 τύποι
2016 5370 2196 5431 αὑταὶ,
2245 5371 2276 5438 ἡ

790 5481 814 5508 ⁸
839 5477 1170 5537 Lugdunensis
1192 5476 1216 5520 6
1239 5474 1288 5520 δέ
1312 5472 1396 5517 οὑκ
1415 5468 1658 5529 ἀφίστατο,
1689 5464 1787 5510 ἀλλ’
1810 5465 1941 5522 ἕτερα
1963 5462 2171 5520 ὤρυσσεν
2193 5460 2280 5514 ἕως

727 5539 1008 5588 ἐπαύσαντο.

794 5583 1064 5656 L'id'ipsu'm,
1098 5595 1183 5641 sed
1227 5591 1322 5656 alip
1347 5589 1486 5656 modo
1511 5583 2130 5656 gxprimil'Chrysoslomus
2151 5585 2280 5628 ιοωο

732 5658 810 5718 ιν,
836 5673 883 5720 ρ.
909 5646 1015 5717 526,
1039 5646 1233 5715 uempe,
1257 5653 1315 5699 τὰ
1339 5657 1419 5706 τῆς
1439 5653 1558 5704 ζωῆς
1578 5646 1687 5706 ’ἡμῖν
1709 5646 1905 5704 οἴχεται.

1340 355 1398 411 5.
1439 351 1717 409 JOANNIS
1755 340 2245 406 CHRYSOSTOMI
2284 337 2600 394 ARCHIEP.
2638 331 3176 392 CONSTANTINOP.

3768 356 3895 406 322

2325 452 2422 521 μὲν
2446 450 2786 521 πρεσϐυτέρα
2822 449 2917 518 τῆς
2946 446 3262 515 συναγωγῆς
3297 446 3406 499 τῶν
3440 446 3728 512 Ἰουδαίων,
3766 451 3804 517 ἡ
3842 451 3908 503 δὲ

2320 542 2555 610 νεωτέρα
2609 544 2708 610 τῆς
2763 539 3084 608 Ἐκκλησίας
3150 536 3243 590 τοῦ
3293 537 3547 606 Χριστοῦ.
3611 540 3905 590 Συνέλαϐε

2323 630 2475 693 Λεία,
2494 632 2585 681 καὶ
2611 630 2761 682 ἔτεκε
2787 629 2876 680 τὸν
2908 628 3174 696 Ῥουϐεὶμ,
3209 627 3297 678 τὸν
3317 627 3556 696 Συμεὼν,
3611 629 3706 679 τὸν
3734 628 3905 686 Acut.

2321 720 2409 771 16v
2443 718 2652 771 Ἰούδαν.
2699 719 2765 771 Ἦ
2791 719 2847 770 δέ
2896 717 3111 788 Ῥαχὴλ,
3171 715 3293 768 ἐπεὶ
3340 717 3414 786 μὴ
3450 717 3646 778 ἔτικτε,
3702 717 3910 769 δίδωσι

2322 806 2398 874 τῷ
2437 806 2628 859 Ἰακὼϐ
2651 809 2882 874 γυναῖκα
2907 805 3182 874 δευτέραν,
3221 804 3319 874 τὴν
3371 804 3658 875 παιδίσκην
3717 805 3910 871 αὐτῆς

2324 897 2518 960 Βάλαν,
2542 899 2633 950 καὶ
2660 898 2841 949 ἐτεκεν
2872 897 3050 965 ἐκείνη
3078 895 3166 947 τὸν
3185 895 3290 947 Δάν
3311 896 3404 948 καὶ
3433 895 3521 947 τὸν
3547 894 3907 962 Νεφθαλείμ..

2328 987 2532 1038 Ἔδωκε
2557 987 2611 1038 δέ
2645 988 2735 1039 καὶ
2756 988 2789 1058 ἠ
2817 986 2948 1040 Λεία
2970 985 3172 1053 Ζελφάν
3195 985 3290 1054 τὴν
3311 984 3595 1054 παιδίσκην
3623 985 3808 1052 αὑτῆς
3823 983 3910 1050 τῷ

2337 1075 2529 1128 Ἰακὼϐ
2562 1080 2810 1142 γυναῖκαο
2841 1079 2872 1145 ὴ
2901 1076 2956 1126 δὲ
2980 1075 3129 1126 ἔτεκε
3160 1073 3249 1125 τὸν
3288 1074 3391 1126 Γὰδ
3419 1075 3510 1127 καὶ
3543 1074 3629 1126 τὸν
3697 1075 3906 1140 Ἀσήρ.

2331 1167 2520 1217 Ἐτεκε
2543 1165 2599 1217 δέ
2627 1166 2752 1234 ἐξῆς
2773 1166 2902 1218 Λεία
2939 1168 3074 1234 μετά
3096 1165 3265 1216 ταῦτα
3303 1165 3392 1216 τὸν
3433 1164 3648 1232 Ἰσάχαρ
3673 1163 3770 1216 καὶ
3807 1163 3910 1213 τὸν

2328 1253 2630 1309 Ζαϐουλών.
2675 1256 2805 1306 Τότε
2840 1255 2987 1306 ἔτεκε
3012 1254 3103 1306 καὶ
3134 1255 3166 1322 ἠ
3197 1251 3393 1320 Ῥαχὴλ
3422 1251 3511 1302 τὸν
3549 1251 3772 1320 Ἰωσήφ.
3813 1251 3912 1310 '0;

2327 1344 2383 1396 δὲ
2417 1344 2601 1413 ῆθελεν
2632 1347 2660 1396 ό
2701 1343 2890 1396 Ἰακὼϐ
2938 1343 3185 1395 ἀπελθεῖν
3213 1342 3288 1404 εἰς
3318 1342 3416 1411 τὴν
3446 1341 3648 1392 οίκείαν
3671 1339 3807 1408 γῆν,
3828 1339 3912 1390 δί-

2327 1435 2487 1486 δωσιν
2513 1434 2658 1502 αὑτῷ
2690 1433 2778 1486 τὸν
2801 1433 2986 1502 μισθὸν
3009 1434 3036 1483 ὁ
3057 1432 3259 1495 Λάϐαν,
3311 1431 3368 1482 6v
3410 1431 3566 1492 αὑτὸς
3596 1429 3624 1480 6
3693 1428 3914 1481 Ἰακὼϐ

2330 1521 2513 1590 ὥρισε,
2547 1524 2654 1574 πᾶν
2675 1521 2828 1589 φαιὸν
2854 1523 2909 1572 ἐν
2947 1524 3058 1581 τοῖς
3091 1521 3303 1588 ἀρνασι,
3337 1519 3426 1570 καὶ
3456 1520 3561 1571 πᾶν
3585 1517 3784 1568 λευκὸν
3850 1522 3914 1570 ἐν

2331 1614 2448 1672 ταῖς
2478 1611 2616 1676 αίξίν
2654 1621 2699 1648 θ’
2727 1610 2800 1671 ώς
2831 1609 2885 1660 δὲ
2921 1607 3085 1661 πολλά
3111 1606 3178 1658 τά
3199 1605 3419 1658 τοιαῦτα
3457 1606 3695 1673 γέγονεν·
3725 1605 3914 1657 ἐτίθει

2333 1702 2438 1771 γὰρ
2470 1701 2696 1770 ῥάϐδους
2719 1702 2775 1751 ἐν
2822 1702 2931 1761 τοῖς
2963 1697 3343 1766 ποτιστηρίοις,
3389 1697 3480 1748 καὶ
3511 1697 3766 1748 ἐνεκίσσα
3836 1696 3916 1748 τὰ

2335 1792 2594 1861 πρόϐατα,
2615 1792 2708 1842 καὶ
2737 1790 2911 1842 ἔτικτε
2939 1789 3103 1840 λευκά
3130 1790 3220 1840 καὶ
3241 1786 3474 1849 ποικίλα,
3495 1787 3585 1839 καὶ
3609 1785 3910 1854 σποδοειδῆ

2339 1882 2521 1948 ραντά.
2558 1879 2628 1929 T6
2654 1879 2708 1929 δὲ
2739 1881 2842 1930 πᾶν
2868 1878 2960 1929 105
2981 1876 3110 1928 Θεοῦ
3133 1877 3289 1944 ἔργον
3315 1871 3402 1943 ἦν,
3435 1873 3508 1936 ὡς
3537 1873 3696 1936 αὑτός
3727 1889 3914 1942 φησιν

2335 1970 2362 2020 6
2407 1968 2615 2019 Ἰακώϐ.
2645 1965 3019 2033 Διεφθονούντο
3058 1964 3201 2033 αὑτῷ
3228 1965 3330 2016 υἱοὶ
3359 1963 3559 2024 Λάϐαν,
3591 1962 3685 2014 καὶ
3713 1961 3916 2012 λαϐὼν

2337 2059 2506 2126 λάθρα
2536 2059 2632 2120 τὰς
2664 2059 2850 2110 ἐαυτοῦ
2895 2060 3150 2124 γυναῖκας
3204 2056 3338 2123 μετά
3395 2054 3499 2106 τῶν
3543 2054 3915 2123 ὑπαρχόντων

2339 2150 2592 2219 ἀπῆλθεν.
2639 2150 2695 2201 '0
2735 2149 2790 2201 δέ
2837 2148 3018 2200 Λάϐαν
3065 2145 3371 2209 κατεδίωξε,
3422 2145 3513 2198 καὶ
3561 2159 3690 2214 πριν
3748 2143 3916 2213 αὐτῷ

2342 2240 2646 2308 συμϐαλεῖν,
2671 2239 2959 2306 ἠπείλησεν
3001 2241 3028 2289 6
3054 2238 3181 2298 Θεὸς
3204 2235 3369 2305 αὑτῷ,
3389 2238 3434 2287 εί
3457 2235 3696 2304 τραχέως
3729 2251 3917 2302 προσ-

2341 2331 2577 2397 ενεχθείη
2607 2329 2682 2397 τῷ
2725 2327 2934 2379 Ἰακώϐ.
2977 2328 3032 2378 '0
3065 2327 3118 2378 δὲ
3149 2325 3334 2386 ἐλθὼν,
3366 2325 3425 2376 16
3449 2327 3542 2393 μὲν
3569 2324 3788 2392 πρῶτον
3818 2327 3915 2375 ἐν-

2343 2417 2541 2476 εκάλει,
2571 2415 2717 2486 [525]
2738 2416 2829 2467 καὶ
2850 2415 2946 2484 τήν
2966 2416 3138 2467 αἰτίαν
3164 2414 3341 2483 ἐζήτει
3361 2412 3460 2481 τῆς
3487 2412 3746 2483 λαθραίας
3768 2414 3916 2464 ἀνα-

2343 2507 2650 2575 χωρήσεως.
2689 2506 2772 2566 Ὠς
2798 2506 2852 2557 δὲ
2871 2500 3020 2556 εἶπεν
3040 2507 3066 2557 6
3101 2503 3312 2564 Ἰακὼϐ,
3331 2504 3419 2556 διά
3445 2503 3504 2554 16
3531 2503 3918 2570 πεφθονῆσθαι

2349 2599 2549 2664 μήποτε
2575 2597 2672 2656 τὰς
2701 2594 3000 2662 θυγατέρας
3028 2593 3186 2644 αὑτοῦ
3215 2592 3384 2654 λάϐοι,
3413 2591 3568 2643 τοῦτο
3602 2591 3918 2659 πεποιηκέ-

2347 2704 2453 2746 ναι,
2483 2686 2660 2754 ἐζήτει
2697 2685 2817 2746 τοὺς
2845 2683 2996 2745 θεοὺς
3043 2682 3202 2734 αὑτοῦ
3250 2682 3456 2742 Λάϐαν,
3486 2681 3576 2743 οὓς
3609 2681 3846 2748 ἔκλεψεν
3882 2686 3916 2750 ἡ

2361 2772 2574 2840 Ῥαχήλ.
2636 2772 2721 2832 Ὠς
2771 2770 2826 2820 δέ
2873 2771 2969 2836 οὑχ
3015 2762 3198 2838 εὑρεν,
3246 2767 3539 2818 ἐπιτίθεται
3582 2767 3835 2835 σφοδρῶς
3891 2771 3922 2819 6

2362 2857 2550 2909 Ἰακὼϐ
2581 2857 2840 2922 ἐγκαλῶν.
2885 2856 2993 2908 Καὶ
3034 2855 3200 2918 τέλος,
3234 2854 3492 2921 φαγόντες
3537 2854 3627 2905 καὶ
3670 2856 3920 2918 πιόντες,

2349 2945 2766 3014 διεχωρίσθησαν
2787 2942 3041 3010 ἀλλήλων,
3063 2941 3243 3010 βουνὸν
3267 2940 3426 2991 λίθων
3454 2943 3745 3008 στήσαντες
3769 2941 3921 3006 ἐκεῖ,

2350 3031 2406 3081 ὃν
2437 3031 2527 3080 καὶ
2559 3030 2746 3080 Βουνὸν
2776 3029 3069 3096 μαρτυρίου
3105 3026 3383 3079 ἐκάλεσαν.
3408 3027 3536 3078 Τότε
3569 3027 3922 3095 συνήντησαν

2353 3115 2426 3182 τῷ
2469 3113 2659 3165 Ἰακὼϐ
2693 3113 2906 3179 ἄγγελοι
2940 3111 3093 3164 Θεοῦ.
3131 3111 3465 3162 ’Λποστέλλει
3493 3113 3519 3163 6
3552 3111 3744 3162 Ἰακὼϐ
3776 3113 3923 3181 πρὸς

2354 3198 2441 3249 τὸν
2481 3198 2670 3258 Ἡσαῦ,
2699 3197 3050 3264 ἀπαγγέλλων
3078 3195 3240 3269 αὑτοῦ
3270 3195 3368 3265 τὴν
3402 3195 3706 3264 ἐπιδημίαν.
3739 3197 3834 3259 Ὠς
3863 3199 3923 3251 δὲ

2353 3280 2512 3353 ἦλθον
2539 3287 2586 3335 οί
2619 3283 3024 3345 ἀποσταλέντες,
3060 3283 3151 3335 καὶ
3175 3277 3324 3333 εἶπον
3351 3280 3598 3350 ἔρχεσθαι
3619 3281 3707 3333 τὸν
3735 3283 3921 3334 Ἡσαῦ

2358 3372 2493 3440 μετά
2522 3370 2878 3438 τετρακοσίων
2911 3369 3135 3438 ἀνδρῶν,
3166 3367 3454 3437 περίφοϐος
3485 3367 3773 3436 γενόμενος
3808 3369 3923 3421 δεῖ·

2354 3474 2440 3508 ται
2473 3455 2565 3508 105
2589 3455 2742 3518 Θεοῦ,
2767 3454 2904 3506 ὥστε
2939 3453 3097 3506 αὑτὸν
3123 3453 3422 3516 ἀπαλλάξαι
3452 3452 3542 3504 τοῦ
3564 3454 3920 3521 ἐπικειμένου

2357 3541 2619 3602 κινδύνου,
2657 3542 2749 3592 καὶ
2772 3538 3129 3608 πέμπειδῶρα
3157 3535 3232 3604 τῷ
3277 3536 3466 3590 Ἠσαῦ.
3495 3538 3580 3598 Ὠς
3605 3538 3661 3589 δὲ
3696 3538 3920 3607 εἰσῆλθε

2356 3625 2444 3678 τὸν
2471 3626 2798 3694 χειμάρρουν
2822 3625 2849 3674 6
2875 3622 3085 3683 Ἰακὼϐ,
3116 3621 3208 3673 καὶ
3237 3621 3519 3690 εὑλογηθη,
3548 3625 3639 3672 καὶ
3675 3639 3922 3689 μετωνο-

2363 3713 2540 3780 μάσθη
2565 3711 2625 3761 τὺ
2653 3711 2819 3777 ὄνομα
2844 3707 3026 3770 αὑτοῦ,
3052 3709 3149 3778 ὁρᾷ
3172 3707 3259 3760 16v
3287 3706 3455 3758 Ἦσαῦ
3483 3707 3796 3776 ἐρχόμενον,
3826 3711 3925 3761 καὶ

2358 3799 2545 3851 διελὼν
2578 3797 2635 3848 τὸ
2662 3796 2882 3864 πλῆθος,
2911 3794 3005 3856 τάς
3033 3795 3129 3861 μὲν
3169 3793 3452 3855 παιδίσκας
3479 3793 3616 3863 μετά
3642 3793 3756 3845 τῶν
3789 3797 3923 3847 παίο

2358 3885 2461 3937 δων
2492 3884 2664 3936 αὑτῶν
2687 3881 2904 3949 πρώτας
2923 3881 3094 3944 ἔταξε,
3115 3881 3210 3950 τήν
3235 3879 3288 3931 δὲ
3312 3879 3471 3932 Λείαν
3497 3879 3753 3949 δευτέραν
3780 3883 3925 3949 μετά

2361 3969 2467 4022 τῶν
2501 3969 2745 4031 παιδίων,
2778 3969 2870 4020 καὶ
2901 3967 2996 4037 τὴν
3044 3965 3240 4035 Ῥαχὴλ
3281 3964 3416 4033 μετὰ
3461 3965 3651 4032 Ἰωσὴφ
3682 3966 3925 4034 ἐσχάτην

2363 4057 2614 4128 ἔρχεσθαι
2643 4055 2916 4119 κελεύσας,
2949 4054 3106 4116 αὑτὸς
3131 4052 3341 4123 πρῶτος
3367 4052 3549 4121 ἀπῄει.
3584 4052 3671 4114 ὀς
3698 4052 3758 4104 δὲ
3783 4049 3926 4104 εἶδεν

2364 4143 2522 4196 αὑτὸν
2555 4142 2799 4210 ἀσμένως
2838 4141 2865 4192 ὁ
2905 4137 3095 4202 Ἠσαῦ,
3145 4139 3237 4190 καὶ
3283 4136 3352 4190 16
3383 4137 3527 4206 δῶρα
3577 4136 3736 4188 ἔλαϐε
3789 4139 3924 4205 παρ’

2364 4229 2546 4292 αὑτοῦ,
2581 4229 2730 4297 ἠξίου
2772 4224 3199 4296 συμπορεύεσθαι
3231 4223 3377 4292 αὑτῷ
3399 4240 3412 4254 °
3443 4225 3470 4276 6
3501 4223 3556 4276 δέ
3601 4227 3923 4292 παρῃτεῖτο.

2365 4316 2473 4367 Καὶ
2498 4313 2663 4366 ἐλθὼν
2692 4313 2976 4365 κατέλυσεν
3008 4313 3084 4373 είς
3116 4309 3264 4362 πόλιν
3292 4309 3527 4377 Σικίμων
3559 4308 3768 4376 Σαλήμ,
3795 4309 3926 4360 ἔνθα

2366 4400 2546 4468 Συχὲμ
2579 4400 2607 4449 6
2639 4398 2750 4460 υίὸς
2791 4396 3014 4467 Ἑμμὼρ
3043 4396 3133 4448 105
3170 4393 3450 4464 βασιλέως,
3484 4391 3731 4463 ἐρασθεὶς
3761 4394 3929 4454 Δίνας

2364 4487 2462 4554 τῆς
2496 4487 2758 4557 θυγατρὸς
2809 4483 3000 4537 Ἰακὼϐ
3022 4523 3036 4546 ,
3079 4483 3172 4536 καὶ
3220 4482 3440 4552 φθείρας
3483 4482 3581 4548 τήν
3615 4480 3892 4549 παρθένον
3916 4521 3930 4540 ,

2365 4573 2513 4640 ἠξίου
2544 4571 2693 4639 νόμῳ
2737 4569 2913 4638 γάμου
2964 4567 3143 4619 λαϐεῖν
3189 4567 3356 4635 αὑτὴν
3394 4568 3642 4633 γυναῖκα.
3683 4560 3824 4616 Εἶπε
3873 4565 3930 4617 δὲ

2367 4657 2588 4725 Συμεὼν
2643 4657 2734 4707 καὶ
2766 4655 2892 4707 Λευῖ
2937 4653 3124 4706 δώσειν
3165 4653 3416 4721 ἐτοίμως,
3460 4653 3506 4704 εί
3543 4649 3933 4720 περιτμηθεῖεν

2369 4745 2561 4795 ἐκεῖνοι
2598 4741 2732 4810 μετά
2762 4739 2852 4792 τοῦ
2882 4740 3007 4791 λαοῦ
3037 4739 3232 4791 αὐτῶν.
3269 4738 3354 4800 Ὦς
3376 4737 3431 4790 δὲ
3462 4736 3932 4806 περιετμήθησαν,

2371 4828 2449 4879 ἐτι
2483 4828 2639 4887 ὄντας
2681 4827 2738 4876 ἐν
2784 4824 2858 4892 τῷ
2907 4825 3051 4892 πόνῳ
3098 4824 3303 4875 ἀνεῖλον
3350 4823 3538 4884 αὐτοὺς
3571 4822 3786 4890 Συμεὼν
3838 4824 3933 4874 καὶ

2370 4914 2518 4966 Λευῖ.
2556 4911 2823 4976 Ἐφοϐεῖτο
2851 4909 3031 4960 λοιπὸν
3066 4911 3094 4961 6
3147 4906 3366 4968 Ἰακὼϐ,
3415 4907 3487 4977 μὴ
3534 4904 3934 4960 ωνεπιθῶνται

2373 4997 2518 5066 αὑτῴ
2540 4999 2585 5048 οἱ
2611 4997 2831 5064 πλησίον
2849 4996 3135 5047 Χαναναῖοι
3156 5009 3168 5021 ·
3191 4993 3283 5045 καὶ
3306 4991 3400 5044 τοῦ
3417 4990 3549 5046 Θεοῦ
3576 4991 3932 5052 κελεύσαντος

2375 5086 2604 5154 ἀνῆλθεν
2632 5086 2708 5146 εἰς
2743 5083 2959 5152 Βαιθήλ.
2991 5082 3096 5133 Καὶ
3129 5079 3396 5132 ἀπέθανεν
3425 5079 3457 5148 ὴ
3487 5078 3680 5148 τροφὸς
3711 5078 3936 5129 Ῥεϐέκο

2376 5191 2495 5234 κας.
2527 5173 2612 5233 '0;
2633 5172 2688 5222 δέ
2716 5170 3011 5238 ηὑλόγησεν
3037 5166 3182 5235 αὑτῷ
3201 5168 3228 5218 6
3249 5164 3622 5234 Θεὸς,ἀπάρας
3649 5165 3710 5215 ἐκ
3727 5163 3935 5230 Βαιθὴλ

2379 5258 2687 5325 κατῴκησεν
2714 5255 2962 5307 ἐπέκεινα
2985 5253 3189 5321 πύργου
3215 5251 3402 5320 Γαδέρ.
3421 5251 3549 5302 Τότε
3575 5247 3935 5317 ἐδυστόκησεν

2379 5347 2411 5413 ἠ
2436 5344 2652 5412 Ῥαχὴλ,
2672 5343 2764 5395 καὶ
2783 5341 3038 5404 ἀπέθανε,
3059 5341 3151 5392 καὶ
3177 5339 3349 5407 ἐτάφη
3369 5340 3426 5389 ἐν
3444 5339 3507 5405 τῇ
3531 5335 3631 5405 ὀδῷ
3655 5336 3933 5402 Ἐφραθᾰ·

2444 5523 2465 5550 ο
2498 5519 2545 5564 In
2573 5521 2710 5562 icxlu
2734 5513 2920 5561 Biblico
2942 5511 3170 5570 legimus,
3195 5514 3287 5556 πᾶν
3314 5508 3554 5555 διάλευκον
3577 5508 3656 5553 καὶ
3685 5504 3859 5570 ῥαντὸν.
3894 5504 3941 5550 ἐν

2379 5581 2478 5632 ταῖς
2499 5563 2654 5629 ίαίξίν.
2687 5575 2783 5640 Seu
2827 5574 2910 5630 qui
2942 5563 3227 5640 εοῖηροιιιίἰο
3254 5570 3482 5630 loquitur,
3517 5579 3612 5615 non
3646 5563 3806 5614 omnia
3843 5563 3940 5627 jam

2383 5646 2601 5687 accurate
2627 5637 2902 5698 exprimere
2925 5637 3083 5679 mia.-
