4096 6504
229 456 330 510 321

223 557 332 610 rilis
359 560 517 616 esset,
547 548 854 604 obsecrabat
874 547 1017 599 Isaac
1037 545 1196 596 Deum
1228 548 1285 593 ιιι
1306 541 1395 593 illa
1423 539 1720 599 conciperet
1749 554 1762 589 :

225 651 376 710 atque
400 649 458 693 ut
485 640 705 707 gestavit
734 649 960 694 uterum.
987 633 1116 686 dixit
1142 631 1213 684 illi
1238 631 1373 684 Deus
1396 647 1410 680 :
1442 629 1568 680 Dum
1607 635 1767 696 gentes

226 733 273 783 in
303 742 436 782 utero
458 738 540 781 tuo
569 736 700 787 sunt,
749 724 1054 793 populusque
1080 720 1314 789 papulum
1344 717 1586 788 superabit
1605 716 1621 786 (
1642 714 1766 766 (icit.

227 821 312 872 25.
335 818 442 881 εὖ)
475 833 486 868 :
517 815 806 884 przcdiccus
853 827 912 864 ea
943 825 1056 879 quze
1081 809 1288 862 Judaros
1311 815 1361 860 et
1390 821 1486 859 nt-s
1516 804 1768 857 Christia-

229 923 321 961 nos
347 906 670 974 spectabant.
696 902 948 956 Utautcm
971 899 1111 966 pueri
1131 897 1235 948 nati
1264 904 1383 947 sunt
1403 901 1766 954 etcreverunt,

227 996 380 1048 tradit
412 993 691 1060 venditque
743 988 1084 1058 primogenita
1126 1000 1216 1038 sua
1263 985 1456 1038 Jacobo
1497 983 1635 1035 Esau
1679 997 1770 1049 pro

228 1086 467 1138 coctione
494 1081 666 1135 lentis.
692 1082 820 1133 Cum
847 1079 996 1131 vellet
1019 1077 1158 1130 Isaac
1183 1076 1232 1127 in
1258 1074 1533 1143 Egyptum
1557 1072 1764 1126 deset-n-

228 1174 372 1235 dere,
403 1172 523 1240 quia
555 1170 718 1222 fames
760 1165 1092 1234 prccvalehat,
1145 1163 1378 1217 euhibuit
1418 1162 1559 1214 illum
1605 1162 1767 1224 Deus,

229 1262 463 1314 hortatus
494 1267 548 1311 ut
587 1259 690 1311 illic
719 1265 972 1316 maneret,
1001 1253 1084 1306 ubi
1121 1262 1240 1305 tunc
1265 1260 1394 1312 erat,
1422 1250 1675 1317 pollicitus
1714 1263 1771 1302 se

229 1365 342 1403 cum
367 1352 481 1418 ipso
530 1347 777 1410 futurum,
827 1359 887 1396 ac
917 1341 1309 1396 benedicturum
1353 1353 1531 1392 semen
1577 1338 1766 1405 ipsius,

229 1439 509 1506 ipsumque
523 1435 999 1501 multiplicatur-um.
1022 1432 1152 1485 Cum
1171 1429 1430 1483 didicisset
1451 1437 1619 1481 autem
1645 1427 1770 1480 Abi-

232 1526 434 1578 melech
465 1540 557 1578 rex
587 1523 899 1578 Gcrarorum
929 1520 1217 1574 Rebeccam
1243 1533 1454 1571 uxorem
1475 1532 1588 1569 esse
1614 1515 1769 1569 Isaaci

231 1614 247 1679 (
274 1612 636 1680 StISpicabatur
665 1611 801 1663 enim
825 1623 1055 1662 sororem
1086 1608 1196 1674 ejus
1225 1604 1396 1673 esse),
1442 1616 1658 1657 mortem
1690 1604 1770 1656 iu-

232 1700 360 1751 dixit
386 1700 450 1752 iis
471 1699 555 1767 qui
588 1699 683 1766 ipsi
711 1696 1075 1750 contumeliam
1107 1694 1375 1748 inferrent.
1410 1693 1769 1744 Tuncsemina

229 1787 416 1854 Sparsit
441 1787 602 1851 Isaac,
629 1794 681 1838 et
700 1785 895 1838 centies
918 1783 1308 1849 multiplicatum
1345 1781 1593 1833 hordeum
1625 1780 1772 1834 inve-

230 1877 319 1928 nit.
347 1877 480 1928 Cum
512 1884 684 1928 autem
729 1888 795 1927 ex
839 1872 1198 1925 benedictione
1233 1870 1323 1923 Dei
1363 1870 1562 1936 magnis
1593 1877 1772 1922 auctus

229 1973 368 2016 esset
384 1963 598 2027 divitiis,
641 1962 934 2016 invidebant
959 1961 1007 2015 ei
1054 1958 1360 2030 Phylistiim,
1389 1968 1442 2012 et
1471 1957 1770 2012 Ahimeleclt

230 2053 344 2107 inde
370 2069 490 2107 eum
510 2054 727 2122 expulit.
755 2053 844 2105 Ille
860 2066 982 2104 vero
1002 2065 1102 2103 non
1125 2049 1341 2112 obstitit,
1362 2049 1449 2101 sed
1473 2049 1702 2113 recessit,
1721 2056 1774 2101 et

230 2152 412 2211 puteos
434 2143 580 2208 fodit,
605 2158 700 2211 pro
720 2143 903 2210 quibus
928 2142 1044 2194 lites
1073 2140 1280 2193 fuerunt
1302 2139 1395 2206 (a).
1417 2139 1503 2191 Ille
1526 2153 1650 2192 vero
1670 2153 1770 2191 non

231 2234 362 2288 ultus
391 2250 506 2300 eos,
536 2235 668 2286 alios
697 2233 820 2285 fodit
851 2241 1050 2300 puteos,
1076 2231 1243 2284 donec
1271 2230 1343 2283 illi
1373 2230 1662 2282 molestiam
1689 2229 1762 2281 in-

231 2321 361 2376 ferre
390 2323 674 2376 desierunt.
700 2321 764 2373 Et
787 2320 1048 2374 benedixit
1075 2320 1218 2372 illum
1249 2320 1403 2374 Deus.
1429 2319 1571 2372 Isaac
1600 2329 1768 2372 autem

230 2426 283 2464 se
307 2412 586 2464 adeuntem
609 2410 994 2464 Abimelechum
1014 2410 1233 2478 benigne
1261 2410 1488 2477 suscepit
1511 2410 1774 2462 convivio-

229 2517 326 2568 que
355 2502 589 2569 excepit,
629 2502 930 2568 injuriarum
975 2500 1265 2552 immemor.
1298 2500 1449 2552 Duxit
1476 2499 1610 2552 Esat't
1634 2498 1769 2552 Cha-

231 2606 435 2644 nanazas
464 2591 727 2652 mulieres,
747 2605 860 2658 qua:
890 2589 1286 2657 Iitigahantcum
1306 2588 1560 2641 Rebecca.
1585 2587 1768 2641 Seuuit

231 2679 432 2732 lsaacus
459 2688 513 2731 et
537 2679 888 2745 religaverunt
916 2677 1050 2729 oculi
1080 2678 1191 2743 ejus
1215 2717 1228 2738 ,
1260 2678 1603 2745 pra-Cepitque
1635 2679 1769 2731 Esait

230 2765 328 2817 filio
353 2781 470 2830 suo,
497 2775 552 2818 ut
572 2775 850 2818 venaretur
875 2773 928 2818 et
950 2775 1153 2832 pararet
1173 2765 1270 2817 sibi
1290 2765 1502 2827 cibaria,
1529 2776 1581 2817 ut
1609 2767 1767 2820 bene-

227 2855 421 2909 diceret
447 2869 588 2908 eum.
622 2855 780 2908 Jacob
799 2863 990 2917 autem,
1010 2855 1073 2908 de
1095 2856 1273 2908 matris
1292 2857 1507 2910 consilio
1524 2865 1574 2911 et
1588 2872 1762 2926 Opera,

229 2943 360 2996 Esau
383 2942 595 2997 fratrem
623 2945 907 3011 prrevenit:
933 2959 1048 2997 nam
1071 2945 1231 2999 coctis
1250 2945 1335 2998 illa
1359 2945 1521 2999 haedis
1543 2947 1763 3012 duobus,

227 3041 277 3086 et
299 3033 524 3102 pellibus
557 3049 736 3088 eorum
765 3033 871 3088 ﬁlio
895 3036 1291 3104 circumpositis,
1320 3046 1374 3090 ut
1394 3038 1479 3091 filii
1509 3039 1766 3093 levitatem

227 3125 527 3194 obtegeret,
557 3126 748 3180 cibaria
796 3126 891 3194 ipsi
941 3127 1181 3189 tradidit,
1228 3137 1279 3180 et
1308 3129 1479 3180 emisit
1513 3143 1652 3182 eum.
1679 3128 1769 3184 Ille

228 3229 346 3268 vero
375 3217 643 3282 ingressus
670 3215 1058 3268 benedictiones
1085 3216 1300 3282 accepit.
1337 3216 1432 3269 Ubi
1465 3226 1636 3270 autem
1676 3233 1766 3271 ac-

226 3305 375 3354 cessit
408 3304 581 3364 Esat't,
614 3311 663 3356 et
704 3303 839 3369 quod
866 3313 1069 3369 gestum
1101 3315 1209 3356 erat
1232 3304 1478 3364 edidicit,
1512 3305 1766 3359 lamenta-

226 3390 390 3455 batnr,
419 3391 648 3459 lugebat,
680 3389 984 3460 petebatque
1014 3402 1064 3445 et
1093 3393 1199 3459 ipse
1228 3393 1640 3447 benedictionem
1669 3395 1764 3448 sibi

226 3478 328 3532 dari
359 3499 370 3531 :
393 3491 444 3532 et
462 3480 867 3548 perseverantia
887 3495 976 3533 sua
1003 3481 1194 3548 aliquid
1214 3483 1412 3545 eﬂ‘eci-t;
1445 3484 1571 3535 nihil
1595 3493 1764 3537 tamen

227 3576 437 3631 tanzum,
471 3577 725 3636 quantum
752 3570 996 3636 sperabat
1022 3586 1034 3622 :
1063 3571 1358 3637 impetravit
1385 3581 1576 3626 tamen.
1602 3573 1764 3626 Parva

228 3658 388 3726 itaque
419 3661 540 3712 loco
569 3658 779 3725 majoris
805 3659 1163 3716 benedictione
1187 3660 1428 3727 donatus,
1452 3662 1767 3716 irascebatur

225 3757 396 3800 contra
421 3747 656 3808 fratrem,
687 3746 888 3813 injuria:
914 3763 1132 3812 memor,
1155 3751 1587 3818 exspectabatque
1609 3752 1766 3818 patris

228 3845 465 3899 mortem,
500 3844 557 3888 ut
588 3843 709 3888 tunc
737 3837 851 3889 sine
876 3847 1011 3889 metu
1041 3839 1249 3892 insidias
1275 3841 1369 3908 ipsi
1391 3851 1614 3909 pararet.
1647 3841 1767 3895 Ilaec

226 3923 413 3978 Iacobo
440 3926 637 3979 indicat
655 3935 840 3988 mater,
864 3926 1200 3997 hortaturque
1220 3938 1274 3983 ut
1299 3931 1412 3999 fuga
1437 3932 1651 3985 salutem
1670 3933 1764 3985 sibi

227 4024 400 4079 paret:
430 4029 656 4082 cumque
686 4014 898 4069 dixisset
929 4015 1101 4070 Isaaco
1136 4034 1236 4071 non
1278 4019 1481 4073 vitalem
1525 4021 1622 4073 sibi
1657 4021 1767 4076 fore

227 4104 397 4172 vitam,
430 4105 473 4158 si
506 4104 669 4158 Jacoh
695 4106 849 4158 etiam
880 4122 942 4160 ex
969 4108 1275 4162 Chananaeis
1295 4125 1505 4164 uxorem
1531 4111 1764 4174 duceret,

228 4193 344 4246 illud
370 4194 532 4248 efficit
561 4205 620 4248 ut
642 4194 1042 4250 lsaacJacobum
1077 4199 1242 4252 mittat
1269 4200 1316 4252 in
1346 4201 1766 4268 Mesopotamiam

226 4282 285 4334 ad
309 4282 520 4337 fratrem
577 4286 738 4352 ipsius
786 4286 1072 4351 Labanum,
1103 4297 1158 4341 ut
1186 4304 1250 4342 ex
1280 4290 1480 4341 filiabus
1505 4290 1614 4356 ejus
1642 4306 1769 4342 uxo-

227 4387 328 4426 rem
351 4376 526 4428 ducat.
560 4376 682 4428 Post
721 4375 896 4428 Jacobi
929 4377 1215 4445 profectum
1265 4379 1409 4432 duxit
1441 4380 1578 4432 Esai’i
1612 4380 1766 4432 tiliam

229 4461 449 4517 Ismaelis
471 4465 568 4519 sibi
596 4481 828 4519 uxorem.
861 4467 1043 4520 lsmael
1063 4477 1235 4522 autem
1261 4470 1393 4524 filius
1412 4481 1523 4525 erat
1549 4471 1768 4525 Abrahze

226 4565 284 4602 ex
313 4555 499 4620 Agare.
528 4554 682 4607 V'idet
710 4556 897 4608 scalam
924 4557 1102 4620 Jacob,
1125 4561 1333 4626 cippum
1359 4561 1526 4625 erigit,
1557 4562 1772 4628 promit-

229 4639 384 4706 titque
409 4657 466 4694 se
493 4644 750 4696 bonorum
779 4660 985 4698 suorum
1014 4647 1239 4701 decimas
1264 4650 1369 4703 Deo
1415 4651 1675 4714 daturmn,
1726 4653 1768 4704 si

228 4727 496 4784 incolumis
528 4740 895 4785 reverteretur.
933 4735 1080 4788 Venit
1106 4738 1154 4789 in
1174 4739 1613 4806 Mesopotamiam,
1646 4742 1772 4795 vidit

229 4814 528 4884 Itachelem,
563 4820 727 4886 ipsam
750 4822 1008 4874 osculatus
1028 4833 1143 4886 est;
1172 4841 1378 4878 reversa
1412 4829 1577 4894 puella
1607 4829 1654 4880 id
1685 4845 1771 4882 re-

221 4909 633 4974 uuntiavitpatri
661 4924 753 4962 suo
782 4911 1010 4964 Lahauo.
1042 4914 1126 4966 Ille
1148 4916 1358 4969 veniens
1389 4920 1594 4985 agnovit
1619 4919 1770 4971 Jaco-

227 4993 361 5058 bum,
394 4997 603 5050 induxit
649 4998 790 5050 illum
829 5000 1063 5053 domum.
1105 5002 1266 5056 Jacob
1305 5007 1515 5058 servivit
1554 5007 1659 5069 illi,
1721 5009 1769 5060 in

225 5084 512 5138 mercedem
543 5086 704 5137 tiliam
734 5087 892 5152 ipsius
908 5101 1213 5156 accepturus
1235 5111 1247 5144 :
1269 5094 1352 5146 ille
1371 5111 1495 5147 vero
1523 5098 1771 5162 majorem

228 5181 339 5224 natu
360 5175 521 5227 dedit.
559 5173 720 5241 Aigre
761 5177 939 5228 ferenti
972 5179 1164 5232 Jacobo
1187 5183 1254 5234 ob
1284 5182 1558 5246 fallaciam,
1583 5201 1771 5253 propo-

230 5259 297 5310 uit
325 5271 377 5313 ut
411 5274 614 5330 septem
643 5263 770 5313 alios
797 5279 960 5318 annos
984 5269 1080 5319 sibi
1125 5271 1335 5334 serviat,
1377 5273 1419 5324 si
1449 5274 1568 5324 velit
1605 5283 1658 5326 et
1687 5276 1771 5341 ju-

227 5349 416 5401 niorcnt
464 5349 682 5402 dueere.
739 5351 826 5404 Ille
869 5368 992 5405 vero
1043 5356 1092 5408 id
1145 5373 1350 5426 quoque
1380 5374 1560 5427 passus
1594 5371 1690 5426 est,
1721 5375 1774 5415 et

225 5433 365 5490 duxit
390 5440 548 5493 etiam
575 5440 860 5508 juniorcm.
894 5442 1017 5496 Erat
1043 5455 1212 5499 autem
1236 5449 1399 5516 major
1425 5461 1544 5503 natu
1564 5451 1650 5502 Lia
1680 5453 1774 5519 lip-

227 5524 298 5587 pis
319 5529 513 5591 oculis;
549 5529 728 5596 junior
769 5540 939 5582 autem
985 5531 1180 5586 Rachel
1227 5536 1473 5590 formosa.
1533 5539 1621 5591 llze
1651 5554 1774 5593 vero

228 5611 394 5680 figurre
419 5625 562 5681 sunt,
598 5631 787 5683 nempe
818 5617 980 5684 major
1001 5627 1124 5672 natu
1148 5638 1421 5692 synagoga:
1448 5625 1769 5694 Judmorum,

280 5720 348 5782 (tt)
380 5729 488 5773 ttzec
511 5725 729 5774 pluribus
754 5739 830 5785 ex;
851 5727 1047 5777 limatur
1070 5739 1210 5779 'I‘nntr)
1236 5741 1303 5793 tv,
1335 5736 1425 5784 col.
1454 5738 1541 5786 457

542 5802 812 5859 PA'rnOL.
849 5803 891 5862 ί]
906 5821 960 5859 [ι.
1003 5803 1148 5861 LVI.

1296 427 1605 483 SYNOPSIS
1639 423 1868 482 SCRIPT
1878 424 2031 479 υῐὶέΕ
2070 423 2334 477 SACRJC.

3304 441 3413 493 322

1871 536 2044 602 juttiur
2072 543 2240 587 autem
2270 534 2511 586 Ecclesirc
2534 533 2744 586 Christi.
2777 533 3022 601 Concepit
3051 533 3160 596 Lia,
3184 545 3236 587 et
3266 549 3420 603 pepe-

1873 628 1938 678 rit
1969 626 2168 686 Ruben,
2195 625 2526 693 Symeonem,
2558 622 2679 678 Levi
2709 633 2759 677 et
2785 623 2991 677 Judam.
3026 624 3216 677 Rachel
3247 635 3417 678 autem

1873 715 1989 782 quia
2016 729 2117 766 non
2153 714 2403 782 pariebat,
2427 713 2513 765 dat
2532 712 2726 766 Jacobo
2755 727 2968 766 uxorem
2992 712 3293 777 secundam,
3321 729 3416 765 an-

1873 805 2040 857 cillam
2073 817 2260 871 nempe
2288 817 2432 854 suam
2473 802 2670 864 Balam,
2720 811 2772 854 et
2819 803 3018 870 peperit
3065 803 3150 854 illa
3209 802 3314 854 Dm
3363 812 3418 855 et

1873 892 2221 959 Nephthalim.
2257 891 2405 944 Dedit
2429 892 2583 943 etiam
2617 891 2702 942 Lia
2731 891 2979 957 Zelpham
3002 891 3240 944 ancillam
3268 904 3414 943 suam

1873 981 2066 1034 Jacoho
2098 995 2308 1032 uxorem
2344 997 2354 1031 :
2385 980 2495 1031 lucc
2533 995 2656 1033 vero
2684 981 2884 1046 peperit
2913 978 3020 1032 Gad
3061 990 3111 1031 et
3141 983 3286 1032 Aser.
3321 981 3416 1034 Pe-

1877 1073 2005 1137 perit
2029 1068 2211 1121 deiude
2238 1069 2392 1120 etiam
2419 1068 2503 1120 Lia
2522 1066 2727 1121 Isaehar
2746 1078 2795 1120 et
2815 1068 3064 1120 Zahulon.
3091 1067 3235 1120 Tunc
3260 1083 3417 1136 pepe-

1876 1161 1937 1210 rit
1964 1173 2167 1226 quoque
2193 1158 2382 1209 Rachel
2401 1156 2706 1226 Josephum.
2731 1157 2856 1211 Cum
2884 1170 3052 1211 autem
3081 1159 3233 1212 vellet
3255 1158 3415 1212 Jacob

1874 1250 2063 1302 reverti
2094 1250 2143 1300 in
2169 1258 2355 1302 terram
2396 1263 2561 1311 suam,
2589 1248 2677 1300 dat
2718 1248 2812 1316 ipsi
2868 1248 3161 1303 mercedem
3216 1248 3409 1311 Laban,

1874 1353 2025 1407 quam
2055 1338 2163 1405 ipse
2192 1337 2351 1390 Jacob
2367 1336 2747 1400 determinavit,
2779 1352 2932 1391 omne
2957 1337 3222 1392 fuscumin
3242 1339 3407 1407 agnis,

1875 1436 1925 1478 et
1955 1441 2106 1478 omne
2133 1427 2303 1478 album
2337 1427 2384 1478 in
2415 1427 2584 1492 captis
2611 1444 2623 1476 ι
2656 1426 2736 1476 illa
2775 1436 2946 1477 autem
2993 1441 3142 1494 quam
3193 1429 3411 1493 plurima

1875 1516 2210 1567 oriebantur:
2236 1512 2461 1581 ponebat
2488 1514 2625 1565 enim
2655 1514 2814 1567 Jacob
2839 1516 3007 1582 virgas
3039 1515 3088 1566 in
3115 1515 3411 1580 canalibus;

1875 1614 1925 1658 ct
1956 1604 2312 1672 eoncipiebant
2342 1618 2483 1665 oves,
2514 1605 2856 1672 ctparicbaut
2893 1606 3006 1659 alba
3053 1614 3106 1660 et
3146 1608 3307 1671 varia,
3361 1618 3416 1661 et

1875 1694 2110 1746 ciueritio
2154 1693 2326 1746 colore
2370 1708 2568 1760 sparsa.
2617 1693 2745 1744 Illud
2798 1709 2922 1747 vero
2965 1703 3128 1748 totum
3170 1695 3256 1749 Dei
3304 1707 3416 1750 erat

1874 1798 2023 1851 opus,
2067 1793 2122 1836 ut
2165 1784 2275 1851 ipse
2302 1783 2461 1836 .IaCob
2487 1784 2576 1834 ait.
2625 1782 2925 1836 Invidebant
2951 1785 2997 1837 ei
3020 1785 3106 1838 lilii
3135 1785 3330 1848 Lahan,
3361 1797 3415 1840 et

1877 1873 1961 1926 ille
1990 1873 2120 1924 clam
2149 1872 2372 1940 acceptis
2403 1873 2646 1925 uxoribus
2681 1872 2787 1925 suis
2807 1887 2923 1926 cum
2947 1871 3275 1927 facultatibus
3294 1876 3414 1929 abs-

1875 1963 2049 2016 cessit.
2080 1962 2253 2014 Labau
2280 1977 2406 2015 vero
2435 1962 2741 2031 insequutus
2760 1978 2876 2016 eum
2899 1974 2998 2026 est,
3026 1979 3087 2018 ac
3113 1967 3410 2034 priusquam

1875 2066 1991 2104 cum
2013 2051 2102 2104 illo
2127 2051 2551 2119 congrederetur,
2581 2051 2945 2106 interminatus
2973 2062 3052 2105 est
3078 2053 3146 2105 illi
3187 2054 3340 2117 Deus,
3368 2055 3413 2108 si

1873 2157 2058 2211 aspere
2076 2142 2321 2196 Jacobum
2337 2143 2646 2195 adoriretur.
2673 2143 2760 2196 Ille
2777 2157 2899 2196 vero
2922 2153 2974 2195 ut
2994 2141 3223 2207 advenit,
3248 2145 3414 2211 primo

1875 2231 2162 2295 incusabat,
2195 2241 2244 2284 et
2268 2245 2476 2284 causam
2505 2229 2789 2297 quaerebat,
2817 2243 2910 2282 cur
2932 2229 3102 2282 furtim
3133 2231 3414 2284 absceSsis-

1875 2331 1972 2375 set.
2006 2321 2069 2376 Ut
2089 2331 2262 2374 autem
2286 2318 2748 2387 Jacobrespondit,
2765 2335 2822 2374 se
2839 2320 2887 2372 id
2907 2320 3022 2374 ideo
3050 2320 3253 2386 fecisse,
3276 2323 3412 2391 quod

1873 2413 1970 2464 sibi
1999 2412 2336 2473 invideretur,
2379 2419 2431 2463 et
2470 2410 2688 2463 veritum
2717 2425 2784 2464 ne
2823 2410 2955 2464 tilias
2992 2425 3111 2464 suas
3148 2415 3408 2474 retineret,

1873 2502 2000 2553 deos
2026 2514 2148 2553 suos
2191 2499 2453 2568 repetebat
2482 2498 2678 2564 Laban,
2713 2513 2842 2566 quos
2869 2498 3032 2551 furata
3059 2507 3172 2552 erat
3197 2500 3413 2554 Rachel.

1873 2593 1998 2644 Cum
2018 2601 2188 2643 autem
2208 2605 2310 2643 non
2327 2590 2628 2654 invenisset,
2650 2591 2806 2641 instat
2821 2589 3154 2642 vehementer
3168 2588 3328 2642 Jacob
3347 2590 3412 2642 in.

1872 2692 2078 2732 cusans.
2103 2679 2340 2742 Demum,
2374 2685 2646 2744 postquam
2663 2676 3064 2730 comedet-autet
3089 2676 3343 2739 biberant,
3363 2678 3412 2731 in

1874 2769 2006 2820 viam
2035 2771 2252 2836 quisque
2293 2783 2436 2821 suam
2469 2775 2793 2820 recesserunt
2813 2807 2827 2826 ,
2858 2767 3110 2819 tumulum
3139 2765 3247 2820 illic
3269 2767 3405 2836 lapi-

1872 2857 1994 2909 dum
2039 2867 2327 2910 statuentes
2353 2896 2366 2916 .
2409 2870 2560 2922 quem
2600 2856 2783 2909 eollem
2831 2856 3408 2909 testimoniivocarunt.

1873 2948 2018 3001 Tunc
2047 2961 2321 3000 occurrere
2351 2947 2544 2999 Jacobo
2573 2946 2740 3013 angeli
2772 2946 2880 2998 Dei.
2921 2945 3076 2998 Mittit
3101 2962 3226 3000 vero
3253 2947 3412 3000 Jacob

1871 3039 1933 3091 ad
1976 3039 2146 3104 Esau,
2179 3039 2264 3107 qui
2290 3037 2656 3089 annuntiarent
2682 3035 2956 3089 adventum
2992 3050 3160 3090 suum.
3199 3037 3260 3091 Ut
3290 3053 3412 3092 vero

1871 3129 2137 3182 redierunt
2163 3128 2197 3180 ii
2223 3128 2306 3195 qui
2347 3127 2488 3179 missi
2510 3125 2732 3190 fuerant,
2765 3136 2815 3177 et
2845 3126 3207 3178 nuntiaverunt
3235 3127 3411 3180 venire

1871 3217 2008 3269 Esau
2032 3231 2149 3268 cum
2177 3214 2568 3283 quadringentis
2599 3214 2740 3277 viris,
2767 3214 3040 3266 formidine
3061 3223 3240 3280 captus
3266 3226 3411 3282 rogat

1871 3308 2066 3369 Deum,
2100 3314 2154 3358 ut
2182 3320 2237 3358 se
2261 3307 2325 3358 ab
2355 3304 2643 3357 imminenti
2669 3304 2897 3372 periculo
2921 3304 3121 3368 liberet,
3155 3306 3412 3372 mittitque

1868 3397 2003 3450 dona
2051 3397 2185 3448 Esau
2232 3395 2397 3447 fratri.
2431 3395 2498 3448 Ut
2528 3403 2698 3446 autem
2745 3394 3009 3462 ingressus
3050 3403 3130 3446 est
3157 3393 3316 3447 Jacob
3358 3395 3410 3446 in

1868 3495 2150 3539 torrentem
2176 3526 2190 3549 ,
2227 3483 2743 3551 benedictionemque
2771 3484 3010 3551 accepit,
3045 3498 3107 3535 ac
3150 3493 3408 3538 mutatum

1871 3577 1962 3627 fuit
1989 3589 2178 3626 nomen
2204 3573 2338 3639 ejus,
2366 3572 2502 3624 videt
2529 3572 2664 3623 Esau
2691 3571 3001 3632 venientem,
3025 3585 3086 3624 ac
3111 3572 3275 3623 divisa
3302 3583 3410 3625 tur-

1870 3680 1949 3716 ma
1973 3679 2084 3726 sua,
2106 3662 2320 3715 ancillas
2341 3677 2456 3714 cum
2482 3661 2598 3713 filiis
2616 3661 2722 3712 suis
2745 3661 2933 3727 primas
2959 3661 3243 3723 constituit,
3269 3661 3410 3714 Liam

1870 3755 2146 3808 secundam
2169 3769 2286 3806 cum
2312 3754 2445 3817 liliis,
2479 3765 2530 3805 et
2550 3752 2829 3806 Rachelem
2851 3767 2967 3805 eum
2991 3752 3183 3820 .Ioseph
3214 3762 3413 3819 postre-

1871 3859 2007 3895 mam
2054 3844 2232 3896 vcnire
2273 3843 2465 3910 jussit:
2496 3839 2607 3909 ipse
2627 3856 2756 3895 vero
2784 3843 2980 3910 primus
3020 3842 3309 3896 incedebat.
3343 3842 3412 3897 Ut

1870 3942 2042 3984 autem
2063 3931 2265 3999 placide
2293 3931 2421 3983 vidit
2449 3929 2592 3982 illum
2625 3929 2760 3982 Esau
2785 3970 2798 3993 ,
2827 3941 2879 3984 et
2906 3931 3039 3984 dona
3065 3930 3131 3981 ab
3160 3930 3249 3983 illo
3268 3945 3413 3984 acce-

1872 4020 1978 4086 pit,
2009 4020 2222 4087 rogabat
2251 4034 2307 4071 se
2336 4023 2431 4070 via:
2460 4019 2702 4071 comitem
2730 4019 2987 4085 acciperet
3016 4037 3029 4070 :
3059 4017 3219 4071 Jacob
3239 4027 3412 4072 autem

1871 4111 2060 4162 renuit.
2091 4106 2338 4161 Confecto
2383 4109 2567 4160 itinere
2606 4118 2837 4160 moratus
2878 4117 2956 4160 est
2986 4109 3036 4162 in
3075 4108 3246 4162 Salem
3284 4110 3414 4162 Sici-

1872 4213 2074 4250 morutn
2102 4199 2245 4260 urbe,
2280 4197 2366 4250 ubi
2392 4197 2612 4266 Syehem
2643 4197 2777 4249 tilius
2806 4197 3015 4250 Iinnnor
3039 4199 3174 4266 regis
3193 4239 3207 4263 ,
3236 4214 3415 4252 amore

1873 4288 2014 4341 Dirue
2042 4288 2158 4341 ﬁliae
2191 4288 2367 4342 Jacobi
2392 4298 2572 4355 captus
2601 4296 2709 4351 est,
2746 4288 2933 4356 illaque
2959 4288 3154 4352 vitiata,
3194 4288 3413 4356 rogabat

1873 4378 2012 4430 illam
2041 4378 2233 4430 ducere
2278 4393 2494 4431 uxorem
2524 4377 2620 4430 sibi
2661 4377 2860 4430 liceret.
2888 4377 3285 4445 ReSpondcrunt
3313 4379 3415 4445 Sy-

1873 4482 2024 4519 mcon
2051 4477 2102 4520 et
2130 4467 2253 4520 Levi
2276 4507 2290 4531 ,
2324 4482 2380 4520 se
2410 4467 2629 4521 libenter
2655 4467 2867 4520 daturos
2888 4507 2902 4530 ,
2945 4468 2987 4519 si
3015 4467 3110 4534 ipsi
3141 4468 3414 4520 circumci-

1872 4556 2118 4610 derentur
2138 4570 2257 4609 cum
2284 4556 2475 4624 popqu
2494 4571 2606 4608 suo.
2629 4555 2696 4608 Ut
2725 4570 2848 4609 vero
2869 4569 2927 4608 se
2956 4556 3412 4619 eircumciderunt,

1873 4660 1993 4698 cum
2024 4644 2192 4697 adhuc
2233 4646 2283 4697 in
2314 4645 2495 4697 dolore
2542 4653 2910 4706 versarentur,
2959 4643 3076 4696 illos
3114 4643 3418 4698 interfecere

1873 4736 2095 4804 Symeon
2135 4745 2187 4788 et
2228 4735 2368 4787 Levi.
2412 4734 2668 4786 Metuebat
2703 4734 2950 4801 deinceps
2990 4735 3149 4788 Jacob
3177 4750 3242 4788 ne
3271 4737 3320 4787 in
3361 4751 3419 4790 se

1875 4825 2130 4877 irruerent
2161 4824 2311 4875 vicini
2338 4822 2613 4875 Chaunumi
2647 4841 2658 4874 :
2699 4823 2907 4892 Delique
2931 4825 3145 4892 jubcutc
3186 4828 3421 4880 ascendit

1876 4914 1924 4965 in
1956 4913 2172 4964 Ba'thel.
2206 4912 2506 4978 Mortuaque
2535 4921 2613 4964 cst
2638 4915 2809 4965 nutrix
2855 4914 3119 4968 Rebeccae.
3149 4916 3216 4970 Ut
3247 4929 3418 4968 autem

1877 5002 2135 5053 benedixit
2163 5001 2355 5052 .Iacobo
2380 5001 2532 5064 Deus,
2561 5001 2822 5069 profectus
2847 5018 2909 5054 ex
2941 5002 3132 5054 Bzethel
3164 5002 3414 5053 habitavit

1876 5093 2004 5143 ultra
2035 5092 2212 5143 turrim
2235 5091 2420 5145 Gadcr.
2453 5093 2597 5145 Tunc
2619 5093 2891 5148 infeliciter
2915 5094 3114 5160 peperit
3139 5092 3330 5146 Rachel
3361 5102 3417 5146 et

1877 5194 2075 5236 mortua
2103 5194 2181 5235 est
2207 5224 2220 5244 ,
2253 5184 2558 5251 sepultaque
2605 5193 2682 5235 est
2714 5183 2762 5234 in
2801 5184 2880 5235 via
2907 5182 3128 5250 Epln-ata
3162 5199 3175 5236 :
3208 5183 3317 5236 lucc
3346 5193 3426 5235 est

1879 5271 2197 5323 b‘cthleltem.
2222 5272 2315 5336 Qui
2342 5283 2494 5324 natus
2513 5284 2683 5325 autem
2709 5283 2806 5336 est,
2834 5273 3100 5340 Benjamin
3124 5282 3253 5326 erat.
3280 5274 3425 5326 Tunc

1877 5359 2122 5411 dormivit
2160 5361 2338 5412 Ruben
2368 5375 2482 5412 cum
2518 5361 2657 5413 Balla
2689 5363 2974 5413 concubina
3009 5363 3168 5428 patris
3208 5362 3304 5413 sui.
3334 5361 3427 5412 Illo

1881 5459 2114 5514 tempore
2144 5460 2378 5501 mortuus
2405 5460 2484 5501 cst
2518 5451 2658 5502 Isaac
2685 5466 2698 5509 ;
2729 5461 2781 5502 et
2801 5452 3124 5518 sepelierunt
3147 5465 3263 5503 eum
3295 5450 3431 5503 Esai’t

1880 5547 1929 5590 ct
1944 5538 2122 5591 Iacob.
2137 5539 2445 5607 Gcnealogia
2469 5539 2672 5590 ducitur
2692 5539 2950 5606 progeniei
2969 5539 3128 5604 Esau,
3147 5539 3280 5591 inter
3298 5554 3429 5604 quos

1879 5627 1976 5680 Job
2005 5629 2263 5696 reperitur
2286 5629 2359 5696 (a)
2386 5669 2398 5692 ,
2430 5628 2519 5695 qui
2550 5627 2713 5680 Jobab
2736 5628 2818 5681 hic
2844 5639 3074 5681 vocatur.
3100 5627 3326 5694 Josepho
3359 5629 3431 5680 in-

1946 5739 2012 5797 (n)
2048 5739 2142 5786 Jobi
2170 5738 2403 5798 originem
2426 5738 2484 5784 ab
2509 5736 2623 5785 Fsaii
2666 5737 2860 5786 deducit
2896 5737 3250 5793 flhrvsostcmus
3286 5737 3363 5787 hic
3385 5743 3432 5786 ct

3023 5817 3101 5874 20
