4096 6474
689 369 802 425 323

691 478 870 534 vident
911 478 1094 532 fratres
1136 478 1456 531 somniorum
1501 489 1656 530 causa
1681 515 1694 538 ,
1743 472 1963 541 etquod
1998 472 2163 539 magis
2213 485 2241 521 a

696 576 842 636 patre
877 567 1195 635 diligeretur.
1231 567 1485 633 lllumque
1523 565 1690 616 solum
1719 562 1854 614 nacti
1879 559 2119 613 occidere
2154 573 2246 611 vo-

692 655 868 710 lebant
894 671 908 708 :
932 655 1210 708 consulens
1235 663 1406 708 autem
1438 652 1656 716 Ruben,
1688 659 1744 703 ut
1782 649 1833 703 in
1863 648 2032 702 lacum
2062 647 2245 714 injice-

694 754 876 809 retur,
909 745 1115 799 volebat
1157 743 1300 797 illum
1347 743 1528 796 saltem
1572 757 1599 794 a
1639 749 1807 793 morte
1848 739 2073 806 eripere.
2110 737 2239 790 Cum

692 833 1010 902 injecissent,
1035 832 1377 887 vendiderunt
1396 831 1604 884 demum
1629 827 1941 892 Madianitis,
1964 825 2093 879 Juda
2121 840 2245 878 enn-

691 926 913 979 sulente.
942 923 1189 976 Tunicam
1215 930 1386 974 autem
1410 920 1521 987 ejus
1547 918 1796 985 sanguine
1823 917 2032 969 tinctam
2065 923 2242 967 osten-

692 1014 878 1068 derunt
907 1013 1056 1081 patri.
1091 1010 1182 1065 llle
1203 1024 1330 1064 vero
1351 1019 1536 1078 putans
1565 1008 1706 1061 illum
1727 1021 1756 1058 a
1780 1007 1888 1058 fera
1915 1004 2240 1065 devoratum,

691 1103 919 1171 graviter
943 1101 1172 1170 lugebat.
1206 1099 1354 1154 Juda:
1379 1107 1553 1152 autem
1585 1097 1692 1149 nati
1719 1103 1870 1158 sunt,
1906 1094 1995 1156 Er,
2024 1095 2204 1146 Aunan
2225 1134 2240 1158 ,

691 1204 744 1246 et
771 1193 950 1248 Selon.
977 1193 1180 1246 Mortuo
1203 1201 1376 1244 autem
1404 1191 1474 1243 Er
1492 1228 1507 1253 ,
1548 1200 1764 1240 uxorem
1791 1184 1906 1253 ejus
1931 1183 2243 1238 Thamarem

690 1282 837 1335 duxit
859 1281 1021 1335 frater
1047 1280 1160 1349 ejus
1190 1282 1376 1333 Aunan
1405 1295 1418 1330 :
1446 1278 1532 1345 qui
1555 1275 1763 1329 uolebat
1782 1289 1959 1328 semen
1989 1274 2244 1326 suscitare

692 1370 840 1424 fratri
866 1382 983 1423 suo.
1007 1367 1076 1422 Ut
1094 1383 1218 1422 vero
1240 1368 1322 1421 hic
1345 1379 1551 1435 quoque
1573 1373 1809 1417 mortuus
1834 1371 1913 1416 est
1939 1404 1953 1423 ,
1979 1375 2082 1413 non
2111 1361 2242 1412 ultra

695 1461 904 1515 volebat
937 1458 1099 1514 Judas
1139 1458 1317 1512 Seloni
1358 1457 1510 1510 tertio
1537 1457 1643 1508 lilio
1683 1453 1992 1507 Thamarem
2029 1465 2242 1504 uxorem

699 1551 836 1607 dare.
907 1549 1136 1602 Thamar
1164 1561 1288 1601 vero
1324 1555 1505 1600 ornata
1545 1554 1602 1598 ut
1635 1543 1880 1597 meretrix
1920 1555 2070 1596 secus
2109 1542 2242 1592 viam

691 1641 844 1694 sedit.
867 1639 1008 1693 Illam
1029 1647 1201 1694 autem
1223 1653 1350 1692 vere
1365 1637 1687 1690 meretricem
1710 1643 1894 1703 putans
1908 1631 2066 1686 Judas
2090 1632 2108 1698 (
2125 1646 2243 1684 nam

693 1730 888 1783 vultum
914 1730 1183 1798 obtegerat
1205 1730 1224 1798 )
1247 1769 1263 1795 ,
1296 1729 1558 1796 ingressus
1583 1734 1665 1782 est
1688 1726 1750 1779 ad
1781 1741 1893 1779 eam
1919 1764 1934 1789 ,
1957 1724 2244 1792 pignusque

692 1822 835 1874 dedit
875 1822 988 1885 illi,
1023 1829 1261 1889 torquem
1301 1827 1354 1874 et
1382 1819 1628 1872 annulum
1671 1827 1722 1874 et
1750 1817 1970 1886 virgam.
2009 1815 2078 1870 Ut
2115 1829 2242 1869 vero

696 1909 1048 1964 renuntiatum
1089 1918 1266 1978 postea
1309 1917 1390 1962 est
1429 1908 1738 1962 Thamarem
1777 1915 1980 1959 uterum
2009 1914 2242 1974 gestare,

698 1999 851 2066 jussit
886 2013 1036 2052 socer
1062 1998 1176 2067 ejus
1213 1996 1374 2052 Judas
1400 2010 1519 2050 eam
1551 1995 1807 2050 comburi.
1837 1994 1924 2047 llla
1948 2009 2074 2049 vero
2103 1994 2246 2048 misit

696 2089 895 2154 dicens,
929 2103 993 2143 ex
1017 2089 1108 2143 illo
1128 2090 1241 2142 viro
1262 2102 1319 2142 se
1337 2087 1660 2156 concepisse,
1681 2086 1828 2155 cujus
1845 2095 1981 2142 esset
1999 2085 2241 2140 annulus.

702 2179 848 2232 ’l‘unc
875 2178 948 2232 ait
973 2177 1134 2232 Iudas
1158 2219 1174 2244 ,
1205 2176 1399 2230 Justior
1427 2187 1497 2230 est
1527 2174 1745 2229 Thamar
1771 2191 1919 2244 quam
1958 2191 2044 2244 ego
2070 2175 2090 2245 (
2117 2173 2242 2228 Gen.

697 2269 786 2322 38.
813 2266 942 2338 26).
971 2267 1100 2321 Cum
1123 2275 1293 2320 autem
1321 2265 1514 2334 peperit
1537 2305 1550 2328 ,
1573 2264 1744 2318 emisit
1772 2279 1979 2317 manum
2008 2263 2162 2327 Zara.
2191 2272 2246 2318 et

700 2369 877 2428 postea
899 2359 1134 2423 retraxit,
1159 2367 1212 2410 et
1235 2371 1474 2426 egressus
1493 2363 1570 2409 est
1587 2355 1800 2419 Phares,
1823 2363 1875 2408 et
1896 2363 2072 2423 postea
2092 2354 2242 2408 Zara.

703 2448 823 2501 Ilmc
849 2461 1003 2515 porro
1043 2446 1120 2499 sic
1161 2445 1440 2514 allegorice
1481 2444 1821 2512 explicantur.
1854 2443 2114 2507 Protulit,
2167 2444 2245 2496 in-

708 2536 914 2604 quiunt,
950 2535 1149 2604 primus
1175 2534 1396 2604 populus
1419 2573 1435 2598 ,
1462 2548 1648 2602 nempe
1668 2533 1792 2600 justi
1820 2533 1906 2602 qui
1933 2541 2052 2587 ante
2077 2534 2244 2602 legem

700 2624 926 2690 fuerunt,
957 2639 1166 2681 manum
1186 2665 1199 2687 ν
1228 2623 1278 2677 id
1306 2632 1386 2678 est
1413 2624 1569 2676 vitam
1603 2624 1789 2677 virtute
1812 2634 2047 2677 ornatam
2069 2634 2122 2678 et
2148 2639 2244 2676 an-

698 2716 938 2786 gelicam.
974 2715 1167 2770 Deinde
1203 2717 1251 2768 in
1289 2715 1516 2770 medimu
1564 2714 1771 2768 inducta
1799 2725 1880 2769 est
1917 2716 2034 2781 lex;
2066 2725 2244 2784 postea

700 2819 828 2860 vero
855 2813 1093 2859 revocata
1122 2820 1325 2859 rursum
1355 2814 1436 2859 est
1462 2803 1542 2858 illa
1575 2804 1718 2874 prior
1745 2805 1846 2857 vita
1870 2845 1884 2871 ,
1919 2819 2010 2873 per
2048 2805 2242 2858 Christi

705 2892 998 2946 institutum
1024 2892 1089 2945 ad
1116 2891 1476 2960 perfectiorem
1501 2901 1690 2945 statum
1719 2901 1961 2959 provecta
1992 2893 2084 2961 (a).
2109 2893 2246 2947 Emit

700 2980 982 3049 Josepbum
1010 2982 1252 3050 princeps
1276 2995 1557 3050 coquorum
1580 2979 1864 3034 Pharaonis
1885 2980 2204 3048 Pentephres
2229 3000 2240 3035 ε

701 3073 903 3142 ipsique
941 3073 1201 3130 commisit
1237 3088 1414 3126 curam
1444 3070 1676 3124 omnium
1720 3086 1836 3141 qua:
1865 3070 1916 3124 in
1963 3070 2123 3124 domo
2152 3085 2244 3124 sua

704 3172 874 3218 erant.
903 3163 1015 3218 Non
1046 3164 1203 3219 cessit
1245 3163 1332 3217 ille
1359 3163 1497 3216 bcrre
1535 3163 1599 3216 ad
1640 3161 1957 3231 peccandum
2000 3162 2244 3215 hortanti.

702 3255 970 3309 Calumnia
1005 3254 1268 3322 impetitus
1292 3261 1402 3316 est,
1433 3252 1699 3321 conjectus
1732 3252 1783 3305 in
1809 3266 2072 3306 carcerem
2107 3250 2203 3304 fuit
2230 3267 2244 3304 :

702 3344 860 3396 etiam
882 3342 985 3396 illic
1000 3341 1281 3395 dominium
1302 3341 1598 3405 obtinebat;
1623 3341 1837 3409 principi
1867 3340 2240 3410 pincernarum

703 3442 759 3486 et
787 3433 1005 3500 principi
1037 3431 1285 3499 pistorum
1315 3431 1679 3499 interpretatus
1703 3439 1783 3483 est
1811 3431 2030 3484 somnia.
2063 3431 2249 3485 Evenit

704 3525 839 3578 sicut
866 3523 977 3592 ipse
1005 3522 1208 3577 dixerat
1237 3540 1248 3576 :
1283 3522 1368 3577 ille
1392 3524 1583 3590 Quippe
1611 3523 1811 3575 occisus
1833 3563 1846 3585 ,
1876 3521 1960 3575 hic
1985 3523 2038 3576 in
2073 3523 2248 3591 pristi-

703 3628 826 3665 num
849 3613 1097 3665 honorem
1117 3611 1360 3665 reductus
1379 3619 1476 3664 est.
1496 3610 1634 3664 Vidit
1653 3611 1853 3664 Pharao
1871 3611 2069 3664 somnia
2091 3612 2246 3665 boum

701 3712 754 3754 et
779 3702 1036 3768 Spicarum
1058 3717 1072 3763 ;
1095 3701 1282 3768 quibus
1301 3699 1686 3766 significabatur
1705 3699 2036 3763 abundantia,
2064 3708 2116 3752 et
2134 3715 2248 3769 quzc

705 3793 846 3845 illam
887 3792 1202 3858 subsequuta
1227 3799 1308 3844 est
1337 3789 1516 3843 fames.
1557 3789 1786 3842 Eductus
1815 3805 1876 3843 cx
1917 3805 2126 3845 carcere
2168 3799 2250 3845 est

704 3880 922 3948 Josepb,
954 3887 1010 3932 ut
1036 3878 1120 3931 illa
1149 3879 1612 3946 interpretaretur;
1642 3893 1758 3930 nam
1784 3893 1902 3930 eum
1934 3879 2251 3933 indicaverat

704 3970 945 4039 princeps
969 3968 1352 4036 pincernarnm.
1377 3966 1746 4034 lnterpretatus
1775 3967 1862 4020 ille
1884 3978 1983 4032 est,
2007 3968 2250 4037 deditque

703 4059 998 4121 consilium,
1027 4072 1130 4126 quo
1159 4057 1278 4111 fami
1302 4057 1586 4112 remedium
1614 4057 1972 4112 adhibebatur.
1997 4060 2251 4116 Statuitur

704 4159 822 4217 post
844 4148 1166 4200 Pharaonem
1196 4148 1424 4216 primus,
1463 4155 1517 4201 et
1541 4148 1702 4201 multo
1728 4148 1946 4202 collecto
1974 4150 2024 4202 in
2049 4160 2250 4217 septem

705 4241 855 4293 annis
909 4239 1160 4294 ubertatis
1204 4241 1510 4303 frumento;
1557 4239 1765 4308 quando
1806 4239 1974 4295 fames
2023 4242 2246 4306 institit,

707 4329 1004 4383 volentibus
1043 4328 1318 4382 vendebat.
1353 4327 1617 4382 Venerunt
1645 4329 1802 4382 etiam
1829 4328 2014 4383 fratres
2048 4330 2162 4398 ejus
2186 4331 2251 4385 ad

705 4419 1003 4474 emendum.
1031 4418 1127 4474 Ubi
1152 4428 1323 4472 autem
1346 4434 1449 4473 non
1470 4433 1585 4472 eum
1608 4418 1710 4472 illis
1733 4418 2249 4487 viditBenjaminum,

708 4522 947 4566 metuens
973 4524 1038 4563 ne
1061 4509 1203 4562 illum
1227 4523 1432 4578 quoque
1458 4509 1825 4578 perdidissent,
1856 4511 2059 4564 incusat
2082 4524 2172 4562 eos
2199 4519 2254 4564 ut

706 4601 1065 4670 exploratores
1090 4607 1242 4653 terra:
1261 4640 1275 4664 ,
1318 4613 1414 4652 nec
1440 4599 1671 4652 criminis
1695 4598 1848 4650 aliam
1889 4599 1997 4652 fore
2032 4599 2250 4652 solutio-

706 4707 826 4747 nem
849 4691 994 4756 dicit,
1011 4691 1107 4744 nisi
1131 4690 1339 4744 fratrem
1359 4689 1616 4756 junlorem
1641 4689 1997 4757 Benjaminum
2020 4691 2069 4742 in
2092 4688 2254 4760 Egy-

707 4796 850 4855 ptum
878 4783 1192 4838 adducentes
1211 4825 1224 4845 ,
1253 4781 1532 4836 ostendere
1559 4790 1787 4849 possent.
1818 4781 2041 4850 Arrepto
2079 4789 2250 4834 autem

705 4886 758 4930 et
785 4877 961 4930 vincto
989 4875 1246 4945 Symeone
1270 4915 1284 4939 ,
1315 4882 1530 4928 cancros
1559 4873 1791 4937 dimisit,
1831 4881 1885 4926 et
1913 4873 2173 4926 frumento
2198 4881 2251 4926 et

705 4976 922 5037 argento
944 4966 1084 5020 dato.
1111 4965 1204 5019 Ubi
1227 4973 1399 5018 autem
1421 4963 1659 5018 viderunt
1678 4973 1969 5032 argentum,
1991 4976 2108 5014 eum
2133 4976 2254 5028 ape-

707 5061 872 5114 rirent
899 5073 1078 5114 saccos
1105 5097 1119 5121 ,
1162 5055 1227 5109 de
1257 5069 1315 5108 re
1342 5063 1445 5107 tam
1489 5053 1754 5121 inepinata
1793 5052 1984 5106 turbati
2013 5061 2171 5108 sunt.
2203 5061 2258 5104 et

709 5151 1066 5217 Benjaminum
1093 5163 1120 5199 a
1145 5157 1288 5215 patre
1309 5145 1655 5214 postulabant,
1679 5144 1758 5197 cui
1781 5142 1952 5196 omnia
1974 5155 2090 5209 qua:
2109 5150 2252 5208 gesta

708 5251 857 5293 erant
877 5245 1201 5292 enarrarnnt.
1232 5235 1320 5288 llle
1346 5249 1470 5288 vero
1486 5232 1733 5287 rennebat
1756 5245 1971 5300 puerum
1997 5230 2251 5283 emittere.

709 5328 838 5387 alibi,
861 5336 914 5376 ut
937 5332 983 5376 in
1008 5325 1223 5387 ttomil.‘7
1243 5324 1306 5372 de
1320 5323 1613 5387 Paenitentia.
1631 5326 1682 5368 Et
1705 5321 1809 5387 hzee
1832 5326 1908 5387 est
1930 5326 2252 5387 veterumre:

710 5379 1071 5448 centiorumque
1096 5385 1346 5448 multorum
1369 5385 1543 5444 opinio,
1568 5381 1699 5429 illutn
1722 5381 1868 5429 Jobal)
1893 5381 1972 5440 qui
1991 5381 2114 5426 inter
2138 5379 2252 5426 t‘sat'l

712 5457 915 5498 nenotes
940 5447 1088 5495 fertur
1113 5459 1221 5493 esse
1244 5447 1425 5492 Jobum.

773 5470 774 5479 ‘
796 5464 915 5497 )0lcs
940 5464 1088 5495 Ittt'utt‘
1113 5464 1221 5493 esse
1244 5464 1425 5492 JUDUIII.

773 5464 845 5570 ἔα)
880 5516 1001 5556 Itane
1024 5507 1298 5570 allegoriam
1317 5505 1486 5552 eodem
1511 5516 1700 5570 prorsus
1721 5514 1867 5570 sensu
1885 5496 2090 5570 explicat
2112 5496 2253 5570 Chry-

711 5559 945 5619 mstonius
969 5575 1095 5615 Itom.
1120 5559 1182 5614 ὃς..)
1204 5567 1249 5612 in
1267 5559 1575 5612 Genesium.
1592 5564 1670 5619 ιν,
1695 5563 1786 5611 col.
1811 5561 1919 5614 535.
1935 5560 2040 5607 535.
2066 5559 2152 5619 sed
2181 5561 2252 5604 hii:

709 5618 924 5692 quaedam
937 5629 1106 5691 adjicit,
1119 5641 1223 5690 qum
1237 5623 1547 5686 Cbrysostomi
1561 5618 1880 5674 inventionem
1892 5631 1994 5681 pra:
2009 5631 2064 5669 se
2077 5618 2247 5667 ferunt.

1399 365 1453 420 S.
1493 360 1763 419 JOANNIS
1799 354 2265 416 CIIRYSOSTOMI
2307 355 2620 413 ARCHIEP.
2647 355 3166 417 CONSTANTINOP.

3791 389 3895 444 324

2356 470 2422 524 Ut
2461 481 2632 526 autem
2661 473 2821 528 fames
2851 473 3093 541 invaluit,
3121 493 3239 532 cum
3267 478 3482 535 instaret
3508 480 3671 538 Judas
3705 484 3891 554 Benja-

2350 561 2547 614 minum
2576 562 2756 616 volens
2781 565 3058 629 abducere,
3086 581 3144 621 se
3171 581 3356 622 sanum
3384 578 3438 624 et
3462 570 3777 626 incolumem
3806 589 3891 628 re-

2349 649 2620 705 ducturum
2639 653 2914 720 pollicitus,
2932 655 3074 710 dedit
3092 656 3251 711 Jaeob
3270 659 3582 726 duplicatum
3600 671 3890 730 argentum,

2344 738 2534 808 jubens
2562 742 2662 796 alia
2703 757 2909 812 quoque
2937 745 3071 798 dona
3114 741 3314 800 atl‘erri.
3350 746 3412 802 Ut
3439 757 3612 801 autem
3656 751 3719 802 ad
3752 750 3891 803 lose-

2350 829 2510 896 phum
2532 841 2902 898 pervenerunt,
2929 833 2996 886 ab
3016 847 3079 886 eo
3100 833 3488 900 perhumaniter
3511 837 3714 903 excepti
3743 847 3888 900 sunt;

2349 916 2415 970 de
2447 926 2594 985 patre
2625 917 2710 972 ille
2738 919 3108 987 interrogavit,
3140 931 3194 974 et
3218 921 3360 976 lauto
3388 922 3504 976 illos
3533 926 3773 978 convivio
3801 939 3886 978 ex-

2347 1008 2503 1075 cepit.
2537 1008 2667 1062 Cum
2708 1023 2862 1077 porro
2885 1009 2951 1064 de
2979 1009 3146 1064 reditu
3166 1019 3410 1079 ageretur
3431 1052 3445 1077 ,
3467 1012 3624 1080 jussit
3651 1013 3885 1081 poculum

2348 1112 2563 1152 aureum
2604 1098 2744 1168 injiei
2776 1099 2826 1152 in
2867 1114 3074 1154 saccum
3117 1099 3439 1169 Benjamini,
3493 1102 3592 1157 illis
3648 1104 3888 1173 ignorau-

2350 1190 2505 1243 tibus.
2536 1189 2604 1244 Ut
2632 1199 2807 1244 autem
2837 1191 3081 1259 injectum
3111 1191 3207 1245 fuit
3235 1192 3496 1258 poculum,
3527 1193 3648 1246 dum
3681 1195 3756 1248 illi
3782 1197 3889 1249 abi-

2347 1287 2482 1342 rent,
2493 1277 2840 1347 jubetJoseph
2857 1279 3186 1348 praepositum
3199 1279 3384 1334 domus
3394 1295 3500 1336 suae
3515 1281 3654 1335 viros
3670 1283 3887 1350 insequi.

2348 1367 2657 1437 lnsequutus
2683 1369 2769 1422 ille
2799 1369 3067 1423 incusabat
3099 1370 3238 1438 quod
3277 1370 3567 1426 beneficum
3609 1373 3764 1426 malis
3804 1389 3886 1426 re-

2347 1468 2701 1513 munerarent.
2733 1458 2838 1513 lllis
2874 1473 2997 1514 vero
3027 1459 3265 1523 turbatis,
3287 1471 3337 1515 et
3368 1470 3535 1516 morte
3559 1461 3773 1530 dignum
3803 1463 3888 1514 de-

2349 1549 2648 1603 finientibus
2675 1564 2792 1603 cum
2818 1549 2905 1618 qui
2934 1551 2984 1602 in
3018 1549 3155 1603 furto
3177 1550 3536 1618 deprehensus
3557 1552 3709 1614 foret,
3735 1566 3890 1620 seque

2346 1639 2581 1693 servituti
2609 1638 2892 1704 obnoxios,
2928 1639 3194 1692 inventum
3227 1638 3320 1691 fuit
3344 1639 3586 1706 poculum
3613 1641 3667 1692 in
3709 1641 3888 1708 Benja-

2347 1728 2474 1781 mini
2503 1741 2678 1782 sacco.
2709 1726 2856 1782 Tunc
2897 1729 3162 1796 ingressus
3188 1726 3346 1782 Judas
3368 1767 3384 1793 ,
3427 1728 3686 1797 longoque
3718 1728 3889 1780 habito

2346 1831 2588 1872 sermone
2613 1817 2678 1872 de
2699 1827 2863 1886 patre,
2892 1818 2957 1872 de
2981 1817 3232 1886 Josepho,
3254 1815 3393 1872 etde
3413 1817 3716 1886 Benjamino
3734 1835 3750 1878 ;
3771 1832 3886 1871 cum

2346 1921 2403 1962 se
2448 1907 2534 1962 ille
2575 1921 2671 1976 pro
2701 1922 2861 1976 puero
2903 1906 2967 1961 ad
2996 1909 3298 1962 servitutem
3324 1905 3572 1971 oll‘erret,
3615 1906 3667 1960 in
3699 1915 3887 1960 tantam

2339 1999 2856 2055 eommiserationem
2883 1999 3166 2068 Josephum
3195 1999 3389 2068 injecit,
3419 2010 3471 2052 ut
3499 2008 3603 2053 tota
3625 1998 3710 2053 illa
3738 2014 3887 2054 scena

2346 2089 2674 2156 proderetur.
2704 2086 2956 2142 Omnibus
2974 2087 3111 2141 enim
3133 2087 3376 2150 exclusis,
3400 2095 3457 2141 ut
3475 2087 3572 2141 sibi
3593 2101 3714 2141 cum
3736 2087 3888 2142 libero

2348 2187 2454 2231 tate
2483 2176 2610 2231 flere
2635 2177 2836 2241 liceret,
2868 2189 2988 2231 sese
3017 2175 3261 2229 fratribus
3289 2176 3715 2245 cognoscendum
3741 2176 3883 2230 exhi-

2349 2267 2486 2331 buit,
2515 2265 2757 2333 misitque
2786 2265 2848 2318 ad
2877 2273 3078 2332 patrem
3107 2279 3226 2318 cum
3262 2264 3414 2317 donis
3439 2274 3490 2317 et
3518 2264 3765 2332 plaustris
3792 2279 3804 2316 :
3838 2263 3886 2315 id

2346 2355 2485 2426 quod
2513 2357 2668 2409 etiam
2699 2355 2954 2408 Pharaoni
2977 2354 3225 2423 placitum
3255 2363 3388 2406 erat.
3423 2352 3491 2406 Ut
3514 2353 3713 2406 audivit
3732 2351 3886 2406 Jacob

2347 2464 2406 2503 ea
2436 2463 2551 2517 qua:
2575 2445 2639 2500 ad
2659 2446 2940 2516 Josepbum
2967 2443 3291 2514 spectabant,
3311 2445 3498 2514 gaudio
3523 2444 3760 2511 perfusus
3783 2451 3884 2506 est,

2346 2547 2401 2594 et
2424 2538 2641 2606 jubente
2681 2537 2786 2591 Deo
2830 2535 3102 2590 descendit
3130 2535 3183 2588 in
3233 2534 3536 2605 Egyptum.
3569 2533 3719 2588 Videt
3745 2532 3885 2586 lose-

2345 2631 2504 2702 phum
2525 2637 2668 2698 pater
2691 2644 2704 2680 :
2731 2628 2842 2681 hazc
2864 2626 3229 2681 renuntiantur
3249 2623 3526 2688 Pharaoni,
3551 2624 3638 2690 qui
3661 2621 3886 2676 habitare

2347 2739 2438 2779 eos
2462 2721 2618 2790 jussit
2657 2721 2706 2776 in
2735 2720 3005 2774 Ramesse.
3047 2718 3116 2773 Ut
3139 2727 3314 2772 autem
3354 2717 3664 2772 exhaustum
3694 2716 3786 2769 fuit
3804 2729 3886 2768 sr-

2347 2822 2557 2882 gentum
2589 2819 2761 2876 terrm,
2788 2810 3021 2879 jumeuta
3052 2807 3235 2862 dantes
3261 2807 3336 2860 illi
3368 2806 3628 2872 homines,
3657 2806 3883 2859 frumen-

2349 2912 2454 2955 tum
2483 2901 2805 2970 accipiebant
2835 2917 2848 2952 :
2876 2899 2957 2952 his
2982 2911 3190 2967 quoque
3213 2894 3600 2958 deficientibus,
3632 2907 3729 2948 nec
3754 2891 3886 2946 fame

2347 2990 2639 3054 desinente,
2667 2989 2867 3056 seipsos
2893 3001 3010 3041 cum
3035 2995 3174 3040 terra
3199 2983 3454 3038 dederunt
3478 2999 3492 3035 ε
3521 2996 3582 3036 ac
3601 2982 3737 3036 servi
3761 2980 3886 3035 Pha-

2347 3079 2524 3134 raonis
2551 3077 2818 3132 constituti
2840 3075 3198 3137 seminabant,
3229 3081 3283 3126 et
3307 3071 3539 3140 quintam
3567 3078 3764 3138 partem
3792 3069 3882 3137 ipsi

2348 3170 2677 3231 referebant,
2730 3178 2951 3236 quatuor
2992 3165 3091 3220 sibi
3137 3172 3309 3234 partes
3350 3171 3697 3218 reservantes.
3739 3160 3885 3214 Morti

2349 3261 2617 3331 proximus
2641 3257 2820 3322 Jacob,
2843 3257 3194 3326 jnramentum
3224 3253 3383 3323 exigit
3405 3267 3436 3306 a
3464 3252 3711 3320 Josepho,
3745 3265 3810 3304 ne
3832 3262 3888 3303 se

2348 3352 2399 3405 in
2427 3350 2650 3420 Egypto
2676 3347 2939 3414 sepeliret,
2962 3344 3052 3398 sed
3081 3346 3129 3398 in
3152 3345 3391 3412 sepulcro
3421 3349 3625 3411 patrum
3652 3354 3884 3394 suorum.

2348 3440 2613 3508 Filiosque
2651 3437 2862 3504 Iosephi
2891 3435 3138 3503 Ephraim
3177 3442 3230 3487 et
3267 3431 3551 3485 Manassem
3582 3444 3682 3483 non
3715 3429 3768 3482 in
3797 3441 3886 3482 nc-

2351 3542 2547 3601 potum,
2567 3530 2659 3585 sed
2681 3529 2732 3582 in
2754 3528 2972 3580 ﬁliorum
2993 3524 3229 3578 ordinem
3250 3531 3507 3576 accenset.
3527 3519 3887 3588 Caligabatquc

2350 3623 2513 3678 oculis
2538 3619 2700 3676 Jacob
2727 3636 2741 3672 :
2775 3629 2830 3672 ut
2857 3626 3032 3670 autem
3061 3614 3321 3668 osculatus
3346 3622 3427 3667 est
3453 3624 3566 3676 eos,
3594 3624 3710 3663 cum
3735 3608 3886 3662 bene-

2350 3714 2584 3769 dicturus
2617 3711 2732 3765 illos
2757 3715 2933 3773 esset,
2962 3706 3156 3774 Joseph
3197 3719 3226 3757 a
3258 3702 3487 3759 sinistris
3511 3699 3692 3755 Jacobi
3724 3699 3887 3768 posuit

2352 3801 2601 3871 Ephraim
2621 3841 2635 3865 ,
2667 3808 2720 3853 et
2746 3798 3038 3852 Manasscm
3063 3809 3092 3848 a
3117 3793 3335 3849 dextris.
3363 3789 3524 3846 Jaeob
3552 3798 3725 3844 autem
3767 3787 3888 3840 dex-

2352 3903 2516 3948 teram
2544 3906 2752 3945 manum
2780 3888 3023 3956 imposuit
3043 3900 3200 3955 super
3218 3884 3478 3952 juniorem
3504 3880 3591 3949 qui
3617 3895 3645 3932 a
3670 3876 3887 3932 sinistris

2352 3985 2559 4046 stabat,
2603 3981 2864 4035 sinistram
2896 3994 3022 4032 vero
3059 3991 3217 4046 super
3251 3989 3368 4030 eum
3398 3973 3483 4043 qui
3511 3987 3538 4024 a
3563 3971 3762 4025 dextris
3786 4009 3800 4033 ,
3837 3977 3886 4020 ct

2352 4070 2638 4126 benedixit.
2667 4070 2939 4123 Putantem
2983 4065 3268 4133 Josephum
3306 4062 3358 4116 id
3389 4071 3584 4130 patrem
3613 4073 3707 4126 per
3745 4057 3886 4124 igno-

2352 4163 2573 4217 rantiam
2602 4159 2790 4221 facere,
2821 4168 2873 4212 et
2897 4163 3194 4210 monentem
3213 4194 3228 4217 ,
3257 4167 3358 4206 non
3388 4150 3504 4204 tulit
3525 4148 3707 4210 Jacob,
3737 4159 3888 4214 seque

2353 4267 2591 4323 gnarum,
2625 4264 2727 4303 non
2758 4249 3079 4316 ignorantem
3106 4244 3157 4297 id
3187 4243 3356 4297 facere
3383 4239 3530 4293 dixit.
3566 4236 3715 4290 Tunc
3754 4233 3890 4288 dedit

2353 4343 2582 4413 Josepho
2601 4341 2760 4397 Jacob
2781 4341 3026 4396 Sieimam
3044 4337 3162 4405 jure
3185 4333 3464 4403 przecipuo,
3494 4343 3648 4398 quam
3670 4327 3887 4397 Symeon

2358 4445 2411 4490 et
2439 4435 2563 4488 Levi
2610 4438 2882 4500 ceperant.
2931 4428 2999 4482 Et
3030 4425 3307 4482 benedicit
3329 4423 3461 4476 filios
3506 4433 3648 4474 suos.
3699 4417 3792 4472 Hic
3831 4414 3890 4468 de

2355 4525 2563 4580 Christo
2591 4521 2903 4575 vaticinatur
2931 4534 2944 4571 :
2975 4515 3093 4568 Non
3120 4512 3331 4581 deﬁciet,
3365 4509 3550 4579 inquit,
3581 4507 3811 4600 princeps

2355 4614 2492 4668 Juda
2509 4654 2521 4676 ,
2561 4626 2648 4665 nec
2690 4610 2794 4661 dua:
2836 4607 2896 4658 de
2920 4602 3184 4674 femoribus
3209 4601 3316 4669 ejus
3337 4636 3352 4662 ,
3388 4599 3539 4650 donec
3564 4595 3726 4648 ueniat
3751 4593 3792 4645 is
3818 4593 3890 4642 cui

2355 4703 2622 4772 repositum
2655 4707 2724 4753 est
2761 4694 2927 4768 (Gen.
2967 4692 3054 4748 49.
3087 4688 3214 4760 10).
3253 4688 3318 4743 Ut
3347 4695 3518 4740 autem
3548 4692 3787 4737 mortuus
3816 4685 3892 4733 est

2356 4792 2515 4847 Iacob
2533 4830 2548 4856 ,
2575 4788 2706 4844 luxit
2728 4800 2846 4841 eum
2866 4781 3059 4852 Ioseph
3079 4819 3094 4843 ,
3122 4789 3174 4835 et
3193 4777 3413 4833 efferens
3433 4773 3675 4842 sepelivit
3696 4773 3749 4826 in
3777 4782 3890 4839 spe-

2357 4888 2509 4942 lunca
2532 4881 2772 4936 Abrahae.
2803 4877 3055 4931 Dixerunt
3075 4873 3249 4939 itaque
3271 4868 3455 4922 fratres
3480 4865 3592 4934 ejus
3623 4880 3636 4915 :
3673 4862 3755 4915 Ne
3777 4865 3893 4930 forte

2356 4974 2554 5045 injuriae
2585 4969 2870 5022 memoriam
2892 4965 3096 5017 retineat
3114 5001 3128 5025 ,
3157 4970 3202 5012 et
3221 4957 3402 5024 referat
3431 4953 3569 5006 nobis
3597 4953 3763 5045 mala,
3791 4959 3892 5015 qua

2356 5041 2610 5118 intulimus
2629 5059 2672 5112 ei
2694 5056 2853 5129 (Gem.
2878 5052 2964 5107 50.
2993 5052 3058 5105 15
3078 5050 3095 5118 )
3117 5090 3130 5113 ,
3153 5056 3206 5102 et
3225 5045 3478 5114 rogabant
3497 5056 3616 5097 eum
3636 5041 3888 5093 dicentes:

2361 5154 2486 5208 Ecce
2527 5165 2614 5204 nos
2655 5147 2778 5201 servi
2819 5143 2888 5196 tui
2925 5154 3096 5194 sumus
3141 5135 3302 5206 (Gen.
3331 5134 3419 5188 50.
3457 5132 3523 5186 l8
3543 5131 3584 5200 ).
3627 5129 3892 5192 Flevitquo

2358 5247 2579 5316 Joseph,
2612 5253 2663 5297 et
2685 5240 2815 5294 dixit
2844 5237 2919 5291 eis
2948 5252 2961 5288 :
2996 5232 3076 5285 Ne
3106 5229 3313 5283 linteatis
3342 5243 3358 5279 :
3387 5241 3503 5278 nam
3534 5223 3626 5275 Dei
3651 5237 3761 5275 sum

2367 5338 2464 5391 Vos
2486 5303 2622 5387 mala
2662 5326 2867 5384 consido
2907 5322 3100 5391 cepistis
3123 5362 3138 5385 ,
3171 5319 3300 5371 Deus
3339 5325 3500 5367 autem
3527 5311 3654 5365 bona
3683 5303 3891 5361 retrtbia't

2358 5427 2500 5480 mihi.
2532 5423 2636 5490 Ego
2677 5417 2890 5471 nutriant
2920 5429 3004 5466 vos
3031 5419 3073 5463 et
3100 5411 3270 5461 domos
3297 5414 3480 5458 vestros
3521 5399 3700 5471 (Ibid.
3736 5413 3782 5448 υ.

2358 5521 2416 5572 ΞξΙ
2453 5518 2490 5585 ).
2529 5480 2661 5567 Vixit
2690 5523 2817 5577 ergo
2861 5503 3052 5571 Joseph
3084 5507 3291 5554 centum
3321 5506 3485 5547 annos
3530 5490 3640 5559 (a),
3681 5495 3735 5541 et
3775 5480 3892 5536 vidit

2419 5673 2491 5736 (a)
2523 5668 2682 5717 Omnia
2707 5657 2998 5722 exemplaria
3017 5651 3270 5704 Bibliortt'n
3287 5652 3480 5699 centum
3504 5651 3554 5693 et
3572 5641 3747 5693 decem
3759 5645 3896 5687 annos
