4062 6460
235 488 380 558 αὕτη
400 488 518 540 ἐστὶ
549 489 812 558 Βηθλεέμ.
843 490 899 541 ’0
933 490 988 541 δὲ
1012 490 1217 558 τεχθεὶς
1242 489 1309 560 ἦν
1336 491 1634 561 Βενιαμείν.
1660 492 1788 545 Τότε

234 572 507 644 ἐκοιμήθη
555 573 777 642 Ῥουϐὶμ
825 575 960 642 μετά
992 575 1195 638 Βάλλας
1243 580 1340 647 τῆς
1383 577 1654 646 παλλακῆς
1695 577 1788 630 τοῦ

234 659 446 726 πατρὸς
490 658 673 710 αὐτοῦ.
707 659 838 710 Τότε
891 660 1154 713 ἀπέθανεν
1195 663 1410 716 Ἰσαάκ·
1461 665 1554 716 καὶ
1589 663 1788 732 ἔθαψαν

232 745 400 796 αὐτὸν
431 745 598 796 Ἡσαῦ
626 745 716 798 καὶ
753 745 960 798 Ἰακώϐ.
995 747 1033 797 Γ
1035 747 1436 815 ενεαλογοῦνται
1471 750 1520 800 οί
1556 749 1661 801 ἀπὸ
1696 751 1786 802 τοῦ

243 829 441 892 Ἡσαῦ,
468 829 592 883 ἔνθα
622 830 930 900 εὑρίσκεται
969 831 1087 884 Ἰὼϐ
1118 834 1222 886 ἀπὺ
1250 834 1447 888 τούτων
1475 833 1568 897 ῶν,
1600 835 1786 888 Ἰωϐἀϐ

228 916 286 967 δέ
335 914 570 968 ἐνταῦθα
622 917 878 970 καλεῖται.
929 919 1340 986 Διαφθονοῦνται
1386 920 1462 988 τῷ
1506 920 1695 990 Ἰωσὴφ
1738 923 1785 973 οί

229 999 456 1069 ἀδελφοὶ
483 1002 587 1056 τῶν
616 1003 874 1055 ἐνυπνίων
905 1004 1082 1068 ἕνεκα,
1119 1007 1212 1058 καὶ
1245 1007 1324 1058 ὅτι
1353 1006 1547 1074 μᾶλλον
1572 1008 1731 1059 αὐτὸν
1758 1007 1786 1057 6

229 1087 418 1157 πατὴρ
453 1088 641 1154 ἐφίλει.
665 1088 770 1140 Καὶ
797 1089 1046 1151 λαϐόντες
1069 1090 1224 1158 μόνον
1251 1089 1524 1142 ἐϐούλοντο
1548 1092 1749 1143 ἀνελεῖν
1768 1107 1784 1122 ο

229 1174 730 1242 συμϐουλεύσαντος
786 1175 839 1227 δὲ
876 1175 965 1227 τοῦ
1009 1176 1233 1245 Ῥουϐὶμ
1261 1179 1338 1239 είς
1379 1177 1574 1229 λάκκον
1614 1179 1784 1247 ἐμϐα-

226 1258 340 1320 λεῖν
383 1259 652 1327 (ἐϐούλετο
694 1261 801 1329 γάρ
828 1259 985 1312 αὐτὸν
1015 1262 1147 1324 τέως
1192 1261 1462 1326 ἐξελέσθαι
1488 1262 1579 1314 τοῦ
1626 1262 1785 1315 θανάά

225 1356 370 1413 του),
415 1346 541 1397 ἐπεὶ
575 1345 853 1409 ἐνέϐαλον,
887 1344 1142 1398 ἀπέδοντο
1179 1344 1400 1415 ὕστερον
1435 1347 1546 1410 τοῖς
1579 1347 1784 1400 Μαδια-

225 1431 423 1493 ναίοις,
441 1431 535 1482 τοῦ
568 1431 732 1484 Ἰούδα
760 1430 910 1483 τοῦτο
933 1431 1377 1501 είσηγησαμένου.
1397 1432 1496 1485 Τὸν
1514 1433 1566 1485 δέ
1585 1433 1783 1502 χιτῶνα

223 1518 395 1570 αὐτοῦ
428 1517 692 1586 βάψαντες
716 1520 925 1587 αἵματι,
956 1521 1290 1573 ἐπεδείκνυον
1317 1520 1393 1588 τῷ
1424 1521 1605 1588 πατρί.
1641 1522 1698 1572 '0
1725 1520 1781 1571 δὲ

223 1605 455 1672 νομίσας
485 1604 809 1674 θηριάλωτον
837 1605 1133 1674 γεγονέναι,
1166 1606 1376 1676 ἐθρήνει
1405 1606 1671 1674 χαλεπῶς.
1694 1604 1782 1675 Τῷ

220 1690 278 1741 δὲ
315 1690 488 1742 Ἰούδα
526 1690 816 1760 ἐτέχθησαν
841 1692 966 1762 Ἤρ,
1009 1693 1203 1754 Αὐνᾶν,
1243 1692 1335 1743 καὶ
1369 1691 1570 1760 Σηλών.
1627 1693 1773 1744 Ἀπο-

223 1775 479 1838 θανόντος
507 1777 560 1829 δὲ
592 1776 683 1829 τοῦ
718 1777 843 1845 Ἢρ,
877 1777 973 1846 τὴν
1004 1780 1232 1843 γυναῖκα
1256 1775 1417 1828 αὐτοῦ
1459 1774 1554 1846 τὴν
1590 1775 1780 1847 Θάμαρ

222 1861 418 1914 ἐλαϐεν
453 1865 482 1915 ὁ
529 1863 752 1930 ἀδελφὸς
799 1862 964 1915 αὐτοῦ
1019 1864 1224 1914 Λύνᾶν·
1276 1863 1368 1915 καὶ
1399 1864 1498 1914 οὐκ
1539 1862 1780 1917 ἐϐούλετο

221 1947 530 2014 ἀναστῆσαι
555 1948 772 2016 σπέρμα
802 1948 878 2015 τῷ
903 1946 1111 2016 ἀδελφῷ
1138 1947 1324 2000 αὐτοῦ.
1364 1948 1450 2010 Ὠς
1479 1948 1535 2000 δὲ
1566 1950 1659 2002 καὶ
1693 1943 1765 2000 οὐο

220 2051 311 2096 τος
342 2033 636 2093 ἀπέθανεν.
680 2034 858 2086 οὐκέτι
899 2033 1058 2104 ἤθελε
1095 2033 1173 2103 τῷ
1197 2034 1360 2104 τρίτῳ
1389 2034 1572 2104 Σηλὼν
1601 2035 1780 2088 δοῦναι

220 2123 458 2186 γυναῖκα
497 2122 593 2190 τὴν
638 2121 830 2190 Θάμαρ
871 2123 900 2174 6
937 2121 1130 2183 Ἰούδας
1171 2121 1339 2192 [524].
1389 2122 1452 2174 Ἦ
1491 2123 1546 2175 δὲ
1587 2123 1778 2193 θάμαρ

221 2207 617 2275 κοσμησαμένη
650 2207 899 2258 ἐκάθισεν
919 2206 993 2268 ὡς
1014 2207 1181 2276 πόρνη
1206 2207 1353 2277 παρά
1381 2207 1477 2277 τὴν
1507 2208 1643 2261 ὁδόν.
1673 2211 1778 2260 Καὶ

219 2293 452 2361 νομίσας
497 2293 662 2363 αὐτὴν
694 2292 903 2363 ἀληθῶς
942 2294 1143 2363 πόρνην
1171 2290 1309 2346 εἶναι
1344 2294 1535 2357 Ἰούδας
1558 2295 1773 2364 (ἐκεκά-

220 2377 391 2430 λυπτο
443 2379 551 2448 γὰρ
616 2379 676 2430 τὸ
731 2378 1074 2448 πρόσωπον),
1128 2380 1338 2449 είσῆλθε
1393 2380 1527 2450 πρὸς
1591 2381 1776 2453 αὐτὴν,

220 2465 313 2517 καὶ
369 2464 568 2516 ἐδωκεν
609 2465 744 2533 αὐτῇ
792 2463 1099 2534 ἀρραϐῶνα,
1140 2466 1396 2535 ὁρμίσκον
1446 2468 1534 2519 καὶ
1580 2467 1774 2520 δακτύ-

218 2549 330 2604 λιον
376 2551 474 2603 καὶ
519 2550 727 2621 ῥάϐδον.
766 2551 852 2612 Ὠς
912 2550 967 2602 δὲ
1024 2552 1334 2622 ἀπηγγέλθη
1405 2553 1540 2622 μετά
1584 2553 1772 2616 ταῦτα,

217 2640 297 2691 ὅτι
355 2637 479 2691 κύει
535 2639 760 2708 Θάμαρ,
820 2639 1097 2692 ἐκέλευσεν
1155 2641 1320 2710 αὐτὴν
1377 2642 1774 2711 κατακαυθῆναι

217 2724 245 2775 6
282 2723 544 2793 πενθερὸς
605 2723 817 2785 Ἰούδας.
855 2726 918 2776 'H
969 2724 1023 2776 δὲ
1077 2725 1355 2778 ἀπέστειλε
1405 2727 1661 2793 λέγουσα,
1711 2729 1774 2779 ἐκ

218 2809 309 2863 τοῦ
352 2811 548 2880 ἀνδρὸς
614 2810 1001 2879 συνειληφέναι,
1061 2805 1121 2863 οὐ
1175 2815 1203 2865 6
1247 2813 1499 2873 δάκτυλός
1563 2821 1580 2841 ⁸
1637 2815 1769 2864 ἐστι.

217 2895 350 2948 Τότε
375 2895 540 2964 φησὶν
575 2893 789 2955 Ἰούδαςο
819 2894 1186 2948 Δεδικαίωται
1225 2895 1420 2964 Θάμαρ
1449 2895 1484 2962 ἣ
1525 2895 1655 2963 ἐγώ.
1688 2896 1774 2958 Ὡς

216 2981 273 3035 δέ
305 2981 507 3046 ἔτικτε,
534 2978 893 3050 προεξήνεγκε
921 2981 1016 3051 τὴν
1055 2983 1210 3052 χεῖρα
1245 2982 1272 3033 6
1299 2980 1468 3052 Ζαρὰ,
1497 2975 1615 3034 εἶτα
1647 2999 1772 3034 συν-

219 3067 450 3131 έστειλε,
471 3066 563 3119 καὶ⁵
588 3065 802 3135 ἐξῆλθεν
823 3067 849 3118 6
874 3066 1064 3136 Φαρὲς,
1089 3067 1180 3118 καὶ
1207 3067 1324 3118 τότε
1346 3067 1373 3118 6
1397 3067 1560 3136 Ζαρά.
1592 3067 1772 3120 Ταῦτα

217 3153 271 3207 δὲ
298 3153 475 3216 οὓτως
510 3153 902 3223 ἀλληγορεῖται.
937 3152 1322 3224 Προεξήνεγκε,
1359 3157 1540 3223 φησὶν,
1571 3157 1597 3206 6
1627 3157 1772 3225 πρῶ-

217 3259 304 3304 τος
327 3242 476 3306 λαὸς,
504 3242 551 3293 οἱ
577 3240 685 3310 πρὸ
718 3241 810 3293 τοῦ
844 3240 1005 3310 νόμου
1037 3241 1252 3306 δίκαιοι,
1281 3241 1381 3313 τὴν
1417 3245 1589 3312 χεῖρα,
1618 3260 1768 3294 τουτ-

221 3327 352 3392 έστι,
375 3327 475 3396 τὴν
507 3325 757 3395 ἐνάρετον
788 3325 1055 3378 πολιτείαν
1087 3326 1180 3379 καὶ
1206 3327 1517 3397 ἀγγελικήν.
1551 3324 1681 3379 Εἶτα
1715 3331 1769 3379 ἐν

222 3420 366 3488 μέσῳ
391 3418 762 3491 παρενεϐλήθη
788 3417 946 3487 νόμος
965 3435 978 3450 ν
1014 3417 1150 3487 μετὰ
1185 3418 1240 3470 δέ
1267 3417 1437 3470 ταῦτα
1491 3419 1648 3470 πάλιν
1677 3421 1768 3471 ἀν-

219 3506 418 3576 εκλήθη
447 3508 654 3567 ἐκεῖνος
675 3508 701 3558 6
721 3505 978 3573 πρότερος
1006 3503 1134 3573 βίος,
1159 3504 1244 3557 διὰ
1262 3504 1358 3572 τῆς
1381 3505 1521 3557 κατά
1543 3506 1770 3576 Χριστὸν

221 3591 490 3653 πολιτείας
535 3591 626 3641 ἐπὶ
667 3590 728 3642 τὸ
769 3589 1091 3658 τελειότερον
1146 3589 1460 3658 παραχθείς.
1507 3591 1768 3659 Ἠγόρασε

219 3680 305 3731 τὸν
346 3680 542 3749 Ἰωσὴφ
572 3681 600 3731 6
646 3679 1034 3749 ἀρχιμάγειρος
1070 3679 1265 3748 Φαραὼ
1309 3681 1336 3732 6
1375 3682 1682 3751 Πεντεφρής
1705 3682 1763 3720 δ’

221 3769 510 3838 ἐνεχείρισε
543 3768 611 3820 τά
643 3768 781 3820 κατά
801 3768 896 3837 τὴν
933 3767 1126 3820 οἰκίαν.
1159 3769 1269 3820 Οὐκ
1301 3766 1405 3833 εἶξε
1429 3772 1492 3839 τῇ
1518 3769 1765 3840 δεσποίνῃ

221 3855 554 3924 παρανομεῖν
618 3853 907 3922 κελευούσῃ
941 3855 1162 3914 ἐκεῖνος.
1205 3855 1658 3924 Ἐσυκοφαντήθη,
1685 3857 1766 3906 ἐνο

221 3940 415 4009 εϐλήθη
435 3944 513 4002 είς
530 3940 588 3991 τὸ
609 3939 972 4008 δεσμωτήριον
991 3954 1003 3968 ⁸
1030 3934 1097 4008 ἦν
1131 3939 1309 4008 ἄρχων
1339 3942 1512 4002 κάκεῖ,
1537 3942 1766 4010 διέκρινε

218 4025 292 4094 τῷ
337 4026 685 4096 ἀρχιοινοχόῳ
733 4025 824 4076 καὶ
865 4023 943 4090 τῷ
982 4024 1364 4092 ἀρχισιτοποιῷ
1405 4026 1472 4076 τά
1523 4026 1762 4079 ἐνύπνια.

231 4111 416 4181 Ἐξέϐη
443 4109 625 4172 καθὼς
661 4105 808 4162 εἷπε·
839 4110 928 4162 καὶ
949 4111 974 4160 6
1008 4108 1105 4179 μὲν
1138 4111 1392 4180 ἀνῃρέθη,
1420 4114 1447 4163 6
1471 4111 1525 4164 δὲ
1561 4114 1639 4174 είς
1669 4113 1764 4183 τὴν

219 4198 490 4267 προτέραν
527 4195 788 4265 ἐπανῆλθε
833 4196 1014 4264 τιμήν.
1063 4191 1177 4246 Εἷδε
1210 4196 1404 4266 Φαραὼ
1434 4198 1500 4249 τὰ
1544 4197 1764 4250 ἐνύπνια

218 4283 319 4335 τῶν
347 4285 507 4354 βοῶν,
535 4283 642 4335 τῶν
669 4281 908 4350 σταχύων
930 4299 942 4312 ’
969 4282 1033 4334 δι’
1069 4275 1141 4336 ὧν
1175 4282 1421 4352 ἐδηλοῦτο
1449 4285 1480 4351 ή
1521 4284 1759 4353 εὐθηνία,

219 4372 308 4422 καὶ
337 4374 364 4423 6
395 4369 772 4437 διαδεξάμενος
821 4369 988 4438 αὐτὴν
1029 4367 1201 4437 λιμός.
1243 4369 1527 4437 Ἐξηνέχθη
1569 4372 1762 4439 Ἰωσὴφ

218 4457 306 4508 τοῦ
334 4455 730 4525 δεσμωτηρίου,
758 4456 842 4506 ἵνα
860 4453 1087 4525 ἐπιλύσῃ
1106 4468 1118 4480 ·
1142 4455 1374 4523 ἐμήνυσε
1395 4455 1500 4524 γὰρ
1518 4457 1544 4507 6
1562 4457 1763 4523 ἀρχιοι-

217 4543 415 4612 νοχόος.
456 4542 762 4606 Ἐπέλυσεν,
795 4539 956 4592 ἔδωκε
990 4541 1082 4592 καὶ¹
1109 4540 1330 4609 γνώμην
1367 4540 1461 4610 τὴν
1489 4542 1576 4594 τὸν
1610 4543 1761 4610 λιμὸν

217 4629 761 4700 παραμυθησομένην.
781 4627 988 4681 Γίνεται
1016 4627 1148 4696 μετὰ
1174 4629 1262 4679 τὸν
1282 4627 1496 4699 Φαραὼ,
1519 4630 1610 4681 καὶ
1639 4646 1760 4681 συν-

217 4716 430 4783 αγαγὼν
464 4719 605 4767 σῖτον
632 4714 794 4766 πολὺν
821 4714 876 4764 ἐν
903 4716 1011 4775 τοῖς
1039 4714 1174 4765 ἐπτά
1197 4713 1338 4766 ἔτεσι
1359 4715 1454 4782 τῆς
1479 4715 1725 4782 εὐθηνίας
1744 4755 1758 4778 ,

216 4802 299 4853 ὅτε
329 4803 359 4854 6
385 4801 542 4870 λιμὸς
574 4801 794 4868 ἐπέστη,
828 4798 1020 4851 ἐπώλει
1053 4802 1161 4861 τοῖς
1185 4798 1540 4867 βουλομένοις.
1563 4795 1761 4852 Ἶιλθον

219 4891 304 4940 καὶ
339 4891 389 4940 οι
423 4886 642 4955 ἀδελφοὶ
673 4884 834 4936 αὐτοῦ
873 4885 1148 4953 πρίασθαι.
1179 4886 1266 4946 Ὠς
1301 4885 1356 4936 δέ
1382 4885 1478 4937 οὐκ
1515 4882 1618 4938 εἶδε
1646 4887 1760 4956 μετ’

219 4974 388 5027 αὐτῶν
430 4973 523 5026 τὸν
576 4971 856 5039 Βενιαμὶν,
897 4969 1142 5032 δεδοικὼς
1191 4971 1264 5040 μὴ
1309 4972 1400 5022 καὶ
1461 4971 1619 5024 αὐτὸν
1657 4973 1762 5023 ἀπ-

219 5060 438 5124 ὤλεσαν,
470 5060 706 5111 αἰτιᾶται
731 5057 804 5119 ὼς
847 5057 1220 5117 κατασκόπους
1250 5055 1345 5124 τῆς
1391 5056 1520 5123 γῆς,
1555 5055 1760 5108 καὶτοῦ

218 5151 554 5222 ἐγκλήματος
593 5148 689 5199 οὐκ
717 5143 851 5199 εἶναι
884 5147 1070 5210 ἑτέραν
1107 5145 1275 5208 λύσιν,
1317 5144 1450 5214 πλὴν
1482 5147 1527 5196 εί
1567 5146 1640 5214 μὴ
1675 5145 1762 5196 τὸν

218 5239 434 5309 ἀδελφὸν
470 5239 558 5291 τὸν
586 5237 840 5306 νεώτερον
860 5236 948 5287 τὸν
976 5235 1228 5304 Βενιαμὶν
1259 5235 1653 5300 καταγαγόντες
1685 5235 1763 5295 εἰς

219 5326 484 5393 Αἴγυπτον
511 5323 770 5386 ἐπιδεῖξαι
795 5321 1086 5390 δυνηθεῖεν.
1113 5320 1304 5372 Λαϐὼν
1341 5321 1395 5372 δὲ
1423 5321 1510 5372 τὸν
1544 5319 1760 5388 Συμεὼν

274 5413 299 5441 ⁸
327 5411 607 5472 Legendum
628 5409 752 5472 haud
775 5407 919 5472 dul_)_ie
932 5407 986 5454 οὐ
1008 5407 1061 5454 τὸ
1079 5407 1341 5454 δακτύλιον.
1368 5405 1422 5453 1n
1448 5406 1761 5467 Lugdunensi

219 5473 374 5533 codice
397 5468 583 5533 regunt
597 5470 651 5518 οὖ
664 5472 708 5533 _6_
722 5468 976 5533 δακτύλιος.

275 5532 302 5572 δ
348 5526 614 5592 uertem;
663 5531 738 5577 hic
791 5528 1029 5592 Πετεφρής
1081 5533 1281 5592 yocalur
1324 5527 1373 5574 in
1424 5526 1619 5584 Bibliis;
1676 5527 1759 5574 sed

218 5593 315 5642 hac
371 5589 565 5641 nomiiia
618 5592 817 5638 variant.
864 5589 1124 5650 Πεντεφρὴς
1168 5591 1314 5650 οιὶειη
1379 5595 1574 5650 voca_l_ur
1610 5601 1754 5646 supra

219 5651 530 5714 Expositione
575 5653 621 5698 in
663 5650 902 5714 Ρεοιιηυιι)
947 5647 1113 5714 ηιβζρ.
1165 5649 1270 5714 219,
1323 5655 1437 5694 tom.
1482 5647 1540 5696 V.
1585 5651 1758 5696 Πεντε-

219 5709 324 5775 φρῆς
349 5717 494 5765 ειίοηι
518 5713 699 5774 legitur
718 5712 766 5759 in
788 5709 952 5758 codice
977 5709 1192 5771 Lugduni
1219 5711 1515 5759 Bulavorum.

1282 377 1611 435 SYNOPSIS
1647 379 2052 437 SCRIPTURAS
2088 380 2354 438 SACRE.

3337 401 3447 456 324

1889 493 1982 545 ἀπ’
2017 493 2196 545 αὐτῶν
2225 495 2316 546 καὶ
2348 493 2532 564 δήσας,
2552 493 2672 558 τούς
2701 493 2915 558 λοιποὺς
2934 494 3221 566 ἐξέπεμψε,
3248 500 3336 554 τόν
3371 519 3431 554 τε

1892 581 2033 632 σῖτον
2065 579 2183 640 δοὺς
2219 581 2311 632 καὶ
2336 579 2396 631 τὺ
2429 579 2705 649 ἀργύριον.
2738 580 2825 643 Ὠς
2851 580 2905 632 δὲ
2934 577 3069 634 εἶδον
3088 583 3148 634 το
3177 583 3432 656 ἀργύριον

1890 663 1947 714 ἐν
1969 664 2044 732 τῷ
2071 663 2255 716 κενοῦν
2280 665 2402 725 τοὺς
2433 665 2796 732 μαρσίππους,
2825 667 3198 736 ἐταράχθησαν
3225 669 3301 738 τῷ
3327 689 3428 724 πα-

1892 748 2124 816 ραδόξῳ,
2174 749 2266 800 καὶ
2306 749 2393 800 τὸν
2448 749 2696 818 Βενιαμὶν
2739 752 2899 821 ᾔτουν
2927 753 3074 822 παρά
3106 753 3199 805 τοῦ
3229 757 3430 825 πατρὸς

1889 835 2088 898 λαϐεῖνι
2131 837 2198 888 τὰ
2239 837 2494 903 γεγονότα
2541 839 2962 905 ἀπαγγέλλοντες
2995 841 3223 894 ἅπαντα.
3271 843 3328 894 Ὀ
3373 844 3428 896 δὲ

1888 922 2156 990 ἀντείχετο
2183 922 2273 973 τοῦ
2314 923 2540 973 παιδίου.
2589 924 2671 984 Ὠς
2706 925 2761 977 δὲ
2803 926 3170 994 ἐπεκράτησεν
3195 929 3223 978 6
3254 927 3425 996 λιμὸς,

1887 1006 1978 1058 καὶ
2012 1007 2206 1068 Ἰούδας
2232 1007 2477 1058 ἐπέκειτο
2501 1005 2810 1076 βουλόμενος
2839 1009 3017 1062 λαϐεῖν
3043 1011 3131 1062 τὸν
3155 1012 3424 1082 Βενιαμὶν,

1891 1090 2016 1159 ὐγιῆ
2055 1093 2147 1143 καὶ
2176 1092 2313 1144 σῶον
2355 1091 2808 1160 ἐπαγγειλάμενος
2844 1093 3144 1164 ἐπανήξειν,
3179 1095 3373 1150 ἔδωκεν
3401 1101 3429 1151 6

1901 1174 2087 1226 Ἰακὼϐ
2127 1178 2186 1228 τό
2229 1193 2286 1228 τε
2315 1176 2574 1246 ἀργύριον
2612 1176 2850 1239 διπλοῦν,
2891 1179 3148 1243 κελεύσας
3174 1181 3428 1251 ἐπιφέρε-

1888 1261 2009 1312 σθαι
2039 1260 2131 1313 καὶ
2153 1262 2298 1329 δῶρα
2330 1263 2509 1334 ἕτερα.
2555 1263 2712 1324 Ὠςδέ
2734 1259 2892 1333 ἦλθον
2925 1264 3057 1330 πρὸς
3087 1266 3176 1318 τὸν
3208 1269 3424 1338 Ἰωσήφ,

1884 1345 2097 1410 ἐδέξατο
2128 1347 2320 1410 αὐτοὺς
2358 1347 2615 1416 εὐμενῶς,
2657 1349 2748 1400 καὶ
2786 1345 2910 1419 περὶ
2937 1348 3026 1401 τοῦ
3052 1352 3250 1419 πατρὸς
3284 1354 3426 1423 ἠρώ-

1883 1449 2034 1502 τησε,
2059 1435 2148 1486 καὶ
2173 1436 2407 1487 εἱστίασε
2440 1435 2721 1507 λαμπρῶς.
2763 1435 2948 1488 Ἠνίκα
2973 1437 3028 1488 δὲ
3051 1436 3153 1488 ἔδει
3187 1439 3421 1497 ἀπιέναι.

1884 1518 1942 1569 τὸ
1975 1521 2226 1588 ποτήριον
2264 1521 2323 1572 τὸ
2356 1521 2625 1591 ἀργυροῦν
2672 1521 2877 1573 κελεύει
2911 1521 3057 1593 [5‘25]
3096 1524 3422 1593 ἐμϐληθῆναι

1881 1604 1959 1672 τῷ
1991 1606 2287 1675 μαρσίππῳ
2330 1607 2421 1659 τοῦ
2464 1607 2749 1675 Βενιαμὶν,
2795 1608 2891 1658 οὐκ
2923 1608 3134 1661 εἰδότων
3180 1610 3419 1662 ἐκείνων.

1894 1690 1981 1749 Ὠς
2009 1691 2064 1743 δέ
2103 1692 2359 1762 ἐνεϐλήθη
2395 1695 2482 1745 καὶ
2520 1693 2766 1756 λαϐόντες
2807 1693 3062 1761 ἀπῆλθον,
3100 1698 3422 1764 προστάσσει

1881 1776 1957 1846 τῷ
1991 1778 2081 1830 ἐπὶ
2105 1779 2201 1846 τῆς
2232 1780 2403 1842 οίκίας
2429 1783 2456 1832 6
2483 1781 2673 1850 Ἰωσὴφ
2706 1782 3025 1844 καταδιῶξαι
3054 1784 3176 1845 τούς
3205 1783 3417 1854 ἄνδρας.

1895 1864 1951 1915 ’0
1989 1864 2043 1916 δὲ
2066 1864 2396 1928 καταδιώξας
2434 1865 2692 1930 ἐνεκάλει,
2715 1868 2794 1918 ὅτι
2824 1871 3004 1930 κακοῖς
3027 1868 3115 1921 τὸν
3136 1870 3422 1938 εὐεργέτην

1881 1948 2200 2016 ἠμείψαντο.
2249 1951 2669 2019 Ταραττομένων
2712 1951 2769 2003 δὲ
2807 1954 3010 2017 αὐτῶν,
3055 1954 3146 2007 καὶ
3197 1953 3274 2023 τῲ
3323 1956 3421 2024 μεν

1881 2033 2057 2085 ἁλόντι
2088 2034 2178 2085 ἐπὶ
2199 2037 2263 2103 τῇ
2295 2034 2486 2104 κλοπῇ,
2507 2037 2553 2087 εί
2580 2035 2844 2106 εὑρεθείη,
2868 2038 3090 2090 θάνατον
3116 2038 3418 2108 ὀριζόντων,

1882 2119 2089 2180 ἐαυτοίς
2135 2120 2190 2171 δὲ
2222 2119 2490 2182 δουλείαν,
2525 2121 2827 2191 εὑρίσκεται
2866 2123 3012 2192 παρά
3043 2122 3119 2192 τῷ
3151 2124 3416 2192 Βενιαμίν.

1881 2203 2012 2254 Τότε
2041 2204 2292 2257 εἰσελθὼν
2320 2208 2348 2257 6
2383 2206 2596 2268 Ἰούδας.
2626 2208 2717 2259 καὶ
2739 2207 2941 2278 μακρὸν
2965 2209 3246 2270 ἀποτείνας
3270 2209 3421 2276 λόγον

1880 2289 2004 2359 περί
2025 2305 2082 2341 τε
2095 2289 2184 2341 τοῦ
2200 2289 2400 2359 πατρὸς
2420 2291 2651 2360 καὶπερὶ
2672 2292 2762 2344 τοῦ
2798 2292 2985 2362 Ἰωσὴφ
3003 2295 3094 2347 καὶ
3120 2294 3211 2346 τοῦ
3233 2296 3419 2349 Βενια-

1882 2374 1992 2443 μὶν,
2028 2374 2086 2436 ὃς
2118 2370 2184 2444 ἦν
2221 2375 2467 2444 ἐλόμενος
2507 2377 2625 2430 ἀντὶ
2664 2377 2753 2429 τοῦ
2818 2382 3098 2448 μειρακίον
3153 2380 3419 2434 δουλεύειν

1879 2460 2054 2522 αὐτὸς,
2085 2462 2162 2523 είς
2192 2461 2439 2514 τοσοῦτον
2484 2462 2726 2514 ἐνέϐαλεν
2759 2459 2932 2515 οἶκτον
2967 2466 3057 2516 τὸν
3103 2467 3314 2536 Ἰωσὴφ,
3345 2469 3417 2530 ὠς

1878 2545 2193 2614 ἐλεγχθῆναι
2219 2557 2242 2584 ο
2267 2546 2364 2616 τὴν
2405 2548 2605 2617 σκηνὴν
2633 2547 2864 2602 ἅπασαν.
2898 2551 3104 2612 Πάντας
3131 2552 3237 2622 γὰρ
3260 2554 3418 2606 ἐκϐα-

1877 2630 2000 2691 λὼν,
2026 2632 2109 2683 ἵνα
2144 2631 2290 2700 αὐτῷ
2324 2635 2440 2700 μετ’
2473 2633 2716 2698 ἐξουσίας
2744 2634 2991 2704 δακρύειν
3030 2636 3142 2705 ἐξῇ,
3168 2639 3417 2706 γνωρίζει

1876 2735 1932 2768 τε
1975 2718 2131 2770 αὐτὸν
2164 2723 2273 2779 τοῖς
2300 2719 2561 2785 ἀδελφοῖς,
2593 2720 2685 2771 καὶ
2724 2721 3034 2772 ἀποστέλλει
3073 2723 3161 2773 ἐπὶ
3192 2723 3279 2773 τὸν
3315 2742 3418 2776 πα-

1877 2804 2006 2870 τέρα
2050 2802 2185 2870 μετά
2218 2801 2403 2873 δώρων
2436 2803 2527 2854 καὶ
2558 2804 2778 2873 ἁμαξῶν
2798 2821 2811 2835 ’
2840 2801 2906 2876 ἦν
2926 2806 2979 2858 δὲ
3007 2808 3096 2858 καὶ
3124 2806 3199 2876 τῷ
3225 2809 3417 2879 Φαραὼ

1875 2886 2028 2938 τοῦτο
2063 2889 2426 2943 συνευδοκοῦν.
2462 2889 2547 2952 Ὠς
2572 2890 2624 2942 δὲ
2648 2892 2872 2960 ῆκουσεν
2895 2895 2922 2944 6
2963 2893 3150 2945 Ἰακὼϐ
3182 2895 3247 2946 τὰ
3276 2897 3416 2948 κατά

1875 2973 1963 3023 τ“·ν
1993 2974 2204 3042 Ἰωσὴφ,
2239 2975 2533 3044 περιχαρής
2557 2993 2614 3026 τε
2641 2971 2726 3044 ἦν,
2751 2977 2842 3028 καὶ
2871 2977 2960 3029 τοῦ
2988 2977 3118 3030 Θεοῦ
3142 2979 3418 3032 κελεύσαν-

1874 3074 1963 3119 τος
1996 3059 2196 3128 κατέϐη
2230 3061 2307 3120 είς
2346 3061 2632 3126 Αἴγυπτον.
2661 3061 2793 3132 Ὀρᾷ
2817 3063 2905 3115 τὸν
2939 3063 3132 3134 Ἰωσὴφ
3163 3066 3191 3115 6
3217 3066 3414 3136 πατὴρ,

1873 3144 2184 3215 ἀπηγγέλθη
2224 3144 2388 3197 ταῦτα
2422 3146 2496 3214 τῷ
2522 3146 2732 3215 Φαραὼ,
2760 3148 2850 3200 καὶ
2877 3148 3186 3218 κατῴκησεν
3208 3153 3263 3203 ἐν
3289 3153 3414 3206 Ῥα-

1875 3229 2070 3298 μεσσῆ.
2104 3231 2191 3291 Ὠς
2230 3231 2285 3282 δὲ
2326 3232 2562 3284 ἀνάλωτο
2587 3233 2644 3284 τὸ
2679 3232 2932 3301 ἀργύριον
2967 3234 3063 3301 τῆς
3091 3235 3213 3303 γῆς,
3247 3239 3411 3306 κτήνη

1871 3315 2097 3376 διδόντες
2142 3317 2190 3366 οἱ
2236 3316 2524 3386 ἄνθρωποι.
2565 3316 2860 3385 ἐλάμϐανον
2903 3321 3072 3369 σῖτον·
3125 3321 3305 3392 ἐπειδὴ
3355 3323 3412 3376 δὲ

1871 3401 1964 3452 καὶ
1986 3399 2156 3452 ταῦτα
2182 3401 2426 3464 ἐπέλιπε,
2456 3401 2548 3452 καὶ
2567 3403 2594 3452 6
2622 3400 2775 3468 λιμὸς
2803 3402 2899 3452 οὐκ
2922 3404 3167 3465 ἐπαύετο,
3193 3407 3412 3469 ἑαυτοὺς

1871 3486 2073 3539 ἔδωκαν
2099 3485 2235 3555 μετὰ
2258 3486 2354 3555 τῆς
2381 3486 2482 3554 γῆς
2502 3499 2514 3513 ⁸
2555 3485 2645 3537 καὶ
2673 3486 2943 3554 γενόμενοι
2965 3487 3040 3556 τῷ
3072 3489 3264 3558 Φαραὼ
3290 3491 3411 3544 δοῦ-

1872 3572 1970 3634 λοι,
1994 3573 2262 3641 ἐσπειρον,
2295 3574 2387 3624 καὶ
2418 3573 2475 3624 τὸ
2515 3572 2755 3640 πέμπτον
2791 3573 2948 3642 μέρος
2980 3576 3210 3628 ἐδίδοσαν
3243 3578 3408 3646 αὐτῷ,

1869 3660 1934 3710 τὰ
1969 3659 2204 3728 τέσσαρα
2236 3658 2385 3710 αὐτοὶ
2421 3656 2799 3726 καρπούμενοι.
2833 3659 3052 3711 Μέλλων
3087 3659 3141 3711 δὲ
3165 3662 3410 3730 τελευτᾷν

1868 3746 1896 3795 6
1924 3743 2134 3808 Ἰακὼϐ,
2163 3745 2322 3813 ὅρκον
2350 3743 2568 3795 ἀπαιτεῖ
2590 3743 2678 3793 τὸν
2725 3741 2938 3812 Ἰωσὴφ,
2966 3745 3102 3796 ῶστε
3144 3745 3215 3814 μὴ
3246 3747 3409 3815 θάψαι

1869 3830 2028 3882 αὐτὸν
2071 3831 2128 3881 ἐν
2167 3829 2452 3897 Αίγύπτῳ,
2484 3828 2595 3880 ἀλλ’
2626 3830 2683 3880 ἐν
2728 3827 2802 3896 τῷ
2831 3830 2980 3898 τάφῳ
3029 3831 3133 3882 τῶν
3169 3833 3409 3903 πατέρων

1867 3915 2051 3968 αὐτοῦ.
2091 3917 2197 3966 Καὶ
2221 3917 2344 3977 τοὺς
2372 3916 2518 3977 υἱοὺς
2556 3914 2769 3982 Ἰωσὴφ,
2800 3915 2889 3966 τὸν
2935 3916 3166 3984 Ἐφραῖμ
3201 3919 3291 3969 καὶ
3320 3918 3409 3970 τὸν

1869 4001 2153 4068 Μανασσῆ,
2181 4001 2279 4052 οὐκ
2312 4002 2388 4061 εἰς
2433 4000 2686 4067 ἐγγόνων,
2719 4000 2830 4050 ἀλλ’
2861 4003 2937 4062 εἰς
2971 4002 3095 4052 υἱῶν
3125 4003 3407 4069 καταλέγει

1867 4089 2035 4152 τάξιν.
2074 4088 2180 4140 Καὶ
2219 4087 2532 4154 ἠμϐλυὼπει
2585 4087 2806 4138 Ἰακὼϐ⁹
2853 4088 2928 4150 ὡς
2972 4089 3025 4140 δὲ
3059 4090 3407 4160 κατεφίλησεν

1867 4175 2078 4237 αὐτοὺς,
2114 4175 2205 4224 καὶ
2239 4173 2342 4223 ἔδει
2374 4173 2630 4238 εὐλογεῖν,
2674 4173 2732 4234 ἐξ
2761 4173 3054 4241 ἀριστερῶν
3087 4173 3179 4225 τοῦ
3219 4175 3407 4227 Ἰακὼϐ

1866 4260 2058 4328 ἐστησε
2084 4260 2172 4311 τὸν
2216 4258 2503 4328 Ἐιρραῖμό
2546 4259 2769 4328 Ἰωσὴφ,
2807 4260 2898 4310 τὸν
2946 4259 3000 4310 δὲ
3048 4260 3304 4330 Μανασσῆ
3343 4265 3407 4315 ἐκ

1865 4347 2068 4409 δεξιῶν.
2107 4348 2162 4400 '0
2191 4348 2247 4399 δὲ
2281 4347 2468 4399 Ἰακὼϐ
2505 4347 2598 4416 τὴν
2631 4348 2806 4411 δεξιὰν
2844 4351 2996 4418 χεῖρα
3025 4349 3286 4419 ἐπέθηκεν
3314 4353 3405 4403 ἐπὶ

1863 4433 1954 4484 τὸν
1983 4431 2040 4494 ἐξ
2084 4432 2380 4503 ἀριστερῶν
2410 4432 2615 4485 ἑστῶτα
2645 4433 2731 4484 τὸν
2763 4433 3038 4502 νεώτερον,
3070 4434 3165 4502 τὴν
3195 4434 3250 4485 δὲ
3286 4437 3405 4505 ἀρι-

1867 4518 2057 4588 στερὰν
2092 4519 2180 4569 ἐπὶ
2222 4518 2308 4568 τὸν
2364 4519 2426 4569 ἐκ
2469 4517 2652 4580 δεξιῶν
2677 4559 2690 4583 ,
2733 4519 2823 4570 καὶ
2865 4518 3116 4587 εὐλόγησε
3143 4559 3157 4583 ,
3212 4520 3303 4573 τοῦ
3347 4521 3403 4574 δέ

1878 4605 2069 4674 Ἰωσὴφ
2108 4606 2348 4674 οἰομένου
2380 4604 2517 4656 κατά
2548 4605 2763 4671 ἄγνοιαν
2787 4606 2938 4657 τοῦτο
2973 4608 3137 4658 ποιεῖν
3176 4608 3263 4658 τὸν
3303 4626 3403 4660 πα⁸

1864 4693 2025 4762 τέρα,
2059 4691 2149 4742 καὶ
2199 4690 2600 4760 διορθουμένου,
2653 4690 2751 4741 οὐκ
2800 4691 3048 4758 ἠνέσχετο
3094 4693 3120 4741 6
3171 4693 3397 4744 Ἰακώϐ·

1866 4776 2014 4838 εἰδὼς
2043 4776 2146 4842 γὰρ
2177 4774 2276 4844 ἔφη
2302 4773 2457 4826 τοῦτο
2481 4777 2668 4835 ποιεῖν,
2691 4775 2788 4824 οὐκ
2822 4772 3041 4838 ἀγνοῶν.
3068 4776 3196 4828 Τότε
3227 4777 3401 4830 δίδωσι

1865 4864 1939 4932 τῷ
1990 4862 2178 4932 Ἰωσὴφ
2213 4864 2240 4913 6
2299 4861 2486 4913 Ἰακὼϐ
2529 4861 2625 4928 τὴν
2673 4861 2899 4929 Σίκιμαν
2930 4863 3228 4933 ἐξαίρετον,
3264 4867 3327 4934 ἢν
3375 4868 3404 4918 6

1866 4949 2081 5018 Συμεὼν
2105 4948 2194 4999 καὶ
2217 4946 2343 4998 Λευῒ
2365 4941 2520 4999 εἶλον.
2541 4945 2648 4998 Καὶ
2671 4945 2879 5011 εὐλογεῖ
2903 4948 3024 5007 τοὺς
3049 4949 3190 5009 υἱοὺς
3217 4948 3399 5001 αὐτοῦ.

1877 5033 2132 5086 Ἐνταῦθα
2159 5030 2396 5101 περὶτοῦ
2436 5030 2666 5100 Χριστοῦ
2703 5033 3042 5101 προφητεύει.
3072 5035 3189 5085 Οὐκ
3218 5033 3404 5086 6‘th-

1865 5125 1960 5188 ψει
1985 5121 2198 5186 ἄρχω-ν,
2232 5117 2411 5186 φησιν,
2454 5116 2519 5179 ἐξ
2567 5116 2774 5178 Ἰούδα,
2804 5116 2942 5169 οὐδὲ
2979 5119 3299 5185 ἡγούμενος
3337 5120 3402 5171 ἐκ

1868 5205 1978 5258 τῶν
1989 5203 2193 5272 μηρῶν
2212 5202 2413 5264 αὐτοῦ,
2434 5202 2541 5266 ἕως
2562 5202 2635 5254 ἂν
2658 5203 2802 5269 ἕλοῃ
2828 5195 2875 5267 ᾧ
2901 5204 3202 5256 ἀπόκειται
3227 5218 3276 5256 α.
3313 5204 3400 5266 Ὠς

1863 5293 1914 5343 δὲ
1945 5291 2206 5342 ἀπέθανεν
2235 5291 2261 5339 6
2285 5288 2496 5349 Ἰακὼϐ,
2528 5289 2815 5356 ἐπένθησεν
2843 5289 3001 5340 αὐτὸν
3023 5291 3050 5339 6
3075 5290 3284 5358 Ἰωσήφ,
3312 5292 3401 5342 καὶ

1864 5375 2146 5442 ἀναγαγὼν
2182 5375 2372 5442 ἔθαψεν
2397 5376 2452 5424 ἐν
2473 5373 2546 5442 τῷ
2574 5374 2815 5443 σπηλαίῳ
2845 5374 3105 5443 Ἀϐραάμ.
3131 5371 3289 5427 Εἶπον
3311 5371 3400 5428 οὖν

1925 5465 1947 5492 ο
1986 5463 2188 5521 Ἐλέγχω
2215 5474 2300 5507 τοι
2322 5457 2921 5521 Chrysoslomofamiliaris
2945 5460 3032 5506 hoc
3054 5473 3158 5521 usu.

1925 5523 1951 5559 ιι
1979 5525 2027 5568 In
2058 5518 2263 5581 \U’I'guus
2290 5519 2644 5581 exemplaribus
2668 5518 2864 5580 legitur,
2888 5520 2974 5572 ἕως
2997 5521 3051 5565 ἂν
3079 5520 3182 5578 ἔλθῃ
3209 5519 3267 5566 τὰ
3289 5521 3403 5581 ἀποο

1864 5583 2051 5656 κείμενα
2073 5578 2214 5656 αὐτῶ·
2241 5580 2326 5649 8εά
2347 5580 2395 5625 in
2419 5578 3054 5656 QuibulngmLécgl‘gsiasticts
3091 5580 3406 5656 scriploﬂpus

1865 5645 1904 5703 ᾧ
1925 5638 2385 5703 ἀπόκειταιιρειιυι.
2399 5649 2449 5703 οι
2472 5642 2540 5686 sic
2563 5638 2773 5703 habcbqg
2785 5640 3107 5703 Qhrysqs‘lomi
3134 5638 3400 5700 eiemplar:

1865 5699 1973 5751 liam
1996 5704 2061 5751 sic
2082 5702 2164 5748 illc
2190 5703 2306 5760 ngit
2327 5701 2372 5745 in
2399 5699 2626 5748 Genesim
2649 5713 2695 5760 p.
2720 5699 2827 5759 658,
2850 5707 2899 5747 el
2922 5699 3054 5748 alibi.
