4096 6492
289 430 400 484 325

289 538 422 592 lilios
449 538 708 606 Ephraim
734 550 895 604 usque
923 535 987 588 ad
1015 533 1221 588 tertiam
1253 532 1672 600 generationem.
1707 530 1846 582 Dixit

294 643 447 696 porro
477 626 732 679 fratribus
761 625 870 678 suis
899 642 912 678 :
955 622 1241 678 Visitatione
1267 621 1480 674 visitabit
1508 634 1593 673 vos
1623 616 1780 680 Deus,
1808 627 1852 670 et

291 719 485 772 inducet
511 734 595 770 vos
625 719 675 769 iu
699 726 880 770 terram
905 712 1264 784 promissionis,
1304 727 1454 780 quam
1475 711 1664 780 juravit
1693 710 1851 778 patri-

292 811 382 862 bus
421 809 603 860 nostris
646 823 698 859 se
734 806 968 858 daturum
1004 804 1092 856 eis.
1128 801 1190 855 Et
1218 801 1368 855 simul
1408 802 1655 854 vobiscum
1691 802 1856 867 [cretis

289 915 404 951 orsa
429 914 536 948 mea
567 893 729 966 (ben.
763 895 848 948 50.
881 893 950 947 24
974 894 1016 960 ).
1045 891 1172 945 Cum
1203 891 1418 945 vixisset
1436 898 1646 944 centum
1678 887 1849 950 annis,

289 987 531 1057 sepultus
560 994 642 1040 cst
667 986 718 1039 in
748 983 919 1038 loculo
951 984 998 1036 in
1028 981 1273 1053 Aigypto.

845 1087 1081 1128 SYNOPSIS
1120 1086 1290 1126 EXODI.

364 1168 668 1236 Exsurgens
701 1166 750 1218 in
785 1163 1016 1234 JEgypto
1052 1178 1142 1217 rex
1181 1162 1268 1232 qui
1307 1160 1592 1228 Josephum
1623 1174 1724 1213 non
1759 1174 1854 1213 no-

289 1267 474 1318 verat,
524 1257 782 1312 lsraelitas
817 1253 1002 1307 atllixit
1041 1254 1092 1307 in
1141 1253 1251 1306 luto
1296 1262 1349 1306 et
1383 1251 1564 1305 latere.
1603 1249 1856 1317 Praecepit

287 1353 448 1404 etiam
481 1348 870 1412 obstetricibus,
913 1355 969 1400 ut
1005 1345 1305 1400 occiderent
1344 1343 1604 1397 masculos
1647 1341 1854 1395 lsi'aeli-

288 1449 501 1503 taruiu;
530 1447 586 1492 ut
624 1447 797 1491 autem
847 1436 949 1490 illa:
990 1450 1093 1489 non
1140 1443 1440 1502 paruerunt,
1478 1433 1607 1486 illud
1655 1431 1855 1484 facinus

287 1530 484 1597 populo
507 1527 790 1581 commisit.
839 1520 1690 1591 TuncnaseiturMoysesextribu
1704 1520 1850 1584 Levi,

285 1631 334 1672 et
365 1627 725 1686 exposuerunt
753 1632 872 1671 cum
904 1625 1146 1683 parentes
1190 1615 1240 1667 in
1280 1613 1476 1667 arcula.
1522 1610 1854 1666 Descendens

286 1725 415 1761 vero
450 1708 551 1761 tilia
600 1707 906 1770 Pharaonis,
946 1705 1189 1759 eductum
1221 1703 1470 1757 infantem
1519 1701 1852 1755 nutriendum

288 1797 520 1852 tradidit.
550 1795 680 1850 Cum
705 1798 756 1849 in
783 1796 951 1848 virum
978 1794 1232 1848 crevisset
1259 1792 1483 1861 Moyses,
1505 1805 1749 1860 egressus
1772 1799 1853 1843 est

286 1888 349 1940 ad
375 1887 510 1940 tilios
537 1885 720 1940 Israel.
754 1884 823 1939 Ut
850 1893 1024 1938 autem
1067 1883 1300 1936 laborem
1325 1896 1507 1936 eorum
1551 1879 1847 1934 considera-

287 1977 395 2037 bat,
423 1975 554 2028 vidit
577 1974 902 2044 Egyptium,
936 1973 1022 2041 qui
1050 1971 1324 2026 llebrmum
1355 1970 1682 2035 verberabat,
1709 1984 1856 2023 cum-

286 2083 388 2132 que
415 2065 539 2118 hinc
575 2066 694 2118 inde
724 2062 1064 2132 respexisset,
1103 2061 1367 2115 neminem
1393 2059 1552 2123 vidit;
1578 2073 1852 2126 percusso-

292 2170 396 2222 que
423 2153 690 2224 rligyptio,
715 2152 989 2206 abscondit
1017 2152 1159 2204 illum
1189 2151 1240 2204 in
1274 2164 1454 2204 arena.
1489 2151 1740 2217 Egressus
1772 2150 1854 2203 die

287 2250 550 2311 sequenti,
580 2244 707 2296 vidit
736 2241 983 2296 llebrtcos
1012 2240 1144 2295 duos
1182 2253 1301 2294 sese
1338 2247 1520 2293 mutuo
1567 2238 1853 2292 verberan-

289 2342 402 2395 tes,
443 2332 702 2400 alterique
739 2331 868 2384 dixit
901 2347 915 2384 :
945 2329 1044 2383 Cur
1093 2330 1318 2382 verberas
1371 2327 1696 2394 proximum?
1740 2326 1854 2379 Intit

290 2423 412 2476 ille:
452 2421 577 2487 Quis
603 2433 649 2475 te
687 2423 938 2475 constituit
967 2421 1242 2490 principem
1279 2431 1323 2474 et
1340 2421 1564 2487 judicent
1594 2420 1854 2472 nostrum?

287 2531 351 2564 an
380 2513 604 2565 occidere
631 2529 708 2564 me
732 2513 821 2575 eis,
862 2522 913 2563 ut
955 2512 1060 2563 [teri
1105 2509 1405 2580 1Egyptium
1453 2508 1641 2578 (Exod.
1674 2509 1726 2561 2.
1766 2511 1849 2562 15.

292 2606 414 2672 li)?
457 2604 655 2658 Timuit
705 2619 832 2672 ergo
885 2603 1106 2673 Moyses,
1156 2603 1464 2670 Pharaoque
1504 2615 1613 2654 rem
1653 2609 1852 2668 gestam

289 2693 505 2756 audivit,
547 2707 607 2744 ac
649 2692 915 2760 quzrrebat
972 2692 1268 2744 interficere
1313 2691 1564 2759 Moysem.
1618 2690 1854 2743 Metuens

289 2782 496 2850 Moyses
526 2780 746 2833 secessit
776 2780 825 2831 in
861 2779 1081 2832 Madiam
1118 2796 1130 2831 :
1164 2779 1398 2847 iuvitque
1445 2778 1675 2832 Jothoris
1722 2779 1853 2830 tilias

290 2873 354 2924 ad
385 2872 705 2940 aquandum.
754 2870 859 2923 illa:
906 2885 1014 2924 rem
1050 2879 1250 2939 gestam
1283 2871 1411 2938 patri
1463 2872 1849 2935 nuntiaverunt,

288 2963 354 3016 ad
383 2977 611 3031 cumque
632 2961 898 3015 adduxere
929 2961 1176 3030 Moysem.
1204 2960 1390 3015 Jmhor
1423 2961 1566 3014 dedit
1593 2961 1665 3014 illi
1692 2961 1851 3014 tiliam

290 3067 438 3104 suam
471 3053 525 3104 in
575 3065 791 3104 uxorem
827 3067 839 3102 :
871 3057 923 3104 et
965 3050 1165 3117 peperit
1206 3049 1290 3102 illa
1336 3049 1496 3118 Moysi
1549 3049 1766 3102 Gerscnt
1802 3057 1854 3102 et

295 3141 518 3194 Elicser.
574 3141 674 3209 Ipsi
717 3154 902 3208 greges
954 3139 1183 3207 poscenti
1237 3139 1464 3208 loquitur
1515 3139 1682 3202 Deus;
1735 3153 1851 3192 cum

289 3229 531 3294 accessit,
562 3229 690 3281 vidit
716 3229 766 3282 in
807 3227 937 3281 rubo
980 3228 1289 3282 miraculum
1330 3227 1476 3290 illud,
1519 3242 1637 3281 cum
1675 3242 1850 3282 urere-

291 3328 376 3372 tur
403 3328 590 3372 etnon
636 3319 1053 3372 combureretur.
1103 3319 1167 3371 Et
1211 3319 1369 3372 mittit
1424 3320 1569 3374 illum
1622 3319 1759 3373 Deus
1800 3320 1851 3373 in

290 3407 574 3477 ngyptum
613 3407 831 3461 dicens:
868 3408 958 3462 Dic
1006 3405 1095 3478 [de
1141 3407 1267 3479 me],
1319 3406 1432 3476 Ego
1476 3424 1585 3461 sum
1632 3410 1716 3476 qui
1744 3425 1854 3462 sum

290 3497 488 3562 (Exod.
521 3498 574 3551 5.
606 3498 714 3566 Î—).
749 3497 965 3552 iubetur
998 3514 1317 3568 congregare
1342 3501 1608 3553 seniorum
1637 3510 1851 3565 coctum,

291 3595 344 3640 ct
377 3588 453 3640 sic
480 3588 676 3640 intrare
720 3588 783 3640 ad
825 3588 1173 3654 Pharaonem,
1222 3590 1610 3658 prreeiperequc
1641 3591 1850 3658 populo,

294 3684 344 3727 ut
375 3691 494 3729 cum
521 3675 849 3746 aufugerent,
887 3692 1006 3730 vasa
1055 3687 1300 3745 argentea
1343 3687 1395 3732 et
1448 3694 1606 3733 aurea
1653 3689 1853 3732 mutua-

295 3773 477 3815 rentur
519 3777 547 3815 a
589 3764 791 3818 vicinis.
843 3765 1041 3834 Datque
1091 3767 1162 3819 illi
1221 3768 1337 3820 talia
1374 3769 1518 3836 signa
1550 3777 1604 3821 ut
1649 3768 1777 3824 tides
1805 3771 1852 3824 ei

296 3853 599 3918 haberetur,
630 3855 830 3924 virgam
866 3871 982 3923 qua:
1024 3871 1171 3909 versa
1203 3868 1286 3911 est
1311 3858 1361 3910 in
1387 3867 1705 3926 serpentem,
1741 3877 1852 3913 mu-

293 3944 543 3997 tationem
573 3959 760 3998 manus
787 3960 927 4012 suae;
970 3947 1100 4002 facta
1128 3949 1320 4017 quippe
1344 3959 1418 4002 est
1449 3950 1565 4003 alba
1603 3951 1736 4004 sicut
1763 3952 1851 4005 uix

291 4035 383 4100 (ex
417 4033 603 4101 lepra),
627 4043 680 4088 et
707 4051 912 4088 rursum
941 4036 1177 4090 restituta
1208 4047 1288 4090 est
1315 4039 1367 4090 in
1402 4040 1674 4105 pristinum
1706 4043 1852 4095 colo-

291 4138 442 4184 rem;
471 4138 655 4190 aquam
684 4124 803 4177 item
823 4123 1070 4189 ï¬‚uminis,
1104 4124 1350 4190 E/fundes
1373 4127 1533 4192 enim,
1567 4129 1752 4197 inquit,
1794 4148 1854 4184 ex

291 4227 352 4263 ea
382 4211 432 4263 in
454 4212 666 4276 aridam,
695 4223 739 4265 et
779 4213 980 4282 sanguis
1008 4214 1097 4266 erit
1127 4213 1316 4283 (Exod.
1345 4216 1396 4268 4.
1437 4214 1514 4286 9).
1546 4216 1853 4273 Reluctante

294 4300 497 4369 Moyse,
523 4300 684 4354 iratus
727 4302 863 4354 Deus
891 4301 1135 4370 adjunxit
1181 4303 1279 4370 ipsi
1322 4304 1604 4359 Aaronem.
1636 4306 1853 4359 Annuu-

297 4387 446 4439 tiavit
470 4388 675 4457 Moyses
701 4389 902 4442 Jothori
931 4404 1114 4444 socero
1141 4405 1257 4454 suo,
1283 4407 1339 4445 se
1362 4392 1410 4444 in
1430 4392 1712 4462 Egyptum
1740 4410 1854 4451 esse

298 4477 677 4543 profecturum.
723 4478 1030 4547 Mortuoque
1071 4494 1211 4548 rege,
1242 4482 1329 4548 qui
1356 4482 1524 4549 ipsum
1562 4483 1855 4541 interï¬cere

297 4565 589 4632 quaerebat,
623 4567 690 4618 ait
722 4567 792 4619 illi
824 4567 959 4620 Deus
988 4585 1000 4620 :
1031 4565 1300 4636 Ingredere
1322 4571 1372 4621 in
1394 4569 1674 4640 Egyptum
1695 4572 1852 4644 (Ibid.

297 4672 347 4706 Ï….
381 4654 494 4721 l9).
525 4654 612 4707 lllc
658 4670 783 4706 vero
810 4657 1092 4723 assmnptis
1131 4655 1251 4709 filiis
1279 4671 1396 4711 cum
1421 4675 1608 4722 uxore,
1633 4662 1708 4714 sic
1740 4679 1856 4729 pro-

298 4742 472 4796 fectus
498 4752 594 4795 est.
640 4742 760 4797 Ideo
786 4744 998 4811 angelus
1043 4744 1140 4812 ipsi
1169 4755 1402 4812 apparet,
1432 4755 1704 4803 exterrens
1737 4765 1854 4802 cum

301 4832 531 4902 (a).i\â€™on
558 4832 698 4885 enim
735 4843 945 4900 prepter
993 4833 1439 4888 eircmncisionem
1485 4835 1552 4904 (si
1584 4839 1721 4890 enim
1759 4840 1858 4892 cir-

299 4922 638 4977 cumcisionis
677 4935 852 4984 causa,
885 4922 1158 4990 Oportebat
1188 4937 1291 4977 non
1319 4933 1439 4978 autc
1463 4925 1728 4980 discedere
1766 4944 1858 4979 an-

301 5013 501 5082 gelum,
531 5026 682 5078 quam
709 5010 933 5064 alterum
957 5021 1122 5065 mater
1142 5012 1593 5084 circumcidissct),
1626 5015 1716 5068 sed
1742 5017 1858 5068 idco

301 5099 563 5168 apparuit,
595 5107 779 5151 utnon
812 5113 1028 5152 uxorem
1064 5106 1280 5154 duceret
1315 5099 1366 5154 in
1404 5100 1709 5170 Egyptum.
1743 5103 1858 5157 Non

302 5193 444 5244 enim
469 5205 534 5244 eo
564 5187 887 5249 mittebatur,
911 5196 966 5239 ut
984 5187 1088 5240 illic
1114 5188 1390 5253 habitaret,
1420 5191 1510 5244 sed
1536 5200 1588 5242 ut
1614 5191 1860 5246 educeret

307 5281 548 5334 lsraelem
581 5297 594 5331 :
624 5277 765 5347 quod
808 5287 859 5330 et
910 5277 993 5329 ille
1036 5278 1348 5345 intelligens,
1382 5279 1580 5332 remisit
1619 5294 1857 5334 uxorem.

298 5375 368 5429 At
404 5373 539 5427 unde
572 5373 745 5440 palum
772 5377 850 5422 est
892 5367 1027 5436 quod
1067 5369 1365 5421 remiserit?
1409 5369 1532 5422 Post
1570 5370 1857 5425 discessum

298 5483 405 5529 vita:
425 5476 638 5537 Josepbo
657 5474 874 5537 tribuunt
897 5485 910 5519 :
937 5470 1030 5537 sed
1046 5467 1196 5530 lapsu,
1222 5478 1274 5519 ut
1297 5469 1504 5531 videtur,
1528 5473 1752 5534 graphioo
1770 5473 1858 5522 de-

294 5554 395 5591 cem
412 5541 525 5590 anni
541 5532 634 5586 'hic
658 5542 710 5582 et
734 5533 853 5580 intra
877 5532 1033 5579 omissi
1054 5541 1180 5578 sunt.

347 5606 419 5665 (Î±)
455 5596 770 5665 "medic-itur
790 5593 935 5641 fuisse
966 5591 1392 5665 setrtetttiaiâ€˜ttabbi
1426 5593 1688 5665 Abrahami,
1713 5607 1862 5654 ange-

283 5649 506 5718 11]Î¹á¿†á½µá¿–Î¹á½¹Î¹á½¶
543 5659 662 5708 ideo
689 5662 895 5722 Moysem
930 5650 1150 5722 occidere
1182 5649 1410 5722 voluisse,
1448 5653 1574 5722 ÏˆÎ¹Î¿á¾³
1614 5652 1732 5701 Î¸Ï…Î¿Î´
1769 5649 1860 5722 aq"

277 5711 692 5779 circ-unicidisset,
716 5711 803 5782 sed
825 5714 951 5782 quod
975 5723 1174 5782 uxorem
1200 5717 1251 5782 et
1285 5711 1404 5782 ï¬lios
1426 5711 1753 5782 simulsceum
1778 5716 1856 5760 ad-

274 5770 535 5844 JEEEiEiE
551 5788 607 5830 et
630 5770 897 5842 probabilis
913 5780 1046 5824 certe
1074 5783 1130 5822 ea
1153 5773 1271 5822 ratio
1295 5779 1364 5820 est
1383 5784 1515 5836 ,qutc
1540 5772 1616 5822 hic
1639 5770 1852 5825 aifcrtur.

1333 417 1648 477 SYNUPSIS
1683 416 2081 472 SCllllâ€™TUli/E
2120 418 2380 474 SACllAâ€˜l.

3415 433 3525 495 326

1961 543 2022 580 ex
2051 527 2278 597 gligypto
2303 530 2528 583 occurrit
2551 530 2620 584 illi
2643 544 2761 583 eum
2787 544 2948 585 uxore
2972 531 3135 599 ipsius
3155 530 3339 586 .luthor
3365 548 3519 590 socer

1959 616 2092 684 ejus.
2130 618 2280 671 Venit
2309 619 2481 672 Aaron
2509 618 2572 672 nd
2607 619 2858 688 Moysem,
2887 627 2939 674 et
2967 621 3121 674 ambo
3138 635 3517 691 congregarunt

1960 707 2196 760 seniores
2223 707 2451 772 lsraelis,
2486 719 2539 762 et
2564 709 2688 778 ipsis
2718 711 3087 763 renuntiarunt
3117 711 3206 763 Dei
3232 713 3472 766 mandata
3505 732 3514 764 :

1963 797 2036 850 illi
2067 806 2242 852 autem
2283 799 2450 868 gavisi
2487 808 2627 854 sunt.
2667 799 2762 854 Ubi
2791 815 2916 854 vero
2956 800 3020 854 ad
3073 801 3399 858 Pharaonem
3431 819 3519 858 ac-

1960 897 2250 952 cesserunt,
2275 887 2653 956 jusseruntque
2682 904 2799 942 cum
2823 889 3087 945 dimittere
3117 892 3383 960 populutn,
3411 909 3514 948 non

1964 975 2118 1029 modo
2146 993 2246 1029 non
2275 979 2457 1032 annuit
2487 995 2597 1044 rex,
2627 979 2719 1033 sed
2758 982 2912 1033 etiant
2945 980 3207 1036 lsraelitas
3236 982 3519 1038 vehemen-

1962 1066 2063 1119 tius
2092 1065 2296 1134 alilixit,
2321 1068 2510 1136 jubens
2545 1084 2609 1123 ne
2652 1068 2864 1124 daretur
2893 1071 2970 1124 eis
2999 1071 3163 1137 palea,
3195 1072 3287 1126 sed
3333 1083 3389 1127 ut
3423 1074 3522 1142 ipsi

1962 1171 2077 1209 eam
2105 1157 2201 1211 sibi
2232 1161 2540 1228 reperirent.
2575 1159 2705 1213 Cum
2745 1169 2918 1214 autem
2958 1161 3144 1216 scriba:
3181 1163 3520 1220 verberaren-

1964 1257 2065 1311 tur,
2094 1248 2234 1317 quod
2261 1265 2392 1318 opus
2415 1267 2517 1306 non
2541 1250 2866 1320 impleretur,
2897 1251 3224 1307 Pharaonem
3254 1254 3517 1318 adierunt,

1962 1337 2191 1409 nihilque
2217 1340 2578 1409 impetrarunt.
2616 1341 2762 1396 Tunc
2793 1344 3346 1400 ocelatnaruntcontra
3378 1347 3519 1417 Moy-

1961 1441 2072 1479 seut
2100 1446 2111 1480 :
2142 1444 2452 1501 rursumque
2482 1432 2702 1484 mittitur
2743 1431 2826 1485 ille
2877 1433 2940 1485 ad
2989 1433 3270 1500 lsraelitas,
3319 1437 3514 1490 exitum

1964 1515 2063 1568 illis
2104 1518 2436 1572 annuntians.
2484 1519 2557 1571 Illi
2589 1536 2710 1574 vero
2737 1537 2800 1573 nc
2826 1523 3097 1575 audierunt
3139 1523 3348 1591 quidem
3372 1526 3517 1597 May-

1964 1619 2092 1668 sem,
2129 1615 2230 1658 tam
2261 1606 2465 1676 dejecto
2505 1619 2657 1663 erant
2699 1611 2894 1663 animo.
2941 1611 3035 1666 llic
3058 1613 3301 1667 scribitur
3328 1615 3518 1687 Moysis

1959 1694 2281 1764 genealogia,
2309 1705 2363 1750 ct
2386 1699 2459 1750 ait
2504 1698 2573 1751 illi
2619 1698 2754 1752 Deus
2787 1718 2798 1752 :
2827 1697 2952 1753 Dedi
2986 1711 3031 1753 te
3069 1702 3215 1754 deum
3265 1703 3517 1758 Pharaoni

1960 1782 2151 1850 (Exod.
2185 1786 2234 1837 7.
2271 1785 2344 1855 Î™.)
2378 1804 2388 1838 :
2421 1787 2684 1856 mittitque
2707 1788 2846 1840 illunt
2874 1788 2940 1842 ad
2964 1789 3516 1861 Pliaraoncnt,jubcns

1958 1874 2236 1928 ostendere
2263 1878 2485 1944 signum,
2516 1879 2558 1932 si
2580 1895 2666 1932 rex
2698 1890 2917 1946 peteret,
2948 1880 3104 1949 virga:
3134 1883 3185 1935 in
3215 1896 3513 1952 serpentem

1958 1977 2244 2018 converse.
2275 1965 2338 2020 Ut
2367 1978 2538 2022 autem
2582 1970 2721 2037 virga
2769 1970 2820 2022 in
2851 1983 3148 2038 serpentem
3191 1984 3384 2030 mutata
3413 1989 3509 2042 est,

1959 2067 2056 2106 nec
2079 2062 2250 2109 tamen
2292 2070 2384 2110 rex
2414 2058 2590 2121 cessit,
2622 2058 2842 2113 vertitur
2888 2075 3017 2129 aqua
3061 2061 3288 2118 lltuniuis
3313 2065 3363 2118 in
3391 2083 3512 2119 san-

1960 2142 2194 2210 guinem,
2221 2144 2467 2213 impletur
2489 2156 2622 2200 terra
2646 2147 2785 2202 ranis
2819 2166 2830 2202 :
2863 2149 3050 2204 deinde
3079 2153 3344 2221 sciniphes
3371 2158 3513 2211 exie-

1960 2241 2100 2297 runt,
2121 2249 2238 2287 mox
2257 2237 2551 2307 cynomyia,
2579 2248 2756 2306 postea
2780 2255 2921 2293 mors
2937 2241 3314 2309 jumentortun,
3335 2259 3512 2313 postea

1959 2323 2195 2388 pustulae,
2239 2322 2358 2376 hinc
2399 2326 2600 2393 grando
2647 2337 2698 2380 et
2747 2327 2899 2397 ignis,
2954 2339 3131 2396 postea
3178 2331 3410 2394 lucustm,
3461 2344 3513 2390 ct

1961 2416 2188 2471 tenebra:
2215 2418 2517 2487 palpabilcs.
2549 2420 2675 2474 Cum
2695 2433 2866 2475 autem
2899 2423 3187 2478 inducenda
3213 2435 3352 2480 esset
3374 2442 3515 2482 mors

1963 2507 2449 2576 ptiuzogeuitorunt,
2477 2511 2728 2578 jubeutur
2771 2513 3045 2568 immolare
3095 2531 3283 2585 agnum
3324 2518 3494 2571 intuta-

1958 2597 2210 2663 culatum,
2254 2607 2307 2652 et
2344 2599 2596 2668 inungere
2626 2609 2803 2669 postes
2842 2604 3096 2673 sanguine
3123 2622 3135 2657 :
3163 2621 3330 2675 neque
3371 2610 3510 2662 enim

1960 2684 2243 2739 morituros
2272 2702 2388 2741 esse
2415 2703 2504 2742 eos
2525 2689 2613 2757 qui
2643 2698 2818 2743 essent
2843 2690 2892 2743 in
2914 2705 2974 2744 ca
3002 2691 3178 2757 domo,
3206 2696 3253 2746 in
3277 2711 3377 2764 qua
3399 2713 3513 2751 san-

1957 2774 2068 2838 guis
2089 2775 2207 2842 agni
2237 2786 2394 2830 esset.
2443 2778 2585 2831 Tunc
2626 2778 2727 2832 illis
2775 2779 2886 2848 lege
2932 2783 3111 2836 statuit
3156 2794 3354 2853 septem
3400 2787 3513 2844 dies

1957 2876 2261 2930 azymorum
2289 2875 2372 2917 :ct
2401 2866 2443 2918 si
2491 2865 2704 2934 ingressi
2743 2866 2932 2922 fuerint
2970 2871 3018 2922 in
3062 2880 3250 2925 terram
3286 2879 3508 2942 promis-

1957 2951 2137 3017 sionis,
2156 2954 2301 3022 jubet
2333 2955 2470 3011 hunc
2494 2973 2708 3012 servare
2751 2959 2965 3013 cultum.
3017 2961 3080 3014 Et
3109 2963 3154 3015 si
3179 2967 3512 3037 interrogave-

1958 3043 2057 3095 rint
2078 3059 2180 3106 vos,
2209 3044 2393 3114 inquit,
2429 3047 2523 3114 ï¬lii
2551 3049 2714 3115 vestri,
2761 3049 2949 3113 dicetis,
2982 3050 3296 3120 Sacri/icium
3327 3060 3514 3125 pascha

1959 3134 2050 3186 hoc
2093 3145 2164 3186 est
2208 3134 2420 3189 Domino
2465 3137 2652 3209 (Exod.
2702 3139 2784 3191 12.
2815 3137 2929 3205 27).
2962 3139 3089 3195 Cum
3130 3151 3303 3198 autem
3337 3147 3504 3200 media

1960 3231 2110 3276 nocte
2161 3224 2442 3292 periissent
2488 3228 2662 3279 omnia
2711 3229 3053 3296 primogenita
3108 3229 3507 3301 IEgyptiorunt,

1960 3313 2246 3381 abegerunt
2286 3315 2545 3369 lsraelitas
2594 3333 2656 3370 ex
2707 3315 2950 3387 ngypto.
3007 3318 3082 3372 Illi
3134 3337 3258 3376 vero
3311 3330 3508 3394 egressi

1959 3413 2096 3467 sunt,
2131 3419 2249 3457 cum
2296 3406 2621 3473 accepissent
2653 3421 2772 3460 vasa
2802 3418 3048 3477 argentea
3080 3420 3129 3463 et
3155 3425 3335 3478 aurea,
3383 3416 3514 3469 mul-

1962 3504 2172 3563 tutnquc
2210 3497 2454 3565 populum
2507 3511 2683 3551 secum
2735 3499 3108 3567 promiscuum,
3158 3511 3210 3555 ct
3263 3519 3406 3568 oves,
3460 3519 3514 3562 et

1961 3585 2140 3647 bores,
2168 3594 2220 3639 et
2266 3585 2523 3654 jumenta.
2559 3587 2820 3640 Ilabitatio
2857 3597 3028 3642 autem
3062 3590 3283 3645 liliurum
3329 3594 3507 3660 Israel,

1960 3688 2058 3741 qua
2091 3672 2390 3727 habitarunt
2423 3675 2518 3743 ipsi
2546 3685 2598 3729 et
2627 3685 2802 3744 patres
2831 3692 3009 3731 eorum
3044 3681 3092 3732 in
3127 3690 3260 3733 terra
3302 3682 3511 3753 Afgypti

1959 3770 2010 3816 ct
2038 3762 2087 3814 in
2120 3770 2256 3816 terra
2283 3763 2546 3829 Chanaan,
2592 3763 2688 3818 fuit
2722 3781 2977 3820 annorum
3016 3768 3511 3840 quadringentorum

1960 3860 2011 3905 et
2057 3851 2265 3919 triginta
2310 3853 2407 3922 (a).
2441 3853 2506 3907 Et
2545 3855 2612 3906 ait
2653 3855 2790 3909 Deus
2832 3873 2845 3909 :
2888 3856 3129 3910 Consecra
3171 3869 3218 3911 et
3258 3864 3514 3929 sancti/ica

1960 3941 2082 3993 mihi
2111 3958 2253 3994 omne
2297 3943 2670 4011 primogenitum
2709 3946 2769 3996 ab
2819 3947 3015 3999 homine
3058 3964 3208 4017 usque
3251 3952 3317 4002 ad
3365 3968 3514 4020 pecus

1961 4029 2149 4098 (Exod.
2183 4031 2271 4085 15.
2311 4030 2412 4099 2.),
2464 4033 2582 4100 quia
2624 4034 2814 4087 occidit
2857 4036 3199 4105 primogenita
3242 4039 3517 4111 Egyptio-

1960 4133 2096 4169 rum.
2126 4117 2238 4172 Non
2271 4118 2416 4172 duxit
2454 4129 2627 4174 autem
2673 4136 2764 4174 eos
2795 4137 2886 4190 per
2916 4122 3224 4193 Phylistiitn,
3254 4143 3321 4182 ne
3349 4133 3514 4198 panti-

1963 4215 2096 4259 teret
2124 4221 2215 4260 eos
2242 4207 2433 4260 bellum
2458 4209 2712 4272 videntes,
2738 4226 2837 4264 neu
2866 4221 3252 4269 reverterentur
3278 4216 3511 4290 inAEgy-

1963 4308 2124 4363 ptum,
2157 4298 2247 4350 sed
2282 4311 2373 4364 per
2409 4312 2554 4351 mare
2598 4298 2851 4352 Rubrum.
2880 4299 3064 4367 Quinta
3095 4313 3271 4358 autem
3291 4321 3511 4375 genera-

1962 4386 2102 4439 tione
2131 4387 2483 4440 ascenderunt
2512 4389 2599 4442 ï¬lii
2645 4388 2798 4442 lsrael
2829 4405 2891 4442 ex
2921 4389 3148 4460 Egypto
3177 4411 3191 4445 :
3221 4403 3275 4449 et
3313 4401 3516 4468 accepit

1962 4476 2166 4546 Moyses
2187 4478 2560 4546 ossaJosephi.
2592 4479 2826 4533 Ducebat
2871 4489 3044 4535 autem
3094 4483 3229 4538 Deus
3270 4486 3513 4542 lsraelem

1961 4568 2120 4622 ductu
2151 4569 2282 4636 ignis
2309 4584 2400 4635 per
2428 4577 2655 4634 noctem,
2685 4580 2735 4622 et
2760 4569 2916 4623 ductu
2947 4570 3099 4625 nubis
3139 4587 3232 4639 per
3256 4573 3415 4628 diem.
3453 4577 3517 4632 Î¹Î¹Î¹

1962 4669 2134 4710 autem
2166 4659 2471 4724 insequutus
2497 4669 2575 4714 est
2605 4659 2804 4712 Pharao
2835 4668 3031 4712 mutata
3061 4664 3341 4726 sententia,
3373 4665 3514 4737 virga

1965 4747 2218 4813 percussit
2244 4745 2449 4813 Moyses
2481 4761 2641 4808 mare,
2670 4755 2721 4798 et
2748 4747 2970 4800 divisum
3012 4759 3092 4802 est
3126 4767 3138 4803 :
3170 4766 3288 4805 cum
3337 4765 3510 4810 autem

1966 4833 2389 4900 pertransiissent
2422 4834 2688 4897 Israelitat,
2721 4850 2866 4889 mare
2900 4836 3232 4905 conjunctum
3283 4852 3361 4896 est
3390 4860 3516 4898 con-

1965 4931 2040 4974 tra
2062 4921 2359 4992 Egyptios,
2386 4934 2438 4976 et
2463 4925 2711 4977 demersit
2731 4941 2842 4978 eos.
2876 4927 2939 4978 Et
2959 4929 3146 4980 cecinit
3166 4929 3366 5000 Moyses
3390 4949 3517 4988 ean-

1966 5017 2144 5078 ticum,
2171 5015 2360 5068 cecinit
2381 5025 2431 5069 et
2462 5017 2617 5070 Maria
2648 5032 2764 5070 cum
2802 5019 3126 5074 mulieribus.
3162 5021 3427 5078 Venerunt
3467 5032 3518 5082 in

2027 5167 2098 5229 (a)
2134 5167 2346 5231 Ctun_l_t_is
2366 5178 2623 5231 consumat
2645 5183 2754 5231 qua:
2771 5171 2891 5220 dixit
2914 5173 2959 5219 in
2984 5172 3176 5220 tlomilia
3215 5175 3273 5223 257
3301 5178 3343 5224 in
3367 5186 3520 5229 Cene-

1963 5228 2224 5295 sini,"rom.
2253 5228 2330 5287 Î¹Î½,
2356 5229 2578 5295 ÎµÏÎ¹Î·á½¸Î¹Î²,
2606 5228 2754 5295 annos
2777 5244 2951 5295 nempe
2969 5234 3346 5295 quadringentos
3365 5228 3520 5288 servi.

1965 5291 2104 5360 tutis,
2130 5302 2251 5361 quos
2287 5290 2457 5361 semini
2503 5290 2697 5338 Abrahae
2736 5290 2959 5361 praxlixit
2987 5290 3114 5341 beus
3147 5290 3318 5344 Gâ€˜eues.
3348 5300 3420 5354 l5,
3448 5303 3523 5361 15,

1965 5350 2255 5415 i_n_cipiendos
2277 5364 2302 5396 a
2326 5358 2560 5415 tempore,
2586 5350 2913 5415 quesbraltze
2949 5353 3233 5412 imperatum
3269 5367 3359 5415 est,
3385 5350 3437 5409 ut
3460 5350 3525 5412 ei

1966 5409 2170 5482 Charran
2203 5409 2541 5482 egrederetur.
2581 5409 2954 5482 Quadringentos
2977 5409 3126 5482 annos
3163 5428 3223 5464 eo
3255 5409 3358 5467 loco
3394 5409 3525 5481 dicit:

1964 5473 2071 5530 quia
2095 5469 2424 5532 quadringenti
2452 5478 2631 5519 tantum
2655 5469 2870 5521 l'erun'tur
2904 5477 2949 5520 iu
2984 5481 3122 5523 textu
3149 5485 3410 5529 Geneseos.
3448 5469 3529 5532 liii}

1965 5543 2082 5600 vero
2116 5530 2490 5600 quadringentos
2513 5533 2702 5600 triginta
2726 5537 3020 5600 statuiteum
3065 5542 3111 5584 Î’.
3141 5538 3279 5586 Paulo
3305 5543 3444 5600 Epist.
3468 5530 3528 5584 ad

1965 5589 2159 5660 Galatas,
2181 5591 2262 5660 ubi
2286 5589 2366 5660 ait,
2392 5604 2418 5638 a
2440 5589 2748 5651 promissione
2774 5595 2970 5660 AAbrahze
2993 5594 3112 5644 facta
3135 5600 3190 5645 ad
3217 5589 3368 5660 usque
3405 5610 3529 5649 tem-

1967 5663 2055 5711 pus
2076 5650 2199 5699 datae
2224 5651 2365 5710 legis,
2390 5650 2538 5718 annos
2562 5665 2671 5718 esse
2693 5655 3067 5718 quadringentos
3091 5650 3303 5718 triginta:
3319 5662 3422 5716 Quo
3444 5673 3530 5706 au-

1970 5719 2229 5819 t.ealt\pactp
2253 5713 2534 5820 gtâ€˜tgtcrandi
2556 5714 2652 5764 sint.
2671 5713 2781 5765 attni
2803 5713 3115 5778 illi,Uiximus
3131 5713 3308 5770 ibidem
3326 5713 3376 5770 in
3398 5729 3530 5776 nota,

1975 5780 2008 5790 "
2145 5785 2198 5820 co
2224 5810 2232 5820 .
2349 5807 2360 5820 .

1975 5780 2008 5819 â€™t'
2051 5777 2118 5830 tv,
2145 5773 2232 5821 col.
2254 5773 2360 5820 á½„Î™Ï‹.
