4096 6506
625 443 733 497 327

633 543 885 608 Marrhas,
921 541 1007 596 ubi
1046 553 1221 593 auiam
1265 546 1376 592 erat
1411 553 1580 608 aqua,
1623 549 1676 593 et
1713 537 1914 592 dulcem
1955 538 2177 592 reddidit

633 634 774 687 illam
816 632 1016 702 Moyses
1065 645 1159 697 per
1199 630 1410 700 lignum.
1472 629 1735 683 Venerunt
1786 628 1836 680 in
1886 630 2054 681 locum
2094 629 2178 682 ubi

635 719 1077 777 erantduodccim
1110 719 1295 783 fontes,
1341 728 1392 772 et
1419 721 1742 786 septuaginta
1775 718 1960 786 palnue
1993 735 2005 768 :
2038 717 2181 770 locus

633 820 804 865 autem
831 810 1112 864 vocabatur
1153 810 1302 862 Elim.
1352 807 1476 861 inde
1521 815 1775 861 venerunt
1821 807 1870 859 in
1917 807 2180 860 desertum

632 910 768 954 mter
793 899 926 953 Elim
958 907 1008 952 et
1028 898 1171 952 Sina.
1200 897 1346 950 Tunc
1377 905 1827 949 munnuraverunt
1872 895 1921 947 in
1973 897 2181 947 deserto

634 988 903 1051 Israelita,
929 1002 1114 1042 carnes
1135 986 1480 1055 postulantes.
1506 985 1545 1038 Τ
1551 1000 1650 1037 unc
1680 985 1806 1051 pluit
1843 983 1944 1036 illis
1971 998 2180 1036 manna.

635 1076 833 1132 Deinde
870 1076 1041 1130 intulit
1079 1075 1417 1128 coturnicem.
1461 1074 1554 1126 llic
1601 1073 1739 1125 circa
1780 1086 1991 1136 manna,
2044 1071 2180 1140 quod

633 1180 754 1218 cum
784 1164 999 1219 multum
1045 1172 1174 1224 erat,
1219 1178 1319 1214 non
1374 1160 1713 1224 redundabai,
1773 1174 1891 1212 eum
1943 1174 2179 1226 parvum,

636 1269 740 1307 non
764 1253 1052 1315 deﬁciebat,
1078 1252 1230 1320 jussit
1259 1251 1386 1305 nihil
1419 1250 1638 1318 relinqui
1671 1250 1721 1302 in
1760 1250 2061 1304 eraStinum.
2103 1248 2182 1301 llli

635 1358 761 1396 vero
785 1356 886 1396 non
914 1349 1214 1410 paruerunt,
1244 1350 1295 1394 et
1328 1339 1465 1408 quod
1497 1339 1758 1393 residuum
1792 1337 1885 1390 fuit
1917 1337 2183 1390 vermibus

634 1431 884 1484 scatebat.
921 1430 1074 1493 Dixit,
1102 1428 1174 1481 Ne
1198 1427 1534 1496 egrediamini
1563 1427 1627 1479 ad
1670 1425 2017 1493 colligendum
2059 1426 2179 1476 sab-

637 1519 801 1572 bato:
833 1518 907 1571 illi
934 1532 1056 1571 vero
1087 1532 1253 1584 neque
1287 1516 1336 1568 iii
1368 1515 1466 1568 hoc
1491 1515 1766 1582 obseqnuti
1805 1523 1944 1575 sunt,
1985 1522 2036 1565 ct
2065 1529 2184 1565 cum

631 1608 834 1676 egressi
856 1619 1054 1669 essent,
1085 1607 1212 1659 nihil
1243 1607 1571 1658 invenerunt.
1588 1604 1744 1659 .lnbet
1767 1604 1969 1672 Moyses
1992 1604 2038 1655 in
2063 1617 2186 1655 vase

637 1711 800 1752 aureo
824 1698 1004 1765 reponi
1021 1712 1084 1749 ex
1103 1711 1288 1748 mantia
1306 1697 1356 1747 in
1376 1695 1573 1748 futuras
1593 1697 1973 1762 generationes.
1999 1693 2182 1744 Manna

638 1800 764 1838 vero
788 1785 1127 1839 comederunt
1150 1785 1487 1852 quadraginta
1521 1783 1693 1836 annis.
1721 1782 1864 1834 Tunc
1889 1797 2184 1838 murmura-

637 1883 826 1928 verunt
850 1875 918 1927 ob
933 1875 1093 1927 sitim.
1119 1873 1184 1925 Et
1208 1873 1459 1940 percussit
1485 1871 1687 1939 Moyses
1709 1880 1928 1938 petram,
1960 1870 2187 1935 exiitquc

639 1979 792 2033 aqua.
823 1964 972 2018 Venit
1000 1963 1212 2015 Amalec
1252 1962 1494 2015 bellatum
1528 1968 1708 2012 eontra
1739 1960 1978 2012 lsraelcm
2012 1976 2025 2011 :
2058 1967 2107 2011 et
2137 1957 2185 2011 in

639 2053 813 2122 fugam
856 2053 1001 2106 illum
1053 2052 1207 2105 vertit
1247 2050 1398 2104 Jesns
1451 2049 1585 2102 illius
1628 2049 1766 2102 Nave
1795 2065 1807 2099 :
1833 2063 1894 2100 ac
1940 2046 2186 2115 quamdiu

640 2153 789 2198 erant
815 2158 998 2196 manus
1025 2142 1214 2211 Moysis
1231 2150 1436 2204 erecte,
1461 2139 1738 2206 superabat
1769 2139 1953 2200 lsracl;
1981 2136 2188 2205 quando

637 2241 809 2284 autem
831 2230 1133 2284 demittebat
1156 2243 1264 2290 eas,
1291 2227 1652 2294 superabatur.
1682 2225 1805 2277 Illud
1838 2240 1956 2276 vero
1983 2225 2184 2291 signum

638 2329 756 2373 erat
781 2320 970 2372 erucis.
1004 2317 1422 2385 Stabautquippe
1451 2319 1624 2368 Aaron
1661 2326 1710 2368 et
1747 2317 1818 2366 (tr
1849 2315 1932 2380 qui
1965 2314 2190 2366 sustine-

637 2419 751 2462 rent
779 2423 961 2462 manus
987 2408 1167 2477 Moysi.
1199 2408 1335 2459 Dixit
1362 2417 1531 2459 autem
1562 2406 1809 2458 Dominus
1829 2407 1891 2456 ad
1911 2405 2138 2473 Muyscm
2171 2421 2184 2454 :

640 2498 814 2552 Scribe
856 2499 947 2550 hoc
983 2499 1029 2548 in
1069 2506 1434 2549 monumentum
1480 2497 1530 2548 in
1575 2497 1697 2548 libro
1726 2495 1915 2563 (Exod.
1962 2496 2044 2548 l7.
2079 2492 2185 2562 14).

638 2587 853 2641 Accedit
897 2587 1081 2641 .lotbor
1104 2602 1254 2642 socer
1279 2587 1467 2655 Moysis
1509 2601 1625 2639 cum
1671 2602 1832 2638 uxore
1870 2587 1984 2653 ejus
2019 2587 2191 2653 (gene-

638 2691 755 2730 rum
782 2686 951 2730 autem
985 2679 1124 2729 illum
1180 2686 1366 2744 praeter
1410 2691 1556 2729 usum
1603 2686 1752 2728 vocat
1802 2675 2092 2744 Scriptura)
2137 2685 2190 2728 ct

639 2764 804 2835 Moysi
826 2775 880 2819 et
905 2766 1092 2832 populo
1109 2765 1205 2833 (a).
1235 2765 1453 2818 Enarrat
1469 2764 1722 2816 mirabilia
1741 2764 1945 2833 Moyses
1967 2778 2150 2818 socero
2173 2780 2186 2815 :

639 2858 729 2913 ille
754 2873 877 2912 vero
907 2859 1121 2910 miratus
1146 2867 1244 2911 est.
1278 2857 1342 2910 Ut
1380 2866 1552 2910 autem
1581 2856 1706 2908 vidit
1732 2864 1895 2908 totum
1938 2857 2184 2922 populum

639 2946 802 3016 Moysi
830 2947 1141 3009 adstantem,
1170 2946 1312 2999 illum
1350 2960 1470 2998 vero
1499 2962 1601 2998 non
1645 2960 1798 3013 posse
1847 2960 1967 3013 erga
2007 2959 2190 2998 omnes

637 3036 884 3105 judicium
913 3051 1178 3101 exercere,
1224 3043 1404 3088 auctor
1430 3045 1510 3088 est
1559 3035 1634 3087 illi
1683 3049 1854 3097 socer,
1897 3043 1952 3086 ut
1996 3034 2190 3101 deligat

643 3126 783 3179 viros
833 3135 1090 3193 potentes,
1141 3125 1434 3192 religiosos,
1486 3123 1674 3191 justus,
1729 3124 1966 3175 odientes
2003 3139 2190 3189 supcr-

638 3215 798 3277 biam,
821 3225 868 3267 et
889 3214 1171 3267 constituat
1196 3227 1286 3265 eos
1304 3212 1644 3276 milleuarios,
1663 3211 2010 3272 centenarias,
2030 3212 2152 3278 quin
2168 3239 2188 3249 -

642 3303 1005 3372 quageuarios,
1057 3301 1362 3355 decuriones
1393 3299 1586 3367 (Exod.
1633 3299 1715 3352 18.
1765 3299 1875 3368 2i).
1908 3298 2191 3366 Obteinpc—

637 3395 771 3448 ravit
795 3396 841 3447 ei
872 3394 1098 3464 Moyses,
1125 3403 1177 3446 et
1206 3391 1444 3445 ascendit
1471 3391 1522 3444 in
1550 3399 1800 3443 montem.
1832 3390 2189 3457 l’rwcepitquc

639 3487 689 3540 ei
717 3487 853 3542 Deus
883 3494 939 3537 ut
967 3485 1156 3552 populo
1185 3483 1402 3543 diceret,
1436 3495 1528 3533 eos
1553 3482 1752 3532 futuros
1778 3481 1869 3532 Dei
1901 3481 2073 3546 regale
2101 3494 2186 3531 sa-

639 3573 950 3636 cerdotium,
979 3579 1185 3641 gentem
1219 3577 1472 3630 sanetam,
1520 3569 1564 3621 si
1609 3566 1918 3619 obedierint.
1951 3566 2024 3616 Illi
2064 3581 2189 3618 vero

637 3664 914 3719 dixerunt:
942 3661 1122 3713 Omnia
1157 3673 1474 3728 quwcumque
1509 3656 1634 3708 dixit
1681 3655 1836 3717 Deus,
1880 3657 2113 3724 faciemus
2143 3666 2188 3706 et

637 3753 896 3806 audiemus
942 3748 1132 3821 (Exod.
1181 3749 1268 3802 19.
1305 3746 1379 3818 8).
1425 3747 1570 3800 Tunc
1601 3745 1836 3814 przeeipit
1877 3747 2087 3812 populo,
2134 3753 2190 3796 ut

641 3843 944 3911 purilicetur
988 3854 1152 3907 usque
1201 3837 1266 3890 ad
1323 3836 1528 3891 tertium
1559 3835 1717 3898 diem,
1757 3844 1809 3888 et
1859 3835 1996 3888 lavet
2033 3835 2192 3888 vcsti-

642 3939 816 3985 meuta
843 3945 953 3983 sua.
983 3927 1075 3980 Hie
1104 3927 1298 3979 dictum
1342 3935 1420 3977 est
1450 3923 1571 3977 illtid
1619 3923 1755 3991 quod
1801 3923 2019 3976 habetur
2053 3923 2188 3990 apud

643 4012 1272 4090 ApostoluminEpislola
1320 4016 1383 4067 ad
1402 4014 1678 4069 Hebraeos:
1717 4013 1776 4064 Si
1814 4015 2019 4082 tetigerit
2049 4029 2191 4065 mon-

641 4118 758 4169 tem,
786 4104 1085 4173 lnpidabitur
1102 4103 1284 4171 (Hebr.
1307 4102 1386 4155 l2.
1411 4101 1685 4169 20).Tunc
1709 4115 1857 4152 mons
1884 4100 2186 4172 l'nmigabat,

641 4209 797 4249 voces
819 4195 1054 4248 tubarum
1079 4191 1352 4245 sonabant.
1385 4190 1530 4243 Tunc
1571 4200 1825 4256 praecepta
1858 4190 1986 4258 legis
2004 4191 2190 4257 accipit

641 4284 868 4352 Moyses,
909 4297 1096 4350 nempe
1121 4280 1446 4348 ducalogum,
1468 4286 1521 4331 et
1550 4278 1744 4344 reliqua
1775 4277 1916 4344 jura.
1941 4278 2066 4330 illud
2092 4294 2188 4330 au-

647 4382 774 4436 tem,
800 4369 906 4422 Diis
928 4387 1024 4422 non
1055 4369 1312 4422 maledires
1349 4367 1537 4438 (Exod.
1558 4365 1646 4418 22.
1670 4365 1783 4433 28),
1808 4381 1910 4419 non
1945 4367 2008 4419 de
2039 4367 2187 4419 idolis

644 4462 840 4515 dictum
871 4469 970 4523 est,
1013 4458 1105 4512 sed
1135 4458 1200 4512 de
1229 4457 1542 4525 principibus
1574 4471 1585 4504 :
1621 4454 1795 4507 subdit
1824 4457 1960 4506 enim
1993 4471 2005 4506 :
2034 4455 2187 4507 Prin-

643 4551 742 4620 εἰμί
773 4549 945 4619 populi
989 4548 1060 4599 tui
1087 4546 1505 4620 noiimtaledices.
1549 4544 1827 4596 l’ollicetur
1874 4544 2029 4595 multa
2063 4544 2188 4611 ipsis

642 4643 797 4704 bona,
825 4639 868 4692 si
897 4634 1370 4702 obedierintsquod
1391 4643 1572 4703 gentes
1601 4635 1700 4686 sint
1733 4635 2049 4702 superaturi,
2086 4644 2190 4687 ter-

642 4747 753 4783 ram
780 4728 1100 4798 p05sessuri;
1131 4726 1404 4794 pollicetur
1431 4725 1558 4777 item
1589 4739 1775 4791 aquam
1809 4741 1988 4777 eorum
2029 4725 2188 4778 bene-

644 4819 838 4870 dictum
883 4816 966 4879 iri,
997 4825 1048 4868 et
1077 4828 1284 4882 panem,
1329 4813 1468 4865 omni
1500 4813 1686 4865 morbo
1735 4811 2032 4867 liberandos
2075 4813 2190 4866 illos

644 4921 782 4971 esse,
811 4920 914 4958 non
945 4905 1165 4959 futui-ain
1189 4905 1419 4960 sterilem
1445 4905 1630 4958 essein
1656 4905 1778 4970 illis,
1802 4920 1968 4973 neque
1984 4905 2188 4968 orbum,

643 5011 812 5065 neque
838 4995 1166 5052 immaturam
1200 5006 1442 5058 mortem,
1471 4997 1722 5051 terminos
1746 5010 1928 5049 eorum
1967 5010 2024 5049 se
2049 4997 2189 5063 posi-

643 5099 815 5141 turum
854 5099 967 5139 esse
1009 5100 1037 5136 a
1075 5083 1203 5135 mari
1247 5083 1423 5135 Rubro
1470 5100 1632 5151 usque
1676 5085 1738 5137 ad
1781 5085 2188 5154 l’liylistiuornni

641 5186 860 5239 terram,
887 5187 914 5224 a
945 5173 1153 5228 deserto
1182 5186 1344 5237 usque
1369 5171 1431 5225 ad
1463 5172 1800 5237 Euphratem.
1825 5175 1968 5225 'l‘unc
2009 5174 2192 5226 immo-

641 5267 766 5320 Iavit
794 5264 1018 5335 Moyses,
1040 5273 1088 5317 et
1112 5262 1382 5316 dimidium
1406 5263 1672 5329 sanguinis
1695 5264 1874 5314 clludit
1901 5265 1965 5316 ad
1984 5265 2147 5318 altare
2176 5283 2188 5319 :

643 5355 1006 5422 accipiensque
1047 5355 1345 5419 sanguinem
1394 5354 1621 5416 arpersit
1677 5353 1944 5418 popultuu.
1994 5353 2190 5408 [lorum

648 5444 884 5498 meminit
915 5443 1102 5495 Paulus
1129 5443 1178 5494 in
1209 5439 1440 5507 Epistula
1468 5440 1532 5491 ad
1559 5439 1807 5495 llebraros
1835 5441 2015 5493 dicens
2044 5460 2055 5493 :
2086 5443 2193 5495 Ne-

641 5552 736 5604 que
759 5535 972 5603 primunt
1003 5535 1364 5587 Testamentum
1389 5530 1494 5581 sine
1531 5530 1769 5596 sanguine
1811 5542 2094 5582 renovatum
2125 5545 2195 5585 est

698 5667 770 5738 (u)
805 5671 940 5722 ttae,
973 5671 1016 5712 et
1055 5663 1201 5726 ,διοριδὶ
1236 5667 1280 5712 et
1311 5659 1508 5723 populo,
1542 5659 1760 5709 videntur
1799 5661 2029 5711 mendose
2071 5671 2196 5718 irre-

643 5740 656 5784 I
699 5739 811 5779 ιςςρ.

1410 425 1464 482 S.
1504 427 1775 483 JOANNlS
1805 428 2265 484 CliBYSOSTOlll
2289 429 2598 486 ARCIIIEP.
2639 434 3158 493 CONSTANTINOP.

3735 459 3846 513 328

2285 539 2462 606 (Hebr.
2487 541 2671 611 9.18).
2703 541 2924 596 Jubetur
2956 545 3158 614 Moyses
3190 548 3478 602 ascendere
3512 557 3564 603 et
3594 550 3837 616 accipere

2282 627 2502 680 tabulas.
2527 629 2589 682 Et
2617 640 2728 683 erat
2753 632 2820 683 ibi
2841 634 3177 700 quadraginta
3205 635 3388 690 diebus
3417 648 3465 690 et
3492 639 3835 706 quadraginta

2283 716 2540 770 noctibus.
2575 718 2782 771 Audivit
2830 731 3001 774 autem
3048 721 3441 789 dispositionem
3489 726 3834 789 tabernaculi,

2283 812 2333 854 et
2362 817 2544 857 corum
2575 820 2691 870 qua:
2729 806 2783 859 in
2819 807 2931 874 ipso
2968 809 3383 873 continebantur,
3418 821 3470 866 et
3495 815 3838 867 sacerdotalis

2282 891 2523 956 amictus,
2553 901 2605 945 et
2634 895 2892 948 unctionis
2929 897 3276 960 sacerdotum,
3310 907 3362 952 et
3391 900 3834 968 redemptiounut.

2285 978 2405 1033 ΙΙωο
2431 995 2554 1034 vero
2578 991 2726 1035 erant
2755 993 2808 1036 ut
2846 985 3033 1054 singuli
3073 986 3338 1040 dimidiam
3380 989 3663 1042 didrachmi
3711 1007 3833 1058 par-

2287 1080 2389 1123 tem
2417 1071 2618 1133 darent,
2664 1073 2715 1125 id
2760 1083 2860 1138 est,
2905 1076 3088 1130 obolos
3124 1076 3326 1131 decem.
3370 1079 3435 1132 Et
3474 1081 3541 1134 de
3571 1084 3833 1147 composi-

2286 1161 2424 1214 tioue
2451 1161 2548 1215 olei
2583 1163 2836 1231 praecipit,
2877 1165 3011 1219 etde
3051 1167 3414 1222 observatione
3451 1169 3673 1222 sabbati.
3697 1171 3837 1224 Con-

2283 1249 2498 1302 veniunt
2542 1249 2786 1306 Israelita:
2812 1261 2992 1306 contra
3036 1255 3294 1310 Aaronem
3320 1266 3371 1309 et
3396 1256 3449 1308 in
3486 1257 3836 1312 idololatriam

2287 1339 2538 1394 incidunt.
2570 1339 2714 1395 Tunc
2753 1343 2826 1398 ait
2855 1344 2991 1398 Deus
3031 1344 3192 1414 Moysi
3223 1363 3236 1398 :
3265 1347 3389 1400 Sine
3433 1364 3527 1410 me,
3577 1358 3634 1400 et.
3665 1349 3836 1402 delebo

2284 1444 2387 1490 eos,
2416 1438 2460 1481 et
2485 1430 2667 1498 faciam
2711 1440 2757 1482 te
2795 1433 2845 1483 in
2875 1442 3065 1500 gentem
3099 1450 3330 1486 marinam
3369 1434 3556 1503 (Exod.
3590 1436 3679 1488 52.
3726 1439 3831 1505 10).

2289 1518 2354 1571 Ut
2382 1528 2556 1572 autem
2587 1520 2910 1575 descendens
2935 1523 3141 1592 Moyses
3175 1523 3299 1576 vidit
3336 1525 3553 1577 vitulum
3586 1535 3638 1578 et
3665 1541 3834 1593 popu-

2287 1608 2390 1660 lum
2423 1608 2710 1673 ludentem,
2747 1612 2961 1679 prejeeit
2987 1623 3039 1666 et
3070 1614 3315 1667 contrivit
3351 1615 3566 1676 tabulas,
3601 1617 3838 1684 inerepa-

2287 1706 2359 1746 v.t
2389 1698 2669 1759 Aaronem,
2699 1701 2941 1767 prmcepit
2965 1701 3082 1754 liliis
3111 1700 3234 1756 Levi
3272 1703 3627 1767 venientibus;
3654 1705 3783 1758 dixit
3819 1722 3832 1757 :

2290 1783 2347 1836 Si
2371 1785 2478 1851 quis
2511 1785 2577 1836 ad
2618 1786 2901 1851 Dominum,
2937 1790 3096 1840 veniat
3130 1789 3197 1840 ad
3237 1806 3332 1851 me,
3369 1799 3420 1841 ut
3457 1792 3648 1842 occidat
3679 1808 3833 1844 unus-

2287 1873 2488 1939 quisque
2513 1877 2718 1941 [ratrem
2745 1892 2888 1926 suum
2915 1886 2960 1928 et
2977 1877 3252 1944 proximum
3275 1893 3417 1929 suum
3443 1893 3460 1930 .‘
3484 1888 3530 1931 et
3555 1881 3835 1932 ceciderunt

2288 1969 2383 2012 tres
2405 1961 2538 2013 mille
2564 1963 2654 2013 viri
2681 1962 2870 2030 (Exod.
2901 1964 2967 2016 52
3017 1963 3085 2016 26
3124 1965 3319 2033 —28).
3363 1965 3508 2018 Tunc
3550 1968 3839 2022 ascendens

2289 2050 2488 2120 Moyses
2515 2051 2648 2105 dixit
2677 2054 2783 2106 Deo
2812 2072 2823 2104 :
2858 2055 2916 2106 Si
2957 2056 3151 2120 quidem
3180 2056 3386 2107 dimittis
3428 2056 3529 2112 illis
3553 2069 3833 2124 peccatum,

2289 2142 2515 2205 dimitte;
2551 2144 2628 2195 sin
2667 2145 2848 2195 minus.
2880 2145 2986 2196 dele
3024 2161 3100 2199 me
3128 2147 3188 2197 de
3227 2146 3370 2211 libro,
3411 2162 3556 2214 quem
3593 2149 3836 2214 scripsisti

2294 2231 2479 2298 (Exod.
2509 2233 2593 2285 52.
2619 2233 2704 2285 5L
2737 2233 2848 2302 52).
2880 2234 3024 2287 Tunc
3056 2236 3196 2289 ﬂevit
3223 2237 3464 2303 populus,
3484 2247 3534 2290 et
3557 2238 3734 2304 jussus
3757 2251 3841 2292 est

2288 2322 2550 2387 deponere
2571 2333 2810 2374 ornatum
2834 2338 3003 2375 suum.
3035 2325 3129 2377 llic
3148 2325 3338 2377 dictum
3363 2325 3460 2378 fuit
3486 2342 3500 2378 :
3529 2326 3590 2377 Et
3607 2329 3841 2394 loquutus

2287 2420 2356 2460 est
2387 2409 2626 2464 Dominus
2675 2411 2740 2461 ad
2783 2410 3026 2478 Moysem,
3065 2413 3204 2478 quasi
3247 2413 3290 2462 si
3330 2413 3437 2480 quis
3488 2414 3716 2480 loquatur
3768 2418 3837 2464 ad

2289 2499 2500 2550 amicum
2527 2517 2667 2555 suum
2693 2500 2881 2571 (Exod.
2913 2501 2997 2553 35.
3034 2501 3141 2568 ll).
3163 2500 3314 2555 .lesus
3341 2510 3510 2554 autem
3539 2504 3670 2555 illius
3696 2502 3841 2557 Nave

2293 2607 2392 2644 non
2418 2592 2780 2660 egrediebatur
2802 2607 2870 2645 ex
2894 2592 3246 2648 tabernaculo.
3276 2592 3422 2648 Tunc
3451 2604 3594 2661 rogat
3634 2595 3841 2664 Moyses

2293 2679 2475 2743 Deum,
2505 2689 2559 2732 ut
2588 2696 2688 2731 non
2718 2679 3040 2748 derelinquat
3068 2681 3333 2748 populum,
3360 2690 3414 2733 et
3432 2681 3615 2734 dolatis
3632 2683 3839 2736 duabus

2290 2769 2499 2832 tabulis,
2532 2771 2730 2836 accepit
2768 2770 3093 2837 dec:tlogum,
3141 2771 3413 2823 transactis
3458 2787 3658 2823 rursum
3706 2789 3842 2838 qtttt~

2289 2858 2524 2926 draginta
2554 2859 2736 2911 diebus
2764 2869 2815 2910 et
2861 2861 3198 2927 quadraginta
3237 2861 3495 2913 noctibus.
3534 2862 3842 2930 l’rxcipitur

2290 2957 2462 3000 autem
2494 2949 2589 3014 ipsi
2619 2948 2803 3001 iterum
2847 2948 2910 3002 de
2939 2949 3146 3016 pascha,
3180 2949 3246 3003 de
3276 2951 3514 3016 sabbato,
3553 2950 3618 3004 de
3657 2963 3844 3004 exter-

2291 3037 2548 3088 minandis
2568 3038 2796 3104 gentium
2817 3037 2934 3101 diis,
2950 3036 3014 3091 de
3030 3038 3383 3105 primogenitis
3407 3039 3501 3105 ipsi
3519 3041 3844 3091 sanctiﬁcan-

2290 3127 2387 3177 dis.
2422 3126 2514 3180 llic
2540 3127 2746 3194 legitur,
2775 3126 3002 3196 Moysem
3034 3142 3149 3180 cum
3198 3127 3312 3180 velo
3348 3127 3613 3195 loquutum
3645 3131 3843 3194 popqu

2290 3231 2434 3278 esse;
2467 3217 2601 3284 quod
2629 3217 2691 3269 ad
2721 3216 3019 3270 Corinthios
3047 3216 3274 3272 secunda
3308 3219 3378 3272 ait
3408 3218 3594 3270 Paulus
3619 3218 3690 3284 (2.
3723 3218 3842 3270 Cor.

2291 3307 2345 3362 5.
2379 3308 2482 3374 l3).
2509 3306 2654 3359 Tune
2690 3307 2791 3360 illis
2816 3317 3131 3374 praeceptum
3162 3315 3242 3358 est
3269 3307 3334 3359 de
3366 3306 3603 3367 sabbato,
3629 3306 3694 3357 de
3724 3321 3841 3360 nia.

2293 3400 2419 3448 t.:ria
2457 3396 2521 3448 ad
2557 3395 2873 3449 tabernaculi
2911 3395 3352 3450 constructionem
3395 3393 3703 3454 adhibenda,
3744 3394 3846 3447 hoc

2290 3493 2389 3545 est,
2416 3483 2482 3536 de
2509 3497 2657 3545 auro,
2688 3483 2752 3534 de
2773 3497 2897 3545 iure,
2930 3481 2994 3533 de
3019 3481 3238 3547 capillis,
3268 3481 3436 3546 deque
3463 3482 3654 3548 reliqua
3680 3492 3845 3535 mate-

2292 3570 2384 3621 ria.
2418 3568 2482 3621 Et
2517 3568 2589 3621 illi
2620 3569 2828 3636 quidem
2855 3583 2972 3622 cum
3015 3583 3198 3636 magna
3237 3568 3522 3621 allercbant
3547 3569 3842 3632 alacritate,

2290 3659 2356 3710 ita
2389 3669 2442 3710 ut
2471 3658 2815 3717 redundaret;
2857 3665 3104 3724 operatus
3153 3665 3326 3710 autem
3375 3668 3455 3710 est
3502 3657 3733 3709 Beseleel
3779 3659 3847 3711 de

2291 3747 2427 3798 tribu
2451 3745 2602 3808 Juda,
2644 3755 2695 3799 et
2733 3745 2879 3798 Eliab
2905 3747 2968 3797 de
3005 3745 3136 3796 tribu
3168 3745 3274 3797 Dan
3304 3747 3477 3798 omnia
3523 3745 3587 3798 ad
3621 3761 3848 3814 appara-

2292 3847 2401 3889 tum
2454 3838 2781 3901 necessaria;
2827 3847 2879 3890 et
2923 3838 3308 3890 tabernaculum
3362 3838 3525 3901 stetit,
3571 3838 3848 3907 nubesque

2291 3928 2494 3994 operuit
2520 3927 2664 3980 illud.
2693 3926 2838 3992 Quod
2869 3936 3042 3979 autem
3085 3928 3377 3994 impensum
3429 3927 3518 3979 fuit
3551 3928 3615 3981 ad
3657 3946 3846 3996 opera,

2291 4018 2400 4068 auri
2431 4017 2642 4084 quidem
2668 4017 2844 4083 viginti
2871 4031 3056 4069 novem
3087 4018 3273 4070 talenta
3296 4028 3345 4070 et
3366 4017 3478 4071 sicli
3504 4018 3845 4085 septingenti,

2292 4103 2492 4173 argenti
2516 4105 2705 4156 talenta
2736 4113 2966 4168 centum,
2989 4104 3100 4155 sicli
3124 4104 3243 4167 772,
3276 4105 3393 4156 iuri.
3413 4106 3602 4155 talenta
3633 4117 3850 4172 septua-

2290 4193 2451 4259 ginta,
2484 4203 2536 4246 et
2561 4193 2641 4246 bis
2669 4192 2810 4245 mille
2839 4193 3104 4261 quingenti
3133 4193 3267 4245 sicli.

2615 4335 2903 4387 LEVITICUS,
2943 4337 3093 4375 ιιιιιειι
3130 4337 3352 4376 manus
3389 4320 3486 4391 (a).

2363 4452 2624 4506 Leviticus
2646 4465 2859 4507 vocatur
2898 4453 2980 4508 hie
3017 4454 3168 4518 liber,
3196 4456 3315 4522 quia
3357 4455 3568 4523 proprie
3594 4464 3647 4508 et
3680 4471 3861 4524 pecu-.

2294 4540 2488 4593 liariter
2516 4552 2671 4593 totam
2701 4542 2913 4594 Levitiei
2951 4543 3221 4595 ministerii
3257 4544 3474 4595 formam
3500 4544 3763 4608 continet,
3796 4555 3853 4599 et

2292 4649 2394 4700 quo
2425 4641 2573 4698 pacto
2594 4633 2835 4684 Aaronet
2875 4631 3092 4698 liliiejus
3113 4648 3176 4684 ex
3203 4632 3335 4683 tribu
3362 4631 3483 4683 Levi
3515 4631 3566 4683 in
3594 4633 3856 4686 sacerdo-

2295 4731 2370 4773 tes
2392 4721 2540 4774 electi
2571 4722 2745 4788 utique
2784 4721 2993 4780 fuerint,
3020 4731 3071 4774 et
3113 4721 3361 4788 quidquid
3402 4720 3725 4776 discriminis
3773 4733 3855 4776 est

2295 4811 2432 4864 inter
2461 4812 2711 4864 sacrilicia
2737 4821 2789 4863 et
2812 4812 3122 4874 oblationes,
3155 4821 3204 4862 et
3245 4811 3412 4877 qualis
3451 4811 3519 4863 sit
3571 4812 3857 4865 universus

2293 4916 2559 4954 sacrorum
2589 4904 2776 4962 cultus,
2803 4903 3226 4970 sacerdotalcque
3254 4902 3619 4956 ministerium.
3648 4903 3857 4957 Deinde

2294 4993 2544 5058 cujusque
2569 4991 2807 5042 sacriﬁcii
2837 4991 3000 5057 legem
3028 4992 3268 5058 exponit;
3301 5002 3408 5043 tum
3436 4990 3551 5057 ejus
3575 4990 3720 5058 quod
3749 5006 3847 5056 pro

2295 5081 2482 5143 salute,
2525 5089 2631 5131 tum
2679 5080 2792 5146 ejus
2821 5081 2959 5146 quod
3008 5095 3101 5147 pro
3145 5081 3366 5144 delicto,
3408 5081 3518 5134 sive
3554 5089 3858 5146 spontaneo

2297 5173 2404 5224 sive
2427 5172 2788 5233 iuvoluutario,
2807 5181 2980 5238 etquo
2999 5182 3146 5238 pacto
3162 5172 3361 5239 singula
3379 5169 3651 5225 dividenda
3673 5170 3789 5223 sint
3805 5180 3864 5224 et

2300 5263 2587 5317 referenda.
2618 5263 2900 5314 Euarratur
2928 5265 3082 5315 etiatn
3111 5263 3163 5314 in
3195 5263 3293 5315 hoc
3332 5262 3463 5313 libro
3509 5260 3704 5310 summi
3760 5274 3851 5313 sa-

2299 5355 2546 5417 cerdotis,
2599 5354 2920 5420 aliorumque
2964 5354 3294 5407 sacerdotum
3349 5350 3523 5404 unctio
3556 5367 3568 5402 :
3597 5351 3661 5402 ad
3716 5351 3857 5417 iure,

2363 5483 2434 5542 (ιι)
2453 5488 2559 5528 tunc
2573 5487 2668 5542 tota
2685 5482 2874 5528 Levitici
2889 5483 3106 5542 Synopsis
3116 5479 3412 5542 desidetatur
3433 5479 3476 5524 in
3494 5476 3671 5542 Codice

2302 5540 2459 5595 niano,
2483 5543 2566 5587 sed
2611 5541 2812 5587 habetur
2846 5543 2893 5588 iu
2918 5540 3235 5599 'Lugduneusi
3255 5540 3485 5587 llatavieo.
3515 5541 3716 5588 Maxima
3746 5557 3868 5591 vero

2304 5616 2411 5661 pars
2435 5602 2538 5656 eius
2562 5603 2729 5647 eadem
2754 5604 2781 5660 il
2801 5616 2851 5648 sa
2876 5609 2967 5654 est,
2993 5614 3100 5660 quin
3123 5604 3170 5646 iu
3193 5609 3381 5658 Synopm
3402 5601 3637 5648 Athanasii
3660 5603 3867 5651 nemine

2303 5680 2328 5713 a
2355 5663 2495 5723 nobis
2523 5663 2652 5709 edita
2687 5670 2763 5709 est
2795 5664 2945 5710 'l‘omo
2985 5666 3018 5711 ll
3051 5667 3259 5723 Uperunl
3301 5663 3570 5712 Athanasii.
3609 5662 3677 5711 Ea
3706 5661 3775 5711 de
3807 5675 3861 5710 te

2305 5723 2460 5786 agitur
2487 5722 2533 5773 in
2556 5724 2765 5772 Dialriba
2798 5733 2907 5772 ante
2932 5722 3169 5786 Symplsin
3195 5723 3360 5786 posita.
