4062 6480
190 425 290 479 327

196 565 286 602 σαν
325 549 375 601 οἱ
422 548 748 617 Ἰσραηλῖται
781 549 837 601 ἐν
877 550 941 618 τῇ
986 548 1204 618 ἐρήμῳ,
1253 548 1388 617 κρέα
1426 545 1727 614 ζητοῦντες.

193 634 315 684 Τότε
351 631 569 700 ἔϐρεξεν
607 632 787 693 αὐτοῖς
832 631 1021 700 μάννα.
1053 628 1184 682 Εἶτα
1216 631 1407 699 ἤνεγκε
1451 630 1548 697 τὴν
1582 629 1733 697 ὀρτυ-

194 715 486 782 γομήτραν.
533 710 788 765 Ἐνταῦθα
827 714 919 766 ἐπὶ
954 710 1045 764 τοῦ
1088 712 1290 781 μάννα,
1320 712 1349 762 ὃ
1380 711 1438 762 τὸ
1465 711 1596 762 πολὺ
1638 709 1733 761 οὐκ

194 795 497 854 ἐπλεόνασε,
528 794 616 846 καὶ
656 794 685 845 6
719 794 778 845 rb
805 793 980 859 ὀλίγον
1007 794 1103 845 οὑκ
1141 793 1483 860 ὴλαττόνησε,
1522 792 1733 860 παρήγ-

192 878 329 943 γειλε
350 877 425 945 μὴ
451 876 830 929 ὑπολείπεσθαι
861 879 936 938 εἰς
966 877 1061 944 τὴν
1088 875 1291 944 αὔριον.
1308 876 1369 926 Οἱ
1391 876 1446 927 δέ
1467 875 1737 942 παρήκου-

196 976 308 1020 σαν,
342 959 439 1009 καὶ
484 958 670 1024 γέγονε
717 957 774 1009 τὸ
803 956 1156 1023 καταλειφθὲν
1192 955 1480 1024 σκωλήκων
1510 953 1731 1022 πλῆρες.

194 1040 318 1095 Εἱπε
337 1058 351 1071 ·
390 1040 480 1109 Μὴ
512 1038 754 1107 ἐξέλθητε
794 1039 1034 1101 συλλέξαι
1061 1038 1137 1107 τῷ
1176 1039 1425 1107 σαϐϐάτῳ
1444 1054 1455 1066 ·
1492 1037 1539 1087 οἱ
1564 1036 1617 1087 δὲ
1644 1036 1734 1087 καὶ

193 1124 244 1178 ἐν
285 1121 460 1188 τούτῳ
512 1122 891 1190 παρήκουσαν,
934 1121 1024 1173 καὶ
1070 1118 1369 1181 ἐξελθόντες
1414 1119 1508 1187 οὐχ
1559 1112 1730 1186 εὗρον.

192 1203 411 1257 Κελεύει
452 1201 680 1271 Μωῦσῆς
730 1204 784 1255 ἐν
819 1202 1036 1271 στάμνῳ
1091 1204 1259 1273 χρυσῇ
1307 1200 1595 1255 ἀποθέσθαι
1630 1200 1736 1252 ἀπὸ

191 1290 277 1341 τοῦ
304 1290 477 1359 μάννα
518 1289 594 1351 είς
633 1290 728 1351 τὰς
762 1288 895 1358 μετά
941 1288 1107 1341 ταῦτα
1134 1290 1340 1354 γενεάς.
1374 1288 1444 1339 Τὸ
1477 1286 1531 1339 δὲ
1566 1288 1735 1357 μάννα

191 1381 388 1447 ἔφαγον
439 1380 836 1449 τεσσαράκοντα
885 1378 998 1447 ἐτη.
1041 1380 1171 1431 Τότε
1222 1378 1509 1446 ἐγόγγυζον
1543 1378 1628 1430 διὰ
1676 1379 1735 1430 τὸ

188 1470 354 1539 δίψος.
376 1473 484 1523 Καὶ
506 1470 736 1536 ἐπάταξε
767 1470 999 1539 Μωῦσῆς
1032 1469 1127 1539 τὴν
1156 1469 1374 1538 πέτραν,
1402 1468 1495 1521 καὶ
1520 1467 1735 1537 ἐξῆλθεν

188 1561 243 1612 τὸ
270 1560 437 1630 ὕδωρ.
467 1562 717 1628 Ἔρχεται
758 1560 997 1629 ’Λμαλὴκ
1024 1559 1331 1627 πολεμῶσαι
1373 1558 1463 1609 τὸν
1504 1556 1733 1627 Ἰσραήλ·

189 1650 275 1701 καὶ
303 1648 563 1718 ἐτρέψατο
586 1648 745 1700 αὑτὸν
772 1647 973 1716 Ἰησοῦς
997 1648 1024 1699 6
1042 1646 1133 1698 τοῦ
1164 1645 1337 1714 Ναυῆ*
1362 1646 1453 1697 καὶ
1481 1644 1582 1708 ἓως
1600 1640 1737 1714 ἦσαν

188 1744 238 1792 αἱ
266 1742 447 1809 χεῖρες
502 1737 705 1805 Μωῦσῆ
746 1736 1035 1806 μετέωροι,
1072 1737 1283 1804 ἴσχυσεν
1311 1738 1338 1787 6
1380 1735 1609 1805 Ἰσραὴλ,
1649 1735 1736 1785 ὅτε

187 1826 239 1876 δὲ
271 1824 509 1891 καθῆκεν
544 1822 741 1883 αύτάς,
770 1820 1023 1892 ἡττῶντο.
1058 1820 1223 1872 Τοῦτο
1254 1821 1307 1872 δὲ
1347 1821 1513 1882 τύπος
1542 1816 1609 1890 ἦν
1645 1820 1733 1872 τοῦ

188 1909 413 1980 σταυροῦ
435 1921 482 1961 ⁸.
523 1900 872 1976 Είστήκεισαν
898 1905 1001 1975 γάρ
1040 1905 1248 1974 ’Λαρὼν
1283 1907 1372 1957 καὶ
1408 1907 1527 1974 Ὢρ,
1557 1906 1737 1974 στηρί-

188 1996 363 2058 ζοντες
389 1994 487 2056 τὰς
514 1995 697 2062 χεῖρας
719 1991 937 2061 Μωῦσῇ.
956 1989 1083 2042 Εἷπε
1112 1992 1165 2043 δὲ
1200 1990 1399 2060 Κύριος
1422 1990 1555 2061 πρὸς
1577 1992 1737 2043 Μωῦ-

186 2084 280 2151 σῆν
303 2099 317 2112 ·
348 2079 745 2146 Κατάτραψον
783 2078 953 2131 τοῦτο
992 2078 1075 2141 είς
1105 2077 1494 2145 μνημόσυνον
1540 2077 1609 2128 ἐν
1651 2078 1738 2139 βι-

186 2170 343 2229 σλίφ.
392 2167 633 2235 Ἀπαντᾷ
665 2164 826 2234 *Ιοθὸρ
875 2166 902 2216 6
936 2163 1192 2233 πενθερὸς
1235 2163 1439 2232 Μωῦσῆ
1478 2163 1613 2232 μετὰ
1640 2164 1737 2233 τῆς

185 2254 437 2319 γυναικὸς
478 2251 741 2321 (γαμϐρὸν
760 2251 815 2302 δὲ
854 2250 1010 2301 αὐτὸν
1043 2249 1196 2302 καλεῖ
1224 2250 1671 2320 καταχρηστικῶς
1702 2252 1734 2317 ἡ

185 2339 389 2409 Γραφὴ)
435 2338 512 2406 τῷ
540 2353 596 2388 τε
642 2338 843 2406 Μωῦσῇ
881 2336 971 2387 καὶ
1023 2335 1099 2403 τῷ
1138 2335 1247 2404 λαῷ
1268 2336 1316 2390 δ.
1368 2338 1639 2405 Διηγεῖται
1670 2336 1737 2387 τά

186 2423 462 2491 θαυμάσια
482 2422 713 2489 Μωῦσῆς
743 2420 817 2489 τῷ
851 2422 1119 2490 πενθερῷ·
1161 2420 1263 2471 οδε
1298 2421 1620 2489 ἐθαύμασεν.
1654 2422 1737 2483 Ὠς

184 2508 235 2568 δὲ
265 2504 369 2559 εἶδε
393 2508 568 2560 πάντα
599 2506 688 2557 τὸν
716 2506 841 2557 λαὸν
890 2506 1267 2576 παρεστηκότα
1294 2508 1495 2576 Μωϋσῇ
1519 2548 1532 2571 ,
1568 2508 1655 2559 τὸν
1684 2508 1738 2559 δὲ

184 2597 276 2647 οὐκ
304 2593 575 2664 ἀρκοῦντα
612 2596 743 2646 πᾶσι
778 2594 997 2664 κρίνειν,
1031 2595 1191 2662 φησὶν
1217 2593 1365 2661 αύτῷ
1389 2596 1416 2646 6
1460 2595 1733 2662 πενθερός·

196 2681 468 2746 Ἐπίλεξαι
510 2681 704 2748 ἄνδρας
736 2681 1007 2740 δυνατοὺς,
1031 2680 1317 2741 θεοσεϐεῖς,
1344 2680 1595 2745 δικαίους,
1648 2698 1735 2749 μι-

185 2768 410 2829 σοῦντας
446 2767 836 2836 ὑπερηφανίαν,
862 2767 953 2818 καὶ
1000 2767 1335 2835 κατάστησον
1380 2765 1574 2826 αὐτοὺς
1606 2765 1739 2833 χιλι-

184 2855 407 2923 ἀρχους,
459 2854 913 2921 ἑκατοντάρχους,
968 2852 1494 2920 πεντηκοντάρχους,
1549 2850 1739 2919 δεκάρ-

184 2951 368 3008 χουςε.
405 2938 655 3007 Ἐποίησε
696 2938 932 3006 Μωῢσῆς
960 2936 1147 2999 οὕτως,
1178 2937 1271 2987 καὶ
1300 2935 1525 3003 ἀνῆλθεν
1568 2939 1646 2996 εἱς
1681 2936 1739 2987 τὸ

182 3027 325 3096 ὅρος.
370 3025 480 3077 Καὶ
512 3023 839 3094 προσέταξεν
868 3022 1013 3090 αύτῷ
1065 3024 1091 3075 6
1135 3021 1265 3083 Θεὸς
1288 3024 1458 3074 εἰπεῖν
1502 3020 1578 3089 τῷ
1606 3021 1738 3089 λαῷ,

182 3112 259 3170 ὅτι
283 3112 497 3163 ἔσονται
513 3108 601 3161 τοῦ
620 3108 749 3160 Θεοῦ
779 3107 1041 3177 βασίλειον
1075 3106 1549 3179 ἱεράτευμα,έθνος
1567 3107 1737 3173 ἅγιον,

183 3194 271 3245 ιάν
301 3191 673 3243 ὑπακούσωσι.
704 3191 765 3242 Ol
798 3191 854 3242 δὲ
882 3186 1030 3241 εἷπον
1048 3206 1061 3221 ·
1092 3189 1371 3251 Ἀπαντα,
1391 3188 1504 3241 ὅσα
1525 3183 1690 3240 εἶπεν
1709 3191 1741 3242 ό

186 3277 342 3340 Θεὸς,
369 3275 701 3343 ποιήσομεν
720 3274 817 3329 καί
841 3274 1231 3342 ἀκουσόμεθα.
1267 3275 1397 3328 Τότε
1417 3274 1740 3342 προστάσσει

182 3362 256 3433 τῷ
283 3363 398 3432 λαῷ
440 3361 751 3429 ἀγνισθῆναι
783 3361 884 3422 ἕως
934 3361 1119 3431 τρίτης
1170 3361 1400 3430 ἡμέρας,
1454 3361 1644 3414 πλῦναι
1674 3362 1743 3413 τά

184 3450 369 3518 ἱμάτια
424 3448 621 3502 αὐτῶν.
692 3446 949 3501 Ἐνταῦθα
1001 3448 1211 3517 εἴρηται
1266 3448 1454 3500 καὶτὸ
1488 3448 1636 3518 παρὰ
1666 3448 1741 3516 τῷ

195 3535 500 3603 ’Λποστόλῳ
541 3536 598 3586 ἐν
650 3536 715 3603 τῇ
765 3532 898 3604 πρὸς
940 3532 1241 3602 Ἐϐραίους·
1286 3533 1409 3587 Κᾶν
1453 3536 1588 3602 θίγῃ
1635 3533 1741 3586 τοῦ

184 3624 376 3691 ὄρους,
419 3620 968 3688 λιθοϐοληθήσεται.
1003 3620 1148 3690 [529]
1179 3620 1311 3672 Τότε
1343 3621 1658 3684 ἐκαπνίζετο
1684 3621 1742 3672 rb

182 3710 320 3778 δρος,
356 3708 536 3776 φωναὶ
570 3708 878 3775 σαλπίγγων
898 3709 1079 3777 ῆχουν.
1111 3708 1243 3759 Τότε
1274 3707 1371 3770 τὰς
1397 3709 1611 3771 ἐντολὰς
1648 3711 1740 3762 τοῦ

182 3796 340 3863 νόμου
367 3795 635 3863 λαμϐάνει
660 3795 1017 3863 Μωῦσῆς,τὴν
1042 3795 1357 3861 Δεκάλογον,
1386 3798 1477 3848 καὶ
1497 3796 1561 3848 τὰ
1584 3796 1743 3849 λοιπά

181 3880 544 3950 δικαιώματα.
585 3881 655 3931 Τὸ
700 3879 789 3941 δὲ,
833 3879 1013 3942 Θεοὺς
1070 3881 1139 3931 οὺ
1198 3882 1647 3948 κακολογήσας,
1680 3884 1741 3935 οὐ

182 3968 305 4037 περὶ
348 3966 583 4020 εἱδὼλων
638 3967 846 4035 εἴρηται
876 4006 891 4030 ,
934 3966 1068 4019 ἀλλά
1114 3966 1240 4033 περὶ
1295 3967 1400 4018 τῶν
1438 3968 1739 4036 ἀρχόντων·

183 4056 371 4122 ἐπάγει
408 4054 538 4123 γάρ,
567 4054 830 4120 Ἀρχοντι
858 4052 961 4106 τοῦ
987 4053 1138 4107 λαοῦ
1180 4068 1295 4107 σου
1332 4055 1440 4107 οὐκ
1469 4054 1619 4120 ἐρεῖς
1648 4074 1743 4109 κα-

181 4139 313 4205 κῶς.
350 4139 794 4207 Ἐπαγγέλλεται,
825 4140 874 4191 εἱ
926 4139 1306 4201 ὑπακούσειαν,
1362 4140 1527 4192 πολλὰ
1561 4142 1741 4205 αὐτοῖς

180 4226 358 4291 ἀγαθά
378 4241 391 4257 ⁶
422 4226 716 4296 κρατήσειν
745 4224 850 4277 τῶν
878 4224 1062 4289 ἐθνῶν,
1102 4225 1199 4294 τῆς
1229 4225 1331 4295 γῆς
1361 4226 1737 4296 κληρονομίαν,

178 4312 234 4363 τὸ
264 4311 411 4381 ὓδωρ
438 4310 618 4364 αὐτῶν
648 4310 957 4379 εὐλογήσειν
978 4311 1071 4365 καὶ
1102 4311 1192 4363 τὸν
1217 4312 1397 4381 ἄρτον,
1426 4314 1603 4383 πάσης
1633 4332 1737 4382 μα-

178 4397 369 4460 λακίας
421 4396 619 4459 αὐτοὺς
665 4397 1011 4462 ἀπαλλάξειν,
1052 4397 1126 4466 μὴ
1173 4396 1388 4451 ἔσεσθαι
1440 4402 1654 4468 στεῖραν
1685 4401 1741 4451 ἐν

178 4485 377 4547 αὐτοῖς,
422 4483 558 4553 μηδὲ
597 4482 805 4550 ἄγονον,
839 4484 973 4553 μηδὲ
1001 4484 1225 4537 θάνατον
1278 4484 1477 4555 ἄωρον,
1512 4485 1578 4539 τὰ
1621 4487 1742 4556 ὅρια

178 4569 354 4619 αὐτῶν
405 4568 593 4637 θήσειν
620 4568 728 4621 ἀπὸ
757 4569 854 4637 τῆς
904 4569 1162 4639 Ἐρυθρᾶς
1198 4570 1469 4640 θαλάσσης
1500 4572 1603 4634 ἕως
1641 4572 1739 4640 τῆς

177 4653 512 4719 Φυλιστιεὶμ,
535 4653 641 4705 ἀπὸ
661 4654 757 4721 τῆς
781 4654 986 4723 ἐρήμου
1014 4656 1117 4717 ἕως
1152 4657 1245 4708 τοῦ
1285 4657 1591 4727 Εὐφράτου.
1612 4659 1739 4711 Τότε

178 4739 290 4792 θύει
314 4738 584 4805 Μωῦσῆς,
603 4739 767 4790 καὶτὸ
782 4740 950 4807 ῆμισυ
974 4741 1068 4792 τοῦ
1087 4742 1312 4809 αἵματος
1330 4744 1590 4813 προσέχεε
1608 4746 1739 4813 πρὸς

177 4826 235 4877 rb
264 4825 649 4893 θυσιαστήριον
670 4838 683 4851 ·
703 4824 794 4875 καὶ
822 4822 997 4875 λαϐὼν
1024 4824 1084 4875 rb
1112 4820 1247 4893 αἷμα
1264 4828 1618 4880 κατεσκέδασε
1646 4828 1738 4881 τοῦ

177 4911 624 4979 λαοῦ.Μέμν-ηται
648 4908 847 4961 τούτων
863 4909 890 4961 6
908 4909 1112 4972 Παῦλος
1131 4912 1186 4963 ὲν
1208 4915 1274 4981 τῇ
1298 4912 1429 4980 πρὸς
1460 4913 1738 4984 Ἐϐραίους

177 4998 365 5067 λέγων,
385 4998 472 5051 δτι
493 4994 644 5049 Οὐδὲ
660 4994 910 5065 ἡπρώτη
931 4994 1178 5065 διαθήκη
1200 4997 1374 5065 χωρὶς
1384 4998 1627 5067 αἵματος
1646 5001 1739 5070 ἐγ-

236 5145 261 5172 ⁶
283 5144 368 5207 Sic
395 5140 615 5207 30min}
634 5140 682 5207 ξπ
702 5139 841 5207 illud,
867 5141 1032 5198 Pater,
1057 5138 1100 5207 εἰ
1122 5138 1344 5207 ροεξίίιίίς
1361 5146 1470 5207 _csl_:
1491 5144 1571 5207 καὶ
1592 5146 1738 5207 Μωυ-

174 5212 257 5262 σῆς
276 5206 329 5253 δὲ
356 5205 492 5266 οὕτω
517 5197 601 5246 τοῦ
637 5197 847 5266 ’ᾼμαλήκ
890 5197 1198 5266 περιεγένετο,
1221 5203 1377 5258 ἐπειδή
1398 5203 1539 5249 τύπον
1560 5202 1736 5266 ἐπιδεί-

174 5259 311 5312 κνυτο
352 5260 444 5310 τοῦ
471 5259 695 5320 σταυροῦ.
718 5259 820 5305 Mox
846 5259 974 5319 quod
995 5259 1113 5309 dicit
1154 5264 1540 5320 ChrysosLomus.
1562 5264 1735 5310 ,ιοιὶιο-

175 5339 275 5391 re!!!
309 5324 409 5372 dici
434 5324 485 5370 in
509 5320 757 5391 _Scrjplura
786 5321 991 5390 γαμϐρὸν
1013 5323 1419 5391 καταχρηστριῶῇ
1442 5325 1529 5391 _sed
1558 5325 1735 5391 impro-

175 5386 278 5445 prie
304 5397 394 5445 pro
414 5381 654 5445 πενθερόν,
677 5391 916 5443 generum,
942 5383 988 5427 in
1011 5381 1235 5445 pmnib'us
1252 5384 1354 5445 raw
1384 5383 1451 5445 φ’
1486 5381 1735 5445 ex_enip|a-

175 5440 319 5493 ἰξὸυέ
352 5440 609 5504 hodieque
648 5440 956 5504 qbgervalur,
978 5440 1289 5504 uAbijapﬁpo'v
1312 5440 1508 5503 legitur.
1535 5440 1732 5504 Lug'du-

174 5507 337 5577 99n§i§
361 5504 523 5577 Sodex’
561 5502 640 5549 hic
658 5501 805 5550 habet
838 5502 1042 5562 γαμϐρόν
1064 5501 1115 5549 δὲ
1150 5501 1295 5550 αὐτὸν
1320 5501 1450 5550 κοῐλεῖ
1470 5501 1733 5565 χρηστῖκῶς

174 5569 282 5628 (sic)
302 5569 333 5619 ἡ
362 5567 396 5612 Γ
400 5567 548 5633 paria.

174 5691 180 5693 ἓ
232 5625 421 5693 ιιΗιΒς,
448 5638 537 5693 Δτῳ
584 5638 633 5669 τε
672 5624 852 5680 Μωυσῇ
895 5622 973 5668 καὶ
1019 5624 1087 5683 τῷ
1134 5624 1261 5687 λαῷ,
1305 5630 1535 5676 mendose
1578 5624 1730 5673 forsan

173 5689 541 5799 ω’ξῖῗὲξὲίώ
564 5742 745 5807 legitur
764 5743 1091 5805 δεκαδάρχους.

1226 418 1549 477 SYNOPSIS
1586 412 1991 471 SCRIPTUR/E
2031 412 2294 468 SACRxE.

3269 428 3379 484 328

1834 542 2215 593 κεκαίνισται.
2266 539 2553 592 Κελεύεται
2575 540 2809 608 Μωύσῆς
2836 537 3067 592 ἀνελθὼν
3098 536 3284 589 λαϐεῖν
3308 534 3375 584 τὰ

1834 628 2012 689 πυξία.
2033 629 2141 679 Καὶ
2155 624 2220 695 ἦν
2238 629 2352 678 ἐκεῖ
2370 626 2765 696 τεσσαράκοντα
2778 628 2987 695 ἡμέρας
3010 626 3099 677 καὶ
3114 623 3372 690 τεσσαρά·

1835 730 1991 764 κοντα
2012 712 2470 775 νύκτας.’11κουσε
2494 714 2547 763 δὲ
2574 714 2670 780 τὴν
2688 710 2923 774 διάταξιν
2941 712 3038 777 τῆς
3058 708 3257 775 σκηνῆς
3286 706 3377 757 καὶ

1831 799 1938 850 τῶν
1956 800 2011 849 ἐν
2035 800 2191 869 αὐτῇ,
2208 800 2406 867 καὶτῆς
2425 798 2697 867 ἱερατικῆς
2717 797 2919 865 στολῆς,
2938 794 3134 862 καὶτῆς
3152 793 3377 861 χρίσεως

1833 886 1939 936 τῶν
1978 888 2184 955 ἱερέων,
2214 888 2306 939 καὶ
2334 886 2441 937 τῶν
2466 886 2688 955 λύτρων.
2712 883 2894 936 Ταῦτα
2936 884 2989 934 δὲ
3013 878 3078 951 ῆν
3111 881 3170 933 τὸ
3210 880 3376 947 ἥμισυ

1833 971 1923 1023 τοῦ
1969 973 2259 1043 διδράχμου
2309 974 2531 1025 ἕκαστον
2583 972 2796 1033 διδόναι,
2836 971 3125 1032 τουτέστιν,
3165 967 3378 1026 ὀϐολοὺς

1834 1058 1979 1111 δέκα.
2018 1061 2126 1111 Καὶ
2166 1061 2294 1129 περὶ
2318 1061 2412 1129 τῆς
2443 1059 2735 1119 συνθέσεως
2770 1056 2861 1108 τοῦ
2903 1056 3079 1108 ἐλαίου
3110 1056 3376 1123 παραινεῖ,

1836 1146 1927 1196 καὶ
1952 1146 2090 1214 ὑπὲρ
2122 1146 2219 1215 τῆς
2258 1146 2500 1214 φυλακῆς
2521 1145 2611 1196 τοῦ
2645 1142 2929 1195 σαϐϐάτου.
2970 1139 3379 1209 Ἐκκλησιάζου-

1839 1247 1919 1282 σιν
1938 1232 1987 1283 οἱ
2028 1232 2348 1301 Ἰσραηλῖται
2374 1232 2513 1284 κατά
2554 1230 2758 1299 Ἀαρὼν
2795 1230 2887 1281 καὶ
2927 1224 3375 1295 είδωλολατροῦσι.

1837 1317 1967 1368 Τότε
1999 1317 2203 1386 φησὶνό
2236 1316 2365 1379 Θεὸς
2393 1317 2468 1385 τῷ
2491 1317 2713 1383 Μωῦσῇ’
2760 1315 2980 1366 Ἔασόν
3010 1329 3104 1380 με,
3146 1310 3242 1363 καί
3282 1310 3379 1373 ἐξ-

1835 1405 2062 1471 αλείψω
2077 1404 2316 1469 αὐτοὺς,
2343 1405 2439 1456 καί
2472 1403 2699 1471 ποιήσω
2718 1417 2789 1453 σε
2812 1403 2897 1465 είς
2919 1402 3090 1463 ἔθνος
3111 1399 3277 1467 μέγα.
3297 1399 3382 1459 Ὠς

1836 1488 1891 1539 δὲ
1926 1488 2195 1541 κατελθὼν
2222 1492 2249 1541 6
2286 1489 2520 1559 Μωῦσῆς
2547 1486 2652 1540 εἶδε
2681 1490 2770 1539 τὸν
2804 1489 2997 1557 μόσχον
3027 1488 3119 1538 καὶ
3140 1486 3228 1538 τὸν
3259 1484 3382 1537 λαὸν

1837 1576 2142 1640 παίζοντας,
2170 1576 2356 1647 έρριψε
2390 1576 2485 1638 τάς
2540 1576 2770 1640 πλάκας,
2806 1576 2898 1628 καὶ
2929 1573 3257 1643 συνέτριψεν,
3291 1574 3384 1624 ἐπ·

1838 1662 2061 1733 ετίμησε
2091 1662 2165 1732 τῷ
2210 1661 2435 1733 Ἀαρὼν,
2465 1662 2711 1714 ἐκέλευσε
2739 1666 2849 1724 τοῖς
2890 1663 3021 1723 υἱοῖς
3043 1660 3172 1713 Λευῖ
3205 1659 3385 1710 ἐλθοῦ-

1839 1764 1942 1809 σιν,
1996 1744 2147 1800 εἷπε·
2192 1750 2263 1801 ΕΖ
2320 1766 2407 1812 τις
2461 1750 2607 1817 πρὸς
2652 1745 2923 1817 Κιπριονά,
2982 1749 3081 1799 Ιτω
3110 1747 3255 1814 πρός
3289 1763 3383 1813 με,

1838 1836 2093 1903 σφάξειν
2135 1837 2392 1890 ἕκαστον
2447 1838 2550 1890 τὸν
2606 1836 2867 1905 ἀδελφὸν
2923 1835 3105 1889 αὑτοῦ
3152 1834 3387 1887 καὶτὸν

1839 1926 2099 1989 πλησίον
2128 1926 2330 1979 αὑτοῦ.
2369 1926 2478 1979 Kal
2537 1927 2757 1980 ἔπεσον
2784 1926 3096 1993 τρισχίλιοι
3150 1922 3382 1989 ἄνδρες.

1839 2010 1969 2061 Τότε
2013 2011 2069 2061 δὲ
2114 2010 2346 2064 ἀνελθὼν
2405 2012 2643 2079 Μωῦσῆς
2689 2011 2834 2077 λέγει
2879 2010 2955 2079 τῷ
3000 2008 3146 2077 Θεῷ·
3186 2010 3252 2061 El
3275 2008 3389 2075 μὲν

1838 2094 2071 2162 ἀφιεῖςο
2124 2096 2325 2162 αὐτοῖς
2382 2096 2494 2163 τὴν
2534 2096 2840 2165 ἁμαρτίαν,
2889 2096 3068 2162 ἄφες·
3107 2096 3157 2145 εἱ
3192 2091 3387 2158 δὲμὴ.

1838 2182 2159 2251 ἐξάλειψόν
2200 2200 2276 2251 με
2304 2184 2371 2237 ἐκ
2419 2182 2528 2250 τῆς
2558 2182 2797 2245 βίϐλου,
2832 2177 2905 2249 ἧς
2946 2182 3226 2248 ἔγραψας.
3260 2179 3390 2230 Τότε

1840 2267 2133 2339 ἐπένθησεν
2153 2271 2180 2321 6
2200 2269 2347 2331 λαὸς,
2372 2270 2464 2321 καὶ
2492 2267 2776 2335 ἐκελεύσθη
2796 2266 3058 2336 περιελεῖν
3077 2265 3164 2317 τὸν
3192 2265 3391 2331 κόσμον

1839 2353 2022 2407 αὑτοῦ.
2050 2354 2308 2407 Ἐνταῦθα
2331 2354 2559 2425 εἴρηταιο
2580 2353 2684 2406 Kal
2714 2351 2976 2418 ἐλάλησα
3010 2352 3218 2418 Κύριος
3245 2350 3390 2415 πρδτς

1839 2440 2119 2507 Μωῡσῆν,
2150 2443 2230 2506 ὡς
2292 2443 2345 2494 εἴ
2390 2459 2476 2506 τις
2523 2440 2779 2506 λιιῖήσει
2828 2440 2975 2507 πρὸς
3031 2439 3133 2489 τέν
3178 2437 3389 2489 ἑαυτοῦ

1838 2528 2036 2593 φίλον.
2079 2527 2279 2593 Ἰησοῦς
2305 2528 2359 2578 δὲ
2399 2530 2426 2579 6
2456 2527 2548 2577 τοῦ
2580 2526 2731 2591 Ναυῆ
2772 2525 2868 2575 οὐκ
2904 2524 3246 2591 ἐξεπορεύετο
3295 2527 3391 2592 τῆς

1841 2612 2062 2681 σκηνῆς.
2108 2613 2241 2663 Τότε
2279 2612 2584 2680 παρακαλεῖ
2628 2612 2865 2677 Μωῦσῆς
2910 2611 2999 2662 τὸν
3054 2611 3217 2670 Θεὸν,
3255 2609 3393 2661 ὥστε

1842 2696 1914 2765 μὴ
1946 2696 2256 2750 καταλιπεῖν
2288 2697 2376 2749 τὸν
2410 2697 2562 2748 λαόνσ
2614 2698 2706 2747 καὶ
2748 2697 3009 2759 λαξεύσας
3046 2696 3137 2749 δύο
3164 2696 3391 2761 πλάκας,

1838 2781 2097 2849 λαμϐάνει
2128 2782 2224 2852 τὴν
2284 2782 2601 2848 Δεκάλογον,
2644 2782 2873 2850 ποιήσας
2927 2782 3085 2833 πάλιν
3131 2782 3433 2850 τεσσαράο,

1840 2884 2000 2919 κοντα
2021 2867 2233 2936 ἡμέρας
2262 2869 2354 2919 καὶ
2380 2867 2779 2935 τεσσαράκοντα
2802 2867 3018 2929 νύκτας.
3066 2867 3393 2920 Ἐντέλλεται

1838 2952 1893 3005 δὲ
1915 2952 2060 3021 αὐτῷ
2108 2953 2267 3006 πάλιν
2296 2954 2421 3021 περὶ
2447 2952 2538 3005 τοῦ
2570 2954 2750 3023 πάσχα
2770 2994 2784 3019 ,
2820 2954 2943 3022 περὶ
2976 2952 3068 3005 τοῦ
3109 2954 3391 3014 σαϐϐάτου,

1841 3038 1968 3108 περὶ
1996 3037 2088 3090 τοῦ
2137 3038 2505 3108 ἐξολοθρεῦσαι
2538 3040 2661 3102 τοὺς
2707 3038 2859 3101 θεοὺς
2904 3038 3008 3091 τῶν
3034 3038 3220 3101 ἐθνῶν,
3258 3040 3394 3109 ὑπὲρ

1840 3124 1930 3175 τοῦ
1976 3125 2194 3190 ἁγιάσαι
2243 3125 2389 3194 αὑτῷ
2434 3125 2502 3177 τὰ
2543 3124 2879 3194 πρωτότοκα.
2916 3125 3169 3178 Ἐνταῦθα
3198 3127 3392 3186 κεῖται,

1840 3208 1919 3261 ὃτι
1955 3212 2089 3277 μετά
2122 3210 2470 3280 καλύμματος
2502 3211 2675 3262 ἐλάλει
2726 3211 2960 3277 Μωῦσῆς
2987 3210 3063 3279 τῷ
3095 3210 3204 3279 λαῷ
3225 3229 3236 3239 ·
3280 3212 3307 3263 ὃ
3337 3213 3393 3262 ἐν

1839 3298 1903 3363 τῇ
1935 3295 2156 3365 δευτέρᾳ
2176 3297 2307 3365 πρὸς
2327 3296 2639 3366 Κορινθίους
2665 3296 2825 3364 φησὶν
2847 3298 2874 3347 6
2894 3295 3118 3359 Παῦλος.
3139 3297 3268 3349 Τότε
3298 3296 3393 3348 αύ-

1839 3383 1949 3444 τοῖς
1974 3382 2399 3451 παραγγέλλεται
2439 3384 2564 3450 περὶ
2584 3381 2674 3434 τοῦ
2695 3382 2983 3441 σαϐϐάτου,
3012 3384 3103 3435 καὶ
3138 3383 3264 3451 περὶ
3296 3382 3392 3451 τῆς

1843 3467 1972 3534 ὕλης
1993 3468 2091 3535 τῆς
2125 3467 2440 3536 ὀφειλούσης
2468 3469 2813 3538 προχωρῆσαι
2842 3469 2918 3531 εἱς
2948 3468 3044 3537 τὴν
3077 3469 3171 3538 τῆς
3194 3468 3393 3538 σκηνῆς

1842 3554 2121 3622 ἐργασίαν,
2170 3554 2431 3615 τουτέστι,
2468 3552 2714 3623 περὶτοῦ
2762 3553 2982 3622 χρυσοῦ,
3042 3552 3133 3605 τοῦ
3172 3553 3391 3622 χαλκοῦ,

1843 3639 1948 3692 τῶν
1974 3638 2195 3709 τριχῶν,
2219 3641 2313 3691 καὶ
2344 3640 2439 3709 τῆς
2466 3638 2657 3706 λοιπῆς
2696 3638 2841 3707 ῦλης.
2862 3639 2969 3690 Καὶ
2998 3638 3046 3689 οί
3083 3638 3178 3707 μὲν
3205 3639 3395 3707 ἔφερον

1844 3725 2008 3795 πολλῇ
2041 3729 2106 3795 τῇ
2137 3725 2431 3795 προθυμίᾳ,
2459 3725 2532 3787 ὡς
2576 3726 2668 3777 καὶ
2705 3724 3071 3793 περισσεύειν·
3112 3726 3395 3794 ἐργάζεται

1845 3811 1993 3882 [330]
2024 3812 2079 3864 δὲ
2109 3811 2366 3880 Βεσελεὴλ
2398 3812 2460 3863 ἐκ
2507 3813 2604 3881 τῆς
2636 3809 2804 3880 φυλῆς
2837 3810 3003 3863 Ἰούδα
3033 3852 3047 3873 ,
3090 3811 3181 3862 καὶ
3217 3811 3394 3863 Ἐλιέιϐ

1843 3902 1906 3952 ἐκ
1936 3900 2034 3969 τῆς
2064 3899 2235 3969 φυλῆς
2258 3899 2361 3952 Δάν
2404 3900 2615 3953 ᾶπαντα
2650 3898 2715 3951 τά
2746 3897 2878 3967 πρὸς
2904 3896 3012 3967 τὴν.
3039 3900 3392 3967 κατασκευὴν,

1843 3986 1934 4037 καὶ
1961 3985 2088 4052 ἔστη
2127 3987 2159 4053 ἡ
2189 3986 2379 4053 σκηνὴ,
2411 3984 2503 4035 καὶ
2531 3982 2793 4049 ἐκάλυψεν
2820 3981 3043 4051 αῦτὴνή
3073 3982 3287 4052 νεφέλη.
3324 3985 3395 4035 Τὸ

1840 4069 1894 4121 δὲ
1921 4068 2191 4121 ἀναλωθὲν
2218 4070 2297 4131 εἱς
2319 4068 2387 4119 τά
2406 4069 2539 4137 ἔργα
2567 4067 2785 4135 χρυσίου
2819 4066 2917 4135 μὲν
2935 4067 3167 4119 τάλαντα
3194 4067 3272 4120 κθ¹
3305 4069 3396 4121 καὶ

1843 4155 2009 4208 σίκλοι
2056 4154 2130 4222 ψ,
2159 4152 2414 4222 ἀργυρίου
2468 4153 2523 4204 δὲ
2558 4151 2799 4205 τάλανταρ
2834 4159 2901 4222 ρ’,
2933 4152 3102 4206 σίκλοι
3136 4152 3274 4223 ψοβ⁹,
3306 4158 3396 4207 κα)⁸

1841 4239 2039 4311 χαλκοῦ
2078 4239 2312 4294 τάλαντα
2343 4246 2405 4303 o',
2442 4239 2534 4292 καὶ
2564 4238 2756 4301 σίκλοι,
2788 4238 2895 4308 βφ’.

2262 4327 2593 4391 Λευϊωκόν,
2621 4326 2860 4390 βιϐλίον
2884 4325 2958 4394 γ’.

1911 4415 2188 4467 Δευῖτικὸν
2216 4414 2457 4467 καλεῖται
2484 4411 2637 4465 τοῦτο
2668 4412 2733 4465 rb
2763 4412 2981 4480 βιϐλίον,
3012 4412 3193 4483 ἐπειδὴ
3216 4413 3395 4476 ίδικῶς

1844 4502 2020 4555 πᾶσαν
2048 4502 2144 4570 τῆς
2170 4517 2226 4551 τε
2267 4500 2550 4567 Λευῖτικῆς
2570 4499 2903 4567 λειτουργίας
2930 4498 3026 4567 τὴν
3066 4498 3396 4552 διατύπωσιν

1843 4587 2101 4655 περιέχει,
2126 4584 2352 4647 καὶπῶς
2390 4584 2594 4653 Ἀαρὼν
2626 4584 2717 4635 καὶ
2757 4582 2805 4633 οί
2831 4582 2935 4632 υἱοὶ
2953 4582 3114 4634 αὑτοῦ
3144 4582 3394 4650 ἐκλέγον-

1842 4690 1927 4725 ται
1970 4674 2032 4723 ἐκ
2060 4670 2159 4739 τῆς
2192 4670 2359 4738 φυλῆς
2390 4668 2537 4731 Λευῖ,
2570 4668 2658 4719 καὶ
2689 4666 2925 4734 χρίονται
2958 4668 3035 4728 εἱς
3064 4668 3260 4738 ἱερέας,
3289 4672 3393 4723 πᾶ-

1844 4758 1941 4809 σάν
1962 4772 2020 4807 τε
2042 4755 2138 4825 τὴν
2170 4754 2425 4823 διαφορὰν
2459 4752 2564 4804 τῶν
2598 4750 2825 4803 θυσιῶν
2880 4754 2973 4802 καὶ
3005 4752 3103 4819 τὴν
3140 4756 3393 4825 ποιότητα

1842 4843 2019 4895 πᾶσαν
2042 4842 2139 4909 τῆς
2173 4842 2230 4893 ἐν
2272 4838 2347 4907 τῷ
2379 4836 2505 4907 ἱερῷ
2544 4835 2793 4905 λατρείας
2835 4836 2928 4888 καὶ
2967 4838 3241 4906 ἱερατικῆς
3290 4838 3393 4891 λει-

1838 4927 2109 4996 τουργίας.
2141 4926 2410 4991 Διηγεῖται
2442 4921 2535 4973 καί¹
2579 4920 2668 4974 τὸν
2711 4920 2872 4989 νόμον
2914 4921 3143 4991 ἑκάστης
3183 4923 3390 4986 θυσίας,

1842 5018 1965 5085 περί
1990 5033 2048 5067 τε
2081 5014 2175 5066 τοῦ
2209 5012 2473 5078 σωτηρίου
2509 5010 2600 5062 καὶ
2632 5010 2725 5063 τοῦ
2753 5010 2996 5063 ἑκουσίου
3023 5013 3115 5063 καὶ
3140 5012 3390 5065 ἀκουσίου

1840 5099 2318 5169 πλημμελήματος,
2348 5096 2439 5148 καὶ
2484 5095 2599 5158 πῶς
2629 5096 2841 5166 ἑκάστῳ
2870 5097 2982 5148 τῶν
3016 5099 3391 5167 προσφερομέ-

1839 5207 1941 5241 νων
1977 5185 2292 5254 διαιρείσθαι
2336 5185 2427 5236 καὶ
2467 5184 2828 5253 ἀναφέρεσθαι
2868 5183 3068 5252 ὀφείλει
3106 5183 3386 5253 διηγεῖται.

1842 5276 1993 5327 Ἔστι
2023 5272 2076 5324 δὲ
2106 5274 2162 5324 ἐν
2183 5272 2353 5340 τούτῳ
2373 5269 2448 5339 τῷ
2479 5270 2662 5339 βιϐλίῳ
2693 5272 2726 5339 ἡ
2756 5272 2931 5339 χρίσις
2968 5268 3061 5322 τοῦ
3097 5271 3391 5339 ἀρχιερέως

1836 5362 1928 5413 καὶ
1971 5360 2077 5411 τῶν
2112 5360 2319 5430 ἱερέων,
2360 5360 2451 5410 καὶ
2499 5360 2531 5427 ἠ
2563 5358 2829 5425 διάκρισις
2870 5358 2960 5409 καὶ
2993 5359 3025 5426 ἡ
3063 5358 3256 5423 γνῶσις
3284 5356 3390 5407 τῶν

1838 5446 2093 5515 σημείων,
2126 5449 2250 5516 περὶ
2292 5446 2495 5513 λέπρας
2527 5442 2823 5513 ἀνθρώπων
2879 5444 2969 5493 καὶ
3026 5441 3247 5511 ἱματίων
3295 5443 3389 5493 καὶ

1835 5535 2007 5600 τοίχου
2038 5532 2230 5595 οἰκίας,
2269 5532 2403 5583 καὶό
2433 5530 2635 5597 νόμοςό
2667 5527 2791 5596 περὶ
2822 5525 3157 5595 καθαρισμοῦ
3189 5525 3387 5580 αὐτῶν.

1895 5681 1920 5720 τι
1949 5679 2000 5727 In
2037 5678 2207 5741 Bibliis
2227 5677 2499 5741 legiturrig
2516 5675 2627 5736 πρὸς
2644 5672 2834 5741 κύριον.
2864 5732 2883 5741 ἡ

1904 5758 1924 5784 υ
1947 5742 1999 5792 lu
2024 5739 2194 5791 Biblils
2218 5733 2395 5789 Oribas
2421 5733 2595 5799 legitur
2622 5736 2657 5783 εἶ
2682 5736 2762 5796 μὲν
2781 5733 2921 5793 ἀφεῖς.
