  <div class='ocr_page' id='page_1' title='image "/cluster/home/n/w/nwhite01/storage/ocr_20150623/56/uva.x004697988/330.png"; bbox 0 0 4062 6476; ppageno 0'>
   <div class='ocr_carea' id='block_1_1' title="bbox 251 407 354 462">
    <p class='ocr_par' dir='ltr' id='par_1_1' title="bbox 251 407 354 462">
     <span class='ocr_line' id='line_1_1' title="bbox 251 407 354 462; baseline -0.01 -1"><span class='ocrx_word' id='word_1_1' title='bbox 251 407 354 462; x_wconf 86' lang='grc'><strong>329</strong></span> 
     </span>
    </p>
   </div>
   <div class='ocr_carea' id='block_1_2' title="bbox 242 502 1780 574">
    <p class='ocr_par' dir='ltr' id='par_1_2' title="bbox 242 502 1780 574">
     <span class='ocr_line' id='line_1_2' title="bbox 242 502 1780 574; baseline -0.003 -15"><span class='ocrx_word' id='word_1_2' title='bbox 242 505 483 574; x_wconf 76' lang='lat' dir='ltr'><strong>judicrum</strong></span> <span class='ocrx_word' id='word_1_3' title='bbox 521 514 575 559; x_wconf 89' lang='lat' dir='ltr'><strong>et</strong></span> <span class='ocrx_word' id='word_1_4' title='bbox 598 505 824 572; x_wconf 82' lang='lat' dir='ltr'><strong>cognitio</strong></span> <span class='ocrx_word' id='word_1_5' title='bbox 864 503 1192 567; x_wconf 87' lang='lat' dir='ltr'><strong>indiciorum,</strong></span> <span class='ocrx_word' id='word_1_6' title='bbox 1242 503 1426 570; x_wconf 82' lang='lat' dir='ltr'><strong>quibus</strong></span> <span class='ocrx_word' id='word_1_7' title='bbox 1470 511 1574 556; x_wconf 87' lang='lat' dir='ltr'><strong>tam</strong></span> <span class='ocrx_word' id='word_1_8' title='bbox 1613 502 1780 555; x_wconf 88' lang='lat' dir='ltr'><strong>homi-</strong></span> 
     </span>
    </p>
   </div>
   <div class='ocr_carea' id='block_1_3' title="bbox 245 591 1780 660">
    <p class='ocr_par' dir='ltr' id='par_1_3' title="bbox 245 591 1780 660">
     <span class='ocr_line' id='line_1_3' title="bbox 245 591 1780 660; baseline -0.001 -14"><span class='ocrx_word' id='word_1_9' title='bbox 245 609 379 655; x_wconf 86' lang='lat' dir='ltr'><strong>num,</strong></span> <span class='ocrx_word' id='word_1_10' title='bbox 409 607 564 660; x_wconf 89' lang='lat' dir='ltr'><strong>quam</strong></span> <span class='ocrx_word' id='word_1_11' title='bbox 617 592 1056 656; x_wconf 93' lang='lat' dir='ltr'><strong>indumentorum,</strong></span> <span class='ocrx_word' id='word_1_12' title='bbox 1103 593 1459 660; x_wconf 89' lang='lat' dir='ltr'><strong>parietumque</strong></span> <span class='ocrx_word' id='word_1_13' title='bbox 1504 591 1780 645; x_wconf 91' lang='lat' dir='ltr'><strong>domorum</strong></span> 
     </span>
    </p>
   </div>
   <div class='ocr_carea' id='block_1_4' title="bbox 241 679 1785 749">
    <p class='ocr_par' dir='ltr' id='par_1_4' title="bbox 241 679 1785 749">
     <span class='ocr_line' id='line_1_4' title="bbox 241 679 1785 749; baseline -0.001 -15"><span class='ocrx_word' id='word_1_14' title='bbox 241 681 372 749; x_wconf 81' lang='lat' dir='ltr'><strong>lepra</strong></span> <span class='ocrx_word' id='word_1_15' title='bbox 406 680 731 747; x_wconf 91' lang='lat' dir='ltr'><strong>deprehendi</strong></span> <span class='ocrx_word' id='word_1_16' title='bbox 764 681 945 747; x_wconf 81' lang='lat' dir='ltr'><strong>possit,</strong></span> <span class='ocrx_word' id='word_1_17' title='bbox 977 689 1029 733; x_wconf 90' lang='lat' dir='ltr'><strong>et</strong></span> <span class='ocrx_word' id='word_1_18' title='bbox 1055 680 1228 748; x_wconf 90' lang='lat' dir='ltr'><strong>quisit</strong></span> <span class='ocrx_word' id='word_1_19' title='bbox 1274 693 1456 733; x_wconf 90' lang='lat' dir='ltr'><strong>eorum</strong></span> <span class='ocrx_word' id='word_1_20' title='bbox 1501 679 1785 747; x_wconf 79' lang='lat' dir='ltr'><strong>expiando-</strong></span> 
     </span>
    </p>
   </div>
   <div class='ocr_carea' id='block_1_5' title="bbox 238 771 1786 841">
    <p class='ocr_par' dir='ltr' id='par_1_5' title="bbox 238 771 1786 841">
     <span class='ocr_line' id='line_1_5' title="bbox 238 771 1786 841; baseline -0.005 -13"><span class='ocrx_word' id='word_1_21' title='bbox 238 790 348 828; x_wconf 88' lang='lat' dir='ltr'><strong>rmn</strong></span> <span class='ocrx_word' id='word_1_22' title='bbox 371 775 522 826; x_wconf 92' lang='lat' dir='ltr'><strong>ritus.</strong></span> <span class='ocrx_word' id='word_1_23' title='bbox 546 773 804 826; x_wconf 87' lang='lat' dir='ltr'><strong>Praeterea</strong></span> <span class='ocrx_word' id='word_1_24' title='bbox 845 787 960 841; x_wconf 72' lang='lat' dir='ltr'><strong>qurc</strong></span> <span class='ocrx_word' id='word_1_25' title='bbox 983 773 1048 824; x_wconf 90' lang='lat' dir='ltr'><strong>sit</strong></span> <span class='ocrx_word' id='word_1_26' title='bbox 1079 773 1158 824; x_wconf 82' lang='lat' dir='ltr'><strong>lex</strong></span> <span class='ocrx_word' id='word_1_27' title='bbox 1200 781 1251 825; x_wconf 91' lang='lat' dir='ltr'><strong>et</strong></span> <span class='ocrx_word' id='word_1_28' title='bbox 1277 771 1541 824; x_wconf 90' lang='lat' dir='ltr'><strong>distinctio</strong></span> <span class='ocrx_word' id='word_1_29' title='bbox 1588 785 1786 824; x_wconf 90' lang='lat' dir='ltr'><strong>connu-</strong></span> 
     </span>
    </p>
   </div>
   <div class='ocr_carea' id='block_1_6' title="bbox 235 859 1783 929">
    <p class='ocr_par' dir='ltr' id='par_1_6' title="bbox 235 859 1783 929">
     <span class='ocr_line' id='line_1_6' title="bbox 235 859 1783 929; baseline 0 -16"><span class='ocrx_word' id='word_1_30' title='bbox 235 861 437 914; x_wconf 90' lang='lat' dir='ltr'><strong>biorum</strong></span> <span class='ocrx_word' id='word_1_31' title='bbox 461 861 834 929; x_wconf 87' lang='lat' dir='ltr'><strong>legitimorum,</strong></span> <span class='ocrx_word' id='word_1_32' title='bbox 868 867 922 912; x_wconf 90' lang='lat' dir='ltr'><strong>et</strong></span> <span class='ocrx_word' id='word_1_33' title='bbox 941 873 1179 927; x_wconf 83' lang='lat' dir='ltr'><strong>quamam</strong></span> <span class='ocrx_word' id='word_1_34' title='bbox 1227 874 1321 927; x_wconf 92' lang='lat' dir='ltr'><strong>pro</strong></span> <span class='ocrx_word' id='word_1_35' title='bbox 1351 859 1635 927; x_wconf 87' lang='lat' dir='ltr'><strong>illegitimis</strong></span> <span class='ocrx_word' id='word_1_36' title='bbox 1675 859 1783 913; x_wconf 88' lang='lat' dir='ltr'><strong>sint</strong></span> 
     </span>
    </p>
   </div>
   <div class='ocr_carea' id='block_1_7' title="bbox 234 948 1779 1019">
    <p class='ocr_par' dir='ltr' id='par_1_7' title="bbox 234 948 1779 1019">
     <span class='ocr_line' id='line_1_7' title="bbox 234 948 1779 1019; baseline 0.001 -18"><span class='ocrx_word' id='word_1_37' title='bbox 234 948 495 1005; x_wconf 87' lang='lat' dir='ltr'><strong>habenda.</strong></span> <span class='ocrx_word' id='word_1_38' title='bbox 528 951 651 1004; x_wconf 97' lang='lat' dir='ltr'><strong>Item</strong></span> <span class='ocrx_word' id='word_1_39' title='bbox 699 950 823 1019; x_wconf 90' lang='lat' dir='ltr'><strong>quid</strong></span> <span class='ocrx_word' id='word_1_40' title='bbox 860 950 1176 1007; x_wconf 86' lang='lat' dir='ltr'><strong>discriminis</strong></span> <span class='ocrx_word' id='word_1_41' title='bbox 1205 951 1272 1002; x_wconf 91' lang='lat' dir='ltr'><strong>sit</strong></span> <span class='ocrx_word' id='word_1_42' title='bbox 1319 950 1453 1002; x_wconf 91' lang='lat' dir='ltr'><strong>inter</strong></span> <span class='ocrx_word' id='word_1_43' title='bbox 1494 949 1683 1004; x_wconf 89' lang='lat' dir='ltr'><strong>munda</strong></span> <span class='ocrx_word' id='word_1_44' title='bbox 1726 959 1779 1003; x_wconf 88' lang='lat' dir='ltr'><strong>et</strong></span> 
     </span>
    </p>
   </div>
   <div class='ocr_carea' id='block_1_8' title="bbox 231 1039 1780 1107">
    <p class='ocr_par' dir='ltr' id='par_1_8' title="bbox 231 1039 1780 1107">
     <span class='ocr_line' id='line_1_8' title="bbox 231 1039 1780 1107; baseline 0.001 -16"><span class='ocrx_word' id='word_1_45' title='bbox 231 1039 502 1092; x_wconf 89' lang='lat' dir='ltr'><strong>immunda</strong></span> <span class='ocrx_word' id='word_1_46' title='bbox 556 1039 829 1104; x_wconf 80' lang='lat' dir='ltr'><strong>animalia,</strong></span> <span class='ocrx_word' id='word_1_47' title='bbox 862 1039 1097 1107; x_wconf 87' lang='lat' dir='ltr'><strong>interque</strong></span> <span class='ocrx_word' id='word_1_48' title='bbox 1143 1039 1380 1092; x_wconf 86' lang='lat' dir='ltr'><strong>volucres</strong></span> <span class='ocrx_word' id='word_1_49' title='bbox 1414 1048 1467 1092; x_wconf 91' lang='lat' dir='ltr'><strong>et</strong></span> <span class='ocrx_word' id='word_1_50' title='bbox 1513 1040 1680 1107; x_wconf 86' lang='lat' dir='ltr'><strong>pisces</strong></span> <span class='ocrx_word' id='word_1_51' title='bbox 1718 1053 1780 1094; x_wconf 90' lang='lat' dir='ltr'><strong>ac</strong></span> 
     </span>
    </p>
   </div>
   <div class='ocr_carea' id='block_1_9' title="bbox 229 1126 1772 1196">
    <p class='ocr_par' dir='ltr' id='par_1_9' title="bbox 229 1126 1772 1196">
     <span class='ocr_line' id='line_1_9' title="bbox 229 1126 1772 1196; baseline -0.001 -15"><span class='ocrx_word' id='word_1_52' title='bbox 229 1127 434 1194; x_wconf 90' lang='lat' dir='ltr'><strong>reptilia</strong></span> <span class='ocrx_word' id='word_1_53' title='bbox 460 1127 689 1194; x_wconf 86' lang='lat' dir='ltr'><strong>cujusvis</strong></span> <span class='ocrx_word' id='word_1_54' title='bbox 711 1129 937 1195; x_wconf 77' lang='lat' dir='ltr'><strong>generis,</strong></span> <span class='ocrx_word' id='word_1_55' title='bbox 968 1128 1343 1194; x_wconf 89' lang='lat' dir='ltr'><strong>etquibusnam</strong></span> <span class='ocrx_word' id='word_1_56' title='bbox 1364 1128 1524 1189; x_wconf 86' lang='lat' dir='ltr'><strong>vesci,</strong></span> <span class='ocrx_word' id='word_1_57' title='bbox 1578 1141 1606 1179; x_wconf 91' lang='lat' dir='ltr'><strong>a</strong></span> <span class='ocrx_word' id='word_1_58' title='bbox 1649 1126 1772 1196; x_wconf 85' lang='lat' dir='ltr'><strong>qui-</strong></span> 
     </span>
    </p>
   </div>
   <div class='ocr_carea' id='block_1_10' title="bbox 228 1211 1781 1284">
    <p class='ocr_par' dir='ltr' id='par_1_10' title="bbox 228 1211 1781 1284">
     <span class='ocr_line' id='line_1_10' title="bbox 228 1211 1781 1284; baseline 0.001 -16"><span class='ocrx_word' id='word_1_59' title='bbox 228 1215 451 1268; x_wconf 86' lang='lat' dir='ltr'><strong>busnam</strong></span> <span class='ocrx_word' id='word_1_60' title='bbox 470 1214 742 1268; x_wconf 89' lang='lat' dir='ltr'><strong>abstinere</strong></span> <span class='ocrx_word' id='word_1_61' title='bbox 762 1212 992 1268; x_wconf 90' lang='lat' dir='ltr'><strong>dedeant</strong></span> <span class='ocrx_word' id='word_1_62' title='bbox 1013 1211 1490 1268; x_wconf 68' lang='lat' dir='ltr'><strong>chrmLDeclarat</strong></span> <span class='ocrx_word' id='word_1_63' title='bbox 1514 1216 1666 1269; x_wconf 90' lang='lat' dir='ltr'><strong>etiam</strong></span> <span class='ocrx_word' id='word_1_64' title='bbox 1692 1216 1781 1284; x_wconf 87' lang='lat' dir='ltr'><strong>qui</strong></span> 
     </span>
    </p>
   </div>
   <div class='ocr_carea' id='block_1_11' title="bbox 225 1303 1780 1372">
    <p class='ocr_par' dir='ltr' id='par_1_11' title="bbox 225 1303 1780 1372">
     <span class='ocr_line' id='line_1_11' title="bbox 225 1303 1780 1372; baseline 0.002 -18"><span class='ocrx_word' id='word_1_65' title='bbox 225 1303 296 1355; x_wconf 85' lang='lat' dir='ltr'><strong>sit</strong></span> <span class='ocrx_word' id='word_1_66' title='bbox 321 1304 728 1359; x_wconf 85' lang='lat' dir='ltr'><strong>Tubarumdies</strong></span> <span class='ocrx_word' id='word_1_67' title='bbox 748 1304 801 1356; x_wconf 90' lang='lat' dir='ltr'><strong>in</strong></span> <span class='ocrx_word' id='word_1_68' title='bbox 824 1303 1092 1356; x_wconf 90' lang='lat' dir='ltr'><strong>neomenia</strong></span> <span class='ocrx_word' id='word_1_69' title='bbox 1111 1303 1304 1356; x_wconf 84' lang='lat' dir='ltr'><strong>mensis</strong></span> <span class='ocrx_word' id='word_1_70' title='bbox 1333 1305 1535 1372; x_wconf 88' lang='lat' dir='ltr'><strong>septimi</strong></span> <span class='ocrx_word' id='word_1_71' title='bbox 1568 1323 1580 1356; x_wconf 89' lang='lat'>:</span> <span class='ocrx_word' id='word_1_72' title='bbox 1609 1305 1780 1372; x_wconf 80' lang='lat' dir='ltr'><strong>magni</strong></span> 
     </span>
    </p>
   </div>
   <div class='ocr_carea' id='block_1_12' title="bbox 227 1388 1776 1460">
    <p class='ocr_par' dir='ltr' id='par_1_12' title="bbox 227 1388 1776 1460">
     <span class='ocr_line' id='line_1_12' title="bbox 227 1388 1776 1460; baseline 0.001 -18"><span class='ocrx_word' id='word_1_73' title='bbox 227 1404 442 1458; x_wconf 91' lang='lat' dir='ltr'><strong>quoque</strong></span> <span class='ocrx_word' id='word_1_74' title='bbox 457 1389 638 1456; x_wconf 91' lang='lat' dir='ltr'><strong>jejunii</strong></span> <span class='ocrx_word' id='word_1_75' title='bbox 660 1398 997 1457; x_wconf 69' lang='lat' dir='ltr'><strong>praeceptum,</strong></span> <span class='ocrx_word' id='word_1_76' title='bbox 1021 1388 1158 1457; x_wconf 87' lang='lat' dir='ltr'><strong>quod</strong></span> <span class='ocrx_word' id='word_1_77' title='bbox 1183 1390 1364 1443; x_wconf 89' lang='lat' dir='ltr'><strong>eodem</strong></span> <span class='ocrx_word' id='word_1_78' title='bbox 1382 1392 1604 1460; x_wconf 90' lang='lat' dir='ltr'><strong>septimo</strong></span> <span class='ocrx_word' id='word_1_79' title='bbox 1625 1406 1776 1445; x_wconf 88' lang='lat' dir='ltr'><strong>men-</strong></span> 
     </span>
    </p>
   </div>
   <div class='ocr_carea' id='block_1_13' title="bbox 223 1479 1778 1550">
    <p class='ocr_par' dir='ltr' id='par_1_13' title="bbox 223 1479 1778 1550">
     <span class='ocr_line' id='line_1_13' title="bbox 223 1479 1778 1550; baseline 0.003 -19"><span class='ocrx_word' id='word_1_80' title='bbox 223 1493 304 1540; x_wconf 85' lang='lat' dir='ltr'><strong>se,</strong></span> <span class='ocrx_word' id='word_1_81' title='bbox 332 1479 540 1532; x_wconf 85' lang='lat' dir='ltr'><strong>decima</strong></span> <span class='ocrx_word' id='word_1_82' title='bbox 585 1480 779 1532; x_wconf 87' lang='lat' dir='ltr'><strong>mensis</strong></span> <span class='ocrx_word' id='word_1_83' title='bbox 824 1480 1214 1533; x_wconf 91' lang='lat' dir='ltr'><strong>custodiendum</strong></span> <span class='ocrx_word' id='word_1_84' title='bbox 1263 1483 1350 1548; x_wconf 88' lang='lat' dir='ltr'><strong>sit,</strong></span> <span class='ocrx_word' id='word_1_85' title='bbox 1373 1497 1525 1550; x_wconf 92' lang='lat' dir='ltr'><strong>quam</strong></span> <span class='ocrx_word' id='word_1_86' title='bbox 1567 1483 1778 1536; x_wconf 90' lang='lat' dir='ltr'><strong>sabbata</strong></span> 
     </span>
    </p>
   </div>
   <div class='ocr_carea' id='block_1_14' title="bbox 225 1567 1777 1635">
    <p class='ocr_par' dir='ltr' id='par_1_14' title="bbox 225 1567 1777 1635">
     <span class='ocr_line' id='line_1_14' title="bbox 225 1567 1777 1635; baseline 0.004 -17"><span class='ocrx_word' id='word_1_87' title='bbox 225 1567 578 1620; x_wconf 81' lang='lat' dir='ltr'><strong>sabbatorum</strong></span> <span class='ocrx_word' id='word_1_88' title='bbox 611 1577 665 1621; x_wconf 92' lang='lat' dir='ltr'><strong>et</strong></span> <span class='ocrx_word' id='word_1_89' title='bbox 692 1569 890 1635; x_wconf 82' lang='lat' dir='ltr'><strong>peccati</strong></span> <span class='ocrx_word' id='word_1_90' title='bbox 933 1569 1293 1624; x_wconf 88' lang='lat' dir='ltr'><strong>remissionem</strong></span> <span class='ocrx_word' id='word_1_91' title='bbox 1344 1579 1517 1623; x_wconf 83' lang='lat' dir='ltr'><strong>vocat.</strong></span> <span class='ocrx_word' id='word_1_92' title='bbox 1569 1570 1777 1624; x_wconf 88' lang='lat' dir='ltr'><strong>Festum</strong></span> 
     </span>
    </p>
   </div>
   <div class='ocr_carea' id='block_1_15' title="bbox 224 1657 1780 1727">
    <p class='ocr_par' dir='ltr' id='par_1_15' title="bbox 224 1657 1780 1727">
     <span class='ocr_line' id='line_1_15' title="bbox 224 1657 1780 1727; baseline 0.003 -18"><span class='ocrx_word' id='word_1_93' title='bbox 224 1657 387 1710; x_wconf 88' lang='lat' dir='ltr'><strong>etiam</strong></span> <span class='ocrx_word' id='word_1_94' title='bbox 415 1657 894 1712; x_wconf 87' lang='lat' dir='ltr'><strong>Tabernaculorum</strong></span> <span class='ocrx_word' id='word_1_95' title='bbox 926 1659 1124 1712; x_wconf 89' lang='lat' dir='ltr'><strong>decima</strong></span> <span class='ocrx_word' id='word_1_96' title='bbox 1152 1661 1327 1727; x_wconf 89' lang='lat' dir='ltr'><strong>quinta</strong></span> <span class='ocrx_word' id='word_1_97' title='bbox 1353 1659 1586 1725; x_wconf 87' lang='lat' dir='ltr'><strong>ejusdem</strong></span> <span class='ocrx_word' id='word_1_98' title='bbox 1634 1675 1780 1715; x_wconf 89' lang='lat' dir='ltr'><strong>men-</strong></span> 
     </span>
    </p>
   </div>
   <div class='ocr_carea' id='block_1_16' title="bbox 223 1745 1775 1815">
    <p class='ocr_par' dir='ltr' id='par_1_16' title="bbox 223 1745 1775 1815">
     <span class='ocr_line' id='line_1_16' title="bbox 223 1745 1775 1815; baseline 0.002 -17"><span class='ocrx_word' id='word_1_99' title='bbox 223 1745 298 1798; x_wconf 83' lang='lat' dir='ltr'><strong>sis</strong></span> <span class='ocrx_word' id='word_1_100' title='bbox 327 1745 583 1799; x_wconf 88' lang='lat' dir='ltr'><strong>celebrari</strong></span> <span class='ocrx_word' id='word_1_101' title='bbox 607 1746 772 1812; x_wconf 86' lang='lat' dir='ltr'><strong>jubet.</strong></span> <span class='ocrx_word' id='word_1_102' title='bbox 800 1747 916 1814; x_wconf 83' lang='lat' dir='ltr'><strong>Agit</strong></span> <span class='ocrx_word' id='word_1_103' title='bbox 944 1761 1148 1813; x_wconf 90' lang='lat' dir='ltr'><strong>quoque</strong></span> <span class='ocrx_word' id='word_1_104' title='bbox 1174 1747 1237 1799; x_wconf 89' lang='lat' dir='ltr'><strong>dc</strong></span> <span class='ocrx_word' id='word_1_105' title='bbox 1282 1746 1446 1810; x_wconf 87' lang='lat' dir='ltr'><strong>festis,</strong></span> <span class='ocrx_word' id='word_1_106' title='bbox 1475 1758 1526 1800; x_wconf 92' lang='lat' dir='ltr'><strong>et</strong></span> <span class='ocrx_word' id='word_1_107' title='bbox 1569 1763 1683 1815; x_wconf 77' lang='lat' dir='ltr'><strong>qua:</strong></span> <span class='ocrx_word' id='word_1_108' title='bbox 1725 1749 1775 1801; x_wconf 93' lang='lat' dir='ltr'><strong>in</strong></span> 
     </span>
    </p>
   </div>
   <div class='ocr_carea' id='block_1_17' title="bbox 225 1834 1778 1902">
    <p class='ocr_par' dir='ltr' id='par_1_17' title="bbox 225 1834 1778 1902">
     <span class='ocr_line' id='line_1_17' title="bbox 225 1834 1778 1902; baseline 0.007 -19"><span class='ocrx_word' id='word_1_109' title='bbox 225 1834 328 1887; x_wconf 87' lang='lat' dir='ltr'><strong>illis</strong></span> <span class='ocrx_word' id='word_1_110' title='bbox 350 1834 618 1888; x_wconf 77' lang='lat' dir='ltr'><strong>offerenda</strong></span> <span class='ocrx_word' id='word_1_111' title='bbox 659 1835 1032 1902; x_wconf 69' lang='lat' dir='ltr'><strong>sintpraacipit.</strong></span> <span class='ocrx_word' id='word_1_112' title='bbox 1061 1834 1187 1888; x_wconf 90' lang='lat' dir='ltr'><strong>Item</strong></span> <span class='ocrx_word' id='word_1_113' title='bbox 1231 1837 1298 1892; x_wconf 90' lang='lat' dir='ltr'><strong>de</strong></span> <span class='ocrx_word' id='word_1_114' title='bbox 1350 1835 1778 1894; x_wconf 87' lang='lat' dir='ltr'><strong>manumittendis</strong></span> 
     </span>
    </p>
   </div>
   <div class='ocr_carea' id='block_1_18' title="bbox 223 1919 1778 1990">
    <p class='ocr_par' dir='ltr' id='par_1_18' title="bbox 223 1919 1778 1990">
     <span class='ocr_line' id='line_1_18' title="bbox 223 1919 1778 1990; baseline 0.005 -19"><span class='ocrx_word' id='word_1_115' title='bbox 223 1919 484 1985; x_wconf 80' lang='lat' dir='ltr'><strong>Hebraeis,</strong></span> <span class='ocrx_word' id='word_1_116' title='bbox 507 1921 592 1988; x_wconf 87' lang='lat' dir='ltr'><strong>qui</strong></span> <span class='ocrx_word' id='word_1_117' title='bbox 622 1921 672 1973; x_wconf 91' lang='lat' dir='ltr'><strong>in</strong></span> <span class='ocrx_word' id='word_1_118' title='bbox 702 1922 1005 1975; x_wconf 88' lang='lat' dir='ltr'><strong>servitutem</strong></span> <span class='ocrx_word' id='word_1_119' title='bbox 1035 1923 1225 1975; x_wconf 87' lang='lat' dir='ltr'><strong>vcnditi</strong></span> <span class='ocrx_word' id='word_1_120' title='bbox 1267 1933 1406 1990; x_wconf 90' lang='lat' dir='ltr'><strong>sunt,</strong></span> <span class='ocrx_word' id='word_1_121' title='bbox 1436 1933 1490 1978; x_wconf 92' lang='lat' dir='ltr'><strong>et</strong></span> <span class='ocrx_word' id='word_1_122' title='bbox 1519 1924 1584 1978; x_wconf 91' lang='lat' dir='ltr'><strong>de</strong></span> <span class='ocrx_word' id='word_1_123' title='bbox 1627 1924 1778 1979; x_wconf 86' lang='lat' dir='ltr'><strong>debi-</strong></span> 
     </span>
    </p>
   </div>
   <div class='ocr_carea' id='block_1_19' title="bbox 225 2011 1778 2082">
    <p class='ocr_par' dir='ltr' id='par_1_19' title="bbox 225 2011 1778 2082">
     <span class='ocr_line' id='line_1_19' title="bbox 225 2011 1778 2082; baseline 0.004 -20"><span class='ocrx_word' id='word_1_124' title='bbox 225 2020 400 2063; x_wconf 85' lang='lat' dir='ltr'><strong>torum</strong></span> <span class='ocrx_word' id='word_1_125' title='bbox 449 2011 797 2064; x_wconf 83' lang='lat' dir='ltr'><strong>remissione:</strong></span> <span class='ocrx_word' id='word_1_126' title='bbox 828 2011 892 2064; x_wconf 92' lang='lat' dir='ltr'><strong>de</strong></span> <span class='ocrx_word' id='word_1_127' title='bbox 917 2011 1090 2079; x_wconf 89' lang='lat' dir='ltr'><strong>quiete</strong></span> <span class='ocrx_word' id='word_1_128' title='bbox 1127 2014 1348 2081; x_wconf 88' lang='lat' dir='ltr'><strong>septimo</strong></span> <span class='ocrx_word' id='word_1_129' title='bbox 1391 2029 1595 2082; x_wconf 89' lang='lat' dir='ltr'><strong>quoque</strong></span> <span class='ocrx_word' id='word_1_130' title='bbox 1641 2029 1778 2068; x_wconf 93' lang='lat' dir='ltr'><strong>anno</strong></span> 
     </span>
    </p>
   </div>
   <div class='ocr_carea' id='block_1_20' title="bbox 226 2097 1777 2169">
    <p class='ocr_par' dir='ltr' id='par_1_20' title="bbox 226 2097 1777 2169">
     <span class='ocr_line' id='line_1_20' title="bbox 226 2097 1777 2169; baseline 0.004 -20"><span class='ocrx_word' id='word_1_131' title='bbox 226 2107 384 2150; x_wconf 74' lang='lat' dir='ltr'><strong>terra:</strong></span> <span class='ocrx_word' id='word_1_132' title='bbox 405 2097 762 2152; x_wconf 88' lang='lat' dir='ltr'><strong>concedenda.</strong></span> <span class='ocrx_word' id='word_1_133' title='bbox 795 2098 874 2152; x_wconf 84' lang='lat' dir='ltr'><strong>Ad</strong></span> <span class='ocrx_word' id='word_1_134' title='bbox 904 2099 1014 2152; x_wconf 74' lang='lat' dir='ltr'><strong>[nec</strong></span> <span class='ocrx_word' id='word_1_135' title='bbox 1039 2099 1104 2152; x_wconf 92' lang='lat' dir='ltr'><strong>de</strong></span> <span class='ocrx_word' id='word_1_136' title='bbox 1127 2101 1375 2167; x_wconf 75' lang='lat' dir='ltr'><strong>legalibus</strong></span> <span class='ocrx_word' id='word_1_137' title='bbox 1403 2102 1675 2169; x_wconf 62' lang='lat' dir='ltr'><strong>praeceptis</strong></span> <span class='ocrx_word' id='word_1_138' title='bbox 1715 2116 1777 2155; x_wconf 89' lang='lat' dir='ltr'><strong>ac</strong></span> 
     </span>
    </p>
   </div>
   <div class='ocr_carea' id='block_1_21' title="bbox 224 2185 1766 2256">
    <p class='ocr_par' dir='ltr' id='par_1_21' title="bbox 224 2185 1766 2256">
     <span class='ocr_line' id='line_1_21' title="bbox 224 2185 1766 2256; baseline 0.005 -18"><span class='ocrx_word' id='word_1_139' title='bbox 224 2185 544 2239; x_wconf 87' lang='lat' dir='ltr'><strong>testimoniis</strong></span> <span class='ocrx_word' id='word_1_140' title='bbox 588 2187 852 2241; x_wconf 85' lang='lat' dir='ltr'><strong>admonet.</strong></span> <span class='ocrx_word' id='word_1_141' title='bbox 913 2189 1077 2241; x_wconf 82' lang='lat' dir='ltr'><strong>Porro</strong></span> <span class='ocrx_word' id='word_1_142' title='bbox 1106 2190 1437 2244; x_wconf 84' lang='lat' dir='ltr'><strong>servantibus</strong></span> <span class='ocrx_word' id='word_1_143' title='bbox 1480 2191 1584 2256; x_wconf 93' lang='lat' dir='ltr'><strong>illa,</strong></span> <span class='ocrx_word' id='word_1_144' title='bbox 1630 2193 1766 2246; x_wconf 87' lang='lat' dir='ltr'><strong>bona</strong></span> 
     </span>
    </p>
   </div>
   <div class='ocr_carea' id='block_1_22' title="bbox 221 2275 1772 2347">
    <p class='ocr_par' dir='ltr' id='par_1_22' title="bbox 221 2275 1772 2347">
     <span class='ocr_line' id='line_1_22' title="bbox 221 2275 1772 2347; baseline 0.005 -20"><span class='ocrx_word' id='word_1_145' title='bbox 221 2275 540 2342; x_wconf 87' lang='lat' dir='ltr'><strong>pollicetur;</strong></span> <span class='ocrx_word' id='word_1_146' title='bbox 596 2277 1095 2345; x_wconf 89' lang='lat' dir='ltr'><strong>transgredientibus</strong></span> <span class='ocrx_word' id='word_1_147' title='bbox 1120 2294 1244 2332; x_wconf 89' lang='lat' dir='ltr'><strong>vero</strong></span> <span class='ocrx_word' id='word_1_148' title='bbox 1283 2281 1590 2347; x_wconf 88' lang='lat' dir='ltr'><strong>gravissima</strong></span> <span class='ocrx_word' id='word_1_149' title='bbox 1635 2283 1772 2335; x_wconf 89' lang='lat' dir='ltr'><strong>mala</strong></span> 
     </span>
    </p>
   </div>
   <div class='ocr_carea' id='block_1_23' title="bbox 222 2365 1774 2426">
    <p class='ocr_par' dir='ltr' id='par_1_23' title="bbox 222 2365 1774 2426">
     <span class='ocr_line' id='line_1_23' title="bbox 222 2365 1774 2426; baseline 0.006 -10"><span class='ocrx_word' id='word_1_150' title='bbox 222 2365 471 2418; x_wconf 82' lang='lat' dir='ltr'><strong>minatur.</strong></span> <span class='ocrx_word' id='word_1_151' title='bbox 505 2365 644 2420; x_wconf 89' lang='lat' dir='ltr'><strong>Inter</strong></span> <span class='ocrx_word' id='word_1_152' title='bbox 693 2367 837 2421; x_wconf 89' lang='lat' dir='ltr'><strong>cibos</strong></span> <span class='ocrx_word' id='word_1_153' title='bbox 886 2379 1058 2422; x_wconf 90' lang='lat' dir='ltr'><strong>autem</strong></span> <span class='ocrx_word' id='word_1_154' title='bbox 1105 2370 1329 2423; x_wconf 88' lang='lat' dir='ltr'><strong>mundos</strong></span> <span class='ocrx_word' id='word_1_155' title='bbox 1376 2379 1429 2424; x_wconf 89' lang='lat' dir='ltr'><strong>et</strong></span> <span class='ocrx_word' id='word_1_156' title='bbox 1480 2372 1774 2426; x_wconf 88' lang='lat' dir='ltr'><strong>immundos</strong></span> 
     </span>
    </p>
   </div>
   <div class='ocr_carea' id='block_1_24' title="bbox 218 2454 1774 2526">
    <p class='ocr_par' dir='ltr' id='par_1_24' title="bbox 218 2454 1774 2526">
     <span class='ocr_line' id='line_1_24' title="bbox 218 2454 1774 2526; baseline 0.006 -21"><span class='ocrx_word' id='word_1_157' title='bbox 218 2454 613 2510; x_wconf 83' lang='lat' dir='ltr'><strong>distinctionem</strong></span> <span class='ocrx_word' id='word_1_158' title='bbox 643 2457 934 2524; x_wconf 91' lang='lat' dir='ltr'><strong>hujusmodi</strong></span> <span class='ocrx_word' id='word_1_159' title='bbox 962 2460 1124 2526; x_wconf 91' lang='lat' dir='ltr'><strong>ponit.</strong></span> <span class='ocrx_word' id='word_1_160' title='bbox 1152 2461 1205 2513; x_wconf 90' lang='lat' dir='ltr'><strong>In</strong></span> <span class='ocrx_word' id='word_1_161' title='bbox 1237 2460 1402 2513; x_wconf 91' lang='lat' dir='ltr'><strong>brutis</strong></span> <span class='ocrx_word' id='word_1_162' title='bbox 1423 2461 1774 2516; x_wconf 86' lang='lat' dir='ltr'><strong>animantibus</strong></span> 
     </span>
    </p>
   </div>
   <div class='ocr_carea' id='block_1_25' title="bbox 218 2543 1770 2618">
    <p class='ocr_par' dir='ltr' id='par_1_25' title="bbox 218 2543 1770 2618">
     <span class='ocr_line' id='line_1_25' title="bbox 218 2543 1770 2618; baseline 0.005 -24"><span class='ocrx_word' id='word_1_163' title='bbox 218 2543 332 2596; x_wconf 61' lang='lat' dir='ltr'><strong>hsce</strong></span> <span class='ocrx_word' id='word_1_164' title='bbox 359 2544 549 2597; x_wconf 89' lang='lat' dir='ltr'><strong>munda</strong></span> <span class='ocrx_word' id='word_1_165' title='bbox 577 2544 702 2598; x_wconf 90' lang='lat' dir='ltr'><strong>dicit</strong></span> <span class='ocrx_word' id='word_1_166' title='bbox 719 2561 984 2615; x_wconf 79' lang='lat' dir='ltr'><strong>esse,qu:e</strong></span> <span class='ocrx_word' id='word_1_167' title='bbox 1001 2548 1241 2615; x_wconf 79' lang='lat' dir='ltr'><strong>ungulam</strong></span> <span class='ocrx_word' id='word_1_168' title='bbox 1257 2548 1511 2611; x_wconf 88' lang='lat' dir='ltr'><strong>dividunt,</strong></span> <span class='ocrx_word' id='word_1_169' title='bbox 1535 2558 1586 2602; x_wconf 92' lang='lat' dir='ltr'><strong>et</strong></span> <span class='ocrx_word' id='word_1_170' title='bbox 1609 2551 1770 2618; x_wconf 88' lang='lat' dir='ltr'><strong>gemi-</strong></span> 
     </span>
    </p>
   </div>
   <div class='ocr_carea' id='block_1_26' title="bbox 217 2634 1769 2708">
    <p class='ocr_par' dir='ltr' id='par_1_26' title="bbox 217 2634 1769 2708">
     <span class='ocr_line' id='line_1_26' title="bbox 217 2634 1769 2708; baseline 0.006 -24"><span class='ocrx_word' id='word_1_171' title='bbox 217 2647 316 2685; x_wconf 87' lang='lat' dir='ltr'><strong>nas</strong></span> <span class='ocrx_word' id='word_1_172' title='bbox 343 2635 560 2701; x_wconf 91' lang='lat' dir='ltr'><strong>ungulas</strong></span> <span class='ocrx_word' id='word_1_173' title='bbox 587 2634 799 2700; x_wconf 91' lang='lat' dir='ltr'><strong>habent,</strong></span> <span class='ocrx_word' id='word_1_174' title='bbox 827 2651 888 2689; x_wconf 89' lang='lat' dir='ltr'><strong>ac</strong></span> <span class='ocrx_word' id='word_1_175' title='bbox 916 2638 1312 2692; x_wconf 89' lang='lat' dir='ltr'><strong>ruminationem</strong></span> <span class='ocrx_word' id='word_1_176' title='bbox 1343 2649 1616 2706; x_wconf 87' lang='lat' dir='ltr'><strong>regerunt;</strong></span> <span class='ocrx_word' id='word_1_177' title='bbox 1643 2655 1769 2708; x_wconf 87' lang='lat' dir='ltr'><strong>qua-</strong></span> 
     </span>
    </p>
   </div>
   <div class='ocr_carea' id='block_1_27' title="bbox 215 2722 1767 2795">
    <p class='ocr_par' dir='ltr' id='par_1_27' title="bbox 215 2722 1767 2795">
     <span class='ocr_line' id='line_1_27' title="bbox 215 2722 1767 2795; baseline 0.004 -21"><span class='ocrx_word' id='word_1_178' title='bbox 215 2722 286 2774; x_wconf 88' lang='lat' dir='ltr'><strong>lia</strong></span> <span class='ocrx_word' id='word_1_179' title='bbox 313 2732 438 2776; x_wconf 90' lang='lat' dir='ltr'><strong>sunt</strong></span> <span class='ocrx_word' id='word_1_180' title='bbox 465 2724 671 2788; x_wconf 89' lang='lat' dir='ltr'><strong>vitulus,</strong></span> <span class='ocrx_word' id='word_1_181' title='bbox 702 2726 832 2788; x_wconf 87' lang='lat' dir='ltr'><strong>ovis,</strong></span> <span class='ocrx_word' id='word_1_182' title='bbox 863 2741 1036 2792; x_wconf 90' lang='lat' dir='ltr'><strong>capra,</strong></span> <span class='ocrx_word' id='word_1_183' title='bbox 1064 2741 1271 2789; x_wconf 90' lang='lat' dir='ltr'><strong>cervus,</strong></span> <span class='ocrx_word' id='word_1_184' title='bbox 1295 2728 1529 2791; x_wconf 87' lang='lat' dir='ltr'><strong>bubalus,</strong></span> <span class='ocrx_word' id='word_1_185' title='bbox 1559 2743 1767 2795; x_wconf 84' lang='lat' dir='ltr'><strong>caprea,</strong></span> 
     </span>
    </p>
   </div>
   <div class='ocr_carea' id='block_1_28' title="bbox 214 2814 1771 2880">
    <p class='ocr_par' dir='ltr' id='par_1_28' title="bbox 214 2814 1771 2880">
     <span class='ocr_line' id='line_1_28' title="bbox 214 2814 1771 2880; baseline 0.003 -18"><span class='ocrx_word' id='word_1_186' title='bbox 214 2825 371 2878; x_wconf 82' lang='lat' dir='ltr'><strong>oryx,</strong></span> <span class='ocrx_word' id='word_1_187' title='bbox 416 2825 691 2878; x_wconf 78' lang='lat' dir='ltr'><strong>pygargus,</strong></span> <span class='ocrx_word' id='word_1_188' title='bbox 726 2814 1075 2880; x_wconf 84' lang='lat' dir='ltr'><strong>tragelaphus,</strong></span> <span class='ocrx_word' id='word_1_189' title='bbox 1126 2815 1572 2880; x_wconf 79' lang='lat' dir='ltr'><strong>camclOpardalis,</strong></span> <span class='ocrx_word' id='word_1_190' title='bbox 1603 2825 1656 2868; x_wconf 90' lang='lat' dir='ltr'><strong>et</strong></span> <span class='ocrx_word' id='word_1_191' title='bbox 1700 2817 1771 2867; x_wconf 89' lang='lat' dir='ltr'><strong>si-</strong></span> 
     </span>
    </p>
   </div>
   <div class='ocr_carea' id='block_1_29' title="bbox 214 2896 1770 2966">
    <p class='ocr_par' dir='ltr' id='par_1_29' title="bbox 214 2896 1770 2966">
     <span class='ocr_line' id='line_1_29' title="bbox 214 2896 1770 2966; baseline 0.003 -17"><span class='ocrx_word' id='word_1_192' title='bbox 214 2896 382 2949; x_wconf 89' lang='lat' dir='ltr'><strong>milia.</strong></span> <span class='ocrx_word' id='word_1_193' title='bbox 412 2896 466 2949; x_wconf 87' lang='lat' dir='ltr'><strong>Si</strong></span> <span class='ocrx_word' id='word_1_194' title='bbox 485 2911 605 2949; x_wconf 90' lang='lat' dir='ltr'><strong>vero</strong></span> <span class='ocrx_word' id='word_1_195' title='bbox 633 2897 897 2965; x_wconf 85' lang='lat' dir='ltr'><strong>quidpiam</strong></span> <span class='ocrx_word' id='word_1_196' title='bbox 921 2913 1100 2950; x_wconf 91' lang='lat' dir='ltr'><strong>eorum</strong></span> <span class='ocrx_word' id='word_1_197' title='bbox 1121 2899 1362 2964; x_wconf 83' lang='lat' dir='ltr'><strong>defuerit,</strong></span> <span class='ocrx_word' id='word_1_198' title='bbox 1393 2915 1484 2966; x_wconf 91' lang='lat' dir='ltr'><strong>pro</strong></span> <span class='ocrx_word' id='word_1_199' title='bbox 1505 2900 1770 2953; x_wconf 91' lang='lat' dir='ltr'><strong>immundo</strong></span> 
     </span>
    </p>
   </div>
   <div class='ocr_carea' id='block_1_30' title="bbox 214 2983 1766 3055">
    <p class='ocr_par' dir='ltr' id='par_1_30' title="bbox 214 2983 1766 3055">
     <span class='ocr_line' id='line_1_30' title="bbox 214 2983 1766 3055; baseline 0.003 -21"><span class='ocrx_word' id='word_1_200' title='bbox 214 2983 513 3049; x_wconf 84' lang='lat' dir='ltr'><strong>habebitur,</strong></span> <span class='ocrx_word' id='word_1_201' title='bbox 543 2993 597 3037; x_wconf 92' lang='lat' dir='ltr'><strong>ut</strong></span> <span class='ocrx_word' id='word_1_202' title='bbox 647 2995 769 3038; x_wconf 90' lang='lat' dir='ltr'><strong>sunt</strong></span> <span class='ocrx_word' id='word_1_203' title='bbox 817 2987 1066 3049; x_wconf 85' lang='lat' dir='ltr'><strong>camelos,</strong></span> <span class='ocrx_word' id='word_1_204' title='bbox 1119 2987 1290 3054; x_wconf 86' lang='lat' dir='ltr'><strong>lepus,</strong></span> <span class='ocrx_word' id='word_1_205' title='bbox 1345 2986 1766 3055; x_wconf 78' lang='lat' dir='ltr'><strong>cbcerogryllus:</strong></span> 
     </span>
    </p>
   </div>
   <div class='ocr_carea' id='block_1_31' title="bbox 215 3073 1767 3145">
    <p class='ocr_par' dir='ltr' id='par_1_31' title="bbox 215 3073 1767 3145">
     <span class='ocr_line' id='line_1_31' title="bbox 215 3073 1767 3145; baseline 0.006 -23"><span class='ocrx_word' id='word_1_206' title='bbox 215 3073 333 3127; x_wconf 75' lang='lat' dir='ltr'><strong>inec</strong></span> <span class='ocrx_word' id='word_1_207' title='bbox 359 3073 497 3126; x_wconf 91' lang='lat' dir='ltr'><strong>enim</strong></span> <span class='ocrx_word' id='word_1_208' title='bbox 551 3075 1060 3143; x_wconf 90' lang='lat' dir='ltr'><strong>ruminantquidem,</strong></span> <span class='ocrx_word' id='word_1_209' title='bbox 1089 3077 1179 3130; x_wconf 93' lang='lat' dir='ltr'><strong>sed</strong></span> <span class='ocrx_word' id='word_1_210' title='bbox 1213 3078 1457 3145; x_wconf 87' lang='lat' dir='ltr'><strong>ungulam</strong></span> <span class='ocrx_word' id='word_1_211' title='bbox 1503 3092 1604 3131; x_wconf 89' lang='lat' dir='ltr'><strong>non</strong></span> <span class='ocrx_word' id='word_1_212' title='bbox 1662 3077 1767 3130; x_wconf 81' lang='lat' dir='ltr'><strong>lin-</strong></span> 
     </span>
    </p>
   </div>
   <div class='ocr_carea' id='block_1_32' title="bbox 211 3161 1761 3234">
    <p class='ocr_par' dir='ltr' id='par_1_32' title="bbox 211 3161 1761 3234">
     <span class='ocr_line' id='line_1_32' title="bbox 211 3161 1761 3234; baseline 0.003 -19"><span class='ocrx_word' id='word_1_213' title='bbox 211 3161 379 3225; x_wconf 89' lang='lat' dir='ltr'><strong>dunt;</strong></span> <span class='ocrx_word' id='word_1_214' title='bbox 406 3171 459 3215; x_wconf 91' lang='lat' dir='ltr'><strong>et</strong></span> <span class='ocrx_word' id='word_1_215' title='bbox 485 3177 573 3216; x_wconf 89' lang='lat' dir='ltr'><strong>sus</strong></span> <span class='ocrx_word' id='word_1_216' title='bbox 599 3179 802 3232; x_wconf 90' lang='lat' dir='ltr'><strong>quoque</strong></span> <span class='ocrx_word' id='word_1_217' title='bbox 832 3179 845 3215; x_wconf 81' lang='lat' dir='ltr'><strong>z</strong></span> <span class='ocrx_word' id='word_1_218' title='bbox 879 3180 995 3217; x_wconf 91' lang='lat' dir='ltr'><strong>nam</strong></span> <span class='ocrx_word' id='word_1_219' title='bbox 1029 3165 1111 3219; x_wconf 92' lang='lat' dir='ltr'><strong>hic</strong></span> <span class='ocrx_word' id='word_1_220' title='bbox 1137 3167 1352 3234; x_wconf 84' lang='lat' dir='ltr'><strong>ungulas</strong></span> <span class='ocrx_word' id='word_1_221' title='bbox 1379 3167 1531 3220; x_wconf 91' lang='lat' dir='ltr'><strong>habet</strong></span> <span class='ocrx_word' id='word_1_222' title='bbox 1547 3182 1607 3220; x_wconf 91' lang='lat' dir='ltr'><strong>ac</strong></span> <span class='ocrx_word' id='word_1_223' title='bbox 1627 3167 1761 3219; x_wconf 81' lang='lat' dir='ltr'><strong>divi-</strong></span> 
     </span>
    </p>
   </div>
   <div class='ocr_carea' id='block_1_33' title="bbox 218 3251 1768 3323">
    <p class='ocr_par' dir='ltr' id='par_1_33' title="bbox 218 3251 1768 3323">
     <span class='ocr_line' id='line_1_33' title="bbox 218 3251 1768 3323; baseline 0.002 -18"><span class='ocrx_word' id='word_1_224' title='bbox 218 3251 318 3312; x_wconf 86' lang='lat' dir='ltr'><strong>dit,</strong></span> <span class='ocrx_word' id='word_1_225' title='bbox 350 3252 442 3304; x_wconf 83' lang='lat' dir='ltr'><strong>sed</strong></span> <span class='ocrx_word' id='word_1_226' title='bbox 468 3266 568 3304; x_wconf 92' lang='lat' dir='ltr'><strong>non</strong></span> <span class='ocrx_word' id='word_1_227' title='bbox 597 3254 837 3305; x_wconf 88' lang='lat' dir='ltr'><strong>ruminat.</strong></span> <span class='ocrx_word' id='word_1_228' title='bbox 874 3253 945 3306; x_wconf 89' lang='lat' dir='ltr'><strong>De</strong></span> <span class='ocrx_word' id='word_1_229' title='bbox 976 3253 1265 3308; x_wconf 90' lang='lat' dir='ltr'><strong>volatilibus</strong></span> <span class='ocrx_word' id='word_1_230' title='bbox 1287 3270 1408 3308; x_wconf 92' lang='lat' dir='ltr'><strong>vero</strong></span> <span class='ocrx_word' id='word_1_231' title='bbox 1433 3270 1549 3323; x_wconf 70' lang='lat' dir='ltr'><strong>quae</strong></span> <span class='ocrx_word' id='word_1_232' title='bbox 1569 3256 1652 3309; x_wconf 86' lang='lat' dir='ltr'><strong>edi</strong></span> <span class='ocrx_word' id='word_1_233' title='bbox 1679 3270 1768 3308; x_wconf 86' lang='lat' dir='ltr'><strong>ve-</strong></span> 
     </span>
    </p>
   </div>
   <div class='ocr_carea' id='block_1_34' title="bbox 209 3339 1762 3411">
    <p class='ocr_par' dir='ltr' id='par_1_34' title="bbox 209 3339 1762 3411">
     <span class='ocr_line' id='line_1_34' title="bbox 209 3339 1762 3411; baseline 0.003 -19"><span class='ocrx_word' id='word_1_234' title='bbox 209 3347 308 3402; x_wconf 82' lang='lat' dir='ltr'><strong>tat,</strong></span> <span class='ocrx_word' id='word_1_235' title='bbox 360 3339 473 3394; x_wconf 70' lang='grc' dir='ltr'><strong>ιιωο</strong></span> <span class='ocrx_word' id='word_1_236' title='bbox 520 3350 641 3394; x_wconf 86' lang='lat' dir='ltr'><strong>sunt</strong></span> <span class='ocrx_word' id='word_1_237' title='bbox 673 3359 686 3394; x_wconf 71' lang='grc' dir='ltr'>ε</span> <span class='ocrx_word' id='word_1_238' title='bbox 718 3341 906 3409; x_wconf 86' lang='lat' dir='ltr'><strong>aquila,</strong></span> <span class='ocrx_word' id='word_1_239' title='bbox 956 3343 1200 3411; x_wconf 87' lang='lat' dir='ltr'><strong>gryphes,</strong></span> <span class='ocrx_word' id='word_1_240' title='bbox 1247 3343 1520 3408; x_wconf 84' lang='lat' dir='ltr'><strong>haliaétus,</strong></span> <span class='ocrx_word' id='word_1_241' title='bbox 1567 3345 1762 3408; x_wconf 82' lang='lat' dir='ltr'><strong>vultur,</strong></span> 
     </span>
    </p>
   </div>
   <div class='ocr_carea' id='block_1_35' title="bbox 210 3427 1762 3498">
    <p class='ocr_par' dir='ltr' id='par_1_35' title="bbox 210 3427 1762 3498">
     <span class='ocr_line' id='line_1_35' title="bbox 210 3427 1762 3498; baseline 0.004 -18"><span class='ocrx_word' id='word_1_242' title='bbox 210 3427 424 3493; x_wconf 88' lang='lat' dir='ltr'><strong>milvus,</strong></span> <span class='ocrx_word' id='word_1_243' title='bbox 481 3443 686 3494; x_wconf 88' lang='lat' dir='ltr'><strong>corvus,</strong></span> <span class='ocrx_word' id='word_1_244' title='bbox 720 3439 774 3483; x_wconf 90' lang='lat' dir='ltr'><strong>et</strong></span> <span class='ocrx_word' id='word_1_245' title='bbox 811 3429 892 3484; x_wconf 90' lang='lat' dir='ltr'><strong>his</strong></span> <span class='ocrx_word' id='word_1_246' title='bbox 933 3430 1141 3494; x_wconf 87' lang='lat' dir='ltr'><strong>similia,</strong></span> <span class='ocrx_word' id='word_1_247' title='bbox 1171 3432 1416 3498; x_wconf 88' lang='lat' dir='ltr'><strong>accipiter</strong></span> <span class='ocrx_word' id='word_1_248' title='bbox 1463 3441 1514 3485; x_wconf 88' lang='lat' dir='ltr'><strong>et</strong></span> <span class='ocrx_word' id='word_1_249' title='bbox 1553 3433 1762 3498; x_wconf 88' lang='lat' dir='ltr'><strong>similia,</strong></span> 
     </span>
    </p>
   </div>
   <div class='ocr_carea' id='block_1_36' title="bbox 207 3516 1757 3588">
    <p class='ocr_par' dir='ltr' id='par_1_36' title="bbox 207 3516 1757 3588">
     <span class='ocr_line' id='line_1_36' title="bbox 207 3516 1757 3588; baseline 0.004 -20"><span class='ocrx_word' id='word_1_250' title='bbox 207 3516 513 3583; x_wconf 78' lang='lat' dir='ltr'><strong>nycticorax</strong></span> <span class='ocrx_word' id='word_1_251' title='bbox 559 3526 610 3570; x_wconf 86' lang='lat' dir='ltr'><strong>et</strong></span> <span class='ocrx_word' id='word_1_252' title='bbox 650 3517 874 3580; x_wconf 86' lang='lat' dir='ltr'><strong>similia,</strong></span> <span class='ocrx_word' id='word_1_253' title='bbox 920 3527 1226 3581; x_wconf 87' lang='lat' dir='ltr'><strong>cataractes,</strong></span> <span class='ocrx_word' id='word_1_254' title='bbox 1279 3519 1398 3582; x_wconf 90' lang='lat' dir='ltr'><strong>ibis,</strong></span> <span class='ocrx_word' id='word_1_255' title='bbox 1455 3520 1757 3588; x_wconf 90' lang='lat' dir='ltr'><strong>porphyrio,</strong></span> 
     </span>
    </p>
   </div>
   <div class='ocr_carea' id='block_1_37' title="bbox 206 3608 1755 3678">
    <p class='ocr_par' dir='ltr' id='par_1_37' title="bbox 206 3608 1755 3678">
     <span class='ocr_line' id='line_1_37' title="bbox 206 3608 1755 3678; baseline 0.001 -19"><span class='ocrx_word' id='word_1_256' title='bbox 206 3608 496 3676; x_wconf 89' lang='lat' dir='ltr'><strong>pelicanus,</strong></span> <span class='ocrx_word' id='word_1_257' title='bbox 525 3622 738 3678; x_wconf 86' lang='lat' dir='ltr'><strong>cycnus.</strong></span> <span class='ocrx_word' id='word_1_258' title='bbox 771 3609 999 3675; x_wconf 91' lang='lat' dir='ltr'><strong>erodius,</strong></span> <span class='ocrx_word' id='word_1_259' title='bbox 1023 3609 1342 3668; x_wconf 88' lang='lat' dir='ltr'><strong>charadrius,</strong></span> <span class='ocrx_word' id='word_1_260' title='bbox 1365 3618 1417 3662; x_wconf 91' lang='lat' dir='ltr'><strong>et</strong></span> <span class='ocrx_word' id='word_1_261' title='bbox 1445 3609 1524 3662; x_wconf 92' lang='lat' dir='ltr'><strong>his</strong></span> <span class='ocrx_word' id='word_1_262' title='bbox 1544 3611 1755 3674; x_wconf 85' lang='lat' dir='ltr'><strong>similia,</strong></span> 
     </span>
    </p>
   </div>
   <div class='ocr_carea' id='block_1_38' title="bbox 207 3699 1760 3767">
    <p class='ocr_par' dir='ltr' id='par_1_38' title="bbox 207 3699 1760 3767">
     <span class='ocr_line' id='line_1_38' title="bbox 207 3699 1760 3767; baseline 0.004 -18"><span class='ocrx_word' id='word_1_263' title='bbox 207 3711 380 3764; x_wconf 84' lang='lat' dir='ltr'><strong>upupa</strong></span> <span class='ocrx_word' id='word_1_264' title='bbox 408 3706 462 3751; x_wconf 93' lang='lat' dir='ltr'><strong>et</strong></span> <span class='ocrx_word' id='word_1_265' title='bbox 487 3699 802 3765; x_wconf 88' lang='lat' dir='ltr'><strong>vespertilio.</strong></span> <span class='ocrx_word' id='word_1_266' title='bbox 855 3699 1105 3767; x_wconf 75' lang='lat' dir='ltr'><strong>Repentia</strong></span> <span class='ocrx_word' id='word_1_267' title='bbox 1137 3700 1381 3762; x_wconf 79' lang='lat' dir='ltr'><strong>volatilia,</strong></span> <span class='ocrx_word' id='word_1_268' title='bbox 1411 3702 1584 3753; x_wconf 85' lang='lat' dir='ltr'><strong>omnia</strong></span> <span class='ocrx_word' id='word_1_269' title='bbox 1634 3701 1760 3755; x_wconf 89' lang='lat' dir='ltr'><strong>dicit</strong></span> 
     </span>
    </p>
   </div>
   <div class='ocr_carea' id='block_1_39' title="bbox 204 3786 1760 3858">
    <p class='ocr_par' dir='ltr' id='par_1_39' title="bbox 204 3786 1760 3858">
     <span class='ocr_line' id='line_1_39' title="bbox 204 3786 1760 3858; baseline 0.001 -17"><span class='ocrx_word' id='word_1_270' title='bbox 204 3801 325 3841; x_wconf 82' lang='lat' dir='ltr'><strong>esse</strong></span> <span class='ocrx_word' id='word_1_271' title='bbox 351 3786 633 3851; x_wconf 88' lang='lat' dir='ltr'><strong>immunda,</strong></span> <span class='ocrx_word' id='word_1_272' title='bbox 660 3803 776 3856; x_wconf 69' lang='lat' dir='ltr'><strong>qua:</strong></span> <span class='ocrx_word' id='word_1_273' title='bbox 796 3797 1014 3857; x_wconf 88' lang='lat' dir='ltr'><strong>quatuor</strong></span> <span class='ocrx_word' id='word_1_274' title='bbox 1032 3789 1245 3856; x_wconf 83' lang='lat' dir='ltr'><strong>pedibus</strong></span> <span class='ocrx_word' id='word_1_275' title='bbox 1269 3788 1573 3858; x_wconf 89' lang='lat' dir='ltr'><strong>gradiuntur</strong></span> <span class='ocrx_word' id='word_1_276' title='bbox 1614 3805 1760 3857; x_wconf 70' lang='grc' dir='ltr'><strong>(μεω-</strong></span> 
     </span>
    </p>
   </div>
   <div class='ocr_carea' id='block_1_40' title="bbox 205 3877 1758 3945">
    <p class='ocr_par' dir='ltr' id='par_1_40' title="bbox 205 3877 1758 3945">
     <span class='ocr_line' id='line_1_40' title="bbox 205 3877 1758 3945; baseline 0.001 -15"><span class='ocrx_word' id='word_1_277' title='bbox 205 3892 311 3945; x_wconf 91' lang='lat' dir='ltr'><strong>quc</strong></span> <span class='ocrx_word' id='word_1_278' title='bbox 332 3892 482 3930; x_wconf 90' lang='lat' dir='ltr'><strong>crura</strong></span> <span class='ocrx_word' id='word_1_279' title='bbox 514 3877 728 3944; x_wconf 86' lang='lat' dir='ltr'><strong>pedibus</strong></span> <span class='ocrx_word' id='word_1_280' title='bbox 748 3879 1047 3931; x_wconf 86' lang='lat' dir='ltr'><strong>sublimiora</strong></span> <span class='ocrx_word' id='word_1_281' title='bbox 1082 3879 1293 3940; x_wconf 87' lang='lat' dir='ltr'><strong>habent,</strong></span> <span class='ocrx_word' id='word_1_282' title='bbox 1319 3881 1390 3930; x_wconf 90' lang='lat' dir='ltr'><strong>ita</strong></span> <span class='ocrx_word' id='word_1_283' title='bbox 1421 3880 1547 3930; x_wconf 92' lang='lat' dir='ltr'><strong>utin</strong></span> <span class='ocrx_word' id='word_1_284' title='bbox 1593 3879 1694 3931; x_wconf 87' lang='lat' dir='ltr'><strong>illis</strong></span> <span class='ocrx_word' id='word_1_285' title='bbox 1728 3894 1758 3932; x_wconf 87' lang='lat' dir='ltr'><strong>a</strong></span> 
     </span>
    </p>
   </div>
   <div class='ocr_carea' id='block_1_41' title="bbox 204 3967 1754 4036">
    <p class='ocr_par' dir='ltr' id='par_1_41' title="bbox 204 3967 1754 4036">
     <span class='ocr_line' id='line_1_41' title="bbox 204 3967 1754 4036; baseline -0.001 -15"><span class='ocrx_word' id='word_1_286' title='bbox 204 3977 348 4022; x_wconf 82' lang='lat' dir='ltr'><strong>terra</strong></span> <span class='ocrx_word' id='word_1_287' title='bbox 375 3967 582 4030; x_wconf 90' lang='lat' dir='ltr'><strong>saliant,</strong></span> <span class='ocrx_word' id='word_1_288' title='bbox 613 3967 780 4034; x_wconf 90' lang='lat' dir='ltr'><strong>qualia</strong></span> <span class='ocrx_word' id='word_1_289' title='bbox 796 3976 920 4020; x_wconf 86' lang='lat' dir='ltr'><strong>sunt</strong></span> <span class='ocrx_word' id='word_1_290' title='bbox 947 3967 1194 4031; x_wconf 89' lang='lat' dir='ltr'><strong>bruchus,</strong></span> <span class='ocrx_word' id='word_1_291' title='bbox 1237 3968 1477 4034; x_wconf 89' lang='lat' dir='ltr'><strong>pittacus,</strong></span> <span class='ocrx_word' id='word_1_292' title='bbox 1533 3976 1754 4036; x_wconf 84' lang='lat' dir='ltr'><strong>attagus,</strong></span> 
     </span>
    </p>
   </div>
   <div class='ocr_carea' id='block_1_42' title="bbox 201 4055 1752 4123">
    <p class='ocr_par' dir='ltr' id='par_1_42' title="bbox 201 4055 1752 4123">
     <span class='ocr_line' id='line_1_42' title="bbox 201 4055 1752 4123; baseline 0 -15"><span class='ocrx_word' id='word_1_293' title='bbox 201 4055 405 4109; x_wconf 89' lang='lat' dir='ltr'><strong>locusta</strong></span> <span class='ocrx_word' id='word_1_294' title='bbox 435 4063 487 4109; x_wconf 90' lang='lat' dir='ltr'><strong>et</strong></span> <span class='ocrx_word' id='word_1_295' title='bbox 527 4055 736 4117; x_wconf 88' lang='lat' dir='ltr'><strong>similia,</strong></span> <span class='ocrx_word' id='word_1_296' title='bbox 783 4064 835 4108; x_wconf 88' lang='lat' dir='ltr'><strong>et</strong></span> <span class='ocrx_word' id='word_1_297' title='bbox 884 4055 1097 4109; x_wconf 90' lang='lat' dir='ltr'><strong>lacerta.</strong></span> <span class='ocrx_word' id='word_1_298' title='bbox 1140 4056 1268 4119; x_wconf 80' lang='lat' dir='ltr'><strong>Qua:</strong></span> <span class='ocrx_word' id='word_1_299' title='bbox 1324 4070 1447 4108; x_wconf 88' lang='lat' dir='ltr'><strong>vero</strong></span> <span class='ocrx_word' id='word_1_300' title='bbox 1492 4055 1540 4107; x_wconf 92' lang='lat' dir='ltr'><strong>in</strong></span> <span class='ocrx_word' id='word_1_301' title='bbox 1586 4057 1752 4123; x_wconf 87' lang='lat' dir='ltr'><strong>aquis,</strong></span> 
     </span>
    </p>
   </div>
   <div class='ocr_carea' id='block_1_43' title="bbox 201 4143 1741 4210">
    <p class='ocr_par' dir='ltr' id='par_1_43' title="bbox 201 4143 1741 4210">
     <span class='ocr_line' id='line_1_43' title="bbox 201 4143 1741 4210; baseline -0.001 -13"><span class='ocrx_word' id='word_1_302' title='bbox 201 4145 318 4199; x_wconf 83' lang='lat' dir='ltr'><strong>sive</strong></span> <span class='ocrx_word' id='word_1_303' title='bbox 347 4145 396 4197; x_wconf 93' lang='lat' dir='ltr'><strong>in</strong></span> <span class='ocrx_word' id='word_1_304' title='bbox 430 4145 577 4208; x_wconf 89' lang='lat' dir='ltr'><strong>mari,</strong></span> <span class='ocrx_word' id='word_1_305' title='bbox 609 4146 720 4198; x_wconf 87' lang='lat' dir='ltr'><strong>sive</strong></span> <span class='ocrx_word' id='word_1_306' title='bbox 748 4145 799 4197; x_wconf 91' lang='lat' dir='ltr'><strong>in</strong></span> <span class='ocrx_word' id='word_1_307' title='bbox 827 4143 1126 4198; x_wconf 84' lang='lat' dir='ltr'><strong>ﬂuminibus</strong></span> <span class='ocrx_word' id='word_1_308' title='bbox 1170 4161 1230 4198; x_wconf 85' lang='lat' dir='ltr'><strong>ac</strong></span> <span class='ocrx_word' id='word_1_309' title='bbox 1258 4146 1576 4199; x_wconf 89' lang='lat' dir='ltr'><strong>torrentibus</strong></span> <span class='ocrx_word' id='word_1_310' title='bbox 1603 4155 1741 4210; x_wconf 87' lang='lat' dir='ltr'><strong>nata,</strong></span> 
     </span>
    </p>
   </div>
   <div class='ocr_carea' id='block_1_44' title="bbox 200 4232 1747 4302">
    <p class='ocr_par' dir='ltr' id='par_1_44' title="bbox 200 4232 1747 4302">
     <span class='ocr_line' id='line_1_44' title="bbox 200 4232 1747 4302; baseline 0 -15"><span class='ocrx_word' id='word_1_311' title='bbox 200 4234 319 4287; x_wconf 69' lang='lat' dir='ltr'><strong>haec</strong></span> <span class='ocrx_word' id='word_1_312' title='bbox 346 4232 470 4286; x_wconf 90' lang='lat' dir='ltr'><strong>dicit</strong></span> <span class='ocrx_word' id='word_1_313' title='bbox 493 4247 609 4286; x_wconf 87' lang='lat' dir='ltr'><strong>esse</strong></span> <span class='ocrx_word' id='word_1_314' title='bbox 636 4235 847 4298; x_wconf 85' lang='lat' dir='ltr'><strong>munda,</strong></span> <span class='ocrx_word' id='word_1_315' title='bbox 882 4234 967 4287; x_wconf 90' lang='lat' dir='ltr'><strong>illa</strong></span> <span class='ocrx_word' id='word_1_316' title='bbox 1004 4234 1248 4288; x_wconf 89' lang='lat' dir='ltr'><strong>videlicet</strong></span> <span class='ocrx_word' id='word_1_317' title='bbox 1292 4249 1408 4302; x_wconf 75' lang='lat' dir='ltr'><strong>qua:</strong></span> <span class='ocrx_word' id='word_1_318' title='bbox 1457 4236 1641 4300; x_wconf 87' lang='lat' dir='ltr'><strong>pinnas</strong></span> <span class='ocrx_word' id='word_1_319' title='bbox 1693 4244 1747 4287; x_wconf 89' lang='lat' dir='ltr'><strong>et</strong></span> 
     </span>
    </p>
   </div>
   <div class='ocr_carea' id='block_1_45' title="bbox 202 4320 1751 4389">
    <p class='ocr_par' dir='ltr' id='par_1_45' title="bbox 202 4320 1751 4389">
     <span class='ocr_line' id='line_1_45' title="bbox 202 4320 1751 4389; baseline -0.001 -13"><span class='ocrx_word' id='word_1_320' title='bbox 202 4334 451 4388; x_wconf 85' lang='lat' dir='ltr'><strong>squamas</strong></span> <span class='ocrx_word' id='word_1_321' title='bbox 471 4320 694 4382; x_wconf 86' lang='lat' dir='ltr'><strong>habent;</strong></span> <span class='ocrx_word' id='word_1_322' title='bbox 729 4329 785 4373; x_wconf 92' lang='lat' dir='ltr'><strong>ut</strong></span> <span class='ocrx_word' id='word_1_323' title='bbox 808 4331 927 4373; x_wconf 91' lang='lat' dir='ltr'><strong>sunt</strong></span> <span class='ocrx_word' id='word_1_324' title='bbox 954 4323 1121 4389; x_wconf 84' lang='lat' dir='ltr'><strong>trigla,</strong></span> <span class='ocrx_word' id='word_1_325' title='bbox 1149 4337 1346 4383; x_wconf 88' lang='lat' dir='ltr'><strong>scarus,</strong></span> <span class='ocrx_word' id='word_1_326' title='bbox 1375 4323 1608 4389; x_wconf 89' lang='lat' dir='ltr'><strong>glaucus,</strong></span> <span class='ocrx_word' id='word_1_327' title='bbox 1633 4336 1751 4374; x_wconf 83' lang='lat' dir='ltr'><strong>ecs-</strong></span> 
     </span>
    </p>
   </div>
   <div class='ocr_carea' id='block_1_46' title="bbox 200 4409 1751 4477">
    <p class='ocr_par' dir='ltr' id='par_1_46' title="bbox 200 4409 1751 4477">
     <span class='ocr_line' id='line_1_46' title="bbox 200 4409 1751 4477; baseline -0.002 -13"><span class='ocrx_word' id='word_1_328' title='bbox 200 4419 369 4474; x_wconf 77' lang='lat' dir='ltr'><strong>treus,</strong></span> <span class='ocrx_word' id='word_1_329' title='bbox 400 4417 454 4462; x_wconf 92' lang='lat' dir='ltr'><strong>et</strong></span> <span class='ocrx_word' id='word_1_330' title='bbox 481 4425 597 4477; x_wconf 66' lang='lat' dir='ltr'><strong>qua:</strong></span> <span class='ocrx_word' id='word_1_331' title='bbox 624 4409 704 4462; x_wconf 91' lang='lat' dir='ltr'><strong>his</strong></span> <span class='ocrx_word' id='word_1_332' title='bbox 728 4418 849 4462; x_wconf 88' lang='lat' dir='ltr'><strong>sunt</strong></span> <span class='ocrx_word' id='word_1_333' title='bbox 871 4411 1076 4462; x_wconf 90' lang='lat' dir='ltr'><strong>similia.</strong></span> <span class='ocrx_word' id='word_1_334' title='bbox 1111 4410 1238 4474; x_wconf 61' lang='lat' dir='ltr'><strong>Quae</strong></span> <span class='ocrx_word' id='word_1_335' title='bbox 1259 4419 1430 4462; x_wconf 90' lang='lat' dir='ltr'><strong>autem</strong></span> <span class='ocrx_word' id='word_1_336' title='bbox 1461 4409 1631 4477; x_wconf 91' lang='lat' dir='ltr'><strong>aliquo</strong></span> <span class='ocrx_word' id='word_1_337' title='bbox 1660 4424 1751 4462; x_wconf 63' lang='lat' dir='ltr'><strong>eoo</strong></span> 
     </span>
    </p>
   </div>
   <div class='ocr_carea' id='block_1_47' title="bbox 199 4498 1746 4564">
    <p class='ocr_par' dir='ltr' id='par_1_47' title="bbox 199 4498 1746 4564">
     <span class='ocr_line' id='line_1_47' title="bbox 199 4498 1746 4564; baseline -0.003 -10"><span class='ocrx_word' id='word_1_338' title='bbox 199 4515 322 4554; x_wconf 87' lang='lat' dir='ltr'><strong>rum</strong></span> <span class='ocrx_word' id='word_1_339' title='bbox 357 4507 553 4562; x_wconf 84' lang='lat' dir='ltr'><strong>carent,</strong></span> <span class='ocrx_word' id='word_1_340' title='bbox 583 4499 844 4553; x_wconf 89' lang='lat' dir='ltr'><strong>immunda</strong></span> <span class='ocrx_word' id='word_1_341' title='bbox 895 4515 989 4553; x_wconf 91' lang='lat' dir='ltr'><strong>nec</strong></span> <span class='ocrx_word' id='word_1_342' title='bbox 1033 4499 1266 4562; x_wconf 90' lang='lat' dir='ltr'><strong>edenda;</strong></span> <span class='ocrx_word' id='word_1_343' title='bbox 1298 4498 1540 4551; x_wconf 90' lang='lat' dir='ltr'><strong>videlicet</strong></span> <span class='ocrx_word' id='word_1_344' title='bbox 1584 4499 1746 4564; x_wconf 88' lang='lat' dir='ltr'><strong>sepia,</strong></span> 
     </span>
    </p>
   </div>
   <div class='ocr_carea' id='block_1_48' title="bbox 199 4586 1734 4656">
    <p class='ocr_par' dir='ltr' id='par_1_48' title="bbox 199 4586 1734 4656">
     <span class='ocr_line' id='line_1_48' title="bbox 199 4586 1734 4656; baseline -0.001 -16"><span class='ocrx_word' id='word_1_345' title='bbox 199 4601 322 4656; x_wconf 74' lang='lat' dir='ltr'><strong>quae</strong></span> <span class='ocrx_word' id='word_1_346' title='bbox 344 4587 532 4654; x_wconf 85' lang='lat' dir='ltr'><strong>pinnas</strong></span> <span class='ocrx_word' id='word_1_347' title='bbox 559 4587 729 4648; x_wconf 89' lang='lat' dir='ltr'><strong>habet,</strong></span> <span class='ocrx_word' id='word_1_348' title='bbox 754 4589 978 4655; x_wconf 88' lang='lat' dir='ltr'><strong>squamis</strong></span> <span class='ocrx_word' id='word_1_349' title='bbox 997 4597 1170 4642; x_wconf 90' lang='lat' dir='ltr'><strong>autem</strong></span> <span class='ocrx_word' id='word_1_350' title='bbox 1194 4597 1354 4639; x_wconf 90' lang='lat' dir='ltr'><strong>caret.</strong></span> <span class='ocrx_word' id='word_1_351' title='bbox 1387 4586 1461 4639; x_wconf 81' lang='lat' dir='ltr'><strong>Ex</strong></span> <span class='ocrx_word' id='word_1_352' title='bbox 1484 4586 1585 4638; x_wconf 91' lang='lat' dir='ltr'><strong>illis</strong></span> <span class='ocrx_word' id='word_1_353' title='bbox 1637 4601 1734 4638; x_wconf 87' lang='lat' dir='ltr'><strong>au-</strong></span> 
     </span>
    </p>
   </div>
   <div class='ocr_carea' id='block_1_49' title="bbox 204 4673 1748 4743">
    <p class='ocr_par' dir='ltr' id='par_1_49' title="bbox 204 4673 1748 4743">
     <span class='ocr_line' id='line_1_49' title="bbox 204 4673 1748 4743; baseline -0.002 -15"><span class='ocrx_word' id='word_1_354' title='bbox 204 4686 310 4729; x_wconf 90' lang='lat' dir='ltr'><strong>tem</strong></span> <span class='ocrx_word' id='word_1_355' title='bbox 332 4689 616 4743; x_wconf 59' lang='lat' dir='ltr'><strong>quaesupra</strong></span> <span class='ocrx_word' id='word_1_356' title='bbox 641 4683 830 4730; x_wconf 89' lang='lat' dir='ltr'><strong>terram</strong></span> <span class='ocrx_word' id='word_1_357' title='bbox 860 4686 1064 4742; x_wconf 87' lang='lat' dir='ltr'><strong>repunt,</strong></span> <span class='ocrx_word' id='word_1_358' title='bbox 1095 4675 1206 4728; x_wconf 71' lang='lat' dir='ltr'><strong>lucc</strong></span> <span class='ocrx_word' id='word_1_359' title='bbox 1229 4673 1492 4726; x_wconf 90' lang='lat' dir='ltr'><strong>immunda</strong></span> <span class='ocrx_word' id='word_1_360' title='bbox 1523 4689 1638 4727; x_wconf 89' lang='lat' dir='ltr'><strong>esse</strong></span> <span class='ocrx_word' id='word_1_361' title='bbox 1665 4673 1748 4726; x_wconf 79' lang='lat' dir='ltr'><strong>di-</strong></span> 
     </span>
    </p>
   </div>
   <div class='ocr_carea' id='block_1_50' title="bbox 200 4761 1747 4832">
    <p class='ocr_par' dir='ltr' id='par_1_50' title="bbox 200 4761 1747 4832">
     <span class='ocr_line' id='line_1_50' title="bbox 200 4761 1747 4832; baseline -0.003 -15"><span class='ocrx_word' id='word_1_362' title='bbox 200 4764 294 4825; x_wconf 89' lang='lat' dir='ltr'><strong>cit,</strong></span> <span class='ocrx_word' id='word_1_363' title='bbox 320 4769 622 4832; x_wconf 76' lang='lat' dir='ltr'><strong>mustelam,</strong></span> <span class='ocrx_word' id='word_1_364' title='bbox 653 4761 968 4816; x_wconf 87' lang='lat' dir='ltr'><strong>crocodilum</strong></span> <span class='ocrx_word' id='word_1_365' title='bbox 998 4771 1316 4824; x_wconf 79' lang='lat' dir='ltr'><strong>terrestrem,</strong></span> <span class='ocrx_word' id='word_1_366' title='bbox 1343 4761 1602 4829; x_wconf 86' lang='lat' dir='ltr'><strong>mygalen,</strong></span> <span class='ocrx_word' id='word_1_367' title='bbox 1624 4761 1747 4814; x_wconf 84' lang='lat' dir='ltr'><strong>cha-</strong></span> 
     </span>
    </p>
   </div>
   <div class='ocr_carea' id='block_1_51' title="bbox 199 4851 1748 4920">
    <p class='ocr_par' dir='ltr' id='par_1_51' title="bbox 199 4851 1748 4920">
     <span class='ocr_line' id='line_1_51' title="bbox 199 4851 1748 4920; baseline -0.001 -14"><span class='ocrx_word' id='word_1_368' title='bbox 199 4851 549 4917; x_wconf 67' lang='lat' dir='ltr'><strong>maeleontem,</strong></span> <span class='ocrx_word' id='word_1_369' title='bbox 569 4853 878 4916; x_wconf 89' lang='lat' dir='ltr'><strong>stcllionem,</strong></span> <span class='ocrx_word' id='word_1_370' title='bbox 893 4867 1095 4907; x_wconf 82' lang='lat' dir='ltr'><strong>satiram</strong></span> <span class='ocrx_word' id='word_1_371' title='bbox 1116 4863 1167 4906; x_wconf 90' lang='lat' dir='ltr'><strong>et</strong></span> <span class='ocrx_word' id='word_1_372' title='bbox 1184 4852 1393 4919; x_wconf 87' lang='lat' dir='ltr'><strong>talpam.</strong></span> <span class='ocrx_word' id='word_1_373' title='bbox 1412 4853 1482 4906; x_wconf 88' lang='lat' dir='ltr'><strong>De</strong></span> <span class='ocrx_word' id='word_1_374' title='bbox 1507 4861 1748 4920; x_wconf 90' lang='lat' dir='ltr'><strong>serpente</strong></span> 
     </span>
    </p>
   </div>
   <div class='ocr_carea' id='block_1_52' title="bbox 200 4941 1747 5010">
    <p class='ocr_par' dir='ltr' id='par_1_52' title="bbox 200 4941 1747 5010">
     <span class='ocr_line' id='line_1_52' title="bbox 200 4941 1747 5010; baseline -0.002 -15"><span class='ocrx_word' id='word_1_375' title='bbox 200 4952 400 5007; x_wconf 89' lang='lat' dir='ltr'><strong>autem,</strong></span> <span class='ocrx_word' id='word_1_376' title='bbox 431 4951 485 4997; x_wconf 89' lang='lat' dir='ltr'><strong>et</strong></span> <span class='ocrx_word' id='word_1_377' title='bbox 511 4958 626 5010; x_wconf 81' lang='lat' dir='ltr'><strong>qua:</strong></span> <span class='ocrx_word' id='word_1_378' title='bbox 656 4943 752 5010; x_wconf 89' lang='lat' dir='ltr'><strong>ipsi</strong></span> <span class='ocrx_word' id='word_1_379' title='bbox 774 4953 891 4996; x_wconf 90' lang='lat' dir='ltr'><strong>sunt</strong></span> <span class='ocrx_word' id='word_1_380' title='bbox 909 4943 1118 5004; x_wconf 86' lang='lat' dir='ltr'><strong>similia,</strong></span> <span class='ocrx_word' id='word_1_381' title='bbox 1149 4942 1466 5009; x_wconf 83' lang='lat' dir='ltr'><strong>superﬂuum</strong></span> <span class='ocrx_word' id='word_1_382' title='bbox 1494 4951 1634 4994; x_wconf 80' lang='lat' dir='ltr'><strong>esset</strong></span> <span class='ocrx_word' id='word_1_383' title='bbox 1657 4941 1747 4992; x_wconf 90' lang='lat' dir='ltr'><strong>ad-</strong></span> 
     </span>
    </p>
   </div>
   <div class='ocr_carea' id='block_1_53' title="bbox 199 5031 1744 5100">
    <p class='ocr_par' dir='ltr' id='par_1_53' title="bbox 199 5031 1744 5100">
     <span class='ocr_line' id='line_1_53' title="bbox 199 5031 1744 5100; baseline -0.005 -13"><span class='ocrx_word' id='word_1_384' title='bbox 199 5046 420 5087; x_wconf 87' lang='lat' dir='ltr'><strong>monere</strong></span> <span class='ocrx_word' id='word_1_385' title='bbox 447 5048 459 5083; x_wconf 91' lang='lat'><strong>:</strong></span> <span class='ocrx_word' id='word_1_386' title='bbox 485 5032 581 5085; x_wconf 88' lang='lat' dir='ltr'><strong>hoc</strong></span> <span class='ocrx_word' id='word_1_387' title='bbox 610 5047 832 5100; x_wconf 86' lang='lat' dir='ltr'><strong>namque</strong></span> <span class='ocrx_word' id='word_1_388' title='bbox 888 5032 1225 5084; x_wconf 88' lang='lat' dir='ltr'><strong>animantium</strong></span> <span class='ocrx_word' id='word_1_389' title='bbox 1251 5045 1412 5099; x_wconf 89' lang='lat' dir='ltr'><strong>genus</strong></span> <span class='ocrx_word' id='word_1_390' title='bbox 1442 5031 1601 5097; x_wconf 90' lang='lat' dir='ltr'><strong>liquet</strong></span> <span class='ocrx_word' id='word_1_391' title='bbox 1628 5045 1744 5082; x_wconf 90' lang='lat' dir='ltr'><strong>om-</strong></span> 
     </span>
    </p>
   </div>
   <div class='ocr_carea' id='block_1_54' title="bbox 197 5117 1744 5185">
    <p class='ocr_par' dir='ltr' id='par_1_54' title="bbox 197 5117 1744 5185">
     <span class='ocr_line' id='line_1_54' title="bbox 197 5117 1744 5185; baseline -0.001 -12"><span class='ocrx_word' id='word_1_392' title='bbox 197 5122 478 5175; x_wconf 80' lang='lat' dir='ltr'><strong>nibusesse</strong></span> <span class='ocrx_word' id='word_1_393' title='bbox 493 5120 892 5175; x_wconf 87' lang='lat' dir='ltr'><strong>abominandum</strong></span> <span class='ocrx_word' id='word_1_394' title='bbox 908 5135 968 5173; x_wconf 90' lang='lat' dir='ltr'><strong>ac</strong></span> <span class='ocrx_word' id='word_1_395' title='bbox 987 5119 1367 5174; x_wconf 83' lang='lat' dir='ltr'><strong>detestandum.</strong></span> <span class='ocrx_word' id='word_1_396' title='bbox 1392 5117 1744 5185; x_wconf 88' lang='lat' dir='ltr'><strong>Similiterque</strong></span> 
     </span>
    </p>
   </div>
   <div class='ocr_carea' id='block_1_55' title="bbox 200 5206 1742 5274">
    <p class='ocr_par' dir='ltr' id='par_1_55' title="bbox 200 5206 1742 5274">
     <span class='ocr_line' id='line_1_55' title="bbox 200 5206 1742 5274; baseline -0.003 -12"><span class='ocrx_word' id='word_1_397' title='bbox 200 5211 256 5262; x_wconf 83' lang='lat' dir='ltr'><strong>in</strong></span> <span class='ocrx_word' id='word_1_398' title='bbox 281 5209 679 5263; x_wconf 88' lang='lat' dir='ltr'><strong>Deuteronomio</strong></span> <span class='ocrx_word' id='word_1_399' title='bbox 707 5209 888 5262; x_wconf 92' lang='lat' dir='ltr'><strong>horum</strong></span> <span class='ocrx_word' id='word_1_400' title='bbox 919 5209 1170 5261; x_wconf 90' lang='lat' dir='ltr'><strong>meminit.</strong></span> <span class='ocrx_word' id='word_1_401' title='bbox 1202 5206 1329 5260; x_wconf 87' lang='lat' dir='ltr'><strong>Item</strong></span> <span class='ocrx_word' id='word_1_402' title='bbox 1368 5207 1472 5274; x_wconf 82' lang='lat' dir='ltr'><strong>agit</strong></span> <span class='ocrx_word' id='word_1_403' title='bbox 1498 5206 1560 5259; x_wconf 90' lang='lat' dir='ltr'><strong>de</strong></span> <span class='ocrx_word' id='word_1_404' title='bbox 1607 5222 1742 5259; x_wconf 83' lang='lat' dir='ltr'><strong>mor-</strong></span> 
     </span>
    </p>
   </div>
   <div class='ocr_carea' id='block_1_56' title="bbox 199 5296 1744 5367">
    <p class='ocr_par' dir='ltr' id='par_1_56' title="bbox 199 5296 1744 5367">
     <span class='ocr_line' id='line_1_56' title="bbox 199 5296 1744 5367; baseline -0.005 -14"><span class='ocrx_word' id='word_1_405' title='bbox 199 5298 369 5353; x_wconf 76' lang='lat' dir='ltr'><strong>ticinis</strong></span> <span class='ocrx_word' id='word_1_406' title='bbox 395 5308 449 5352; x_wconf 93' lang='lat' dir='ltr'><strong>ut</strong></span> <span class='ocrx_word' id='word_1_407' title='bbox 475 5299 767 5367; x_wconf 89' lang='lat' dir='ltr'><strong>prohibitis,</strong></span> <span class='ocrx_word' id='word_1_408' title='bbox 799 5299 864 5352; x_wconf 89' lang='lat' dir='ltr'><strong>de</strong></span> <span class='ocrx_word' id='word_1_409' title='bbox 893 5300 1141 5366; x_wconf 86' lang='lat' dir='ltr'><strong>sanguine</strong></span> <span class='ocrx_word' id='word_1_410' title='bbox 1165 5298 1423 5357; x_wconf 91' lang='lat' dir='ltr'><strong>similiter,</strong></span> <span class='ocrx_word' id='word_1_411' title='bbox 1461 5296 1527 5349; x_wconf 94' lang='lat' dir='ltr'><strong>de</strong></span> <span class='ocrx_word' id='word_1_412' title='bbox 1556 5296 1744 5347; x_wconf 90' lang='lat' dir='ltr'><strong>mulie-</strong></span> 
     </span>
    </p>
   </div>
   <div class='ocr_carea' id='block_1_57' title="bbox 199 5384 1744 5455">
    <p class='ocr_par' dir='ltr' id='par_1_57' title="bbox 199 5384 1744 5455">
     <span class='ocr_line' id='line_1_57' title="bbox 199 5384 1744 5455; baseline -0.005 -14"><span class='ocrx_word' id='word_1_413' title='bbox 199 5390 342 5441; x_wconf 85' lang='lat' dir='ltr'><strong>ribus</strong></span> <span class='ocrx_word' id='word_1_414' title='bbox 370 5388 707 5455; x_wconf 87' lang='lat' dir='ltr'><strong>parientibus.</strong></span> <span class='ocrx_word' id='word_1_415' title='bbox 737 5388 790 5441; x_wconf 88' lang='lat' dir='ltr'><strong>Si</strong></span> <span class='ocrx_word' id='word_1_416' title='bbox 821 5389 937 5455; x_wconf 89' lang='lat' dir='ltr'><strong>quis</strong></span> <span class='ocrx_word' id='word_1_417' title='bbox 963 5402 1141 5440; x_wconf 88' lang='lat' dir='ltr'><strong>semen</strong></span> <span class='ocrx_word' id='word_1_418' title='bbox 1172 5386 1424 5446; x_wconf 86' lang='lat' dir='ltr'><strong>emiserit,</strong></span> <span class='ocrx_word' id='word_1_419' title='bbox 1450 5384 1744 5436; x_wconf 87' lang='lat' dir='ltr'><strong>immundus</strong></span> 
     </span>
    </p>
   </div>
   <div class='ocr_carea' id='block_1_58' title="bbox 196 5475 1742 5546">
    <p class='ocr_par' dir='ltr' id='par_1_58' title="bbox 196 5475 1742 5546">
     <span class='ocr_line' id='line_1_58' title="bbox 196 5475 1742 5546; baseline -0.005 -12"><span class='ocrx_word' id='word_1_420' title='bbox 196 5479 296 5534; x_wconf 88' lang='lat' dir='ltr'><strong>erit</strong></span> <span class='ocrx_word' id='word_1_421' title='bbox 320 5480 507 5533; x_wconf 91' lang='lat' dir='ltr'><strong>diebus</strong></span> <span class='ocrx_word' id='word_1_422' title='bbox 522 5488 741 5546; x_wconf 85' lang='lat' dir='ltr'><strong>septem.</strong></span> <span class='ocrx_word' id='word_1_423' title='bbox 769 5480 838 5532; x_wconf 88' lang='lat' dir='ltr'><strong>De</strong></span> <span class='ocrx_word' id='word_1_424' title='bbox 860 5477 1251 5531; x_wconf 87' lang='lat' dir='ltr'><strong>circumcisione</strong></span> <span class='ocrx_word' id='word_1_425' title='bbox 1277 5476 1420 5543; x_wconf 89' lang='lat' dir='ltr'><strong>pueri</strong></span> <span class='ocrx_word' id='word_1_426' title='bbox 1447 5484 1635 5527; x_wconf 88' lang='lat' dir='ltr'><strong>octavo</strong></span> <span class='ocrx_word' id='word_1_427' title='bbox 1658 5475 1742 5526; x_wconf 92' lang='lat' dir='ltr'><strong>die</strong></span> 
     </span>
    </p>
   </div>
   <div class='ocr_carea' id='block_1_59' title="bbox 195 5563 1740 5626">
    <p class='ocr_par' dir='ltr' id='par_1_59' title="bbox 195 5563 1740 5626">
     <span class='ocr_line' id='line_1_59' title="bbox 195 5563 1740 5626; baseline -0.005 -4"><span class='ocrx_word' id='word_1_428' title='bbox 195 5567 448 5623; x_wconf 80' lang='lat' dir='ltr'><strong>facienda.</strong></span> <span class='ocrx_word' id='word_1_429' title='bbox 497 5569 573 5622; x_wconf 86' lang='lat' dir='ltr'><strong>De</strong></span> <span class='ocrx_word' id='word_1_430' title='bbox 609 5568 826 5621; x_wconf 85' lang='lat' dir='ltr'><strong>muliere</strong></span> <span class='ocrx_word' id='word_1_431' title='bbox 869 5576 1218 5626; x_wconf 89' lang='lat' dir='ltr'><strong>tuenstruata,</strong></span> <span class='ocrx_word' id='word_1_432' title='bbox 1263 5575 1312 5615; x_wconf 91' lang='lat' dir='ltr'><strong>et</strong></span> <span class='ocrx_word' id='word_1_433' title='bbox 1352 5563 1418 5617; x_wconf 89' lang='lat' dir='ltr'><strong>de</strong></span> <span class='ocrx_word' id='word_1_434' title='bbox 1455 5563 1740 5616; x_wconf 72' lang='lat' dir='ltr'><strong>differentia</strong></span> 
     </span>
    </p>
   </div>
   <div class='ocr_carea' id='block_1_60' title="bbox 193 5654 1736 5735">
    <p class='ocr_par' dir='ltr' id='par_1_60' title="bbox 193 5654 1736 5735">
     <span class='ocr_line' id='line_1_60' title="bbox 193 5654 1736 5735; baseline -0.006 -20"><span class='ocrx_word' id='word_1_435' title='bbox 193 5660 515 5735; x_wconf 78' lang='lat' dir='ltr'><strong>purgationis</strong></span> <span class='ocrx_word' id='word_1_436' title='bbox 541 5674 717 5714; x_wconf 88' lang='lat' dir='ltr'><strong>carum</strong></span> <span class='ocrx_word' id='word_1_437' title='bbox 741 5675 853 5727; x_wconf 70' lang='lat' dir='ltr'><strong>quat:</strong></span> <span class='ocrx_word' id='word_1_438' title='bbox 883 5660 958 5713; x_wconf 81' lang='lat' dir='ltr'><strong>vel</strong></span> <span class='ocrx_word' id='word_1_439' title='bbox 983 5656 1266 5712; x_wconf 81' lang='lat' dir='ltr'><strong>masculum</strong></span> <span class='ocrx_word' id='word_1_440' title='bbox 1291 5655 1366 5708; x_wconf 80' lang='lat' dir='ltr'><strong>vel</strong></span> <span class='ocrx_word' id='word_1_441' title='bbox 1391 5654 1627 5707; x_wconf 85' lang='lat' dir='ltr'><strong>letuiuam</strong></span> <span class='ocrx_word' id='word_1_442' title='bbox 1653 5670 1736 5720; x_wconf 84' lang='lat' dir='ltr'><strong>pe-</strong></span> 
     </span>
    </p>
   </div>
   <div class='ocr_carea' id='block_1_61' title="bbox 1282 386 2323 443">
    <p class='ocr_par' dir='ltr' id='par_1_61' title="bbox 1282 386 2323 443">
     <span class='ocr_line' id='line_1_61' title="bbox 1282 386 2323 443; baseline -0.004 0"><span class='ocrx_word' id='word_1_443' title='bbox 1282 387 1593 443; x_wconf 78' lang='lat' dir='ltr'><strong>SYNOPSIS</strong></span> <span class='ocrx_word' id='word_1_444' title='bbox 1628 386 2024 442; x_wconf 68' lang='lat' dir='ltr'><strong>SCRIPTUIIJE</strong></span> <span class='ocrx_word' id='word_1_445' title='bbox 2061 386 2323 442; x_wconf 71' lang='lat' dir='ltr'><strong>SACRA&#39;].</strong></span> 
     </span>
    </p>
   </div>
   <div class='ocr_carea' id='block_1_62' title="bbox 3325 414 3435 470">
    <p class='ocr_par' dir='ltr' id='par_1_62' title="bbox 3325 414 3435 470">
     <span class='ocr_line' id='line_1_62' title="bbox 3325 414 3435 470; baseline 0.018 -2"><span class='ocrx_word' id='word_1_446' title='bbox 3325 414 3435 470; x_wconf 91' lang='lat'><strong>330</strong></span> 
     </span>
    </p>
   </div>
   <div class='ocr_carea' id='block_1_63' title="bbox 1890 503 3428 578">
    <p class='ocr_par' dir='ltr' id='par_1_63' title="bbox 1890 503 3428 578">
     <span class='ocr_line' id='line_1_63' title="bbox 1890 503 3428 578; baseline 0.004 -20"><span class='ocrx_word' id='word_1_447' title='bbox 1890 503 2136 570; x_wconf 88' lang='lat' dir='ltr'><strong>pererint.</strong></span> <span class='ocrx_word' id='word_1_448' title='bbox 2168 503 2272 558; x_wconf 85' lang='lat' dir='ltr'><strong>Lex</strong></span> <span class='ocrx_word' id='word_1_449' title='bbox 2302 503 2367 558; x_wconf 90' lang='lat' dir='ltr'><strong>de</strong></span> <span class='ocrx_word' id='word_1_450' title='bbox 2406 506 2550 575; x_wconf 89' lang='lat' dir='ltr'><strong>lepra</strong></span> <span class='ocrx_word' id='word_1_451' title='bbox 2575 508 2715 563; x_wconf 86' lang='lat' dir='ltr'><strong>etde</strong></span> <span class='ocrx_word' id='word_1_452' title='bbox 2734 508 2847 575; x_wconf 88' lang='lat' dir='ltr'><strong>ejus</strong></span> <span class='ocrx_word' id='word_1_453' title='bbox 2874 509 3200 578; x_wconf 89' lang='lat' dir='ltr'><strong>purgatione,</strong></span> <span class='ocrx_word' id='word_1_454' title='bbox 3227 506 3294 564; x_wconf 84' lang='lat' dir='ltr'><strong>de</strong></span> <span class='ocrx_word' id='word_1_455' title='bbox 3342 524 3428 564; x_wconf 80' lang='lat' dir='ltr'><strong>se-</strong></span> 
     </span>
    </p>
   </div>
   <div class='ocr_carea' id='block_1_64' title="bbox 1887 592 3426 666">
    <p class='ocr_par' dir='ltr' id='par_1_64' title="bbox 1887 592 3426 666">
     <span class='ocr_line' id='line_1_64' title="bbox 1887 592 3426 666; baseline 0.006 -23"><span class='ocrx_word' id='word_1_456' title='bbox 1887 592 2151 657; x_wconf 86' lang='lat' dir='ltr'><strong>minitluis,</strong></span> <span class='ocrx_word' id='word_1_457' title='bbox 2187 594 2324 650; x_wconf 86' lang='lat' dir='ltr'><strong>etde</strong></span> <span class='ocrx_word' id='word_1_458' title='bbox 2361 598 2658 651; x_wconf 88' lang='lat' dir='ltr'><strong>menstruis.</strong></span> <span class='ocrx_word' id='word_1_459' title='bbox 2691 598 2766 652; x_wconf 91' lang='lat' dir='ltr'><strong>De</strong></span> <span class='ocrx_word' id='word_1_460' title='bbox 2793 598 3105 662; x_wconf 87' lang='lat' dir='ltr'><strong>reverentia,</strong></span> <span class='ocrx_word' id='word_1_461' title='bbox 3152 598 3220 652; x_wconf 93' lang='lat' dir='ltr'><strong>de</strong></span> <span class='ocrx_word' id='word_1_462' title='bbox 3268 612 3426 666; x_wconf 90' lang='lat' dir='ltr'><strong>capro</strong></span> 
     </span>
    </p>
   </div>
   <div class='ocr_carea' id='block_1_65' title="bbox 1886 681 3424 755">
    <p class='ocr_par' dir='ltr' id='par_1_65' title="bbox 1886 681 3424 755">
     <span class='ocr_line' id='line_1_65' title="bbox 1886 681 3424 755; baseline 0.003 -20"><span class='ocrx_word' id='word_1_463' title='bbox 1886 681 2156 736; x_wconf 89' lang='lat' dir='ltr'><strong>emissario</strong></span> <span class='ocrx_word' id='word_1_464' title='bbox 2179 691 2233 738; x_wconf 93' lang='lat' dir='ltr'><strong>et</strong></span> <span class='ocrx_word' id='word_1_465' title='bbox 2255 684 2320 738; x_wconf 87' lang='lat' dir='ltr'><strong>de</strong></span> <span class='ocrx_word' id='word_1_466' title='bbox 2344 685 2559 754; x_wconf 89' lang='lat' dir='ltr'><strong>jejunio.</strong></span> <span class='ocrx_word' id='word_1_467' title='bbox 2590 687 2664 741; x_wconf 88' lang='lat' dir='ltr'><strong>De</strong></span> <span class='ocrx_word' id='word_1_468' title='bbox 2681 687 2972 741; x_wconf 83' lang='lat' dir='ltr'><strong>cohibenda</strong></span> <span class='ocrx_word' id='word_1_469' title='bbox 3000 685 3272 755; x_wconf 88' lang='lat' dir='ltr'><strong>illegitimo</strong></span> <span class='ocrx_word' id='word_1_470' title='bbox 3313 687 3424 739; x_wconf 85' lang='lat' dir='ltr'><strong>coi-</strong></span> 
     </span>
    </p>
   </div>
   <div class='ocr_carea' id='block_1_66' title="bbox 1888 771 3422 845">
    <p class='ocr_par' dir='ltr' id='par_1_66' title="bbox 1888 771 3422 845">
     <span class='ocr_line' id='line_1_66' title="bbox 1888 771 3422 845; baseline 0.007 -25"><span class='ocrx_word' id='word_1_471' title='bbox 1888 775 1941 822; x_wconf 90' lang='lat' dir='ltr'><strong>tu</strong></span> <span class='ocrx_word' id='word_1_472' title='bbox 1971 785 1984 821; x_wconf 88' lang='lat'><strong><em>:</em></strong></span> <span class='ocrx_word' id='word_1_473' title='bbox 2013 771 2080 825; x_wconf 84' lang='lat' dir='ltr'><strong>de</strong></span> <span class='ocrx_word' id='word_1_474' title='bbox 2107 773 2378 828; x_wconf 87' lang='lat' dir='ltr'><strong>connubiis</strong></span> <span class='ocrx_word' id='word_1_475' title='bbox 2403 775 2643 842; x_wconf 89' lang='lat' dir='ltr'><strong>legitimis</strong></span> <span class='ocrx_word' id='word_1_476' title='bbox 2666 785 2718 829; x_wconf 92' lang='lat' dir='ltr'><strong>et</strong></span> <span class='ocrx_word' id='word_1_477' title='bbox 2745 776 3043 845; x_wconf 80' lang='lat' dir='ltr'><strong>illegitimis,</strong></span> <span class='ocrx_word' id='word_1_478' title='bbox 3074 786 3127 829; x_wconf 90' lang='lat' dir='ltr'><strong>et</strong></span> <span class='ocrx_word' id='word_1_479' title='bbox 3150 774 3289 843; x_wconf 86' lang='lat' dir='ltr'><strong>quod</strong></span> <span class='ocrx_word' id='word_1_480' title='bbox 3317 789 3422 830; x_wconf 92' lang='lat' dir='ltr'><strong>non</strong></span> 
     </span>
    </p>
   </div>
   <div class='ocr_carea' id='block_1_67' title="bbox 1886 859 3419 934">
    <p class='ocr_par' dir='ltr' id='par_1_67' title="bbox 1886 859 3419 934">
     <span class='ocr_line' id='line_1_67' title="bbox 1886 859 3419 934; baseline 0.003 -21"><span class='ocrx_word' id='word_1_481' title='bbox 1886 859 2070 914; x_wconf 83' lang='lat' dir='ltr'><strong>debeat</strong></span> <span class='ocrx_word' id='word_1_482' title='bbox 2107 863 2351 918; x_wconf 87' lang='lat' dir='ltr'><strong>sacerdos</strong></span> <span class='ocrx_word' id='word_1_483' title='bbox 2394 865 2597 918; x_wconf 87' lang='lat' dir='ltr'><strong>viduam</strong></span> <span class='ocrx_word' id='word_1_484' title='bbox 2624 874 2711 918; x_wconf 89' lang='lat' dir='ltr'><strong>aut</strong></span> <span class='ocrx_word' id='word_1_485' title='bbox 2736 864 3053 934; x_wconf 89' lang='lat' dir='ltr'><strong>repudiatam</strong></span> <span class='ocrx_word' id='word_1_486' title='bbox 3088 862 3301 926; x_wconf 90' lang='lat' dir='ltr'><strong>ducere,</strong></span> <span class='ocrx_word' id='word_1_487' title='bbox 3326 864 3419 917; x_wconf 91' lang='lat' dir='ltr'><strong>sed</strong></span> 
     </span>
    </p>
   </div>
   <div class='ocr_carea' id='block_1_68' title="bbox 1889 947 3420 1018">
    <p class='ocr_par' dir='ltr' id='par_1_68' title="bbox 1889 947 3420 1018">
     <span class='ocr_line' id='line_1_68' title="bbox 1889 947 3420 1018; baseline 0.004 -18"><span class='ocrx_word' id='word_1_488' title='bbox 1889 947 2156 1018; x_wconf 85' lang='lat' dir='ltr'><strong>virginem.</strong></span> <span class='ocrx_word' id='word_1_489' title='bbox 2177 951 2250 1004; x_wconf 91' lang='lat' dir='ltr'><strong>De</strong></span> <span class='ocrx_word' id='word_1_490' title='bbox 2272 951 2371 1004; x_wconf 80' lang='lat' dir='ltr'><strong>lilia</strong></span> <span class='ocrx_word' id='word_1_491' title='bbox 2384 952 2668 1006; x_wconf 90' lang='lat' dir='ltr'><strong>sacerdotis</strong></span> <span class='ocrx_word' id='word_1_492' title='bbox 2686 952 2989 1006; x_wconf 85' lang='lat' dir='ltr'><strong>fornicante.</strong></span> <span class='ocrx_word' id='word_1_493' title='bbox 3010 951 3156 1017; x_wconf 87' lang='lat' dir='ltr'><strong>Quod</strong></span> <span class='ocrx_word' id='word_1_494' title='bbox 3177 952 3420 1006; x_wconf 88' lang='lat' dir='ltr'><strong>sacerdos</strong></span> 
     </span>
    </p>
   </div>
   <div class='ocr_carea' id='block_1_69' title="bbox 1886 1035 3421 1105">
    <p class='ocr_par' dir='ltr' id='par_1_69' title="bbox 1886 1035 3421 1105">
     <span class='ocr_line' id='line_1_69' title="bbox 1886 1035 3421 1105; baseline 0.003 -17"><span class='ocrx_word' id='word_1_495' title='bbox 1886 1035 2172 1105; x_wconf 90' lang='lat' dir='ltr'><strong>inculpatus</strong></span> <span class='ocrx_word' id='word_1_496' title='bbox 2187 1054 2302 1092; x_wconf 89' lang='lat' dir='ltr'><strong>esse</strong></span> <span class='ocrx_word' id='word_1_497' title='bbox 2314 1039 2518 1092; x_wconf 90' lang='lat' dir='ltr'><strong>debeat.</strong></span> <span class='ocrx_word' id='word_1_498' title='bbox 2541 1041 2612 1093; x_wconf 90' lang='lat' dir='ltr'><strong>De</strong></span> <span class='ocrx_word' id='word_1_499' title='bbox 2627 1039 2776 1093; x_wconf 91' lang='lat' dir='ltr'><strong>donis</strong></span> <span class='ocrx_word' id='word_1_500' title='bbox 2788 1040 2988 1093; x_wconf 88' lang='lat' dir='ltr'><strong>oblatis.</strong></span> <span class='ocrx_word' id='word_1_501' title='bbox 3009 1038 3082 1091; x_wconf 90' lang='lat' dir='ltr'><strong>De</strong></span> <span class='ocrx_word' id='word_1_502' title='bbox 3094 1037 3338 1100; x_wconf 80' lang='lat' dir='ltr'><strong>sabbatis,</strong></span> <span class='ocrx_word' id='word_1_503' title='bbox 3357 1038 3421 1092; x_wconf 88' lang='lat' dir='ltr'><strong>de</strong></span> 
     </span>
    </p>
   </div>
   <div class='ocr_carea' id='block_1_70' title="bbox 1886 1121 3420 1195">
    <p class='ocr_par' dir='ltr' id='par_1_70' title="bbox 1886 1121 3420 1195">
     <span class='ocr_line' id='line_1_70' title="bbox 1886 1121 3420 1195; baseline 0.001 -17"><span class='ocrx_word' id='word_1_504' title='bbox 1886 1125 2110 1192; x_wconf 89' lang='lat' dir='ltr'><strong>festis,et</strong></span> <span class='ocrx_word' id='word_1_505' title='bbox 2123 1122 2191 1176; x_wconf 88' lang='lat' dir='ltr'><strong>de</strong></span> <span class='ocrx_word' id='word_1_506' title='bbox 2204 1121 2338 1176; x_wconf 85' lang='lat' dir='ltr'><strong>festo</strong></span> <span class='ocrx_word' id='word_1_507' title='bbox 2351 1125 2720 1189; x_wconf 88' lang='lat' dir='ltr'><strong>Paschatis,de</strong></span> <span class='ocrx_word' id='word_1_508' title='bbox 2731 1124 3077 1192; x_wconf 83' lang='lat' dir='ltr'><strong>ScenOpegia,</strong></span> <span class='ocrx_word' id='word_1_509' title='bbox 3091 1126 3259 1195; x_wconf 91' lang='lat' dir='ltr'><strong>deque</strong></span> <span class='ocrx_word' id='word_1_510' title='bbox 3285 1127 3420 1180; x_wconf 87' lang='lat' dir='ltr'><strong>festo</strong></span> 
     </span>
    </p>
   </div>
   <div class='ocr_carea' id='block_1_71' title="bbox 1889 1215 3422 1284">
    <p class='ocr_par' dir='ltr' id='par_1_71' title="bbox 1889 1215 3422 1284">
     <span class='ocr_line' id='line_1_71' title="bbox 1889 1215 3422 1284; baseline 0 -13"><span class='ocrx_word' id='word_1_511' title='bbox 1889 1215 2266 1277; x_wconf 84' lang='lat' dir='ltr'><strong>Tubarum.De</strong></span> <span class='ocrx_word' id='word_1_512' title='bbox 2276 1217 2416 1279; x_wconf 91' lang='lat' dir='ltr'><strong>oleo,</strong></span> <span class='ocrx_word' id='word_1_513' title='bbox 2433 1218 2497 1271; x_wconf 91' lang='lat' dir='ltr'><strong>de</strong></span> <span class='ocrx_word' id='word_1_514' title='bbox 2514 1217 2726 1282; x_wconf 87' lang='lat' dir='ltr'><strong>Imnine,</strong></span> <span class='ocrx_word' id='word_1_515' title='bbox 2741 1217 2804 1270; x_wconf 90' lang='lat' dir='ltr'><strong>de</strong></span> <span class='ocrx_word' id='word_1_516' title='bbox 2823 1217 3041 1284; x_wconf 91' lang='lat' dir='ltr'><strong>panibus</strong></span> <span class='ocrx_word' id='word_1_517' title='bbox 3059 1217 3422 1284; x_wconf 89' lang='lat' dir='ltr'><strong>propositionis</strong></span> 
     </span>
    </p>
   </div>
   <div class='ocr_carea' id='block_1_72' title="bbox 1883 1303 3422 1373">
    <p class='ocr_par' dir='ltr' id='par_1_72' title="bbox 1883 1303 3422 1373">
     <span class='ocr_line' id='line_1_72' title="bbox 1883 1303 3422 1373; baseline 0.001 -16"><span class='ocrx_word' id='word_1_518' title='bbox 1883 1311 1935 1357; x_wconf 91' lang='lat' dir='ltr'><strong>et</strong></span> <span class='ocrx_word' id='word_1_519' title='bbox 1955 1303 2019 1356; x_wconf 91' lang='lat' dir='ltr'><strong>de</strong></span> <span class='ocrx_word' id='word_1_520' title='bbox 2046 1319 2181 1358; x_wconf 89' lang='lat' dir='ltr'><strong>anno</strong></span> <span class='ocrx_word' id='word_1_521' title='bbox 2210 1307 2548 1359; x_wconf 90' lang='lat' dir='ltr'><strong>remissionis.</strong></span> <span class='ocrx_word' id='word_1_522' title='bbox 2579 1307 2828 1373; x_wconf 90' lang='lat' dir='ltr'><strong>Deinceps</strong></span> <span class='ocrx_word' id='word_1_523' title='bbox 2856 1306 2920 1359; x_wconf 90' lang='lat' dir='ltr'><strong>de</strong></span> <span class='ocrx_word' id='word_1_524' title='bbox 2944 1306 3109 1359; x_wconf 88' lang='lat' dir='ltr'><strong>servis</strong></span> <span class='ocrx_word' id='word_1_525' title='bbox 3132 1305 3324 1358; x_wconf 72' lang='lat' dir='ltr'><strong>Judwis</strong></span> <span class='ocrx_word' id='word_1_526' title='bbox 3367 1314 3422 1359; x_wconf 89' lang='lat' dir='ltr'><strong>et</strong></span> 
     </span>
    </p>
   </div>
   <div class='ocr_carea' id='block_1_73' title="bbox 1883 1392 3419 1462">
    <p class='ocr_par' dir='ltr' id='par_1_73' title="bbox 1883 1392 3419 1462">
     <span class='ocr_line' id='line_1_73' title="bbox 1883 1392 3419 1462; baseline 0.001 -18"><span class='ocrx_word' id='word_1_527' title='bbox 1883 1392 2176 1459; x_wconf 89' lang='lat' dir='ltr'><strong>gentilibus.</strong></span> <span class='ocrx_word' id='word_1_528' title='bbox 2221 1395 2291 1446; x_wconf 91' lang='lat' dir='ltr'><strong>De</strong></span> <span class='ocrx_word' id='word_1_529' title='bbox 2348 1394 2703 1461; x_wconf 88' lang='lat' dir='ltr'><strong>rcpudiatione</strong></span> <span class='ocrx_word' id='word_1_530' title='bbox 2756 1394 3012 1447; x_wconf 89' lang='lat' dir='ltr'><strong>idolorum</strong></span> <span class='ocrx_word' id='word_1_531' title='bbox 3042 1395 3117 1447; x_wconf 92' lang='lat' dir='ltr'><strong>sic</strong></span> <span class='ocrx_word' id='word_1_532' title='bbox 3149 1394 3419 1462; x_wconf 86' lang='lat' dir='ltr'><strong>loquitur:</strong></span> 
     </span>
    </p>
   </div>
   <div class='ocr_carea' id='block_1_74' title="bbox 1890 1483 3424 1550">
    <p class='ocr_par' dir='ltr' id='par_1_74' title="bbox 1890 1483 3424 1550">
     <span class='ocr_line' id='line_1_74' title="bbox 1890 1483 3424 1550; baseline 0.001 -17"><span class='ocrx_word' id='word_1_533' title='bbox 1890 1500 1909 1533; x_wconf 75' lang='grc' dir='ltr'>ι</span> <span class='ocrx_word' id='word_1_534' title='bbox 1931 1483 2039 1549; x_wconf 86' lang='lat' dir='ltr'><strong>Ego</strong></span> <span class='ocrx_word' id='word_1_535' title='bbox 2067 1483 2203 1536; x_wconf 91' lang='lat' dir='ltr'><strong>enim</strong></span> <span class='ocrx_word' id='word_1_536' title='bbox 2220 1497 2332 1536; x_wconf 91' lang='lat' dir='ltr'><strong>sum</strong></span> <span class='ocrx_word' id='word_1_537' title='bbox 2356 1485 2490 1536; x_wconf 90' lang='lat' dir='ltr'><strong>Deus</strong></span> <span class='ocrx_word' id='word_1_538' title='bbox 2509 1494 2697 1546; x_wconf 79' lang='lat' dir='ltr'><strong>vester;</strong></span> <span class='ocrx_word' id='word_1_539' title='bbox 2712 1498 2811 1536; x_wconf 92' lang='lat' dir='ltr'><strong>non</strong></span> <span class='ocrx_word' id='word_1_540' title='bbox 2835 1483 3030 1538; x_wconf 87' lang='lat' dir='ltr'><strong>facietis</strong></span> <span class='ocrx_word' id='word_1_541' title='bbox 3045 1483 3190 1536; x_wconf 89' lang='lat' dir='ltr'><strong>vobis</strong></span> <span class='ocrx_word' id='word_1_542' title='bbox 3205 1483 3330 1550; x_wconf 91' lang='lat' dir='ltr'><strong>ipsis</strong></span> <span class='ocrx_word' id='word_1_543' title='bbox 3354 1484 3424 1536; x_wconf 87' lang='lat' dir='ltr'><strong>si-</strong></span> 
     </span>
    </p>
   </div>
   <div class='ocr_carea' id='block_1_75' title="bbox 1884 1571 3419 1641">
    <p class='ocr_par' dir='ltr' id='par_1_75' title="bbox 1884 1571 3419 1641">
     <span class='ocr_line' id='line_1_75' title="bbox 1884 1571 3419 1641; baseline 0.002 -18"><span class='ocrx_word' id='word_1_544' title='bbox 1884 1571 2132 1637; x_wconf 90' lang='lat' dir='ltr'><strong>mulacra,</strong></span> <span class='ocrx_word' id='word_1_545' title='bbox 2157 1587 2254 1626; x_wconf 86' lang='lat' dir='ltr'><strong>nec</strong></span> <span class='ocrx_word' id='word_1_546' title='bbox 2295 1582 2517 1626; x_wconf 88' lang='lat' dir='ltr'><strong>statuam</strong></span> <span class='ocrx_word' id='word_1_547' title='bbox 2543 1574 2750 1641; x_wconf 88' lang='lat' dir='ltr'><strong>erigetis</strong></span> <span class='ocrx_word' id='word_1_548' title='bbox 2773 1573 2939 1635; x_wconf 89' lang='lat' dir='ltr'><strong>vobis,</strong></span> <span class='ocrx_word' id='word_1_549' title='bbox 2983 1587 3152 1640; x_wconf 91' lang='lat' dir='ltr'><strong>neque</strong></span> <span class='ocrx_word' id='word_1_550' title='bbox 3197 1573 3419 1640; x_wconf 90' lang='lat' dir='ltr'><strong>lapidem</strong></span> 
     </span>
    </p>
   </div>
   <div class='ocr_carea' id='block_1_76' title="bbox 1885 1661 3420 1729">
    <p class='ocr_par' dir='ltr' id='par_1_76' title="bbox 1885 1661 3420 1729">
     <span class='ocr_line' id='line_1_76' title="bbox 1885 1661 3420 1729; baseline 0.001 -17"><span class='ocrx_word' id='word_1_551' title='bbox 1885 1661 1934 1712; x_wconf 93' lang='lat' dir='ltr'><strong>in</strong></span> <span class='ocrx_word' id='word_1_552' title='bbox 1965 1676 2174 1728; x_wconf 86' lang='lat' dir='ltr'><strong>scopum</strong></span> <span class='ocrx_word' id='word_1_553' title='bbox 2206 1663 2409 1728; x_wconf 89' lang='lat' dir='ltr'><strong>ponetis</strong></span> <span class='ocrx_word' id='word_1_554' title='bbox 2452 1663 2500 1714; x_wconf 93' lang='lat' dir='ltr'><strong>in</strong></span> <span class='ocrx_word' id='word_1_555' title='bbox 2530 1672 2663 1715; x_wconf 88' lang='lat' dir='ltr'><strong>terra</strong></span> <span class='ocrx_word' id='word_1_556' title='bbox 2695 1672 2749 1716; x_wconf 90' lang='lat' dir='ltr'><strong>ut</strong></span> <span class='ocrx_word' id='word_1_557' title='bbox 2791 1662 3018 1716; x_wconf 90' lang='lat' dir='ltr'><strong>adoretis</strong></span> <span class='ocrx_word' id='word_1_558' title='bbox 3046 1662 3189 1715; x_wconf 90' lang='lat' dir='ltr'><strong>illum</strong></span> <span class='ocrx_word' id='word_1_559' title='bbox 3212 1661 3420 1729; x_wconf 76' lang='grc' dir='ltr'><strong>»(ιευίι.</strong></span> 
     </span>
    </p>
   </div>
   <div class='ocr_carea' id='block_1_77' title="bbox 1882 1748 3421 1819">
    <p class='ocr_par' dir='ltr' id='par_1_77' title="bbox 1882 1748 3421 1819">
     <span class='ocr_line' id='line_1_77' title="bbox 1882 1748 3421 1819; baseline 0.003 -19"><span class='ocrx_word' id='word_1_560' title='bbox 1882 1748 1967 1801; x_wconf 77' lang='lat'><strong>26.</strong></span> <span class='ocrx_word' id='word_1_561' title='bbox 1999 1749 2044 1802; x_wconf 84' lang='lat' dir='ltr'><strong>l.</strong></span> <span class='ocrx_word' id='word_1_562' title='bbox 2066 1749 2104 1818; x_wconf 93' lang='lat'><strong>).</strong></span> <span class='ocrx_word' id='word_1_563' title='bbox 2133 1749 2208 1802; x_wconf 84' lang='lat' dir='ltr'><strong>Ad</strong></span> <span class='ocrx_word' id='word_1_564' title='bbox 2239 1749 2348 1803; x_wconf 67' lang='lat' dir='ltr'><strong>haec</strong></span> <span class='ocrx_word' id='word_1_565' title='bbox 2394 1752 2559 1804; x_wconf 86' lang='lat' dir='ltr'><strong>minas</strong></span> <span class='ocrx_word' id='word_1_566' title='bbox 2598 1751 2745 1804; x_wconf 84' lang='lat' dir='ltr'><strong>ell&#39;ert</strong></span> <span class='ocrx_word' id='word_1_567' title='bbox 2795 1753 2844 1803; x_wconf 93' lang='lat' dir='ltr'><strong>in</strong></span> <span class='ocrx_word' id='word_1_568' title='bbox 2876 1751 3296 1819; x_wconf 70' lang='lat' dir='ltr'><strong>praevaricatores</strong></span> <span class='ocrx_word' id='word_1_569' title='bbox 3343 1750 3421 1804; x_wconf 84' lang='lat' dir='ltr'><strong>his</strong></span> 
     </span>
    </p>
   </div>
   <div class='ocr_carea' id='block_1_78' title="bbox 1882 1836 3421 1908">
    <p class='ocr_par' dir='ltr' id='par_1_78' title="bbox 1882 1836 3421 1908">
     <span class='ocr_line' id='line_1_78' title="bbox 1882 1836 3421 1908; baseline 0.004 -20"><span class='ocrx_word' id='word_1_570' title='bbox 1882 1836 2085 1890; x_wconf 81' lang='lat' dir='ltr'><strong>verbis:</strong></span> <span class='ocrx_word' id='word_1_571' title='bbox 2120 1855 2138 1886; x_wconf 71' lang='grc' dir='ltr'><em>α</em></span> <span class='ocrx_word' id='word_1_572' title='bbox 2175 1836 2282 1904; x_wconf 81' lang='lat' dir='ltr'><strong>Ego</strong></span> <span class='ocrx_word' id='word_1_573' title='bbox 2323 1838 2568 1892; x_wconf 89' lang='lat' dir='ltr'><strong>Dominus</strong></span> <span class='ocrx_word' id='word_1_574' title='bbox 2592 1837 2725 1891; x_wconf 88' lang='lat' dir='ltr'><strong>Deus</strong></span> <span class='ocrx_word' id='word_1_575' title='bbox 2750 1848 2939 1904; x_wconf 89' lang='lat' dir='ltr'><strong>vester,</strong></span> <span class='ocrx_word' id='word_1_576' title='bbox 2971 1839 3058 1908; x_wconf 93' lang='lat' dir='ltr'><strong>qui</strong></span> <span class='ocrx_word' id='word_1_577' title='bbox 3105 1839 3256 1892; x_wconf 76' lang='lat' dir='ltr'><strong>eduxi</strong></span> <span class='ocrx_word' id='word_1_578' title='bbox 3330 1853 3421 1894; x_wconf 86' lang='lat' dir='ltr'><strong>vos</strong></span> 
     </span>
    </p>
   </div>
   <div class='ocr_carea' id='block_1_79' title="bbox 1882 1925 3420 1995">
    <p class='ocr_par' dir='ltr' id='par_1_79' title="bbox 1882 1925 3420 1995">
     <span class='ocr_line' id='line_1_79' title="bbox 1882 1925 3420 1995; baseline 0.001 -17"><span class='ocrx_word' id='word_1_579' title='bbox 1882 1925 1947 1979; x_wconf 91' lang='lat' dir='ltr'><strong>de</strong></span> <span class='ocrx_word' id='word_1_580' title='bbox 1975 1936 2108 1978; x_wconf 88' lang='lat' dir='ltr'><strong>terra</strong></span> <span class='ocrx_word' id='word_1_581' title='bbox 2135 1925 2345 1995; x_wconf 65' lang='lat' dir='ltr'><strong>Egypti</strong></span> <span class='ocrx_word' id='word_1_582' title='bbox 2369 1941 2484 1980; x_wconf 88' lang='lat' dir='ltr'><strong>cum</strong></span> <span class='ocrx_word' id='word_1_583' title='bbox 2514 1928 2699 1981; x_wconf 87' lang='lat' dir='ltr'><strong>essetis</strong></span> <span class='ocrx_word' id='word_1_584' title='bbox 2727 1929 2881 1988; x_wconf 88' lang='lat' dir='ltr'><strong>servi,</strong></span> <span class='ocrx_word' id='word_1_585' title='bbox 2913 1936 2968 1981; x_wconf 90' lang='lat' dir='ltr'><strong>et</strong></span> <span class='ocrx_word' id='word_1_586' title='bbox 2995 1929 3215 1981; x_wconf 89' lang='lat' dir='ltr'><strong>contrivi</strong></span> <span class='ocrx_word' id='word_1_587' title='bbox 3239 1928 3420 1982; x_wconf 79' lang='lat' dir='ltr'><strong>vincu-</strong></span> 
     </span>
    </p>
   </div>
   <div class='ocr_carea' id='block_1_80' title="bbox 1882 2013 3419 2080">
    <p class='ocr_par' dir='ltr' id='par_1_80' title="bbox 1882 2013 3419 2080">
     <span class='ocr_line' id='line_1_80' title="bbox 1882 2013 3419 2080; baseline 0.003 -15"><span class='ocrx_word' id='word_1_588' title='bbox 1882 2013 1985 2065; x_wconf 93' lang='lat' dir='ltr'><strong>lum</strong></span> <span class='ocrx_word' id='word_1_589' title='bbox 2027 2013 2134 2080; x_wconf 88' lang='lat' dir='ltr'><strong>jugi</strong></span> <span class='ocrx_word' id='word_1_590' title='bbox 2164 2015 2343 2078; x_wconf 88' lang='lat' dir='ltr'><strong>vestri,</strong></span> <span class='ocrx_word' id='word_1_591' title='bbox 2383 2029 2443 2067; x_wconf 89' lang='lat' dir='ltr'><strong>ac</strong></span> <span class='ocrx_word' id='word_1_592' title='bbox 2470 2014 2591 2067; x_wconf 85' lang='lat' dir='ltr'><strong>duxi</strong></span> <span class='ocrx_word' id='word_1_593' title='bbox 2622 2030 2712 2068; x_wconf 86' lang='lat' dir='ltr'><strong>vos</strong></span> <span class='ocrx_word' id='word_1_594' title='bbox 2735 2030 2851 2068; x_wconf 92' lang='lat' dir='ltr'><strong>cum</strong></span> <span class='ocrx_word' id='word_1_595' title='bbox 2894 2015 3100 2069; x_wconf 83' lang='lat' dir='ltr'><strong>ﬁducia.</strong></span> <span class='ocrx_word' id='word_1_596' title='bbox 3145 2015 3199 2069; x_wconf 89' lang='lat' dir='ltr'><strong>Si</strong></span> <span class='ocrx_word' id='word_1_597' title='bbox 3246 2025 3419 2069; x_wconf 83' lang='lat' dir='ltr'><strong>autem</strong></span> 
     </span>
    </p>
   </div>
   <div class='ocr_carea' id='block_1_81' title="bbox 1882 2101 3414 2171">
    <p class='ocr_par' dir='ltr' id='par_1_81' title="bbox 1882 2101 3414 2171">
     <span class='ocr_line' id='line_1_81' title="bbox 1882 2101 3414 2171; baseline 0.002 -19"><span class='ocrx_word' id='word_1_598' title='bbox 1882 2115 1982 2152; x_wconf 91' lang='lat' dir='ltr'><strong>non</strong></span> <span class='ocrx_word' id='word_1_599' title='bbox 2006 2101 2269 2154; x_wconf 90' lang='lat' dir='ltr'><strong>audieritis</strong></span> <span class='ocrx_word' id='word_1_600' title='bbox 2294 2117 2396 2164; x_wconf 88' lang='lat' dir='ltr'><strong>me,</strong></span> <span class='ocrx_word' id='word_1_601' title='bbox 2423 2117 2590 2170; x_wconf 90' lang='lat' dir='ltr'><strong>neque</strong></span> <span class='ocrx_word' id='word_1_602' title='bbox 2610 2101 2834 2155; x_wconf 85' lang='lat' dir='ltr'><strong>feceritis</strong></span> <span class='ocrx_word' id='word_1_603' title='bbox 2865 2113 3118 2171; x_wconf 73' lang='lat' dir='ltr'><strong>prmcepta</strong></span> <span class='ocrx_word' id='word_1_604' title='bbox 3141 2117 3255 2157; x_wconf 92' lang='lat' dir='ltr'><strong>mea</strong></span> <span class='ocrx_word' id='word_1_605' title='bbox 3282 2102 3414 2167; x_wconf 71' lang='lat' dir='ltr'><strong>haec,</strong></span> 
     </span>
    </p>
   </div>
   <div class='ocr_carea' id='block_1_82' title="bbox 1881 2187 3419 2257">
    <p class='ocr_par' dir='ltr' id='par_1_82' title="bbox 1881 2187 3419 2257">
     <span class='ocr_line' id='line_1_82' title="bbox 1881 2187 3419 2257; baseline 0.002 -15"><span class='ocrx_word' id='word_1_606' title='bbox 1881 2187 1972 2242; x_wconf 89' lang='lat' dir='ltr'><strong>sed</strong></span> <span class='ocrx_word' id='word_1_607' title='bbox 1999 2189 2123 2256; x_wconf 90' lang='lat' dir='ltr'><strong>ipsis</strong></span> <span class='ocrx_word' id='word_1_608' title='bbox 2143 2191 2570 2257; x_wconf 84' lang='lat' dir='ltr'><strong>repugnaveritis,</strong></span> <span class='ocrx_word' id='word_1_609' title='bbox 2597 2200 2651 2244; x_wconf 89' lang='lat' dir='ltr'><strong>et</strong></span> <span class='ocrx_word' id='word_1_610' title='bbox 2671 2191 2712 2243; x_wconf 90' lang='lat' dir='ltr'><strong>si</strong></span> <span class='ocrx_word' id='word_1_611' title='bbox 2732 2190 2938 2257; x_wconf 91' lang='lat' dir='ltr'><strong>judiciis</strong></span> <span class='ocrx_word' id='word_1_612' title='bbox 2967 2191 3097 2245; x_wconf 90' lang='lat' dir='ltr'><strong>meis</strong></span> <span class='ocrx_word' id='word_1_613' title='bbox 3117 2190 3419 2246; x_wconf 84' lang='lat' dir='ltr'><strong>adversetur</strong></span> 
     </span>
    </p>
   </div>
   <div class='ocr_carea' id='block_1_83' title="bbox 1879 2276 3416 2346">
    <p class='ocr_par' dir='ltr' id='par_1_83' title="bbox 1879 2276 3416 2346">
     <span class='ocr_line' id='line_1_83' title="bbox 1879 2276 3416 2346; baseline 0.003 -18"><span class='ocrx_word' id='word_1_614' title='bbox 1879 2276 2048 2328; x_wconf 90' lang='lat' dir='ltr'><strong>anima</strong></span> <span class='ocrx_word' id='word_1_615' title='bbox 2070 2287 2256 2341; x_wconf 87' lang='lat' dir='ltr'><strong>vestra,</strong></span> <span class='ocrx_word' id='word_1_616' title='bbox 2284 2279 2350 2331; x_wconf 88' lang='lat' dir='ltr'><strong>ita</strong></span> <span class='ocrx_word' id='word_1_617' title='bbox 2377 2289 2432 2331; x_wconf 94' lang='lat' dir='ltr'><strong>ut</strong></span> <span class='ocrx_word' id='word_1_618' title='bbox 2458 2293 2557 2331; x_wconf 91' lang='lat' dir='ltr'><strong>non</strong></span> <span class='ocrx_word' id='word_1_619' title='bbox 2584 2278 2783 2332; x_wconf 89' lang='lat' dir='ltr'><strong>faciatis</strong></span> <span class='ocrx_word' id='word_1_620' title='bbox 2807 2280 2982 2331; x_wconf 89' lang='lat' dir='ltr'><strong>omnia</strong></span> <span class='ocrx_word' id='word_1_621' title='bbox 3003 2287 3259 2346; x_wconf 73' lang='lat' dir='ltr'><strong>prtecepta</strong></span> <span class='ocrx_word' id='word_1_622' title='bbox 3281 2293 3416 2343; x_wconf 89' lang='lat' dir='ltr'><strong>mea,</strong></span> 
     </span>
    </p>
   </div>
   <div class='ocr_carea' id='block_1_84' title="bbox 1880 2367 3420 2435">
    <p class='ocr_par' dir='ltr' id='par_1_84' title="bbox 1880 2367 3420 2435">
     <span class='ocr_line' id='line_1_84' title="bbox 1880 2367 3420 2435; baseline 0.003 -16"><span class='ocrx_word' id='word_1_623' title='bbox 1880 2375 1935 2419; x_wconf 94' lang='lat' dir='ltr'><strong>ut</strong></span> <span class='ocrx_word' id='word_1_624' title='bbox 1961 2367 2223 2435; x_wconf 90' lang='lat' dir='ltr'><strong>dissipctis</strong></span> <span class='ocrx_word' id='word_1_625' title='bbox 2254 2377 2617 2422; x_wconf 89' lang='lat' dir='ltr'><strong>testamentum</strong></span> <span class='ocrx_word' id='word_1_626' title='bbox 2643 2384 2818 2422; x_wconf 91' lang='lat' dir='ltr'><strong>meum</strong></span> <span class='ocrx_word' id='word_1_627' title='bbox 2843 2385 2857 2433; x_wconf 90' lang='lat'><strong>;</strong></span> <span class='ocrx_word' id='word_1_628' title='bbox 2886 2369 3121 2422; x_wconf 88' lang='lat' dir='ltr'><strong>inducam</strong></span> <span class='ocrx_word' id='word_1_629' title='bbox 3142 2369 3192 2423; x_wconf 91' lang='lat' dir='ltr'><strong>in</strong></span> <span class='ocrx_word' id='word_1_630' title='bbox 3213 2384 3306 2424; x_wconf 90' lang='lat' dir='ltr'><strong>vos</strong></span> <span class='ocrx_word' id='word_1_631' title='bbox 3324 2385 3420 2423; x_wconf 90' lang='lat' dir='ltr'><strong>an-</strong></span> 
     </span>
    </p>
   </div>
   <div class='ocr_carea' id='block_1_85' title="bbox 1878 2457 3418 2524">
    <p class='ocr_par' dir='ltr' id='par_1_85' title="bbox 1878 2457 3418 2524">
     <span class='ocr_line' id='line_1_85' title="bbox 1878 2457 3418 2524; baseline 0.005 -17"><span class='ocrx_word' id='word_1_632' title='bbox 1878 2457 2121 2524; x_wconf 88' lang='lat' dir='ltr'><strong>gustiam,</strong></span> <span class='ocrx_word' id='word_1_633' title='bbox 2149 2458 2394 2521; x_wconf 90' lang='lat' dir='ltr'><strong>scabiem,</strong></span> <span class='ocrx_word' id='word_1_634' title='bbox 2423 2467 2473 2511; x_wconf 91' lang='lat' dir='ltr'><strong>et</strong></span> <span class='ocrx_word' id='word_1_635' title='bbox 2512 2458 2752 2511; x_wconf 87' lang='lat' dir='ltr'><strong>ardorem</strong></span> <span class='ocrx_word' id='word_1_636' title='bbox 2798 2471 3188 2513; x_wconf 91' lang='lat' dir='ltr'><strong>consumentem</strong></span> <span class='ocrx_word' id='word_1_637' title='bbox 3233 2460 3418 2514; x_wconf 87' lang='lat' dir='ltr'><strong>oculos</strong></span> 
     </span>
    </p>
   </div>
   <div class='ocr_carea' id='block_1_86' title="bbox 1879 2546 3415 2610">
    <p class='ocr_par' dir='ltr' id='par_1_86' title="bbox 1879 2546 3415 2610">
     <span class='ocr_line' id='line_1_86' title="bbox 1879 2546 3415 2610; baseline 0.001 -13"><span class='ocrx_word' id='word_1_638' title='bbox 1879 2555 2074 2598; x_wconf 87' lang='lat' dir='ltr'><strong>vestros</strong></span> <span class='ocrx_word' id='word_1_639' title='bbox 2100 2563 2111 2597; x_wconf 91' lang='lat'><strong>:</strong></span> <span class='ocrx_word' id='word_1_640' title='bbox 2135 2555 2187 2599; x_wconf 93' lang='lat' dir='ltr'><strong>et</strong></span> <span class='ocrx_word' id='word_1_641' title='bbox 2238 2547 2556 2599; x_wconf 85' lang='lat' dir='ltr'><strong>seminabitis</strong></span> <span class='ocrx_word' id='word_1_642' title='bbox 2599 2546 2787 2599; x_wconf 83' lang='lat' dir='ltr'><strong>frustra</strong></span> <span class='ocrx_word' id='word_1_643' title='bbox 2826 2557 3113 2600; x_wconf 89' lang='lat' dir='ltr'><strong>sementem</strong></span> <span class='ocrx_word' id='word_1_644' title='bbox 3151 2556 3374 2599; x_wconf 88' lang='lat' dir='ltr'><strong>vestram</strong></span> <span class='ocrx_word' id='word_1_645' title='bbox 3400 2588 3415 2610; x_wconf 98' lang='lat'><strong>,</strong></span> 
     </span>
    </p>
   </div>
   <div class='ocr_carea' id='block_1_87' title="bbox 1875 2632 3415 2706">
    <p class='ocr_par' dir='ltr' id='par_1_87' title="bbox 1875 2632 3415 2706">
     <span class='ocr_line' id='line_1_87' title="bbox 1875 2632 3415 2706; baseline 0.003 -20"><span class='ocrx_word' id='word_1_646' title='bbox 1875 2645 1927 2686; x_wconf 90' lang='lat' dir='ltr'><strong>et</strong></span> <span class='ocrx_word' id='word_1_647' title='bbox 1958 2632 2095 2686; x_wconf 84' lang='lat' dir='ltr'><strong>hanc</strong></span> <span class='ocrx_word' id='word_1_648' title='bbox 2134 2636 2408 2688; x_wconf 84' lang='lat' dir='ltr'><strong>comedent</strong></span> <span class='ocrx_word' id='word_1_649' title='bbox 2450 2637 2627 2689; x_wconf 87' lang='lat' dir='ltr'><strong>hostes</strong></span> <span class='ocrx_word' id='word_1_650' title='bbox 2679 2637 2836 2688; x_wconf 89' lang='lat' dir='ltr'><strong>vestri</strong></span> <span class='ocrx_word' id='word_1_651' title='bbox 2871 2653 2888 2686; x_wconf 68' lang='grc' dir='ltr'><strong>ι</strong></span> <span class='ocrx_word' id='word_1_652' title='bbox 2921 2636 2939 2703; x_wconf 96' lang='grc'><strong>(</strong></span> <span class='ocrx_word' id='word_1_653' title='bbox 2965 2635 3094 2688; x_wconf 82' lang='lat' dir='ltr'><strong>Ibid.</strong></span> <span class='ocrx_word' id='word_1_654' title='bbox 3121 2652 3166 2689; x_wconf 84' lang='grc' dir='ltr'><strong>υ.</strong></span> <span class='ocrx_word' id='word_1_655' title='bbox 3197 2637 3415 2706; x_wconf 64' lang='grc'><strong>1546).</strong></span> 
     </span>
    </p>
   </div>
   <div class='ocr_carea' id='block_1_88' title="bbox 1876 2720 3415 2793">
    <p class='ocr_par' dir='ltr' id='par_1_88' title="bbox 1876 2720 3415 2793">
     <span class='ocr_line' id='line_1_88' title="bbox 1876 2720 3415 2793; baseline 0.005 -22"><span class='ocrx_word' id='word_1_656' title='bbox 1876 2720 1974 2773; x_wconf 82' lang='lat' dir='ltr'><strong>Ista</strong></span> <span class='ocrx_word' id='word_1_657' title='bbox 2001 2723 2229 2774; x_wconf 89' lang='lat' dir='ltr'><strong>continet</strong></span> <span class='ocrx_word' id='word_1_658' title='bbox 2256 2723 2340 2774; x_wconf 92' lang='lat' dir='ltr'><strong>hic</strong></span> <span class='ocrx_word' id='word_1_659' title='bbox 2364 2723 2520 2784; x_wconf 90' lang='lat' dir='ltr'><strong>liber,</strong></span> <span class='ocrx_word' id='word_1_660' title='bbox 2547 2736 2668 2774; x_wconf 89' lang='lat' dir='ltr'><strong>cum</strong></span> <span class='ocrx_word' id='word_1_661' title='bbox 2691 2722 2806 2776; x_wconf 92' lang='lat' dir='ltr'><strong>aliis</strong></span> <span class='ocrx_word' id='word_1_662' title='bbox 2830 2723 3089 2777; x_wconf 84' lang='lat' dir='ltr'><strong>mandatis</strong></span> <span class='ocrx_word' id='word_1_663' title='bbox 3117 2733 3171 2778; x_wconf 89' lang='lat' dir='ltr'><strong>et</strong></span> <span class='ocrx_word' id='word_1_664' title='bbox 3217 2740 3415 2793; x_wconf 64' lang='lat' dir='ltr'><strong>praice-</strong></span> 
     </span>
    </p>
   </div>
   <div class='ocr_carea' id='block_1_89' title="bbox 1876 2809 2630 2878">
    <p class='ocr_par' dir='ltr' id='par_1_89' title="bbox 1876 2809 2630 2878">
     <span class='ocr_line' id='line_1_89' title="bbox 1876 2809 2630 2878; baseline 0.003 -16"><span class='ocrx_word' id='word_1_665' title='bbox 1876 2811 1992 2877; x_wconf 91' lang='lat' dir='ltr'><strong>ptis,</strong></span> <span class='ocrx_word' id='word_1_666' title='bbox 2015 2810 2066 2863; x_wconf 88' lang='lat' dir='ltr'><strong>in</strong></span> <span class='ocrx_word' id='word_1_667' title='bbox 2096 2809 2281 2878; x_wconf 85' lang='lat' dir='ltr'><strong>hisque</strong></span> <span class='ocrx_word' id='word_1_668' title='bbox 2305 2811 2630 2864; x_wconf 87' lang='lat' dir='ltr'><strong>terminatur.</strong></span> 
     </span>
    </p>
   </div>
   <div class='ocr_carea' id='block_1_90' title="bbox 2295 2923 2992 2995">
    <p class='ocr_par' dir='ltr' id='par_1_90' title="bbox 2295 2923 2992 2995">
     <span class='ocr_line' id='line_1_90' title="bbox 2295 2923 2992 2995; baseline 0.001 -20"><span class='ocrx_word' id='word_1_669' title='bbox 2295 2937 2528 2976; x_wconf 70' lang='lat' dir='ltr'><strong>svsorsrs</strong></span> <span class='ocrx_word' id='word_1_670' title='bbox 2553 2936 2867 2977; x_wconf 72' lang='lat' dir='ltr'><strong>NUMEROBUI</strong></span> <span class='ocrx_word' id='word_1_671' title='bbox 2894 2923 2992 2995; x_wconf 89' lang='lat' dir='ltr'><strong>(a).</strong></span> 
     </span>
    </p>
   </div>
   <div class='ocr_carea' id='block_1_91' title="bbox 1941 3031 3412 3102">
    <p class='ocr_par' dir='ltr' id='par_1_91' title="bbox 1941 3031 3412 3102">
     <span class='ocr_line' id='line_1_91' title="bbox 1941 3031 3412 3102; baseline 0.003 -18"><span class='ocrx_word' id='word_1_672' title='bbox 1941 3031 2156 3085; x_wconf 87' lang='lat' dir='ltr'><strong>.Iubetur</strong></span> <span class='ocrx_word' id='word_1_673' title='bbox 2172 3031 2374 3100; x_wconf 80' lang='lat' dir='ltr'><strong>Moyses</strong></span> <span class='ocrx_word' id='word_1_674' title='bbox 2397 3048 2668 3086; x_wconf 90' lang='lat' dir='ltr'><strong>numerare</strong></span> <span class='ocrx_word' id='word_1_675' title='bbox 2690 3033 2936 3102; x_wconf 89' lang='lat' dir='ltr'><strong>populum</strong></span> <span class='ocrx_word' id='word_1_676' title='bbox 2957 3048 2986 3086; x_wconf 92' lang='lat' dir='ltr'><strong>a</strong></span> <span class='ocrx_word' id='word_1_677' title='bbox 3009 3033 3256 3102; x_wconf 87' lang='lat' dir='ltr'><strong>vigesimo</strong></span> <span class='ocrx_word' id='word_1_678' title='bbox 3276 3051 3412 3089; x_wconf 90' lang='lat' dir='ltr'><strong>anno</strong></span> 
     </span>
    </p>
   </div>
   <div class='ocr_carea' id='block_1_92' title="bbox 1871 3126 3412 3192">
    <p class='ocr_par' dir='ltr' id='par_1_92' title="bbox 1871 3126 3412 3192">
     <span class='ocr_line' id='line_1_92' title="bbox 1871 3126 3412 3192; baseline 0.003 -16"><span class='ocrx_word' id='word_1_679' title='bbox 1871 3132 1924 3176; x_wconf 88' lang='lat' dir='ltr'><strong>et</strong></span> <span class='ocrx_word' id='word_1_680' title='bbox 1944 3137 2095 3190; x_wconf 85' lang='lat' dir='ltr'><strong>supra</strong></span> <span class='ocrx_word' id='word_1_681' title='bbox 2121 3163 2133 3185; x_wconf 91' lang='lat'><strong>,</strong></span> <span class='ocrx_word' id='word_1_682' title='bbox 2163 3133 2411 3192; x_wconf 85' lang='lat' dir='ltr'><strong>erantque</strong></span> <span class='ocrx_word' id='word_1_683' title='bbox 2439 3135 2682 3178; x_wconf 75' lang='lat' dir='ltr'><strong>sexcenta</strong></span> <span class='ocrx_word' id='word_1_684' title='bbox 2710 3126 2803 3177; x_wconf 92' lang='lat' dir='ltr'><strong>tria</strong></span> <span class='ocrx_word' id='word_1_685' title='bbox 2839 3127 2997 3179; x_wconf 91' lang='lat' dir='ltr'><strong>millia</strong></span> <span class='ocrx_word' id='word_1_686' title='bbox 3031 3126 3294 3179; x_wconf 89' lang='lat' dir='ltr'><strong>hominum</strong></span> <span class='ocrx_word' id='word_1_687' title='bbox 3319 3170 3331 3190; x_wconf 93' lang='lat'><strong>,</strong></span> <span class='ocrx_word' id='word_1_688' title='bbox 3361 3138 3412 3182; x_wconf 82' lang='lat' dir='ltr'><strong>ct</strong></span> 
     </span>
    </p>
   </div>
   <div class='ocr_carea' id='block_1_93' title="bbox 1869 3214 3410 3287">
    <p class='ocr_par' dir='ltr' id='par_1_93' title="bbox 1869 3214 3410 3287">
     <span class='ocr_line' id='line_1_93' title="bbox 1869 3214 3410 3287; baseline 0.005 -22"><span class='ocrx_word' id='word_1_689' title='bbox 1869 3214 2101 3266; x_wconf 82' lang='lat' dir='ltr'><strong>sexcenti</strong></span> <span class='ocrx_word' id='word_1_690' title='bbox 2143 3215 2512 3282; x_wconf 83' lang='lat' dir='ltr'><strong>quinquaginta</strong></span> <span class='ocrx_word' id='word_1_691' title='bbox 2540 3255 2553 3278; x_wconf 94' lang='lat'><strong>,</strong></span> <span class='ocrx_word' id='word_1_692' title='bbox 2598 3225 2783 3282; x_wconf 64' lang='lat' dir='ltr'><strong>pra&#39;ter</strong></span> <span class='ocrx_word' id='word_1_693' title='bbox 2830 3215 3056 3269; x_wconf 90' lang='lat' dir='ltr'><strong>Levitas.</strong></span> <span class='ocrx_word' id='word_1_694' title='bbox 3101 3219 3410 3287; x_wconf 87' lang='lat' dir='ltr'><strong>Genealogia</strong></span> 
     </span>
    </p>
   </div>
   <div class='ocr_carea' id='block_1_94' title="bbox 1870 3301 3410 3371">
    <p class='ocr_par' dir='ltr' id='par_1_94' title="bbox 1870 3301 3410 3371">
     <span class='ocr_line' id='line_1_94' title="bbox 1870 3301 3410 3371; baseline 0.005 -18"><span class='ocrx_word' id='word_1_695' title='bbox 1870 3301 2194 3365; x_wconf 90' lang='lat' dir='ltr'><strong>Levitarum,</strong></span> <span class='ocrx_word' id='word_1_696' title='bbox 2235 3303 2321 3369; x_wconf 92' lang='lat' dir='ltr'><strong>qui</strong></span> <span class='ocrx_word' id='word_1_697' title='bbox 2363 3313 2741 3364; x_wconf 88' lang='lat' dir='ltr'><strong>numerantur,</strong></span> <span class='ocrx_word' id='word_1_698' title='bbox 2790 3312 3038 3371; x_wconf 83' lang='lat' dir='ltr'><strong>erantque</strong></span> <span class='ocrx_word' id='word_1_699' title='bbox 3081 3305 3260 3371; x_wconf 89' lang='lat' dir='ltr'><strong>viginti</strong></span> <span class='ocrx_word' id='word_1_700' title='bbox 3307 3305 3410 3360; x_wconf 88' lang='lat' dir='ltr'><strong>duo</strong></span> 
     </span>
    </p>
   </div>
   <div class='ocr_carea' id='block_1_95' title="bbox 1869 3389 3409 3460">
    <p class='ocr_par' dir='ltr' id='par_1_95' title="bbox 1869 3389 3409 3460">
     <span class='ocr_line' id='line_1_95' title="bbox 1869 3389 3409 3460; baseline 0.007 -19"><span class='ocrx_word' id='word_1_701' title='bbox 1869 3389 2010 3443; x_wconf 90' lang='lat' dir='ltr'><strong>mille</strong></span> <span class='ocrx_word' id='word_1_702' title='bbox 2038 3390 2251 3443; x_wconf 90' lang='lat' dir='ltr'><strong>trecenti</strong></span> <span class='ocrx_word' id='word_1_703' title='bbox 2277 3405 2307 3443; x_wconf 88' lang='lat' dir='ltr'><strong>a</strong></span> <span class='ocrx_word' id='word_1_704' title='bbox 2344 3392 2478 3444; x_wconf 92' lang='lat' dir='ltr'><strong>natis</strong></span> <span class='ocrx_word' id='word_1_705' title='bbox 2510 3407 2610 3443; x_wconf 91' lang='lat' dir='ltr'><strong>uno</strong></span> <span class='ocrx_word' id='word_1_706' title='bbox 2637 3407 2815 3446; x_wconf 90' lang='lat' dir='ltr'><strong>mense</strong></span> <span class='ocrx_word' id='word_1_707' title='bbox 2841 3401 2894 3446; x_wconf 91' lang='lat' dir='ltr'><strong>et</strong></span> <span class='ocrx_word' id='word_1_708' title='bbox 2923 3407 3099 3460; x_wconf 88' lang='lat' dir='ltr'><strong>supra.</strong></span> <span class='ocrx_word' id='word_1_709' title='bbox 3127 3394 3256 3458; x_wconf 81' lang='lat' dir='ltr'><strong>Quia</strong></span> <span class='ocrx_word' id='word_1_710' title='bbox 3287 3411 3409 3452; x_wconf 87' lang='lat' dir='ltr'><strong>vero</strong></span> 
     </span>
    </p>
   </div>
   <div class='ocr_carea' id='block_1_96' title="bbox 1869 3479 3406 3548">
    <p class='ocr_par' dir='ltr' id='par_1_96' title="bbox 1869 3479 3406 3548">
     <span class='ocr_line' id='line_1_96' title="bbox 1869 3479 3406 3548; baseline 0.006 -18"><span class='ocrx_word' id='word_1_711' title='bbox 1869 3479 2196 3548; x_wconf 86' lang='lat' dir='ltr'><strong>primogeniti</strong></span> <span class='ocrx_word' id='word_1_712' title='bbox 2243 3479 2446 3534; x_wconf 89' lang='lat' dir='ltr'><strong>Israelis</strong></span> <span class='ocrx_word' id='word_1_713' title='bbox 2484 3493 2635 3535; x_wconf 86' lang='lat' dir='ltr'><strong>erant</strong></span> <span class='ocrx_word' id='word_1_714' title='bbox 2675 3482 2850 3547; x_wconf 88' lang='lat' dir='ltr'><strong>viginti</strong></span> <span class='ocrx_word' id='word_1_715' title='bbox 2892 3481 2996 3536; x_wconf 90' lang='lat' dir='ltr'><strong>duo</strong></span> <span class='ocrx_word' id='word_1_716' title='bbox 3035 3484 3177 3537; x_wconf 89' lang='lat' dir='ltr'><strong>mille</strong></span> <span class='ocrx_word' id='word_1_717' title='bbox 3200 3485 3406 3539; x_wconf 91' lang='lat' dir='ltr'><strong>ducenti</strong></span> 
     </span>
    </p>
   </div>
   <div class='ocr_carea' id='block_1_97' title="bbox 1868 3569 3409 3638">
    <p class='ocr_par' dir='ltr' id='par_1_97' title="bbox 1868 3569 3409 3638">
     <span class='ocr_line' id='line_1_97' title="bbox 1868 3569 3409 3638; baseline 0.006 -19"><span class='ocrx_word' id='word_1_718' title='bbox 1868 3570 2192 3637; x_wconf 85' lang='lat' dir='ltr'><strong>septuaginta</strong></span> <span class='ocrx_word' id='word_1_719' title='bbox 2233 3577 2369 3634; x_wconf 89' lang='lat' dir='ltr'><strong>tres,</strong></span> <span class='ocrx_word' id='word_1_720' title='bbox 2413 3585 2508 3637; x_wconf 89' lang='lat' dir='ltr'><strong>pro</strong></span> <span class='ocrx_word' id='word_1_721' title='bbox 2549 3569 2611 3624; x_wconf 91' lang='lat' dir='ltr'><strong>iis</strong></span> <span class='ocrx_word' id='word_1_722' title='bbox 2649 3571 2733 3638; x_wconf 92' lang='lat' dir='ltr'><strong>qui</strong></span> <span class='ocrx_word' id='word_1_723' title='bbox 2775 3585 3046 3624; x_wconf 92' lang='lat' dir='ltr'><strong>numerum</strong></span> <span class='ocrx_word' id='word_1_724' title='bbox 3086 3573 3409 3628; x_wconf 83' lang='lat' dir='ltr'><strong>excedebant</strong></span> 
     </span>
    </p>
   </div>
   <div class='ocr_carea' id='block_1_98' title="bbox 1865 3657 3407 3728">
    <p class='ocr_par' dir='ltr' id='par_1_98' title="bbox 1865 3657 3407 3728">
     <span class='ocr_line' id='line_1_98' title="bbox 1865 3657 3407 3728; baseline 0.005 -18"><span class='ocrx_word' id='word_1_725' title='bbox 1865 3657 2250 3725; x_wconf 84' lang='lat' dir='ltr'><strong>redemptiones</strong></span> <span class='ocrx_word' id='word_1_726' title='bbox 2301 3659 2502 3726; x_wconf 88' lang='lat' dir='ltr'><strong>accepit</strong></span> <span class='ocrx_word' id='word_1_727' title='bbox 2541 3659 2743 3727; x_wconf 86' lang='lat' dir='ltr'><strong>Moyses</strong></span> <span class='ocrx_word' id='word_1_728' title='bbox 2784 3659 3028 3728; x_wconf 90' lang='lat' dir='ltr'><strong>deditque</strong></span> <span class='ocrx_word' id='word_1_729' title='bbox 3053 3661 3265 3717; x_wconf 86' lang='lat' dir='ltr'><strong>Aaroui.</strong></span> <span class='ocrx_word' id='word_1_730' title='bbox 3306 3663 3407 3718; x_wconf 80' lang='lat' dir='ltr'><strong>Re-</strong></span> 
     </span>
    </p>
   </div>
   <div class='ocr_carea' id='block_1_99' title="bbox 1863 3746 3406 3820">
    <p class='ocr_par' dir='ltr' id='par_1_99' title="bbox 1863 3746 3406 3820">
     <span class='ocr_line' id='line_1_99' title="bbox 1863 3746 3406 3820; baseline 0.003 -21"><span class='ocrx_word' id='word_1_731' title='bbox 1863 3746 2189 3814; x_wconf 87' lang='lat' dir='ltr'><strong>demptiones</strong></span> <span class='ocrx_word' id='word_1_732' title='bbox 2209 3757 2379 3800; x_wconf 90' lang='lat' dir='ltr'><strong>autem</strong></span> <span class='ocrx_word' id='word_1_733' title='bbox 2405 3748 2708 3801; x_wconf 89' lang='lat' dir='ltr'><strong>erantmille</strong></span> <span class='ocrx_word' id='word_1_734' title='bbox 2731 3748 2951 3802; x_wconf 85' lang='lat' dir='ltr'><strong>trecenti</strong></span> <span class='ocrx_word' id='word_1_735' title='bbox 2971 3750 3237 3818; x_wconf 79' lang='lat' dir='ltr'><strong>sexaginta</strong></span> <span class='ocrx_word' id='word_1_736' title='bbox 3258 3751 3406 3820; x_wconf 88' lang='lat' dir='ltr'><strong>quin-</strong></span> 
     </span>
    </p>
   </div>
   <div class='ocr_carea' id='block_1_100' title="bbox 1863 3838 3403 3907">
    <p class='ocr_par' dir='ltr' id='par_1_100' title="bbox 1863 3838 3403 3907">
     <span class='ocr_line' id='line_1_100' title="bbox 1863 3838 3403 3907; baseline 0.003 -19"><span class='ocrx_word' id='word_1_737' title='bbox 1863 3852 1962 3904; x_wconf 90' lang='lat' dir='ltr'><strong>que</strong></span> <span class='ocrx_word' id='word_1_738' title='bbox 1998 3838 2107 3890; x_wconf 92' lang='lat' dir='ltr'><strong>sicli</strong></span> <span class='ocrx_word' id='word_1_739' title='bbox 2136 3852 2230 3904; x_wconf 91' lang='lat' dir='ltr'><strong>pro</strong></span> <span class='ocrx_word' id='word_1_740' title='bbox 2254 3839 2501 3906; x_wconf 90' lang='lat' dir='ltr'><strong>quolibet.</strong></span> <span class='ocrx_word' id='word_1_741' title='bbox 2535 3838 2775 3907; x_wconf 61' lang='lat' dir='ltr'><strong>Praecipit</strong></span> <span class='ocrx_word' id='word_1_742' title='bbox 2801 3838 3036 3906; x_wconf 88' lang='lat' dir='ltr'><strong>quisnam</strong></span> <span class='ocrx_word' id='word_1_743' title='bbox 3065 3856 3174 3894; x_wconf 90' lang='lat' dir='ltr'><strong>rem</strong></span> <span class='ocrx_word' id='word_1_744' title='bbox 3203 3856 3403 3895; x_wconf 87' lang='lat' dir='ltr'><strong>sacram</strong></span> 
     </span>
    </p>
   </div>
   <div class='ocr_carea' id='block_1_101' title="bbox 1863 3925 3402 3994">
    <p class='ocr_par' dir='ltr' id='par_1_101' title="bbox 1863 3925 3402 3994">
     <span class='ocr_line' id='line_1_101' title="bbox 1863 3925 3402 3994; baseline 0.004 -18"><span class='ocrx_word' id='word_1_745' title='bbox 1863 3925 2007 3977; x_wconf 87' lang='lat' dir='ltr'><strong>obire</strong></span> <span class='ocrx_word' id='word_1_746' title='bbox 2052 3925 2276 3987; x_wconf 78' lang='lat' dir='ltr'><strong>debeat,</strong></span> <span class='ocrx_word' id='word_1_747' title='bbox 2321 3940 2572 3994; x_wconf 77' lang='lat' dir='ltr'><strong>quosnam</strong></span> <span class='ocrx_word' id='word_1_748' title='bbox 2603 3941 2720 3980; x_wconf 84' lang='lat' dir='ltr'><strong>esse</strong></span> <span class='ocrx_word' id='word_1_749' title='bbox 2752 3934 2989 3994; x_wconf 87' lang='lat' dir='ltr'><strong>Oporteat</strong></span> <span class='ocrx_word' id='word_1_750' title='bbox 3018 3926 3223 3982; x_wconf 89' lang='lat' dir='ltr'><strong>Levitas</strong></span> <span class='ocrx_word' id='word_1_751' title='bbox 3255 3945 3268 3981; x_wconf 92' lang='lat'>:</span> <span class='ocrx_word' id='word_1_752' title='bbox 3298 3945 3402 3982; x_wconf 86' lang='lat' dir='ltr'><strong>non</strong></span> 
     </span>
    </p>
   </div>
   <div class='ocr_carea' id='block_1_102' title="bbox 1860 4015 3402 4084">
    <p class='ocr_par' dir='ltr' id='par_1_102' title="bbox 1860 4015 3402 4084">
     <span class='ocr_line' id='line_1_102' title="bbox 1860 4015 3402 4084; baseline 0 -16"><span class='ocrx_word' id='word_1_753' title='bbox 1860 4015 1997 4068; x_wconf 90' lang='lat' dir='ltr'><strong>enim</strong></span> <span class='ocrx_word' id='word_1_754' title='bbox 2019 4029 2205 4069; x_wconf 89' lang='lat' dir='ltr'><strong>omnes</strong></span> <span class='ocrx_word' id='word_1_755' title='bbox 2227 4015 2409 4069; x_wconf 87' lang='lat' dir='ltr'><strong>eodem</strong></span> <span class='ocrx_word' id='word_1_756' title='bbox 2441 4016 2635 4070; x_wconf 91' lang='lat' dir='ltr'><strong>honore</strong></span> <span class='ocrx_word' id='word_1_757' title='bbox 2663 4015 3028 4084; x_wconf 87' lang='lat' dir='ltr'><strong>dignahantur.</strong></span> <span class='ocrx_word' id='word_1_758' title='bbox 3059 4018 3187 4069; x_wconf 86' lang='lat' dir='ltr'><strong>Aliis</strong></span> <span class='ocrx_word' id='word_1_759' title='bbox 3214 4019 3402 4083; x_wconf 87' lang='lat' dir='ltr'><strong>pretio-</strong></span> 
     </span>
    </p>
   </div>
   <div class='ocr_carea' id='block_1_103' title="bbox 1858 4104 3399 4168">
    <p class='ocr_par' dir='ltr' id='par_1_103' title="bbox 1858 4104 3399 4168">
     <span class='ocr_line' id='line_1_103' title="bbox 1858 4104 3399 4168; baseline 0 -11"><span class='ocrx_word' id='word_1_760' title='bbox 1858 4106 1993 4158; x_wconf 87' lang='lat' dir='ltr'><strong>siora</strong></span> <span class='ocrx_word' id='word_1_761' title='bbox 2025 4119 2142 4156; x_wconf 90' lang='lat' dir='ltr'><strong>vasa</strong></span> <span class='ocrx_word' id='word_1_762' title='bbox 2168 4104 2518 4168; x_wconf 89' lang='lat' dir='ltr'><strong>tabernaculi,</strong></span> <span class='ocrx_word' id='word_1_763' title='bbox 2551 4106 2666 4158; x_wconf 89' lang='lat' dir='ltr'><strong>aliis</strong></span> <span class='ocrx_word' id='word_1_764' title='bbox 2706 4105 2902 4157; x_wconf 91' lang='lat' dir='ltr'><strong>minora</strong></span> <span class='ocrx_word' id='word_1_765' title='bbox 2935 4104 3399 4159; x_wconf 89' lang='lat' dir='ltr'><strong>concredebantnr.</strong></span> 
     </span>
    </p>
   </div>
   <div class='ocr_carea' id='block_1_104' title="bbox 1860 4193 3398 4264">
    <p class='ocr_par' dir='ltr' id='par_1_104' title="bbox 1860 4193 3398 4264">
     <span class='ocr_line' id='line_1_104' title="bbox 1860 4193 3398 4264; baseline 0.003 -18"><span class='ocrx_word' id='word_1_766' title='bbox 1860 4193 2086 4247; x_wconf 90' lang='lat' dir='ltr'><strong>Fuerunt</strong></span> <span class='ocrx_word' id='word_1_767' title='bbox 2109 4202 2285 4246; x_wconf 88' lang='lat' dir='ltr'><strong>autem</strong></span> <span class='ocrx_word' id='word_1_768' title='bbox 2311 4193 2504 4246; x_wconf 79' lang='lat' dir='ltr'><strong>Levita:</strong></span> <span class='ocrx_word' id='word_1_769' title='bbox 2537 4208 2564 4245; x_wconf 88' lang='lat' dir='ltr'><strong>a</strong></span> <span class='ocrx_word' id='word_1_770' title='bbox 2592 4195 2842 4262; x_wconf 84' lang='lat' dir='ltr'><strong>vigesimo</strong></span> <span class='ocrx_word' id='word_1_771' title='bbox 2871 4210 3006 4249; x_wconf 91' lang='lat' dir='ltr'><strong>anno</strong></span> <span class='ocrx_word' id='word_1_772' title='bbox 3031 4203 3083 4248; x_wconf 92' lang='lat' dir='ltr'><strong>et</strong></span> <span class='ocrx_word' id='word_1_773' title='bbox 3109 4211 3283 4264; x_wconf 90' lang='lat' dir='ltr'><strong>supra,</strong></span> <span class='ocrx_word' id='word_1_774' title='bbox 3313 4199 3398 4264; x_wconf 89' lang='lat' dir='ltr'><strong>qui</strong></span> 
     </span>
    </p>
   </div>
   <div class='ocr_carea' id='block_1_105' title="bbox 1860 4283 3399 4354">
    <p class='ocr_par' dir='ltr' id='par_1_105' title="bbox 1860 4283 3399 4354">
     <span class='ocr_line' id='line_1_105' title="bbox 1860 4283 3399 4354; baseline 0 -17"><span class='ocrx_word' id='word_1_775' title='bbox 1860 4284 2238 4346; x_wconf 85' lang='lat' dir='ltr'><strong>ministrabant,</strong></span> <span class='ocrx_word' id='word_1_776' title='bbox 2257 4299 2421 4352; x_wconf 88' lang='lat' dir='ltr'><strong>usque</strong></span> <span class='ocrx_word' id='word_1_777' title='bbox 2443 4283 2506 4336; x_wconf 84' lang='lat' dir='ltr'><strong>ad</strong></span> <span class='ocrx_word' id='word_1_778' title='bbox 2535 4285 3015 4354; x_wconf 87' lang='lat' dir='ltr'><strong>quinquagesimum</strong></span> <span class='ocrx_word' id='word_1_779' title='bbox 3041 4300 3254 4351; x_wconf 86' lang='lat' dir='ltr'><strong>annum,</strong></span> <span class='ocrx_word' id='word_1_780' title='bbox 3283 4295 3399 4339; x_wconf 93' lang='lat' dir='ltr'><strong>octo</strong></span> 
     </span>
    </p>
   </div>
   <div class='ocr_carea' id='block_1_106' title="bbox 1857 4373 3395 4441">
    <p class='ocr_par' dir='ltr' id='par_1_106' title="bbox 1857 4373 3395 4441">
     <span class='ocr_line' id='line_1_106' title="bbox 1857 4373 3395 4441; baseline 0.001 -16"><span class='ocrx_word' id='word_1_781' title='bbox 1857 4374 1999 4426; x_wconf 90' lang='lat' dir='ltr'><strong>mille</strong></span> <span class='ocrx_word' id='word_1_782' title='bbox 2039 4373 2298 4441; x_wconf 82' lang='lat' dir='ltr'><strong>quingenti</strong></span> <span class='ocrx_word' id='word_1_783' title='bbox 2346 4373 2604 4441; x_wconf 90' lang='lat' dir='ltr'><strong>octoginta</strong></span> <span class='ocrx_word' id='word_1_784' title='bbox 2658 4384 2780 4426; x_wconf 89' lang='lat' dir='ltr'><strong>tres.</strong></span> <span class='ocrx_word' id='word_1_785' title='bbox 2812 4374 2956 4427; x_wconf 91' lang='lat' dir='ltr'><strong>Tunc</strong></span> <span class='ocrx_word' id='word_1_786' title='bbox 3008 4374 3149 4441; x_wconf 86' lang='lat' dir='ltr'><strong>jubet</strong></span> <span class='ocrx_word' id='word_1_787' title='bbox 3188 4389 3395 4428; x_wconf 90' lang='lat' dir='ltr'><strong>omnem</strong></span> 
     </span>
    </p>
   </div>
   <div class='ocr_carea' id='block_1_107' title="bbox 1857 4461 3393 4530">
    <p class='ocr_par' dir='ltr' id='par_1_107' title="bbox 1857 4461 3393 4530">
     <span class='ocr_line' id='line_1_107' title="bbox 1857 4461 3393 4530; baseline 0.001 -17"><span class='ocrx_word' id='word_1_788' title='bbox 1857 4461 2178 4514; x_wconf 91' lang='lat' dir='ltr'><strong>immundum</strong></span> <span class='ocrx_word' id='word_1_789' title='bbox 2219 4461 2456 4515; x_wconf 89' lang='lat' dir='ltr'><strong>emittere</strong></span> <span class='ocrx_word' id='word_1_790' title='bbox 2493 4477 2556 4515; x_wconf 83' lang='lat' dir='ltr'><strong>ex</strong></span> <span class='ocrx_word' id='word_1_791' title='bbox 2596 4463 2798 4524; x_wconf 87' lang='lat' dir='ltr'><strong>castris,</strong></span> <span class='ocrx_word' id='word_1_792' title='bbox 2843 4463 2987 4516; x_wconf 90' lang='lat' dir='ltr'><strong>etde</strong></span> <span class='ocrx_word' id='word_1_793' title='bbox 3017 4464 3271 4516; x_wconf 82' lang='lat' dir='ltr'><strong>sacrificio</strong></span> <span class='ocrx_word' id='word_1_794' title='bbox 3300 4479 3393 4530; x_wconf 94' lang='lat' dir='ltr'><strong>pro</strong></span> 
     </span>
    </p>
   </div>
   <div class='ocr_carea' id='block_1_108' title="bbox 1854 4549 3394 4619">
    <p class='ocr_par' dir='ltr' id='par_1_108' title="bbox 1854 4549 3394 4619">
     <span class='ocr_line' id='line_1_108' title="bbox 1854 4549 3394 4619; baseline 0.002 -17"><span class='ocrx_word' id='word_1_795' title='bbox 1854 4549 2046 4604; x_wconf 91' lang='lat' dir='ltr'><strong>delicto</strong></span> <span class='ocrx_word' id='word_1_796' title='bbox 2068 4549 2313 4617; x_wconf 89' lang='lat' dir='ltr'><strong>loquitur,</strong></span> <span class='ocrx_word' id='word_1_797' title='bbox 2339 4550 2602 4617; x_wconf 82' lang='lat' dir='ltr'><strong>legemque</strong></span> <span class='ocrx_word' id='word_1_798' title='bbox 2626 4551 2892 4619; x_wconf 71' lang='lat' dir='ltr'><strong>zelotypize</strong></span> <span class='ocrx_word' id='word_1_799' title='bbox 2913 4551 3091 4604; x_wconf 83' lang='lat' dir='ltr'><strong>statuit</strong></span> <span class='ocrx_word' id='word_1_800' title='bbox 3114 4569 3127 4616; x_wconf 92' lang='lat'><strong>;</strong></span> <span class='ocrx_word' id='word_1_801' title='bbox 3155 4560 3209 4603; x_wconf 93' lang='lat' dir='ltr'><strong>ut</strong></span> <span class='ocrx_word' id='word_1_802' title='bbox 3229 4567 3394 4618; x_wconf 90' lang='lat' dir='ltr'><strong>neque</strong></span> 
     </span>
    </p>
   </div>
   <div class='ocr_carea' id='block_1_109' title="bbox 1854 4639 3394 4706">
    <p class='ocr_par' dir='ltr' id='par_1_109' title="bbox 1854 4639 3394 4706">
     <span class='ocr_line' id='line_1_109' title="bbox 1854 4639 3394 4706; baseline 0 -14"><span class='ocrx_word' id='word_1_803' title='bbox 1854 4639 2108 4692; x_wconf 90' lang='lat' dir='ltr'><strong>calumnia</strong></span> <span class='ocrx_word' id='word_1_804' title='bbox 2142 4639 2476 4706; x_wconf 89' lang='lat' dir='ltr'><strong>impcteretur</strong></span> <span class='ocrx_word' id='word_1_805' title='bbox 2503 4639 2688 4691; x_wconf 90' lang='lat' dir='ltr'><strong>mulier</strong></span> <span class='ocrx_word' id='word_1_806' title='bbox 2711 4639 2844 4690; x_wconf 87' lang='lat' dir='ltr'><strong>circa</strong></span> <span class='ocrx_word' id='word_1_807' title='bbox 2869 4639 3197 4702; x_wconf 89' lang='lat' dir='ltr'><strong>adulterium,</strong></span> <span class='ocrx_word' id='word_1_808' title='bbox 3227 4655 3394 4706; x_wconf 88' lang='lat' dir='ltr'><strong>neque</strong></span> 
     </span>
    </p>
   </div>
   <div class='ocr_carea' id='block_1_110' title="bbox 1854 4727 3392 4795">
    <p class='ocr_par' dir='ltr' id='par_1_110' title="bbox 1854 4727 3392 4795">
     <span class='ocr_line' id='line_1_110' title="bbox 1854 4727 3392 4795; baseline -0.001 -13"><span class='ocrx_word' id='word_1_809' title='bbox 1854 4729 2082 4783; x_wconf 87' lang='lat' dir='ltr'><strong>adultera</strong></span> <span class='ocrx_word' id='word_1_810' title='bbox 2111 4729 2270 4781; x_wconf 92' lang='lat' dir='ltr'><strong>latere</strong></span> <span class='ocrx_word' id='word_1_811' title='bbox 2301 4737 2493 4795; x_wconf 90' lang='lat' dir='ltr'><strong>posset.</strong></span> <span class='ocrx_word' id='word_1_812' title='bbox 2526 4728 2600 4780; x_wconf 89' lang='lat' dir='ltr'><strong>De</strong></span> <span class='ocrx_word' id='word_1_813' title='bbox 2639 4727 2933 4793; x_wconf 89' lang='lat' dir='ltr'><strong>precatione</strong></span> <span class='ocrx_word' id='word_1_814' title='bbox 2971 4729 3392 4782; x_wconf 81' lang='lat' dir='ltr'><strong>sanctificationis</strong></span> 
     </span>
    </p>
   </div>
   <div class='ocr_carea' id='block_1_111' title="bbox 1853 4816 3390 4886">
    <p class='ocr_par' dir='ltr' id='par_1_111' title="bbox 1853 4816 3390 4886">
     <span class='ocr_line' id='line_1_111' title="bbox 1853 4816 3390 4886; baseline -0.002 -15"><span class='ocrx_word' id='word_1_815' title='bbox 1853 4819 2112 4882; x_wconf 83' lang='lat' dir='ltr'><strong>statuitur,</strong></span> <span class='ocrx_word' id='word_1_816' title='bbox 2132 4828 2181 4871; x_wconf 92' lang='lat' dir='ltr'><strong>et</strong></span> <span class='ocrx_word' id='word_1_817' title='bbox 2199 4817 2458 4886; x_wconf 90' lang='lat' dir='ltr'><strong>quomodo</strong></span> <span class='ocrx_word' id='word_1_818' title='bbox 2484 4824 2724 4884; x_wconf 90' lang='lat' dir='ltr'><strong>oporteat</strong></span> <span class='ocrx_word' id='word_1_819' title='bbox 2744 4816 3063 4870; x_wconf 86' lang='lat' dir='ltr'><strong>sacerdotem</strong></span> <span class='ocrx_word' id='word_1_820' title='bbox 3087 4817 3390 4871; x_wconf 89' lang='lat' dir='ltr'><strong>benedicere</strong></span> 
     </span>
    </p>
   </div>
   <div class='ocr_carea' id='block_1_112' title="bbox 1855 4905 3386 4968">
    <p class='ocr_par' dir='ltr' id='par_1_112' title="bbox 1855 4905 3386 4968">
     <span class='ocr_line' id='line_1_112' title="bbox 1855 4905 3386 4968; baseline -0.002 -6"><span class='ocrx_word' id='word_1_821' title='bbox 1855 4909 1985 4962; x_wconf 81' lang='lat' dir='ltr'><strong>ﬁlios</strong></span> <span class='ocrx_word' id='word_1_822' title='bbox 2030 4907 2206 4961; x_wconf 86' lang='lat' dir='ltr'><strong>Israel.</strong></span> <span class='ocrx_word' id='word_1_823' title='bbox 2254 4907 2350 4960; x_wconf 89' lang='lat' dir='ltr'><strong>Ubi</strong></span> <span class='ocrx_word' id='word_1_824' title='bbox 2385 4915 2558 4958; x_wconf 89' lang='lat' dir='ltr'><strong>autem</strong></span> <span class='ocrx_word' id='word_1_825' title='bbox 2595 4905 2738 4958; x_wconf 89' lang='lat' dir='ltr'><strong>stetit</strong></span> <span class='ocrx_word' id='word_1_826' title='bbox 2768 4905 3175 4968; x_wconf 87' lang='lat' dir='ltr'><strong>tabernaculum,</strong></span> <span class='ocrx_word' id='word_1_827' title='bbox 3201 4906 3386 4959; x_wconf 84' lang='lat' dir='ltr'><strong>attule-</strong></span> 
     </span>
    </p>
   </div>
   <div class='ocr_carea' id='block_1_113' title="bbox 1852 4993 3384 5066">
    <p class='ocr_par' dir='ltr' id='par_1_113' title="bbox 1852 4993 3384 5066">
     <span class='ocr_line' id='line_1_113' title="bbox 1852 4993 3384 5066; baseline -0.002 -15"><span class='ocrx_word' id='word_1_828' title='bbox 1852 5007 1971 5053; x_wconf 91' lang='lat' dir='ltr'><strong>runt</strong></span> <span class='ocrx_word' id='word_1_829' title='bbox 1994 4997 2251 5066; x_wconf 88' lang='lat' dir='ltr'><strong>principes</strong></span> <span class='ocrx_word' id='word_1_830' title='bbox 2281 4995 2416 5048; x_wconf 89' lang='lat' dir='ltr'><strong>dona</strong></span> <span class='ocrx_word' id='word_1_831' title='bbox 2443 4993 2600 5047; x_wconf 92' lang='lat' dir='ltr'><strong>multa</strong></span> <span class='ocrx_word' id='word_1_832' title='bbox 2626 5009 2931 5062; x_wconf 85' lang='lat' dir='ltr'><strong>magnaque.</strong></span> <span class='ocrx_word' id='word_1_833' title='bbox 2953 4994 3167 5048; x_wconf 85' lang='lat' dir='ltr'><strong>Jubetur</strong></span> <span class='ocrx_word' id='word_1_834' title='bbox 3185 4997 3384 5064; x_wconf 80' lang='lat' dir='ltr'><strong>Moyses</strong></span> 
     </span>
    </p>
   </div>
   <div class='ocr_carea' id='block_1_114' title="bbox 1911 5107 3387 5172">
    <p class='ocr_par' dir='ltr' id='par_1_114' title="bbox 1911 5107 3387 5172">
     <span class='ocr_line' id='line_1_114' title="bbox 1911 5107 3387 5172; baseline -0.004 -13"><span class='ocrx_word' id='word_1_835' title='bbox 1911 5112 1980 5172; x_wconf 90' lang='lat' dir='ltr'><strong>(a)</strong></span> <span class='ocrx_word' id='word_1_836' title='bbox 2015 5109 2333 5172; x_wconf 78' lang='lat' dir='ltr'><strong>Inltlumlibri</strong></span> <span class='ocrx_word' id='word_1_837' title='bbox 2376 5117 2682 5158; x_wconf 72' lang='lat' dir='ltr'><strong>Numerorum</strong></span> <span class='ocrx_word' id='word_1_838' title='bbox 2719 5109 2766 5156; x_wconf 87' lang='lat' dir='ltr'><strong>in</strong></span> <span class='ocrx_word' id='word_1_839' title='bbox 2801 5109 3095 5172; x_wconf 81' lang='lat' dir='ltr'><strong>Lugdunensi</strong></span> <span class='ocrx_word' id='word_1_840' title='bbox 3123 5107 3296 5172; x_wconf 76' lang='lat' dir='ltr'><strong>_Codicc</strong></span> <span class='ocrx_word' id='word_1_841' title='bbox 3320 5108 3387 5172; x_wconf 69' lang='lat' dir='ltr'><strong>sic</strong></span> 
     </span>
    </p>
   </div>
   <div class='ocr_carea' id='block_1_115' title="bbox 1849 5167 3380 5229">
    <p class='ocr_par' dir='ltr' id='par_1_115' title="bbox 1849 5167 3380 5229">
     <span class='ocr_line' id='line_1_115' title="bbox 1849 5167 3380 5229; baseline -0.003 -10"><span class='ocrx_word' id='word_1_842' title='bbox 1849 5167 1996 5219; x_wconf 77' lang='lat' dir='ltr'><strong>habet</strong></span> <span class='ocrx_word' id='word_1_843' title='bbox 2020 5186 2031 5218; x_wconf 91' lang='lat'>:</span> <span class='ocrx_word' id='word_1_844' title='bbox 2057 5173 2140 5219; x_wconf 82' lang='lat' dir='ltr'><strong>llic</strong></span> <span class='ocrx_word' id='word_1_845' title='bbox 2165 5170 2280 5218; x_wconf 85' lang='lat' dir='ltr'><strong>liber</strong></span> <span class='ocrx_word' id='word_1_846' title='bbox 2304 5177 2491 5217; x_wconf 77' lang='lat' dir='ltr'><strong>vocatur</strong></span> <span class='ocrx_word' id='word_1_847' title='bbox 2519 5186 2541 5214; x_wconf 79' lang='grc' dir='ltr'>ι</span> <span class='ocrx_word' id='word_1_848' title='bbox 2557 5167 2907 5218; x_wconf 52' lang='lat' dir='ltr'><strong>Numerorum}</strong></span> <span class='ocrx_word' id='word_1_849' title='bbox 2932 5203 2945 5225; x_wconf 92' lang='lat'><strong>,</strong></span> <span class='ocrx_word' id='word_1_850' title='bbox 2970 5169 3076 5229; x_wconf 78' lang='lat' dir='ltr'><strong>quin</strong></span> <span class='ocrx_word' id='word_1_851' title='bbox 3091 5167 3281 5225; x_wconf 73' lang='grc' dir='ltr'><strong>εἱηιμιιιε</strong></span> <span class='ocrx_word' id='word_1_852' title='bbox 3298 5168 3380 5215; x_wconf 83' lang='lat' dir='ltr'><strong>(ri-</strong></span> 
     </span>
    </p>
   </div>
   <div class='ocr_carea' id='block_1_116' title="bbox 1851 5229 3384 5291">
    <p class='ocr_par' dir='ltr' id='par_1_116' title="bbox 1851 5229 3384 5291">
     <span class='ocr_line' id='line_1_116' title="bbox 1851 5229 3384 5291; baseline -0.002 -13"><span class='ocrx_word' id='word_1_853' title='bbox 1851 5230 1950 5288; x_wconf 84' lang='lat' dir='ltr'><strong>bus,</strong></span> <span class='ocrx_word' id='word_1_854' title='bbox 1967 5233 2111 5291; x_wconf 73' lang='lat' dir='ltr'><strong>juxta</strong></span> <span class='ocrx_word' id='word_1_855' title='bbox 2149 5236 2437 5291; x_wconf 71' lang='lat' dir='ltr'><strong>pi-wceptum</strong></span> <span class='ocrx_word' id='word_1_856' title='bbox 2451 5229 2676 5291; x_wconf 86' lang='lat' dir='ltr'><strong>__Domim&#39;,</strong></span> <span class='ocrx_word' id='word_1_857' title='bbox 2696 5237 2883 5291; x_wconf 65' lang='lat' dir='ltr'><strong>quanta:</strong></span> <span class='ocrx_word' id='word_1_858' title='bbox 2904 5235 3050 5291; x_wconf 70' lang='lat' dir='ltr'><strong>essch</strong></span> <span class='ocrx_word' id='word_1_859' title='bbox 3073 5236 3384 5291; x_wconf 53' lang='lat' dir='ltr'><strong>&quot;terminatum</strong></span> 
     </span>
    </p>
   </div>
   <div class='ocr_carea' id='block_1_117' title="bbox 1850 5287 3380 5350">
    <p class='ocr_par' dir='ltr' id='par_1_117' title="bbox 1850 5287 3380 5350">
     <span class='ocr_line' id='line_1_117' title="bbox 1850 5287 3380 5350; baseline -0.004 -10"><span class='ocrx_word' id='word_1_860' title='bbox 1850 5287 2002 5343; x_wconf 59' lang='grc' dir='ltr'><strong>εδιζὲι</strong></span> <span class='ocrx_word' id='word_1_861' title='bbox 2025 5287 2478 5350; x_wconf 64' lang='grc' dir='ltr'><strong>ιιιιὶαἳοιίυε⁷ρσριιιὶ</strong></span> <span class='ocrx_word' id='word_1_862' title='bbox 2511 5287 2731 5350; x_wconf 76' lang='lat' dir='ltr'><strong>numerus</strong></span> <span class='ocrx_word' id='word_1_863' title='bbox 2753 5289 2802 5337; x_wconf 83' lang='lat' dir='ltr'><strong>in</strong></span> <span class='ocrx_word' id='word_1_864' title='bbox 2837 5288 2922 5337; x_wconf 80' lang='lat' dir='ltr'><strong>hoc</strong></span> <span class='ocrx_word' id='word_1_865' title='bbox 2946 5288 3062 5337; x_wconf 76' lang='lat' dir='ltr'><strong>libra</strong></span> <span class='ocrx_word' id='word_1_866' title='bbox 3100 5287 3380 5336; x_wconf 80' lang='lat' dir='ltr'><strong>declaratur.</strong></span> 
     </span>
    </p>
   </div>
   <div class='ocr_carea' id='block_1_118' title="bbox 1850 5349 3382 5414">
    <p class='ocr_par' dir='ltr' id='par_1_118' title="bbox 1850 5349 3382 5414">
     <span class='ocr_line' id='line_1_118' title="bbox 1850 5349 3382 5414; baseline -0.006 -13"><span class='ocrx_word' id='word_1_867' title='bbox 1850 5351 2216 5414; x_wconf 57' lang='lat' dir='ltr'><strong>Quianam-ubam</strong></span> <span class='ocrx_word' id='word_1_868' title='bbox 2240 5349 2666 5414; x_wconf 75' lang='lat' dir='ltr'><strong>_uiuent_populum</strong></span> <span class='ocrx_word' id='word_1_869' title='bbox 2704 5359 2880 5411; x_wconf 68' lang='lat' dir='ltr'><strong>atoyses</strong></span> <span class='ocrx_word' id='word_1_870' title='bbox 2915 5357 2958 5414; x_wconf 75' lang='lat' dir='ltr'><strong>et</strong></span> <span class='ocrx_word' id='word_1_871' title='bbox 2987 5362 3154 5414; x_wconf 42' lang='lat' dir='ltr'><strong>garou,</strong></span> <span class='ocrx_word' id='word_1_872' title='bbox 3197 5355 3241 5396; x_wconf 83' lang='lat' dir='ltr'><strong>et</strong></span> <span class='ocrx_word' id='word_1_873' title='bbox 3277 5359 3382 5414; x_wconf 67' lang='lat' dir='ltr'><strong>eum</strong></span> 
     </span>
    </p>
   </div>
   <div class='ocr_carea' id='block_1_119' title="bbox 1849 5408 3383 5476">
    <p class='ocr_par' dir='ltr' id='par_1_119' title="bbox 1849 5408 3383 5476">
     <span class='ocr_line' id='line_1_119' title="bbox 1849 5408 3383 5476; baseline -0.003 -17"><span class='ocrx_word' id='word_1_874' title='bbox 1849 5411 1915 5476; x_wconf 74' lang='lat' dir='ltr'><strong>cis</strong></span> <span class='ocrx_word' id='word_1_875' title='bbox 1940 5411 2163 5472; x_wconf 80' lang='lat' dir='ltr'><strong>cujusque</strong></span> <span class='ocrx_word' id='word_1_876' title='bbox 2186 5410 2336 5458; x_wconf 81' lang='lat' dir='ltr'><strong>tribus</strong></span> <span class='ocrx_word' id='word_1_877' title='bbox 2363 5408 2592 5476; x_wconf 70' lang='lat' dir='ltr'><strong>princeps.</strong></span> <span class='ocrx_word' id='word_1_878' title='bbox 2612 5417 2663 5457; x_wconf 76' lang='lat' dir='ltr'><strong>Et</strong></span> <span class='ocrx_word' id='word_1_879' title='bbox 2685 5408 2904 5458; x_wconf 74' lang='lat' dir='ltr'><strong>nunierus</strong></span> <span class='ocrx_word' id='word_1_880' title='bbox 2924 5408 3192 5476; x_wconf 68' lang='lat' dir='ltr'><strong>bellatorum</strong></span> <span class='ocrx_word' id='word_1_881' title='bbox 3212 5422 3241 5455; x_wconf 87' lang='lat' dir='ltr'><strong>a</strong></span> <span class='ocrx_word' id='word_1_882' title='bbox 3266 5408 3383 5476; x_wconf 50' lang='lat' dir='ltr'><strong>rigcf</strong></span> 
     </span>
    </p>
   </div>
   <div class='ocr_carea' id='block_1_120' title="bbox 1847 5469 3381 5534">
    <p class='ocr_par' dir='ltr' id='par_1_120' title="bbox 1847 5469 3381 5534">
     <span class='ocr_line' id='line_1_120' title="bbox 1847 5469 3381 5534; baseline -0.003 -15"><span class='ocrx_word' id='word_1_883' title='bbox 1847 5471 1965 5520; x_wconf 81' lang='lat' dir='ltr'><strong>sima</strong></span> <span class='ocrx_word' id='word_1_884' title='bbox 1987 5469 2107 5534; x_wconf 64' lang='lat' dir='ltr'><strong>mmo</strong></span> <span class='ocrx_word' id='word_1_885' title='bbox 2128 5478 2171 5518; x_wconf 77' lang='lat' dir='ltr'><strong>et</strong></span> <span class='ocrx_word' id='word_1_886' title='bbox 2193 5483 2338 5530; x_wconf 79' lang='lat' dir='ltr'><strong>supra</strong></span> <span class='ocrx_word' id='word_1_887' title='bbox 2362 5469 2568 5534; x_wconf 68' lang='lat' dir='ltr'><strong>inventus</strong></span> <span class='ocrx_word' id='word_1_888' title='bbox 2588 5479 2655 5519; x_wconf 84' lang='lat' dir='ltr'><strong>est</strong></span> <span class='ocrx_word' id='word_1_889' title='bbox 2668 5477 2895 5534; x_wconf 67' lang='lat' dir='ltr'><strong>sexcenta</strong></span> <span class='ocrx_word' id='word_1_890' title='bbox 2913 5469 3059 5517; x_wconf 85' lang='lat' dir='ltr'><strong>millia</strong></span> <span class='ocrx_word' id='word_1_891' title='bbox 3083 5476 3123 5534; x_wconf 68' lang='lat' dir='ltr'><strong>et</strong></span> <span class='ocrx_word' id='word_1_892' title='bbox 3141 5474 3381 5534; x_wconf 60' lang='lat' dir='ltr'><strong>(autumet</strong></span> 
     </span>
    </p>
   </div>
   <div class='ocr_carea' id='block_1_121' title="bbox 1849 5528 3381 5592">
    <p class='ocr_par' dir='ltr' id='par_1_121' title="bbox 1849 5528 3381 5592">
     <span class='ocr_line' id='line_1_121' title="bbox 1849 5528 3381 5592; baseline -0.003 -16"><span class='ocrx_word' id='word_1_893' title='bbox 1849 5529 2198 5592; x_wconf 64' lang='lat' dir='ltr'><strong>quinquaginta,</strong></span> <span class='ocrx_word' id='word_1_894' title='bbox 2227 5528 2398 5590; x_wconf 54' lang='lat' dir='ltr'><strong>p&#39;rwtcr</strong></span> <span class='ocrx_word' id='word_1_895' title='bbox 2423 5530 2556 5578; x_wconf 79' lang='lat' dir='ltr'><strong>alios.</strong></span> <span class='ocrx_word' id='word_1_896' title='bbox 2601 5529 2787 5578; x_wconf 70' lang='lat' dir='ltr'><strong>Tribuni</strong></span> <span class='ocrx_word' id='word_1_897' title='bbox 2828 5538 2980 5592; x_wconf 76' lang='lat' dir='ltr'><strong>autem</strong></span> <span class='ocrx_word' id='word_1_898' title='bbox 3013 5528 3109 5576; x_wconf 78' lang='lat' dir='ltr'><strong>Levi</strong></span> <span class='ocrx_word' id='word_1_899' title='bbox 3124 5528 3381 5588; x_wconf 66' lang='lat' dir='ltr'><strong>separa-tim</strong></span> 
     </span>
    </p>
   </div>
   <div class='ocr_carea' id='block_1_122' title="bbox 1848 5590 3382 5650">
    <p class='ocr_par' dir='ltr' id='par_1_122' title="bbox 1848 5590 3382 5650">
     <span class='ocr_line' id='line_1_122' title="bbox 1848 5590 3382 5650; baseline -0.001 -12"><span class='ocrx_word' id='word_1_900' title='bbox 1848 5590 2256 5639; x_wconf 51' lang='lat' dir='ltr'><strong>n‘iniu&#39;ucrurcrtuu</strong></span> <span class='ocrx_word' id='word_1_901' title='bbox 2274 5593 2530 5639; x_wconf 79' lang='lat' dir='ltr'><strong>secundum</strong></span> <span class='ocrx_word' id='word_1_902' title='bbox 2552 5592 2742 5640; x_wconf 74' lang='lat' dir='ltr'><strong>verbum</strong></span> <span class='ocrx_word' id='word_1_903' title='bbox 2763 5590 2959 5650; x_wconf 81' lang='lat' dir='ltr'><strong>Domini,</strong></span> <span class='ocrx_word' id='word_1_904' title='bbox 2981 5598 3152 5650; x_wconf 75' lang='lat' dir='ltr'><strong>Moyses</strong></span> <span class='ocrx_word' id='word_1_905' title='bbox 3171 5598 3213 5640; x_wconf 86' lang='lat' dir='ltr'><strong>ct</strong></span> <span class='ocrx_word' id='word_1_906' title='bbox 3254 5599 3382 5636; x_wconf 62' lang='lat' dir='ltr'><strong>:aron</strong></span> 
     </span>
    </p>
   </div>
   <div class='ocr_carea' id='block_1_123' title="bbox 1851 5651 2546 5716">
    <p class='ocr_par' dir='ltr' id='par_1_123' title="bbox 1851 5651 2546 5716">
     <span class='ocr_line' id='line_1_123' title="bbox 1851 5651 2546 5716; baseline -0.003 -16"><span class='ocrx_word' id='word_1_907' title='bbox 1851 5651 1952 5712; x_wconf 73' lang='lat' dir='ltr'><strong>Suii,</strong></span> <span class='ocrx_word' id='word_1_908' title='bbox 1980 5666 2007 5698; x_wconf 78' lang='grc' dir='ltr'><em>(ι</em></span> <span class='ocrx_word' id='word_1_909' title='bbox 2028 5665 2182 5701; x_wconf 75' lang='lat' dir='ltr'><strong>mense</strong></span> <span class='ocrx_word' id='word_1_910' title='bbox 2205 5665 2295 5702; x_wconf 77' lang='lat' dir='ltr'><strong>mo</strong></span> <span class='ocrx_word' id='word_1_911' title='bbox 2317 5658 2360 5700; x_wconf 90' lang='lat' dir='ltr'><strong>ct</strong></span> <span class='ocrx_word' id='word_1_912' title='bbox 2385 5664 2546 5716; x_wconf 71' lang='lat' dir='ltr'><strong>supra.</strong></span> 
     </span>
    </p>
   </div>
  </div>
