4096 6480
694 386 798 441 331

689 479 1266 548 sanettﬁcareLevitas,
1281 484 1525 553 auditque
1545 500 1573 538 a
1589 485 1842 553 vigesimo
1856 497 1993 536 anno
2010 490 2064 537 et
2082 494 2235 549 supra

692 577 935 633 oportere
976 570 1117 638 ipsos
1153 570 1470 638 ministrare,
1520 588 1549 625 a
1593 572 2020 641 quinquagesimo
2065 577 2239 623 autem

697 671 838 709 anno
863 670 892 709 a
926 658 1215 713 ministerio
1254 675 1480 714 cessare.
1521 660 1774 729 Przeeepit
1806 660 1932 731 ipsis
1979 660 2114 712 Deus
2149 672 2241 725 per

693 744 924 812 Moysem
952 754 1008 798 ut
1034 744 1223 813 pascha
1250 746 1458 800 faciant.
1488 747 1601 813 Dic,
1650 748 1830 816 inquit,
1863 756 1907 801 et
1941 747 2125 815 faciant
2148 744 2241 812 ﬁlii

694 831 858 885 Israel
873 834 1058 901 pascha
1083 833 1283 904 (Num.
1311 836 1363 889 9.
1391 836 1481 906 2).
1507 837 1627 890 Erat
1653 837 1790 890 enim
1820 834 2019 903 primus
2046 833 2240 886 mensis

691 922 906 978 secundi
944 923 1086 976 anni.
1126 924 1475 978 Accesserant
1510 933 1683 978 autem
1722 922 1975 977 immundi
2004 922 2069 976 ad
2096 921 2238 991 Moy-

690 1026 826 1077 sem,
851 1019 905 1066 et
931 1012 1116 1066 obtulit
1140 1027 1232 1079 pro
1254 1013 1357 1067 illis
1386 1014 1513 1067 Deo.
1543 1013 1902 1080 Pra'cepitque
1928 1011 2089 1075 Deus,
2116 1026 2237 1064 eum

690 1102 776 1170 qui
805 1116 907 1154 non
938 1110 1115 1169 posset
1140 1100 1191 1153 in
1217 1101 1386 1169 primo
1413 1114 1591 1153 mense
1615 1099 1887 1153 immolare
1911 1097 2122 1166 pascha,
2153 1096 2239 1151 vel

690 1189 828 1257 quod
866 1189 1164 1243 immundus
1204 1198 1376 1250 esset,
1407 1189 1487 1242 vel
1515 1188 1655 1258 quod
1684 1189 1736 1242 in
1766 1188 1922 1255 longo
1947 1188 2158 1252 itinere,
2186 1188 2239 1240 in

689 1276 921 1332 secundo
945 1291 1125 1330 mense
1150 1276 1340 1340 facere,
1364 1276 1563 1329 decima
1582 1277 1732 1329 tertia
1752 1275 1856 1330 die.
1878 1275 1931 1330 Si
1954 1275 2072 1344 quis
2090 1290 2237 1341 vero,

688 1364 915 1419 mundus
944 1378 1061 1418 cum
1096 1364 1184 1428 sit,
1213 1378 1311 1417 nec
1336 1364 1386 1417 in
1432 1364 1586 1433 longo
1621 1365 1829 1429 itinere,
1872 1365 2003 1418 nolit
2046 1365 2236 1433 pascha

688 1454 863 1509 facere
886 1454 938 1507 in
962 1454 1127 1522 primo
1158 1466 1355 1518 mense,
1373 1453 1469 1506 sub
1497 1463 1711 1522 peccato
1736 1454 1859 1507 erit.
1892 1452 2022 1517 Lex,
2052 1454 2236 1523 inquit,

688 1556 789 1595 una
815 1542 881 1595 sit
902 1540 1116 1595 advenae
1149 1551 1202 1595 et
1239 1542 1515 1609 indigenas.
1552 1542 1684 1597 Cum
1714 1542 2021 1597 ascenderet
2049 1543 2237 1606 nubes,

688 1640 857 1685 castra
888 1630 1166 1685 movebant
1195 1630 1440 1684 Israelitte
1464 1670 1478 1695 ,
1507 1640 1559 1685 et
1586 1632 1673 1684 ubi
1701 1631 1867 1685 nubes
1896 1631 2104 1696 stabat,
2136 1632 2240 1685 illic

687 1729 857 1774 castra
905 1718 1248 1773 metabantur.
1291 1718 1509 1773 Jubetur
1553 1720 1757 1788 Moyses
1784 1718 1957 1773 facere
1983 1720 2131 1773 tubas
2157 1734 2240 1773 ar-

687 1820 920 1879 genteas.
956 1810 1025 1863 ita
1055 1818 1110 1863 ut
1137 1825 1227 1876 per
1262 1810 1376 1863 illas
1419 1809 1795 1878 signiﬁcaretur
1831 1810 2042 1879 populo,
2072 1824 2238 1879 quau-

693 1901 885 1954 donam
911 1899 1165 1968 proﬁcisci
1188 1908 1473 1968 oporteret,
1500 1901 1708 1969 quando
1733 1915 2052 1970 congregare
2077 1916 2240 1970 pepu-

690 1990 795 2042 lum
825 1989 876 2041 in
901 1988 1051 2042 bellis
1077 2030 1091 2052 ,
1120 1989 1168 2040 itt
1191 1988 1463 2042 sacriﬁciis
1486 2029 1500 2052 ,
1532 1989 1887 2058 utendumque
1907 2004 2023 2044 esse
2052 1990 2239 2043 dicitur

689 2078 773 2130 itis
811 2077 948 2130 tubis
977 2077 1029 2129 in
1062 2074 1241 2141 festis,
1274 2077 1323 2129 iu
1361 2077 1680 2143 neomcniis,
1712 2078 1763 2130 in
1804 2078 2140 2132 holocaustis.
2172 2078 2240 2132 Ut

686 2171 861 2218 autem
888 2163 1106 2231 proiecti
1133 2174 1252 2217 sunt
1278 2164 1370 2217 ﬁlii
1402 2164 1579 2232 lsrael,
1607 2166 1821 2235 rogabat
1848 2165 2053 2235 Moyses
2071 2165 2237 2221 Jobab

690 2254 849 2307 lilium
881 2253 1108 2323 Raguel,
1138 2258 1225 2323 qui
1253 2262 1305 2308 et
1331 2254 1516 2309 lothor
1540 2255 1826 2321 dicebatur,
1856 2265 1911 2309 ut
1938 2256 2035 2309 sibi
2062 2264 2117 2310 et
2142 2256 2239 2311 viae

689 2352 743 2398 et
769 2343 1140 2412 promissorum
1173 2344 1425 2399 bonorum
1447 2357 1665 2398 consors
1680 2353 1820 2398 esset
1847 2361 1861 2408 ;
1893 2352 1946 2399 et
1971 2359 2089 2399 cum
2116 2359 2235 2399 arca

689 2430 1019 2494 eveheretur,
1047 2430 1175 2482 dixit
1195 2431 1435 2500 Moyses:
1469 2431 1713 2500 Exsurge,
1742 2432 1968 2499 Domine,
1997 2434 2240 2501 dissipen-

689 2527 771 2574 tur
797 2517 982 2568 inimici
1011 2518 1110 2581 tui,
1138 2518 1329 2586 fugiant
1358 2533 1523 2572 omnes
1546 2519 1630 2587 qui
1656 2528 1701 2573 le
1725 2520 1932 2573 oderunt
1948 2519 2130 2589 (Nunt.
2150 2522 2232 2577 10.

688 2606 800 2675 55).
843 2608 907 2661 Ει
941 2610 1283 2661 murmuravit
1326 2610 1568 2678 populus,
1612 2619 1667 2665 et
1703 2614 1975 2667 combusta
2002 2621 2084 2667 est
2117 2627 2237 2681 pars

690 2703 976 2748 castrorum
1011 2712 1026 2759 ;
1064 2705 1117 2748 et
1148 2705 1361 2749 vocatus
1403 2708 1484 2751 est
1522 2700 1665 2753 locus
1694 2699 2014 2756 incendium.
2048 2703 2237 2758 Preca-

689 2793 877 2850 tusque
895 2790 976 2836 est
995 2782 1218 2852 Moyses,
1248 2792 1301 2837 et
1321 2788 1544 2839 cessavit
1569 2789 1718 2842 ultio.
1743 2790 2098 2861 Pctebantque
2123 2807 2238 2847 car-

690 2882 784 2922 nes
807 2909 821 2931 ,
851 2879 903 2921 et
932 2870 1171 2921 dicebant
1197 2888 1207 2921 :
1253 2889 1271 2920 ‹
1309 2872 1666 2927 Recordemur
1702 2877 1919 2943 piscium
1944 2917 1959 2940 ,
1987 2894 2119 2946 quos
2144 2894 2235 2935 co-

691 2956 1024 3009 tnedebamus
1054 2958 1103 3009 iu
1126 2958 1379 3026 Egypto,
1402 2975 1733 3015 cucumerum
1764 2974 1815 3017 et
1862 2980 2141 3034 peponum,
2185 2976 2239 3023 et

688 3058 962 3113 porrorum
993 3052 1046 3097 et
1068 3058 1311 3111 ceparum
1354 3055 1405 3100 et
1442 3048 1704 3103 alliorum.
1733 3052 1877 3107 Nunc
1915 3066 2087 3108 autem
2118 3057 2235 3110 ani-

689 3146 772 3184 ma
818 3138 993 3185 nostra
1049 3133 1231 3196 arida;
1284 3134 1410 3188 nihil
1460 3147 1655 3205 prazter
1705 3155 1895 3195 manna
1949 3146 2234 3213 respiciunt

689 3219 825 3271 oculi
856 3220 1020 3273 nostri
1057 3238 1075 3271 t
1116 3221 1132 3287 (
1160 3220 1317 3273 Num.
1351 3224 1433 3277 li.
1460 3225 1511 3278 5.
1536 3226 1619 3294 6).
1644 3226 1899 3282 Utautem
1923 3232 2231 3289 seditionem

688 3321 869 3359 eorum
911 3310 1137 3375 graviter
1166 3310 1362 3364 ferebat
1386 3350 1400 3373 ,
1432 3321 1485 3366 ei
1520 3320 1630 3373 Deo
1649 3319 2000 3390 supplicabat,
2036 3322 2233 3377 addidit

687 3396 734 3449 ei
763 3399 1082 3465 septuaginta
1111 3400 1363 3464 seniores,
1391 3403 1476 3469 qui
1504 3415 1703 3471 partem
1731 3407 1971 3476 vituperii
1994 3425 2111 3464 cum
2144 3413 2233 3466 illo

686 3482 902 3537 terrent.
931 3484 1075 3537 Tunc
1104 3486 1226 3540 Jesu
1255 3487 1361 3541 ﬁlio
1392 3487 1531 3544 Nave
1560 3491 1783 3556 dicente,
1820 3495 2045 3551 Prohibe
2073 3498 2230 3553 lilium

686 3572 847 3627 Eldad
870 3583 923 3627 et
950 3573 1130 3627 Modad
1155 3591 1219 3630 ne
1244 3578 1571 3644 prophetent,
1600 3582 1673 3634 ait
1697 3583 1864 3637 Muses
1886 3603 1897 3637 :
1919 3583 2055 3639 Nunt
2070 3603 2224 3641 temu-

691 3663 811 3715 laris
847 3672 897 3716 tu
938 3682 1027 3731 pro
1053 3682 1128 3719 me
1156 3666 1181 3719 Ρ
1207 3666 1270 3719 Et
1306 3670 1414 3734 quis
1442 3671 1628 3723 dederit
1655 3682 1707 3725 ut
1738 3682 1863 3727 totus
1890 3678 2101 3745 populus
2133 3678 2235 3731 Do-

687 3755 807 3806 mini
834 3757 1086 3823 propltette
1116 3758 1215 3809 sint
1242 3759 1259 3825 (
1292 3757 1450 3813 Num.
1483 3762 1566 3814 li.
1595 3762 1662 3815 29
1690 3762 1709 3831 )
1735 3764 1751 3794 ¹
1782 3766 1804 3815 'l
1832 3764 1975 3821 Tunc
2001 3768 2234 3824 ascendit

689 3846 930 3899 coturnix
966 3861 995 3899 a
1028 3847 1245 3900 Domino
1268 3888 1283 3914 ,
1312 3857 1363 3902 et
1389 3851 1749 3906 comederunt.
1780 3853 1843 3907 Et
1872 3870 2054 3912 carnes
2083 3868 2231 3913 erant

689 3933 740 3986 in
778 3933 1020 3988 dentibus
1060 3949 1275 3998 eorum,
1315 3937 1615 4007 priusquam
1655 3940 1961 3996 deﬁcerent.
2014 3944 2124 3999 Hoc
2176 3946 2226 4000 in

688 4023 896 4079 Pssimo
930 4025 1084 4078 etiam
1124 4026 1314 4077 dictum
1340 4039 1420 4079 est
1453 4045 1465 4080 :
1498 4029 1673 4081 Adhuc
1710 4046 1820 4083 esca
1854 4049 2022 4085 eorum
2048 4046 2150 4087 erat
2178 4037 2229 4089 iit

685 4128 771 4164 «re
800 4113 1039 4176 ipsorum,
1078 4123 1125 4165 et
1163 4116 1238 4165 ira
1283 4113 1369 4166 Dei
1397 4118 1614 4168 ascendit
1650 4134 1795 4187 super
1823 4135 1904 4173 eos
1933 4137 1950 4172 :
1974 4128 2019 4174 et
2053 4123 2229 4176 occidit

682 4218 736 4257 sit
764 4203 988 4271 pluribus
1007 4218 1171 4255 eorum
1196 4203 1361 4273 (Psal.
1396 4206 1483 4259 77.
1514 4208 1599 4262 50.
1630 4208 1716 4275 3i)
1737 4210 1775 4260 ’.
1811 4209 2029 4266 Vocatus
2054 4222 2225 4267 autem

684 4302 766 4346 est
793 4303 963 4345 autem
1004 4292 1085 4345 hic
1121 4293 1266 4347 locus
1289 4295 1539 4363 Sepulcra
1582 4301 2035 4367 concupiscenti:e.
2080 4305 2228 4361 Tunc

684 4379 895 4449 loquuta
934 4389 1012 4434 est
1040 4390 1219 4436 contra
1260 4382 1484 4453 Moysem
1515 4386 1669 4439 Maria
1693 4387 1871 4443 dicens
1900 4407 1913 4443 :
1951 4391 2089 4447 Num
2131 4395 2229 4463 ipsi

684 4471 779 4522 soli
815 4471 1041 4538 loquutus
1087 4482 1156 4524 est
1194 4471 1325 4524 Deus
1354 4474 1372 4543 (
1404 4475 1559 4528 Num.
1585 4477 1670 4532 12.
1701 4476 1776 4547 2)
1807 4478 1829 4532 ἳ
1855 4480 1983 4533 Cum
2011 4482 2228 4539 dixisset

685 4571 814 4610 vero
859 4557 1012 4621 Deus,
1052 4573 1109 4612 se
1155 4559 1249 4627 ipsi
1296 4561 1391 4613 soli
1432 4563 1801 4632 prophetarum
1843 4569 1910 4622 ita
1957 4569 2221 4640 loquutum

685 4659 821 4709 esse,
863 4647 1073 4699 immisit
1112 4648 1305 4716 lepram
1352 4651 1403 4702 in
1440 4651 1675 4718 Mariam,
1706 4654 1985 4726 Moyseque
2010 4673 2226 4730 rogante

682 4747 777 4801 pro
807 4733 888 4786 illa
914 4774 927 4797 ,
959 4750 1058 4787 nou
1087 4736 1202 4789 tulit
1231 4751 1345 4789 eam
1372 4740 1515 4805 prius
1543 4741 1778 4796 mandari
1805 4784 1819 4809 ,
1846 4761 1998 4813 quam
2024 4759 2221 4816 septem

683 4819 795 4872 dies
824 4830 967 4875 extra
994 4832 1162 4877 castra
1201 4826 1495 4880 mansisset.
1529 4828 1680 4883 Mittit
1720 4847 1843 4902 ergo
1881 4837 2132 4903 quosdam
2160 4854 2223 4893 ex

756 4958 1278 5043 L-lg‘ll’ib‘lii—sﬁ‘rfccis,
1312 4969 1391 5025 Μὴ
1416 4971 1569 5027 ζηλοῖς
1590 4973 1687 5034 ἐμέ.
1715 4977 1805 5023 Καὶ
1831 4978 1899 5034 τίς
1918 4980 1983 5042 δῷ
2006 4981 2141 5027 παντὶ
2162 4984 2229 5043 τῷ

693 5014 792 5079 λαῷ
817 5022 985 5080 Κυρίου
1016 5014 1279 5086 necprius;

744 5088 847 5167 ξιξ.
867 5090 1533 5167 multisicrzeeislulitDROInq
1564 5109 1597 5145 ιν
1618 5113 1691 5154 τοις
1714 5112 1830 5148 κίοσιν
1850 5113 1988 5161 αὗτῶν,
2022 5105 2077 5167 in
2115 5108 2220 5167 pin-

680 5146 1053 5227 guibus‘eorun‘t.
1080 5151 1295 5227 Vulgata,
1562 5146 1739 5227 eorum,
1760 5146 1836 5208 "ct
1854 5146 1958 5211 "Leié'
1976 5146 2219 5227 ,al'tig

682 5209 1087 5286 ggﬂtemetes
1111 5209 1303 5286 veteres
1324 5209 1583 5286 secundum
1624 5209 2215 5286 lectionemﬁultebraicaﬁm,

682 5271 1005 5338 animum.
1045 5272 1132 5318 Sed
1182 5272 1226 5317 in
1272 5275 1600 5324 vetustissunis
1649 5280 2004 5338 exemplaribus
2050 5271 2219 5336 creat;

679 5334 838 5410 multis
859 5336 1124 5410 legebatur,
1140 5350 1174 5387 ty
1196 5355 1269 5395 τοις
1290 5351 1446 5410 «ξείνη
1467 5356 1607 5410 dedit,
1622 5344 1669 5410 iit
1688 5334 1900 5407 pluribus
1921 5361 2099 5410 eorum.
2122 5334 2217 5410 Qua

677 5393 740 5441 de
764 5407 817 5461 re
837 5393 943 5445 νὶδό
956 5393 1289 5461 Hieronymum
1314 5402 1453 5456 Epist.
1478 5405 1535 5451 ad
1560 5393 1744 5452 Simiam
1770 5413 1819 5453 et
1838 5393 2106 5460 iieiéitT'éi
2126 5393 2216 5461 itii:

676 5457 913 5513 gustinum
953 5460 997 5505 iu
1034 5457 1232 5531 psalmos
1268 5458 1359 5509 hoc
1390 5460 1509 5531 loco.
1550 5464 1877 5531 'riteodoretus
1905 5471 2045 5517 etiam
2067 5457 2215 5531 11;}.

675 5525 829 5587 κλειοσιν
851 5528 988 5587 ἀυτῶ-ν
1003 5520 1080 5587 ubi
1106 5516 1347 5587 Interpres
1370 5526 1529 5580 vertit,
1549 5523 1742 5587 pingues
1763 5540 1940 5587 eorum,
1967 5516 2060 5577 non
2075 5516 2214 5581 sed}?

675 5580 777 5619 rate
793 5586 930 5651 sane.
958 5577 1353 5648 Interpretatione
1374 5577 1613 5634 autem'in
1630 5577 1804 5651 't’saltn.
1831 5588 1908 5646 77,
1926 5577 2213 5651 quaminter

670 5635 830 5693 spuria
850 5635 1185 5709 ablcgnt‘ililus,
1212 5652 1244 5688 t.
1277 5658 1347 5700 τοῖς
1366 5654 1519 5694 κλιίωιν
1541 5656 1653 5694 αὐτῶν
1680 5646 1868 5709 tegitur.

1370 371 1425 429 S.
1464 371 1736 430 JOANNIS
1770 368 2233 428 CHRYSOSTOMI
2273 366 2584 426 ARClllEP.
2623 370 3141 431 CONSTANTINOP.

3795 393 3906 444 332

2347 484 2539 550 populo
2578 486 2912 554 exploratum
2956 497 3145 543 terram
3177 489 3616 545 Chananteorum.
3654 490 3765 557 Ωιω
3794 507 3899 546 es-

2347 569 2566 635 piorata,
2598 587 2749 626 uvam
2790 575 2911 629 inde
2950 583 3241 644 gestarunt,
3285 586 3581 647 terramque
3614 577 3897 635 admodum

2345 657 2639 712 laudabant.
2674 661 2779 715 Sed
2820 663 3076 717 timebant
3112 664 3360 733 populum
3395 710 3409 734 ,
3446 666 3585 734 quod
3616 665 3899 723 bellatores

2342 744 2447 798 illic
2484 744 2581 799 viri
2623 757 2817 802 essent.
2846 749 3044 805 Chaleb
3069 760 3244 805 autem
3271 751 3407 804 ﬁlius
3434 752 3706 821 Jephone,
3733 763 3790 809 et
3811 754 3899 809 Je-

2342 847 2431 887 sus
2462 834 2597 890 ﬁlius
2621 836 2761 892 Nave
2787 879 2802 901 ,
2833 840 2923 907 qui
2946 847 2999 893 et
3023 840 3121 907 ipsi
3157 853 3221 894 ex
3262 854 3481 895 numero
3505 842 3895 911 exploratorum

2342 933 2511 987 erant,
2542 925 2734 992 populo
2769 928 2973 981 animos
3000 927 3259 983 addebant
3294 947 3308 984 :
3336 930 3406 985 illi
3437 939 3609 985 autem
3638 944 3899 988 venerunt

2343 1007 2626 1076 lapidatum
2674 1027 2786 1067 eos.
2828 1014 3130 1084 Rursusque
3175 1016 3336 1072 Deum
3379 1017 3735 1075 irritaverant.
3763 1022 3897 1077 Tum

2340 1096 2469 1151 dixit
2498 1099 2657 1165 Deus,
2688 1116 2792 1155 non
2818 1118 3129 1158 ascensuros
3153 1119 3272 1160 esse
3305 1120 3398 1161 eos
3425 1108 3510 1176 qui
3537 1124 3900 1167 murmurave-

2341 1196 2461 1240 rttnt
2486 1188 2535 1241 in
2561 1198 2752 1244 terram
2781 1194 3159 1261 promissionis,
3190 1196 3291 1251 nisi
3313 1204 3509 1251 tantum
3533 1198 3670 1254 ﬁlios
3690 1215 3895 1270 eorum,

2340 1283 2393 1329 et
2414 1276 2610 1333 Chaleb
2640 1280 2800 1334 ﬁlium
2826 1282 3083 1351 Jephone,
3114 1294 3166 1339 et
3194 1286 3394 1342 Jesttm.
3422 1288 3770 1361 Quadraginta
3802 1309 3896 1349 au-

2343 1373 2444 1418 tem
2477 1367 2650 1433 annis,
2680 1370 2863 1438 inquit,
2892 1383 3046 1426 erunt
3075 1374 3125 1427 in
3151 1374 3363 1430 deserto
3390 1416 3405 1444 ,
3445 1377 3613 1434 donec
3650 1379 3742 1435 ﬁlii
3784 1398 3900 1438 cre-

2343 1457 2533 1519 verint,
2554 1459 2839 1512 secundum
2868 1477 3140 1516 numerum
3176 1464 3400 1532 dierum,
3431 1467 3621 1537 quibus
3645 1471 3901 1527 visitave-

2340 1553 2464 1598 runt
2493 1554 2707 1600 terram.
2743 1549 2889 1603 Tunc
2927 1552 3282 1620 exploratores
3311 1570 3493 1612 omnes
3530 1560 3722 1614 mortui
3749 1570 3895 1628 sunt,

2340 1636 2572 1703 exceptis
2592 1636 2788 1693 Chaleb
2812 1648 2863 1693 et
2888 1641 3009 1695 Jesu
3037 1642 3142 1696 ﬁlio
3167 1644 3304 1698 Nave
3338 1663 3350 1699 :
3381 1645 3625 1717 ﬁevitque
3650 1650 3896 1718 populus.

2340 1725 2705 1782 Ascenderunt
2731 1742 2911 1784 contra
2943 1733 3157 1788 Amalec
3184 1745 3377 1803 praeter
3413 1737 3501 1792 Dei
3534 1739 3818 1807 placitum,
3848 1752 3901 1797 et

2340 1829 2462 1868 arca
2493 1818 2685 1871 mansit
2713 1819 2763 1871 in
2794 1822 2976 1874 castris
3005 1836 3123 1878 cum
3151 1823 3346 1893 Moyse.
3380 1825 3657 1896 Exivitque
3686 1831 3899 1885 Amalec

2340 1912 2393 1955 et
2423 1907 2680 1971 percussit
2705 1922 2815 1961 eos.
2844 1909 3148 1979 Prmcipitur
3167 1912 3233 1968 de
3254 1913 3593 1982 holocaustis,
3627 1918 3695 1973 de
3721 1920 3901 1989 primi-

2342 1991 2444 2057 tiis,
2475 1992 2541 2047 de
2569 1995 2835 2050 sacriﬁciis
2870 2012 2964 2065 pro
3002 2000 3211 2055 delicto.
3245 2002 3618 2070 Dcprehensus
3646 2017 3731 2061 est
3751 2012 3898 2078 quis-

2339 2082 2474 2149 piam
2515 2082 2655 2152 ligna
2700 2087 2953 2155 colligens
3004 2091 3055 2143 in
3095 2091 3347 2159 sabbato,
3406 2102 3459 2148 et
3500 2094 3758 2163 lapidatus
3798 2110 3897 2155 est.

2340 2170 2719 2238 Prmcipiunlur
2740 2174 2970 2231 ﬁmbrias
2993 2179 3042 2231 in
3062 2180 3170 2235 oris
3195 2179 3387 2237 facere.
3410 2182 3485 2239 De
3508 2184 3663 2252 Core,
3698 2187 3897 2243 Datban

2338 2268 2389 2312 et
2416 2260 2611 2315 Abiron
2639 2278 2653 2314 :
2685 2265 2934 2319 tumultus
2954 2281 3157 2331 eorum,
3177 2278 3230 2323 et
3256 2284 3426 2338 pennae
3464 2286 3596 2342 quas
3619 2274 3896 2331 dederunt.

2344 2347 2437 2401 His
2480 2352 2730 2417 peractis,
2776 2355 2962 2422 reliqui
3001 2356 3067 2411 de
3100 2359 3292 2426 populo
3316 2376 3418 2415 non
3448 2362 3511 2417 ad
3539 2364 3810 2419 meliorem
3841 2382 3898 2422 se

2339 2436 2539 2506 frugem
2567 2452 2912 2509 receperunt,
2945 2444 3038 2499 sed
3067 2461 3247 2501 rursus
3275 2449 3671 2506 insurrexerunt
3712 2466 3896 2508 contra

2340 2527 2589 2598 Moysem,
2638 2533 3032 2603 moriunturque
3066 2538 3458 2602 quatuordecim
3506 2542 3651 2597 mille
3692 2546 3897 2612 septin-

2338 2619 2499 2686 genti.
2521 2619 2668 2673 Tunc
2693 2620 2867 2676 ﬂoruit
2893 2624 3034 2693 virga
3060 2627 3300 2681 Aaronis.
3324 2628 3457 2683 Dicit
3480 2638 3533 2685 et
3556 2633 3744 2687 statuit
3768 2634 3893 2702 quid

2337 2709 2575 2776 accipere
2610 2710 2834 2765 debeant
2862 2712 3055 2768 Levita:
3092 2724 3145 2771 et
3170 2718 3419 2774 sacerdos
3445 2734 3663 2791 magnus
3684 2762 3698 2787 ,
3732 2732 3783 2778 et
3813 2724 3891 2778 le-

2336 2809 2453 2864 gem
2480 2797 2570 2851 dat
2606 2798 2671 2852 de
2709 2800 2886 2855 cinere
2923 2802 3119 2868 vitulte,
3152 2820 3215 2859 ex
3266 2820 3366 2875 qua
3404 2811 3727 2877 aspcrsionis
3756 2827 3893 2882 aqua

2336 2883 2513 2937 ﬁebat.
2542 2886 2685 2939 Hanc
2713 2904 2867 2955 porro
2892 2891 3103 2945 vitulam
3135 2895 3301 2947 visum
3332 2905 3413 2950 est
3435 2898 3745 2966 quibusdam
3774 2916 3895 2957 esse

2342 2972 2555 3039 ﬁguram
2594 2978 2847 3041 passionis
2878 2979 3081 3035 Domini
3103 2984 3266 3038 nostri
3291 2983 3416 3040 Jesu
3445 2984 3659 3043 Christi.
3685 2990 3789 3045 Per
3814 2993 3893 3045 ci-

2339 3076 2518 3117 nerem
2564 3074 2737 3118 autem
2782 3069 2956 3123 vitula:
3005 3072 3352 3129 mundabatur
3392 3074 3437 3130 is
3469 3076 3555 3145 qui
3595 3078 3894 3135 immundus

2335 3161 2448 3205 erat
2472 3167 2499 3205 a
2527 3165 2753 3209 mortuo.
2789 3156 2941 3211 Venit
2967 3168 3142 3214 autem
3173 3164 3394 3231 populus
3423 3165 3475 3219 in
3498 3164 3687 3231 Cades,
3717 3167 3895 3238 ibique

2336 3250 2542 3293 mortua
2571 3244 2877 3312 sepultaque
2903 3255 2982 3299 est
3003 3246 3181 3301 Maria.
3214 3249 3498 3307 Deﬁciente
3526 3267 3659 3323 aqua
3684 3270 3893 3311 rursum

2336 3339 2657 3382 murmurant
2680 3330 2844 3385 Judzei
2877 3350 2890 3385 :
2945 3332 3149 3404 Moyses
3187 3351 3313 3391 vero
3352 3346 3407 3392 et
3442 3340 3617 3395 Aaron
3641 3340 3896 3410 jubentur

2335 3429 2522 3483 aquam
2556 3417 2621 3471 de
2658 3428 2799 3486 petra
2840 3420 3082 3477 educere.
3114 3423 3377 3481 Percussit
3405 3427 3545 3481 illam
3577 3428 3785 3498 Moyses
3813 3431 3893 3486 di-

2332 3516 2495 3557 cens:
2532 3504 2791 3575 Numquid
2832 3525 2891 3562 ex
2933 3511 3026 3564 hac
3067 3522 3203 3581 petra
3239 3515 3505 3571 educemus
3542 3518 3674 3573 vobis
3712 3536 3893 3589 aquam

2335 3592 2517 3662 (Nunt.
2548 3595 2636 3650 20.
2678 3598 2764 3667 10)
2799 3598 2822 3658 τ
2852 3599 2914 3653 Et
2942 3615 3145 3670 egressa
3184 3613 3264 3658 est
3305 3618 3457 3675 aqua.
3497 3606 3745 3677 Dixitque
3789 3610 3893 3665 Do-

2335 3683 2508 3737 minus
2551 3684 2615 3737 ad
2667 3684 2894 3755 Moysem
2941 3698 2993 3743 et
3040 3691 3260 3745 Aaron:
3310 3692 3439 3759 Quia
3477 3711 3576 3749 non
3614 3699 3894 3755 credidistis

2334 3772 2455 3823 mihi
2475 3812 2487 3835 ,
2504 3780 2571 3824 ‘ut
2608 3776 2981 3843 sanctificaretis
3008 3795 3083 3833 me
3108 3795 3276 3834 coram
3306 3783 3424 3850 ﬁliis
3449 3782 3630 3852 Israel,
3656 3787 3771 3842 ideo
3794 3806 3893 3844 non

2332 3858 2648 3915 introducetis
2690 3879 2774 3917 vos
2816 3864 2947 3918 hunc
2979 3876 3153 3922 emtum
3182 3870 3234 3924 in
3259 3880 3439 3926 terram
3457 3912 3476 3942 ,
3505 3890 3652 3944 quam
3680 3876 3803 3931 dedi
3824 3882 3893 3935 eis

2333 3946 2551 4015 (Ibide.
2572 3950 2680 4018 12).
2703 3952 2801 4007 Per
2825 3953 3022 4023 legatos
3042 3957 3147 4026 agit
3173 3957 3378 4027 Moyses
3401 3975 3520 4016 cum
3543 3977 3665 4033 rege
3691 3964 3889 4033 Edam,

2333 4046 2389 4091 ut
2432 4053 2523 4093 eos
2563 4042 2789 4096 transire
2827 4044 3063 4100 sineret:
3103 4047 3188 4102 ille
3216 4063 3342 4103 vero
3378 4065 3482 4106 non
3521 4053 3760 4121 permisit
3794 4073 3811 4110 :
3842 4067 3893 4111 et

2330 4126 2721 4184 declinaverunt
2740 4132 2806 4185 ab
2833 4148 2898 4187 eo
2924 4134 3013 4187 ﬁlii
3038 4135 3219 4193 Israel.
3246 4136 3316 4194 Ut
3340 4148 3511 4194 autem
3536 4155 3893 4210 pervenerunt

2332 4215 2382 4269 in
2415 4228 2642 4271 montem
2671 4219 2761 4280 Or,
2786 4219 2934 4288 jussu
2979 4222 3067 4277 Dei
3110 4226 3393 4295 assumptis
3434 4227 3637 4299 Moyses
3673 4231 3893 4287 Aarone

2331 4312 2384 4357 et
2412 4304 2660 4360 Eleazaro
2690 4308 2797 4360 lilio
2827 4309 2959 4377 ejus,
2991 4311 3207 4367 adduxit
3234 4327 3325 4367 eos
3350 4314 3399 4369 in
3431 4325 3695 4371 montem:
3726 4330 3779 4373 ct
3813 4321 3890 4373 itt-

2329 4394 2439 4449 duit
2467 4396 2770 4450 Eleazarum
2800 4400 3031 4454 vestibus
3065 4402 3199 4470 ejus.
3234 4405 3406 4460 Aaron
3440 4415 3616 4462 autem
3646 4418 3893 4465 mortuus

2330 4490 2412 4537 est
2439 4484 2488 4537 in
2519 4496 2713 4540 monte.
2742 4487 3009 4557 Flevitque
3037 4493 3256 4559 populus
3281 4494 3487 4565 triginta
3518 4495 3721 4552 diebus.
3757 4500 3891 4554 Chao

2331 4585 2571 4625 nanmum
2604 4574 2869 4640 vicerunt,
2902 4588 2950 4630 et
2989 4578 3321 4636 anathemate
3352 4580 3619 4638 ierierunt.
3656 4586 3890 4644 Profecti

2328 4671 2500 4714 autem
2531 4661 2595 4714 ad
2624 4678 2769 4717 mare
2798 4664 3028 4719 Rubrum
3053 4706 3067 4732 ,
3112 4669 3435 4725 circuierunt
3463 4681 3654 4728 terram
3691 4674 3887 4744 Edoni,

2328 4760 2381 4805 et
2398 4751 2572 4803 animo
2588 4751 2910 4820 defecerunt,
2936 4769 3496 4831 murmuraveruntque
3522 4772 3703 4819 contra
3739 4766 3886 4835 Moy-

2326 4854 2437 4894 sem
2469 4842 2819 4912 :immisitque
2845 4844 2895 4897 in
2925 4860 3017 4900 eos
3056 4847 3193 4903 Deus
3231 4861 3506 4920 serpentes
3531 4855 3619 4922 qui
3647 4855 3769 4911 illos
3795 4874 3887 4913 oc-

2324 4929 2578 4984 ciderent.
2629 4933 2980 5003 l’recatusque
3024 4946 3106 4992 est
3152 4939 3393 5010 Moyses,
3433 4952 3487 4997 et
3520 4943 3739 5013 iubente
3779 4949 3889 5005 Deo

2326 5016 2449 5073 fecit
2486 5032 2784 5090 serpentem
2823 5040 3025 5079 a-neum
3060 5042 3073 5078 :
3102 5028 3189 5096 qui
3222 5044 3350 5085 vero
3378 5032 3740 5104 mordebatur,
3767 5052 3885 5095 cum

2324 5108 2611 5174 respiceret
2657 5111 2707 5163 in
2755 5123 3095 5180 serpentem,
3134 5118 3359 5172 vivebat.
3396 5120 3471 5175 De
3509 5121 3608 5176 hoc
3632 5138 3885 5192 serpente

2325 5196 2520 5251 dictum
2569 5205 2723 5258 estin
2741 5203 3020 5270 Evangelia
3054 5222 3067 5258 :
3099 5203 3238 5259 Sicut
3280 5208 3513 5262 eaaltauit
3544 5212 3750 5281 Moyses
3783 5232 3884 5269 ser-

2324 5296 2515 5353 pentem
2555 5289 2613 5341 in
2656 5290 2845 5344 deserto
2864 5332 2879 5357 ,
2906 5292 2976 5345 ita
3011 5305 3198 5362 oportet
3226 5298 3435 5351 exaltari
3456 5295 3644 5354 Filium
3666 5302 3880 5361 hominis

2327 5376 2515 5446 (Joan.
2548 5381 2600 5433 5.
2630 5382 2694 5434 id
2720 5382 2756 5449 ).
2783 5382 3003 5451 Legatos
3032 5386 3189 5439 mittit
3212 5388 3416 5458 Moyses
3444 5390 3509 5444 ad
3534 5390 3672 5447 Scon
3700 5410 3879 5465 regem

2325 5469 2777 5525 Antorrha'orum.
2829 5474 2924 5528 llic
2973 5487 3147 5529 autem
3193 5477 3330 5533 Scon
3375 5496 3493 5535 cum
3537 5483 3732 5538 bellum
3760 5497 3880 5540 ante

2322 5563 2572 5613 movisset
2611 5571 2791 5616 contra
2831 5580 3004 5633 regem
3045 5565 3225 5633 Moab,
3257 5571 3395 5637 cepit
3424 5580 3614 5626 terram
3643 5573 3780 5642 ejus.
3813 5575 3880 5631 Ut

2321 5665 2443 5707 vero
2469 5651 2625 5707 etiam
2665 5663 2843 5708 contra
2878 5655 3133 5711 lsraclitas
3164 5657 3397 5725 prmliutn
3424 5663 3726 5729 commisit,
3758 5680 3877 5734 pro.
