4062 6460
154 403 251 457 331

160 522 287 574 μητε
312 504 673 573 μοιχευθεῖσαν
722 504 971 557 δύνασθαι
991 503 1187 557 λαϐεῖν.
1220 506 1350 575 Περὶ
1385 505 1482 573 τῆς
1518 504 1681 573 εὐχῆς

156 586 243 638 ⁴τοῦ
281 586 543 654 ἀγιασμοῦ
585 585 914 639 διατάττεται
941 624 954 649 ,
1016 586 1245 648 καὶπῶς
1276 586 1355 637 δεῖ
1402 587 1489 638 τὸν
1540 584 1683 653 ἱερέα

156 668 387 732 εὐλογεῖν
415 667 537 727 τοὺς
583 668 725 728 υἱοὺς
758 668 985 736 Ἰσραήλ.
1033 668 1118 727 Ὠς
1155 667 1209 718 δέ
1257 667 1383 735 ἔστη
1420 668 1453 734 ἡ
1481 665 1681 733 σκηνὴ,

154 748 404 816 περιῆγον
429 747 474 797 οἱ
505 747 754 815 ἄρχοντες
780 747 923 817 δῶρα
948 748 1112 800 πολλά
1131 765 1189 799 τε
1216 749 1307 801 καὶ
1334 746 1556 816 μεγάλα.
1583 746 1685 795 Κε-

153 826 356 880 λεύεται
397 826 630 894 Μωῦσῆς
669 828 883 893 ἁγνίσαι
915 829 1036 889 τοὺς
1091 829 1341 889 Λευίτας,
1378 827 1468 879 καὶ
1499 824 1681 878 ἀκούει

153 908 227 957 ὃτι
252 905 361 957 ἀπὸ
381 908 713 968 είκοσαέτους
731 908 809 958 δεῖ
832 909 1021 970 αὐτοὺς
1038 908 1356 975 λειτουργεῖν
1373 908 1462 959 καὶ
1482 907 1680 968 ἐπάνω,

155 985 251 1037 ἀπὸ
280 987 337 1037 δέ
364 988 833 1055 πεντηκονταέτους
860 989 1179 1054 ἀφίστασθαι
1205 990 1299 1057 τῆς
1331 986 1678 1056 λειτουργίας.

158 1064 366 1118 Κελεύει
398 1069 571 1130 αὐτοῖς
597 1071 624 1120 6
661 1069 788 1131 Θεὸς
818 1070 903 1121 διὰ
934 1071 1203 1132 Μωῦσέως
1235 1070 1452 1138 ποιῆσαι
1492 1069 1552 1120 τὸ
1581 1067 1681 1119 πά·-

159 1161 269 1213 σχα.
304 1147 445 1199 Εἰπὲ
475 1148 598 1217 γάρ,
632 1151 780 1217 φησὶ,
804 1150 899 1201 καὶ
925 1152 1273 1203 ποιείτωσαν
1296 1152 1409 1203 υἱοί
1444 1147 1680 1215 Ἰσραὴλ

155 1226 213 1277 τὸ
234 1227 456 1295 πάσχα.
491 1225 596 1281 Ἦν
627 1231 732 1297 γὰρ
761 1232 969 1296 πρῶτος
1000 1232 1103 1299 μὴν
1125 1231 1216 1282 τοῦ
1243 1231 1483 1299 δευτέρου
1510 1231 1676 1289 ἔτους.

156 1308 449 1378 Προσῆλθον
489 1310 547 1361 δὲ
582 1314 630 1362 οί
669 1311 959 1381 ἀκάθαρτοι
987 1314 1223 1375 Μωῡσεῖ,
1283 1314 1372 1365 καὶ
1422 1312 1679 1379 ἀνήνεγκε

157 1388 270 1455 περὶ
303 1389 477 1441 αὐτῶν
509 1390 583 1458 τῷ
610 1391 742 1459 Θεῷ.
780 1395 886 1444 Kal
911 1393 1233 1461 προσέταξεν
1265 1394 1293 1445 6
1323 1392 1451 1453 Θεὸς
1475 1392 1562 1441 τὸν
1608 1388 1679 1457 μὴ

153 1466 431 1534 δυνάμενον
461 1472 518 1522 ἐν
546 1472 620 1540 τῷ
644 1472 839 1542 πρώτῳ
881 1476 1005 1541 μηνὶ
1040 1473 1183 1525 θύειν
1214 1473 1274 1524 τὸ
1300 1473 1499 1539 πάσχα,
1528 1470 1560 1539 ἢ
1594 1470 1678 1520 διὶ

151 1548 203 1598 τὸ
229 1549 529 1618 ἀκάθαρτον
551 1547 703 1612 εἶναι,
733 1554 865 1621 ἦδιά
892 1554 950 1605 τὸ
971 1556 1025 1604 ἐν
1050 1554 1149 1623 ὀδῷ
1176 1555 1358 1621 μακρᾷ
1380 1552 1676 1619 τυγχάνειν,

153 1627 219 1695 τῷ
249 1630 479 1700 δευτέρῳ
520 1635 645 1702 μηνὶ
687 1638 884 1694 ποιεῖν,
919 1638 981 1704 τῇ
1012 1634 1580 1703 τεσσαρεσκαιδεκάτῃ.
1618 1632 1676 1681 El

150 1707 199 1756 δέ
226 1725 304 1769 τις
331 1713 423 1763 καὶ
449 1713 679 1782 καθαρὸς
708 1713 800 1776 ῶν,
829 1716 921 1766 καὶ
943 1716 1037 1765 οὐκ
1066 1714 1140 1765 ὢν
1166 1714 1221 1764 ἐν
1253 1714 1433 1781 μακρᾷ
1456 1710 1576 1779 ὁδῷ,
1605 1709 1676 1779 μὴ

154 1786 378 1853 βούλοιτο
416 1797 583 1846 ποιεῖν
620 1796 680 1847 τὸ
714 1796 893 1864 πάσχα
922 1798 978 1847 ἐν
1016 1795 1090 1863 τῷ
1123 1794 1319 1864 πρώτῳ
1369 1796 1529 1862 μηνὶ,
1577 1793 1677 1843 ὑπὸ

152 1868 411 1936 ἁμαρτίαν
455 1873 623 1925 ἔσται.
670 1875 863 1943 Νόμος,
900 1877 1088 1943 φησιν,
1125 1870 1202 1937 εἷς
1238 1876 1372 1926 ἔστω
1408 1873 1483 1941 τῷ
1515 1889 1679 1940 προσ-

150 1948 317 2017 ηλύτῳ
348 1952 439 2003 καί¹
466 1954 542 2022 τῷ
566 1955 859 2023 αὐτόχθονι.
901 1957 1088 2009 Ἦνίκα
1110 1956 1380 2009 ἀνέϐαινεν
1403 1957 1434 2023 ἡ
1462 1954 1674 2021 νεφέλη,

151 2031 345 2113 ἀπῆρον
376 2033 422 2083 οἱ
453 2034 555 2085 υίοὶ
598 2035 823 2106 Ἰσραὴλ,
848 2038 938 2089 καὶ
967 2032 1026 2090 οὗ
1063 2038 1298 2107 ἀνέστη,
1337 2039 1449 2089 ἐκεῖ
1482 2052 1676 2104 παρεν-

150 2107 374 2162 έϐαλλον.
444 2114 731 2167 Κελεύεται
786 2118 1021 2187 Μωῦσῆς
1082 2120 1298 2187 ποιῆσαι
1379 2116 1676 2181 σάλπιγγας

149 2194 407 2261 ἀργυρᾶς,
452 2197 588 2249 ῶστε
628 2198 693 2249 δι’
717 2199 890 2251 αὐτῶν
933 2200 1208 2268 σημαίνειν
1240 2200 1315 2267 τῷ
1352 2200 1479 2266 λαῷ,
1517 2198 1673 2265 ἡνίκα

149 2274 343 2343 ἀπᾶραι
364 2276 489 2340 δέοι,
510 2278 665 2345 ἡνίκα
699 2284 1014 2346 συναγαγεῖν
1044 2282 1133 2331 τὸν
1163 2280 1284 2332 λαὸν
1318 2283 1373 2333 ἐν
1402 2279 1670 2348 πολέμοις,

150 2353 201 2402 ἐν
225 2354 446 2418 θυσίαις,
482 2359 780 2427 χρὴσασθαι
807 2365 924 2422 ταῖς
955 2361 1199 2428 σάλπιγξι
1227 2363 1446 2423 ταύταις
1474 2363 1529 2413 ἐν
1558 2364 1675 2429 ἐορ-

150 2434 429 2505 ταῖς,ἶ555]
460 2439 516 2488 ἐν
550 2440 885 2508 νεομηνίαις,
922 2444 978 2491 ἐν
1022 2442 1471 2510 ὁλοκαυτώμασιν.
1515 2441 1598 2503 Ὠς
1619 2441 1672 2493 δὲ

149 2513 334 2583 ἐξῆραν
349 2517 398 2566 οί
418 2518 518 2569 υἱοὶ
533 2520 758 2589 Ἰσραὴλ,
784 2522 1074 2589 παρεκάλει
1090 2524 1176 2573 τὸν
1191 2523 1379 2590 ἰωϐἀρ
1400 2534 1423 2560 α
1445 2522 1568 2573 Μωῡ
1579 2523 1671 2589 σῆς

150 2595 250 2647 υίὸν
285 2598 543 2668 Ῥαγουὴλ
567 2600 655 2652 τὸν
685 2603 776 2654 καὶ
799 2604 977 2671 Ἰοθὸρ,
1001 2602 1136 2655 ὥστε
1163 2604 1308 2672 αύτῷ
1334 2607 1422 2657 καὶ
1443 2605 1535 2671 τῆς
1554 2604 1670 2655 ὁδοῦ

150 2680 472 2747 κοινωνῆσαι,
504 2683 594 2732 καὶ⁸
620 2682 724 2734 τῶν
752 2685 1179 2751 ἐπαγγελθέντων
1216 2688 1427 2753 ἀγαθῶν
1454 2687 1632 2747 αὐτοῖς
1653 2701 1665 2713 ·

151 2759 231 2807 καὶ
261 2762 315 2810 ἐν
338 2760 415 2829 τῷ
444 2762 673 2832 ἐξαίρειν
700 2764 795 2833 τὴν
827 2767 1069 2831 κιϐωτὸν,
1095 2765 1211 2819 εἷπε
1237 2770 1489 2836 Μωῦσῆς·
1547 2769 1667 2831 Ἐξ-

149 2838 1239 2911 εγέρθητι,Κύριεβιασκορπισθήτωσαν
1262 2853 1311 2900 οὶ
1326 2850 1519 2913 ἐχθροί
1536 2866 1667 2909 σου,

151 2920 481 2987 φυγέτωσαν
514 2922 729 2988 πάντες
757 2928 809 2977 οἱ
837 2926 1154 2992 μισοῦντές
1189 2943 1280 2979 σε.
1311 2928 1419 2979 Καὶ
1446 2929 1668 2994 ἐγόγγυ-

151 2998 228 3060 ξεν
248 3003 273 3052 6
301 3000 442 3063 λαὸς,
474 3005 564 3055 καὶ
589 3006 824 3074 κατεκάη
856 3008 1013 3077 μέρος
1057 3008 1154 3075 τῆς
1186 3008 1547 3076 παρεμϐολῆς,
1580 3008 1669 3059 καὶ

148 3079 329 3150 ἐκλήθη
351 3084 379 3134 6
397 3085 554 3146 τόπος
583 3087 935 3157 ἐμπυρισμός.
957 3090 1060 3139 Kal
1086 3090 1280 3157 ηὔξατο
1306 3091 1561 3158 Μωῡσῆς,
1581 3090 1670 3141 καὶ

150 3159 401 3214 ἐπαύσατο
434 3166 465 3233 ἡ
495 3168 745 3236 τιμωρία.
779 3169 883 3219 Καὶ
909 3167 1128 3235 ἐζήτουν
1155 3172 1307 3237 κρέα,
1341 3172 1433 3222 καὶ
1460 3171 1664 3237 ἔλεγον·

160 3240 554 3313 Ἐμνήσθημεν
574 3250 713 3313 τοὺς
733 3250 917 3315 ἰχθῦς,
957 3251 1061 3314 οὓς
1087 3252 1371 3319 ἠσθίομεν
1397 3254 1464 3305 ἐν
1499 3255 1671 3320 Αίγύ-

152 3334 276 3385 πτῳ,
306 3326 441 3390 τοὺς
461 3327 728 3393 σικύους,
758 3330 850 3381 καὶ
886 3331 1023 3393 τοὺς
1053 3331 1330 3396 πέπονας,
1364 3335 1432 3384 τὰ
1453 3333 1667 3398 πράσα,

153 3403 212 3453 τὰ
235 3406 514 3473 κρόμμυα,
541 3409 611 3461 τὰ
635 3409 887 3475 σκόροδα
913 3412 958 3463 b.
989 3412 1114 3463 Νῦν
1142 3411 1209 3463 δὲ
1242 3413 1278 3474 ἡ
1310 3412 1476 3479 ψυχὴ
1508 3412 1671 3479 ἡμῶν

151 3487 493 3554 κατάξηρος’
532 3490 710 3542 οὐδὲν
736 3492 899 3557 πλὴν
924 3495 1009 3557 είς
1041 3493 1105 3544 τὸ
1130 3494 1328 3561 μάννα
1356 3496 1407 3544 οὶ
1452 3495 1668 3560 ὀφθαλ-

148 3566 232 3630 μοί
265 3567 442 3634 ἡμῶν.
476 3571 560 3630 Ὠς
585 3570 639 3622 δέ
671 3571 954 3640 ἐϐαρύνετο
984 3573 1078 3643 τὴν
1104 3574 1442 3626 ἀντιστασίαν
1474 3573 1667 3636 αὐτῶν,

152 3649 228 3699 καὶ
257 3651 567 3722 ἐνετύγχανε
592 3654 666 3722 τῷ
694 3655 827 3724 Θεῷ,
867 3656 1211 3726 προστίθησιν
1252 3656 1397 3724 αὐτῷ
1444 3656 1669 3724 ἐϐδομή-

152 3744 293 3781 κοντα
320 3734 733 3803 πρεσϐυτέρους,
762 3736 898 3787 ὥστε
934 3736 1391 3805 συλλαμϐάνεσθαι
1436 3737 1582 3803 αὐτῷ
1615 3738 1670 3787 ἐν

149 3812 203 3899 ff]
232 3812 384 3899 ἀρχῇ.
416 3815 548 3899 Τόπε
580 3816 692 3899 τοῦ,
716 3819 885 3899 ξιησοῦ
932 3818 1023 3869 τοῦ
1062 3820 1213 3887 Ναυῆ
1249 3819 1515 3881 εἰπόντος’
1548 3818 1670 3871 Κώ-

150 3894 286 3943 λυσον
307 3894 393 3945 τὸν
430 3896 544 3946 υἱὸν
589 3896 768 3949 mm
802 3900 890 3949 καὶ
933 3900 1126 3952 Μωδάδ
1162 3899 1253 3951 τοῦ
1287 3900 1669 3967 προφητεύειν,

150 3974 333 4040 φησὶ·νό
360 3978 623 4044 Μωῦσῆς·
647 3979 856 4044 Ζηλοῖς
875 3981 951 4033 σύ
973 3998 1106 4047 μου
1137 3982 1242 4033 Καὶ
1272 3982 1359 4045 τίς
1386 3981 1466 4045 δῷ
1484 3983 1670 4035 ᾶπαν-

149 4068 210 4107 τα
232 4057 328 4110 τὸν
351 4062 502 4113 λαὸν
539 4062 752 4127 Κυρίου
782 4062 1083 4130 προφήτας
1095 4080 1114 4127 ;
1149 4064 1278 4115 Τότε
1317 4064 1479 4131 ἀνέϐη
1512 4064 1668 4132 ὀρτυ-

148 4139 373 4208 γομήτρα
401 4140 551 4210 παρά
578 4142 799 4211 Κυρίου,
836 4143 926 4195 καὶ
964 4145 1180 4211 ἔφαγον.
1213 4144 1320 4197 Kal
1340 4145 1406 4197 τά
1431 4146 1563 4213 κρέα
1600 4141 1667 4213 ἡν

150 4218 197 4268 ἐν
224 4222 327 4282 τοῖς
356 4221 563 4274 ὀδοῦσιν
587 4223 783 4285 αὐτῶν,
814 4224 939 4293 πρὶν
968 4226 998 4293 ἢ
1027 4225 1281 4279 ἐκλιπεῖν.
1313 4225 1476 4277 Τοῦτο
1512 4227 1571 4278 τὸ
1610 4230 1668 4279 ἐν

149 4300 322 4372 ψαλμῷ
360 4304 670 4374 είρημένον·
704 4306 820 4356 Ἔτι
850 4306 956 4373 τῆς
977 4308 1253 4373 ,βρώσεως
1282 4309 1467 4373 οὔσης
1496 4309 1564 4359 ἐν
1590 4308 1668 4371 τῷ

150 4385 367 4450 στόματι
393 4385 608 4446 αὐτῶν,
643 4386 738 4441 καί
764 4386 904 4453 ὀργὴ
928 4388 1029 4440 τοῦ
1062 4388 1205 4441 Θεοῦ
1238 4389 1414 4454 ἀνέϐη
1452 4390 1541 4441 ἐπ’
1562 4392 1666 4443 αὺ-

148 4465 302 4528 τούς·
346 4467 441 4518 καί
482 4465 829 4519 ἀπέκτεινεν
862 4468 930 4520 ἐν
980 4468 1101 4533 τοῖς
1148 4470 1417 4521 πλείοσιν
1452 4469 1663 4523 αὐτῶν.

160 4544 363 4617 Ἐκλήθη
390 4549 445 4601 δέ
480 4551 508 4602 6
536 4550 697 4611 τόπος
724 4543 875 4611 οὗτος
914 4551 1161 4619 μνήματα
1190 4550 1494 4619 ἐπιθυμίας.
1537 4552 1667 4601 Τότε

151 4627 449 4697 κατιλάλησε
478 4629 560 4698 τῷ
586 4631 805 4682 Μωῦσεῖ
829 4631 1011 4699 Μαρία
1035 4672 1049 4691 ,
1078 4631 1300 4697 λέγουσα
1318 4648 1330 4661 ·
1372 4630 1423 4683 Μ
1436 4632 1467 4697 ὴ
1512 4630 1668 4693 αὐτῷ

146 4707 285 4773 μόνῳ
308 4709 607 4777 ἐλάλησεν
630 4713 662 4763 ό
688 4712 825 4775 Θεός
847 4730 866 4774 ;
898 4712 1077 4764 Εἰπὼν
1109 4712 1165 4763 δὲ
1196 4713 1223 4762 6
1247 4712 1397 4773 Θεὸς,
1426 4713 1503 4764 ὄτι
1525 4710 1668 4778 αύτῷ

153 4788 274 4856 μόνῳ
306 4793 593 4862 προφητῶν
636 4792 888 4861 ἐλάλησεν
924 4792 1090 4854 οὕτως
1110 4832 1122 4851 .
1158 4793 1416 4845 ἐπέϐαλεν
1450 4794 1541 4844 ἐπὶ
1571 4794 1667 4862 τὴν

152 4867 354 4940 Μαριὰμ
371 4872 595 4942 λέπραν,
619 4873 710 4925 καὶ
732 4875 1001 4935 Μωῦσέως
1022 4874 1295 4942 δεηθέντος
1318 4875 1453 4943 ὑπὲρ
1476 4875 1663 4943 αὐτῆς,

151 4948 199 4997 οὐ
225 4953 467 5021 πρότερον
488 4954 657 5022 αὐτὴν
672 4954 845 5023 ἀφῆκε
866 4954 1271 5023 ωθαρισθῆναι,
1299 4954 1400 5017 ἕως
1420 4956 1666 5022 ἐποίησεν

152 5029 267 5083 ὲπτά
296 5034 493 5103 ἡμέρας
524 5034 627 5098 ἔξω
641 5036 735 5103 τῆς
759 5036 1121 5104 παρεμϐολῆς.
1143 5038 1352 5105 Πέμπει
1375 5036 1501 5103 γοῦν
1520 5054 1667 5097 τινας

154 5113 204 5163 ἐκ
230 5116 311 5167 τοῦ
346 5116 467 5169 λαοῦ
511 5119 949 5187 κατασκέψασθαι
992 5120 1088 5189 τὴν
1133 5122 1232 5188 γῆν
1273 5122 1505 5173 Χαναάν.
1562 5123 1667 5173 Kal

153 5209 621 5279 κατασκεψάμενοι,
665 5210 853 5279 βότρυν
884 5212 1114 5279 ῆνεγκαν
1158 5213 1395 5275 ἐκεῖθεν,
1441 5214 1530 5264 καὶ
1570 5212 1667 5279 τὴν

203 5399 220 5421 ⁸
242 5400 286 5472 [ρ
304 5403 470 5455 Bibliis
493 5406 672 5456 Grecis
692 5409 868 5467 legitur
898 5408 1061 5465 Ὀϐὰϐ,
1084 5414 1135 5456 οι
1155 5411 1202 5457 in
1223 5409 1443 5456 Hebraeo.
1472 5409 1666 5469 Lugdu-

156 5468 294 5508 nem:
308 5477 494 5515 quoque
528 5469 681 5514 codex
717 5468 883 5515 Ἰωϐάϐ
905 5468 1064 5515 habol.

156 5476 294 5508 uenus
341 5479 494 5527 noque
528 5476 681 5514 οοῠρι
717 5476 883 5515 Ἱωὸάῦ
905 5476 1064 5515 habol.

204 5517 229 5554 δ
247 5520 294 5591 Il}
308 5477 477 5573 (bibitis
508 5528 687 5576 Graecis
713 5530 886 5587 legitur
911 5530 987 5574 καὶ
1026 5530 1085 5575 τὰ
1105 5529 1188 5587 κρό
1202 5545 1320 5587 ιμυα
1349 5530 1425 5574 καὶ
1447 5530 1504 5576 τά
1524 5529 1665 5587 σκόρ-

155 5575 214 5623 δα.
239 5578 369 5631 Libro
388 5588 535 5635 terlio
574 5590 631 5636 ad
672 5589 927 5636 Stagirium
957 5595 989 5636 L
1024 5589 1060 5636 Ι.
1088 5602 1130 5636 ιι.
1156 5545 1263 5636 ἳθδ.
1307 5590 1482 5636 Ιοιιιιιιι·
1522 5593 1664 5636 etiam

156 5578 369 5649 M'Libro
388 5588 535 5655 ιρι-ι,ἱο
574 5590 631 5636 ad
672 5578 927 5649 Slaéirium
957 5595 989 5636 L
1024 5589 1060 5648 Ι,
1086 5578 1263 5649 μ’2θ8,
1307 5590 1482 5649 legitur
1522 5578 1664 5637 ctiu'm

156 5642 348 5705 σιοροδα,
369 5652 421 5694 ul
437 5646 532 5696 mc.

1177 392 1500 448 SYNOPSIS
1538 391 1945 447 SCRIP’IUR/E
1982 392 2247 449 SACRA'Z.

3223 418 3331 471 332

1787 505 1887 572 γῆν
1914 504 2214 572 ἐθαύμαζον
2231 515 2277 560 ο.
2321 504 2629 570 Ἑφοϐοῦντο
2656 504 2763 573 γάρ
2798 502 2884 555 τὸν
2927 502 3079 562 λαὸν,
3109 501 3183 563 ὡς
3212 517 3316 569 μα-

1782 585 1951 652 χίμων
1979 585 2141 639 ὄντων
2169 586 2274 636 τῶν
2298 586 2411 636 ἐκεῖ
2445 585 2667 652 ἀνδρῶν.
2701 582 2874 636 Χαλέϐ
2892 582 2945 634 δέ
2976 584 3003 633 6
3030 581 3122 632 τοῦ
3156 582 3314 648 Ἱεφο-

1782 666 1887 727 νεὶ,
1913 666 2002 717 καὶ
2040 664 2237 733 Ἰησοῦς
2270 667 2297 717 6
2324 664 2414 716 τοῦ
2443 666 2614 732 Ναυῆ,
2647 665 2734 716 καὶ
2762 665 2909 717 αὐτοὶ
2938 664 3000 714 ἐκ
3024 662 3127 714 τῶν
3151 678 3314 713 κατα-

1784 746 1998 797 σκόπων
2025 746 2204 809 ὄντες,
2241 746 2638 815 παρεθάρρυνον
2672 744 2760 796 τὸν
2794 744 2937 797 λαόν.
2973 744 3033 794 Ol
3063 742 3119 794 δέ
3155 737 3314 810 ἦλθον

1781 826 2112 895 λιθοϐολῆσαι
2165 826 2427 888 αὑτούς’ὀ
2473 826 2527 877 δὲ
2576 826 2705 887 Θεὸς
2750 824 3014 894 ὀργισθεὶς
3064 818 3181 876 εἶπε
3237 822 3312 891 μὴ

1780 906 2015 959 ἀνελθεῖν
2038 907 2064 945 ἀ
2093 907 2212 968 τοὺς
2244 907 2608 973 γογγύσαντας
2630 909 2706 967 είς
2730 906 2826 973 τὴν
2853 905 2953 971 γῆν
2973 904 3067 971 τῆς
3088 905 3311 967 ἐπαγγε-

1779 986 1914 1051 λίας,
1931 990 1977 1040 εί
2019 988 2091 1056 μὴ
2115 988 2180 1039 τά
2204 990 2363 1040 τέκνα
2386 988 2577 1049 αὐτῶν,
2603 989 2691 1039 καὶ
2720 985 2892 1038 Χαλέϐ
2930 985 3039 1034 υἱὸν
3073 983 3305 1048 ’ῐεφονεὶ,

1780 1068 1872 1118 καὶ
1905 1067 2122 1137 Ἰησοῦν.
2145 1069 2551 1137 Τεσσαράκοντα
2583 1068 2637 1119 δὲ
2677 1068 2788 1133 ἔτη,
2818 1066 2996 1133 φησὶν,
3027 1063 3232 1116 ἔσονται
3252 1064 3310 1114 ἐν

1776 1151 1840 1217 τῇ
1866 1150 2074 1218 ἐρήμῳ.
2104 1150 2202 1211 ἕως
2226 1149 2291 1202 ἂν
2329 1150 2528 1217 αὐξηθῇ
2562 1148 2628 1200 τὰ
2672 1147 2885 1208 παιδία,
2920 1144 3054 1198 κατὰ
3085 1143 3309 1212 ἀριθμὸν

1778 1231 1881 1281 τῶν
1911 1230 2144 1299 ἡμερῶν,
2168 1224 2240 1283 ὧν
2268 1231 2627 1298 ἐπεσκέψαντο
2646 1228 2740 1297 τὴν
2768 1231 2886 1295 γῆν.
2917 1227 3045 1278 Τότε
3079 1226 3126 1276 οἰ
3148 1223 3310 1276 κατά-

1779 1334 1964 1369 σκοποι
1990 1317 2182 1378 πάντες
2214 1318 2494 1381 ἀπέθανον,
2526 1318 2658 1385 πλὴν
2685 1316 2855 1369 Χαλέϐ
2886 1314 2977 1366 καὶ
3016 1313 3183 1380 Ἰησοῦ
3214 1311 3308 1363 τοῦ

1776 1397 1949 1465 Ναυῆ,
1989 1399 2079 1449 xal
2096 1398 2379 1465 ἐπένθησεν
2402 1401 2427 1450 6
2464 1398 2605 1458 λαός.
2649 1396 2895 1464 Ἀνῆλθον
2917 1395 3007 1449 ἐπὶ
3026 1393 3114 1445 τὸν
3151 1393 3309 1459 Ἀμα-

1775 1477 1875 1546 λὴκ
1899 1478 2046 1547 παρά
2081 1480 2140 1531 τὸ
2170 1478 2355 1531 δοκοῦν
2386 1478 2461 1547 τῷ
2494 1478 2637 1546 Θεῷ,
2668 1478 2757 1529 καὶ
2784 1479 2815 1544 ἡ
2844 1474 3066 1536 κιϐωτὸς
3091 1472 3306 1540 ἀνέμει-

1774 1575 1861 1609 νεν
1902 1560 1957 1609 ἐν
1992 1562 2057 1627 τῇ
2096 1559 2403 1628 παρεμϐολῇ
2438 1558 2573 1627 μετὰ
2603 1557 2888 1615 Μωῡσέως.
2941 1555 3047 1605 Kal
3090 1551 3307 1620 ἐξῆλθεν

1786 1636 2045 1707 Ἀμαλὴκ,
2091 1641 2182 1691 καὶ
2232 1639 2523 1706 κατέκοψεν
2571 1637 2779 1697 αὐτούς.
2822 1632 3143 1686 Ἐντέλλεται
3182 1631 3306 1699 περὶ

1776 1720 1920 1791 [554]
1958 1722 2435 1787 ὁλοκαυτωμάτων,
2471 1722 2593 1790 περὶ
2626 1720 2909 1791 ἀπαρχῶν,
2952 1717 3076 1785 περὶ
3110 1714 3304 1766 θυσιῶν

1773 1803 1877 1853 τῶν
1919 1802 2055 1871 ὑπὲρ
2110 1801 2494 1871 πλημμελείας.
2537 1801 2711 1853 Ἐάλω
2758 1818 2837 1861 τις
2877 1799 3004 1864 ξύλα
3053 1795 3301 1858 συλλέξας

1773 1885 1829 1935 ἐν
1859 1884 2106 1953 σαϐϐάτῳ
2129 1926 2144 1947 ,
2178 1885 2267 1936 καὶ
2307 1882 2661 1950 ἐλιθοϐο).ἡθη.
2706 1882 3130 1950 Προστάσσονται
3172 1876 3300 1945 κρά-

1774 1965 1935 2017 σπεδα
1962 1966 2050 2016 ἐπὶ
2087 1964 2152 2015 τά
2182 1964 2439 2032 πτερύγια
2482 1962 2715 2029 ποιῆσαι.
2751 1961 2828 2011 Τὰ
2862 1960 2984 2029 περὶ
3033 1958 3172 2026 Κορέ
3211 1957 3302 2009 καὶ

1770 2046 1941 2097 Δαθάν
1988 2047 2077 2097 καὶ
2129 2045 2365 2112 Ἀϐηρών
2391 2045 2461 2111 ’ἡ
2499 2044 2850 2103 ἐπανάστασις
2897 2040 3092 2102 αὐτῶν,
3147 2040 3180 2106 ἡ
3224 2055 3301 2089 τι·

1774 2128 1948 2196 μωρία
1986 2128 2049 2195 ἡν
2100 2126 2302 2177 ἔδοσαν.
2357 2128 2416 2176 Ol
2464 2126 2519 2176 δέ
2563 2125 2732 2176 λοιποὶ
2778 2123 2870 2175 τοῦ
2921 2122 3069 2181 λαοῦ,
3102 2120 3300 2171 τούτων

1771 2209 2084 2277 γενομένων,
2116 2208 2212 2259 ούκ
2252 2206 2746 2274 ἐσωφρονίσθησαν,
2785 2203 2918 2256 ἀλλά
2946 2203 3102 2255 πάλιν
3140 2202 3300 2251 ἐπαν-

1770 2292 1998 2357 έστησαν
2022 2290 2097 2357 τῷ
2127 2290 2352 2357 Μωῦσῆ,
2387 2291 2477 2341 καὶ
2506 2288 2891 2357 ἀποθνήσκουσι
2918 2281 3300 2353 τεσσαρεσκαί-

1767 2375 1894 2426 δεκα
1921 2372 2147 2440 χιλιάδες
2177 2374 2267 2423 καὶ
2295 2373 2623 2425 ἑπτακόσιοι.
2652 2371 2779 2421 Τότε
2802 2370 3024 2438 ἡνθησεν
3052 2369 3082 2434 ἡ
3113 2365 3297 2435 ῥάϐδος

1780 2454 2003 2524 Ἀαρών.
2036 2454 2191 2519 Λέγει
2222 2455 2313 2506 καὶ
2339 2455 2675 2505 διατάσσεται
2706 2452 2732 2503 ὃ
2761 2450 3044 2518 λαμϐάνειν
3074 2448 3152 2498 δεῖ
3174 2448 3298 2506 τοὺς

1767 2536 1989 2596 Λευῒτας
2017 2536 2108 2588 καὶ
2134 2535 2222 2585 τὸν
2264 2535 2407 2604 ἱερέα
2436 2533 2523 2585 τὸν
2549 2534 2734 2602 μέγαν.
2765 2532 2867 2583 Kal
2886 2528 3154 2598 νομοθετεῖ
3175 2527 3298 2593 περὶ

1765 2617 1862 2683 τῆς
1895 2616 2084 2667 σποδοῦ
2119 2616 2213 2682 τῆς
2240 2616 2534 2681 δαμάλεως,
2572 2615 2627 2677 ἐξ
2653 2610 2718 2683 ἧς
2738 2614 2798 2665 τὸ
2828 2612 2967 2680 ὕδωρ
2999 2607 3089 2660 τοῦ
3123 2609 3298 2674 ῥαντι·

1766 2696 1900 2764 σμοῦ
1930 2696 2151 2761 ἐγίνετο.
2175 2696 2281 2764 Τὴν
2310 2697 2364 2747 δέ
2391 2696 2613 2763 δάμαλιν
2641 2696 2805 2761 αὐτὴν
2824 2692 2965 2753 ἔδοξέ
2993 2706 3101 2739 τισι
3133 2686 3298 2738 τύπον

1764 2778 1899 2831 εἶναι
1931 2778 2019 2829 τοῦ
2051 2778 2249 2838 πάθους
2290 2777 2377 2828 τοῦ
2413 2777 2610 2845 Κυρίου
2648 2774 2798 2842 ἡμῶν
2841 2770 3008 2841 Ἰησοῦ
3044 2768 3294 2839 Χριστοῦ.

1776 2858 1903 2908 Ἀπὸ
1934 2858 1988 2908 δὲ
2026 2858 2121 2923 τῆς
2166 2858 2355 2908 σποδοῦ
2386 2858 2481 2921 τῆς
2516 2856 2787 2922 δαμάλεως
2832 2852 3141 2919 ἐκαθαίρετο
3166 2850 3193 2901 6
3224 2847 3298 2900 ὢν

1764 2939 1853 2989 ἐπὶ
1875 2936 2060 3005 νεκροῦ
2090 2936 2406 3003 ἀκάθαρτος.
2422 2934 2586 2988 Ἦλθε
2609 2936 2660 2987 δὲ
2683 2938 2709 2987 6
2734 2935 2857 2995 λαὸς
2882 2934 2957 2994 είς
2983 2930 3182 2998 Καδὴς,
3205 2930 3297 2981 καὶ

1763 3020 1877 3071 ἐκεῖ
1904 3018 2135 3070 ἀπέθανε
2176 3018 2391 3085 Μαρία,
2433 3018 2523 3069 καὶ
2567 3018 2754 3085 ἐτάφη.
2789 3017 2899 3067 Οὐκ
2938 3014 3083 3074 δντος
3114 3010 3299 3071 ὕδατος

1763 3100 1920 3151 πάλιν
1969 3099 2315 3163 γογγύζουσιν
2365 3099 2412 3148 οί
2452 3097 2714 3149 Ἰουδαῖοι·
2754 3096 2780 3145 6
2831 3094 2884 3145 δὲ
2930 3092 3164 3158 Μωῦσῆς
3205 3090 3298 3141 καὶ

1773 3177 1976 3247 Ἀαρὼν
2008 3178 2307 3229 κελεύονται
2340 3179 2401 3228 ἐκ
2442 3178 2538 3243 τῆς
2578 3178 2779 3245 πέτρας
2813 3174 3090 3238 ἐξαγαγεῖν
3131 3170 3292 3237 ὕδωρ.

1775 3260 2063 3321 Ἑπάταξεν
2094 3260 2259 3325 αὐτὴν
2288 3260 2313 3309 6
2343 3258 2574 3324 Μωῦσῆς
2615 3257 2809 3321 λέγων·
2848 3254 2939 3317 Μὴ
2964 3255 3028 3304 ἐκ
3051 3250 3158 3316 τῆς
3191 3250 3293 3301 πέ-

1764 3354 1901 3402 τρας
1937 3340 2151 3402 ταύτης
2194 3337 2479 3402 ἐξάξομεν
2526 3336 2676 3400 ὓδωρ
2708 3334 2877 3401 ὐμῖν;
2919 3332 3025 3384 Καὶ
3079 3329 3295 3398 ἐξῆλθεν

1765 3418 1926 3487 ὕδωρ.
1954 3419 2062 3470 Kal
2098 3416 2215 3469 εἷπε
2242 3417 2439 3485 Κύριος
2485 3415 2617 3484 πρὸς
2664 3415 2894 3481 Μωῦσῆν
2935 3413 3025 3463 καὶ
3060 3409 3291 3480 ’Δαρὼνο

1765 3500 1884 3551 Ὅτι
1920 3501 2027 3552 οὐκ
2069 3496 2453 3552 ἐπιστεύσατέ
2494 3514 2595 3564 μοι
2633 3495 2866 3564 ἁγιάσαι
2912 3509 2985 3560 με
3026 3491 3296 3543 ἐναντίον

1764 3580 1879 3631 τῶν
1912 3579 2054 3632 υἱῶν
2085 3579 2344 3645 Ἰσραὴλ,
2371 3578 2466 3630 διὰ
2498 3578 2667 3630 τοῦτο
2704 3578 2812 3629 οὐκ
2847 3574 3108 3636 είσάξετε
3133 3570 3297 3639 ὑμεῖς

1762 3661 1874 3726 τὴν
1916 3662 2267 3728 συναγωγὴν
2304 3660 2523 3724 ταύτην
2562 3659 2645 3722 είς
2681 3655 2793 3721 τὴν
2822 3654 2954 3723 γῆν,
2997 3652 3076 3720 ἢν
3111 3652 3300 3706 ἔδωκα

1762 3740 1981 3805 αὐτοῖς.
2040 3740 2398 3809 Πρεσϐεύεται
2454 3737 2687 3805 Μωῡσῆς
2749 3736 2882 3803 πρὸς
2931 3734 3021 3786 τὸν
3078 3731 3299 3802 βασιλέα

1776 3822 1969 3891 Ἐδὼμ,
1995 3822 2079 3874 ἵνα
2122 3822 2229 3892 ἀφῇ
2264 3820 2455 3883 αὐτούς
2479 3832 2502 3859 ο
2522 3838 2534 3851 ·
2564 3822 2591 3872 6
2630 3819 2685 3870 δέ
2713 3818 2771 3870 οὐ
2810 3816 3171 3886 συνεχώρησευ
3203 3814 3299 3867 καὶ

1765 3904 2036 3968 ἐξέκλιναν
2078 3904 2169 3955 ἀπ’
2207 3902 2365 3955 αὐτοῦ
2396 3903 2498 3953 υἱοὶ
2537 3900 2763 3970 Ἰσραήλ.
2811 3900 2893 3959 Ὠς
2926 3900 2981 3949 δὲ
3018 3893 3179 3965 ἦλθον
3219 3896 3298 3958 είς

1769 3987 1863 4055 ’Ὡρ
1886 3984 1942 4035 τὸ
1980 3983 2132 4052 δρος,
2164 3982 2508 4042 κελεύσαντος
2540 3980 2632 4031 τοῦ
2660 3979 2811 4041 Θεοῦ,
2847 3978 3021 4030 λαϐὼν
3061 3976 3297 4045 Μωῦσῆς

1764 4064 1851 4117 τὸν
1891 4063 2095 4132 ’Λαρὼν
2138 4065 2229 4115 καὶ
2269 4062 2525 4129 Ἐλεάζαρ
2551 4060 2638 4112 τὸν
2673 4060 2783 4111 υἱὸν
2816 4057 3004 4119 αὑτοῦ,
3033 4058 3299 4126 ἀνήγαγεν

1764 4146 1842 4205 είς
1884 4144 1941 4196 τὸ
1973 4144 2127 4212 ϐρο;’
2173 4144 2264 4194 καὶ
2299 4143 2507 4194 ἐνέδυσε
2554 4140 2642 4192 τὸν
2699 4136 2949 4206 Ἐλεάζαρ
2998 4136 3065 4187 τά
3112 4135 3298 4205 ίμάτια

1764 4222 1945 4275 αὐτοῦ.
2019 4223 2077 4274 '0
2124 4221 2179 4273 δὲ
2225 4221 2428 4289 Ἀαρὼν
2472 4221 2730 4273 ἀπέθανεν
2781 4220 2837 4269 ἐν
2892 4217 2968 4285 τῷ
3003 4216 3135 4285 δρει.
3191 4216 3299 4270 Kal

1764 4305 2015 4356 ἔκλαυσεν
2051 4303 2078 4354 6
2120 4300 2243 4363 λαὸς
2274 4303 2559 4371 τριάκοντα
2600 4302 2829 4369 ἡμέρας.
2865 4294 3016 4350 Εἷλον
3067 4297 3155 4349 τὸν
3184 4299 3295 4350 Χα-

1763 4387 1992 4447 ναναίον,
2031 4384 2122 4436 καὶ⁵
2154 4384 2537 4451 ἀνεθεμάτισαν
2572 4382 2750 4434 αὐτόν.
2804 4378 3067 4438 Ἐλθόντες
3106 4377 3163 4429 δέ
3208 4378 3298 4429 ἐπὶ

1765 4468 2030 4521 θάλασσαν
2072 4466 2352 4535 Ἐρυθρὰν,
2389 4464 2644 4516 ἐκύκλουν
2684 4463 2779 4530 τὴν
2824 4464 2923 4529 γῆν
2974 4459 3174 4529 Ἐδὼμ,
3207 4461 3297 4512 καὶ

1763 4546 2150 4615 ὡλιγοψύχουν,
2200 4546 2291 4596 καὶ
2334 4543 2723 4611 κατεγόγγυζον
2766 4544 2966 4609 Μωῦσῇ
2992 4555 3005 4568 ·
3052 4541 3144 4592 καὶ
3195 4540 3300 4591 ἀπ·-

1764 4632 1995 4683 έστειλεν
2036 4631 2063 4680 ὁ
2099 4626 2226 4690 Θεὸς
2258 4626 2343 4677 ἐπ’
2382 4626 2574 4685 αὐτοὺς
2612 4623 2760 4684 ὄφεις
2792 4622 3159 4681 θανατοῦντας.
3192 4622 3298 4674 Kal

1763 4712 1958 4781 ηῦξατο
1989 4708 2222 4775 Μωῦσῆς
2243 4724 2255 4737 ’
2291 4707 2382 4758 καὶ
2406 4704 2621 4773 ἐποίησε
2644 4701 2871 4771 χαλκοῦν
2890 4702 3031 4768 ὄφιν,
3066 4718 3296 4769 προστα-

1762 4792 1906 4860 χθεὶς
1944 4791 2046 4841 ὑπὸ
2079 4788 2170 4839 τοῦ
2216 4786 2367 4839 Θεοῦ.
2411 4786 2515 4837 Kal
2554 4787 2581 4837 6
2623 4784 2973 4853 δακνόμενος,
3013 4782 3170 4851 ἡνίκα
3213 4783 3297 4834 ἀν-

1765 4873 1978 4937 έϐλεψεν
2003 4875 2079 4932 εἰς
2103 4870 2189 4921 τὸν
2213 4869 2351 4935 ὅφιν,
2381 4867 2473 4935 ἔζη
2526 4866 2658 4934 Περὶ
2682 4864 2866 4916 τούτου
2897 4864 2987 4915 τοῦ
3018 4863 3188 4929 δφεως
3224 4864 3295 4913 εί-

1766 4972 1918 5023 ρηται
1947 4957 2003 5004 ἐν
2026 4952 2103 5019 τῷ
2128 4948 2455 5017 Εύαγγελίῳ·
2472 4946 2669 5011 Καθὼς
2686 4947 2889 5013 ὕψωσε
2916 4943 3170 5008 Μωῦσῆς
3194 4944 3297 4995 τὸν

1762 5037 1898 5102 ὅφιν
1923 5036 1991 5086 ὲν
2017 5032 2088 5099 τῇ
2118 5032 2343 5097 ἐρήμῳ,
2372 5030 2520 5081 οὕτω
2551 5028 2639 5080 δεῖ
2680 5025 2983 5093 ὑψωθῆναι
3024 5023 3125 5076 τὸν
3164 5024 3298 5076 Υίεν

1761 5116 1863 5167 τοῦ
1890 5113 2213 5180 ἀνθρώπου.
2237 5110 2599 5181 Πρεσϐεύεται
2620 5108 2855 5174 Μωῦσῆς
2883 5105 3015 5174 πρὸς
3039 5105 3128 5157 τὸν
3154 5104 3297 5173 βασις

1760 5199 1853 5249 λέα
1874 5198 1981 5249 τῶν
2022 5198 2073 5246 ’Λ
2085 5194 2353 5264 μορῤαίων
2374 5193 2461 5244 τὸν
2481 5190 2647 5260 Σηών.
2674 5183 2837 5249 Οὗτος
2857 5188 2909 5240 δέ
2930 5190 2959 5239 6
2982 5184 3128 5257 Σηὼν
3149 5186 3299 5237 πολε-

1822 5288 1845 5316 ⁶
1869 5285 1921 5332 1η
1965 5281 2270 5331 Onomastico
2314 5278 2635 5339 Athanasiapo
2669 5277 2726 5323 ad
2764 5287 2947 5339 vocem.
2970 5271 3184 5339 θαυμάζω
3219 5272 3295 5319 di.

1762 5348 1919 5395 ximus
1941 5345 2062 5390 hanc
2087 5354 2247 5387 mrem
2273 5352 2403 5399 sape
2441 5337 2729 5399 signiﬁcare,
2752 5347 2872 5399 αιηι
2888 5332 3202 5399 αάῃιίνᾳιίοηε
3217 5343 3293 5399 ες-

1764 5391 1911 5460 ίξὺτο,
1936 5403 2095 5450 laudo.
2126 5401 2225 5448 Hoc
2249 5391 2391 5447 seuéu
2417 5391 2609 5458 pro'rsus
2639 5391 2725 5443 hic»
2743 5391 2974 5455 explicari
2992 5391 3138 5439 debet
3161 5391 3294 5440 ἐθώ-

1833 5470 1921 5517 ζον.

1883 5483 1921 5509 ν.

1767 5482 2065 5571 μαιῗοίῖοἱδὶίιὶ.
2091 5521 2166 5566 καὶ
2189 5520 2323 5567 πάλιν
2364 5516 2651 5580 ὀργιζόμενον
2687 5516 2766 5561 τὸν
2802 5514 2935 5562 Θεὸν,
2968 5512 3085 5562 Τότε
3119 5509 3244 5557 εἶπεν
3267 5516 3296 5559 ὁ

1763 5587 1876 5637 Θεὸς
1897 5585 1957 5640 μὴ
1981 5580 2192 5636 ἀνελθεῖν,
2228 5592 2334 5639 quae
2349 5577 2459 5640 subl
2482 5577 2736 5640 ἀσύστατα.

1834 5657 1855 5688 ε
1877 5637 1979 5691 Ἵνα
1998 5643 2087 5691 ἀιοῆ
2114 5637 2293 5698 αὐτούς,
2317 5639 2485 5703 supple
2506 5637 2823 5698 παρέρχεσθαι.
