4096 6476
161 409 269 462 333

159 503 372 571 togatus
413 508 482 560 ab
530 508 630 563 illis
665 517 779 562 est:
821 509 1080 576 urbesque
1117 509 1228 576 ejus
1254 521 1503 577 ceperunt
1542 511 1705 562 Israe-

168 595 286 648 litaa.
329 597 609 666 Congressi
661 599 818 652 etiam
859 613 975 652 cum
1019 598 1095 667 0g
1141 614 1261 667 rege
1303 601 1489 662 Basan,
1527 602 1708 653 iisdem

167 684 333 750 ipsum
390 686 542 738 malis
588 685 899 749 affecerunt,
940 688 1087 754 queis
1128 689 1263 740 Seon
1310 688 1608 753 affecerant,
1649 704 1710 742 ac

167 781 358 825 terram
382 775 640 842 urbesque
669 775 784 842 ejus
811 789 994 828 omnes
1018 785 1286 842 ceperunt.
1315 777 1465 829 Mittit
1495 793 1583 830 rex
1620 778 1709 830 Ba-

167 863 242 916 lac
269 865 335 917 ad
359 865 567 917 Balaam
598 874 768 919 vatem
788 906 801 929 ,
829 875 886 918 ut
914 867 1245 920 malediceret
1270 869 1537 935 populum.
1572 868 1708 922 Deus

163 963 334 1005 autem
368 951 514 1005 initio
547 954 756 1022 quidem
802 955 1129 1022 prohibebat.
1163 955 1229 1009 Ut
1267 965 1438 1009 autem
1485 957 1708 1010 instabat

165 1041 243 1092 ille
264 1040 400 1108 apud
438 1050 629 1105 vatem,
655 1043 914 1094 concessit
934 1043 1142 1110 quidem
1173 1053 1227 1095 ιιι
1254 1044 1370 1103 iret,
1403 1043 1494 1098 sed
1522 1059 1623 1097 non
1652 1053 1706 1098 ut

163 1129 494 1183 malediceret
529 1147 540 1179 :
573 1130 664 1183 sed
704 1132 960 1184 convertit
990 1132 1383 1186 maledictiones
1413 1134 1461 1185 in
1490 1133 1704 1186 benedi-

162 1218 384 1269 ctionem
415 1219 509 1284 (a).
546 1217 658 1270 Non
686 1218 823 1285 quod
848 1218 1110 1286 quidpiam
1149 1229 1361 1286 possent
1382 1220 1705 1276 maledictio-

163 1319 256 1359 nes
297 1306 469 1368 vatis,
499 1305 590 1359 sed
635 1307 753 1374 quia
801 1308 1024 1360 miseriis
1057 1307 1272 1362 affectus
1310 1318 1421 1363 erat
1459 1311 1698 1378 populus,

161 1395 448 1448 crediturus
473 1404 590 1448 erat
611 1395 748 1448 illius
777 1397 1244 1463 ntaledictionilnts,
1263 1398 1468 1465 illieqne
1489 1408 1700 1466 propter

161 1483 509 1538 inﬁrmitatem
549 1500 695 1538 suam
739 1485 1064 1539 damnandus
1102 1497 1233 1539 erat.
1278 1487 1370 1540 llic
1403 1489 1466 1540 de
1491 1490 1700 1542 Christo

162 1573 471 1626 vaticinatur
510 1574 689 1627 dicens
717 1592 729 1627 :
767 1575 964 1627 Orietur
990 1577 1132 1628 stella
1160 1592 1220 1628 ea:
1244 1575 1428 1637 Jacob,
1455 1587 1499 1630 et
1533 1588 1697 1646 surget

159 1664 298 1716 homo
325 1680 387 1716 ea:
415 1663 574 1717 Israel
598 1664 778 1733 (Nunt.
810 1664 898 1716 21.
933 1666 1042 1732 17).
1077 1666 1299 1731 Spiritus
1323 1667 1460 1718 enim
1494 1667 1581 1718 Dei
1606 1667 1699 1720 ﬁtit

158 1753 204 1806 in
232 1763 370 1807 vale.
399 1755 467 1809 Ut
491 1769 616 1808 vero
651 1755 776 1807 abiit
808 1755 1037 1819 Balaam,
1069 1755 1391 1809 fornicamur
1419 1757 1508 1809 lilii
1537 1757 1692 1810 lsrael

157 1859 267 1896 cum
314 1844 520 1897 ﬁliabus
562 1844 728 1908 Moab,
772 1852 827 1897 et
870 1844 1139 1897 initiantur
1184 1844 1525 1912 Beelphegor.
1550 1845 1695 1900 Tunc

157 1934 383 2002 [Il'tI‘Cipil
406 1933 627 2003 Moyses,
656 1943 712 1988 ut
742 1937 1095 2004 unusquisque
1125 1935 1334 1988 fratrem
1361 1951 1510 1989 suum
1542 1937 1692 1991 idolis

153 2023 461 2077 servientem
511 2025 803 2079 interﬁciat.
833 2025 977 2078 Tunc
1021 2026 1242 2079 Phinees
1284 2027 1420 2079 ﬁlius
1459 2027 1691 2080 Eleazari

152 2110 379 2164 confodit
405 2111 646 2166 Zambrin
678 2113 978 2177 lsraelitam,
1008 2123 1059 2167 et
1087 2113 1276 2168 Chasbi
1307 2114 1688 2168 Madianititlem

152 2215 262 2251 cunt
285 2201 375 2252 illo
403 2217 415 2251 :
449 2200 514 2253 Et
539 2210 815 2270 reputatum
840 2213 906 2254 est
938 2204 1012 2255 illi
1033 2203 1099 2254 ad
1113 2205 1360 2272 justitiam
1378 2203 1542 2273 (Psal.
1568 2204 1686 2259 105.

151 2289 258 2360 51).
289 2292 439 2345 Tunc
469 2304 810 2347 numerantur
841 2294 927 2347 ﬁlii
959 2295 1113 2349 Israel
1136 2310 1163 2346 a
1194 2295 1444 2363 vigesimo
1471 2311 1609 2348 anno
1637 2305 1689 2350 et

150 2394 318 2448 supra,
345 2392 397 2436 et
423 2382 614 2435 inventi
640 2393 758 2435 sunt
778 2384 1007 2436 sexcenti
1035 2393 1087 2437 et
1116 2392 1220 2437 tres
1246 2385 1386 2437 mille
1412 2394 1462 2438 et
1481 2386 1685 2452 triginta

148 2471 257 2523 viri.
305 2473 502 2525 Levitm
542 2483 713 2526 autem
756 2483 861 2526 tres
909 2483 959 2526 ct
995 2474 1172 2542 viginti
1201 2475 1343 2527 mille
1368 2489 1396 2525 a
1429 2488 1607 2526 mense
1635 2483 1687 2526 ct

147 2575 313 2628 supra.
348 2563 444 2615 llic
484 2577 672 2616 census
707 2563 756 2615 in
792 2563 1020 2617 Araboth
1050 2563 1198 2616 Moab
1229 2564 1390 2615 factus
1423 2572 1503 2616 est
1543 2573 1685 2615 trans

146 2649 442 2703 Jordanetn.
480 2651 656 2718 Neque
696 2653 744 2703 in
794 2653 894 2704 illis
923 2661 1035 2705 erat
1072 2653 1324 2720 quiSpiam
1367 2667 1428 2705 ex
1462 2653 1521 2705 iis
1551 2668 1681 2720 quos

146 2749 531 2792 euntneraverat
564 2741 703 2807 prius
733 2739 937 2810 Moyses
968 2741 1016 2793 in
1039 2741 1246 2793 deserto
1275 2740 1419 2805 Sina,
1451 2742 1682 2808 exceptis

144 2827 258 2880 Jcsu
300 2828 408 2882 ﬁlio
444 2827 586 2882 Nave
611 2869 623 2892 ,
656 2829 953 2883 etChalcbo
991 2830 1097 2882 ﬁlio
1129 2830 1385 2897 Jephone.
1415 2831 1684 2883 Accedunt

143 2917 370 2982 quredam
417 2917 537 2972 ﬁlim
575 2919 796 2986 Salpaad
840 2935 908 2973 ex
951 2920 1084 2973 tribu
1129 2920 1368 2973 Manasse
1418 2929 1677 2988 rogantes,

144 3020 251 3058 cum
283 3016 430 3074 pater
450 3023 631 3060 eorunt
661 3008 779 3060 ﬁliis
805 3009 1050 3061 masculis
1075 3009 1229 3061 orbus
1259 3017 1493 3060 mortuus
1520 3018 1677 3074 esset,

146 3105 193 3144 ιιι
222 3096 282 3148 ad
312 3112 368 3149 se
400 3097 664 3150 hereditas
701 3098 898 3151 veniret
925 3108 1079 3165 atque
1109 3100 1389 3166 possessio.
1427 3097 1679 3166 Praecepit

147 3183 273 3238 Deus
300 3195 356 3238 ttt
389 3185 494 3240 illa:
524 3187 842 3255 acciperent.
877 3188 944 3242 Et
974 3191 1015 3243 si
1050 3190 1165 3257 quis
1204 3191 1317 3242 sine
1352 3189 1458 3241 ﬁlio
1485 3189 1674 3258 obiret,

146 3275 399 3328 mandavit
429 3285 487 3327 nt
517 3276 619 3329 ﬁlia
643 3287 784 3330 esset
811 3279 962 3331 heres
994 3296 1007 3342 ;
1038 3280 1078 3331 si
1118 3294 1214 3333 nec
1241 3279 1398 3332 ﬁliam
1427 3279 1674 3342 haberet,

144 3362 292 3418 frater
318 3381 333 3426 ;
361 3367 403 3418 si
431 3365 647 3420 fratrem
675 3382 775 3419 non
797 3367 1030 3432 haberet,
1055 3371 1213 3437 patris
1242 3369 1417 3423 frater.
1441 3369 1678 3423 Ostendit

145 3451 271 3505 Deus
293 3453 454 3522 Moysi
482 3470 546 3509 ex
564 3467 738 3510 monte
759 3457 900 3510 Navo
920 3458 989 3527 (ὑ)
1013 3467 1199 3512 terram
1225 3459 1601 3526 promissionis,
1626 3469 1677 3513 et

144 3539 188 3593 in
204 3543 312 3610 ejus
330 3544 502 3598 locum
522 3545 624 3598 dux
647 3547 975 3600 constituitur
1001 3547 1150 3602 Jesus
1179 3548 1313 3600 ﬁlius
1342 3548 1503 3602 Nave.
1532 3549 1677 3601 Tunc

144 3633 428 3700 prmtripilllt‘
445 3633 565 3688 ﬁliis
584 3635 738 3689 lsrael
756 3637 819 3689 de
837 3636 1167 3702 holocaustis,
1183 3638 1249 3691 de
1265 3639 1529 3697 sacriﬁciis
1558 3657 1677 3710 quo—

142 3722 356 3788 tidianis,
374 3725 440 3780 de
457 3726 560 3778 illis
580 3740 692 3794 qua)
717 3727 768 3780 in
795 3727 1029 3792 sabbato,
1054 3729 1119 3782 de
1142 3729 1240 3782 illis
1267 3746 1379 3798 quae
1397 3732 1445 3782 in
1469 3747 1677 3784 ncome-

142 3811 230 3864 niis
250 3851 266 3875 ,
292 3813 357 3866 de
383 3814 447 3866 iis
483 3830 599 3881 quae
629 3815 678 3866 in
709 3815 897 3881 pascha
924 3855 938 3878 ,
969 3816 1034 3869 de
1062 3819 1124 3869 iis
1148 3833 1264 3886 qua:
1293 3820 1341 3870 in
1367 3820 1451 3872 die
1477 3819 1674 3872 hebdo-

141 3903 418 3970 madarum,
445 3903 512 3957 de
545 3905 606 3957 iis
625 3920 739 3973 qum
761 3906 986 3974 septimo
1022 3922 1221 3962 mense.
1253 3909 1492 3978 Praecipit
1518 3911 1674 3964 etiam

139 3988 197 4041 tle
223 3991 352 4044 votis
383 4007 397 4053 ;
441 3992 491 4044 id
521 4001 630 4058 est,
661 3992 724 4046 de
752 3993 814 4046 iis
833 4009 950 4063 qua:
976 3995 1231 4064 quispiam
1264 3996 1526 4050 offerenda
1551 4012 1674 4052 eon-

140 4077 532 4134 stituerit.Tunc
547 4092 817 4136 armantur
839 4083 1110 4138 duodecim
1139 4086 1282 4140 mille
1306 4087 1399 4139 viri
1431 4103 1491 4140 ex
1517 4086 1678 4140 Israe-

142 4166 236 4220 litis
259 4179 440 4223 contra
473 4170 812 4236 Madianitas,
843 4180 894 4225 ct
924 4158 1147 4227 Phi'nees
1175 4189 1290 4226 cum
1320 4176 1450 4238 illis,
1481 4177 1676 4229 interﬁ-

140 4257 371 4326 ciuntque
392 4273 488 4313 eos
518 4270 570 4314 et
596 4261 822 4329 quinque
847 4278 995 4331 reges
1016 4263 1257 4325 Madiam,
1284 4274 1335 4318 et
1357 4265 1562 4318 Balaam
1589 4282 1677 4319 va-

142 4354 254 4401 tem.
283 4348 347 4401 Et
375 4349 636 4418 primitias
659 4351 959 4404 obtulerunt
990 4353 1093 4405 Deo
1122 4353 1186 4407 de
1212 4355 1393 4421 spoliis
1416 4394 1429 4418 ,
1457 4366 1674 4409 caetera-

142 4450 231 4502 que
260 4438 393 4492 inter
426 4453 487 4494 se
525 4439 834 4495 diviserunt.
868 4444 1188 4498 Aceedentes
1220 4445 1382 4499 tribus
1413 4446 1592 4500 Ruben
1624 4457 1676 4502 et

141 4524 260 4587 Gad,
312 4537 366 4582 et
409 4529 626 4584 dimidia
671 4532 839 4587 tribus
879 4533 1136 4600 Manasse,
1174 4538 1471 4604 petebanta
1499 4540 1676 4609 Moyse

142 4617 416 4684 regionem,
455 4633 575 4685 qua:
607 4630 687 4673 est
725 4629 866 4675 trans
890 4623 1191 4678 Iordanem.
1229 4627 1319 4681 ille
1358 4643 1484 4682 vero
1510 4630 1672 4694 dedit,

140 4719 244 4758 cum
272 4710 415 4777 prius
444 4710 519 4762 illi
555 4712 913 4778 promisissent
951 4730 1008 4767 se
1038 4731 1157 4768 cum
1183 4718 1396 4786 reliquis
1427 4719 1675 4776 lsraelitis

142 4809 446 4864 pugnaturos
482 4814 632 4864 esse,
670 4799 1055 4871 Jordunemque
1089 4820 1207 4857 cum
1241 4807 1400 4859 armis
1427 4809 1676 4862 transitu.

141 4899 237 4951 ros,
269 4896 322 4938 ut
359 4888 620 4942 bellarent
655 4906 748 4957 pro
775 4890 1021 4947 fratribus
1049 4894 1174 4947 suis.
1203 4895 1294 4948 llic
1324 4898 1672 4952 narrationetn

141 4975 257 5028 texit
290 4976 498 5046 Moyses
545 4979 747 5033 itineris
786 4982 852 5034 ab
887 4982 1112 5052 Egypto
1132 5024 1145 5047 ,
1175 4985 1340 5038 donec
1364 4997 1617 5040 venerunt
1646 5004 1675 5043 e

142 5066 335 5131 regione
377 5065 611 5120 Jcricho.
668 5069 923 5123 Jubentttr
976 5074 1048 5126 illi
1103 5077 1453 5130 exterminare
1500 5082 1672 5134 omnia

139 5150 263 5206 idola
288 5156 544 5223 gentium.
572 5156 821 5226 Loquitur
843 5163 996 5216 etiam
1020 5165 1122 5218 illis
1146 5165 1212 5220 de
1239 5169 1474 5222 terminis
1498 5179 1672 5237 terrae,

141 5242 217 5294 ubi
258 5244 513 5314 incipiant
558 5258 611 5301 et
651 5249 736 5300 ttlti
776 5251 1034 5308 desinant.
1074 5257 1314 5326 Praecipit
1346 5259 1502 5313 etiam
1537 5263 1674 5316 circa

139 5336 338 5398 terram,
367 5350 528 5405 quam
568 5337 774 5392 Levitas
808 5343 1047 5410 accipere
1082 5348 1384 5414 oportebat,
1416 5358 1467 5402 et
1493 5349 1556 5401 de
1580 5364 1671 5402 sex

192 5467 256 5527 (a)
287 5468 753 5536 Huc_recidi_t_illud
779 5475 906 5536 quod
945 5476 1012 5523 ait
1049 5475 1152 5536 ipse
1187 5491 1412 5528 sermone
1455 5495 1579 5528 nono
1623 5485 1669 5529 in

141 5524 353 5601 genesim
384 5532 541 5601 Τοιηο
569 5533 655 5601 ιν,
691 5524 932 5590 οοιδδῖιὸ,
960 5538 1038 5582 τὸν

138 5588 189 5632 τὰ
253 5591 437 5638 έλλοντα
467 5594 633 5640 εἰπεῖν.

196 5605 329 5696 (blla
364 5658 593 5696 vulcata.
627 5691 633 5696 .

196 5650 561 5711 (bllngvutgata
581 5689 593 5710 ,
625 5652 848 5711 Abarim,
877 5657 1137 5704 secundum
1167 5658 1452 5711 Hebraicam
1489 5663 1667 5711 verita-

143 5720 242 5756 .cm.
272 5709 385 5759 Vide
416 5709 472 5759 ιιι
492 5709 590 5760 ﬁne
616 5709 849 5774 Synopsis
880 5717 1258 5766 lleutcronomii.

1172 397 1483 454 SYNOPSIS
1519 397 1918 454 SCRIPTUR/E
1955 400 2215 455 SACRAS.

3225 430 3333 485 334

1818 513 2030 569 urbibus
2057 519 2262 589 refttgii,
2292 523 2358 577 ita
2388 535 2442 579 ttt
2469 529 2509 581 is
2541 531 2625 597 qni
2655 542 2844 600 prteter
2871 537 3184 594 voluntatem
3217 545 3352 599 oeci-

1815 601 1996 668 disset,
2019 606 2138 659 illuc
2157 611 2480 679 confugeret,
2506 628 2557 670 et
2579 620 2691 673 sine
2719 624 2951 689 periculo
2981 637 3119 682 esset
3149 630 3217 684 ibi
3247 647 3358 687 ma-

1814 705 1964 756 nens,
1996 694 2164 750 donec
2203 713 2494 756 moreretur
2531 711 2779 763 sacerdos
2823 728 3061 782 magnus.
3091 716 3144 770 Si
3180 730 3354 775 autem

1813 791 1956 835 extra
1981 787 2227 843 terminos
2252 791 2400 846 urbis
2420 807 2716 863 caperetur,
2743 810 2793 853 et
2820 804 3080 859 occideret
3116 824 3233 860 eum
3260 825 3354 863 co-

1811 883 1997 937 gnatus
2033 878 2190 930 occisi
2216 919 2231 944 ,
2267 880 2349 935 hic
2376 898 2476 935 non
2506 884 2654 940 daret
2681 904 2879 956 pmnas.
2912 892 2976 946 Et
3000 909 3156 962 pauca
3180 897 3352 965 loqui-

1813 969 1894 1013 tttr
1917 963 1981 1016 de
2008 965 2206 1032 legibus
2233 969 2366 1024 circa
2393 973 2580 1026 czcdes.
2609 977 2872 1032 Accedunt
2898 983 3156 1049 principes
3186 963 3350 1041 tribus

1809 1049 2041 1105 Manasse
2062 1055 2293 1111 dicentes
2329 1061 2488 1129 Moysi
2519 1081 2529 1116 :
2557 1062 2807 1128 Quoniam
2849 1070 3012 1121 visunt
3049 1083 3126 1125 est
3153 1084 3205 1125 ιιι
3229 1074 3348 1127 filia:

1808 1140 2024 1210 Salpaad
2056 1148 2350 1214 acciperent
2377 1151 2718 1206 hereditatem
2738 1197 2751 1218 ,
2780 1157 2821 1210 si
2844 1159 3113 1226 contigerit
3137 1176 3225 1214 eas
3245 1178 3344 1214 nn-

1809 1230 1929 1284 bere
1960 1234 2073 1285 viro
2098 1250 2159 1288 ex
2199 1239 2359 1291 altera
2393 1241 2551 1308 tribu,
2579 1243 2700 1310 quid
2729 1244 2812 1298 fiet
2836 1247 2857 1297 ?
2880 1263 2992 1300 sors
3020 1251 3153 1300 enim
3181 1251 3343 1303 tribus

1806 1330 1995 1373 nostra:
2038 1325 2198 1378 exibit
2233 1326 2283 1380 in
2329 1329 2470 1382 illam
2501 1332 2709 1384 tribum.
2739 1334 2884 1388 Tunc
2923 1339 3166 1404 prmcepit
3193 1339 3338 1408 Moy-

1804 1423 1907 1472 ses,
1949 1421 2004 1462 nt
2047 1414 2123 1466 vir
2159 1416 2382 1484 quiSqtte
2421 1435 2482 1472 ex
2513 1435 2603 1472 sua
2645 1423 2776 1474 tribu
2819 1440 3028 1477 uxorem
3060 1429 3336 1495 acciperet,

1805 1514 1869 1552 ne
1897 1503 2302 1560 transferrentur
2334 1509 2648 1564 hereditates
2668 1528 2695 1565 a
2726 1514 2858 1567 tribu
2886 1516 2934 1568 in
2963 1517 3172 1569 tribum.

2233 1631 2460 1672 SYNOPSIS
2489 1633 2871 1675 DEUTERO‘NOMII

1868 1720 2022 1785 Quasi
2054 1728 2349 1778 summatim
2384 1730 2554 1794 priora
2584 1733 2754 1782 omnia
2806 1743 2979 1785 narrat
3013 1733 3214 1803 Moyses
3237 1775 3252 1799 ,
3280 1743 3334 1789 ιιι

1799 1808 1898 1860 illis
1931 1811 1979 1860 itt
2013 1815 2311 1866 memoriam
2340 1825 2546 1869 revocet
2572 1828 2618 1870 et
2650 1819 2735 1870 Dei
2769 1820 3034 1887 beneﬁcia,
3063 1833 3114 1876 et
3147 1827 3330 1894 nequi-

1798 1898 1918 1950 tiam
1952 1899 2200 1966 ipsorum.
2250 1901 2565 1955 Adhortatio
2594 1919 2658 1956 ne
2689 1903 2828 1957 idola
2855 1908 3052 1960 colant.
3117 1913 3208 1964 llic
3243 1914 3326 1981 ja-

1795 1996 1876 2038 cet
1899 1988 2022 2040 illttd
2052 2007 2064 2040 :
2097 1989 2213 2043 Non
2231 1994 2459 2045 adorabis
2479 1995 2665 2056 stellas,
2692 2013 2814 2061 quas
2830 1997 3124 2065 dispensavit
3156 2000 3328 2051 Domi-

1795 2092 1886 2127 nus
1924 2076 2060 2131 Deus
2115 2088 2224 2133 tuus
2271 2083 2492 2135 omnibus
2544 2086 2765 2152 gentibus
2794 2104 2903 2155 quw
2951 2090 3036 2140 sub
3070 2091 3188 2141 ctelo
3214 2099 3328 2143 sunt

1797 2166 1814 2233 (
1849 2165 1992 2218 Deut.
2017 2167 2066 2220 4.
2112 2169 2177 2224 19
2205 2168 2224 2238 )
2253 2171 2351 2239 (a).
2381 2173 2507 2224 lllttd
2539 2189 2680 2238 vero,
2708 2175 3034 2244 Dispensavit,
3080 2179 3319 2248 intellige,

1793 2276 1894 2313 non
1924 2260 2058 2330 quod
2088 2262 2195 2328 ipse
2217 2262 2430 2330 jusserit
2450 2283 2461 2316 :
2485 2265 2651 2326 absit;
2681 2267 2771 2320 sed
2797 2270 3226 2335 quemadmodum
3253 2272 3326 2323 ait

1792 2349 1972 2402 beatus
2020 2351 2209 2404 Paulus
2237 2367 2251 2402 :
2293 2351 2515 2405 Tradidit
2559 2355 2669 2406 illos
2698 2354 2826 2408 Deus
2853 2357 2902 2407 in
2929 2361 3189 2424 reprobum
3214 2374 3326 2410 seu-

1789 2455 1896 2490 smn
1924 2441 1939 2507 (
1973 2439 2118 2492 Rom.
2169 2444 2214 2494 l.
2243 2442 2310 2495 28
2357 2442 2394 2511 ),
2431 2458 2531 2495 non
2561 2443 2697 2510 quod
2724 2444 2994 2497 tradiderit
3026 2486 3039 2507 ,
3071 2447 3158 2498 sed
3187 2447 3320 2513 qttod

1790 2528 1906 2580 illos
1943 2569 1957 2591 ,
1988 2531 2072 2596 qui
2106 2533 2171 2583 ita
2203 2534 2394 2585 vellent
2429 2542 2481 2586 et
2501 2534 2612 2586 sine
2634 2551 2723 2600 spe
2748 2536 3100 2588 conversionis
3124 2549 3318 2601 essent,

1785 2617 2060 2669 dimiserit.
2107 2619 2192 2672 Sic
2229 2629 2282 2672 et
2323 2621 2422 2674 hoc
2449 2622 2564 2674 loco
2590 2662 2602 2682 ,
2636 2622 2945 2689 Dispensavit
2978 2627 3108 2694 illis,
3139 2626 3186 2678 id
3218 2637 3316 2690 est,

1784 2719 1901 2757 cum
1924 2721 2151 2760 errorem
2178 2708 2820 2778 delegissent,resipiscere
2841 2714 3315 2777 nolentes,dimisit.

1786 2793 1878 2846 llic
1906 2795 2164 2860 paululum
2196 2812 2502 2865 progressus
2546 2801 2616 2853 ait
2652 2817 2664 2853 :
2711 2801 2880 2855 Testor
2908 2803 3038 2856 vobis
3074 2807 3247 2856 ca’lum
3274 2817 3318 2858 et

1785 2895 1981 2945 terram,
2010 2900 2092 2938 vos
2122 2888 2361 2952 perituros
2387 2905 2506 2952 esse,
2535 2890 2577 2940 si
2601 2891 2920 2945 abscesseritis
2941 2910 2969 2944 α
3003 2893 3103 2946 Deo
3125 2895 3142 2960 (
3166 2894 3311 2948 Deut.

1784 2973 1838 3024 4.
1867 2970 1955 3042 26)
1979 2974 2070 3040 (ὁ).
2107 2974 2301 3028 Deinde
2341 2977 2565 3029 ostendit
2590 2978 2747 3030 Deum
2780 2980 2904 3031 nulli
2945 2990 3080 3033 tanta
3111 2983 3315 3049 praesti-

1784 3063 1909 3116 tisse
1937 3065 2068 3116 boua
2096 3075 2284 3132 quanta
2320 3067 2439 3119 illis.
2475 3067 2540 3119 Et
2568 3068 2876 3121 determinat
2908 3077 3011 3123 tres
3055 3071 3210 3124 nrbes
3249 3063 3315 3124 ad

1780 3151 2059 3206 Jordanem
2089 3169 2184 3222 pro
2210 3156 2426 3224 refugio.
2462 3158 2643 3210 Adhuc
2668 3173 2757 3211 eos
2787 3159 2850 3210 de
2876 3160 3104 3225 pristinis
3130 3161 3312 3212 admo-

1781 3248 1910 3306 net,
1952 3243 2126 3310 aitque
2168 3259 2182 3294 :
2224 3242 2349 3311 Liga
2382 3259 2437 3295 ea
2463 3244 2512 3295 in
2539 3246 2760 3296 manibus
2789 3246 2883 3298 tuis
2904 3285 2916 3306 ,
2945 3255 2989 3297 et
3019 3247 3070 3297 in
3097 3249 3312 3313 postibus

1777 3330 1976 3395 scribes,
2005 3339 2051 3383 et
2078 3331 2270 3383 docebis
2309 3333 2467 3398 ﬁlium
2495 3341 2630 3384 tuum
2659 3333 2675 3401 (
2709 3333 2854 3386 Deut.
2898 3334 2947 3388 6.
2990 3335 3040 3389 8.
3071 3336 3101 3388 9
3146 3335 3184 3402 ).
3217 3336 3310 3390 Ubi

1779 3420 1907 3474 dixit
1933 3429 2104 3473 autem
2130 3435 2244 3488 qua:
2271 3421 2402 3474 mala
2425 3422 2487 3474 iis
2515 3433 2761 3474 eventura
2787 3423 2908 3486 sint,
2940 3423 2981 3476 si
3015 3439 3115 3475 non
3154 3424 3308 3477 obse-

1778 3518 2036 3576 quantur,
2082 3509 2207 3578 ipsis
2254 3509 2494 3563 ﬁduciam
2546 3510 2710 3576 indit,
2761 3526 2825 3565 ne
2857 3513 3030 3565 hostes
3057 3523 3308 3567 metuant.

1783 3599 1982 3652 Rursus
2012 3599 2182 3666 priora
2214 3599 2264 3650 in
2297 3599 2599 3651 memoriam
2625 3609 2849 3653 revocat.
2878 3601 2968 3653 llic
2988 3601 3124 3668 jacet
3152 3602 3307 3654 illud:

1788 3692 1994 3744 Attende
2025 3691 2108 3743 tibi
2135 3690 2153 3761 (
2183 3689 2315 3742 Ibid.
2349 3706 2394 3743 υ.
2428 3691 2493 3742 15
2524 3690 2562 3759 ),
2590 3691 2726 3759 quod
2776 3692 2898 3759 ipsis
2937 3690 3232 3760 frequenter
3260 3693 3308 3744 in

1779 3785 2116 3853 sequentibus
2157 3785 2343 3854 repetit
2373 3803 2385 3837 :
2417 3794 2692 3853 monetque
2718 3797 2783 3837 ne
2809 3783 3046 3836 victorias
3089 3782 3311 3849 propria:

1778 3876 1953 3929 virtuti
2004 3876 2301 3930 adscribant
2323 3918 2337 3941 ,
2365 3876 2456 3930 sed
2505 3876 2591 3929 Dei
2625 3876 2821 3943 gratize.
2867 3874 2959 3927 llic
2980 3874 3117 3941 jacet
3145 3872 3264 3925 illud
3294 3889 3307 3924 :

1781 3965 1914 4018 Deus
1940 3966 2065 4034 ignis
2085 3983 2370 4019 consumens
2407 3973 2474 4019 est
2496 3965 2666 4034 (Deut.
2694 3965 2744 4017 4.
2762 3963 2829 4016 24
2853 3979 2865 4025 ;
2903 3962 3053 4014 IIebr.
3083 3961 3163 4013 η.
3193 3960 3306 4026 29).

1778 4058 1915 4125 quod
1945 4057 2135 4111 Paulus
2160 4059 2211 4110 in
2257 4057 2486 4125 Epistola
2525 4055 2590 4108 ad
2622 4055 2864 4108 Ilebrteos
2908 4053 3093 4120 posuit.
3128 4051 3311 4103 llorta-

1779 4155 1863 4196 tur
1888 4156 2063 4198 autem
2108 4145 2158 4197 in
2203 4144 2303 4197 hoc
2339 4145 2452 4212 ipso
2477 4144 2590 4195 loco
2615 4142 2818 4212 Moyses
2848 4156 2914 4194 ne
2949 4155 3006 4194 se
3041 4140 3307 4192 extollant.

1781 4233 1899 4285 Non
1930 4235 2056 4285 enim
2079 4242 2275 4301 promer
2292 4233 2538 4301 justitiam
2569 4241 2722 4295 tuam,
2747 4231 2931 4299 inquit,
2960 4228 3135 4289 Israel,
3159 4238 3312 4281 exter-

1777 4322 2091 4375 minabuntur
2125 4332 2286 4392 gentes
2316 4363 2330 4384 ,
2377 4321 2461 4374 sed
2505 4331 2703 4389 prapter
2750 4322 2969 4387 ipsorum
3013 4319 3310 4386 impietatem

1782 4412 1949 4482 (Deut.
1985 4412 2038 4466 9.
2072 4413 2146 4479 5).
2177 4412 2232 4464 ln
2261 4411 2566 4463 memoriam
2597 4418 2766 4461 autem
2798 4407 2923 4474 ipsis
2954 4413 3159 4459 revocat
3184 4419 3315 4457 con-

1778 4501 1954 4554 flatum
1998 4501 2238 4552 vitulum.
2282 4499 2374 4552 llic
2403 4499 2590 4566 legitur
2615 4495 2737 4548 illud
2765 4512 2776 4546 :
2807 4493 3148 4546 Circumcidite
3173 4492 3312 4544 duri-

1780 4591 1897 4642 tiam
1928 4591 2088 4642 cordis
2130 4589 2292 4650 vestri,
2322 4597 2365 4639 et
2403 4586 2634 4638 cervicem
2667 4592 2873 4635 vestram
2907 4598 2968 4634 ne
3007 4581 3311 4632 induraveri-

1780 4681 1840 4731 tis
1871 4677 2050 4748 (Deut.
2098 4677 2182 4730 10.
2214 4676 2318 4743 lli).
2347 4673 2544 4726 Laudat
2575 4680 2764 4724 terram
2810 4669 3187 4737 promissionis.
3221 4669 3315 4723 llic

1775 4767 1913 4836 jacet
1935 4766 2057 4819 illud
2094 4765 2255 4818 :Cum
2290 4762 2556 4814 comederis
2589 4769 2632 4812 et
2660 4760 2833 4812 biberis
2858 4768 2901 4812 ct
2924 4769 3170 4811 saturatus
3201 4761 3312 4826 (ue-

1778 4860 1868 4923 ris,
1898 4858 2093 4908 attende
2123 4854 2246 4922 tibi(
2275 4852 2425 4904 Deut.
2446 4851 2496 4905 6.
2529 4851 2614 4904 l2.
2649 4852 2714 4904 13
2741 4851 2759 4917 )
2785 4867 2798 4900 :
2821 4849 3152 4918 prmdicitque
3181 4849 3317 4904 mala.

1780 4963 1881 5000 non
1927 4944 2355 5010 obsequentibus,
2385 4951 2434 4995 et
2465 4943 2598 4994 bona
2641 4939 3030 5009 sLobedierint.
3078 4934 3321 5002 Praieipit

1784 5045 1838 5086 ιιι
1870 5039 1917 5086 in
1949 5044 2125 5086 monte
2150 5033 2359 5086 Garizin
2406 5031 2557 5084 detur
2603 5028 2893 5082 benedictio
2923 5069 2936 5092 ,
2966 5034 3018 5078 et
3056 5027 3104 5076 in
3145 5033 3321 5076 monte

1780 5125 1941 5179 Gehal
1973 5123 2285 5176 maledictio.
2314 5121 2470 5175 Jubet
2498 5120 2693 5174 destrui
2735 5117 2868 5171 idola
2894 5127 2945 5170 et
2969 5130 3150 5169 eorum
3179 5114 3314 5166 loca.

1782 5214 2024 5282 Praecipit
2063 5228 2130 5266 ne
2160 5213 2350 5281 ubique
2393 5210 2644 5266 sacriﬁcia
2691 5209 2798 5261 Deo
2845 5205 3098 5268 offerant,
3131 5202 3223 5258 sed
3272 5203 3324 5254 in

1781 5303 1896 5355 loco
1925 5316 2076 5369 quem
2122 5302 2234 5369 ipse
2261 5301 2493 5368 elegerit.
2522 5299 2596 5351 Ne
2624 5297 2932 5350 aemulentur
2986 5306 3193 5363 gentes,
3230 5303 3326 5343 nec

1781 5392 2002 5459 cuipiam
2028 5391 2392 5459 obtemperent
2415 5387 2653 5442 suadenti
2680 5385 2888 5439 utidola
2917 5380 3325 5445 colant,etiamsi

1841 5521 1911 5581 (a)
1948 5528 2053 5568 ttzec
2074 5533 2167 5568 non
2191 5520 2248 5568 ad
2273 5519 2471 5568 verbum
2513 5517 2788 5566 referuntur
2809 5523 2861 5564 ιιι
2883 5516 3118 5563 habentur
3142 5512 3188 5558 in
3207 5518 3330 5558 ncu-

1780 5584 2061 5630 teronontio.

1839 5664 1908 5723 (b)
1941 5671 2046 5712 tunc
2068 5676 2162 5710 non
2202 5662 2266 5723 ad,
2303 5661 2490 5710 literam
2531 5663 2600 5710 sic
2623 5661 2858 5711 habentur
2881 5660 2926 5707 iu
2971 5656 3180 5705 editione
3203 5661 3331 5714 lxx,

1780 5721 1868 5773 sed
1889 5721 2168 5784 compendio
2189 5721 2475 5772 referuntur.
