4096 6476
703 393 813 448 335

706 495 852 565 signa
879 491 1082 558 fecerit,
1113 506 1216 546 non
1246 491 1437 556 amico,
1469 503 1572 542 non
1594 487 1682 540 alii
1709 485 1958 554 cuipiam,
1988 480 2081 537 sed
2105 489 2162 535 ut
2189 483 2265 534 la-

709 583 918 652 pidibus
943 581 1171 635 obruant
1198 579 1499 634 hortantem
1525 616 1540 642 ,
1588 577 1700 629 sive
1744 575 1904 628 frater
1950 571 2127 636 fuerit,
2155 570 2267 624 sive

707 672 866 725 etiam
899 669 1025 724 urbs
1055 669 1191 723 idola
1212 667 1440 723 coluerit
1464 704 1480 729 ,
1511 680 1626 719 eam
1655 663 2012 718 internecione
2035 660 2263 715 deleant.

710 760 888 814 Monet
917 773 1035 828 quae
1064 757 1386 812 comedenda
1413 796 1427 821 ,
1454 771 1570 824 qum
1596 753 1887 822 respuenda
1919 752 2040 805 sint.
2074 750 2264 819 Legem

711 851 802 903 dat
829 850 896 904 de
923 847 1232 903 remissione
1255 845 1574 908 debitorum,
1597 844 1663 898 de
1684 843 1995 897 remissione
2019 850 2073 894 et
2098 839 2266 894 liber-

710 949 816 995 tate
843 955 1137 1002 servorum,
1165 939 1231 993 de
1261 939 1619 1008 primogenitis
1641 978 1653 999 ,
1679 937 1743 990 de
1773 934 2040 1004 paschale.
2074 931 2266 1000 Hicja-

709 1041 798 1087 cet
843 1031 972 1086 illud
1005 1048 1017 1083 :
1053 1049 1072 1081 ‹
1106 1029 1219 1084 Νοη
1249 1030 1447 1098 poteris
1488 1027 1676 1096 pascha
1706 1026 1878 1080 facere
1916 1025 1968 1076 in
2012 1023 2115 1075 nlla
2142 1022 2271 1076 civi-

713 1131 840 1189 tate,
868 1138 1024 1192 quam
1055 1122 1307 1176 Dominus
1335 1121 1475 1175 Deus
1504 1130 1623 1173 tuus
1654 1119 1743 1172 dat
1769 1117 1865 1170 tibi
1892 1158 1906 1180 ,
1937 1115 2029 1169 sed
2054 1116 2104 1167 in
2133 1115 2265 1178 loco,

710 1229 868 1284 quem
895 1213 1114 1282 elegerit
1144 1213 1396 1265 Dominus
1427 1211 1561 1264 Deus
1589 1219 1707 1262 tuus
1730 1226 1754 1258 ι
1789 1204 2058 1275 (ὓευι.1ϐ.
2083 1203 2171 1275 5).
2197 1203 2271 1256 De

713 1305 1149 1370 hebdomadibus,
1176 1304 1241 1358 de
1268 1302 1614 1371 scenOpegiis,
1637 1299 1706 1354 de
1729 1299 2013 1368 judicibus,
2042 1298 2106 1352 de
2136 1297 2272 1366 regi-

714 1397 815 1452 bus
838 1437 854 1462 ,
881 1396 923 1450 si
950 1395 1160 1465 quando
1207 1396 1405 1449 vellent
1456 1394 1555 1447 sibi
1598 1407 1777 1460 regem
1808 1391 2034 1459 aliquem
2071 1389 2272 1443 consti.

715 1495 883 1541 tuere.
937 1486 1009 1539 De
1062 1485 1260 1538 Levitis
1286 1523 1298 1546 ,
1329 1483 1499 1551 deque
1542 1483 1603 1536 iis
1632 1497 1748 1549 qua:
1791 1481 2030 1547 accipere
2057 1478 2270 1532 debent.

714 1577 863 1643 Quod
890 1591 992 1629 non
1021 1583 1260 1642 oporteat
1283 1574 1386 1627 illis
1414 1573 1508 1638 uti,
1540 1572 1627 1642 qui
1656 1571 1970 1634 catharistaa,
2002 1584 2091 1623 seu
2123 1583 2274 1621 mun-

717 1666 930 1720 datorcs
959 1673 1213 1719 vocantur
1241 1662 1340 1734 (a),
1385 1679 1486 1715 non
1535 1661 1965 1722 incantatorihus,
1995 1676 2100 1713 non
2142 1658 2275 1712 divi-

721 1755 1041 1819 nationibus,
1061 1770 1163 1808 non
1191 1753 1473 1817 ominibus,
1505 1759 1595 1806 aut
1632 1752 1905 1806 similibus.
1937 1750 2030 1804 llic
2049 1750 2188 1817 jacet
2211 1747 2276 1801 il-

715 1846 833 1901 lud:
857 1843 1159 1915 PrOphetam
1183 1843 1316 1898 vobis
1342 1843 1591 1896 auscilabit
1617 1842 1767 1902 Deus,
1790 1851 1840 1892 ut
1861 1857 1948 1910 ego
1971 1856 2077 1894 sum
2096 1837 2272 1908 (Deut.

717 1937 805 1994 18.
840 1938 904 1992 15
930 1938 970 2007 ).
1008 1937 1184 2006 Deque
1210 1934 1427 1989 urbibus
1453 1934 1636 2002 refugii
1681 1933 1997 2002 praecipitur.
2029 1931 2124 1984 llic
2150 1930 2278 1999 legi-

718 2037 804 2082 tur
829 2027 954 2082 illud
984 2043 998 2080 :
1040 2025 1107 2080 In
1137 2042 1222 2080 ore
1267 2024 1478 2078 duorum
1527 2023 1721 2077 testium
1760 2022 1836 2075 vel
1864 2021 2009 2074 trium
2036 2029 2278 2074 statuetur

719 2135 862 2173 omne
889 2115 1126 2186 uerbum(
1148 2114 1302 2169 Joan.
1335 2115 1387 2169 1.
1412 2115 1518 2179 45;
1560 2113 1710 2166 Deut.
1748 2112 1833 2166 19.
1861 2111 1968 2184 15).
1998 2113 2063 2167 Et
2086 2112 2152 2167 de
2177 2111 2276 2164 fal-

719 2211 792 2265 sis
816 2208 1064 2274 testibus,
1094 2206 1218 2277 quid
1258 2206 1330 2259 illi
1359 2205 1465 2274 pati
1492 2204 1736 2259 debeant.
1770 2202 1999 2257 Instante
2038 2203 2176 2257 bello
2199 2200 2279 2256 di-

717 2301 790 2353 cit
816 2313 973 2368 quem
1011 2297 1257 2350 emittere
1306 2303 1547 2364 oporteat
1570 2334 1586 2358 ,
1613 2309 1713 2348 nec
1753 2292 1893 2347 ferre
1918 2302 1973 2346 ut
1994 2307 2116 2346 cum
2151 2293 2278 2361 ipsis

718 2398 935 2463 pugnet.
959 2388 1210 2443 Hortatur
1234 2401 1300 2440 ne
1325 2385 1646 2440 interﬁciant
1674 2383 1855 2438 hostes
1885 2383 1934 2436 in
1965 2398 2145 2437 eorum
2169 2399 2279 2437 ma-

722 2497 822 2538 nus
859 2481 1110 2537 cadentes
1135 2519 1150 2545 ,
1178 2478 1414 2548 exceptis
1459 2485 1660 2546 septem
1713 2476 1974 2544 gentibus.
2019 2475 2084 2528 Et
2124 2475 2280 2528 urbes

719 2573 931 2643 quidem
955 2584 1165 2637 omnes,
1195 2569 1386 2638 inquit,
1419 2583 1537 2623 cum
1568 2567 1834 2635 ceperitis,
1858 2566 2070 2634 diripite
2093 2605 2106 2628 ,
2138 2580 2281 2619 mas-

718 2665 973 2732 culosque
996 2671 1196 2716 tantum
1225 2661 1468 2718 occidite.
1507 2660 1583 2714 Ex
1615 2660 1696 2714 his
1723 2675 1849 2714 vero
1874 2698 1889 2722 ,
1925 2674 2143 2729 quorum
2173 2669 2280 2711 ter-

722 2769 833 2809 ram
862 2752 1140 2823 possidetis
1169 2793 1184 2819 ,
1216 2752 1482 2806 neminem
1507 2751 1683 2805 vivere
1705 2748 2000 2804 concedite.
2029 2745 2284 2802 Fructife-

721 2857 812 2897 ras
853 2843 1072 2897 arbores
1116 2855 1183 2896 ne
1222 2841 1408 2896 caedite
1436 2881 1451 2904 ,
1477 2840 1683 2911 inquit,
1705 2839 1769 2893 ad
1802 2839 2066 2908 ﬁgendum
2092 2838 2282 2892 vallum

727 2935 781 2989 in
827 2933 1117 2988 obsidione.
1171 2932 1226 2988 Si
1253 2933 1368 3001 quis
1397 2933 1602 2987 occisus
1646 2933 1956 3001 reperiatur,
1987 2947 2084 2985 nec
2125 2945 2285 2999 appa-

722 3033 840 3078 rcat
882 3024 928 3077 is
957 3022 1045 3091 qui
1095 3020 1380 3086 interfecit,
1411 3021 1537 3090 quid
1565 3019 1860 3074 faciendum
1901 3020 1968 3073 sit
2023 3021 2138 3089 lege
2174 3028 2284 3072 sta-

727 3113 843 3166 tuit.
893 3112 949 3166 Si
1004 3111 1123 3179 quis
1178 3110 1308 3165 duas
1338 3110 1536 3164 habens
1589 3124 1803 3173 uxores,
1860 3110 2015 3162 aliam
2068 3107 2257 3172 oderit,

723 3202 880 3256 aliam
925 3200 1200 3265 dilexerit,
1249 3199 1636 3269 contigeritque
1684 3206 1740 3250 ut
1775 3211 1976 3266 perosa:
2027 3195 2161 3248 ﬁlius
2215 3195 2284 3248 sit

725 3292 1106 3361 primogenitus
1137 3308 1152 3344 :
1183 3305 1252 3345 ne
1273 3289 1348 3343 illi
1373 3289 1682 3358 praeferatur
1702 3288 1744 3340 is
1773 3287 1863 3356 qui
1886 3301 1952 3340 ex
1980 3285 2172 3339 dilecta
2191 3298 2283 3337 na.

727 3397 811 3441 tus
835 3393 936 3440 est.
973 3386 1045 3441 De
1071 3385 1180 3439 tilio
1207 3383 1610 3452 inobsequente.
1644 3380 1738 3435 Hic
1757 3381 1897 3449 jacet
1925 3377 2052 3432 illud
2080 3395 2093 3432 :
2120 3363 2285 3430 Male-

726 3477 888 3530 dictus
915 3475 1078 3530 omnis
1104 3475 1188 3544 qui
1214 3474 1389 3544 pendet
1413 3474 1466 3526 in
1501 3473 1636 3541 ligno
1666 3470 1838 3542 (Deut.
1864 3471 1952 3522 2|.
1984 3468 2054 3522 ’25
2079 3469 2118 3538 ).
2154 3468 2284 3534 Quia

731 3583 857 3639 ergo
884 3567 1186 3623 maledictio
1215 3564 1417 3634 prolata
1441 3570 1556 3617 erat
1577 3563 1628 3615 in
1650 3575 1742 3616 eos
1765 3560 1852 3628 qui
1877 3574 1981 3613 non
2011 3566 2284 3612 servarent

727 3661 894 3728 legem
921 3700 935 3726 ,
988 3657 1287 3711 Maledicta:
1316 3655 1474 3708 omnis
1512 3653 1596 3722 qui
1641 3669 1741 3704 non
1785 3660 1948 3704 manet
1976 3651 2027 3702 in
2057 3650 2282 3701 omnibus

724 3754 922 3822 scriptis
960 3753 1011 3804 in
1041 3753 1134 3803 hoc
1157 3748 1377 3816 libro(b)
1405 3747 1422 3815 (
1452 3745 1563 3798 Gal.
1595 3747 1648 3799 '5.
1677 3745 1743 3796 15
1799 3760 1812 3806 ;
1842 3743 1989 3794 Deut.
2025 3741 2112 3793 27.
2143 3737 2235 3808 ΞΟ)
2267 3754 2282 3802 ;

725 3844 791 3898 de
821 3845 934 3910 lege
957 3840 1188 3909 loquitur
1207 3838 1433 3905 Moyses,
1459 3850 1553 3889 nec
1572 3842 1778 3903 poterat
1803 3831 2047 3886 Christus
2075 3832 2126 3882 in
2149 3829 2285 3882 hanc

728 3937 999 3989 incurrere
1028 3928 1494 3983 maledictionetn:
1529 3923 1765 3994 implevit
1803 3936 2028 3990 namque
2073 3919 2239 3988 legem
2267 3958 2282 3983 ,

728 4022 1153 4078 Inaledictionem
1180 4016 1550 4072 maledictionc
1583 4012 1959 4076 commutavit,
1996 4021 2285 4077 suspensus

727 4115 782 4170 in
804 4115 966 4184 ligno.
995 4109 1147 4178 Quod
1187 4123 1294 4162 non
1322 4112 1568 4176 Oporteat
1612 4102 1773 4158 etiam
1822 4100 2019 4155 inimici
2045 4098 2282 4168 jumenta

728 4205 1024 4274 despicere.
1055 4200 1170 4256 Alia
1199 4213 1411 4269 quoque
1437 4195 1710 4252 constituit
1734 4234 1749 4257 ,
1790 4201 1844 4248 et
1867 4192 1932 4246 de
1965 4188 2286 4260 nuptialibus

728 4296 932 4366 legibus
959 4292 1222 4357 edisserit,
1249 4302 1536 4359 ptenasque
1561 4284 1835 4340 constituit
1860 4292 2042 4337 contra
2071 4280 2288 4334 violato-

729 4401 816 4442 res
845 4385 1127 4454 virginum.
1156 4381 1300 4449 Quos
1341 4378 1621 4449 prohibeat
1647 4375 1713 4429 ab
1758 4375 2000 4442 ingressu
2033 4371 2083 4424 in
2113 4370 2284 4425 eccle-

730 4481 862 4534 siam
891 4493 906 4540 ;
931 4476 1000 4531 de
1044 4474 1162 4528 aliis
1215 4486 1423 4541 quoque
1456 4471 1596 4540 leges
1624 4468 1746 4530 fert,
1778 4465 1948 4534 deque
1992 4479 2098 4517 non
2143 4462 2285 4516 acci-

730 4570 926 4642 piendo
975 4568 1199 4622 femore.
1248 4564 1358 4618 Non
1386 4560 1735 4616 cunctandum
1762 4573 1880 4613 esse
1916 4556 1979 4610 ad
2018 4554 2285 4610 reddenda

737 4675 858 4716 vota
891 4679 905 4726 ;
941 4660 1035 4716 sed
1065 4657 1206 4730 quod
1231 4657 1346 4726 quis
1373 4653 1594 4717 voverit,
1619 4652 1793 4706 statim
1820 4648 2006 4702 solvat.
2056 4648 2131 4700 De
2172 4660 2286 4699 mu-

739 4757 869 4810 liere
890 4768 1006 4822 qua:
1035 4749 1237 4818 accepit
1263 4746 1494 4801 libellum
1526 4741 1752 4812 repudii,
1781 4741 1847 4794 de
1877 4738 2200 4807 pignoribus,
2221 4735 2288 4790 de

791 4887 862 4949 (a)
884 4881 1328 4949 lubenterqnomio
1348 4876 1528 4940 legitur
1549 4888 1592 4949 c_.
1728 4886 1772 4949 v.
1802 4871 1889 4949 110:
1911 4866 2287 4949 agaturagatur

728 4950 776 4998 in
793 4931 947 5008 ‘zé’diii
965 4931 1129 4993 histret
1330 4931 1485 5008 suum,
1510 4942 1591 4984 aut
1612 4933 1780 5008 βίίειπῖη
1800 4931 1984 5008 ’ἔξηξὲ
2003 4941 2100 5008 PE:

794 4991 1009 5069 (bftlzec
1020 4991 1079 5069 et
1092 4991 1357 5069 explicatio
1370 4991 1672 5069 subsequens
1688 4996 1925 5069 habemur
1942 4991 2288 5069 Commeman

730 5053 1044 5132 ChrysoStomi
1068 5066 1116 5112 in
1139 5053 1284 5132 E‘pist.
1302 5061 1365 5131 ad.
1382 5053 1562 5132 Galatas
1585 5055 1756 5104 Tom.V
1775 5053 1993 5132 editionis
2014 5057 2286 5132 postrenizr,

729 5115 815 5180 53a
825 5115 1067 5192 “pluribus
1080 5115 1319 5174 enuntiata
1341 5121 1506 5192 iisdem
1530 5130 1663 5178 sape
1681 5115 1862 5192 verbis.
1879 5122 2290 5192 Quorum-“sensus

729 5169 1176 5241 ἐξίξῖῖἧῆέιῆἒ
1198 5169 1283 5232 nos
1304 5182 1512 5242 redemit
1541 5192 1566 5226 a
1594 5169 1854 5242 (maledicto
1879 5169 2020 5242 legis,
2046 5185 2070 5241 ς]
2096 5169 2291 5218 maledi-

730 5237 807 5302 cto
830 5237 1012 5300 scilicet
1033 5245 1116 5294 illo
1140 5250 1278 5293 Deut.
1302 5243 1380 5297 27,
1405 5241 1482 5296 26,
1509 5237 1784 5302 .ttaledictus
1808 5237 1955 5302 omnis
1976 5237 2055 5302 qui
2079 5244 2169 5279 non
2192 5243 2290 5277 ma-

730 5291 1107 5361 {535.8136
1125 5291 1315 5365 scriptis
1339 5291 1387 5351 in
1410 5291 1495 5349 hoc
1516 5298 1637 5347 libro
1661 5312 1675 5348 :
1705 5299 1814 5365 quia
1837 5298 1940 5356 ipse
1978 5307 2003 5341 a
2040 5291 2289 5365 legeser-

899 5351 1185 5419 iiiié'é'xé'uiii
1225 5351 1285 5412 ἐἰ
1299 5377 1393 5424 quo
1400 5369 1540 5424 pacto
1563 5351 1778 5424 exemit?
1798 5351 2061 5424 Suspensus
2144 5351 2290 5424 ligno,

1037 5412 1338 5476 nialetlietun't
1363 5412 1443 5471 ilic
1465 5425 1627 5477 subiit,
1655 5419 1771 5483 illud
1782 5412 1965 5483 nempe
1980 5451 1991 5473 ,
2019 5412 2292 5483 Mtzlediclus

730 5479 881 5543 (Sinis;
900 5479 984 5553 qui
1007 5489 1174 5553 pendet
1196 5487 1243 5535 in
1268 5485 1424 5543 (iam;
1449 5485 1529 5546 qui
1556 5491 1715 5530 tamen
1745 5479 1857 5551 illud
1883 5491 1976 5547 non
2010 5482 2291 5553 meruerat“:

732 5538 1025 5614 iiainwlegem
1044 5538 1343 5614 impleverat;
1363 5538 1654 5614 cum'antem
1680 5555 1765 5614 nos
1786 5538 2296 5614 ‘equsAjussisparentes

733 5595 1025 5671 i'c'ﬁ'éih'ﬁﬁii’
1040 5595 1342 5671 impleamus;
1357 5605 1658 5671 maledictum
1682 5602 1796 5650 illud
1820 5595 1978 5668 legis,
1987 5595 2126 5671 quod
2141 5598 2296 5671 irritos

733 5631 779 5663 Ic
818 5631 895 5662 em
920 5631 1014 5661 11011
1040 5631 1332 5671 lulplcatllua,
1358 5631 1658 5655 ιιωιευιυιιιιιι
1685 5631 1796 5650 quu
1835 5631 1973 5658 Iusta,
1992 5631 2115 5657 ιιι-νυ
2213 5631 2296 5641 ..ν-

731 5631 907 5723 cogere
924 5674 1175 5726 debuerat,
1189 5669 1280 5718 alio
1297 5667 1547 5716 maledicto
1564 5666 1663 5725 ipse
1682 5673 1956 5726 compensav
1970 5659 2020 5714 it,
2037 5668 2298 5726 snSpensns

731 5722 780 5785 in
802 5722 954 5796 ligno,
976 5742 1116 5796 atque
1137 5722 1199 5781 ita
1220 5722 1600 5779 malcdietioncm
1622 5722 1950 5772 maledictione
1972 5722 2290 5766 commutavit.

1442 373 1497 429 S.
1522 369 1795 428 JOANNIS
1832 359 2290 425 CIIRYSOSTOMI
2325 363 2635 421 ARClilEP.
2675 363 3198 422 CONSTANTINOP.

3820 378 3932 434 336

2377 479 2537 546 furto,
2557 481 2625 537 de
2664 484 2911 538 mercede
2937 483 3274 549 mercenarii,
3303 481 3369 538 de
3393 482 3591 552 pupillo
3614 522 3630 548 ,
3655 480 3722 537 de
3745 480 3899 534 vidua
3918 520 3939 544 ,

2375 572 2443 627 de
2471 573 2838 643 relinquendis
2880 577 3041 644 Spic‘is
3083 586 3138 630 et
3187 575 3302 629 uvis
3333 590 3428 643 pro
3469 574 3811 643 pauperibus.
3846 572 3944 625 ilic

2370 664 2544 731 jacet,
2592 665 2731 731 quod
2773 679 2878 718 non
2912 665 3104 720 debeat
3149 680 3246 734 pro
3291 666 3572 734 iniquitate
3597 666 3766 734 aliqua
3798 666 3939 734 plus-

2375 769 2530 822 quam
2559 755 2905 824 quadraginta
2934 757 3112 826 plagas
3149 757 3267 826 quis
3295 758 3556 826 accipere.
3591 757 3669 811 De
3697 771 3806 811 non
3828 757 3941 810 alii-

2374 845 2547 912 gzmdo
2594 858 2688 898 ore
2742 845 2897 898 bovis
2937 847 3262 909 triturantis,
3291 846 3357 900 de
3404 846 3711 901 suscitando
3736 846 3943 901 semine

2375 933 2519 988 fratri
2547 940 2634 1004 qui
2657 934 2938 990 defunctus
2957 977 2971 1001 ,
2995 937 3060 989 a‘b
3081 952 3146 991 eo
3174 939 3260 1006 qui
3291 948 3562 1008 superstes
3587 949 3668 993 est
3694 957 3708 993 :
3731 949 3787 994 et
3817 940 3942 1007 quid

2376 1038 2626 1095 passurus
2654 1028 2724 1080 sit
2743 1029 2829 1097 qui
2862 1029 3090 1082 noluerit
3114 1031 3391 1084 snscitare.
3412 1030 3487 1086 De
3508 1030 3858 1100 ponderibus,
3875 1029 3944 1085 de

2376 1119 2662 1173 mensuris.
2704 1119 2780 1174 De
2825 1120 3231 1174 exterminando
3255 1120 3528 1176 Amaleco.
3569 1121 3644 1175 De
3670 1121 3940 1190 primitiis,

2376 1209 2443 1264 de
2473 1210 2805 1266 humanitate
2833 1224 2956 1280 erga
2984 1210 3170 1264 viduas
3195 1219 3252 1265 et
3279 1212 3526 1280 pupillos.
3553 1211 3691 1266 Hinc
3726 1211 3942 1266 demum

2378 1301 2633 1371 incipiunt
2657 1301 3054 1357 maledictiones
3081 1311 3136 1358 et
3159 1301 3593 1366 benedicﬁones;
3620 1301 3725 1356 illa:
3748 1292 3942 1354 inohe-

2377 1392 2660 1456 dientibus,
2689 1393 2770 1446 hae
2799 1393 3300 1462 obtemperantibus.
3317 1390 3658 1462 Longumque
3678 1393 3809 1447 texit
3834 1406 3946 1445 ser-

2379 1498 2588 1537 monem
2619 1484 2685 1537 de
2737 1483 2888 1536 malis
2942 1484 3084 1552 ipsos
3118 1483 3397 1538 invasuris.
3443 1483 3554 1537 Hoc
3595 1477 3815 1551 contigit
3847 1477 3946 1536 sub

2380 1573 2610 1643 Assyriis
2640 1583 2693 1626 et
2719 1573 3039 1644 Babyloniis.
3073 1573 3200 1627 illud
3229 1585 3425 1639 autem,
3453 1574 3591 1643 quod
3616 1567 3705 1628 filii
3733 1587 3944 1642 quoque

2379 1664 2485 1718 sint
2523 1663 2877 1729 comedendi,
2909 1664 2960 1716 in
3010 1662 3373 1717 obsidionibus
3422 1663 3662 1732 contigit.
3712 1663 3788 1718 De
3831 1663 3946 1732 ipso

2381 1769 2592 1823 quoque
2620 1753 2832 1808 Christo
2865 1755 2954 1808 hic
2997 1754 3258 1808 meminit.
3305 1752 3441 1818 Erit,
3492 1754 3680 1822 inquit,
3713 1755 3816 1806 vita
3859 1765 3947 1806 tua

2381 1845 2600 1915 pendens
2628 1855 2742 1898 ante
2771 1845 2941 1898 oculos
2971 1843 3120 1913 tuos(
3152 1843 3303 1897 Deut.
3333 1843 3422 1898 28.
3467 1843 3535 1897 66
3568 1844 3606 1911 ).
3664 1843 3760 1896 Hic
3811 1843 3949 1911 jacet

2382 1935 2506 1988 illud
2530 1953 2544 1987 :
2576 1932 2659 1987 Ne
2682 1951 2782 2003 qua
2811 1935 2958 1986 radix
2979 1933 3328 1986 amaritudinis
3355 1931 3514 2002 (Ibid.
3545 1931 3635 1987 29.
3664 1933 3778 2000 18).
3807 1931 3946 2001 quod

2383 2026 2574 2081 Paulus
2603 2035 2984 2080 commemorat
3007 2027 3056 2078 in
3086 2025 3321 2094 mnstola
3351 2025 3418 2079 ad
3454 2024 3708 2078 Hebraeos
3744 2025 3763 2095 (
3794 2023 3944 2076 Hebr.

2386 2117 2471 2172 12.
2504 2118 2570 2172 15
2598 2117 2637 2185 ).
2678 2116 2775 2171 Hic
2801 2115 2998 2186 legitur
3043 2116 3171 2170 illud
3199 2134 3212 2170 :
3247 2134 3266 2166 ε
3299 2116 3510 2171 Occulta
3541 2117 3763 2170 Domino
3793 2112 3904 2170 Deo
3931 2155 3948 2181 ,

2381 2210 2660 2264 manifesta
2688 2225 2816 2264 vero
2843 2208 2993 2267 vobis
3022 2217 3075 2262 et
3101 2207 3224 2262 ﬁliis
3252 2209 3462 2270 vestris,
3489 2208 3619 2276 Quia
3643 2207 3946 2261 mandatum

2384 2301 2518 2368 ejus,
2552 2301 2734 2366 inquit,
2763 2315 2866 2354 non
2892 2300 2996 2354 erit
3027 2298 3270 2353 sublime.
3303 2298 3416 2353 Non
3441 2300 3491 2353 in
3517 2300 3664 2363 caelo,
3697 2309 3753 2352 ut
3783 2299 3944 2357 dicas,

2381 2390 2511 2455 Quis
2532 2391 2781 2445 ascendet
2798 2392 2847 2444 in
2873 2389 3097 2444 cadum?
3114 2405 3282 2458 neque
3312 2390 3445 2444 ultra
3472 2403 3636 2452 mare,
3667 2391 3758 2442 sed
3787 2403 3946 2457 prope

2386 2490 2438 2534 te
2466 2481 2684 2534 verbum
2708 2487 2809 2542 est,
2839 2480 2891 2533 in
2916 2495 3008 2534 ore
3030 2490 3151 2533 tuo»
3189 2478 3364 2550 (Deut.
3393 2478 3586 2533 29.29.
3614 2477 3704 2532 30.
3734 2475 3944 2537 “.12.;

2390 2568 2536 2624 Rom.
2565 2570 2650 2624 10.
2681 2569 2756 2640 6).
2787 2570 2909 2623 Harc
2938 2568 3007 2624 de
3038 2571 3189 2640 legali
3229 2569 3477 2624 mandato
3503 2569 3664 2632 dicta,
3699 2569 3765 2622 ad
3794 2568 3945 2621 ﬁdem

2388 2662 2440 2713 m
2469 2659 2737 2714 Christum
2769 2659 2930 2714 traxit
2958 2659 3174 2714 Paulus.
3202 2653 3371 2713 Testes
3395 2674 3512 2713 voco
3542 2659 3677 2712 vobis
3699 2699 3714 2721 ,
3747 2658 3946 2726 inquit,

2387 2753 2564 2805 cretum
2591 2760 2639 2805 et
2684 2761 2869 2806 terram
2895 2791 2910 2816 ,
2943 2759 2996 2804 ut
3026 2751 3245 2820 diligatis
3279 2746 3434 2804 Deum
3483 2749 3502 2821 (
3532 2742 3677 2802 Deut.
3710 2749 3796 2804 50.
3823 2749 3886 2803 19
3909 2750 3945 2817 1.

2388 2841 2533 2898 Tunc
2568 2851 2722 2898 vocat
2746 2841 2926 2897 Jesum
2976 2839 3136 2894 ﬁlium
3178 2839 3355 2904 Nave,
3386 2849 3438 2893 et
3466 2838 3615 2908 jubet
3640 2837 3834 2893 ducere
3863 2855 3948 2907 jzo-

2385 2934 2589 3003 pulum,
2618 2945 2715 2987 nec
2743 2931 2925 2985 hostes
2948 2930 3250 2993 formidare,
3281 2944 3398 2984 cum
3430 2930 3590 2983 Deum
3613 2928 3844 2982 habeant
3864 2944 3948 2980 au-

2385 3026 2706 3079 xiliatorcm.
2736 3023 3087 3092 Praecipitque
3116 3033 3173 3076 ut
3204 3025 3254 3075 in
3283 3022 3611 3091 scenoprgiis
3631 3021 3727 3074 toti
3763 3021 3948 3089 populo

2389 3115 2470 3167 lex
2501 3115 2723 3182 legatur.
2755 3113 3002 3168 Prazdicit
3035 3114 3197 3182 Moysi
3228 3114 3385 3178 Deus,
3410 3123 3527 3181 post
3570 3113 3685 3180 ejus
3729 3123 3947 3164 mortem

2401 3202 2649 3272 populum
2678 3203 2836 3257 idolis
2867 3203 3186 3256 serviturum
3210 3213 3263 3256 et
3287 3202 3613 3271 puniendum
3646 3201 3781 3254 fore.
3802 3199 3946 3262 Esto,

2391 3297 2578 3365 inquit,
2608 3296 2709 3351 hoc
2738 3295 3023 3362 canticum,
3045 3295 3184 3365 quod
3206 3304 3390 3350 contra
3419 3295 3560 3362 ipsos
3593 3293 3946 3347 testimonium

2391 3387 2543 3442 ferat.
2572 3385 2685 3440 Non
2712 3387 2853 3441 enim
2885 3400 3133 3454 umquam
3163 3384 3276 3453 ejus
3304 3384 3704 3437 obliviscentur.
3735 3383 3800 3437 Et
3821 3383 3948 3436 scri-

2391 3480 2497 3547 psit
2524 3478 2729 3546 Moyses
2771 3477 3032 3530 canticum
3060 3516 3074 3540 ,
3120 3487 3173 3530 et
3203 3474 3450 3544 praedixit
3489 3475 3566 3528 eis
3608 3474 3746 3542 quod
3780 3473 3949 3540 inique

2388 3569 2493 3623 sint
2522 3572 2708 3622 acturi.
2754 3568 2848 3621 llic
2875 3567 3062 3636 legitur
3095 3584 3108 3620 :
3155 3585 3172 3616 ι
3207 3565 3306 3636 Ipsi
3353 3581 3439 3620 me
3465 3566 3530 3618 ad
3564 3565 3950 3619 mmulationcm

2393 3667 2816 3728 provocaverunt
2843 3659 2896 3710 in
2929 3673 3032 3710 non
3066 3658 3174 3710 Deo
3200 3698 3215 3722 ,
3242 3665 3295 3710 et
3318 3672 3416 3724 ego
3453 3655 3518 3708 ad
3563 3656 3948 3708 aemulationem

2389 3750 2686 3820 provocabo
2716 3763 2808 3803 eos
2839 3749 2889 3801 in
2916 3762 3020 3802 non
3047 3757 3203 3817 gente
3249 3765 3267 3797 ι
3305 3747 3324 3816 (
3354 3745 3509 3801 Deut.
3537 3745 3622 3799 52.
3652 3744 3768 3816 21).
3798 3745 3950 3799 Juhe-

2393 3851 2476 3891 tur
2510 3839 2715 3907 Moyses
2742 3837 3033 3892 ascendere
3069 3837 3118 3890 in
3146 3845 3378 3890 montem
3409 3835 3643 3898 Abarim,
3676 3833 3768 3905 qui
3795 3835 3946 3889 etiam

2391 3929 2567 3983 Nabus
2596 3929 2903 3987 vocabatur.
2935 3937 2988 3981 et
3011 3928 3194 3981 videre
3220 3935 3416 3981 terram
3452 3924 3864 3994 promissionis:
3900 3931 3950 3978 ct

2393 4029 2668 4088 postquam
2699 4019 2932 4088 singulas
2960 4018 3128 4073 tribus
3155 4016 3513 4072 benedixisset
3536 4057 3551 4082 ,
3575 4024 3820 4070 mortuus
3843 4023 3946 4069 est:

2392 4125 2655 4180 nemoque
2684 4110 2834 4164 novit
2862 4109 3163 4178 sepulcrum
3187 4109 3300 4175 ejus
3325 4109 3389 4162 ad
3418 4108 3553 4161 hanc
3572 4122 3741 4175 usque
3758 4108 3895 4160 diem
3911 4107 3943 4156 ¹.

2393 4203 2504 4257 lluc
2530 4203 2777 4257 desinunt
2797 4203 3030 4271 quinque
3053 4200 3169 4254 libri
3199 4199 3394 4270 Moysis
3417 4239 3430 4265 ,
3459 4212 3592 4268 quos
3617 4199 3767 4253 solos
3803 4211 3947 4252 acce-

2392 4301 2580 4362 perunt
2604 4291 3036 4360 admiseruntque
3073 4289 3364 4344 Samaritaz.

2727 4415 2958 4458 SYNOPSIS
2983 4416 3115 4455 LIBRI
3145 4415 3266 4455 JBSU
3297 4414 3419 4455 ιηυι
3448 4414 3608 4454 NAVE.

2459 4539 2681 4592 Jubetur
2702 4537 2855 4591 Jesus
2881 4535 3166 4604 praecipere
3201 4533 3415 4602 populo,
3448 4539 3505 4584 ut
3529 4531 3626 4599 legi
3655 4530 3752 4584 Dei
3789 4541 3951 4583 auen-

2389 4629 2497 4682 dat.
2523 4627 2677 4682 Mittit
2701 4626 3083 4694 exploratores,
3110 4624 3199 4692 qui
3228 4624 3425 4676 intrant
3453 4622 3504 4674 in
3542 4619 3781 4675 Jericho.
3829 4619 3948 4674 Cum

2391 4719 2440 4773 id
2455 4719 2686 4772 audisset
2701 4731 2794 4770 rex
2814 4714 2977 4779 urbis,
2999 4715 3140 4767 misit
3157 4714 3243 4783 qui
3260 4714 3398 4765 viros
3415 4712 3751 4780 requirerent
3765 4726 3794 4764 a
3815 4711 3950 4764 Raab

2393 4808 2690 4872 meretrice,
2718 4821 2834 4876 qum
2860 4806 3002 4874 ipsos
3024 4813 3346 4873 susceperat.
3388 4801 3478 4854 Illa
3512 4815 3636 4854 vero
3657 4800 3950 4869 explorato-

2392 4917 2478 4955 res
2505 4899 2800 4953 occultavit.
2825 4898 3033 4964 Proque
3059 4896 3144 4948 illa
3174 4895 3337 4963 gratia
3380 4891 3528 4961 petiit
3558 4905 3654 4959 pro
3677 4891 3844 4945 domo
3867 4903 3948 4942 sua

2391 4996 2634 5056 salutem,
2664 5005 2784 5044 cum
2833 4988 2960 5042 urbs
3000 4995 3152 5055 capta
3193 4987 3346 5039 foret.
3401 4983 3478 5036 Illi
3533 4993 3854 5036 annuerunt.
3892 4979 3950 5032 Et

2393 5100 2511 5139 cum
2558 5081 2966 5142 discessissent,
3021 5092 3136 5146 qua:
3180 5083 3327 5145 gesta
3369 5082 3519 5127 erant
3563 5072 3946 5125 renuntiarunt.

2395 5173 2634 5240 Praecipit
2659 5169 2852 5240 populo
2879 5177 2934 5220 ut
2975 5165 3256 5220 Jordanetn
3299 5169 3547 5226 transeat,
3572 5169 3625 5214 et
3662 5159 3810 5214 sicco
3830 5156 3945 5226 pede

2395 5266 2734 5329 transierunt,
2760 5260 3058 5330 lapidesque
3073 5254 3349 5310 duodecim
3368 5254 3416 5307 in
3434 5253 3618 5306 castris
3637 5257 3942 5305 statuerunt.

2398 5361 2505 5414 lloc
2546 5358 2721 5411 audito
2757 5367 2907 5424 reges
2934 5351 3360 5407 Amorrhmorum
3386 5347 3473 5416 qui
3502 5353 3646 5398 trans
3673 5342 3946 5398 Jordanctn

2458 5526 2473 5554 ι
2497 5520 2549 5569 In
2572 5515 2880 5570 Coisliniano,
2903 5513 3338 5570 Deuteronomium
3365 5504 3429 5570 ita
3451 5501 3639 5570 desinit
3663 5499 3938 5570 t-Kc‘lfaf‘fa’t

2944 5574 2997 5619 τὸ
3018 5573 3123 5636 6pc;
3152 5570 3205 5615 τὸ
3251 5568 3487 5636 ξᾼουρεὶμε,
3517 5564 3818 5636 ᾂριαὶρῐαᾲὸ

2397 5623 2619 5723 {(26,121
2640 5623 2736 5685 έῖδε
2751 5623 2838 5691 ἑὴν
2858 5623 2942 5694 rip;
2970 5623 3058 5686 τῆς¹
3079 5623 3376 5688 ἐπαγγελίας(
3395 5626 3472 5673 καὶ
3495 5625 3676 5686 εὐλογεῖ
3701 5623 3811 5676 τοὺς
3828 5623 3944 5670 υἱοὺς

2427 5709 2441 5723 ι
2457 5702 2587 5723 __-..‘.\
2640 5699 2716 5723 -...)
2740 5698 2811 5723 -.Δ
2823 5700 2928 5723 ...φιτ
2954 5695 3161 5723 Μωΐικ-ἶρ
3183 5689 3259 5723 νηὶ
3285 5688 3524 5723 ΐὶιίτττρσι-αιΔ

2423 5688 2612 5766 iusim,
2640 5699 2718 5746 καὶ
2740 5688 2932 5757 relevat?
2954 5695 3162 5748 Μωῦσῆς
3183 5689 3262 5735 καὶ
3285 5688 3525 5735 Θάπτεται.
