4062 6458
185 373 303 432 335

180 474 493 547 ἐλευθερίας
513 480 621 534 τῶν
641 481 1011 548 δουλευόντων,
1042 485 1165 553 περὶ
1206 485 1577 553 πρωτοτόκων,
1598 500 1664 535 πε
1673 484 1726 552 ρὶ

177 562 281 617 τοῦ
310 564 512 635 πάσχα.
548 568 801 622 Ἐνταῦθα
832 572 1004 623 κεῖται
1030 568 1111 635 τὸ,
1136 572 1216 621 Οὐ
1251 570 1487 635 δυνήσῃ
1523 570 1589 620 τὸ
1619 566 1727 619 πά-

179 667 310 721 σχα
328 654 521 709 ποιεῖν
544 668 570 697 ι
589 656 657 709 ἐν
677 656 915 727 οὐδεμιᾷ
946 658 1061 711 τῶν
1088 660 1311 711 πόλεων
1341 654 1427 711 ὦν
1463 659 1670 725 Κύριος
1693 659 1726 709 ὁ

181 741 332 806 Θεός
363 757 479 797 σου
506 743 712 798 δίδωσι
746 760 861 810 σοι,
900 746 1033 800 ἀλλ’
1060 750 1144 811 είς
1179 747 1283 799 τὸν
1320 748 1499 800 τόπον
1541 746 1611 798 ὃν
1651 746 1726 798 ἂν

176 829 499 897 ἐκλέξηται
528 834 738 900 Κύριος
769 838 801 888 ό
831 838 970 901 Θεός
1000 850 1133 888 σου.
1162 836 1288 905 Περὶ
1317 836 1410 904 τῆς
1441 836 1544 887 τῶν
1575 835 1723 887 ἐϐδο-

176 918 385 986 μάδων,
433 922 559 992 περὶ
601 923 700 993 τῆς
743 924 849 977 τῶν
902 926 1291 994 σκηνοπηγιῶν,
1339 928 1461 995 περὶ
1504 927 1720 995 κριτῶν,

172 1010 307 1078 περὶ
336 1008 615 1079 βασιλέων,
648 1012 699 1065 εἷ
727 1029 853 1066 ποτε
880 1013 1079 1067 ἔλθοιεν
1103 1017 1177 1076 είς
1200 1016 1483 1084 ἐπιθυμίαν
1516 1015 1607 1067 τοῦ
1636 1016 1723 1084 βα·

173 1092 421 1146 σιλεῦσαί
457 1110 593 1149 τινα.
629 1098 757 1168 Περὶ
790 1099 1044 1163 Λευῖτῶν,
1073 1101 1164 1152 καὶ
1196 1095 1269 1153 ὧν
1292 1101 1555 1169 ὀφείλουσι
1586 1101 1721 1171 λαμ-

173 1182 379 1238 εάνειν.
404 1188 535 1258 Περὶ
555 1188 645 1240 τοῦ
671 1190 743 1259 μὴ
760 1190 865 1242 δεῖν
884 1194 991 1255 τοῖς
1011 1192 1313 1260 λεγομένοις
1336 1193 1676 1261 καθαρισταῖς
1690 1193 1718 1231 δ

170 1275 493 1344 κεχρῆσθαι,
515 1278 547 1348 ἢ
566 1280 846 1344 ἐπαοιδοῖς,
870 1280 901 1351 ῆ
926 1282 1197 1351 μαντείαις
1219 1283 1250 1351 ἢ
1275 1282 1587 1351 κληδόσιν,ἢ
1610 1285 1717 1345 τοῖς

167 1364 455 1428 τοιούτοις.
488 1368 743 1422 Ἐνταῦθα
772 1371 943 1423 κεῖται
964 1371 1043 1435 τὸ,
1072 1371 1385 1438 Προφήτην
1410 1371 1548 1440 ὑμῖν
1574 1372 1715 1425 ἀνα-

168 1453 389 1519 στήσει
436 1457 469 1508 d
511 1457 651 1521 Gsc‘c
677 1458 755 1524 ὡς
783 1459 904 1528 ἐμέ.
945 1460 1051 1512 Καὶ
1086 1461 1212 1530 περὶ
1246 1460 1352 1513 τῶν
1390 1460 1717 1529 φυγαδευτη-

170 1540 305 1609 ρίων
362 1544 566 1598 πόλεων
611 1546 959 1603 διατάττεται.
1012 1549 1268 1602 Ἐνταῦθα
1334 1553 1525 1611 κεῖται,
1587 1551 1711 1603 Ἐπὶ

164 1637 467 1705 στόματος
506 1637 613 1693 δύο
661 1640 969 1707 μαρτύρων
1014 1639 1109 1692 καὶ
1154 1640 1324 1707 τριῶν
1358 1640 1712 1704 σταθήσεται

166 1726 292 1779 πᾶν
308 1728 494 1796 ῥῆμα.
528 1730 632 1782 Καὶ
660 1731 785 1798 περὶ
812 1730 915 1783 τῶν
939 1729 1530 1800 ψευδομαρτυρούντων,
1559 1731 1610 1782 τί
1636 1732 1714 1783 δεῖ

166 1815 398 1883 πάσχειν
421 1814 635 1879 αύτούς.
675 1817 1016 1879 Ἐπιστάντος
1050 1816 1299 1885 πολέμου,
1330 1816 1470 1883 λέγει
1500 1816 1615 1869 τίνα
1633 1816 1713 1868 δεῖ

164 1902 492 1973 ἐκπέμπειν,
552 1905 644 1959 κα)⁸
696 1904 769 1976 μὴ
832 1906 1044 1975 ἀφιέναι
1100 1907 1459 1975 συμπολεμεῖν
1506 1908 1707 1969 αὐτοῖς.

166 1994 432 2062 Παραινεῖ
469 1996 542 2066 μὴ
577 1995 906 2065 ἀναιρεῖσθαι
934 1997 1055 2059 τοῦς
1078 1996 1357 2065 πολεμίους
1380 1996 1706 2049 ὑποπίπτον-

163 2099 281 2145 τας,
313 2084 455 2153 πλὴν
480 2084 586 2136 τῶν
608 2084 743 2138 ἐπτά
764 2084 948 2139 ἐθνῶν.
986 2085 1091 2137 Καὶ⁵
1117 2084 1214 2147 τάς
1246 2085 1342 2154 μὲν
1372 2085 1546 2149 πόλεις
1566 2086 1705 2140 ἀπά-

167 2186 284 2232 σας,
311 2169 531 2223 ἐπειδὰν
554 2170 727 2241 ἕλητε,
754 2172 903 2240 φησὶ,
938 2170 1241 2237 σκυλεύετε,
1266 2173 1331 2225 τά
1350 2175 1546 2243 ἄρρενα
1573 2174 1705 2244 μόνα

163 2260 532 2331 ἀναιροῦντες.
570 2261 661 2314 Ἐκ
690 2261 746 2314 δέ
775 2261 995 2323 τούτων,
1027 2255 1100 2316 ὧν
1121 2262 1218 2331 τὴν
1238 2262 1339 2331 γῆν
1366 2264 1705 2334 κληρονομεῖ-

162 2366 239 2413 τε,
279 2351 489 2420 μηδένα
524 2350 834 2422 ζωγρήσητε
867 2353 1182 2422 ἐμπνέοντα.
1218 2355 1549 2425 Καρποφόρα
1577 2356 1702 2419 ξύλα

164 2440 237 2508 μὴ
260 2438 507 2509 τέμνετε,
533 2438 710 2510 φησὶν,
733 2439 811 2502 είς
828 2438 887 2492 τὸ
907 2440 1071 2509 πῆξαι
1096 2442 1306 2512 χάρακα
1329 2443 1385 2494 ἐν
1406 2444 1698 2515 πολιορκία.

160 2527 227 2580 Et
262 2544 349 2591 τις
391 2528 580 2599 εὑρεθῇ
612 2528 1017 2599 πεφονευμένος,
1050 2532 1077 2583 6
1106 2532 1161 2584 δὲ
1189 2532 1445 2599 φονεύσας
1474 2534 1546 2604 μὴ
1583 2536 1703 2602 φαί-

160 2632 337 2679 νοιτο,
385 2616 657 2685 νομοθετεῖ
701 2618 751 2672 τί
797 2620 876 2673 δεῖ
923 2619 1181 2687 γίνεσθαι.
1234 2620 1356 2674 Ἐάν
1398 2622 1454 2675 δέ
1495 2640 1577 2685 τις
1612 2624 1702 2676 δύο

159 2706 297 2775 ἔχων
345 2708 623 2775 γυναῖκας,
674 2709 769 2779 τὴν
815 2708 909 2779 μὲν
952 2711 1170 2780 μισήση,
1217 2711 1475 2783 άγαπήσῃ
1520 2713 1574 2765 δὲ
1604 2715 1699 2783 τὴν

158 2794 376 2865 ἑτέραν,
416 2796 507 2847 καὶ
542 2795 716 2867 συμϐῇ
748 2795 837 2848 τὸν
860 2796 956 2865 τῆς
989 2797 1312 2868 μισουμένης
1344 2795 1476 2853 εἶναι
1499 2802 1701 2871 πρωτό-

156 2901 333 2947 τοκον,
382 2883 457 2955 μὴ
500 2884 861 2955 προτιμείσθω
902 2886 1061 2939 αὑτοῦ
1104 2889 1131 2940 6
1182 2889 1278 2957 τῆς
1322 2890 1694 2961 ἠγαπημένης.

157 2974 289 3045 Περὶ¹
328 2973 449 3026 υῖοῦ
494 2973 762 3038 ἀπειθοῦς.
810 2974 1065 3029 Ἐνταῦθα
1096 2979 1283 3038 κεῖται,
1320 2979 1697 3049 Ἐπικατάρα-

158 3079 256 3128 τος
285 3063 408 3129 πᾶς
444 3066 475 3117 ὀ
511 3066 866 3133 κρεμάμενος
887 3064 980 3117 ἐπὶ
1002 3064 1204 3127 ξύλου.
1242 3068 1388 3121 Ἐπεὶ
1415 3066 1504 3121 οὖν
1528 3070 1697 3123 ἔκειτο

156 3154 370 3226 κατάρα
404 3156 509 3215 τοῖς
544 3155 615 3225 μὴ
641 3154 961 3224 φυλάσσουσι
992 3156 1079 3207 τὸν
1108 3158 1285 3225 νόμον,
1326 3159 1695 3226 Ἐπικατάρα-

155 3259 252 3309 τος
289 3241 404 3307 πᾶς
441 3244 504 3308 ὃς
542 3244 649 3297 οὐκ
686 3244 916 3312 ἐμμένει
955 3244 1100 3299 πᾶσι
1138 3246 1257 3310 τοῖς
1284 3249 1693 3316 γεγραμμένοις

154 3332 219 3384 ἐν
254 3333 335 3397 τῷ
363 3333 577 3399 ,βιϐλίῳ
612 3334 814 3396 τούτῳ⁹
847 3333 971 3402 περὶ
1002 3334 1092 3386 τοῦ
1136 3335 1293 3403 νόμου
1327 3336 1493 3403 λέγων
1531 3338 1692 3390 Μωῦ-

156 3422 268 3492 σῆς·
320 3423 419 3476 καὶ
458 3420 550 3493 τὴν
596 3423 831 3493 κατάραν
858 3424 1067 3491 ἐκείνην
1104 3423 1201 3476 οὐκ
1230 3424 1351 3494 ἐνῆν
1391 3426 1569 3479 λαϐεῖν
1604 3426 1693 3479 τὸν

154 3511 407 3582 Χριστόν·
438 3512 712 3583 ἐπλήρωσε
740 3513 845 3583 γὰρ
873 3512 961 3565 τδν
986 3514 1162 3582 νόμον,
1188 3515 1425 3585 κατάραν
1455 3518 1693 3588 κατάρας

154 3602 514 3672 ἀντηλλάξατο
538 3603 858 3671 κρεμασθεὶς
886 3603 974 3654 ἐπὶ
1005 3603 1176 3667 ξύλου.
1206 3606 1337 3673 Περὶ
1370 3605 1460 3657 τοῦ
1486 3608 1558 3675 μὴ
1586 3608 1693 3661 δεῖν

158 3694 287 3763 μηδέ
345 3693 454 3746 τῶν
508 3693 708 3762 ἐχθρῶν
762 3693 826 3746 τὰ
875 3693 1039 3760 ἀλογα
1095 3698 1353 3764 παρορᾷν.
1402 3699 1492 3749 καὶ
1536 3698 1693 3766 ἕτερα

156 3785 449 3854 νομοθετεῖ,
481 3785 571 3837 καὶ
610 3785 734 3855 περ)⁵
770 3785 1015 3854 γαμικῶν
1042 3785 1338 3852 διαλέγεται
1366 3789 1559 3856 νόμων,
1600 3791 1691 3843 καὶ

154 3874 419 3945 τιμωρίας
443 3874 616 3944 τίθησι
646 3874 783 3927 κατά
807 3874 912 3927 τῶν
939 3875 1256 3944 ὑϐριζόντων
1284 3878 1360 3940 είς
1377 3879 1689 3948 παρθένους.

155 3964 311 4027 Τίνας
366 3963 561 4016 κωλύει
602 3963 673 4034 μὴ
716 3964 934 4018 εἰσιέναι
962 3965 1037 4027 είς
1071 3965 1376 4034 ἐκκλησίαν,
1426 3967 1514 4019 καὶ
1565 3967 1691 4037 περὶ

154 4054 349 4122 ἐτέρων
410 4051 695 4121 νομοθετεῖ,
743 4054 834 4106 καὶ
881 4054 1003 4124 περὶ
1050 4053 1142 4105 τοῦ
1189 4055 1260 4124 μὴ
1300 4056 1479 4108 λαϐεῖν
1516 4058 1685 4110 τόκον.

154 4144 283 4213 Περὶ
310 4142 408 4196 τοῦ
440 4141 512 4211 μὴ
543 4140 802 4212 χρονίζειν
834 4144 889 4194 ἐν
916 4145 1031 4205 ταῖς
1058 4144 1163 4196 τῶν
1192 4145 1359 4213 εὐχῶν
1388 4146 1688 4211 ἀποδόσεσι,

152 4232 258 4284 ἀλλ’
285 4233 427 4300 ὅπερ
454 4232 515 4286 ἀν
541 4249 620 4294 τις
641 4231 875 4303 εὔξηται,
904 4233 1097 4295 εὐθέως
1120 4234 1413 4286 ἀποτελεῖν.
1445 4235 1576 4303 Περὶ
1594 4234 1690 4301 τῆς

153 4323 407 4390 γυναικὸς
437 4322 530 4391 τῆς
558 4321 928 4392 λαμϐανούσης
969 4322 1164 4391 βιϐλίον
1193 4323 1537 4385 ἀποστασίου,
1566 4324 1689 4392 περὶ

151 4413 436 4484 ἐνεχύρων,
464 4412 588 4482 περὶ
616 4412 836 4482 κλοπῆς,
864 4412 988 4483 περὶ
1020 4412 1208 4481 μισθοῦ
1242 4413 1526 4482 μισθωτοῦ,
1565 4413 1689 4482 περὶ

150 4500 413 4577 ςυρφανοῦ,
483 4503 604 4572 περὶ
662 4503 864 4573 χήρας,
926 4503 1049 4572 περὶ
1113 4502 1203 4554 τοῦ
1267 4503 1686 4571 καταλιμπάνειν

150 4591 519 4659 σταχυολογεῖν
549 4590 641 4641 καὶ
671 4590 979 4659 ραγολογεῖν
1003 4594 1110 4652 τοῖς
1147 4592 1383 4661 πένησιν.
1432 4593 1685 4645 Ἐνταῦθα

148 4682 309 4733 κεῖται
350 4678 489 4759 περὶι
516 4678 607 4731 τοῦ
644 4678 716 4748 μὴ
755 4678 860 4731 δεῖν
911 4678 1065 4731 πλέον
1107 4679 1252 4750 [338]
1290 4682 1685 4749 τεσσαράκοντα

147 4770 437 4839 λαμϐάνειν
463 4767 548 4820 τὸν
579 4766 968 4836 ἐγκαλούμενον
1002 4768 1125 4836 περὶ
1155 4768 1359 4828 ἀδικίας
1388 4769 1546 4829 τινός.
1581 4769 1684 4819 Καὶ

147 4861 263 4929 περὶ
310 4857 411 4913 τοῦ
456 4856 528 4927 μὴ
575 4856 768 4927 φιμοῦν
813 4854 935 4926 βοῦν
984 4857 1238 4918 ἀλοῶντα,
1283 4858 1375 4909 καὶ
1425 4857 1549 4926 περὶ
1590 4856 1681 4908 τοῦ

148 4949 370 5021 ἐγείρειν
408 4946 621 5016 σπέρμα
650 4946 723 5015 τῷ
756 4945 1004 4999 τεθνεῶτι
1041 4945 1248 5014 ἀδελφῷ
1285 4946 1371 4998 τὸν
1408 4947 1684 4999 ὑπολειπό-

151 5058 316 5109 μενον,
350 5040 447 5094 καὶ
480 5037 530 5089 τί
561 5037 798 5089 πείσεται
840 5039 884 5090 εί
927 5037 999 5107 μὴ
1032 5036 1264 5105 βούλοιτο
1298 5039 1519 5106 ἐγεῖραι.
1552 5038 1684 5106 Περὶ

150 5128 411 5198 σταθμῶν,
452 5125 579 5197 περὶ⁵
630 5125 855 5195 μέτρων.
897 5127 1025 5195 Περὶ
1061 5126 1151 5178 τοῦ
1191 5126 1556 5196 ἐξολοθρεῦσαι
1596 5127 1682 5177 τὸν

159 5218 413 5291 Ἀμαλήκ.
442 5218 574 5287 Περὶ
602 5215 879 5286 ἀπαρχῶν,
910 5217 1034 5285 περὶ
1063 5215 1459 5286 φιλανθρωπίας
1486 5216 1580 5282 τῆς
1605 5216 1681 5275 είς

203 5493 226 5520 ⁸
251 5492 302 5541 In
324 5492 500 5541 Bibliis
516 5491 694 5551 legitur
716 5490 768 5536 οῦ
793 5491 966 5551 δυνήσῃ
993 5490 1128 5538 θῦσαι
1153 5492 1205 5537 τὸ
1228 5492 1405 5551 πάσχα.

198 5550 225 5589 δ
244 5552 355 5601 Haec
370 5544 965 5613 quarinbieuleronom’ior
992 5551 1227 5613 habentur
1250 5565 1291 5597 c.
1318 5544 1457 5613 {8,}.
1488 5548 1557 5613 10,
1595 5549 1679 5613 ούχ

150 5608 434 5684 εδρεθήσεται
478 5612 526 5680 ἐξ
562 5612 641 5684 μοι
669 5612 1002 5684 περικαθαίρων
1034 5612 1113 5657 τὸν
1154 5611 1252 5681 υίδν
1279 5608 1440 5684 αὐτοῦ,
1474 5611 1552 5679 καί
1596 5612 1679 5664 τήν

142 5672 358 5734 θνγατέρα
379 5670 527 5721 αὐτοῦ
556 5671 603 5720 ἐν
629 5670 751 5733 πυρί,
778 5685 868 5719 una
893 5670 1003 5719 voce
1029 5671 1252 5732 exprimit
1278 5670 1585 5731 καθαρισταῖς.

1218 372 1546 431 SYNOPSIS
1584 370 2001 431 SCRIPTURIE
2036 374 2305 434 SACRE.

3254 398 3365 456 336

1838 486 2007 556 χήρας
2027 490 2118 541 καλ⁵
2138 490 2417 560 ὀρφανούς.
2454 492 2723 545 Ἐντεῦθεν
2743 490 2921 545 λοιπὸν
2939 492 2991 544 αί
3017 489 3241 560 κατάραι
3269 490 3364 543 καὶ

1830 576 2083 644 εὐλογίαι,
2124 580 2179 632 αἱ
2225 582 2319 649 μὲν
2368 582 2780 652 παρακούουσιν,
2815 584 2869 635 αί
2914 583 2969 633 δὲ
3008 580 3358 651 πειθομένοις.

1830 665 1935 717 Καὶ
1970 668 2172 736 μακρὸν
2194 670 2457 722 ἀποτείνει
2478 671 2629 738 λόγον
2666 672 2789 739 περὶ
2815 670 2918 722 τῶν
2948 671 3237 739 μελλόντων
3266 669 3361 721 αὑ-

1827 756 1951 816 τοῦς
1982 756 2306 826 διαδέχεσθαι
2326 760 2523 812 κακῶν.
2549 760 2713 812 Τοῦτο
2740 760 2931 828 συνέϐη
2954 761 3045 811 ἐπὶ
3068 759 3359 827 Ἀσσυρίων

1830 842 1922 894 καὶ
1959 844 2322 899 Βαϐυλωνίων.
2357 846 2428 897 Τὸ
2458 847 2511 898 δὲ
2542 848 2662 909 τοὺς
2703 847 2849 909 υἱοὺς
2882 847 3089 913 φαγεῖν,
3123 848 3178 897 ἐν
3211 845 3359 897 πολι⁴

1827 934 2034 1001 ορκίαις
2076 934 2253 1005 ἐξέϐη.
2306 936 2407 988 Καὶ
2453 923 2612 988 αὑτοῦ
2659 938 2923 1005 μέμνηται
2963 934 3191 987 ἐνταῦθα
3233 933 3357 1004 περὶ

1826 1020 1917 1072 τοῦ
1955 1023 2203 1089 Χριστοῦ.
2235 1026 2458 1089 Ἔσται,
2479 1026 2656 1093 φησὶν,
2694 1026 2729 1089 ἡ
2754 1024 2858 1090 ζ’ωή
2890 1040 3002 1078 σου
3030 1023 3353 1092 κρεμαμένη

1826 1112 1936 1178 πρὸ
1973 1113 2286 1182 ὀφθαλμῶν
2330 1131 2461 1170 σου.
2500 1116 2756 1169 Ἐνταῦθα
2800 1120 2989 1179 κεῖται,
3020 1116 3110 1180 Μή
3127 1110 3355 1179 τιςρίζα

1824 1204 2077 1268 πικρίας,
2108 1199 2166 1257 οῦ
2206 1205 2295 1256 καὶ
2330 1207 2357 1257 6
2386 1206 2588 1268 Παῦλος
2623 1206 3014 1274 ἐμνημόνευσεν
3040 1206 3095 1257 ἓν
3125 1205 3189 1271 τῇ
3220 1200 3354 1272 πρδς

1836 1290 2128 1358 Ἐϐραίους.
2168 1293 2420 1347 Ἐνταῦθα
2458 1298 2650 1355 κεῖται,
2687 1294 2760 1348 Τὰ
2796 1294 3022 1362 κρυπτὰ
3057 1293 3242 1359 Κυρίῳ
3273 1290 3352 1355 τῷ

1825 1380 1963 1446 Θεῷ,
1996 1385 2065 1434 τὰ
2103 1382 2169 1435 δὲ
2204 1385 2425 1451 φανερὰ
2464 1385 2602 1452 ὑμῖν
2638 1388 2733 1438 καὶ
2764 1385 2885 1449 τοῖς
2916 1384 3139 1447 τέκνοις
3168 1381 3350 1449 ὑμῶν.

1823 1471 1948 1523 Ὀτι
1969 1473 2004 1537 ἠ
2029 1473 2241 1540 ἐντολὴ
2263 1475 2463 1533 αὑτοῦ,
2479 1476 2688 1541 φησὶνε,
2707 1476 2809 1527 οὐκ
2823 1472 2987 1526 ἔσται
3007 1472 3347 1539 ὑπέρογκος.

1824 1563 1941 1614 Οὐκ
1962 1562 2030 1614 ἐν
2054 1563 2131 1627 τῷ
2157 1564 2402 1630 οὐρανῷ,
2427 1566 2523 1616 ἵνα
2549 1566 2738 1630 εἴπῃς,
2767 1564 2865 1627 Τίς
2888 1562 3241 1627 ἀναϐήσεται
3265 1562 3351 1622 είς

1818 1652 1921 1703 τὸν
1955 1654 2245 1718 οὐρανόν-ς
2287 1653 2424 1706 οὐδὲ
2460 1653 2643 1718 πέραν
2680 1651 2785 1717 τῆς
2827 1650 3157 1716 θαλάσσης,
3212 1647 3349 1701 ἀλλ’

1817 1740 1991 1807 ἐγγύς
2029 1756 2142 1793 σου
2182 1743 2247 1795 τὸ
2289 1741 2447 1810 ῥῆμά
2488 1744 2653 1795 ἐστιν
2692 1743 2759 1793 ἐν
2803 1739 2878 1803 τῷ
2922 1740 3165 1806 στόματί
3212 1751 3345 1789 σου.

1818 1831 1996 1883 Ταῦτα
2026 1832 2151 1901 περὶ
2176 1831 2271 1900 τῆς
2294 1830 2516 1899 νομικῆς
2545 1831 2757 1898 ἐντολῆς
2802 1829 3058 1898 είρημένα
3105 1828 3348 1879 εἵλκυσεν

1815 1919 1893 1980 είς
1921 1919 2016 1987 τὴν
2045 1919 2221 1972 πίστιν
2244 1918 2340 1987 τὴν
2366 1920 2443 1980 είς
2470 1918 2699 1986 Χριστὸν
2728 1920 2755 1969 ό
2778 1916 3001 1978 Παῦλος
3034 1914 3347 1982 Διαμαρτύ-

1807 2023 1983 2075 ρομαι
2009 2007 2165 2076 ὑμῖν,
2188 2009 2339 2076 φησι,
2362 2007 2467 2061 τὸν
2498 2006 2754 2073 οὐρανόν
2780 2005 2874 2059 καί
2902 2005 3013 2071 τὴν
3034 2004 3167 2072 γῆν,
3194 2002 3346 2055 ὥστε

1812 2094 2047 2162 ἀγαπᾷν
2074 2097 2178 2149 τὸν
2199 2097 2361 2149 Θεόν.
2390 2095 2518 2147 Τότε
2546 2094 2694 2147 καλεῖ
2720 2094 2811 2147 τὸν
2842 2092 3041 2163 Ἰησοῦν
3064 2093 3151 2143 τὸν
3170 2090 3343 2159 Ναυῆ,

1812 2183 1904 2234 καὶ
1940 2183 2233 2237 ἐντέλλεται
2260 2182 2503 2253 ἡγεῖσθαι
2533 2182 2624 2235 τοῦ
2660 2182 2807 2246 λαοῦ,
2834 2182 2926 2235 καὶ
2958 2182 3029 2250 μὴ
3068 2178 3343 2248 φοϐεῖσθαι

1810 2271 1931 2333 τοὺς
1961 2272 2265 2341 πολεμίους,
2286 2271 2413 2324 Θεὸν
2446 2271 2660 2341 ἔχοντας
2690 2270 2895 2339 βοηθόν.
2936 2268 3036 2321 Καὶ
3073 2270 3345 2337 παραινεῖ,

1810 2360 1946 2413 ὥστε
1983 2363 2038 2416 ἐν
2069 2366 2186 2425 ταῖς
2228 2365 2609 2432 σκηνοπηγίαις
2640 2362 2797 2415 παντὶ
2822 2360 2898 2429 τῷ
2931 2358 3039 2428 λαῷ
3065 2359 3154 2411 τὸν
3183 2358 3342 2426 νόμον

1810 2450 2283 2519 ἀναγινώσκεσθαι.
2330 2452 2583 2521 Προλέγει
2639 2451 2714 2520 τῷ
2761 2452 2960 2519 Μωῦσῇ
3007 2450 3034 2501 ὁ
3080 2448 3228 2509 Θεὸς,
3260 2447 3341 2499 ὅτι

1812 2542 1947 2611 μετὰ
1994 2542 2215 2594 θάνατον
2271 2541 2431 2593 αὐτοῦ
2483 2543 2510 2593 6
2561 2542 2683 2604 λαὸς
2749 2540 3202 2607 εἰδωλολατρησει,
3246 2534 3341 2588 καὶ

1808 2630 2213 2699 κολασθήσεται.
2236 2630 2412 2682 Ἔστω
2441 2626 2551 2693 οὗν,
2583 2632 2763 2699 φησὶν,
2786 2632 2818 2698 ἡ
2854 2629 2964 2699 ᾠδὴ
3002 2627 3137 2694 αῦτη
3178 2642 3339 2678 κατα-

1810 2719 2149 2790 μαρτυροῦσα
2180 2720 2374 2774 αὐτῶν.
2420 2721 2493 2772 Οὐ
2540 2721 2644 2789 γάρ
2693 2735 2820 2770 ποτε
2866 2717 3112 2786 λήσονται
3150 2714 3335 2781 αὐτῆς.

1806 2811 1914 2863 Καὶ
1943 2808 2143 2879 ἔγραψε
2163 2810 2396 2878 Μωῦσῆς
2422 2809 2517 2877 τὴν
2544 2809 2701 2877 ᾠδὴν,
2734 2808 2826 2860 καὶ
2857 2808 3108 2876 προεῖπεν
3135 2804 3335 2869 αὐτοῖς,

1804 2904 1881 2956 ὅτι
1903 2902 2271 2970 ἀνομίρουσιν.
2313 2900 2564 2953 Ἐνταῦθα
2591 2903 2779 2952 κεῖται’
2810 2898 2983 2950 Αὐτοὶ
3014 2893 3337 2961 παρεζήλω-

1804 2993 1922 3047 σάν
1939 3009 2012 3061 με
2034 2992 2123 3045 ἐπ’
2143 2994 2213 3046 οὐ
2244 2992 2382 3055 Θεῷ,
2414 2991 2571 3057 κάγὼ
2594 2986 2986 3054 παραζηλώσω
3005 2984 3221 3047 αὐτοὺς
3243 2984 3336 3036 ἐπ’

1802 3083 1912 3134 οὐκ
1941 3082 2112 3133 ἔθνει.
2162 3078 2445 3131 Κελεύεται
2489 3075 2724 3142 Μωῦσῆς
2753 3074 2986 3126 ἀνελθεῖν
3019 3073 3095 3133 είς
3127 3072 3186 3123 τὸ
3214 3071 3338 3138 ὅρος

1800 3170 1861 3221 τὸ
1896 3170 2167 3238 Ἀϐαρεὶμ,
2194 3168 2222 3220 δ
2249 3169 2341 3220 καὶ
2370 3166 2543 3219 Ναϐαὶ
2581 3165 2811 3230 ἐλέγετο,
2843 3161 2934 3214 καὶ
2964 3160 3085 3213 ἰδεῖν
3112 3159 3207 3228 τὴν
3234 3158 3336 3226 γῆν

1801 3260 2141 3326 ἐπαγγελίας
2176 3259 2268 3310 καὶ
2305 3256 2595 3323 εὐλογήσας
2628 3253 2859 3321 ἑκάστην
2900 3249 3085 3319 φυλὴν,
3131 3246 3335 3299 ἐτελεύ-

1800 3362 1950 3416 τησε*
1987 3347 2077 3399 καὶ
2106 3347 2201 3397 οὐκ
2233 3342 2367 3397 εἶδεν
2398 3342 2567 3404 οὐδεὶς
2595 3341 2691 3407 τὴν
2724 3337 2897 3405 ταφὴν
2929 3332 3087 3387 αὑτοῦ
3114 3333 3214 3395 ἕως
3240 3332 3334 3401 τῆς

1798 3436 2007 3505 ἡμέρας
2036 3434 2254 3501 ταύτης.
2289 3430 2546 3485 Ἐνταῦθα
2569 3426 2949 3494 ἐτελειώθησαν
2977 3425 3045 3477 τά
3072 3425 3227 3477 πέντε
3255 3422 3334 3491 βι-

1800 3524 1921 3577 ϐλία
1944 3523 2235 3585 Μωῡσέως,
2268 3520 2302 3574 ἃ
2330 3521 2463 3589 μόνα
2490 3517 2731 3582 ἐδέξαντο
2754 3516 2800 3567 οῖ
2822 3515 3139 3582 Σαμαρῖται.

2080 3720 2337 3786 Σύνοψις
2370 3714 2474 3768 τοῦ
2507 3712 2697 3779 Ἰησοῦ
2728 3712 2832 3765 τοῦ
2868 3708 3057 3776 Ναυῆ.

1866 3888 2157 3941 Κελεύεται
2187 3886 2212 3926 ἀ
2246 3883 2445 3955 Ἰησοῦς
2480 3882 2776 3934 διατάττειν
2802 3878 2878 3946 τῷ
2906 3876 3038 3946 λαῷ,
3063 3875 3139 3945 τῷ
3166 3892 3223 3927 τε
3248 3874 3331 3927 νό-

1800 3996 1882 4047 μῳ
1928 3976 2019 4029 τοῦ
2061 3975 2193 4028 Θεοῦ
2228 3973 2531 4043 προσέχειν.
2563 3970 2772 4037 Πέμπει
2809 3964 3193 4023 κατασκόπους·
3223 3963 3332 4014 είσ-

1796 4068 1953 4137 ῆλθον
1980 4069 2056 4127 είς
2087 4066 2184 4132 τὴν
2222 4060 2440 4131 Ἰεριχώ.
2488 4058 2742 4118 Ἀκούσας
2779 4058 2806 4107 6
2842 4053 3085 4122 βασιλεὺς
3110 4050 3208 4117 τῆς
3229 4050 3328 4101 πό-

1795 4156 1947 4219 λεως,
1995 4154 2221 4221 έπεμψε,
2264 4149 2438 4219 ζητῶν
2485 4149 2608 4209 τοῦς
2652 4146 2844 4214 ἄνδρας
2881 4142 3029 4212 παρὰ
3064 4140 3226 4193 Ῥαὰϐ
3260 4140 3327 4207 τῇ

1796 4246 1965 4315 πόρνῃ
1991 4246 2055 4312 τῇ
2088 4239 2468 4309 ὑποδεξαμένῃ.
2516 4238 2580 4289 Ἦ
2617 4235 2671 4287 δὲ
2702 4233 2899 4303 ἔκρυψε
2928 4232 3047 4293 τοὺς
3067 4228 3331 4282 κατασκό-

1794 4352 1944 4398 πους.
1976 4334 2082 4385 Καὶ
2114 4332 2232 4383 ἀντὶ
2256 4328 2454 4396 ταύτης
2481 4328 2576 4397 τῆς
2604 4326 2814 4394 χάριτος
2843 4322 3005 4391 ᾔτησε
3034 4320 3129 4387 τὴν
3158 4334 3329 4385 σωτη-

1796 4423 1913 4493 ρίαν
1958 4420 2054 4490 τῆς
2100 4417 2271 4479 οἰκίας
2304 4415 2489 4482 αὐτῆς,
2527 4414 2651 4465 ὃταν
2696 4412 2727 4479 ὴ
2772 4407 2919 4469 πόλις
2950 4405 3143 4474 ληφθῇ’
3178 4404 3225 4455 οἱ
3270 4402 3326 4453 δὲ

1793 4510 2100 4565 ἐπένευσαν.
2136 4506 2243 4560 Καὶ
2262 4504 2572 4564 ἀπελθόντες
2599 4499 2926 4569 ἀπήγγειλαν
2950 4496 3014 4549 τά
3044 4494 3321 4562 γενόμενα.

1793 4595 2159 4663 Παραγγέλλει
2191 4592 2265 4661 τῷ
2289 4590 2422 4659 λαῷ,
2458 4589 2594 4640 ὥστε
2629 4586 2870 4655 διαϐῆναι
2907 4582 2994 4635 τὸν
3041 4579 3323 4650 Ἰορδάνην,

1794 4686 1885 4737 καὶ
1925 4683 2176 4751 διέϐησαν
2219 4679 2309 4730 ἐπὶ
2346 4677 2533 4746 ξηρᾶς,
2573 4674 2663 4725 καὶ
2699 4672 2873 4733 λίθους
2903 4668 3131 4737 ἔστησαν
3168 4666 3224 4718 ἐν
3260 4668 3325 4733 τῇ

1794 4769 2171 4841 στρατοπεδείᾳ
2213 4766 2433 4819 δώδεκα.
2486 4763 2832 4825 Ἀκούσαντες
2875 4760 2921 4812 οῖ
2965 4755 3196 4821 βασιλεῖς
3222 4753 3328 4805 τῶν

1803 4861 2137 4932 Ἀμορραίων
2167 4856 2314 4929 [559]
2339 4856 2385 4909 οί
2420 4855 2589 4925 πέραν
2616 4852 2707 4904 τοῦ
2742 4850 3021 4920 Ἰορδάνου,
3044 4846 3135 4899 καὶ
3162 4844 3209 4895 οί
3236 4841 3327 4910 βα-

1794 4954 1956 5015 σιλεῖς
1986 4951 2082 5019 τῆς
2108 4948 2371 5015 Φοινίκης,
2398 4946 2475 4997 ὃτι
2505 4943 2590 4996 διὰ
2613 4943 2777 5010 ξηρᾶς
2804 4938 3052 5006 διέϐησαν
3081 4935 3170 4987 τὸν
3207 4934 3330 5003 Ἰορ-

1790 5040 1969 5108 δάνην,
1992 5036 2381 5103 κατετάκησαν,
2402 5032 2493 5085 καὶ
2516 5029 2941 5095 κατεπλάγησαν.
2967 5023 3095 5075 Τότε
3126 5021 3327 5091 Ἰησοῦς

1791 5126 2143 5199 προσταχθεὶς
2192 5123 2478 5195 μαχαίραις
2525 5120 2797 5187 πετρίναις
2841 5114 3149 5185 περιτέμνει
3206 5114 3328 5172 τοὺς

1803 5218 2101 5280 Ἰουδαίους.
2173 5215 2323 5267 Ἐπεὶ
2376 5210 2769 5278 τεσσαράκοντα
2838 5204 2931 5273 ἐτη
2993 5202 3328 5271 ἀνέστραπτο

1802 5308 2011 5379 Ἰσραὴλ
2065 5309 2120 5358 ἐν
2160 5308 2223 5373 τῇ
2281 5303 2485 5371 ἐρήμῳ,
2535 5299 2625 5351 καὶ
2667 5297 2750 5350 διὰ
2784 5294 2936 5347 τοῦτο
2975 5291 3326 5362 ἀπερίτμητοι

1853 5550 1873 5577 ο
1905 5550 2015 5593 Her
2036 5550 2274 5591 adduntur
2300 5552 2357 5585 ex
2382 5550 2482 5643 ειη).
2509 5550 2585 5593 ου,
2608 5550 2702 5606 ν.)
2722 5550 2757 5580 ι.
2971 5590 2983 5606 θ
3098 5585 3121 5597 _
3277 5583 3302 5596 ο

1850 5606 1873 5643 «ι
1897 5605 2041 5653 Liber
2066 5604 2212 5651 Josue
2239 5602 2285 5647 in
2311 5599 2414 5656 Lug
2450 5608 2619 5645 uncnsn
2641 5608 2708 5644 suc
2733 5592 2899 5653 incipit
2924 5607 2933 5638 :
2983 5592 3150 5645 Ιησους
3171 5585 3300 5633 um.

1790 5682 1863 5713 ται
1888 5667 1941 5713 τὸ
1966 5664 2158 5726 βιϐλίον.
2184 5659 2447 5709 Κελεύεται.
