4062 6494
702 422 811 477 337

707 523 848 595 ἦσαν
896 524 1070 577 αὑτῶν
1111 524 1160 576 οί
1203 522 1435 574 πλεῖστοι
1478 520 1585 571 τῶν
1629 518 1894 587 μαχίμων,
1924 518 1972 569 οἳ
2011 518 2101 569 καὶ
2131 516 2236 568 ἀπ-

710 618 921 669 ὠλοντο’
946 613 1062 667 ἀντὶ
1086 613 1141 665 δὲ
1168 612 1361 664 τούτων
1394 608 1804 678 ἀντικατέστησε
1831 609 1954 669 τοὺς
1982 607 2127 668 υίοὺς
2152 607 2243 658 αύ-

709 707 835 767 τῶν,
859 704 950 766 οὓς
972 706 999 756 6
1030 701 1231 771 Ἰησοῦς
1258 700 1564 770 περιέτεμε,
1584 699 1669 751 διὰ
1696 699 1755 750 τὸ
1780 696 2021 764 γενέσθαι
2051 697 2243 759 αὐτοὺς

711 794 1104 863 άπεριτμήτους
1149 793 1207 844 ἐν
1250 793 1313 860 τῇ
1361 790 1481 859 ὀδῷ.
1517 791 1645 841 Τότε
1689 790 1904 857 ἐποίησε
1943 787 2002 841 τὸ
2042 788 2240 855 πάσχα.

712 884 822 934 Καὶ
849 885 905 934 ἐν
931 885 996 950 τῇ
1029 882 1208 950 ήμέρᾳ
1301 880 1496 947 ἔφαγον
1520 880 1697 947 ἄζυμα
1722 877 1827 931 ἀπὸ
1852 876 1942 929 τοῦ
1975 877 2117 929 σίτου
2145 876 2245 941 τῆς

713 972 814 1039 γῆς
837 973 1065 1036 ἐκείνης,
1104 971 1308 1032 ἐξέλιπε
1344 968 1404 1019 τὸ
1433 968 1620 1035 μάννα.
1650 966 1935 1020 Κελεύεται
1974 968 2002 1019 6
2044 964 2245 1033 Ἰησοῦς

714 1060 868 1112 λῦσαι
899 1061 959 1111 τὸ
984 1059 1227 1125 ὑπόδημα
1254 1055 1434 1118 αὑτοῦ,
1465 1058 1555 1109 καὶ
1593 1056 1864 1108 κυκλῶσαι
1903 1054 1997 1124 τὴν
2040 1053 2246 1123 Ἰεριχῶ

718 1150 850 1216 μετὰ
885 1148 1190 1213 σαλπίγγων
1232 1148 1323 1199 καὶ
1364 1147 1459 1213 τῆς
1493 1144 1718 1196 κιϐωτοῦ
1750 1145 1953 1215 ἡμέρας
1986 1145 2139 1196 ἐπτά.
2173 1134 2245 1197 Οὖ

716 1236 998 1304 γενομένου
1029 1236 1301 1301 αὐτόματα
1341 1235 1529 1285 ἔπεσον
1572 1233 1637 1283 τὰ
1673 1232 1843 1298 τείχη.
1869 1231 2032 1297 Δῆλον
2057 1227 2146 1283 οὖν
2166 1231 2246 1283 ὅτι

716 1327 895 1377 ἔκτοτε
926 1325 1091 1393 ἀρχὴν
1128 1324 1279 1374 ἐλαϐε
1316 1322 1528 1373 λύεσθαι
1572 1321 1630 1371 τὸ
1676 1320 1953 1372 σάϐϐατονσ
1988 1317 2106 1370 ὅθεν
2144 1317 2248 1385 γάρ

718 1418 783 1469 ἂν
814 1415 1033 1483 ἄρξηταί
1060 1430 1157 1474 τις,
1181 1414 1385 1479 ἀνάγκη
1410 1412 1466 1462 τὸ
1493 1410 1752 1462 σάϐϐατον
1774 1410 2025 1474 ἐμπεσεῖν
2050 1410 2107 1459 ἐν
2129 1410 2247 1469 ταῖς

718 1505 774 1569 ἐξ
803 1504 1046 1573 ἡμέραις.
1077 1503 1206 1553 Τότε
1238 1501 1457 1562 σώζεται
1484 1500 1575 1567 μὲν
1601 1501 1633 1567 ἡ
1665 1496 1827 1550 Ῥαὰϐ
1857 1495 1990 1565 μετὰ
2011 1496 2107 1563 τῆς
2131 1510 2249 1560 συγο

717 1590 926 1653 γενείας
954 1588 1131 1655 αὐτῆς,
1171 1586 1262 1637 καὶ
1299 1588 1433 1636 οἰκεῖ
1465 1586 1521 1635 ἐν
1548 1584 1623 1652 τῷ
1658 1584 1886 1653 Ἰσραήλ,
1913 1583 2248 1651 ἐμπιπρᾶται

716 1679 770 1729 δέ
800 1681 831 1745 ή
870 1678 1021 1739 πόλις
1044 1677 1132 1728 καὶ
1156 1675 1617 1744 ἀναθεματίζεται,
1662 1674 1751 1725 καὶ
1777 1673 2117 1741 κατηράσατο
2150 1673 2250 1741 Ἰη-

720 1767 843 1828 σοῦς
871 1766 947 1833 τῷ
970 1766 1329 1833 οἰκοδομοῦντι
1367 1765 1553 1832 αὐτήν.
1581 1762 1840 1829 Ἔκλεψεν
1888 1764 1951 1815 ἐκ
1995 1763 2088 1815 τοῦ
2122 1765 2241 1815 άναο

718 1856 944 1923 θέματος
974 1856 1167 1924 Ἀχαρ.
1202 1854 1293 1906 καὶ
1320 1854 1539 1921 ἡττᾶται
1563 1853 1591 1904 6
1616 1851 1740 1914 λαὸς
1760 1851 2072 1921 προσϐαλὼν
2093 1853 2251 1919 ἑτέρα

720 1949 887 2002 πόλει.
921 1950 1101 2001 Δεῖται
1136 1947 1227 1999 τοῦ
1266 1946 1397 1998 Θεοῦ
1440 1946 1659 2015 Ἰησοῦς,
1696 1945 1901 1999 κελεύει
1941 1947 1969 1998 6
2006 1943 2134 2007 Θεὸς
2164 1944 2252 2007 ἐξα

718 2037 943 2106 αρθῆναι
966 2035 1023 2088 τὸ
1051 2034 1312 2103 ἀνάθεμα.
1353 2033 1646 2103 Ἂνεδείχθη
1667 2036 1696 2086 6
1713 2034 1905 2103 Ἀχαρ,
1931 2032 2161 2101 ἠλέγχθη
2193 2033 2252 2085 τὸ

718 2127 956 2195 κλέμμα,
990 2124 1328 2193 ἐλιθοϐολήθη
1370 2124 1503 2193 μετὰ
1538 2124 1642 2177 τῶν
1679 2123 1806 2176 υίῶν
1832 2124 1923 2176 καὶ
1949 2122 2251 2191 θυγατέρων

716 2217 745 2268 6
783 2217 977 2284 Ἀχαρ.
1023 2214 1411 2281 Ἀνεμαχέσατο
1449 2211 1649 2281 Ἰησοῦς
1672 2211 1767 2281 τήν
1799 2211 1990 2280 μάχην,
2024 2212 2115 2263 καὶ
2146 2206 2251 2262 εἷλε

717 2306 812 2374 τήν
833 2304 1026 2367 Γάζαν,
1055 2304 1147 2355 καὶ
1168 2301 1468 2371 ἐνεπύρισε·
1494 2301 1586 2353 καὶ
1606 2300 1796 2353 ἐπεσον
1817 2302 1872 2352 ἐν
1894 2302 2027 2370 αὐτῇ
2050 2300 2252 2353 δώδεκα

718 2390 967 2459 χιλιάδες
1002 2392 1091 2443 καὶ
1128 2391 1215 2443 τὸν
1248 2390 1462 2459 βασιλέα
1486 2390 1583 2459 τῆς
1611 2390 1810 2451 πόλεως
1836 2390 2137 2459 ἐκρέμασαν
2162 2390 2253 2442 ἐπὶ

718 2481 891 2546 ξύλου.
914 2482 1260 2551 Συνέρχονται
1286 2482 1580 2550 πολεμῆσαι
1603 2481 1691 2533 τὸν
1722 2480 1930 2549 Ἰσραὴλ
1954 2483 1999 2532 οἱ
2027 2480 2253 2548 βασιλεῖς

716 2569 823 2622 τῶν
863 2571 1197 2642 ’Λμορῤαίων
1229 2571 1321 2623 καὶ
1350 2571 1681 2632 Χαναναίων,
1720 2573 1809 2621 καὶ
1846 2572 1893 2621 οί
1937 2570 2127 2622 λοιποί.
2159 2571 2251 2622 0i—

718 2659 933 2729 κοδομεῖ
962 2658 1163 2729 Ἰησοῦς
1194 2660 1565 2729 θυσιαστήριον
1584 2661 1645 2711 ἐκ
1660 2658 1817 2711 λίθων
1846 2659 2145 2727 ὁλοκλήρων
2163 2660 2254 2711 καὶ

718 2751 913 2819 γράφει
937 2749 996 2803 τὸ
1025 2750 1427 2819 Δευτερονόμιον
1456 2751 1585 2803 ἐκεῖ.
1616 2750 1724 2802 Καὶ
1752 2751 1799 2801 οί
1836 2749 2045 2819 ἡμίσεις
2079 2750 2254 2801 ἵσταν-

716 2849 805 2886 ται
834 2834 1052 2902 πλησίον
1076 2836 1166 2888 τοῦ
1204 2837 1358 2905 ὅρους
1382 2836 1571 2898 Γεϐὰλ,
1600 2836 1691 2888 καὶ
1720 2838 1765 2889 οί
1800 2837 2009 2905 ἡμίσεις
2036 2835 2252 2904 πλησίον

716 2922 808 2976 τοῦ
838 2924 992 2994 δρους
1027 2924 1264 2994 Γαριζίν.
1308 2926 1579 2978 Ἐντεῦθεν
1607 2926 1673 2978 τά
1715 2928 1853 2979 κατὰ
1887 2927 2008 2988 τοὺς
2036 2925 2252 2979 Γαϐαω-

718 3012 883 3075 νίτας.
915 3007 1069 3065 Οὗτοι
1106 3013 1212 3082 γάρ
1244 3013 1564 3075 ἀκούσαντες
1595 3014 1719 3084 περὶ
1750 3014 1855 3067 τῶν
1894 3014 2249 3084 Ἰσραηλιτῶν,

718 3100 809 3153 καὶ
831 3100 1149 3169 φοϐηθέντες
1178 3101 1368 3163 αὐτοὺς
1389 3101 1445 3166 ἐξ
1464 3094 1536 3153 ὧν
1555 3102 1652 3170 ἤδη
1675 3101 2033 3169 κατώρθωσαν
2060 3104 2115 3155 ἐν
2142 3104 2253 3165 τοῖς

718 3188 1010 3257 πολεμίοις,
1038 3187 1277 3258 ἔρχονται
1301 3188 1432 3259 πρὸς
1461 3188 1669 3252 αὐτοὺς,
1695 3190 1891 3243 παλαιὰ
1917 3190 2250 3261 περιθέμενοι

719 3273 735 3324 ί
744 3274 925 3342 μάτια,
946 3274 1137 3344 ἄρτους
1158 3274 1528 3344 ἐπιφερόμενοι
1552 3275 1764 3345 ξηροὺς,
1800 3278 2051 3330 σανδάλια
2077 3296 2248 3331 πεπαο

718 3362 1005 3431 λαιωμένα,
1030 3362 1122 3415 καί
1143 3379 1270 3431 φασι
1294 3365 1426 3433 πρὸς
1452 3365 1541 3417 τὸν
1567 3364 1709 3425 λαὸν,
1735 3367 1814 3418 ὅτι
1838 3369 1899 3418 ἐκ
1921 3368 2023 3435 γῆς
2047 3370 2253 3439 πόρρω-

718 3450 808 3505 θεν
836 3453 1043 3520 ἥκουσι,
1075 3453 1166 3505 καὶ
1195 3455 1413 3522 σημεῖον
1452 3452 1544 3505 τοῦ
1584 3454 1765 3523 πόρρω
1805 3457 1990 3517 οἰκεῖν,
2030 3456 2094 3508 τὰ
2127 3458 2253 3526 ίμά-

718 3558 823 3600 τια,
863 3542 955 3593 καὶ
1002 3543 1126 3602 τοὺς
1170 3542 1381 3611 ἄρτους,
1424 3542 1517 3595 καὶ
1566 3543 1632 3594 τά
1671 3543 1921 3596 σανδάλια
1962 3543 2249 3599 ἐποιοῦντο.

732 3631 819 3682 Ἐν
850 3630 955 3699 γὰρ
982 3634 1045 3700 τῇ
1078 3630 1180 3701 ὀδῷ
1205 3631 1340 3684 αὐτὰ
1373 3632 1774 3685 πεπαλαιῶσθαι
1800 3635 1998 3700 ἔλεγον·
2028 3638 2178 3706 ἥκειν
2198 3639 2253 3690 δὲ

718 3720 809 3772 ἐπὶ
840 3720 917 3789 τῷ
954 3721 1219 3790 συνθήκας
1256 3722 1574 3791 ποιήσασθαι
1604 3723 1737 3791 πρὸς
1778 3726 1969 3787 αὐτοὺς
2015 3728 2250 3795 είρήνης.

719 3810 780 3860 Οί
815 3808 870 3860 δέ
919 3809 991 3879 μή
1025 3809 1266 3879 ἐρόμενοι
1303 3810 1392 3862 τὸν
1430 3811 1579 3874 Θεὸν,
1623 3814 1936 3882 ἐποιήσαντο
1968 3816 2249 3885 συνθήκας.

728 3896 815 3958 Ὠς
841 3898 897 3951 δέ
922 3898 1162 3965 ἔγνωσαν
1193 3900 1543 3970 ἠπατημένοι,
1575 3902 1665 3955 καὶ
1694 3904 1773 3956 ὅτι
1800 3903 1859 3955 οὺ
1888 3903 2088 3973 πόρρω,
2122 3905 2253 3957 ἀλλὰ

720 3989 940 4059 πλησίον
972 3988 1195 4051 οίκοῦσι,
1244 3989 1315 4058 μὴ
1346 3989 1627 4059 δυνάμενοι
1658 3992 1851 4055 αὐτοὺς
1884 3994 2247 4062 καταπολεμῆ-

722 4098 810 4133 σαι
850 4080 934 4133 διά
969 4081 1092 4142 τοὺς
1117 4080 1329 4149 ὅρκους.
1358 4079 1571 4144 δούλους
1594 4081 1908 4151 ἐποιήσαντο
1937 4083 2254 4146 ξυλοκόπους

718 4185 777 4221 τε
810 4169 901 4221 καὶ
939 4167 1276 4237 ὑδροφόρους.
1318 4168 1574 4221 Ἐνταῦθα
1618 4170 1852 4223 ἐκϐαίνει
1884 4174 1917 4240 ή
1960 4173 2253 4243 πρόρρησις

717 4256 808 4309 τοῦ
840 4256 980 4319 Νῶε,
1012 4258 1077 4325 ῆν
1108 4252 1245 4309 εἴπω
1274 4259 1507 4311 Χαναὰν
1529 4259 1665 4322 παῖς
1692 4260 1938 4325 οἰκέτης·
1974 4262 2028 4326 ἐξ
2052 4264 2252 4314 ἐκείνου

716 4348 822 4418 γάρ
875 4349 1007 4401 είσιν
1064 4341 1227 4401 οῦτοι.
1286 4349 1549 4401 Ἤκουσεν
1611 4349 1953 4412 Ἀδωνιϐεςέκ
2010 4352 2252 4418 βασιλεὺς

731 4436 1094 4507 Ἰερουσαλήμ,
1127 4437 1275 4508 [540]
1301 4439 1380 4490 ὅτι
1413 4438 1553 4490 ἐάλω
1592 4438 1794 4507 Ἱεριχὼ
1832 4441 1921 4491 καὶ
1961 4442 2122 4503 Γάζα.
2162 4445 2252 4496 καί

717 4527 798 4578 ὅτι
847 4526 1213 4597 ηὐτομόλησαν
1252 4530 1299 4579 οἱ
1341 4528 1689 4589 Γαϐαωνῖται,
1742 4530 1832 4580 καὶ
1883 4530 2251 4598 ἐπιστρατεύει

718 4618 801 4668 ἐπ’
828 4616 1021 4679 αὐτοὺς
1058 4621 1190 4686 μετὰ
1214 4620 1303 4669 καὶ
1330 4618 1526 4686 ἐτέρων
1562 4617 1835 4686 βασιλέων.
1865 4622 1924 4673 Ol
1952 4620 2006 4672 δὲ
2032 4621 2252 4673 ἐκάλουν

716 4708 793 4767 τίς
837 4707 1142 4775 συμμαχίαν
1184 4707 1271 4758 τὸν
1306 4707 1527 4774 Ἰησοῦν.
1561 4704 1727 4759 Ἦλθε
1764 4710 1819 4760 δέ
1853 4712 1943 4762 καὶ
1977 4711 2249 4772 συνέϐαλε,

717 4792 809 4878 καὶ
842 4792 1097 4861 ἐτρέψατο
1125 4794 1333 4855 αύτούςι
1361 4794 1449 4845 καί
1479 4794 1676 4847 ἄνωθεν
1708 4796 1793 4845 ἐπ’
1820 4797 2008 4857 αὐτοὺς
2050 4797 2250 4864 χάλαζα

718 4883 1039 4951 κατηνέχθη·
1066 4883 1158 4934 καὶ
1197 4884 1408 4944 πλείους
1440 4884 1641 4935 άνεῖλεν
1670 4886 1700 4953 ἠ
1733 4885 1955 4953 χάλαζα,
1996 4886 2027 4954 ἢ
2060 4888 2106 4938 οί
2149 4888 2249 4938 υίοὶ

725 4972 934 5039 Ἰσραὴλ
977 4974 1032 5023 ἐν
1082 4972 1337 5041 μαχαίρᾳ.
1379 4974 1507 5024 Τότε
1556 4973 1680 5041 ἔστη
1725 4976 1751 5024 6
1790 4975 1934 5041 ἥλιος
1978 4976 2114 5027 κατὰ
2150 4976 2252 5028 Γα-

714 5056 881 5117 ϐαὼν,
907 5060 995 5110 καὶ
1020 5061 1052 5127 ή
1086 5058 1273 5127 σελήνη
1299 5059 1433 5111 κατὰ
1458 5060 1707 5128 φάραγγα
1740 5061 1933 5128 Ἐλώμ·
1963 5062 2053 5113 καὶ
2078 5063 2250 5115 πάντα

712 5145 818 5198 τῶν
850 5145 1055 5216 ἐχθρῶν
1081 5147 1169 5197 τὸν
1202 5148 1325 5199 λαὸν
1354 5148 1662 5200 ἀπέκτεινεν
1697 5149 1913 5218 Ἰησοῦς,
1962 5153 2053 5203 καὶ
2096 5154 2250 5205 πέντε

716 5236 965 5305 βασιλεῖς.
1000 5233 1121 5288 Είλε
1152 5236 1206 5287 δὲ
1251 5238 1339 5288 καὶ
1383 5239 1479 5307 τὴν
1511 5239 1761 5307 Μακηλά,
1796 5240 1886 5291 καὶ
1914 5240 2008 5309 τὴν
2054 5242 2247 5304 Λοϐνᾶ,

714 5322 805 5374 καὶ
854 5321 951 5390 τήν
990 5322 1175 5391 Λαχὶς,
1213 5323 1303 5374 καὶ
1340 5324 1433 5390 τὴν
1474 5325 1702 5383 Ὀδολάν,
1742 5328 1833 5377 καὶ
1873 5327 1965 5394 τὴν
2009 5328 2246 5396 Χεϐρὼν,

712 5407 804 5458 καὶ
845 5407 941 5466 τὴν
984 5408 1179 5475 Δαϐὴρ,
1214 5408 1305 5460 καὶ
1342 5408 1439 5471 τὴν
1480 5409 1707 5477 ὀρεινήν,
1751 5412 1843 5462 καὶ
1888 5412 1982 5481 τὴν
2011 5414 2243 5481 πεδινὴν.

712 5490 972 5556 Συνῆλθον
1005 5492 1171 5559 ἕτεροι
1212 5492 1442 5559 βασιλεῖς
1492 5493 1670 5545 πολλοὶ
1717 5496 1849 5561 μετὰ
1883 5499 2246 5564 στρατοπέδωί

714 5575 979 5643 μεγάλων,
1014 5577 1107 5629 καὶ
1154 5578 1369 5640 τούτους
1410 5573 1547 5629 εἷλεν
1596 5581 1814 5646 Ἰησοῦς.
1863 5583 2135 5648 Ἐγκειται
2190 5584 2244 5635 δὲ

1391 398 1448 455 8.
1484 400 1759 458 ιοΑΝδιε
1795 398 2267 459 CHRYSOSTOMI
2301 399 2610 461 ABCHIEP.
2642 406 3177 466 CONSTANTINOP.

3794 425 3918 477 338

2342 516 2587 586 ἀριθμός.
2623 521 3021 588 Προστάσσεται
3047 526 3100 577 δὲ
3136 525 3338 594 Ἰησοῦς
3366 526 3631 579 διαδοῦναι
3658 528 3759 597 τὴν
3791 528 3907 597 γῆν

2347 607 2450 669 τοῖς
2483 608 2848 678 Ἰσραηλίταις.
2880 612 2987 664 Καὶ
3007 613 3285 681 διαγράφει
3315 615 3395 676 τίς
3413 616 3549 684 φυλὴ
3577 617 3733 678 τίνας
3757 616 3907 684 κλή-

2342 712 2468 764 ρους
2506 696 2682 760 ἐλαϐε,
2722 700 2813 751 καὶ
2844 703 2956 761 τοῖς
2978 701 3225 762 Λευῖταις
3249 701 3300 753 τί
3326 701 3470 770 δοθῇ.
3512 704 3907 772 Ἐκπέμπεται

2352 784 2555 855 Ἰησοῦς
2587 788 2683 857 τήν
2715 787 2882 858 φυλὴν
2908 790 3128 859 Ῥουϐὶμ
3156 792 3247 844 καὶ
3266 792 3361 859 τὴν
3384 792 3489 846 Γὰδ
3515 799 3605 845 καὶ
3626 794 3687 845 τὸ
3715 795 3903 861 ἥμισυ

2343 875 2514 943 φυλῆς
2540 878 2802 946 Μανασσῆ
2826 880 2903 940 είς
2936 880 3060 941 τοὺς
3090 880 3313 949 κλήρους
3344 882 3537 944 αὐτῶν,
3566 882 3657 944 οὓς
3693 882 3904 935 ἔλαϐον

2342 963 2421 1016 ἐτι
2465 962 2662 1027 ζῶντος
2700 967 2988 1029 Μωῦσέως.
3036 969 3098 1020 Οἱ
3140 969 3196 1020 δέ
3237 968 3569 1030 ἀπελθόντες,
3612 969 3766 1036 παρὰ
3798 970 3903 1021 τὸν

2355 1052 2619 1122 Ἰορδάνην
2668 1054 3015 1123 ᾠκοδόμησαν
3056 1056 3249 1125 βωμόν.
3294 1056 3547 1126 Ἐτάραξε
3592 1058 3755 1109 τοῦτο
3794 1058 3905 1118 τὰς

2343 1140 2502 1201 ἄλλας
2553 1141 2739 1207 φυλάς.
2780 1143 2963 1211 ’ῼοντο
3006 1144 3112 1212 γάρ
3156 1144 3481 1207 άποστασίας
3513 1146 3694 1196 ἕνεκεν
3730 1145 3905 1196 τοῦτο

2344 1230 2691 1298 πεποιηκέναι
2731 1232 2941 1293 αὐτούς.
2985 1233 3261 1301 Πέμπουσι
3310 1234 3442 1301 πρὸς
3487 1234 3679 1294 αὐτοὺς
3720 1233 3904 1299 ἐγκα-

2344 1316 2574 1379 λοῦντες·
2604 1320 2651 1369 οί
2673 1318 2727 1370 δὲ
2758 1319 3109 1385 ἀπελογοῦντο
3128 1320 3389 1387 λέγοντες,
3418 1321 3514 1372 ούκ
3550 1321 3903 1383 άποστασίας

2343 1406 2524 1457 ἐνεκεν
2576 1408 2919 1476 οίκοδομῆσαι
2951 1409 3040 1461 τὸν
3080 1410 3278 1477 βωμόν·
3316 1410 3424 1463 ἀλλ’
3455 1412 3537 1462 ἴνα
3573 1412 3644 1479 μὴ
3690 1410 3903 1478 ἔχωσιν

2344 1496 2393 1547 οί
2418 1496 2530 1563 μεθ’
2550 1497 2689 1564 ὑμᾶς
2713 1497 2985 1567 γενόμενοι
3006 1500 3126 1561 τοὺς
3146 1500 3309 1567 ήμετέ
3319 1517 3440 1569 ρους
3466 1501 3607 1561 υἱοὺς
3629 1503 3707 1561 ῶς
3733 1500 3904 1552 ἀλλο-

2344 1586 2521 1652 τρίους
2550 1586 2647 1654 τῆς
2681 1588 2884 1639 ἑαυτῶν
2916 1588 3244 1653 συγγενείας,
3274 1588 3358 1640 διὰ
3392 1588 3450 1640 τὸ
3491 1590 3580 1641 τὸν
3612 1589 3902 1659 Ἰορδάνην

2348 1674 2508 1743 μέσον
2538 1675 2807 1745 ἑκατέρων
2846 1679 2973 1745 ῥεῖν·
3001 1677 3109 1728 ἀλλ’
3132 1676 3213 1729 ἶνα
3242 1672 3325 1747 ᾖὸ
3360 1676 3535 1746 βωμὸς
3565 1678 3642 1737 είς
3676 1678 3903 1746 μαρτύο

2346 1778 2479 1828 ριον,
2510 1764 2602 1815 καὶ
2647 1762 2721 1832 μὴ
2746 1762 2904 1832 ἔχωσι
2930 1764 3101 1829 λέγειν
3128 1765 3194 1816 τὰ
3219 1764 3380 1817 τέκνα
3410 1766 3437 1817 ὑ
3446 1765 3558 1832 μῶν
3584 1765 3699 1827 τοῖς
3729 1766 3901 1832 ἐγγό-

2346 1867 2454 1912 νοις
2484 1851 2656 1919 ήμῶν,
2676 1850 2787 1903 Οὐκ
2818 1852 2960 1904 ἐστιν
2986 1854 3109 1921 ὑμῖν
3140 1856 3291 1923 μερὶς
3330 1856 3548 1923 Κυρίου.
3594 1854 3901 1925 Ἐπείσθη-

2348 1955 2442 1990 σαν
2471 1940 2663 2008 μηκέτι
2693 1940 2992 2010 πολεμῆσαι
3028 1944 3217 2005 αὐτοὺς
3247 1944 3301 1995 αἱ
3328 1943 3507 1995 λοιπαὶ
3539 1943 3722 2010 φυλαί.
3753 1945 3899 1995 Τότε

2348 2030 2603 2095 συγκαλεῖ
2617 2032 2739 2093 τοὺς
2772 2031 3096 2101 Ἰσραηλίτας
3126 2032 3346 2102 Ἰησοῦς,
3372 2035 3463 2086 καὶ
3484 2034 3901 2103 ὑπομιμνήσκει

2346 2118 2537 2181 αὐτοὺς
2572 2120 2678 2173 τῶν
2715 2122 2805 2173 τοῦ
2844 2121 2975 2174 Θεοῦ
3008 2122 3343 2192 εὐεργεσιῶν,
3374 2122 3465 2175 καὶ
3506 2126 3758 2191 παραινεῖ
3792 2142 3902 2191 φυ-

2346 2205 2555 2259 λάττειν
2582 2209 2672 2262 τὸν
2701 2211 2879 2280 νόμον,
2912 2211 3006 2264 καὶ
3036 2211 3285 2281 προλέγει
3314 2212 3381 2264 τά
3410 2211 3754 2281 διαδεξόμενα
3796 2212 3902 2265 αὑ-

2346 2298 2469 2359 τοὺς
2498 2298 2660 2359 κακά,
2691 2300 2739 2349 εί
2768 2301 2839 2369 μή
2870 2301 3164 2368 φυλάξειεν,
3192 2303 3285 2354 καὶ
3316 2303 3551 2370 τελευτᾷ.
3578 2301 3821 2370 Τελευτᾷ
3840 2301 3900 2353 δὲ

2346 2387 2440 2438 καὶ
2478 2386 2733 2457 Ἐλεάζαρ
2773 2391 2800 2440 6
2835 2390 3028 2457 ίερεὺς,
3056 2392 3147 2443 καὶ
3189 2392 3461 2458 ίεράτευσε
3490 2391 3669 2451 Φινεὲς
3715 2391 3745 2441 6
3778 2390 3901 2451 υἱὸς

2347 2476 2507 2527 αὐτοῦ
2535 2477 2644 2529 ἀντ’
2667 2477 2845 2531 αὑτοῦ.
2876 2479 2982 2532 Καὶ
3013 2481 3464 2550 είδωλολάτρησαν
3490 2493 3515 2522 ι
3540 2482 3587 2532 οἱ
3622 2481 3900 2549 Ἰσραηλῖ-

2346 2578 2455 2625 ται,
2495 2566 2587 2617 καὶ
2607 2566 2971 2636 παρεδόθησαν
2998 2568 3073 2637 τῷ
3100 2569 3319 2637 Ᾱίγλὼμ
3345 2570 3549 2637 βασιλεῖ
3572 2570 3768 2631 Μωὰϐ,
3800 2570 3901 2623 καὶ

2348 2652 2757 2722 κατεκυρίευσεν
2782 2656 2956 2709 αὐτῶν
2986 2658 3077 2728 ἔτη
3108 2658 3397 2713 δεκαοκτώ.

2778 2822 3036 2889 xorome
3066 2822 3182 2875 τῶν
3216 2822 3456 2890 Κριτῶν.

2430 2958 2683 3012 Ἐνταῦθα
2716 2964 2885 3015 κεῖται
2933 2962 3088 3027 ποίας
3120 2966 3215 3034 μέν
3244 2967 3421 3029 πόλεις
3454 2961 3611 3029 εἶλον,
3638 2968 3802 3031 ποίας
3839 2971 3899 3021 δὲ

2346 3048 2558 3117 ἀφῆκαν
2593 3050 2757 3117 φόρου
2782 3052 3043 3115 ἐπιτελεῖς
3068 3057 3244 3116 αυτοῖς
3272 3052 3408 3107 εἶναι
3446 3057 3495 3107 οἱ
3537 3056 3896 3126 Ἰσραηλῖται.

2346 3137 2916 3208 Καταμαλακισθέντες
2939 3142 3046 3213 γάρ
3074 3144 3210 3213 πρὸς
3234 3146 3356 3207 τοὺς
3392 3144 3482 3198 τοῦ
3522 3145 3757 3215 πολέμου
3800 3148 3899 3199 πό-

2344 3245 2485 3291 νους,
2517 3230 2825 3300 παρέϐησαν
2872 3232 2931 3285 τὸ
2969 3234 3286 3305 πρόσταγμα
3320 3236 3413 3289 τοῦ
3444 3236 3595 3297 Θεοῦ,
3630 3237 3897 3290 κελεῦσαν

2347 3317 2550 3375 πάντας
2587 3321 2856 3383 παντελῶς
2881 3322 3045 3391 ἄρδην
3081 3324 3454 3393 ἀφανισθῆναι.
3494 3321 3692 3379 *Ηλθεν
3724 3329 3900 3394 ἄγγε-

2344 3406 2431 3469 λος
2456 3410 2601 3479 παρὰ
2631 3411 2827 3480 Κυρίου
2856 3412 2989 3482 πρὸς
3014 3416 3136 3477 τοὺς
3170 3416 3517 3486 Ἰσραηλίτας,
3545 3417 3636 3470 καὶ
3665 3418 3897 3485 ήλεγξεν

2346 3494 2520 3548 αὐτῶν
2574 3499 2669 3566 τὴν
2714 3504 3067 3570 παρανομίαν.
3114 3504 3242 3557 Δέον
3292 3505 3418 3575 γὰρ,
3469 3507 3620 3573 φησι,
3680 3507 3897 3568 πάντας

2345 3584 2720 3654 ἀφανισθῆναι,
2751 3588 2905 3655 ὑμεῖς
2932 3588 2986 3640 δέ
3021 3590 3113 3641 καὶ
3144 3590 3408 3659 συνθήκας
3434 3589 3616 3641 ἔθεσθε
3636 3591 3775 3658 πρὸς
3809 3592 3900 3642 αὺ-

2345 3672 2485 3735 τούς·
2514 3675 2599 3727 διά
2619 3676 2773 3728 τοῦτο
2798 3680 2894 3729 ούκ
2919 3678 3277 3748 ἐξολοθρεύσει
3301 3681 3328 3731 6
3353 3680 3482 3740 Θεὸς
3509 3679 3575 3731 τά
3605 3680 3897 3733 ὑπολειπό-

2349 3777 2483 3828 μενα
2519 3761 2663 3832 ἔθνη.
2688 3763 2867 3817 Ταῦτα
2893 3765 3214 3829 ἀκούσαντες
3244 3767 3502 3820 ἔκλαυσαν
3529 3767 3892 3837 ὁμοθυμαδὸν,

2347 3851 2437 3903 καὶ
2466 3853 2749 3921 Κλαυθμὸς
2786 3856 2813 3907 ό
2842 3855 2998 3917 τόπος
3025 3856 3241 3926 ἐκλήθη.
3273 3858 3377 3909 Καὶ
3409 3858 3757 3926 παρηνόμουν
3799 3858 3896 3909 καὶ

2348 3940 2747 4010 εἰδωλολάτρουν
2769 3946 3019 4013 συνεχῶς,
3048 3948 3138 3999 καὶ
3160 3947 3493 4016 παρεδίδοντο
3514 3949 3625 4008 τοῖς
3651 3948 3892 4016 ἐχθροῖς,

2349 4029 2438 4079 καὶ
2462 4029 2857 4098 ἀπηλλάσσοντο
2882 4032 2975 4099 τῆς
2996 4032 3251 4095 δουλείας,
3279 4035 3368 4083 καὶ
3396 4033 3549 4084 πάλιν
3575 4036 3683 4094 τοῖς
3709 4034 3893 4092 αὐτοῖς

2347 4119 2602 4187 ἐπέμενον
2631 4125 2833 4185 κακοῖς.
2870 4124 3241 4193 Παρεδόθησαν
3269 4124 3483 4195 Χουσὰρ
3511 4122 3694 4175 Σαθὼν
3731 4125 3760 4163 δ
3799 4124 3894 4191 βα·

2348 4211 2480 4261 σιλεῖ
2515 4212 2707 4281 Συρίας
2745 4212 2836 4281 ἔτη
2881 4220 2950 4281 η’,
2993 4213 3084 4265 καὶ
3118 4214 3314 4265 ἔσωσεν
3352 4214 3542 4275 αὐτοὺς
3571 4212 3775 4281 Κύριος
3806 4214 3893 4265 διὰ

2348 4298 2492 4370 [3H]
2539 4301 2792 4371 Γοθονοὴλ
2842 4302 2931 4353 τοῦ
2983 4303 3187 4371 κριτοῦ.
3245 4304 3352 4355 Καὶ
3398 4302 3768 4372 παρεδόθησαν
3815 4303 3891 4371 τῷ

2358 4391 2571 4460 Ἐγλὼμ
2611 4394 2815 4461 βασιλεῖ
2843 4393 3033 4456 Μωάδ,
3064 4396 3153 4445 καὶ
3182 4394 3409 4462 ἔκραξαν
3442 4393 3572 4462 πρὸς
3610 4393 3700 4444 τὸν
3734 4394 3888 4457 Θεὸν,

2348 4482 2439 4532 καὶ
2491 4482 2702 4550 ἤγειρεν
2750 4483 2926 4541 αὐτοῖς
2994 4482 3143 4544 Ἀὼδ,
3192 4484 3335 4544 ὅστις
3395 4482 3527 4551 δόλῳ
3573 4482 3749 4533 ἀνεῖλε
3800 4483 3890 4533 τὸν

2360 4569 2569 4637 Ἐγλὼμ
2599 4570 2689 4622 καὶ
2714 4570 2800 4620 τὸν
2828 4570 3015 4622 Μωάϐ.
3040 4571 3187 4623 Μετὰ
3208 4570 3390 4622 τοῦτον
3411 4571 3586 4639 ἔκρινε
3612 4571 3886 4640 Σομεγάρ,

2346 4658 2561 4725 Δεϐώρα
2582 4670 2627 4720 ε,
2664 4660 2795 4727 γυνὴ
2841 4663 3120 4728 προφῆτις.
3162 4660 3517 4711 Δουλευόντων
3550 4660 3604 4711 δὲ
3632 4660 3708 4728 τῷ
3738 4662 3888 4728 βασι-

2346 4749 2423 4800 λεῖ
2469 4750 2682 4801 Χαναὰν
2727 4750 2831 4801 τῶν
2870 4749 3223 4818 Ἰσραηλιτῶν,
3264 4750 3463 4802 κελεύει
3511 4750 3592 4818 τῷ
3627 4750 3815 4819 Βαράκ
3854 4751 3884 4816 ή

2346 4838 2562 4909 Δεϐώρα
2596 4840 2956 4908 στρατηγῆσαι
2984 4840 3070 4891 τὸν
3100 4838 3346 4905 πόλεμον.
3386 4839 3442 4889 '0
3466 4838 3523 4891 δὲ
3550 4840 3649 4891 οὐκ
3675 4841 3883 4907 ἡνείχε·

2346 4948 2422 4993 το,
2456 4932 2501 4980 εί
2535 4930 2606 4998 μὴ
2636 4932 2727 4981 καὶ
2754 4929 2888 4998 αὑτὴ
2924 4929 3219 4993 συνεξέλθοι
3245 4928 3407 4997 αὐτῷ·
3440 4932 3533 4981 καὶ
3565 4930 3884 4998 συνεξῆλθεν

2344 5022 2376 5088 ή
2420 5020 2571 5088 γυνή.
2608 5018 2895 5087 Γενομένου
2942 5018 2996 5070 δὲ
3043 5017 3131 5069 τοῦ
3188 5017 3439 5087 πολέμου,
3495 5018 3781 5087 φεύγουσιν
3836 5022 3882 5069 οί

2345 5108 2606 5177 πολέμιοι,
2636 5107 2726 5159 καὶ
2756 5108 2781 5157 6
2812 5106 3104 5175 στρατηγὸς
3138 5105 3295 5167 Ἰαϐὶς
3328 5107 3528 5176 Σισάρα
3555 5107 3720 5159 ἐλθὼν
3750 5108 3883 5177 πρός

2407 5262 2429 5288 ⁸
2457 5260 2506 5306 ln
2548 5260 2856 5319 Lugdunensi
2887 5259 3065 5314 legitur
3105 5259 3182 5305 καὶ
3222 5257 3654 5319 εἰδωλολατροῦσιν.
3698 5250 3879 5305 Ibidem

2343 5335 2427 5380 pro
2452 5318 2639 5379 M710“;
2659 5322 2835 5377 legimr
2869 5318 3065 5377 Ἐγλώμ.

2404 5378 2429 5415 h
2458 5377 2740 5426 ln‘mli'limne
2767 5380 2973 5425 Romana
2999 5377 3176 5437 legitur
3196 5378 3524 5438 Χουσαρσαθαί
3566 5415 3577 5433 ,
3601 5380 3649 5424 in
3674 5378 3877 5439 Vulgata

2404 5441 2600 5484 cundum
2618 5438 2899 5484 llcbraicam
2923 5440 3169 5484 veritatem
3184 5438 3366 5484 Clmsnn
3385 5395 3667 5484 RasaLanu.
3688 5436 3877 5484 Laedu-

2341 5441 2600 5487 secundum
2618 5438 2899 5485 llcbraicam
2923 5436 3169 5497 verinilem
3184 5436 3369 5487 Clmsmi
3385 5436 3667 5485 RamUmbu.
3688 5436 3877 5497 Lugdu-

2342 5512 2540 5561 nensem
2567 5501 2832 5561 sequimur,
2858 5496 3178 5561 Coislinianus
3205 5510 3317 5545 vero
3352 5497 3501 5545 habet
3525 5498 3723 5545 Χουσὰϐ
3744 5496 3875 5561 Σύρῳ

2341 5559 2519 5620 βασιλεῖ
2543 5560 2716 5618 Συρίας.
2745 5559 2833 5604 Καὶ
2858 5559 3053 5620 ἔσωσεν.

2398 5622 2418 5648 ε
2449 5618 2498 5665 In
2524 5615 2844 5679 muhuscriplo
2866 5618 3058 5668 Coislin.
3093 5617 3169 5666 hic
3190 5618 3412 5679 Δεϐϐώρα
3437 5616 3636 5677 legitur,
3657 5624 3710 5667 οι
3733 5615 3875 5679 paulo

709 5660 883 5714 αὐτῶν
912 5662 1136 5715 ἐνταῦθα
1166 5662 1257 5714 καὶ
1287 5661 1351 5713 τὰ
1382 5663 1615 5732 ὀνόματα
1647 5666 1736 5717 καὶ
1773 5666 1827 5717 αί
1868 5667 2060 5724 πόλεις.
2096 5673 2183 5719 καί
2214 5669 2241 5717 6

2346 5684 2445 5737 post
2472 5679 2677 5737 Δεϐώρα.
