4096 6508
222 412 326 467 337

227 518 395 574 erant,
424 519 479 565 et
500 525 655 581 reges
683 512 983 577 Phoenices,
1009 525 1103 566 eos
1136 512 1278 565 sicco
1319 512 1452 579 pede
1493 510 1799 564 transivisse

225 598 537 662 Iordanem,
578 601 838 661 exterriti,
882 601 1218 668 perculsique
1247 609 1387 653 sunt.
1447 599 1595 653 Tunc
1645 600 1801 654 Jesus

222 688 404 752 jussus
430 688 617 740 cultris
652 688 870 755 lapideis
893 689 1222 742 circumcidit
1249 688 1479 742 Iudaeos.
1510 690 1639 755 Quia
1669 704 1797 757 qua-

224 774 464 842 draginta
491 776 646 829 annis
676 787 915 829 versatus
943 777 1110 830 fuerat
1136 774 1299 831 Israel
1329 780 1377 831 in
1405 778 1637 843 deserto,
1663 780 1801 833 ideo-

229 878 335 931 que
358 865 508 917 mttlti
538 881 720 919 eorum
753 868 1082 931 bellatorum,
1114 869 1202 935 qui
1229 870 1487 935 obierant,
1521 872 1797 925 incircum-

226 954 323 1006 cisi
370 965 521 1007 erant
545 953 619 1024 (α)
646 972 659 1018 ;
689 971 785 1024 pro
810 957 911 1009 illis
936 957 1208 1011 substituit
1246 958 1385 1011 Deus
1413 959 1549 1013 filios
1574 975 1757 1014 eorum
1778 1002 1792 1024 ,

226 1059 360 1113 quos
382 1046 537 1100 Jesns
554 1048 1047 1115 circumcidit,qnod
1079 1050 1172 1118 ipsi
1198 1049 1549 1103 incircumcisi
1575 1051 1798 1104 mansis-

226 1143 345 1187 sent
374 1136 425 1187 in
452 1138 554 1188 via.
588 1137 733 1191 Tunc
763 1136 881 1189 fecit
906 1136 1120 1205 pascha.
1149 1138 1215 1190 Et
1248 1153 1277 1190 a
1308 1138 1393 1191 die
1419 1154 1519 1206 qua
1540 1140 1790 1193 comede-

227 1234 352 1276 runt
395 1240 576 1293 azyma
605 1241 666 1278 ex
707 1225 966 1279 frumento
998 1235 1150 1279 terrae
1175 1226 1334 1293 illius,
1360 1227 1555 1281 defecit
1582 1243 1793 1281 manna.

226 1312 448 1365 Jubetur
472 1312 626 1366 Jesus
656 1314 861 1367 snlvere
886 1315 1298 1369 calceamentum
1328 1331 1500 1380 suum,
1525 1326 1579 1369 et
1602 1318 1795 1371 circui-

227 1418 280 1456 re
303 1402 519 1457 Jericho
539 1419 657 1456 cum
686 1404 822 1458 tubis
848 1414 897 1459 et
920 1420 1041 1458 arca
1067 1414 1268 1473 septem
1294 1407 1496 1461 diebus.
1524 1407 1639 1472 Quo
1671 1424 1792 1476 per-

224 1503 364 1556 aeto,
397 1508 488 1560 per
527 1508 585 1545 se
621 1496 753 1547 muri
786 1495 1105 1549 ceciderunt.
1156 1496 1485 1550 Manifestum
1510 1498 1683 1567 itaque
1713 1508 1794 1552 est

220 1581 325 1647 jam
356 1589 481 1633 tunc
514 1591 744 1648 emptum
766 1597 884 1637 esse
910 1583 1042 1636 solvi
1081 1584 1358 1637 sabbatum
1386 1602 1399 1637 :
1428 1584 1794 1654 undecumque

223 1672 360 1723 enim
391 1672 595 1723 initium
622 1673 739 1739 quis
774 1672 951 1737 ducat,
985 1688 1203 1727 necesse
1231 1683 1315 1727 est
1340 1674 1619 1729 sabbatum
1658 1676 1790 1730 inci-

222 1760 348 1815 dere
378 1762 429 1813 in
450 1770 652 1829 septem
682 1762 798 1816 illos
821 1762 954 1817 dies.
982 1763 1131 1819 Tunc
1153 1775 1397 1819 servatur
1420 1767 1628 1835 quidem
1649 1768 1793 1823 Itaab

222 1865 339 1903 cum
378 1852 693 1920 cognatione
719 1866 809 1905 sua
832 1894 846 1917 ,
870 1860 923 1906 et
949 1853 1148 1907 habitat
1177 1854 1226 1907 in
1257 1855 1453 1920 Israel,
1492 1857 1793 1911 incenditur

222 1948 395 1994 autem
425 1941 567 2005 urbs,
597 1951 650 1995 et
669 1942 1003 1997 anathemate
1028 1945 1317 2010 percutitur
1357 1962 1371 1997 :
1420 1946 1791 2014 maledixitque

220 2029 369 2084 Jesus
391 2031 438 2084 ei
469 2030 556 2099 qui
581 2031 719 2084 illam
741 2032 1102 2086 r'eazditicaret.
1134 2033 1359 2088 Furatus
1386 2044 1546 2089 estex
1571 2036 1791 2090 anathe-

221 2128 358 2173 mate
390 2118 585 2185 Achar,
614 2129 665 2173 et
683 2121 904 2173 vincitur
941 2121 1167 2188 populus
1206 2117 1483 2191 aggressus
1514 2125 1669 2180 aliam
1705 2142 1792 2179 nr-

222 2209 354 2262 bem.
390 2208 555 2262 Deum
588 2217 828 2277 precatur
856 2209 1010 2263 Jesus
1042 2229 1054 2263 :
1085 2211 1235 2278 jubet
1261 2212 1397 2265 Deus
1422 2213 1533 2267 tolli
1561 2216 1788 2269 anathe-

220 2312 319 2347 ma.
351 2296 719 2363 Deprehensus
755 2307 837 2351 est
865 2300 1038 2352 Achar
1061 2340 1077 2363 ,
1109 2299 1300 2353 furtum
1327 2300 1590 2356 detectum
1610 2347 1624 2369 ,
1659 2305 1789 2372 lapi-

218 2385 368 2436 datur
394 2384 567 2437 Achar
594 2401 713 2439 cum
748 2387 867 2441 ﬁliis
888 2396 941 2441 et
968 2389 1192 2443 iiliabus.
1226 2390 1480 2457 Pugnavit
1498 2392 1654 2447 Jesus
1678 2409 1789 2448 cer-

220 2476 415 2528 tamine
439 2476 652 2542 etcepit
675 2476 890 2539 Gazam,
921 2478 1288 2547 incenditque:
1318 2495 1379 2533 ac
1398 2481 1706 2536 ceciderunt
1735 2485 1787 2538 in

220 2563 301 2615 illa
328 2563 607 2616 duodecim
645 2566 805 2618 millia
831 2582 845 2627 ;
874 2582 1155 2635 regemque
1208 2570 1351 2623 urbis
1397 2573 1788 2639 suspenderunt

219 2652 267 2703 in
298 2652 460 2720 ligno.
505 2654 837 2707 Conveniunt
863 2656 927 2707 ad
956 2655 1326 2711 debellandum
1359 2660 1605 2715 Israelem
1636 2679 1787 2731 reges

218 2744 647 2798 Amorrhacorum
676 2754 729 2799 et
754 2745 1172 2799 Chananmorum
1203 2764 1264 2802 ac
1291 2752 1499 2819 reliqui.
1531 2752 1782 2809 Edificat

216 2834 363 2886 Jesus
388 2835 554 2888 altare
570 2851 631 2890 ex
653 2835 912 2904 lapidibus
936 2838 1171 2906 integris,
1196 2838 1302 2893 illic
1321 2840 1782 2897 Deuteronomium

216 2926 395 2978 scribit
426 2941 440 2976 :
473 2925 791 2995 dimidiaqne
818 2942 939 2995 pars
977 2929 1153 2997 populi
1184 2939 1288 2985 stat
1334 2947 1495 3001 prope
1548 2942 1783 2990 montem

212 3015 396 3082 Gehal,
428 3016 642 3071 dimidia
672 3026 846 3072 autem
877 3034 1040 3087 prope
1068 3030 1303 3077 montem
1324 3024 1555 3078 Garizin.
1587 3027 1783 3081 Dehinc

214 3120 326 3172 qua:
347 3117 492 3175 gesta
516 3116 639 3161 sunt
665 3108 803 3161 circa
831 3108 1169 3163 Gabaonitas.
1215 3112 1274 3165 111
1305 3114 1445 3166 enim
1473 3130 1539 3168 cx
1573 3116 1781 3169 Israeli—

215 3203 379 3248 tarnm
410 3196 545 3248 fama
579 3197 958 3265 perterrefacti,
982 3199 1175 3253 auditis
1196 3202 1258 3255 iis
1287 3218 1403 3270 quae
1424 3204 1530 3272 jam
1555 3206 1604 3258 in
1631 3206 1782 3260 bellis

215 3289 463 3353 praeclare
489 3299 787 3356 gesserant,
815 3290 955 3359 ipsos
976 3291 1169 3345 adeunt
1190 3296 1413 3348 vetustis
1438 3296 1599 3350 induti
1622 3298 1780 3351 vesti-

212 3378 421 3442 mentis,
455 3392 617 3445 pancs
668 3378 845 3434 aridos
898 3381 1153 3445 ferentes,
1185 3383 1524 3454 sandaliaque
1575 3396 1776 3442 vetera.

214 3466 511 3534 populoque
554 3466 737 3521 dicunt
780 3484 838 3522 se
880 3483 948 3523 ex
994 3480 1131 3524 terra
1163 3472 1443 3542 longinqua
1470 3475 1673 3541 venire,
1702 3478 1777 3531 si-

210 3571 472 3623 gnumque
498 3558 679 3624 procul
710 3568 1030 3612 remotarum
1058 3561 1263 3615 sedium
1290 3577 1408 3617 esse
1429 3565 1736 3620 vestimenta
1758 3610 1771 3631 ,

210 3656 365 3709 panes
386 3653 441 3697 et
467 3645 701 3698 sandalia
727 3665 739 3699 :
767 3661 889 3699 nam
922 3649 971 3701 in
992 3648 1146 3717 longa
1166 3652 1245 3703 via
1272 3650 1385 3706 haec
1403 3653 1591 3707 detrita
1615 3656 1776 3713 fuisse

209 3734 451 3788 dicebant
480 3750 494 3786 :
531 3736 709 3789 venire
752 3746 925 3791 autem
966 3754 1026 3792 se
1052 3739 1116 3793 ad
1149 3751 1296 3809 pacta
1338 3756 1628 3814 pacemque
1655 3760 1774 3800 cum

211 3823 331 3891 ipsis
362 3824 616 3878 ineunda.
646 3823 721 3879 Illi
768 3836 947 3881 autem
981 3828 1090 3882 Deo
1136 3845 1239 3884 non
1283 3834 1544 3897 consulto,
1577 3836 1775 3891 foedera

209 3913 451 3967 inierunt.
509 3913 580 3968 Ut
624 3929 750 3969 vero
804 3928 1169 3985 cognoverunt
1213 3934 1271 3975 se
1311 3920 1561 3991 deceptos
1590 3924 1771 3991 fuisse,

209 4003 424 4073 illosque
456 4018 562 4057 non
615 4006 818 4073 procul,
851 4007 944 4061 sed
994 4023 1155 4077 prope
1201 4010 1460 4077 habitare,
1489 4029 1612 4067 cum
1665 4030 1769 4069 non

209 4107 419 4158 possent
474 4094 595 4147 illos
637 4110 942 4165 oppugnare
992 4108 1174 4151 contra
1218 4100 1541 4167 jnramenta,
1588 4118 1771 4157 servos

206 4183 340 4251 ipsos
390 4185 783 4239 constituerunt
814 4187 1082 4255 lignarios,
1114 4199 1166 4242 et
1210 4205 1359 4259 aqua:
1406 4192 1631 4261 bajnlos.
1678 4194 1772 4248 llic

204 4276 398 4331 exitum
436 4275 599 4329 habet
626 4276 895 4345 prmdictio
940 4278 1063 4331 Non:
1094 4279 1241 4348 (Gen.
1272 4280 1325 4333 9.
1356 4281 1471 4353 ‘25),
1504 4298 1658 4351 quam
1690 4284 1771 4337 di-

206 4365 309 4417 xit:
343 4366 590 4420 Chanaan
619 4383 738 4434 puer
761 4384 929 4421 servus
956 4368 1030 4439 (lt)
1065 4388 1077 4421 :
1109 4385 1172 4424 ex
1204 4372 1294 4425 illo
1326 4388 1551 4442 namque
1585 4374 1637 4428 hi
1666 4377 1768 4429 orti

207 4454 368 4509 fuere.
421 4456 640 4510 Audivit
688 4459 1021 4513 Adonibczec
1072 4477 1163 4514 rex
1216 4462 1507 4517 Jerusalem
1562 4476 1767 4534 captam

202 4546 354 4601 fuisse
397 4547 616 4600 Iericho
641 4560 694 4600 et
715 4549 926 4612 Gazam,
951 4550 1377 4620 Gabaonitasque
1403 4556 1761 4624 transfugisse,

199 4652 255 4689 ac
276 4639 467 4690 bellum
501 4638 631 4705 ipsis
653 4639 825 4691 intulit
852 4640 968 4691 aliis
995 4640 1092 4693 sibi
1124 4642 1385 4708 adjunctis
1411 4646 1639 4712 regibus.
1688 4645 1764 4699 Illi

200 4743 317 4781 vero
338 4728 400 4780 ad
427 4728 684 4782 auxilium
714 4729 809 4781 sibi
839 4728 1113 4782 ferendum
1139 4730 1318 4785 Jesnm
1360 4743 1631 4787 vocarunt.
1664 4733 1765 4789 Ve-

254 4862 324 4928 (u)
345 4871 416 4911 .Io.
442 4863 824 4928 Citrysostomus,
850 4864 929 4928 qui
955 4876 1086 4928 δερμα
1111 4877 1218 4912 cum
1238 4865 1758 4928 Judacisconccrtabat,

254 4878 324 4924 tu;
345 4878 416 4911 .IO.
443 4878 824 4923 uarysostomus,
850 4878 929 4970 qui
955 4878 1086 4923 smpe
1111 4878 1218 4912 cum
1238 4878 1413 4913 Juarcis
1434 4878 1758 4928 concertabat,

198 4925 395 4989 nuisiiue
418 4937 542 4989 vero
566 4922 844 4989 Antiochiae,
889 4921 1044 4983 egalia
1081 4938 1175 4972 non
1207 4926 1603 4989 tantareligioue
1628 4941 1654 4976 a
1676 4943 1759 4977 ve-

198 4985 373 5031 teribus
415 4983 513 5030 illis
554 4984 806 5045 observata
855 4998 984 5041 esse,
1023 4992 1200 5045 quanta
1243 4983 1485 5036 dicehanf
1502 4990 1648 5037 Judzei
1686 4993 1760 5040 sui

196 5046 434 5105 temporis,
460 5057 597 5105 saepe
622 5043 817 5102 indicat;
840 5045 915 5091 hic
934 5043 1093 5092 autem
1118 5054 1184 5095 ait
1204 5048 1560 5098 incircumcisos
1582 5051 1760 5100 obiisse

196 5099 311 5160 illos',
330 5107 411 5165 qui
438 5108 493 5168 in
509 5099 710 5152 deserto
734 5099 905 5168 mortui
930 5105 1148 5168 fuerant,
1166 5115 1216 5154 et
1253 5120 1362 5155 mox
1400 5112 1565 5168 probat
1586 5099 1757 5159 sabba¥

196 5170 286 5209 tum
324 5163 416 5211 non
452 5163 971 5228 observatumfuissc,
995 5167 1185 5225 quando
1214 5163 1411 5228 septem'
1441 5169 1613 5218 diebus
1651 5184 1759 5219 cum

193 5234 291 5289 arra
324 5239 485 5273 muros
521 5224 717 5289 .Iericbo
744 5224 1038 5289 circuibant’;
1078 5224 1287 5275 necesse
1320 5233 1497 5289 qulppe
1537 5228 1684 5278 fuisse
1710 5234 1757 5279 in

196 5275 277 5332 illis
298 5292 486 5349 septem
507 5285 685 5349 diebus
708 5275 1211 5349 incideresabbatum.
1236 5290 1309 5349 sic
1339 5275 1490 5349 supra
1508 5275 1755 5339 Commen-

194 5348 301 5390 tario
337 5344 381 5392 in
423 5346 599 5393 Isaiam
639 5348 701 5392 de
735 5344 975 5393 sacriﬁciis
998 5350 1171 5404 arguit,
1199 5356 1248 5395 et
1267 5344 1530 5398 Comment.
1558 5353 1604 5397 in
1630 5351 1754 5398 Psal-

193 5418 284 5453 nios
306 5406 366 5453 de
392 5408 479 5454 hac
503 5404 611 5471 ipsa
626 5404 1205 5471 reloquene,bzeehalnjt
1233 5422 1244 5454 :
1272 5417 1453 5471 Septem
1475 5418 1631 5459 autent
1655 5411 1756 5461 die-

192 5478 290 5532 rmn
300 5480 537 5532 numerus
547 5467 648 5522 iam
664 5473 767 5513 mue
790 5467 919 5532 nobis
930 5466 1062 5532 solrit
1085 5466 1341 5532 sabbatum.
1365 5479 1460 5519 non
1482 5472 1608 5523 enim
1631 5474 1755 5532 ejus-

191 5526 311 5591 modi
333 5528 448 5589 legis
473 5534 719 5591 prwcepta
741 5525 1067 5591 principaliter
1091 5529 1206 5591 (tota
1223 5537 1349 5580 sunt.
1374 5540 1485 5588 Qua:
1508 5532 1585 5581 hic
1608 5525 1753 5591 longe

191 5585 351 5693 duo?
375 5585 724 5650 explicantur:
755 5586 861 5646 jam
882 5585 1025 5646 tunc,
1049 5590 1235 5651 inquit,
1260 5585 1465 5653 coeptum
1501 5607 1601 5643 esse
1639 5585 1752 5645 soliti

191 5658 237 5690 δα
292 5662 320 5693 ll
341 5663 436 5693 um.

191 5654 436 5697 ytbbutttm.

248 5707 313 5769 (b)
339 5709 459 5757 Vide
501 5721 615 5769 qua:
637 5708 842 5755 diximus
863 5722 1004 5767 supra
1028 5710 1071 5755 in
1090 5707 1299 5769 Synopsl
1320 5710 1369 5759 in
1382 5718 1603 5766 Genesim
1626 5720 1749 5769 circa

191 5767 565 5820 maledictionein
591 5769 823 5817 Chanaani
853 5770 895 5816 in
920 5770 1187 5817 (Labaonttis
1216 5767 1522 5836 ιξυιιιριρωω.

486 5861 758 5921 Parnm.
808 5864 921 5921 Gn.
972 5863 1125 5924 LVI.

1313 401 1637 459 SYNOPSIS
1672 401 2075 460 SCRII’TURJE
2113 409 2377 464 SACR/E.

3373 426 3481 482 338

1910 514 1987 566 nit
2030 525 2202 570 autem
2254 518 2362 584 ille,
2392 520 2676 589 prmlioquc
2719 524 3002 578 commisso
3048 526 3100 579 in
3132 526 3303 596 fugam
3359 530 3475 584 illos

1910 607 2067 660 vertit
2097 626 2109 659 :
2136 623 2196 661 ac
2222 609 2287 662 de
2314 612 2445 664 etelo
2477 613 2526 664 in
2557 613 2674 666 illos
2697 616 2899 682 grando
2926 617 3118 673 decidit
3146 635 3157 673 :
3190 620 3472 690 pluresque

1906 697 2105 764 grando
2125 699 2335 760 occidit.
2368 716 2523 769 quam
2552 705 2640 756 lilii
2672 704 2829 759 Israel
2865 708 3059 775 gladio.
3120 710 3269 764 Tunc
3326 714 3475 766 stetit

1907 788 1982 840 sol
2014 799 2196 841 contra
2238 788 2453 844 Gabaon
2493 801 2539 845 et
2590 794 2711 848 luna
2751 808 2933 851 contra
2972 801 3262 857 convallem
3292 804 3471 865 Elom;

1908 885 2178 947 totumque
2206 878 2537 935 inimicorum
2568 885 2815 952 populum
2850 888 3116 943 interfecit
3139 891 3313 958 Jcsus,
3347 909 3470 947 ncc-

1906 982 2007 1020 non
2026 970 2253 1038 quinque
2283 987 2452 1041 reges.
2480 970 2631 1042 Cepit
2654 986 2827 1030 autem
2859 978 3107 1033 Macelam
3139 988 3193 1034 et
3212 982 3469 1045 Lobnam,

1905 1058 2127 1123 Lachis,
2151 1059 2395 1128 Odolam,
2426 1063 2764 1120 Chebronem
2794 1076 2846 1121 et
2878 1068 3067 1135 Dabir,
3099 1085 3153 1125 et
3182 1082 3391 1128 montes
3419 1084 3471 1129 et

1905 1148 2190 1215 planitiem.
2223 1151 2600 1208 Convenerunt
2626 1156 2711 1210 alii
2736 1171 2888 1225 reges
2909 1160 3055 1213 multi
3076 1175 3194 1215 cum
3219 1166 3467 1219 exerciti-

1904 1238 2000 1292 bus
2030 1240 2232 1308 magnis
2257 1256 2269 1292 :
2304 1250 2355 1295 et
2382 1241 2478 1295 hos
2506 1259 2715 1312 quoque
2742 1247 3123 1303 occiditJesus.
3157 1252 3355 1306 Ilorum
3386 1255 3470 1308 hic

1903 1331 2110 1383 nomina
2142 1342 2509 1399 recensentur,
2537 1345 2589 1389 et
2627 1338 2806 1402 urbes,
2832 1354 3210 1410 numerusque.
3251 1345 3472 1399 Jubetur

1899 1420 2052 1475 Jesus
2109 1432 2300 1478 terram
2353 1425 2560 1481 tradere
2610 1428 2901 1484 Israelitis:
2934 1433 3469 1505 acdesrribiturqum

1903 1512 2068 1565 tribus
2095 1522 2266 1567 sortes
2298 1519 2616 1585 acceperint,
2643 1528 2691 1571 et
2720 1520 2840 1586 quid
2867 1521 3062 1577 Levitis
3083 1524 3262 1577 datum
3290 1526 3460 1581 fuerit.

1901 1602 2136 1656 llemittit
2184 1604 2337 1658 Jesns
2391 1609 2581 1661 tribum
2614 1609 2797 1663 Ruben
2838 1620 2893 1664 et
2936 1611 3045 1665 Gad
3087 1614 3466 1685 dimidiataque

1900 1694 2089 1747 tribum
2121 1695 2357 1749 Manasse
2382 1699 2429 1749 in
2457 1708 2626 1751 sortes
2647 1713 2788 1755 snas.
2807 1717 2939 1769 quas
2961 1716 3269 1772 acceperant
3293 1708 3463 1761 adhuc

1899 1783 2110 1837 vivente
2139 1785 2338 1855 Moyse.
2381 1787 2478 1853 Qui
2506 1797 2682 1842 autem
2708 1789 2973 1856 abierunt,
3006 1807 3150 1846 aram
3184 1796 3247 1847 ad
3278 1796 3465 1851 .Iorda-

1898 1890 2015 1927 nem
2055 1876 2401 1930 mdificarnnt.
2436 1878 2543 1932 lloe
2580 1880 2711 1933 alias
2742 1881 2908 1934 tribus
2938 1884 3275 1950 perturbavit.
3306 1887 3464 1941 Puta-

1896 1964 2021 2017 bant
2048 1965 2188 2019 enim
2207 1966 2325 2019 illos
2352 1967 2449 2021 hoc
2472 1968 2779 2023 defectionis
2800 1986 2955 2025 causa
2981 1973 3187 2030 fuisse.
3216 1977 3466 2032 Miserunt

1894 2056 1983 2123 qui
2032 2056 2175 2123 ipsos
2227 2058 2714 2125 reprehenderent:
2758 2061 2828 2114 illi
2860 2079 2983 2116 vero
3023 2078 3141 2120 sese
3182 2079 3462 2137 purgantes

1893 2146 2160 2211 dixerunt,
2198 2162 2257 2200 se
2298 2164 2399 2199 non
2428 2148 2738 2204 defectionis
2764 2166 2920 2205 causa
2952 2170 3097 2207 arant
3130 2158 3455 2221 aedificasse;

1893 2235 1987 2288 sed
2019 2250 2084 2289 ne
2111 2238 2305 2305 posteri
2333 2238 2518 2299 vestri,
2554 2239 2790 2307 inquiunt
2816 2283 2827 2302 ,
2860 2242 2994 2297 ﬁlios
3027 2254 3235 2299 nostros
3260 2250 3459 2303 alienos

1896 2326 2120 2379 habeant
2142 2342 2170 2378 a
2194 2342 2285 2379 sua
2310 2331 2640 2397 cognatione,
2666 2346 2729 2383 eo
2759 2333 2897 2400 (μωά
2926 2332 3170 2389 Jordanis
3202 2338 3334 2391 inter
3352 2357 3457 2392 ine-

1892 2420 2035 2473 dium
2063 2436 2246 2474 eorum
2277 2422 2438 2485 linat;
2471 2423 2561 2476 sed
2592 2434 2647 2477 ut
2671 2425 2737 2477 sit
2761 2440 2851 2478 ara
2881 2426 2933 2479 in
2955 2432 3333 2496 testimonium,
3365 2446 3461 2485 nee

1893 2512 2094 2581 possint
2133 2512 2313 2567 dicere
2353 2514 2439 2567 filii
2477 2518 2634 2569 vestri
2664 2518 2943 2586 nepotibus
2976 2520 3190 2585 nostris,
3216 2522 3327 2574 Non
3376 2533 3459 2576 est

1892 2604 2041 2657 vobis
2063 2605 2234 2673 portio
2255 2606 2489 2671 Domini;
2518 2608 2698 2676 sicque
2722 2622 3093 2676 persuaserunt
3120 2613 3331 2681 reliquis
3363 2616 3458 2667 tri-

1891 2693 2062 2746 bubus
2089 2709 2155 2748 ne
2182 2696 2280 2749 sibi
2313 2695 2504 2751 bellum
2532 2697 2804 2753 inferrent.
2833 2699 2980 2755 Tunc
3000 2713 3256 2756 convocat
3281 2704 3451 2758 Israe~

1891 2784 2006 2836 Iitas
2036 2783 2220 2849 Jesus,
2262 2785 2491 2855 ipsusque
2520 2786 2568 2839 in
2597 2789 2901 2842 memoriam
2936 2801 3144 2845 revocat
3174 2793 3262 2845 Dei
3293 2794 3451 2846 bene-

1888 2874 2025 2939 ficia,
2058 2874 2298 2929 hortatur
2319 2886 2373 2929 ut
2402 2877 2567 2945 legem
2594 2878 2876 2933 observent
2902 2923 2916 2943 ,
2948 2884 3288 2952 prmdieitque
3319 2886 3457 2941 mala

1887 2979 2003 3032 qum
2045 2965 2161 3017 illos
2183 2976 2465 3032 exceptura
2488 2975 2629 3029 sunt,
2682 2970 2781 3022 nisi
2823 2971 2959 3023 illam
3016 2975 3379 3035 custodierint.
3406 2988 3458 3031 et

1886 3064 2125 3109 mortuus
2144 3065 2241 3108 est.
2270 3055 2487 3109 Moritur
2514 3066 2566 3111 et
2588 3058 2806 3113 Eleazar
2835 3063 3101 3124 sacerdos.
3126 3068 3247 3119 etin
3282 3068 3454 3123 locum

1885 3145 2000 3214 ejus
2044 3145 2395 3200 sacerd0tium
2426 3147 2628 3203 obtinet
2654 3149 2880 3205 Phinees
2910 3152 3046 3207 ﬁlius
3083 3155 3217 3223 ejus.
3276 3159 3337 3209 Iit
3363 3159 3455 3212 ﬁlii

1885 3234 2047 3290 Israel
2104 3236 2241 3290 idola
2293 3238 2613 3304 coluerunt,
2670 3240 2953 3309 traditique
3000 3254 3121 3298 sunt
3168 3246 3216 3298 in
3263 3262 3449 3300 manus

1884 3326 2091 3396 Aiglom
2121 3328 2259 3397 regis
2307 3328 2457 3383 Moab
2491 3330 2587 3399 (η),
2622 3330 2707 3399 qui
2741 3331 2793 3385 in
2844 3332 2964 3387 illos
3007 3334 3286 3403 imperium
3311 3338 3449 3391 obti-

1883 3420 1995 3473 nuit
2025 3421 2178 3475 annis
2199 3420 2515 3475 octodecim.

2410 3548 2645 3589 SYNOPSIS
2682 3550 2921 3591 JUDICUII.

1953 3648 2046 3699 llic
2067 3656 2310 3699 narratur
2337 3660 2468 3713 quas
2494 3645 2654 3699 urbes
2680 3647 2938 3714 ceperint,
2962 3663 3199 3719 quasque
3226 3650 3326 3703 sibi
3359 3651 3451 3704 tri-

1880 3736 2109 3790 butarias
2165 3734 2389 3789 fecerint
2440 3734 2714 3788 Israelitm.
2761 3735 2888 3788 Nam
2914 3736 3052 3792 circa
3084 3738 3207 3792 belli
3238 3740 3446 3794 labores

1877 3825 2127 3889 emolliti,
2159 3824 2470 3893 transgressi
2501 3832 2626 3878 sunt
2656 3824 2956 3879 mandatum
3005 3827 3132 3891 Dei,
3164 3841 3269 3897 quo
3294 3828 3446 3896 jube-

1876 3918 2066 3970 bantur
2091 3931 2274 3970 manes
2321 3915 2682 3970 internecione
2707 3915 2905 3969 delere.
2960 3917 3113 3970 Venit
3158 3918 3373 3986 angelus
3416 3935 3445 3972 a

1880 4009 2099 4061 Domino
2138 4007 2202 4060 ad
2250 4006 2510 4060 Israelitas
2533 4046 2546 4070 ,
2572 4007 2661 4075 qui
2694 4007 2903 4059 illorum
2958 4008 3443 4076 prmvaricationem

1875 4097 2162 4166 redarguit.
2192 4096 2323 4150 Cum
2348 4096 2486 4149 cnim
2519 4097 2841 4165 oportuisset
2868 4097 2984 4150 illos
3006 4096 3185 4152 delere
3204 4139 3219 4161 ,
3249 4098 3441 4166 inquit,

1878 4202 1969 4240 vos
1998 4186 2193 4240 fcedera
2215 4202 2334 4239 cum
2368 4187 2497 4254 ipsis
2520 4187 2709 4242 iniistis
2738 4205 2749 4239 :
2786 4188 2904 4242 ideo
2942 4204 3046 4241 non
3074 4190 3446 4243 exterminabit

1879 4279 1892 4329 l
1920 4292 2014 4332 eus
2039 4278 2269 4346 reliquas
2288 4287 2489 4344 gentes.
2520 4274 2612 4330 llis
2642 4279 2834 4331 auditis
2870 4279 2943 4333 illi
2968 4278 3226 4333 lleverUnt
3252 4282 3440 4333 unani-

1872 4370 2048 4432 miter,
2080 4369 2328 4436 locusque
2358 4378 2573 4421 vocatus
2611 4377 2692 4421 est
2738 4368 2936 4424 Fletus.
2996 4370 3062 4423 Et
3112 4370 3439 4437 prmvaricati

1870 4464 2010 4521 sunt,
2033 4474 2093 4511 ac
2116 4458 2457 4512 tradebantur
2479 4457 2737 4520 hostibus,
2762 4468 2814 4511 et
2830 4474 2858 4511 a
2881 4459 3134 4512 servitute
3151 4458 3437 4513 liberaban-

1873 4560 1975 4613 tur,
2009 4564 2324 4617 rursumque
2354 4548 2535 4602 iisdem
2579 4549 2628 4601 in
2660 4549 2807 4602 malis
2839 4549 3268 4618 perseverabant.
3302 4551 3435 4605 Tra-

1868 4642 1958 4694 diti
1991 4652 2111 4694 sunt
2132 4640 2341 4693 (linisab
2362 4639 2559 4694 Sathon
2583 4641 2691 4710 regi
2718 4640 2882 4712 Syria:
2903 4642 3054 4695 annis
3082 4651 3222 4707 octo,
3249 4652 3300 4697 et
3326 4644 3433 4695 cri-

1870 4731 1978 4799 puit
2004 4744 2097 4783 eos
2127 4731 2374 4782 Dominus
2405 4744 2499 4796 per
2523 4729 2803 4785 Cothoniel
2828 4732 3082 4797 judicem.
3141 4732 3208 4785 Et
3256 4733 3431 4786 traditi

1867 4830 1987 4873 sunt
2013 4821 2193 4885 Eglom
2219 4821 2326 4885 regi
2351 4819 2524 4885 Moab,
2546 4831 2600 4875 et
2635 4822 2995 4876 clamaverunt
3030 4822 3093 4877 ad
3130 4823 3429 4885 Dominum,

1866 4922 1917 4966 et
1943 4912 2211 4965 suscitavit
2240 4912 2340 4965 illis
2365 4912 2496 4977 Aod,
2526 4914 2613 4981 qui
2642 4913 2764 4967 dolo
2791 4914 2981 4968 occidit
3003 4915 3187 4983 Eglom
3213 4923 3266 4967 et
3286 4914 3400 4968 Moa

1864 5001 2016 5057 bitas.
2051 5001 2174 5055 Post
2202 5000 2341 5056 hunc
2367 5003 2543 5071 pepuli
2568 5002 2727 5070 judcx
2757 5004 2850 5056 fuit
2870 5006 3143 5071 Somegar,
3164 5014 3217 5059 et
3244 5014 3425 5074 postea

1865 5094 2065 5147 Debora
2096 5095 2285 5147 mulier
2312 5096 2663 5163 prophetissa.
2694 5095 2821 5148 Cum
2850 5104 3021 5148 autem
3046 5098 3155 5166 regi
3179 5098 3425 5153 Chanaan

1861 5184 2121 5237 servirent
2148 5184 2414 5250 Israelita»,
2445 5186 2695 5239 Baracum
2729 5185 2877 5252 jubet
2906 5182 3107 5241 Debora
3143 5204 3200 5243 se
3240 5190 3421 5246 ducent

1861 5275 1980 5328 belli
2008 5276 2263 5341 prmbere.
2295 5274 2385 5328 Ille
2414 5277 2596 5339 noluit,
2631 5275 2729 5327 nisi
2751 5283 2804 5328 et
2829 5276 2913 5329 illa
2936 5292 3054 5329 eum
3086 5279 3197 5347 ipso
3216 5281 3416 5334 exiret:

1859 5365 2120 5433 evivitque
2151 5366 2355 5418 mulier.
2380 5365 2672 5419 Commisso
2697 5366 2899 5434 praelia,
2928 5366 3166 5435 fugerunt
3195 5370 3377 5423 hostes
3406 5388 3423 5424 ι

1860 5453 2067 5521 duxque
2093 5454 2252 5508 Jabisi
2279 5455 2453 5508 Sisara
2484 5453 2744 5508 accedens
2783 5456 2848 5508 ad
2905 5458 3182 5524 quamdam
3236 5461 3425 5515 mulie-

1923 5594 1993 5654 (u)
2019 5602 2126 5644 Itch
2146 5611 2252 5658 qure
2275 5596 2337 5644 de
2362 5597 2636 5664 /Eglomhic
2658 5596 2906 5658 leguntur,
2933 5612 2992 5664 ex
3016 5602 3171 5662 capite
3194 5608 3423 5664 sequenti

1857 5655 1949 5719 huc
1990 5655 2302 5716 transsumpta
2332 5655 2443 5706 sunt
2477 5662 2521 5707 in
2548 5668 2682 5708 textu
2708 5655 2834 5719 i;x.\',
2861 5675 2952 5708 nec
2976 5655 3213 5709 habentur
3256 5655 3299 5711 in
3327 5674 3420 5711 ιισι-

1855 5717 1986 5785 braco
2013 5729 2024 5763 :
2060 5730 2173 5785 qua;
2194 5732 2332 5777 porro
2352 5720 2626 5785 tte/liglom
2653 5722 2729 5769 hic
2758 5717 2917 5785 paucis
2943 5725 3102 5771 verbis
3121 5721 3360 5785 dicuntur
3382 5736 3427 5785 in

1856 5778 2027 5827 eadem
2062 5779 2291 5839 Editione,
2318 5778 2532 5842 pluribus
2552 5778 2797 5831 narrantur
2824 5784 2866 5829 in
2893 5782 3013 5830 libro
3045 5784 3217 5833 .tuihcu
3242 5806 3290 5833 ιε.

2981 5889 3050 5944 21
