4096 6472
688 399 800 456 339

685 511 795 550 rem
825 494 1020 549 Jaéicm
1053 492 1244 547 dictam
1264 530 1278 554 ,
1310 487 1520 558 petebat
1547 487 1612 541 ab
1640 486 1725 539 illa
1756 492 1938 554 potum
1975 501 1987 537 :
2014 481 2098 535 illa
2128 493 2222 548 pro

686 599 817 652 aqua
841 584 919 635 lac
945 582 1017 634 illi
1047 579 1209 634 dedit.
1231 578 1300 633 lit
1333 585 1504 631 autem
1531 583 1648 642 post
1677 582 1854 641 potum
1886 569 2224 630 obdormivit,

686 680 951 738 arreptum
976 675 1174 723 vectem
1203 663 1389 719 mulier
1423 679 1518 733 per
1546 673 1777 728 tempora
1804 661 1917 727 ejus
1946 655 2225 711 transfixit.

687 759 775 813 Sic
804 766 1036 811 mortuus
1065 764 1145 808 est
1171 752 1345 808 Sisara
1370 767 1384 803 :
1411 752 1780 819 ingressusque
1820 747 1983 800 Barac
2005 744 2133 798 vidit
2167 743 2223 797 il-

687 848 793 900 lum
838 852 1120 898 mortuum.
1177 841 1324 895 Tunc
1371 839 1627 893 canticum
1677 833 1987 903 triumphale
2039 832 2231 886 cecinit

690 935 912 988 Debora.
933 932 1132 985 Rursus
1151 930 1421 983 traduntur
1446 926 1690 980 israeiita:
1708 925 1760 978 in
1784 938 1969 977 manus
1985 922 2226 981 Mediam;

687 1038 810 1079 nam
837 1021 1134 1090 frequenter
1160 1020 1318 1072 Deum
1350 1015 1640 1070 irritabant.
1663 1013 1806 1066 Tunc
1830 1011 2062 1066 Gedeoni
2091 1012 2230 1063 visus

688 1122 769 1166 est
810 1110 1044 1179 angelus,
1074 1108 1161 1176 qui
1193 1107 1337 1159 illum
1363 1105 1426 1157 ad
1453 1104 1642 1157 bellum
1679 1100 1978 1155 concitavit.
2030 1098 2229 1152 Dehinc

687 1200 923 1269 praecipit
942 1199 1015 1251 illi
1036 1197 1283 1250 Dominus
1312 1202 1368 1247 ut
1386 1193 1677 1246 immolaret
1701 1189 1918 1243 vitulum
1939 1187 2228 1255 saginatum

689 1289 850 1354 patris
897 1286 998 1349 sui,
1026 1295 1079 1340 et
1114 1283 1326 1337 afferret
1366 1282 1727 1336 holocaustum
1751 1320 1765 1342 ,
1791 1279 2064 1347 Baalisque
2087 1293 2230 1330 aram

686 1379 1000 1434 destrueret.
1039 1374 1218 1429 Paruit
1257 1373 1363 1435 ille,
1386 1380 1439 1424 et
1487 1371 1676 1425 obtulit
1717 1369 2072 1423 holocaustum
2099 1366 2224 1420 Deo.

688 1467 1011 1539 Signumquc
1041 1467 1169 1536 petit
1193 1465 1406 1520 Gedeon
1435 1464 1522 1533 qui
1551 1473 1604 1519 et
1623 1462 1862 1517 Jerobaal
1890 1469 2102 1514 vocatus
2125 1469 2227 1523 est,

691 1560 743 1611 in
768 1557 961 1610 vellere
984 1556 1198 1610 editum.
1225 1553 1548 1622 iubeturque
1568 1561 1730 1607 totum
1749 1552 2012 1605 dimittere
2031 1551 2232 1604 exerci-

690 1655 822 1709 tum,
847 1654 1210 1713 trecentosque
1233 1652 1431 1698 tantum
1453 1642 1699 1696 retinere.
1741 1640 1797 1693 Id
1820 1639 1959 1708 quod
1980 1639 2065 1693 ille
2086 1638 2227 1702 fecit,

690 1748 743 1791 et
767 1751 1077 1805 congressus
1097 1750 1216 1791 cum
1243 1733 1566 1803 lampadibus
1584 1741 1636 1784 et
1665 1729 1802 1784 tubis
1817 1770 1833 1795 ,
1867 1731 2043 1783 hostes
2057 1730 2230 1797 profli-

691 1826 848 1894 gavit.
870 1825 1019 1879 Tunc
1042 1824 1198 1879 occisi
1217 1832 1339 1878 sunt
1361 1821 1499 1876 Oreb
1514 1829 1566 1874 et
1581 1820 1688 1874 Zeb
1705 1819 1959 1888 principes
1985 1818 2227 1883 Madiam,

693 1931 746 1974 et
772 1919 942 1976 Zebee
964 1931 1018 1974 et
1043 1920 1283 1975 Salmana
1311 1933 1482 1987 reges.
1522 1918 1737 1972 Gedeon
1766 1917 1994 1970 moriens
2019 1914 2232 1982 reliquit

693 2007 833 2062 filios
851 2011 1190 2077 septuaginta,
1213 2017 1265 2060 et
1284 2022 1351 2061 ex
1375 2008 1660 2061 concubina
1679 2021 1837 2060 unum
1852 2004 2229 2058 Abimelecum.

696 2097 793 2154 Hic
825 2098 1011 2152 occisis
1049 2098 1367 2166 septuaginta
1407 2096 1687 2162 fratribus,
1717 2110 1932 2165 regnum
1971 2095 2228 2149 obtinuit:

694 2202 794 2242 nec
811 2187 972 2242 multo
987 2188 1162 2256 elapso
1183 2195 1418 2256 tempore
1435 2187 1699 2240 fratricidii
1715 2200 1895 2253 plenas
1913 2185 2074 2239 dedit.
2102 2183 2232 2238 Cum

695 2276 834 2330 enim
859 2276 910 2330 in
937 2275 1114 2344 prmiio
1142 2276 1449 2329 accessisset
1471 2274 1534 2329 ad
1562 2275 1835 2342 quamdam
1859 2274 2063 2338 urbem,
2097 2273 2233 2340 frag-

696 2371 874 2418 mento
909 2364 1059 2418 mola:
1102 2373 1255 2431 caput
1283 2364 1396 2431 ejus
1436 2378 1465 2416 a
1495 2364 1712 2417 muliere
1756 2361 2080 2417 confractum
2129 2373 2229 2426 est,

694 2455 886 2524 illeque
902 2455 1059 2508 vitam
1078 2455 1271 2508 amisit.
1300 2454 1424 2508 Post
1462 2454 1727 2508 Abimeiec
1751 2453 2000 2520 judicavit
2034 2451 2196 2505 Thola
2216 2491 2233 2514 ,

697 2554 816 2615 post
839 2544 1054 2599 Thoiam
1079 2544 1208 2598 Jair.
1237 2545 1302 2597 Et
1321 2545 1651 2598 irritaverunt
1673 2543 1834 2597 Deum
1861 2542 1954 2596 ﬁlii
1983 2543 2158 2604 lsrael,
2181 2549 2234 2595 et

699 2634 871 2688 traditi
900 2643 1020 2688 sunt
1047 2635 1096 2687 in
1120 2648 1304 2688 manus
1327 2633 1576 2686 Ammon.
1627 2632 1774 2686 Tunc
1793 2631 2034 2700 Jephthzn
2060 2646 2234 2685 mere-

700 2721 842 2776 tricis
866 2721 1026 2775 tilium
1051 2731 1104 2775 et
1130 2737 1158 2775 a
1184 2721 1341 2775 domo
1367 2729 1580 2789 paterna
1608 2735 1701 2789 per
1749 2720 1937 2774 fratres
1985 2718 2232 2787 ejectum,

699 2809 884 2866 ducem
912 2810 1034 2864 belli
1060 2819 1239 2863 contra
1267 2809 1400 2863 filios
1430 2811 1652 2863 Ammon
1693 2823 1809 2862 esse
1833 2817 2019 2876 rogant
2047 2806 2237 2874 princi-

698 2911 794 2966 pes
819 2898 1025 2968 populi,
1054 2897 1254 2966 ipsique
1278 2897 1552 2964 imperium
1583 2895 1812 2950 tradunt.
1849 2895 1940 2949 ille
1962 2895 2236 2962 obtempe-

699 2989 852 3054 ravit,
879 3003 940 3042 ac
980 2987 1162 3055 legatis
1191 2987 1259 3041 ad
1285 3002 1462 3057 regem
1505 2986 1727 3039 filiorum
1769 2987 1992 3040 Ammon
2041 2984 2234 3046 missis,

695 3092 817 3132 cum
845 3077 974 3130 nihil
998 3076 1266 3141 suasisset,
1294 3083 1449 3129 vovet
1472 3089 1531 3129 se
1557 3075 1664 3129 Deo
1705 3073 2088 3128 immolatarum
2117 3087 2235 3126 eum

701 3167 786 3233 qui
813 3166 1008 3234 primus
1038 3165 1135 3233 ipsi
1157 3172 1470 3228 occurreret,
1499 3163 1544 3216 si
1569 3163 1767 3217 rediret
1793 3178 1860 3217 ex
1887 3162 2025 3217 bello
2052 3179 2066 3214 :
2089 3176 2238 3215 com-

700 3257 863 3310 misso
886 3254 1068 3323 prazlio
1094 3267 1213 3308 cum
1243 3253 1452 3306 vicisset
1470 3251 1667 3316 hostes,
1699 3250 1854 3304 ﬁliam
1883 3265 2029 3304 suam
2056 3250 2242 3304 immo-

702 3344 776 3398 lat
799 3359 812 3395 :
838 3344 950 3412 ipsa
974 3342 1111 3397 enim
1144 3342 1285 3410 prior
1309 3340 1536 3395 occurrit
1561 3339 1655 3395 illi.
1682 3339 1882 3393 Rursus
1908 3339 2242 3392 irritaverunt

705 3435 865 3488 Deum
883 3433 971 3486 filii
991 3431 1180 3498 lsrael,
1210 3441 1266 3486 et
1286 3430 1458 3484 traditi
1485 3439 1607 3484 sunt
1646 3430 1698 3483 in
1719 3443 1903 3482 manus
1927 3429 2240 3498 alienigena-

703 3538 843 3576 rum.
868 3522 1013 3575 Tunc
1049 3521 1280 3574 nascitur
1321 3518 1616 3586 Sampson,
1655 3528 1711 3572 et
1754 3518 1865 3571 visa
1916 3518 2134 3571 muliere
2189 3517 2238 3569 in

705 3611 1051 3675 Thamnatha,
1083 3610 1196 3679 ejus
1216 3624 1394 3663 amore
1418 3620 1600 3676 captus
1617 3617 1716 3670 est,
1740 3608 2007 3676 ipsamque
2027 3620 2243 3660 uxorem

706 3703 900 3756 ducere
928 3702 1156 3756 volebat.
1186 3702 1435 3755 Parentes
1467 3709 1638 3754 autem
1663 3699 1832 3768 primo
1871 3697 2240 3766 impediebant,

707 3793 845 3863 quod
877 3794 960 3846 illa
989 3793 1274 3860 alienigena
1302 3799 1442 3845 esset
1469 3809 1483 3845 :
1513 3801 1566 3844 ut
1601 3798 1774 3844 autem
1799 3787 2038 3843 viderunt
2079 3789 2245 3856 ipsum

707 3884 1010 3945 instantem,
1037 3898 1140 3936 non
1164 3882 1294 3934 ultra
1313 3879 1865 3954 prohibuerunt.Cum
1889 3877 2244 3931 abiretautem

707 3973 774 4035 de
801 3973 885 4027 illa
913 3971 1324 4042 colioquuturus,
1355 3969 1584 4024 occurrit
1611 3969 1688 4022 illi
1712 3968 1793 4022 leo
1819 3982 1973 4037 quem
2007 3966 2247 4020 manibus

711 4062 818 4115 suis
843 4060 1050 4115 occidit.
1101 4060 1231 4114 Cum
1275 4068 1445 4113 autem
1472 4058 1663 4125 nuptias
1695 4055 2018 4110 celebranda:
2047 4061 2244 4120 essent,

708 4164 916 4206 rursum
945 4148 1238 4218 profectus,
1265 4147 1406 4202 videt
1441 4147 1614 4200 favum
1644 4145 1815 4199 mellis
1853 4145 1904 4197 in
1930 4159 2020 4197 ore
2045 4143 2212 4197 leonis
2230 4182 2245 4206 ,

710 4254 864 4308 quem
892 4238 1188 4300 occiderat,
1219 4247 1272 4291 et
1303 4244 1576 4304 acceptum
1603 4233 1848 4294 comedit,
1878 4232 2121 4300 deditque
2160 4247 2249 4299 pa-

710 4329 945 4384 rentibus
963 4338 1018 4382 et
1042 4327 1341 4381 concivibus
1367 4324 1474 4379 suis
1501 4340 1514 4376 :
1546 4332 1700 4391 atque
1737 4323 1955 4391 :enigma
1986 4321 2251 4387 proposuit

713 4419 839 4487 ipsis
864 4417 1042 4471 dicens
1074 4432 1088 4469 :
1130 4416 1209 4469 Ea:
1241 4430 1324 4468 ore
1351 4412 1647 4467 comedenti:
1673 4426 1894 4480 egressus
1913 4418 1982 4461 est
2006 4408 2141 4460 cibus
2162 4449 2176 4471 ,
2203 4407 2249 4459 id

712 4516 811 4571 est,
840 4521 904 4560 ex
934 4520 1026 4559 ore
1046 4503 1243 4567 leonis;
1275 4512 1320 4556 et
1346 4518 1407 4554 ea:
1428 4512 1623 4555 austero
1651 4516 1741 4570 pro
1781 4496 2108 4551 amaritudine
2140 4495 2249 4547 dul-

713 4597 832 4648 cedo
857 4594 1000 4664 (λεια.
1031 4594 1115 4646 ll.
1152 4593 1260 4659 M).
1286 4590 1630 4658 Promisitque
1647 4603 1705 4641 se
1729 4588 1970 4641 daturum
2010 4587 2058 4640 ei
2084 4587 2170 4654 qui
2203 4585 2252 4637 id

715 4689 1145 4753 interpretaretur
1184 4681 1394 4750 triginta
1425 4679 1704 4742 sindonas,
1734 4687 1785 4731 et
1809 4678 2017 4746 triginta
2053 4675 2250 4736 stolas;

715 4779 795 4831 sin
838 4789 941 4828 non
981 4779 1216 4842 possent,
1247 4770 1345 4824 sibi
1373 4767 1692 4823 tantumdem
1719 4766 1921 4820 darent.
1963 4764 2031 4818 Ut
2081 4773 2253 4817 autem

716 4867 790 4920 illi
815 4863 1101 4925 hmrebaut,
1131 4868 1184 4914 et
1213 4858 1618 4927 explicationem
1643 4871 1744 4909 non
1764 4853 2112 4922 reperiebant,
2129 4867 2258 4904 uxo-

717 4957 761 5009 ri
791 4954 903 5022 ejus
927 4949 1226 5006 comminati
1261 4955 1383 5002 sunt
1408 4953 1649 5009 mortem,
1682 4944 1779 4996 nisi
1819 4941 1884 4996 ab
1913 4942 2000 4994 illo
2028 4941 2254 5009 explica-

718 5046 914 5098 tionem
935 5037 1218 5107 tenigmatis
1241 5037 1526 5094 edisceret;
1556 5047 1674 5086 cum
1697 5031 1962 5084 didicisset
1989 5029 2095 5091 illa,
2129 5029 2254 5096 ipsis

720 5128 1043 5185 annuntiavit
1073 5141 1086 5179 :
1115 5133 1167 5179 et
1195 5139 1310 5178 cum
1363 5123 1503 5176 illam
1551 5120 1947 5188 explicationem
1977 5117 2249 5178 dixissent,

720 5227 932 5293 pignora
961 5225 1294 5285 acceperunt.
1341 5213 1639 5280 indignatus
1679 5217 1759 5261 est
1792 5208 2064 5273 Sampson.
2109 5206 2262 5258 Pater

719 5324 890 5366 autem
944 5321 1152 5378 Sponsa:
1201 5313 1475 5364 metuens,
1527 5303 1664 5354 illam
1717 5297 1953 5367 pronubo
2011 5312 2105 5349 suo
2171 5295 2263 5349 de-

719 5403 856 5457 dit‘:
885 5400 936 5452 id
965 5397 1101 5467 quod
1131 5396 1294 5464 magis
1319 5393 1658 5460 Sampsonem
1685 5387 2030 5450 Contristavit,
2049 5397 2100 5439 et
2119 5401 2263 5439 arre-

777 5518 792 5545 ¹
830 5510 1262 5578 Sept.ua_ginta._§vi
1281 5509 1373 5578 τῶγ
1394 5508 1538 5578 say
1552 5502 1905 5578 56396._Alius,
1931 5501 2065 5578 cujus
2086 5512 2262 5578 nqmen

719 5561 916 5622 tacetur.
932 5571 982 5620 in
1010 5561 1243 5628 Hexapiis
1267 5561 1443 5615 nostris
1461 5571 1470 5612 I
1485 5567 1530 5620 5,
1551 5567 1598 5622 ‘2,
1620 5568 1785 5628 ἑνὶτῷν
1805 5563 2083 5628 συνεταίρων
2101 5561 2262 5628 αὐτοξ).

719 5621 965 5683 lnCertum
997 5646 1053 5679 an
1085 5621 1450 5687 Chrysostnmus
1482 5629 1527 5673 in
1563 5621 1830 5684 exemplari
1855 5636 1943 5670 suo
1965 5621 2266 5681 νὺμφαγωγὸν

720 5693 964 5754 habuerit,
1009 5705 1071 5741 ex
1110 5692 1271 5751 aliquo
1317 5691 1584 5745 interprete
1624 5687 1955 5746 desumptum,
1999 5696 2113 5729 num
2152 5692 2266 5728 vero

1376 387 1434 434 Β.
1470 375 1742 434 JOANNIS
1778 370 2237 430 CHRYSOSTOMI
2277 367 2584 423 ARCHIEP.
2623 366 3145 425 CONSTANTINOP.

3772 391 3886 447 340

2333 479 2435 546 ptis
2461 478 2704 548 vulpibus
2731 480 2996 546 trecentis,
3023 478 3451 548 lampadibusquc
3471 492 3498 530 a
3523 486 3669 547 tergo
3699 492 3886 532 eorum

2333 569 2585 633 accensis,
2603 570 2778 623 emisit
2803 570 2852 622 in
2883 583 3098 637 campos
3142 569 3590 636 alienigenarum:
3621 580 3677 620 ut
3708 576 3885 619 autem

2332 668 2651 726 campestres
2690 675 2872 713 eorum
2909 673 3106 712 messes
3146 657 3394 720 incendit,
3432 658 3505 710 illi
3552 669 3758 724 sponsae
3788 655 3889 707 do-

2333 765 2475 802 mum
2519 765 2636 803 eum
2676 750 2784 818 ipsa
2810 764 2999 818 sponsa
3030 758 3080 803 et
3108 758 3253 816 patre
3301 749 3414 816 ejus
3457 747 3883 800 combusserunt.

2333 840 2513 907 Neque
2542 840 2641 894 hoc
2685 840 2821 894 facto
2851 840 3048 893 sedavit
3087 840 3215 892 iram
3245 838 3526 905 Sampson,
3574 837 3664 891 sed
3708 836 3888 890 adhuc

2334 932 2662 1001 oppugnabat
2709 946 2819 984 eos.
2867 931 2942 984 illi
2970 945 3094 984 vero
3143 931 3391 983 instructa
3420 938 3602 982 contra
3633 929 3884 983 lsraelem

2334 1026 2465 1087 acie,
2489 1023 2830 1090 Sampsouem
2860 1022 3119 1089 petebant;
3150 1021 3290 1074 illum
3315 1033 3442 1074 vero
3459 1020 3683 1074 vinctum
3717 1021 3886 1074 hosti-

2335 1113 2430 1166 bus
2460 1111 2783 1166 tradiderunt
2810 1111 3071 1164 lsraelitte.
3131 1110 3326 1164 Fractis
3353 1110 3440 1164 ille
3481 1111 3720 1172 vinculis,
3749 1125 3874 1164 cum

2335 1194 2625 1248 invenisset
2651 1194 2915 1246 maxillam
2943 1192 3263 1253 asini,,mi|le
3298 1207 3414 1246 cum
3445 1193 3530 1245 illa
3564 1196 3703 1247 viros
3727 1195 3883 1248 occi-

2334 1283 2428 1337 dit.
2450 1282 2684 1351 Cumque
2710 1284 2796 1336 siti
2830 1282 3168 1351 afliigeretur,
3205 1290 3445 1349 precatus
3474 1292 3554 1335 est
3598 1283 3781 1348 Deum,
3823 1293 3884 1338 et

2335 1371 2492 1425 exivit
2515 1386 2646 1439 aqua
2676 1385 2740 1424 ex
2768 1371 3054 1431 maxilla,et
3095 1369 3242 1422 bibit.
3285 1369 3407 1424 inde
3445 1372 3583 1424 venit
3609 1372 3672 1425 ad
3700 1387 3882 1426 mere-

2335 1461 2515 1514 tricem
2543 1460 2812 1513 mulierem
2842 1459 2893 1511 in
2913 1457 3127 1521 Gazam,
3151 1458 3423 1527 ipsumque
3449 1459 3624 1514 hostes
3647 1461 3882 1514 circum-

2334 1550 2588 1605 dederunt
2622 1566 2634 1600 :
2664 1548 2750 1601 ille
2771 1561 2897 1601 vero
2919 1546 3088 1600 media
3107 1555 3259 1601 nocte
3278 1547 3494 1601 eductas
3519 1547 3662 1602 urbis
3697 1559 3883 1618 portas

2334 1640 2608 1707 imponens
2655 1636 2885 1690 humeris
2912 1637 3044 1700 suis,
3076 1636 3223 1689 abiit.
3282 1635 3560 1690 Adamavit
3610 1647 3727 1706 post
3766 1640 3884 1693 inec

2333 1729 2602 1782 mulierem
2629 1725 2905 1795 quamdam
2947 1725 3167 1780 Samson
3200 1725 3425 1778 Daiidam
3457 1726 3668 1780 nomine
3707 1727 3800 1795 (a),
3825 1738 3884 1781 et

2333 1818 2533 1885 accepit
2573 1831 2686 1869 eam
2715 1815 2766 1868 in
2796 1829 3033 1869 uxorem.
3079 1814 3210 1867 Huic
3256 1815 3612 1881 promiserunt
3654 1823 3884 1882 satrapa:

2334 1905 2739 1974 alienigenarum
2775 1903 2917 1957 mille
2945 1909 2996 1956 et
3023 1910 3232 1956 centum
3255 1913 3532 1970 argenteos
3551 1943 3566 1967 ,
3598 1901 3642 1956 si
3671 1902 3738 1956 ab
3764 1904 3884 1972 ipso

2334 1996 2610 2058 edisceret,
2641 2009 2744 2062 quo
2788 2001 2942 2062 pacto
2985 2001 3280 2061 expugnant
3324 1991 3489 2046 facilis
3548 1991 3699 2046 foret.
3744 1991 3880 2046 Cum

2334 2095 2506 2139 autem
2529 2085 2614 2137 illa
2644 2083 2694 2137 id
2723 2083 2959 2137 ediscere
2987 2089 3284 2144 conaretur,
3308 2080 3476 2147 primo
3500 2080 3706 2148 quidem
3738 2081 3880 2133 illam

2333 2172 2625 2242 decipiebat
2654 2187 2666 2222 :
2693 2170 2922 2230 demum,
2949 2183 3068 2223 cum
3121 2169 3416 2236 importune
3461 2168 3545 2220 illa
3593 2168 3880 2232 insisteret,

2334 2264 2605 2318 veritatem
2634 2260 2731 2330 ipsi
2759 2259 3069 2322 enuntiavit,
3102 2273 3288 2326 nempe
3313 2271 3371 2310 se
3395 2296 3409 2319 ,
3439 2257 3486 2310 si
3519 2257 3636 2325 quis
3661 2257 3758 2310 sibi
3785 2272 3882 2310 ca.

2335 2355 2488 2424 pillos
2506 2353 2753 2414 auferret,
2779 2349 3040 2403 infirmum
3070 2362 3366 2401 evasurum.
3401 2344 3490 2397 illa
3520 2345 3752 2398 evocatis
3789 2359 3882 2396 sa-

2338 2445 2517 2513 trapis,
2544 2458 2660 2498 cum
2687 2441 2830 2495 illum
2857 2440 2924 2493 ad
2955 2451 3198 2492 somnum
3243 2435 3509 2489 inductum
3547 2433 3750 2488 tonderi
3790 2447 3884 2486 en-

2335 2545 2536 2600 rasset,
2592 2533 2852 2587 intirmum
2918 2528 3162 2584 reddidit.
3227 2526 3399 2594 ipsum
3464 2537 3591 2577 vero
3666 2533 3880 2590 captum

2335 2627 2644 2695 alienigenas
2691 2628 3050 2681 excmcarunt,
3077 2628 3132 2672 et
3158 2617 3448 2684 iujecerunt
3489 2613 3540 2666 in
3590 2625 3881 2666 carcerem.

2337 2715 2417 2770 illi
2439 2730 2561 2768 vero
2588 2711 2922 2774 laetabantur,
2944 2717 3000 2762 et
3025 2706 3314 2761 eduxerunt
3332 2716 3455 2757 eum
3473 2715 3540 2755 ex
3565 2713 3798 2761 carcere,
3826 2709 3887 2752 ut

2337 2806 2437 2874 ipsi
2462 2803 2758 2858 illuderent.
2787 2801 3041 2866 Sampson
3073 2807 3246 2849 autem
3274 2791 3465 2847 acerbe
3499 2790 3881 2859 ingemiscens,

2337 2910 2456 2950 cum
2485 2892 2761 2947 Dominum
2786 2895 3021 2957 rogasset
3041 2895 3096 2938 ut
3123 2883 3220 2937 sibi
3244 2881 3380 2935 vires
3403 2879 3607 2935 inderet
3623 2919 3637 2942 ,
3658 2878 3887 2944 arreptis

2338 2985 2595 3041 columnis
2622 2981 2810 3035 domus
2837 2979 3004 3045 iisque
3027 2975 3317 3034 concussis,
3339 2970 3552 3024 domum
3577 2967 3806 3023 decussit
3829 2968 3882 3020 in

2338 3086 2574 3143 satrapas
2593 3112 2609 3138 ,
2641 3074 2694 3126 in
2718 3070 2946 3138 seipsum
2970 3074 3024 3119 et
3062 3065 3114 3117 in
3140 3063 3297 3116 alium
3333 3059 3576 3128 populum
3619 3057 3841 3110 multum
3865 3098 3882 3120 ,

2339 3165 2621 3236 pluresque
2642 3170 2764 3214 tunc
2785 3157 2974 3211 mortui
2999 3162 3120 3208 sunt
3145 3165 3298 3221 quam
3320 3150 3434 3218 ipse
3460 3147 3642 3202 vivens
3669 3145 3886 3200 occide-

2341 3263 2440 3309 rat.
2469 3251 2666 3307 Deinde
2708 3247 2900 3303 beilnm
2941 3251 3151 3298 movent
3187 3240 3273 3310 qui
3304 3253 3368 3293 ex
3400 3237 3535 3292 tribu
3573 3237 3683 3289 Dan
3710 3245 3883 3296 erant,

2341 3346 2648 3409 Laisamque
2668 3336 2908 3406 capiunt,
2923 3333 3090 3402 etipsi
3107 3347 3294 3387 nomen
3314 3329 3612 3384 indiderunt
3638 3343 3653 3380 :
3684 3334 3891 3379 statue-

2342 3444 2566 3502 runtque
2592 3430 2662 3484 ibi
2686 3425 2924 3495 sculptile
2951 3422 3245 3477 colendum.
3275 3418 3368 3472 Vir
3396 3415 3595 3478 Levita,
3613 3429 3733 3467 cum
3760 3427 3892 3502 con-

2343 3501 2533 3579 cubina
2569 3520 2683 3590 ejus
2713 3518 2843 3571 irata
2867 3511 3211 3568 abscessisset
3254 3509 3306 3562 in
3336 3506 3548 3561 domum
3575 3503 3742 3571 patris
3770 3501 3890 3564 sui,

2343 3612 2608 3685 profectus
2636 3616 2716 3663 est
2737 3613 2795 3659 ut
2820 3604 2962 3657 illam
2991 3614 3169 3655 secum
3192 3596 3498 3656 reduceret;
3529 3605 3645 3646 cum
3673 3596 3894 3655 accepta

2344 3678 2430 3760 illa
2458 3701 2683 3762 rediret,
2709 3697 2908 3763 iterque
2929 3697 3134 3759 ageret,
3166 3683 3376 3741 divertit
3402 3684 3451 3736 in
3493 3680 3669 3736 Gabaa
3697 3678 3893 3744 Benja-

2346 3794 2472 3857 min,
2493 3788 2630 3859 apud
2651 3799 2831 3840 senem
2857 3778 3157 3851 quemdam.
3176 3775 3276 3842 Qui
3294 3777 3349 3827 in
3374 3771 3549 3827 Gabaa
3594 3776 3747 3822 erant
3789 3767 3898 3819 cir-

2347 3881 2651 3936 cumdantes
2684 3875 2897 3929 domum
2917 3910 2932 3933 ,
2961 3867 3207 3937 petebant
3230 3862 3512 3931 hospitem,
3545 3865 3601 3910 ut
3624 3863 3903 3910 contume-

2349 3971 2470 4024 liam
2499 3969 2593 4037 ipsi
2625 3963 2896 4019 inferrent.
2940 3958 3110 4013 Senex
3139 3963 3353 4024 paratus
3389 3957 3505 4004 erat
3530 3947 3655 4015 ipsis
3686 3943 3902 3998 tradere

2350 4035 2686 4115 filiam-suam
2719 4053 2996 4121 virginem.
3028 4047 3106 4102 liii
3130 4052 3348 4113 accepta
3373 4039 3681 4101 concubina,
3718 4035 3905 4089 illuse-

2349 4158 2471 4205 runt
2496 4148 2541 4201 ei
2559 4161 2652 4214 per
2679 4153 2838 4198 totam
2859 4149 3087 4195 noctem.
3111 4133 3547 4205 Appetenteiuce,
3566 4128 3651 4182 illa
3681 4126 3903 4179 dimissa

2350 4239 2606 4293 abierunt.
2662 4234 2750 4287 lila
2777 4245 2907 4285 vero
2929 4243 2990 4283 ex
3025 4225 3230 4280 inducta
3271 4222 3368 4274 sibi
3400 4218 3656 4280 molestia,
3689 4231 3808 4270 cum
3833 4215 3906 4268 ad

2352 4329 2585 4388 domum,
2609 4337 2711 4390 quo
2731 4321 3014 4374 diverterat
3032 4316 3111 4368 vir
3139 4313 3271 4381 ejus,
3289 4309 3629 4380 pervenisset,
3657 4305 3907 4372 exspira-

2353 4419 2445 4470 vit.
2475 4415 2564 4468 llie
2597 4423 2838 4478 egressus
2861 4446 2875 4467 ,
2902 4418 3020 4457 cum
3064 4411 3321 4455 mortuam
3347 4396 3651 4458 invenisset,
3674 4391 3912 4446 cadaver

2357 4508 2407 4560 in
2437 4501 2710 4558 duodecim
2744 4506 2916 4567 partes
2939 4495 3132 4557 divisit,
3165 4491 3404 4555 misitque
3434 4484 3711 4540 duodecim
3736 4484 3914 4536 tribu-

2356 4598 2470 4651 bus.
2504 4595 2714 4646 Factum
2746 4588 2955 4653 indigne
2981 4583 3210 4637 tulerunt
3238 4577 3504 4640 lsraeiitas,
3527 4583 3580 4628 et
3598 4573 3787 4627 armati
3816 4585 3914 4639 pe-

2359 4687 2533 4740 tebant
2559 4696 2649 4736 eos
2675 4679 2761 4748 qui
2793 4676 2996 4730 mulieri
3033 4669 3400 4726 contumeliam
3432 4666 3683 4719 fecerant.
3715 4663 3785 4718 Ut
3809 4679 3917 4714 an-

2361 4787 2462 4831 tetu
2524 4769 2827 4838 Benjatuitze
2890 4765 3004 4818 illos
3051 4761 3257 4814 tradere
3320 4764 3646 4816 renueruut,
3708 4752 3917 4807 bellum

2360 4869 2649 4918 moverunt.
2685 4859 2748 4911 Et
2775 4856 2940 4923 primo
2971 4851 3090 4904 victi
3116 4855 3266 4910 sunt,
3291 4844 3520 4899 secundo
3547 4842 3794 4895 similiter
3823 4858 3837 4893 :
3865 4841 3918 4893 iu

2363 4955 2513 5009 tertio
2542 4960 2714 5004 autem
2740 4956 3021 5012 congressu
3049 4946 3209 4993 totam
3250 4935 3440 4988 tribum
3468 4931 3741 4998 Benjamin
3793 4945 3920 4997 per-

2363 5048 2656 5101 cusserunt,
2706 5043 2896 5104 prteter
2947 5023 3372 5093 sexcentos,qui
3402 5021 3734 5089 aufugerant.
3783 5017 3920 5071 Cum

2365 5144 2536 5189 autem
2564 5125 2849 5199 periculum
2886 5128 3026 5176 esset
3055 5132 3120 5171 ne
3157 5124 3260 5170 tota
3283 5113 3448 5166 tribus
3487 5110 3684 5178 periret
3714 5107 3922 5174 (neque

2368 5248 2471 5305 ipse
2498 5252 2584 5301 pro
2608 5235 2890 5302 συνεταίρῳ,
2925 5226 3114 5275 scilicet
3148 5236 3208 5269 ex
3251 5230 3451 5288 numero
3484 5216 3678 5305 "igitr:
3704 5216 3931 5305 Μοῖρα),

2437 5303 2445 5305 ,
2855 5299 2864 5305 .
2935 5291 3119 5305 .,-__-.
3168 5294 3473 5305 _-...--...,...-..
3511 5290 3603 5305 Mm
3680 5289 3818 5305 Mm,“

2369 5278 2773 5366 iiiisﬁoilsiiiiiug
2799 5278 3141 5366 itilerft‘LOfa'tlt.
3168 5278 3867 5366 vvpgazwiftfpipeliaverit.

2427 5339 2922 5425 (d’fd’ié’iiiiidmco
2958 5339 3930 5425 (ἓρίδιίίιίίωέςςξξίὲ..ὶῗίξξξξξξς

2368 5394 2946 5480 μὲἶλΐνὲἴίέαἱέἕινῖαῖιὲἆς·
2967 5394 3131 5480 ῖεέέείυ
3148 5405 3363 5480 md.“
3383 5394 3680 5480 νοίὶἓὲξλξξὲἒί
3693 5394 3930 5480 1115901”

2368 5457 2558 5480 Μομινης
2580 5457 2600 5470 υ
2620 5457 2759 5478 vva-7'"
2785 5457 2903 5464 --τ-τν
2922 5457 2945 5466 -ί
2999 5472 3006 5478 ,
3168 5457 3178 5465 -
3259 5473 3265 5480 ,
3541 5459 3549 5467 .
3575 5461 3580 5483 Ι
3733 5457 3742 5464 .
3767 5468 3775 5479 ι

2368 5490 2444 5536 hic
2467 5484 2818 5546 patrimonia“
2841 5468 3230 5546 3PP9“B-..‘ff‘7‘3.'_”
3245 5474 3432 5546 sit“???
3443 5457 3932 5546 3.“.i.‘1'.".2“.§.'i.ﬁ.”‘?:

2370 5513 2443 5536 mc
2468 5513 2558 5546 pan
2573 5513 2628 5528 ιυυ
2649 5513 2818 5525 ..ν-..νη
2842 5513 3025 5540 ..τμη-η
3106 5513 3114 5514 ,
3471 5517 3480 5526 .
3890 5517 3895 5521 '

2370 5549 2495 5595 iilam
2532 5541 2732 5591 amabat.
2755 5546 2861 5595 qum
2899 5545 2944 5578 tn
2982 5527 3227 5595 Alsoreeh,
3253 5521 3348 5595 vel,
3370 5516 3653 5595 ut

2371 5581 2495 5656 iiiiL-T
2517 5581 2979 5650 speech—habitabat;
3007 5587 3231 5647 nullaque
3265 5584 3340 5629 hic
3373 5581 3653 5626 observatur
3681 5587 3931 5621 hominum

2374 5667 2584 5716 atliuitus.
