4062 6460
305 396 414 451 339

296 518 415 553 τινα
449 502 680 569 γυναῖκα
722 501 863 572 Ἰαὴλ
891 500 1202 569 λεγομένην,
1233 500 1347 570 ᾔτει
1381 502 1596 569 πιεῖνσή
1624 499 1679 551 δὲ
1712 497 1851 565 γάλα

298 584 492 636 ἔδωκεν
542 584 690 652 αὐτῷ
733 586 850 637 ἀντὶ
889 584 1094 645 ὓδατος.
1135 584 1220 646 '0;
1274 584 1329 635 δέ
1376 582 1638 652 ἐκοιμήθη
1690 579 1847 642 πιὼν,

296 667 566 719 πάσσαλον
591 666 823 720 λαϐοῦσα
848 670 880 736 ἡ
906 668 1059 737 γυνὴ,
1084 667 1327 735 διήλασεν
1353 666 1437 718 διὰ
1458 665 1550 717 τοῦ
1579 664 1848 731 κροτάφου

296 748 479 802 αὑτοῦ.
518 750 628 801 Καὶ
654 748 825 811 οὕτως
855 749 1088 801 ἀπέθανε
1128 750 1348 818 Σισάρα’
1374 749 1467 799 καὶ
1491 746 1727 799 ἐπελθὼν
1755 746 1852 796 Βα-

298 830 402 899 ράκ
430 827 566 882 εἶδεν
594 831 752 883 αὐτὸν
784 831 1098 899 τεθνηκότα.
1132 831 1261 883 Τότε
1301 829 1428 903 ᾖσεν
1632 828 1849 898 Δεϐώρα

296 912 579 962 ἐπινίκιον.
614 912 780 963 Πάλιν
814 912 1191 979 παραδίδονται
1224 913 1302 973 είς
1331 914 1516 981 χεῖρας
1545 911 1769 979 Μαδιάμ
1801 910 1847 962 οί

308 994 651 1063 Ἰσραηλῖται·
710 995 945 1064 συνεχῶς
994 994 1100 1063 γὰρ
1159 993 1501 1064 παρώργιζον
1553 994 1641 1045 τὸν
1696 993 1844 1046 Θεόν.

294 1075 426 1127 Τότε
457 1076 534 1144 τῷ
570 1075 767 1128 Γεδεὼν
791 1075 942 1145 ῶφθη
972 1074 1215 1142 ἄγγελος,
1245 1077 1336 1128 καὶ
1362 1074 1727 1145 παρώρμησεν
1770 1077 1849 1137 είς

294 1156 545 1225 πόλεμον.
581 1154 712 1209 Εἶτα
736 1159 763 1210 6
786 1157 985 1226 Κύριος
1014 1156 1220 1208 κελεύει
1250 1156 1405 1209 αὐτὸν
1438 1156 1593 1209 θῦσαι
1628 1156 1717 1208 τὸν
1754 1156 1848 1225 μό-

294 1254 420 1306 σχον
449 1238 539 1290 τὺν
572 1239 809 1291 σιτευτὸν
837 1239 927 1291 τοῦ
958 1239 1154 1306 πατρδς
1191 1238 1375 1301 αὐτοῦ,
1414 1239 1507 1290 καὶ
1544 1239 1847 1306 ἀνενεγκεῖν

291 1319 667 1389 όλοκαύτωμα,
715 1321 807 1373 καὶ
850 1322 911 1372 τὸ
949 1319 1323 1390 θυσιαστήριον
1365 1321 1705 1388 κατασκάψαι
1754 1319 1845 1372 τοῦ

294 1400 457 1453 Βάαλ.
498 1401 778 1471 Ἐποίησεν
818 1401 1007 1465 οὕτως,
1043 1403 1134 1455 καὶ
1168 1404 1460 1472 ἀνήνεγκεν
1501 1402 1849 1471 όλοκαύτωμα

289 1482 367 1551 τῷ
399 1484 537 1553 Θεῷ.
564 1485 674 1537 Καὶ
700 1487 837 1537 αἰτεῖ
863 1487 1079 1554 σημεῖον
1108 1487 1134 1537 6
1161 1483 1364 1537 Γεδεὼν
1396 1485 1424 1537 6
1451 1486 1541 1538 καὶ
1576 1485 1846 1554 Ἰεροϐαάλ

289 1563 349 1615 τὸ
395 1566 488 1616 ἐπὶ
532 1565 624 1618 τοῦ
668 1566 833 1618 πόκου
878 1566 1183 1634 γενόμενον.
1232 1567 1341 1618 Καὶ
1386 1567 1659 1620 κελεύεται
1703 1567 1846 1619 ἀπαν

290 1646 610 1715 ἀποπέμψαι
664 1647 721 1699 τὸ
770 1648 1142 1715 στρατόπεδον,
1184 1648 1527 1717 τριακοσίους
1576 1649 1631 1700 δέ
1689 1650 1845 1719 μόνον

289 1732 601 1797 κατασχεῖν.
634 1730 737 1781 Καὶ
768 1730 1017 1799 ἐποίησεν
1048 1730 1209 1791 οὕτω,
1254 1732 1346 1783 καὶ
1383 1731 1669 1799 συμϐαλὼν
1711 1732 1845 1800 μετά

288 1810 583 1879 λαμπάδων
614 1813 703 1865 καὶ
730 1814 1058 1881 σαλπίγγων,
1087 1808 1196 1865 εἷλε
1220 1814 1345 1876 τοὺς
1368 1814 1675 1882 πολεμίους.
1711 1814 1843 1867 Τότε

288 1895 636 1965 ἀνῃρήθησαν
673 1894 833 1966 Ὡρὴϐ
865 1895 958 1948 καὶ
986 1894 1095 1964 Ζὴϐ
1124 1896 1174 1947 oi
1201 1895 1453 1965 ἄρχοντες
1484 1896 1726 1964 Μαδιάμ.
1752 1897 1845 1948 καὶ

287 1976 450 2030 Ζεϐεὲ
494 1977 587 2028 καὶ
630 1977 880 2047 Σαλμανά
920 1978 968 2028 οί
1000 1977 1253 2045 βασιλεῖς.
1297 1977 1602 2032 Ἀποθανὼν
1641 1979 1843 2033 Γεδεὼν

285 2057 575 2111 κατέλιπεν
624 2060 771 2122 υἱοὺς
801 2058 1183 2129 ἐϐδομήκοντα,
1238 2060 1330 2111 καὶ
1370 2060 1475 2113 ἀπὸ
1522 2060 1843 2125 παλλακίδος

284 2140 381 2192 ἐνα
414 2139 506 2192 τὸν
535 2139 837 2210 Ἀϐιμέλεκ.
881 2135 1046 2202 Οὗτος
1073 2142 1196 2203 τοὺς
1230 2141 1591 2212 ἐϐδομήκοντα
1619 2143 1840 2211 ἀνελὼν,

285 2221 554 2291 ἐκράτησε
612 2224 708 2291 τὴν
760 2222 1047 2291 βασιλείαν
1095 2224 1187 2275 καὶ
1246 2223 1361 2290 μετ’
1405 2224 1465 2276 οὐ
1514 2225 1647 2277 πολὺ
1691 2226 1842 2295 δίκην

284 2301 455 2354 ἔδωκε
493 2303 590 2372 τῆς
620 2304 1045 2371 ἀδελφοκτονίας.
1071 2302 1385 2373 Προσελθὼν
1412 2307 1516 2377 γάρ
1545 2306 1601 2359 ἐν
1626 2307 1842 2379 πολέμῳ

281 2384 390 2435 τινὶ
422 2384 590 2445 πόλει,
619 2386 886 2455 κλάσματι
914 2385 1076 2453 μύλου
1103 2386 1332 2455 ἐθλάσθη
1356 2387 1453 2456 τὴν
1480 2389 1717 2457 κεφαλὴν
1739 2392 1842 2444 ὑπὸ

282 2465 558 2531 γυναικὸς,
602 2468 693 2519 καὶ
731 2467 983 2520 ἀπέθανε.
1030 2467 1180 2520 Μετὰ
1209 2468 1301 2520 τὸν
1338 2468 1618 2537 Ἀϐιμέλεκ
1661 2472 1840 2541 ἔκρινε

281 2547 461 2610 Θωλά,
495 2549 630 2617 μετά
670 2550 759 2601 τὸν
796 2549 950 2601 Θωλά
984 2550 1163 2619 Ἰαείρ.
1213 2551 1321 2603 Καὶ
1358 2552 1706 2623 παρώργισαν
1750 2556 1839 2608 τὸν

280 2631 413 2684 Θεὸν
443 2632 547 2685 υἱοὶ
586 2632 818 2701 Ἰσραὴλ,
854 2633 945 2684 καὶ
976 2633 1347 2701 παρεδόθησαν
1375 2637 1454 2697 είς
1479 2639 1663 2705 χεῖρας
1706 2638 1838 2707 Ἀμ-

282 2712 421 2779 μών.
450 2713 581 2765 Τότε
622 2714 710 2765 τὸν
751 2713 975 2781 Ἰεφθάε,
1017 2714 1128 2765 υἱὸν
1166 2714 1290 2767 ὄντα
1332 2717 1584 2783 γυναικὸς
1616 2719 1835 2787 πόρνης,

279 2794 373 2846 καὶ
419 2794 523 2846 ὑπὸ
565 2794 671 2846 τῶν
716 2794 954 2863 ἀδελφῶν
992 2795 1320 2849 ἀπελαθέντα
1360 2798 1457 2868 τῆς
1491 2800 1737 2869 πατέρων
1763 2804 1837 2854 ol-

279 2876 425 2937 κίας,
453 2877 501 2927 οἱ
532 2878 784 2946 ἄρχοντες
822 2874 914 2929 τοῦ
950 2876 1075 2929 λαοῦ
1109 2878 1314 2943 ἀξιοῦσι
1344 2882 1709 2951 στρατηγῆσαι
1742 2884 1834 2936 τοῦ

279 2956 515 3024 πολέμου
540 2957 629 3010 τοῦ
656 2958 789 3028 πρὸς
810 2960 931 3020 τοὺς
957 2959 1101 3022 υἱοὺς
1124 2960 1366 3030 Ἀμμὼν,
1391 2962 1481 3015 καὶ
1502 2963 1729 3017 διδόασιν
1750 2967 1839 3019 αὐ·

276 3037 356 3106 τῷ
381 3039 478 3107 τὴν
502 3040 695 3110 ἀρχήν.
731 3040 789 3092 '0
828 3041 883 3093 δὲ
924 3041 1179 3105 πεισθεὶς,
1212 3042 1302 3095 καὶ
1330 3044 1540 3114 πρῶτον
1570 3047 1834 3115 πρεσϐευ-

278 3122 512 3190 σάμενος
572 3123 706 3192 πρὸς
766 3123 855 3176 τὸν
908 3124 1128 3193 βασιλέα
1178 3126 1308 3179 υίῶν
1361 3128 1603 3198 Ἀμμὼν,
1636 3130 1709 3193 ὡς
1737 3131 1835 3183 ούκ

276 3202 511 3266 ἔπειθεν,
540 3204 832 3272 εὐξάμενος
860 3205 936 3274 τῷ
964 3205 1079 3275 Θεῷ
1109 3205 1288 3259 θύσειν
1317 3208 1406 3261 τὸν
1433 3210 1645 3279 πρῶτον
1671 3212 1835 3263 ἁπαν⁹

274 3286 515 3354 τήσαντα
552 3285 719 3355 αὐτῷ,
758 3288 805 3338 εί
850 3287 1127 3341 ἐπανέλθοι
1165 3290 1229 3341 ἐκ
1274 3290 1366 3344 τοῦ
1409 3291 1665 3359 πολέμου,
1696 3310 1834 3361 συμ-

275 3365 455 3418 ϐαλὼν
497 3370 606 3429 τοῖς
648 3368 858 3439 ἐχθροῖς
892 3371 984 3423 καὶ
1019 3373 1260 3440 νικήσας,
1291 3370 1407 3425 θύει
1440 3374 1535 3445 τὴν
1564 3375 1833 3447 θυγατέρα

272 3448 462 3501 αὐτοῦ·
495 3448 680 3519 πρώτη
702 3449 809 3519 γάρ
828 3450 973 3519 αύτῷ
994 3452 1301 3522 ἀπήντησεν
1322 3454 1479 3525 αὕτη.
1510 3458 1674 3512 Πάλιν
1694 3477 1831 3529 παρ-

271 3531 515 3600 ώργισαν
553 3531 643 3583 τὸν
680 3531 811 3584 Θεὸν
856 3531 904 3583 οί
947 3533 1291 3604 Ἰσραηλῖται,
1333 3536 1426 3589 κα)⁵
1461 3541 1832 3612 παρεδόθησαν

272 3615 355 3674 είς
390 3616 577 3683 χεῖρας
612 3614 935 3682 ἀλλοφύλων.
964 3617 1093 3669 Τότε
1132 3618 1371 3673 τίκτεται
1398 3622 1427 3673 6
1454 3623 1705 3691 Σαμψὼν,
1740 3627 1832 3679 καὶ

275 3694 401 3748 ίδὼν
429 3700 656 3764 γυναῖκα
687 3698 743 3750 ἐν
769 3698 1048 3767 Θαμναθᾶ,
1076 3702 1284 3773 ἠράσθη
1314 3704 1502 3772 αὐτῆς,
1530 3708 1621 3760 καὶ
1651 3709 1831 3764 λαϐεῖν

270 3774 502 3846 ἠθέλησε
537 3780 682 3847 νόμῳ
706 3780 904 3848 γάμου.
937 3783 996 3832 ()ί
1021 3782 1076 3834 δὲ
1099 3786 1272 3849 γονεῖς
1296 3785 1355 3837 τὸ
1383 3787 1480 3855 μὲν
1514 3790 1726 3857 πρῶτον
1748 3791 1829 3844 διο

269 3857 507 3909 εκώλυον
534 3859 619 3910 διὸ.
644 3859 702 3911 τὸ
728 3860 1015 3941 ἀλλόφυλον
1038 3861 1191 3915 εἶναι’
1214 3866 1288 3928 ὡς
1314 3866 1369 3919 δὲ
1399 3863 1535 3922 εἶδον
1556 3871 1830 3941 ἐπικείμε-

269 3957 383 4023 νον,
407 3941 505 4023 οὐκ
532 3940 951 4023 ᾑναντιώθησαν.
994 3945 1183 3998 Ἦνίκα
1210 3947 1263 3999 δὲ
1294 3949 1455 4017 ἀπῄει
1488 3940 1827 4023 διαλεχθῆναι

269 4022 401 4107 nep}
427 4021 613 4107 αὐτῆς,
639 4024 963 4107 συνήντησεν
983 4025 1125 4095 αὐτῷ
1150 4026 1306 4092 λέων,
1329 4030 1421 4083 καὶ
1451 4034 1655 4085 ἀνεῖλεν
1678 4021 1826 4107 [349]

266 4102 434 4154 αὑτὸν
463 4106 579 4165 ταῖς
610 4108 791 4175 χερσὶν
817 4106 996 4160 αὑτοῦ.
1042 4108 1190 4161 Ἐπεὶ
1218 4108 1271 4161 δὲ
1299 4109 1403 4163 ἔδει
1430 4102 1826 4181 γενέσθαι-τοὺς

267 4184 685 4267 γάμους,πάλιν
713 4187 906 4249 ἀπιὼν,
937 4190 1037 4259 ὁρᾷ
1069 4190 1254 4259 κηρίον
1285 4192 1496 4259 μέλιτος
1529 4198 1678 4267 ἐντῷ
1710 4202 1825 4252 στόο

268 4283 402 4334 ματι
436 4266 527 4320 τοῦ
556 4268 764 4333 λέοντος
794 4270 885 4323 τοῦ
916 4272 1253 4341 ἀνῃρημένου
1283 4275 1372 4326 ὑπ’
1394 4278 1578 4343 αὑτοῦ,
1616 4266 1707 4332 καὶ
1733 4282 1823 4335 λα-

264 4348 389 4433 ϐὼν
412 4348 598 4417 ἔφαγε,
632 4352 724 4433 καί
755 4351 920 4404 ἔδωκε
942 4356 1033 4406 καὶ
1055 4356 1165 4415 τοῖς
1194 4356 1404 4421 γονεῦσι
1430 4359 1522 4410 καὶ
1554 4364 1663 4424 τοῖς
1690 4381 1823 4433 συμο

264 4432 511 4496 πολίταις
561 4432 743 4486 αὑτοῦ·
795 4435 886 4487 καὶ
945 4436 1247 4504 προέτεινεν
1305 4442 1483 4503 αὐτοῖς
1535 4446 1821 4515 πρόϐλημα

259 4512 459 4579 λέγων·
497 4514 590 4568 Ἐκ
618 4518 911 4583 στόματος
941 4519 1246 4584 ἐσθίοντος
1274 4520 1492 4588 ἐξῆλθε
1524 4512 1817 4594 ,βρῶσις-η,

258 4596 557 4659 τουτέστιν,
625 4599 687 4650 ἐκ
739 4600 831 4651 τοῦ
875 4600 1139 4669 στόματος
1198 4602 1289 4655 τοῦ
1339 4604 1565 4669 λέοντος,
1621 4612 1713 4662 καί
1753 4614 1817 4663 ἐκ

258 4680 537 4757 axilium?)
558 4680 688 4733 ἀντὶ
717 4680 819 4733 τοῦ
848 4682 1057 4748 πικροῦ
1085 4685 1295 4750 γλυκύ.
1324 4686 1431 4739 Καὶ
1461 4688 1739 4757 ὑπέσχετο,
1772 4696 1816 4744 εί

258 4755 557 4822 ἐπιλύσειε,
620 4760 807 4813 δώσειν
850 4763 1028 4825 αὐτοῖς
1084 4766 1371 4833 τριάκοντα
1432 4755 1685 4834 σινδόνας,
1729 4776 1817 4825 καὶ

254 4839 553 4909 τριάκοντα
580 4843 785 4906 στολάς·
815 4846 861 4896 εί
887 4845 939 4897 δὲ
970 4846 1041 4914 μὴ
1068 4847 1359 4917 δυνηθεῖεν,
1388 4851 1707 4923 άπαιτήσειν
1728 4858 1817 4908 αὺ-

254 4924 390 4984 τοὺς
432 4923 682 4977 τοσαῦτα.
726 4927 811 4989 Ὠς
849 4928 906 4979 δὲ
947 4928 1253 4997 διηπόρουν,
1290 4932 1382 4985 καὶ
1409 4935 1504 5003 οὐχ
1547 4937 1812 5005 εὕρισκον,

253 5004 562 5087 ἠπείλησαν
602 5008 666 5074 τῇ
704 5010 918 5072 γυναικὶ
957 5010 1116 5061 αὑτοῦ
1161 5012 1402 5075 θάνατον,
1445 5018 1489 5068 εἰ
1528 5004 1619 5085 μὴί
1657 5021 1813 5087 μάθοι

254 5086 395 5155 παρ’
426 5087 584 5140 αὐτοῦ
627 5088 685 5140 τὸ
712 5090 955 5159 αἴνιγμαο
1006 5095 1038 5161 ή
1083 5093 1138 5144 δὲ
1183 5093 1445 5162 μαθοῦσα,
1486 5086 1814 5167 ἀπήγγειλεν

323 5292 339 5314 '
376 5292 643 5356 Aliisjncei
684 5294 842 5342 verbis
862 5298 1063 5356 aenigma
1089 5297 1134 5345 in
1161 5301 1374 5349 editione
1397 5302 1489 5348 τῶν
1515 5303 1595 5351 Ο’.
1621 5303 1809 5352 Deinde

266 5356 341 5402 ιαὶ
367 5355 420 5401 ἐκ
432 5354 667 5416 σκληροῦ,
691 5358 738 5403 in
762 5354 979 5403 editione
1016 5360 1110 5403 τῶν
1133 5361 1197 5407 O'
1237 5370 1287 5409 et
1312 5364 1368 5412 in.
1404 5363 1739 5411 'l‘heodolionc
1765 5367 1810 5415 ἐξ

260 5413 458 5478 ἰσχυροῦ
480 5421 533 5461 et
548 5413 641 5463 άπὸ
665 5417 855 5478 ἰσχυροῦ
880 5416 1150 5478 legilur,em
1175 5419 1368 5479 [orliJn
1392 5422 1627 5472 Hebraico
1648 5413 1809 5473 autem

257 5488 441 5545 legitur
472 5486 579 5537 T12:
606 5520 619 5539 ,
652 5488 778 5547 quod
820 5486 947 5535 idem
995 5487 1249 5547 signiﬁcat.
1297 5493 1611 5549 Symmachus
1648 5503 1808 5544 tamen

255 5553 401 5602 Isaiae
427 5554 499 5612 19,
514 5556 560 5607 4,
594 5558 673 5609 τυ,
714 5557 913 5616 σκληρός
930 5557 1185 5612 convertit,
1214 5562 1429 5608 utetiam
1451 5574 1511 5609 eo
1534 5564 1639 5611 loco
1662 5566 1803 5615 LXX:

253 5616 574 5681 guarnpiirern
608 5616 826 5681 suspicer
862 5618 983 5664 hanc
1002 5616 1280 5681 __l_eclionem
1306 5633 1415 5669 esse
1440 5622 1731 5681 Symmachi.
1757 5634 1809 5675 et

256 5676 308 5721 in
335 5675 601 5724 editionem
622 5675 766 5725 τῶνΟ
782 5678 793 5695 ’
814 5690 919 5725 eam
945 5676 1253 5739 scilicel,qua
1276 5675 1617 5739 Chysosfomns
1638 5675 1807 5735 uleba-

255 5741 352 5793 lur,
378 5738 651 5799 irrepsisse.

1311 385 1637 443 SYNOPSIS
1674 380 2086 441 SCRIPTL'IUE
2122 380 2389 437 SACIUE.

3406 395 3517 451 340

1957 494 2157 558 αὐτοῖς,
2197 496 2289 548 καὶ
2322 491 2563 555 εἰπόντες
2597 489 2803 543 ἔλαϐον.
2844 489 3095 560 Ὠργίσθη
3124 489 3177 541 δέ
3200 489 3228 541 6
3252 489 3505 559 Σαμψών.

1966 578 2022 629 '0
2050 576 2104 629 δὲ
2132 576 2311 646 πατὴρ
2334 576 2432 643 τῆς
2462 573 2674 643 νύμφης
2700 572 2899 633 δείσας,
2932 571 3110 623 λαϐὼν
3144 572 3310 640 αὑτήν
3344 572 3509 625 ἔδωκε

1951 657 2027 727 τῷ
2054 657 2402 727 νυμφαγωγῷ
2429 655 2609 708 αὐτοῦ’
2640 653 2791 705 τοῦτο
2818 653 2870 703 δὲ
2899 653 3094 721 μᾶλλον
3123 654 3282 706 αὑτὸν
3310 654 3513 723 ἐλύπη-

1953 757 2063 803 σεν,
2101 740 2192 793 καὶ
2225 738 2404 791 λαϐὼν
2441 737 2781 808 τριακοσίους
2815 735 3118 798 ἀλώπεκας,
3160 739 3251 788 καὶ
3294 737 3511 805 λαμπά-

1951 823 2042 884 δας
2072 822 2291 875 ὄπισθεν
2320 823 2495 874 αὐτῶν
2528 819 2748 886 ἐξάψας,
2780 820 2986 888 ἀφῆκεν
3010 821 3087 880 είς
3119 818 3187 869 τά
3222 819 3377 871 πεδία
3404 819 3510 872 τῶν

1950 904 2278 971 ἀλλοφύλων·
2309 906 2383 965 ὼς
2416 904 2472 955 δὲ
2501 902 2813 971 ἐνεπύρισεν
2856 900 3031 952 αὐτῶν
3070 900 3136 951 τά
3170 902 3511 969 σταχυοφόρα

1950 985 2127 1051 πεδία,
2158 988 2458 1055 ἐνέπρησαν
2481 987 2670 1038 ἐκεῖνοι
2699 985 2793 1052 τὴν
2824 984 2997 1035 οἰκίαν
3022 985 3118 1051 τῆς
3146 984 3360 1052 νύμφης
3392 986 3508 1053 μετ’

1950 1069 2115 1137 αὐτῆς
2140 1070 2230 1122 καὶ
2262 1070 2356 1121 τοῦ
2388 1067 2589 1138 πατρὸς
2622 1068 2806 1135 αὐτῆς.
2840 1066 2968 1118 Οὐδὲ
3002 1066 3187 1118 τούτου
3218 1070 3507 1136 γενομένου

1950 1150 2178 1218 ἐχάλασε
2214 1151 2311 1220 τὴν
2344 1150 2510 1219 ὀργὴν
2543 1152 2570 1202 6
2596 1148 2847 1219 Σαμψὼν,
2874 1148 2983 1200 ἀλλ’
3016 1148 3095 1200 ἐτι
3124 1149 3374 1218 ἐπολέμει
3408 1152 3506 1202 αύ-

1948 1234 2078 1292 τοῖς.
2133 1233 2194 1283 Οί
2242 1232 2297 1284 δὲ
2341 1232 2777 1301 παραταξάμενοι
2826 1230 2961 1281 κατά
3012 1230 3104 1281 τοῦ
3144 1232 3374 1299 Ἰσραὴλ,
3417 1234 3508 1284 τὸν

1949 1311 2181 1380 Σαμψὼν
2202 1312 2442 1381 ἐζήτουνο
2476 1313 2732 1381 δήσαντες
2763 1312 2923 1364 αὐτὸν
2946 1315 2992 1364 οί
3032 1313 3350 1382 Ἰσραηλῖται
3380 1332 3503 1383 παρ·

1949 1394 2153 1446 έδωκαν
2176 1398 2288 1457 τοῖς
2311 1395 2541 1464 ἐχθροῖς,
2593 1395 2648 1447 'U
2676 1396 2728 1446 δὲ
2760 1394 2825 1445 τά
2857 1395 3027 1463 δεσμά
3062 1395 3375 1465 διαρρήξας,
3416 1400 3510 1451 καὶ

1948 1474 2120 1545 εὑρὼν
2150 1476 2371 1543 σιαγόνα
2399 1477 2541 1539 ὄνου,
2570 1477 2769 1545 χιλίους
2790 1477 3105 1530 ἀπέκτεινεν
3135 1479 3189 1529 ἐν
3217 1480 3372 1548 αὐτῇ.
3402 1480 3510 1532 Καὶ

1946 1555 2173 1623 διψήσας
2206 1556 2405 1626 ηὔξατο
2455 1558 2531 1627 τῷ
2577 1557 2712 1626 Θεῷ,
2750 1559 2841 1611 καὶ
2881 1558 3101 1627 ἐξῆλθεν
3142 1559 3283 1629 ὕδωρ
3318 1563 3380 1613 ἐκ
3411 1561 3509 1628 τῆς

1950 1640 2212 1705 σιαγόνος,
2239 1640 2329 1692 καὶ
2360 1641 2526 1692 ἔπιεν.
2552 1636 2751 1691 Ἶιλθεν
2782 1641 2986 1692 ἐκεῖθεν
3020 1644 3097 1704 εἰς
3126 1646 3354 1710 γυναῖκα
3380 1644 3509 1714 πόρ-

1946 1738 2042 1789 νην
2068 1724 2146 1782 είς
2171 1722 2363 1785 Γάζαν,
2403 1725 2495 1775 καὶ
2522 1723 2961 1792 περιεκύκ).ωσαν
2987 1724 3146 1777 αὑτὸν
3173 1728 3220 1777 οί
3249 1724 3450 1794 ἐχθροί·
3480 1728 3510 1779 6

1944 1802 1999 1855 δὲ
2028 1805 2162 1857 κατά
2187 1805 2246 1857 τὸ
2269 1806 2611 1874 μεσονύκτιον
2641 1804 2816 1857 λαϐὼν
2838 1805 2933 1866 τὰς
2963 1806 3132 1868 πύλας
3159 1807 3254 1875 τῆς
3282 1808 3503 1869 πόλεως.

1946 1886 2036 1937 καὶ
2066 1886 2176 1950 θεὶς
2204 1888 2424 1940 ἐπὶτῶν
2450 1887 2613 1957 ῶμωω
2640 1888 2877 1958 ἐξῆλθεν.
2913 1889 3151 1959 Ἡράσθη
3179 1890 3312 1958 μετὰ
3334 1890 3506 1941 ταῦτα

1945 1972 2197 2034 γυναικός
2225 1988 2369 2033 τινος
2398 1974 2425 2024 ό
2454 1971 2687 2041 Σαμψὼν
2722 1972 2941 2040 ὀνόματι
2970 1972 3212 2036 Δαλιδᾶς,
3256 1973 3348 2027 καὶ
3382 1975 3506 2026 ἐλα-

1945 2050 2037 2101 ϐεν
2066 2051 2235 2122 αὐτὴν
2268 2055 2345 2115 εἰς
2374 2058 2625 2121 γυναῖκα.
2665 2054 2845 2125 Ταύτῃ
2878 2055 2933 2107 δὲ
2974 2056 3267 2124 ὑπέσχοντο
3310 2058 3359 2108 oi
3414 2074 3507 2109 σα-

1944 2133 2145 2202 τράπαι
2176 2134 2280 2188 τῶν
2306 2137 2615 2204 ἀλλοφύλων
2636 2137 2836 2206 χιλίους
2861 2139 2954 2190 καὶ
2977 2139 3166 2190 ἐκατὸν
3188 2139 3501 2208 ἀργυρίους,

1944 2218 1992 2266 εί
2018 2216 2177 2280 μάθοι
2199 2218 2327 2286 παρ’
2346 2219 2528 2282 αὑτοῦ,
2559 2220 2674 2283 πῶς
2699 2220 2763 2273 ἂν
2793 2220 3256 2287 εὐκαταγώνιστος
3279 2222 3500 2289 γένοιτο.

1953 2297 2041 2361 '0;
2064 2298 2119 2351 δὲ
2142 2301 2395 2369 ἐπειρᾶτο
2424 2302 2631 2370 μαθεῖν.
2649 2302 2709 2354 τὸ
2740 2302 2837 2372 μὲν
2868 2303 3078 2373 πρῶτον
3106 2303 3273 2373 αὐτὴν
3301 2305 3501 2373 ἠπάταο

1941 2378 2090 2441 τέλος
2132 2381 2208 2443 δὲ,
2256 2382 2329 2444 ώς
2372 2384 2767 2455 κατειργάσατο
2802 2385 2981 2447 αὑτὸν,
3025 2382 3174 2437 εἶπεν
3220 2386 3355 2454 αὐτῇ
3405 2386 3505 2454 τὴν

1942 2467 2217 2538 ἀλήθειαν,
2254 2472 2334 2523 ὅτι
2385 2472 2477 2524 ἐάν
2517 2488 2599 2533 τις
2641 2469 2801 2523 αὑτοῦ
2839 2471 3074 2541 περιέλοι
3115 2472 3239 2533 τοὺς
3271 2471 3499 2543 βοστρύ-

1940 2568 2085 2620 χους,
2111 2552 2415 2623 ἀσθενήσει.
2464 2555 2526 2605 Ἡ
2549 2554 2603 2605 δὲ
2626 2554 2898 2606 καλέσασα
2925 2555 3048 2616 τοὺς
3082 2555 3383 2623 σατράπας,
3410 2554 3503 2606 καὶ

1939 2637 2244 2705 κοιμήσασα
2273 2636 2451 2700 αὐτόν,
2488 2637 2709 2704 ἐποίησε
2738 2636 3072 2706 ξυρισθῆναι,
3102 2637 3192 2687 καὶ
3219 2635 3499 2705 ἠσθένησε.

1939 2719 2047 2770 Καὶ
2099 2718 2349 2782 λαϐόντες
2403 2719 2563 2772 αὐτὸν
2606 2720 2653 2771 οἱ
2696 2718 3000 2787 ἀλλόφυλοι,
3052 2718 3363 2785 ἐτύφλωσαν
3411 2718 3502 2770 καὶ

1939 2805 2186 2858 ἐνέϐαλον
2216 2808 2293 2868 είς
2323 2807 2382 2859 τὸ
2418 2807 2802 2877 δεσμωτήριον.
2834 2805 2899 2861 Οἱ
2926 2808 2981 2859 δέ
3007 2807 3379 2877 ηύφραίνοντο,
3410 2810 3502 2861 καὶ

1938 2891 2199 2960 ἐξήγαγον
2227 2892 2389 2947 αὐτὸν
2426 2895 2489 2945 ἐκ
2517 2893 2609 2946 τοῦ
2632 2893 3020 2963 δεσμωτηρίου,
3056 2895 3133 2956 είς
3161 2895 3219 2946 τὸ
3243 2895 3501 2963 ἐμπαῖξαι

1938 2979 2102 3048 αὐτῷ·
2131 2982 2158 3032 6
2187 2980 2242 3032 δὲ
2272 2980 2463 3049 πικρὸν
2491 2980 2770 3043 στενάξας,
2804 2980 2896 3034 καὶ
2935 2980 3028 3032 τοῦ
3062 2982 3262 3051 Κυρίου
3294 2982 3500 3052 δεηθεὶς

1936 3065 2073 3118 ὥστε
2129 3066 2405 3134 ἐνισχῦσαι
2455 3066 2636 3128 αὑτὸν,
2694 3067 2802 3118 τῶν
2853 3067 3044 3119 κιόνων
3077 3067 3368 3138 λαϐόμενος
3403 3069 3498 3122 τοῦ

1935 3150 2102 3214 οἴκου,
2131 3153 2223 3204 καὶ
2251 3152 2619 3216 διασαλεύσας,
2651 3154 2949 3223 κατήνεγκε
2976 3153 3065 3207 τὸν
3092 3151 3234 3207 οἷκον
3264 3157 3353 3209 ἐπὶ
3375 3158 3499 3220 τοὺς

1936 3238 2216 3307 σατράπας
2246 3239 2337 3291 καὶ
2358 3238 2546 3291 ἐαυτὸν
2577 3240 2669 3290 καὶ
2696 3238 2881 3307 ἕτερον
2913 3239 3038 3292 λαὸν
3065 3240 3251 3302 πολὺν.
3279 3243 3370 3295 καὶ
3396 3244 3500 3295 ἀπο

1937 3322 2124 3376 έθανον
2156 3323 2387 3385 πλείους,
2428 3324 2460 3393 ἢ
2499 3326 2610 3377 ὅσοι
2647 3325 2911 3378 ἀπέθανον
2956 3326 3044 3379 ὑπ’
3075 3328 3237 3381 αὑτοῦ
3276 3330 3493 3393 ζῶντος.

1937 3410 2086 3481 1545]
2117 3411 2269 3464 Μετὰ
2296 3410 2465 3464 ταῦτα
2499 3411 2974 3481 ἐπιστρατεύουσιν
3017 3414 3065 3465 οί
3097 3417 3159 3466 ἐκ
3196 3415 3293 3485 τῆς
3326 3416 3497 3485 φυλῆς

1934 3497 2059 3558 Δὰν,
2093 3499 2182 3549 κα)⁸
2215 3497 2403 3549 ἔλαϐον
2422 3497 2521 3568 τὴν
2550 3498 2775 3562 Δαῖσάν,
2800 3499 2892 3552 καὶ
2921 3500 3277 3571 ἐπωνόμασαν
3304 3503 3494 3572 αὐτὴν,

1934 3585 2027 3637 καὶ
2064 3584 2296 3653 ἔστησαν
2333 3587 2449 3637 ἐκεῖ
2478 3584 2710 3652 γλυπτὸν
2745 3585 3017 3657 λατρείαν.
3062 3589 3222 3660 Ἀνὴρ
3244 3592 3492 3661 Λευῖτης,

1932 3671 2271 3741 όργισθείσης
2319 3671 2465 3741 αὐτῷ
2524 3673 2621 3739 τῆς
2679 3672 2958 3743 παλλακῆς
3010 3675 3193 3733 αὐτοῦ.
3246 3678 3335 3729 καὶ
3385 3679 3492 3729 άπ-

1932 3756 2187 3825 ελθούσης
2242 3760 2320 3821 είς
2364 3758 2455 3810 τὸν
2512 3753 2657 3810 οἷκον
2707 3758 2798 3809 τοῦ
2849 3759 3052 3827 πατρὸς
3102 3761 3288 3827 αὐτῆς.
3331 3764 3491 3832 ἀπῄει

1932 3845 2236 3907 καταλέξων
2300 3845 2467 3913 αὐτὴν
2523 3844 2719 3913 ἐαυτῷ·
2787 3845 2879 3897 καὶ
2940 3844 3117 3897 λαϐὼν
3170 3849 3337 3917 αὐτὴν
3395 3851 3490 3899 ἐπ-

1932 3931 2176 3999 ανῆλθεν·
2232 3932 2287 3981 ἐν
2332 3931 2387 3982 δὲ
2432 3933 2496 4000 τῇ
2542 3930 2643 4000 ὁδῷ
2698 3931 2987 3983 κατέλυσεν
3032 3934 3109 3993 εἰς
3163 3934 3346 3986 Γαϐαὰ
3394 3936 3491 4004 τὴν

1932 4017 2185 4084 Βενιαμὶν
2234 4016 2383 4084 παρά
2425 4032 2528 4067 τινι
2572 4016 2867 4086 πρεσϐύτῃ.
2918 4020 2979 4069 Οἱ
3018 4018 3073 4071 δὲ
3115 4020 3171 4071 ἐν
3205 4023 3268 4088 τῇ
3308 4022 3489 4073 Γαϐαά

1931 4104 2277 4173 περιστάντες
2319 4104 2417 4172 τὴν
2457 4104 2631 4155 οἰκίαν
2669 4106 2899 4174 ἐκείνην,
2941 4105 3163 4175 ἐζήτουν
3195 4108 3283 4159 τὸν
3320 4108 3484 4171 ξένον,

1930 4190 2014 4242 ἵνα
2041 4190 2391 4259 ἐξυϐρίσωσιν
2425 4191 2503 4250 είς
2535 4190 2714 4242 αὐτόν.
2757 4191 2814 4241 '0
2846 4192 3153 4262 πρεσϐύτης
3179 4194 3391 4263 ἐτοιμος
3419 4192 3486 4265 ἦν

1925 4276 2022 4346 τὴν
2056 4276 2323 4343 θυγατέρα
2347 4275 2507 4327 αὐτοῦ
2546 4276 2726 4328 δοῦναι
2756 4278 2935 4339 αὐτοῖς
2971 4278 3066 4349 τὴν
3105 4280 3385 4349 παρθένον.
3423 4285 3485 4333 Ui

1923 4362 1978 4414 δὲ
2010 4361 2261 4424 λαϐόντες
2294 4362 2389 4431 τὴν
2424 4361 2719 4432 παλλακὴν,
2753 4364 3036 4427 ἐνέπαιξαν
3068 4366 3201 4435 αὐτῇ
3238 4367 3363 4436 ὅλην
3392 4367 3485 4436 τὴν

1926 4448 2113 4500 νύκτα.
2145 4448 2228 4509 '0;
2260 4447 2314 4498 δὲ
2338 4446 2481 4516 πρωῒ
2503 4448 2741 4514 γέγονεν,
2775 4450 2998 4515 ἀφέντες
3031 4452 3196 4521 αὐτὴν
3222 4453 3482 4521 ἀπῆλθον.

1933 4537 1997 4589 ’Ιί
2034 4536 2091 4588 δὲ
2133 4535 2236 4587 ὑπὸ
2265 4536 2362 4605 τῆς
2392 4538 2672 4606 ἐπηρείας,
2704 4537 2930 4589 ἐλθοῦσα
2971 4541 3119 4608 παρά
3152 4541 3248 4608 τὴν
3286 4542 3481 4603 οἰκίαν,

1922 4621 2048 4671 ἔνθα
2090 4623 2353 4689 κατήγετο
2384 4623 2411 4672 6
2442 4622 2575 4689 ἀνὴρ
2614 4623 2799 4689 αὐτῆς,
2836 4623 3105 4688 ἐξέψυξεν.
3145 4625 3399 4688 Ἐξελθὼν
3425 4629 3481 4681 δὲ

1921 4712 2143 4772 ἐκεῖνος,
2175 4711 2265 4761 καὶ
2293 4709 2464 4778 εὑρὼν
2495 4710 2660 4778 αὐτὴν
2686 4713 2902 4779 νεκράν,
2942 4712 3133 4765 διεῖλεν
3160 4716 3235 4776 είς
3258 4716 3481 4771 δεκαδύο

1923 4796 2082 4864 μέρη,
2113 4797 2205 4847 καὶ
2234 4795 2443 4863 ἔπεμψε
2488 4800 2604 4857 ταῖς
2635 4795 2838 4848 δώδεκα
2873 4798 3082 4865 φυλαῖς.
3128 4801 3387 4865 Χαλεπῶς
3422 4805 3477 4856 δὲ

1918 4881 2150 4949 ἤνεγκαν
2195 4880 2255 4932 τὸ
2295 4881 2532 4947 γεγονὸς,
2582 4881 2675 4933 καὶ
2708 4883 3109 4953 ἐξοπλισάμενοι
3156 4888 3315 4955 ᾔτουν
3354 4892 3477 4953 τοὺς

1918 4969 2297 5037 ἐνυϐρίσαντας
2328 4968 2388 5020 τὸ
2414 4968 2649 5035 γύναιον.
2691 4970 2774 5032 Ὠς
2804 4971 2857 5023 δὲ
2886 4972 2983 5024 ούκ
3005 4973 3238 5027 ἐδίδοσαν
3260 4978 3473 5041 ἐκεῖνοι,

1919 5056 2311 5125 συνεκρότησαν
2344 5055 2591 5124 πόλεμον.
2623 5057 2729 5107 Καὶ
2765 5056 2824 5108 τὸ
2864 5058 2958 5126 μὲν
3001 5059 3213 5127 πρῶτον
3238 5063 3473 5132 ἡττήθης

1917 5159 2033 5201 σαν,
2080 5142 2171 5193 καὶ
2208 5139 2475 5209 δεύτερον,
2520 5141 2575 5193 ἐν
2620 5141 2673 5193 δὲ
2708 5144 2772 5211 τῇ
2811 5142 2965 5213 τρίτῃ
3013 5145 3247 5215 συμϐολῇ
3294 5150 3470 5200 πᾶσαν

1914 5228 2010 5298 τὴν
2039 5226 2206 5295 φυλὴν
2236 5226 2487 5294 Βενιαμὶν
2522 5227 2845 5295 κατέκοψαν,
2882 5229 3019 5295 πλὴν
3052 5232 3341 5292 ἑξακοσίων
3366 5236 3468 5285 τῶν

1913 5314 2295 5382 διαφυγόντων.
2339 5316 2423 5376 '0;
2452 5314 2507 5365 δὲ
2530 5314 2896 5367 ἐκινδύνευσεν
2924 5320 2955 5385 ἡ
2984 5318 3121 5387 φυλὴ
3147 5320 3341 5381 τελέως
3366 5323 3468 5372 ἀπ-

1912 5402 2125 5454 ολέσθαι
2160 5400 2300 5467 (οὔτε
2340 5402 2445 5469 γὰρ
2480 5396 2619 5469 εἶχον
2660 5397 2802 5455 οὗτοι
2843 5407 3119 5469 γυναῖκας,
3156 5406 3247 5457 καὶ
3279 5408 3325 5457 οί
3366 5409 3468 5459 υἱοὶ

1925 5486 2135 5555 Ἰσραὴλ
2162 5485 2381 5554 ῶμοσαν
2407 5486 2463 5549 ἐξ
2490 5486 2663 5537 αὐτῶν
2694 5488 2766 5556 μὴ
2790 5488 2979 5540 δώσειν
3005 5492 3225 5557 αὐτοῖς),
3257 5490 3464 5555 ἑλόντες

1909 5573 2032 5631 τοὺς
2074 5572 2145 5639 μὴ
2185 5570 2680 5637 συστρατεύσαντας
2710 5575 2887 5635 αὐτοῖς
2914 5575 3049 5626 κατὰ
3078 5575 3182 5626 τῶν
3210 5576 3462 5646 Βενιαμι-

1908 5658 2033 5717 τῶν,
2063 5659 2157 5717 τὰς
2187 5658 2405 5710 ἐκείνων
2432 5660 2725 5728 παρθένους
2757 5660 2955 5711 ἔδωκαν
2994 5663 3173 5724 αὐτοῖς
3206 5680 3461 5733 τετρακο-

1913 5745 2044 5804 σίας·
2088 5745 2159 5805 ώς
2197 5744 2250 5795 δὲ
2306 5744 2539 5799 ἐνέλιπον
2580 5746 2675 5805 ἔτι,
2725 5745 2911 5812 ἑορτῆς
2955 5748 3297 5816 τελοδμένης,
3340 5768 3460 5806 συν.
