4062 6458
556 403 661 457 341

551 508 836 579 ,χώρησαν
883 508 1059 569 αὐτοῖς
1100 504 1400 569 ἐξελθοῦσιν
1441 505 1754 574 ἀφαρπάσαι
1798 503 2115 573 παρθένους,

554 591 654 644 οὐκ
686 591 902 642 εἰδότων
934 588 1038 640 τῶν
1072 587 1294 655 γονέων.

1025 701 1288 768 Σύνοψις
1315 698 1426 767 τῆς
1464 698 1648 752 Ῥούθ.

639 817 698 870 Ἥ
746 814 1024 886 Νοεμμὴν.
1076 815 1430 875 ἀποθανόντος
1477 813 1613 883 αὐτῇ
1655 813 1748 864 τοῦ
1787 811 1995 881 ἀνδρὸς,
2033 813 2122 864 καὶ

558 900 664 951 τῶν
694 897 846 958 υἱῶν,
891 898 982 949 καὶ
1023 895 1113 948 τοῦ
1161 896 1316 965 λιμοῦ
1364 895 1676 959 παυθέντος,
1711 895 1776 945 δι’
1813 895 1872 946 ὃν
1913 894 2003 946 καί⁷
2044 896 2122 956 εἰς

559 981 655 1051 τὴν
685 980 960 1034 Μωαϐῖτιν
990 978 1326 1048 κατῴκησεν,
1359 977 1570 1047 ἔρχεται
1597 979 1676 1038 είς
1704 975 1800 1045 τὴν
1843 975 2119 1035 Ἰουδαίαν,

561 1064 651 1115 καὶ
699 1065 732 1133 ή
782 1062 878 1132 μὲν
923 1061 1018 1132 μία
1060 1062 1228 1126 αὐτῆς
1272 1061 1451 1128 νύμφη
1493 1058 1717 1128 ἐπείσθη
1758 1061 1935 1127 μεῖναι
1967 1060 2024 1111 ἐν
2055 1061 2120 1128 τῇ

560 1145 878 1199 Μωαϐίτιδι”
924 1147 956 1214 ὴ
997 1144 1052 1197 δὲ
1090 1144 1244 1214 ἄλλη,
1346 1144 1511 1211 ὄνομα
1540 1141 1714 1202 'Po60,
1745 1140 1914 1194 πολλά
1947 1157 2123 1208 παρα-

561 1225 819 1297 καλούσῃ,
850 1227 990 1278 ὥστε
1022 1229 1222 1296 μεῖναι,
1260 1227 1358 1278 οὐκ
1394 1222 1554 1288 εἶξεν,
1582 1222 1716 1276 ἀλλά
1740 1221 2123 1291 συνηκολούθη-

562 1325 640 1362 σε.
674 1311 779 1362 Καὶ⁵
819 1312 1069 1377 γαμεῖται
1102 1307 1177 1376 τῷ
1213 1307 1379 1370 Βοὼζ,
1410 1307 1782 1375 ἁγχιστεύοντι
1817 1305 1911 1374 τὴν
1951 1304 2123 1372 Νοεμ-

565 1392 690 1461 μὴν,
719 1393 810 1443 καὶ
842 1391 1011 1442 τίκτει
1045 1390 1136 1442 τὸν
1169 1389 1342 1457 Ὸϐὴδ,
1370 1392 1398 1441 6
1427 1390 1482 1441 δὲ
1528 1389 1684 1458 ὐϐὴδ
1712 1389 1801 1440 τὸν
1848 1387 2061 1450 Ἰεσσαὶ,
2094 1386 2123 1437 6

561 1472 616 1524 δέ
659 1474 854 1525 Ἰεσσαὶ⁸
885 1471 1044 1524 Δαυῒδ
1063 1471 1152 1523 τὸν
1182 1471 1423 1540 βασιλέα.

876 1591 1139 1657 Σύνοψις
1178 1589 1279 1641 τοῦ
1314 1587 1816 1654 Τετριιϐιισι.λείου.

646 1704 872 1760 Έλκανᾶ
902 1708 1161 1773 γυναῖκας
1185 1706 1317 1775 έχων
1341 1705 1451 1765 δύο,
1479 1703 1581 1754 ἀπὸ
1607 1701 1707 1770 τῆς
1737 1701 1860 1770 μιᾶς
1887 1698 1985 1751 οὐκ
2011 1693 2122 1765 εἶχε

565 1791 778 1852 παῖδας.
812 1791 899 1851 Ὠς
932 1789 987 1841 δὲ
1016 1788 1210 1856 ἀνῆλθε
1239 1789 1394 1840 θῦσαι
1422 1788 1477 1838 ἐν
1507 1783 1725 1855 Σηλὼμ,
1764 1780 2123 1851 προσεύχεται

565 1873 597 1941 ή
628 1871 782 1940 γυνὴ,
828 1873 920 1923 καὶ
951 1870 1121 1922 τίκτει
1168 1869 1258 1920 τὸν
1291 1868 1562 1937 Σαμουὴλ,
1599 1866 1692 1918 καὶ
1717 1865 1929 1918 δίδωσιν
1966 1862 2124 1914 αὑτὸν

565 1956 642 2016 είς
669 1954 759 2007 τὸν
781 1949 925 2006 οἷκον
953 1951 1155 2021 Κυρίου
1181 1950 1459 2018 διηνεκῶς,
1486 1947 1665 2009 καθὼς
1701 1945 1900 2017 ηὕξατο
1934 1945 2060 2015 πρὶν
2089 1943 2121 2012 ἢ

567 2037 844 2090 συλλαϐεῖν
886 2035 1066 2088 αὐτόν.
1097 2029 1204 2087 Ἦν
1245 2033 1300 2084 δὲ
1337 2033 1514 2102 ἱερεὺς
1551 2031 1670 2082 τότε
1702 2031 1730 2081 6
1764 2026 1929 2079 Ἠλεί.
1976 2027 2035 2077 Οί
2068 2025 2126 2076 δὲ

567 2122 671 2175 υἱοὶ
725 2119 868 2173 Ἠλεὶ¹
921 2118 1072 2182 Ὀφνὶ
1119 2119 1211 2170 καὶ
1255 2115 1455 2176 Φινεὲς,
1506 2114 1679 2182 λοιμοὶ
1727 2110 1820 2164 καὶ
1865 2107 2125 2179 μοχθηροὶ

567 2204 692 2267 νέοι,
727 2201 1224 2272 μεταλαμϐάνοντες
1262 2200 1324 2250 ἐκ
1352 2196 1458 2249 τῶν
1488 2195 1707 2254 θυσιῶν,
1739 2193 1868 2264 πρὶν
1898 2192 1929 2260 ἢ
1960 2207 2124 2260 προσ-

567 2285 841 2356 ενεχθῆναι
882 2283 1017 2354 Θεῷ.
1078 2284 1135 2334 '0
1180 2282 1235 2334 δὲ
1276 2279 1422 2333 Ἠλεὶ
1468 2278 1724 2346 εύλόγησε
1764 2276 1863 2345 τὴν
1905 2275 2120 2335 Ἀνναν,

569 2375 659 2426 καὶ
685 2373 838 2442 ἔσχεν
871 2371 949 2423 ἐτι
979 2371 1125 2437 τρεῖς
1155 2368 1320 2429 υίοὺς,
1346 2367 1438 2417 καὶ
1451 2364 1542 2416 δύο
1567 2361 1888 2430 θυγατέρας,
1913 2360 2123 2412 καὶΣα⁸

572 2460 734 2531 μουὴλ
787 2456 1027 2512 ἐπεδίδου
1073 2453 1209 2524 πρὸς
1241 2451 1460 2524 ἀρετήν.
1518 2450 1574 2502 '0
1607 2449 1662 2500 δὲ.
1720 2447 1864 2499 Ἠλεὶ
1889 2445 2125 2507 ἀκούσας

568 2552 673 2602 τῶν
701 2548 902 2601 παίδων
925 2546 993 2598 τά
1022 2545 1346 2614 τολμήματα
1381 2540 1502 2609 (καὶ
1529 2538 1632 2607 γὰρ
1663 2531 1755 2589 καῖ
1787 2535 2124 2605 ὲμοιχῶντο),

571 2640 627 2711 {5
639 2636 722 2708 Μ]
744 2635 1036 2705 ἐπετίμησε
1058 2633 1200 2701 λόγῳ
1223 2648 1237 2662 ο
1262 2630 1310 2682 οἱ
1329 2629 1385 2681 δὲ
1410 2628 1509 2680 οὐκ
1527 2622 1690 2691 εἶξαν.
1725 2622 2124 2692 Προφήτεύεται

570 2708 649 2796 τῷ
691 2724 834 2777 Ἠλεὶ
860 2723 887 2775 6
935 2719 1150 2788 δλεθρος
1179 2716 1276 2786 τῆς
1307 2715 1482 2776 οίκίας
1515 2711 1677 2764 αὑτοῦ
1724 2712 1818 2763 καλ⁵
1856 2708 1964 2762 τῶν
1998 2709 2127 2761 υίῶν

571 2813 658 2866 διὰ
682 2813 780 2881 τὴν
813 2807 1083 2878 ἁμαρτίαν
1103 2804 1211 2857 τῶν
1241 2803 1394 2855 νέων.
1422 2799 1680 2871 Δηλοῠται
1719 2798 1773 2850 δὲ
1798 2797 1891 2850 καὶ
1917 2795 1993 2866 τῷ
2023 2796 2126 2846 Σα-

578 2899 746 2970 μουὴλ
769 2898 801 2967 ἡ
823 2893 1192 2964 ἀπαραίτητος
1221 2888 1358 2958 ὀργὴ
1380 2887 1470 2940 τοῦ
1507 2886 1662 2943 Θεοῦ.
1690 2885 1780 2936 καὶ
1802 2881 2128 2951 ἀπαγγέλλει

575 2969 667 3038 καὶ
695 2982 854 3044 αὐτὸς
885 2980 960 3049 τῷ
995 2977 1161 3031 Ἠλεί.
1208 2973 1606 3044 Συμϐἀλλουσιν
1651 2973 1697 3024 οἱ
1735 2970 2020 3037 ἀλλόφυλοι
2053 2969 2129 3037 τῷ

576 3068 808 3140 Ἰσραὴλ,
835 3067 928 3119 καὶ
955 3063 1240 3134 τρέπουσιν
1258 3059 1417 3112 αὑτὸν
1448 3059 1527 3119 είς
1545 3057 1720 3125 φυγὴν
1746 3056 1883 3125 μετά
1914 3056 2005 3108 τοῦ
2029 3069 2131 3106 παο

575 3157 750 3220 τάξαι.
795 3155 880 3217 Ὦς
901 3153 957 3206 δὲ
992 3151 1087 3204 καὶ⁵
1111 3150 1208 3219 τὴν
1238 3146 1466 3200 κιϐωτὸν
1509 3143 1771 3214 ἐξήγαγον
1823 3143 1926 3196 υἱοὶ
1964 3143 2128 3205 Ἠλεὶ,

576 3241 719 3300 οὗτοι
744 3243 840 3314 μὲν
875 3241 1158 3294 πίπτουσιν
1187 3239 1243 3288 ἐν
1275 3233 1352 3303 τῷ
1385 3232 1604 3300 πολέμῳ
1648 3230 1780 3300 μετά
1819 3231 1910 3282 καὶ⁸
1934 3229 2131 3299 ἐτέρων

576 3331 804 3393 πολλῶν,
859 3329 957 3398 τὴν
1005 3327 1060 3379 δὲ
1108 3320 1335 3377 κιϐωτὸν
1387 3317 1751 3386 λαμϐάνουσιν
1789 3317 1838 3368 οί
1865 3315 2129 3385 πολέμιοι.

577 3418 745 3476 Ἧλθέ
774 3434 854 3479 τις
875 3411 1044 3467 ταῦτα
1066 3407 1420 3476 ἀπαγγέλλων
1449 3404 1525 3475 τῷ
1561 3403 1704 3456 Ἡλεί
1725 3421 1738 3432 ·
1767 3404 1793 3455 6
1818 3403 1872 3455 δὲ
1894 3419 2133 3456 καταπε-

579 3508 685 3562 σὼν
711 3510 774 3560 ἐκ
800 3503 893 3558 τοῦ
921 3502 1106 3569 δίφρου
1165 3495 1328 3550 αὑτοῦ
1366 3490 1651 3562 συνετρίϐη
1703 3491 1794 3543 καὶ
1830 3491 2097 3543 ἀπέθανεν
2118 3509 2130 3521 ο

577 3593 811 3649 ἀπέθανε
837 3590 892 3643 δέ
911 3588 1003 3641 καὶ
1021 3589 1053 3657 ή
1069 3584 1258 3637 τούτου
1282 3580 1486 3650 νύμφη,
1510 3579 1672 3648 ἡνίκα
1699 3577 1868 3630 ταῦτα
1885 3579 2130 3647 ήκουσεν.

579 3682 914 3751 Είσήνεγκαν
959 3676 1007 3727 οί
1039 3669 1319 3739 ἀλλόφυλοι
1344 3667 1441 3737 τὴν
1486 3664 1713 3719 κιϐωτὸν
1760 3666 1839 3727 είς
1869 3665 1958 3717 τὸν
1990 3661 2135 3718 οἶκον

579 3767 794 3836 Δαγὼν·
812 3767 840 3818 6
861 3764 914 3816 δὲ
933 3761 1198 3815 κατέπεσε
1225 3754 1492 3824 δεύτερον,
1518 3755 1611 3806 καὶ
1640 3751 1946 3821 συνετρίϐη.
1974 3753 2138 3803 Ἐπα-

578 3856 851 3928 τάχθησαν
901 3849 956 3901 δὲ
989 3847 1082 3899 καὶ
1135 3845 1183 3896 οί
1233 3841 1419 3928 ἀνδρες
1465 3840 1544 3901 είς
1591 3839 1688 3900 τάς
1733 3838 1892 3907 ἕδρας
1937 3837 2135 3890 αὐτῶν.

579 3924 757 3999 Ἦσαν
787 3940 842 3992 δέ
867 3938 916 3990 οί
950 3933 1190 3997 Ἀζώτιοι
1219 3924 1378 3990 οὗτοι,
1399 3927 1490 3980 καὶ
1521 3925 1623 3997 μῦς
1649 3927 1964 3996 ἀνέδωκενή
1989 3925 2139 3997 χώρα

582 4033 776 4088 αὐτῶν.
813 4022 1220 4081 Ἀποστέλλουσι
1247 4017 1344 4088 τὴν
1369 4015 1595 4069 κιϐωτὸν
1620 4016 1699 4078 εἰς
1726 4013 1826 4067 Γέθ
1844 4031 1857 4044 ·
1889 4015 1938 4067 οἱ
1964 4015 2020 4067 δὲ
2046 4015 2138 4066 καὶ

582 4119 733 4176 αὐτοὶ
761 4114 1092 4183 ἐπλήγησαν.
1119 4107 1428 4177 Πέμπουσιν
1449 4102 1614 4172 αὐτὴν
1640 4103 1718 4165 είς
1745 4101 2056 4155 Ἀσκαλῶνα
2089 4105 2138 4165 ⁸,

583 4209 740 4261 κάκεῖ
763 4203 952 4272 γέγονε
988 4196 1232 4256 θάνατος.
1284 4189 1779 4260 Συμϐουλευθέντες
1807 4189 1862 4241 δὲ
1902 4189 2005 4242 ὑπὸ
2034 4188 2141 4242 τῶν

587 4295 828 4366 μάντεων
883 4284 1060 4340 αὐτῶν
1092 4322 1107 4346 ,
1152 4277 1393 4333 ποιοῦσιν
1420 4275 1580 4346 ἕδρας
1624 4278 1864 4346 χρυσᾶς⁹
1898 4277 1991 4329 καὶ
2041 4277 2143 4347 μῦς

585 4363 834 4454 χρυσοῦς,
870 4373 964 4428 καὶ
993 4368 1264 4428 ἐπιθέντες
1299 4364 1495 4454 αὐτοὺς
1535 4363 1718 4433 ἁμάξῃ
1756 4363 1890 4432 μετὰ
1928 4363 2026 4432 τῆς
2060 4381 2144 4415 κι-

586 4444 757 4520 ϐωτοῦ
790 4457 1089 4522 ύπέζευξαν
1121 4454 1282 4524 βόας,
1302 4444 1374 4502 ὧν
1414 4448 1481 4501 τὰ
1508 4449 1670 4501 τέκνα
1708 4449 2035 4502 ἀπέκλεισαν
2067 4451 2144 4512 είς

585 4552 844 4608 οίκίσκον.
887 4546 953 4599 Δί
985 4545 1041 4598 δέ
1091 4542 1252 4615 ὀρθὴν
1305 4535 1675 4608 ἐπορεύθησαν
1709 4535 1786 4597 είς
1841 4534 2142 4604 Βεθσαμῦς.

588 4640 837 4709 Δέχονται
860 4632 1027 4701 αὐτὴν
1057 4631 1104 4681 οί
1129 4628 1317 4697 ἄνδρες
1337 4625 1554 4684 ἐκεῖνοι,
1580 4622 1674 4673 καὶ
1701 4620 1883 4673 Θύουσι
1900 4620 1977 4690 τῷ
2006 4621 2142 4690 Θεῷ,

589 4705 836 4798 ὁρῶντων
858 4718 965 4773 τῶν
1003 4712 1295 4787 σατραπῶν
1336 4709 1443 4762 τῶν
1476 4705 1805 4775 ἀλλοφύλων,
1849 4705 1933 4767 Ὠς
1956 4705 2012 4758 δὲ
2049 4706 2146 4757 οὐκ

589 4790 889 4884 ὴσμένισαν
915 4809 965 4869 δ,
989 4803 1284 4864 τουτέστιν,
1308 4798 1367 4850 06
1395 4793 1766 4864 συνεχάρησαν
1789 4793 1838 4843 οί
1869 4792 1972 4843 υίοὶ
1998 4790 2149 4860 Ἰεχο-

589 4878 722 4965 νίου,
779 4897 985 4965 γίνεται
1013 4891 1193 4960 πληγὴ
1232 4885 1442 4958 μεγάλη
1475 4884 1531 4934 ἐν
1558 4880 1635 4950 τῷ
1683 4878 1831 4948 λαῷο
1868 4879 1961 4931 καὶ
1987 4879 2149 4947 φοϐη-

592 4991 772 5048 θέντες
799 4985 846 5036 οἱ
871 4982 976 5035 ἀπὸ
993 4975 1294 5046 Βεθσαμύς,
1327 4969 1745 5026 ἀποστέλλουσιν
1772 4965 1830 5030 ἐξ
1853 4965 2027 5018 αὐτῶν
2051 4967 2149 5035 τὴν

593 5075 819 5130 κιϐωτὸν
848 5073 925 5133 είς
958 5069 1047 5122 τὸν
1099 5062 1253 5120 οἶκον
1285 5059 1596 5132 Ἀμιναδάϐ.
1651 5058 1784 5110 Τότε
1812 5056 2150 5126 ἐπέστρεψαν

594 5164 728 5231 πρὸς
757 5163 847 5212 τὸν
869 5157 998 5210 Θεὸν
1028 5158 1076 5208 οἱ
1105 5152 1450 5224 Ἰσραηλῖται,
1480 5149 1571 5199 καὶ
1588 5145 1930 5213 ἐπολέμησαν
1958 5143 2152 5205 αὐτοὺς

595 5229 648 5300 οί
671 5244 971 5312 ἀλλόφυλοι,
1005 5242 1096 5292 καὶ
1115 5239 1444 5308 ἡττήθησαν,
1464 5232 1554 5285 τοῦ
1579 5230 1826 5301 Σαμουὴλ
1860 5229 2152 5299 εὐξαμένου

598 5335 737 5404 ὑπὲρ
771 5328 964 5392 αὐτῶν,
996 5328 1089 5378 καὶ
1117 5325 1304 5377 ἐλαϐοι
1336 5322 1464 5390 παρ’
1488 5317 1664 5370 αὐτῶν
1699 5316 1796 5379 τὰς
1831 5316 2008 5379 πόλεις
2033 5357 2046 5381 ,
2091 5314 2154 5377 ἀς

663 5537 685 5564 ³
715 5534 768 5580 ln
794 5532 936 5581 Coisl.
985 5529 1240 5576 Βαϐυλῶνα
1283 5525 1359 5572 hic
1402 5523 1538 5582 lapsu
1564 5513 1795 5578 graphico
1833 5513 2041 5579 positum
2070 5516 2157 5566 fuit

603 5609 690 5660 prp
721 5594 1016 5660 ζᾼστιαλῶνα.

666 5639 694 5696 Ῐι
722 5639 805 5703 ιὶῐέι
847 5663 969 5700 voce
1006 5653 1208 5698 utuntur
1229 5645 1348 5697 LXX
1383 5644 1700 5702 interpretes,
1728 5653 1868 5701 quam
1893 5639 2046 5703 [παίω
2070 5651 2145 5685 ρι-

606 5699 1164 5779 plica-lWQhryspslomus
1189 5721 1274 5770 per
1299 5699 1639 5767 συνεχάρησαν,
1680 5699 2003 5764 εοίιθνοιιιιαιὶ,
2033 5706 2156 5757 sum,

607 5776 684 5826 ιρι
709 5789 800 5825 una
815 5776 957 5825 lwlau‘
977 5777 1098 5822 sunt.

1214 390 1269 446 S.
1311 387 1590 444 JOANNIS
1628 384 2117 444 CIIRYSOSTOMI
2156 384 2475 440 ARCIIIEP.
2517 373 3059 439 CONSTANTINOP.

3669 370 3774 421 342

2225 499 2368 571 εἴχον
2396 498 2592 552 αὐτῶν.
2632 498 2716 558 ὀς
2748 495 2803 546 δὲ
2824 492 3058 560 ἐγήρασε
3091 481 3360 552 Σαμουὴλ,
3391 480 3437 530 οἱ
3467 477 3521 529 δέ
3549 476 3655 528 υἱοὶ
3687 473 3776 525 αύ-

2223 587 2314 640 τοῦ
2353 588 2451 638 οὐκ
2473 583 2793 653 ἐπορεύοντο
2828 580 2884 630 ἐν
2915 579 2981 646 τῇ
3004 572 3108 640 ὁδῷ
3134 569 3320 628 αὐτοῦ,
3346 563 3697 630 συναχθέντες
3728 559 3772 611 οί

2224 674 2462 726 Ἰουδαῖοι
2496 648 2703 723 αἰτοῦσι
2740 664 2979 736 βασιλέα.
3009 659 3278 726 ’ΊΙλγησεν
3303 653 3396 704 ἐπὶ
3423 649 3595 717 τούτῳ
3617 649 3645 697 6
3678 648 3773 697 Σα-

2225 757 2414 827 μουὴλ,
2447 757 2540 808 καί
2568 733 2909 822 φησινάὑτῷ
2929 749 2957 799 6
2987 745 3140 806 Θεός·
3181 744 3262 794 Οὺ
3285 740 3358 792 σὲ
3383 733 3774 800 ἐξουδενήκα·

2222 817 2510 905 ὸνινίάλνΐ
2699 817 3020 891 Τοῦτοοῦν
3056 827 3513 896 διαμαρτύρομαι
3555 817 3774 881 αὐτοῖς,

2222 931 2288 983 τὸ
2306 904 2584 997 δικαίωμα
2611 926 2716 979 τοῦ
2736 920 3043 988 βασιλέως
3062 934 3074 947 ·
3104 913 3397 972 τουτέστιν,
3425 910 3555 976 ὅσης
3578 904 3774 973 ὀφείλει

2223 1017 2347 1085 παρ’
2398 992 2572 1067 αὐτῶν
2619 1011 2903 1080 τυγχάνειν
2949 1002 3249 1074 θεραπείας
3305 994 3700 1065 διεμαρτύρατο
3747 992 3774 1040 ό

2223 1101 2500 1172 Σαμουὴλ·
2530 1101 2577 1152 οἱ
2602 1100 2656 1152 δὲ
2689 1078 2966 1151 ἐπέκειντο
3003 1088 3295 1148 αίτοῦντες.
3345 1081 3644 1135 Ἀπώλοντο
3668 1091 3688 1116 ε
3722 1078 3773 1128 αἱ

2222 1188 2331 1240 ὄνοι
2364 1190 2491 1248 Κεὶς
2522 1184 2615 1238 τοῦ
2657 1181 2858 1253 πατρὸς
2903 1176 3105 1231 Σαούλ·
3142 1171 3382 1241 ἔπεμψεν
3421 1167 3583 1221 αὑτὸν
3612 1168 3639 1217 6
3670 1181 3775 1215 πα-

2223 1275 2324 1343 τὴρ
2361 1273 2755 1341 ἐπιζητήσοντα
2796 1266 3012 1326 ταύτας.
3064 1261 3150 1321 Ὠς
3197 1257 3254 1310 δέ
3289 1257 3385 1324 οὐχ
3416 1252 3656 1322 εὕρισκε,
3685 1249 3775 1300 τοῦ

2223 1357 2512 1410 ἀκολούθου
2561 1353 2709 1422 αὑτῷ
2758 1346 3274 1420 συμϐουλεύσαντος,
3307 1340 3610 1408 εἰσέρχεται
3648 1334 3776 1402 πρὸς

2222 1446 2311 1497 τὸν
2337 1441 2587 1513 Σαμουὴλ
2633 1419 2922 1510 ἐρωτήσων
2961 1435 3088 1504 περὶ
3115 1430 3302 1484 αὑτοῦ.
3345 1428 3383 1479 Γ
3387 1424 3599 1493 νωρίζει
3623 1419 3778 1473 αὑτὸν

2222 1533 2250 1584 6
2283 1508 2516 1598 Θεὸς-τῷ
2542 1508 2793 1596 Σαμουὴλ
2823 1524 3016 1591 λέγων,
3051 1522 3131 1573 ὅτι
3173 1515 3373 1570 Τοῦτον
3405 1514 3590 1581 χρῖσον
3627 1508 3777 1577 βασι-

2223 1619 2338 1672 λέα.
2369 1594 2679 1686 Προσῆλθεν
2715 1594 2935 1665 ὁγΣαοὺλ
2980 1606 3196 1678 ἐρωτῶν
3237 1602 3328 1654 τὸν
3379 1596 3647 1666 Σαμουὴλ,
3679 1594 3777 1646 ποῦ

2224 1703 2307 1772 εἴη
2337 1705 2364 1756 6
2398 1681 2610 1772 βλέπων
2629 1716 2642 1731 °
2679 1699 2821 1752 οὕτω
2845 1697 2953 1765 γάρ
2981 1693 3208 1748 ἐκάλουν
3236 1689 3361 1748 τοὺς
3387 1687 3685 1754 προφήτας.
3723 1681 3778 1730 'U

2224 1769 2426 1860 66km,
2457 1788 2617 1841 αὐτὸν
2655 1781 2818 1847 εἶναι,
2872 1783 2964 1835 καὶ
2998 1775 3285 1846 ἀναγαγὼν
3311 1772 3470 1827 αὑτὸν
3518 1770 3596 1832 εἰς
3629 1769 3779 1833 Βαμᾶ

2227 1854 2419 1947 (θυσία
2449 1874 2556 1945 γάρ
2577 1869 2646 1944 ὴν
2671 1873 2748 1941 τῷ
2788 1869 2958 1939 λαῷ),
3008 1867 3100 1920 καί
3126 1861 3400 1922 ἑστιάσας,
3432 1857 3536 1909 ὑπὸ
3589 1856 3686 1922 τὴν
3709 1854 3782 1903 Ern

2226 1961 2497 2015 κατελθὼν
2533 1960 2646 2030 μετ’
2679 1955 2842 2022 αὑτρῦ
2873 1953 3125 2022 κατέχεεν
3154 1946 3318 2002 αὐτοῦ
3353 1944 3444 1997 τὸν
3475 1939 3643 2012 φακὸν
3689 1937 3779 1990 τοῦ

2226 2048 2424 2111 ἐλαίου,
2455 2047 2548 2099 καὶ
2579 2043 2951 2112 καταφιλήσας
2967 2036 3126 2090 αὐτὸν
3154 2030 3305 2087 εἶπεν
3335 2029 3500 2098 αὐτῷ,
3536 2030 3616 2081 ὅτι
3652 2027 3780 2092 Ἀρ-

2225 2134 2334 2200 ξεις
2354 2134 2446 2187 τοῦ
2475 2131 2626 2194 λαοῦ,
2655 2130 2748 2184 καί⁵
2775 2126 2973 2198 σημεῖά
2995 2141 3115 2177 τινα
3135 2122 3256 2184 δοὺς
3276 2115 3576 2186 ἐξέπεμψεν
3601 2113 3778 2172 αὐτὸν,

2226 2198 2317 2277 καὶ
2347 2221 2747 2294 προεφήτευσεν
2777 2219 2805 2270 6
2827 2213 3016 2267 Σαούλ.
3064 2208 3213 2282 [⁸545]
3251 2207 3458 2277 Ἐρωτᾷ
3493 2203 3581 2257 τὸν
3614 2198 3781 2252 Σαοὺλ

2225 2311 2252 2363 6
2279 2285 2472 2371 οίκείος
2495 2285 2681 2368 αύτοῢ,
2706 2303 2806 2355 ποῦ
2828 2299 3064 2370 ἀπῆλθεν
3089 2310 3103 2328 δ
3135 2297 3163 2347 6
3195 2293 3250 2347 δέ
3277 2289 3448 2345 εἷπεν·
3487 2290 3576 2349 El;
3604 2285 3782 2352 ἐπιζήυ

2225 2413 2378 2464 τὴσιν
2404 2395 2509 2445 τῶν
2533 2394 2687 2445 δνων.
2711 2389 3005 2454 Συνάγεται
3033 2385 3061 2435 6
3082 2381 3207 2441 λαὸς
3235 2379 3313 2439 είς
3335 2375 3611 2442 Μασσηφᾶ
3627 2388 3641 2403 ο
3669 2389 3780 2439 χει-

2232 2483 2522 2551 ροτονεῖται
2549 2476 2738 2530 Σαούλ.
2775 2471 3160 2528 Ἐπανίσταται
3186 2467 3214 2517 6
3262 2459 3605 2532 Ἀμμανιτῶν
3640 2458 3782 2527 βασι-

2227 2544 2349 2630 λεὺς
2375 2570 2486 2631 τοῖς
2508 2563 2856 2624 Γαλααδίταις
2877 2575 2889 2588 '
2918 2554 3304 2628 πρεσϐεύονται
3333 2551 3466 2620 πρὸς
3485 2548 3572 2600 τὸν
3595 2544 3781 2597 Σαούλ·

2229 2654 2396 2708 ἐλθὼν
2438 2653 2810 2723 συνεμάχησεν
2839 2647 3039 2709 αὐτοῖς,
3090 2641 3183 2694 καὶ
3213 2635 3327 2691 εἷλε
3354 2636 3477 2698 τοὺς
3505 2632 3786 2702 πολεμίους

2231 2743 2371 2796 κατὰ
2402 2721 2618 2813 κράτος.
2653 2734 2994 2806 Εὑωχοῦνται
3045 2733 3101 2783 ἐν
3130 2724 3446 2793 Γαλγάλοις.
3493 2722 3602 2774 Καὶ
3651 2721 3786 2790 δημο

2231 2832 2419 2901 ηγορεῖ
2441 2807 2579 2899 πρὸς
2603 2825 2692 2878 τὸν
2724 2823 2850 2876 λαὸν
2870 2823 2898 2873 ό
2927 2813 3330 2888 Σαμουήλ.Τότε
3355 2809 3522 2875 λέγει·
3547 2807 3790 2872 Μόσχον

2228 2896 2388 2983 εὐθύς
2416 2896 2653 2984 εἴληφα,
2699 2912 2734 2979 ἢ
2777 2911 2918 2964 ὄνον
2946 2906 3107 2971 τινὸς
3134 2904 3384 2969 sunga;
3418 2896 3788 2966 Παραγγείλας

2231 3008 2284 3060 δέ
2307 3005 2486 3066 αὐτοῖς
2511 2999 2802 3055 ὑπακούειν
2829 2996 2905 3066 τῷ
2951 2993 3090 3062 Θεῷ,
3139 2991 3373 3061 εθχεται,
3427 2986 3520 3038 καὶ
3554 2984 3706 3045 ὑετὸς
3734 2983 3790 3032 ἐν

2231 3092 2409 3161 ἡμέρα
2436 3085 2693 3158 θερισμοῦ
2720 3085 2944 3152 γίνεται.
2988 3075 3258 3146 Ἐφοϐήθη
3283 3076 3310 3126 6
3338 3072 3483 3134 λαὸς,
3519 3072 3612 3121 καὶ
3645 3068 3789 3134 ὠμοο

2231 3154 2464 3245 λόγησσν
2494 3154 2867 3243 ήμαρτηκέναι
2896 3167 3214 3236 αίτήσαντες
3247 3158 3485 3229 βασιλέα.
3525 3156 3583 3206 '0
3612 3155 3666 3205 δὲ
3692 3154 3791 3205 Σα-

2238 3263 2405 3333 μουὴλ
2434 3260 2595 3315 πάλιν
2615 3257 2885 3324 παραινεῖ,
2910 3251 3051 3305 ὥστε
3077 3245 3389 3302 ἀκολουθεῖν
3409 3244 3518 3302 τοῖς
3542 3239 3633 3291 τοῦ
3660 3237 3792 3290 Θεοῦ

2235 3324 2666 3420 προστάγμασιν.
2698 3342 2900 3396 Κόπτει
2944 3338 3066 3399 τοὺς
3104 3330 3431 3400 ἀλλοφύλους
3464 3330 3492 3378 6
3514 3324 3702 3378 Σαούλ.
3733 3324 3795 3375 Οἱ

2233 3411 2292 3492 δέ
2314 3411 2731 3506 παροξυνθέντες
2757 3424 3201 3498 ἐπιστρατεύουσι
3227 3419 3362 3489 μετά
3380 3413 3619 3475 πλείονος
3642 3411 3795 3464 δυνάο

2238 3497 2408 3596 μεως..
2429 3497 2722 3587 Φεύγουσιν
2752 3517 2800 3568 οί
2833 3497 3183 3582 Ἰσραηλῖται,
3212 3501 3677 3572 καταλιμπάνεται
3703 3497 3794 3566 μό-

2237 3585 2322 3673 νος
2398 3585 2584 3662 Σαούλ.
2627 3602 2910 3672 Ἀναφέρει
2937 3597 3296 3652 ὁλοκαύτωσιν
3329 3591 3406 3658 τῷ
3434 3587 3572 3655 Θεῷ,
3609 3585 3682 3653 μὴ
3711 3597 3798 3634 πε-

2239 3698 2482 3768 ριμείνας
2513 3694 2604 3745 τὸν
2635 3687 2882 3761 Σαμουὴλ
2906 3726 2921 3749 ,
2957 3683 3267 3753 περιμεῖναι
3303 3677 3360 3729 δέ
3399 3673 3545 3742 αὐτῷ
3587 3686 3801 3740 παρηγ-

2239 3757 2440 3852 γέλκει.
2482 3757 2738 3849 Ἔρχεται
2787 3777 2814 3828 6
2868 3769 3141 3840 Σαμουὴλ,
3194 3761 3532 3833 δυσχεραίνει
3565 3759 3700 3829 πρὸς
3739 3757 3804 3808 τὸ

2240 3843 2479 3939 γεγονὸς,
2514 3843 2726 3920 ἀπειλεῖ
2758 3860 2905 3930 αὑτῷ
2933 3855 3227 3911 κατάλυσιν
3270 3851 3368 3919 τῆς
3400 3845 3670 3917 βασιλείας
3708 3843 3804 3895 a6-

2241 3929 2332 4010 τού
2359 3972 2372 3985 ·
2405 3929 2482 4016 είς
2504 3952 2611 4022 γὰρ
2636 3951 2819 4019 ἕτερον
2845 3945 3014 4015 αὐτὴν
3055 3934 3463 4012 μετατίθεσθαι·
3518 3933 3610 3985 τὸν
3644 3929 3805 3983 Δαυῖδ

2243 4045 2365 4112 ἐφη.
2390 4017 2716 4108 Καθημένου
2734 4017 2836 4087 τοῦ
2861 4030 3033 4086 Σαοὺλ
3064 4031 3121 4080 ἐν
3151 4025 3227 4096 τῷ
3260 4022 3449 4093 βουνῷ,
3483 4019 3578 4072 καὶ
3611 4017 3803 4080 ἐξακο-

2243 4103 2370 4184 σίων
2397 4127 2512 4198 μετ’
2536 4103 2720 4187 αὐτοῦ,
2751 4121 2923 4191 λάθρα
2968 4114 3219 4170 Ἰωνάθαν
3259 4113 3287 4164 6
3331 4109 3442 4171 υίὸς
3469 4104 3631 4159 αὑτοῦ
3669 4103 3806 4172 μετά

2241 4217 2336 4272 τοῦ
2372 4195 2501 4270 ἰδίου
2531 4210 2716 4273 παιδὸς
2746 4205 2983 4261 ἐπελθὼν
3006 4206 3116 4266 τοῖς
3134 4201 3364 4271 ἐχθροῖς,
3397 4195 3608 4264 ἀναιρεῖ
3629 4206 3802 4252 τινας.

2257 4304 2400 4359 ἰδὼν
2430 4303 2485 4355 δὲ
2509 4298 2733 4368 ἀντικρὺ
2761 4297 2789 4350 6
2821 4293 3009 4355 Σαοὺλ,
3043 4291 3135 4343 καὶ
3162 4283 3582 4356 τεταραγμένοις
3609 4280 3805 4330 ἐπιπε-

2246 4392 2372 4455 σὼν,
2404 4390 2530 4458 νικᾷ
2560 4364 2698 4438 κατά
2752 4383 2971 4452 κράτος,
3027 4377 3120 4428 καὶ
3176 4374 3378 4442 ῶρκισε
3413 4369 3617 4439 μηδένα
3661 4364 3807 4427 τινὸς

2245 4451 2538 4546 γεύσασθαι
2567 4473 2668 4533 ἕως
2704 4451 2961 4538 ἑσπέρας.
2997 4465 3055 4516 '0
3090 4460 3342 4514 ἰωνάθαν
3375 4456 3473 4508 οὐκ
3498 4451 3808 4512 ἐπακούσας

2247 4534 2508 4632 ἐγεύσατο
2534 4558 2766 4628 μέλιτος.
2792 4534 3155 4621 Προσέρχεται
3181 4547 3207 4596 6
3237 4541 3405 4595 Σαοὺλ
3431 4539 3698 4607 ἐρωτῆσαι
3719 4534 3815 4586 τὸν

2247 4625 2399 4712 Θεὸν,
2425 4651 2471 4701 εί
2499 4625 2606 4698 δέοι
2643 4640 2921 4703 ἐπιδιῶξαι
2943 4637 3114 4689 ὀπίσω
3139 4632 3247 4685 τῶν
3277 4628 3506 4700 ἐχθρῶν.
3537 4626 3649 4677 Οὐκ
3671 4625 3814 4677 ἀπο-

2248 4709 2487 4809 κρίνεται
2520 4730 2667 4801 αὐτῷ
2709 4732 2738 4783 6
2768 4727 2916 4788 Θεός.
2967 4722 3206 4790 Συνῆκεν
3255 4717 3555 4787 ἁμάρτημα
3592 4709 3816 4779 γεγενῆο

2250 4799 2372 4878 σθαι
2393 4826 2449 4876 ἐν
2478 4819 2553 4888 τῷ
2583 4799 2713 4885 λαῷ.
2762 4815 2846 4874 Ὡς
2883 4812 2938 4864 δέ
2967 4807 3246 4876 ἀνεδείχθη
3290 4800 3560 4860 Ίωνάθαν,
3598 4799 3816 4865 ἕτοιμος

2249 4909 2318 4982 ἦν
2339 4909 2496 4962 αὑτὸν
2526 4883 2761 4958 ἀνελεῖν.
2799 4900 2856 4952 '0
2890 4897 2944 4950 δὲ
2974 4894 3100 4956 λαὸς
3125 4891 3358 4957 ἐξείλετο
3391 4885 3552 4940 αὑτὸν
3571 4883 3679 4936 τῶν
3700 4899 3821 4950 χει-

2257 4969 2361 5070 ρῶν
2392 4991 2577 5048 αὑτοῦ.
2608 4984 2977 5058 Παραγγέλλει
2999 4984 3026 5035 ό
3056 4977 3306 5048 Σαμουὴλ
3343 4973 3419 5043 τῷ
3447 4971 3636 5034 Σαοὺλ,
3670 4969 3821 5020 ὥστε

2255 5055 2706 5149 καταπολεμῆσαι
2763 5055 2856 5126 τὸν
2923 5067 3168 5138 Ἀμαλὴκ
3192 5106 3206 5128 ,
3269 5062 3363 5114 καὶ
3423 5055 3823 5127 ἀναθεματίσαι

2256 5175 2451 5232 πάντα,
2488 5145 2832 5237 καλνμηδενὸς
2863 5155 3170 5227 φείσασθαι.
3206 5154 3261 5206 'O
3291 5152 3343 5203 δέ
3369 5149 3699 5218 παρήκουσε,
3719 5145 3827 5196 καὶ

2258 5232 2680 5330 περιεποιήσατο
2711 5251 2799 5302 τὸν
2849 5245 3016 5310 Ἀγάγ
3068 5241 3158 5292 τὸν
3211 5236 3429 5306 βασιλέα
3476 5233 3684 5295 αὐτῶν,
3722 5232 3827 5280 καὶ

2260 5317 2502 5416 ποίμνια,
2531 5317 2622 5394 καὶ
2651 5336 2918 5409 βουκόλια.
2967 5328 3164 5383 Ἐλθὼν
3191 5323 3328 5378 εἶδεν
3356 5327 3382 5375 6
3413 5319 3679 5390 Σαμουὴλ,
3706 5317 3830 5382 ὠρο

2259 5404 2441 5502 γίσθη,
2469 5404 2557 5483 καί
2591 5404 2783 5496 φησιν’
2827 5423 2907 5473 Οὐ
2942 5418 3094 5471 θέλει
3132 5413 3344 5480 Κύριος
3383 5404 3830 5468 ὁλοκαυτώσεις

2262 5490 2358 5574 καὶ
2397 5490 2752 5582 fabulae-{(1);
2788 5510 2850 5562 τὸ
2889 5504 3145 5561 ἀκυῦσιιι
3187 5499 3294 5567 τῆς
3333 5494 3535 5565 φωνῆς
3597 5490 3789 5545 αὐτοῦ
3813 5509 3828 5519 ·

2325 5699 2346 5726 ε
2381 5695 2666 5744 Ἀπώλοντο,
2689 5689 2756 5736 sic
2779 5688 2826 5735 in
2865 5686 3004 5734 textu
3040 5681 3136 5726 τῶν
3171 5679 3244 5736 0',
3281 5675 3329 5723 id
3373 5677 3466 5729 est,
3516 5666 3831 5727 aberrabunl,

2262 5753 2524 5818 deperdin
2548 5755 2698 5802 cram.
