4096 6524
368 442 470 495 341

375 558 515 610 enim
546 557 617 608 illi
647 555 890 607 mulieres
921 552 1203 618 habebant,
1239 552 1432 619 ﬁliique
1455 550 1932 618 lsraeljnraxcrant

377 663 434 699 se
465 647 596 698 ﬁlias
635 659 756 697 suas
783 659 885 696 non
915 643 1040 711 ipsis
1071 642 1119 694 in
1144 657 1335 694 uxores
1361 641 1574 693 daturos
1611 641 1775 708 esse),
1800 641 1930 693 oeci-

377 737 449 789 sis
477 737 578 788 illis
604 736 831 803 quicum
857 735 986 802 ipsis
1033 734 1227 787 bellum
1273 747 1376 785 non
1432 741 1706 800 gesserant
1751 740 1932 783 contra

382 826 720 893 Benjamitas,
745 825 950 877 illorum
972 824 1108 876 ﬁlias
1129 823 1358 891 virgines
1381 822 1786 890 quadringentas
1809 820 1933 887 ipsis

381 917 681 969 dederunt:
709 930 824 967 cttm
856 922 1030 966 autem
1060 911 1255 966 residui
1306 921 1483 965 essent
1519 911 1606 979 qui
1641 927 1740 963 nott
1779 910 1935 962 habe-

381 1017 501 1060 rent
546 1019 736 1058 uxores
761 1044 774 1064 ,
806 1003 930 1056 dum
957 1002 1143 1054 festum
1177 1000 1557 1063 celebraretur,
1586 1001 1936 1066 permiserunt

376 1101 457 1153 eis
489 1107 544 1152 ut
571 1098 798 1170 virgines
818 1102 1082 1163 raperent,
1111 1093 1288 1146 insciis
1315 1093 1634 1160 parentibus.

867 1216 1098 1257 SYNOPSIS
1126 1217 1258 1254 LIBRI
1291 1215 1445 1253 ηυτιι.

449 1315 724 1370 Noemmin
745 1356 760 1380 ,
788 1313 901 1366 viro
929 1326 1028 1365 suo
1052 1311 1275 1378 ﬁliisque
1306 1309 1524 1363 mortuis
1545 1349 1559 1372 ,
1590 1317 1826 1362 cessante
1857 1307 1935 1360 fa-

379 1420 466 1458 ntc
487 1445 501 1468 ,
533 1404 601 1457 ob
628 1418 781 1471 quam
813 1402 864 1454 in
895 1399 1224 1454 Moabitidem
1265 1399 1729 1466 transmigravcrat
1751 1438 1764 1461 ,
1798 1398 1938 1450 venit

378 1495 432 1546 in
455 1493 708 1555 Judzeam,
733 1494 949 1559 ejusque
967 1491 1131 1544 altera
1161 1505 1343 1553 nurus,
1368 1491 1474 1556 ipsa
1496 1488 1770 1549 suadente,
1795 1503 1939 1540 man-

375 1585 449 1636 sit
475 1585 526 1636 itt
556 1581 868 1643 Moabitide;
896 1581 1058 1633 altera
1089 1594 1213 1633 vero
1233 1619 1247 1643 ,
1277 1579 1358 1630 cui
1400 1592 1589 1631 nomen
1629 1577 1766 1629 Ruth
1791 1615 1807 1640 ,
1839 1577 1936 1643 ipsi

375 1673 559 1726 multis
599 1671 822 1724 hortanti
865 1679 919 1722 ut
959 1677 1225 1731 maneret,
1265 1683 1367 1721 non
1406 1667 1816 1735 obtemperavit,
1844 1665 1937 1718 sed

377 1772 603 1830 sequuta
642 1769 724 1815 est
764 1761 927 1813 illam.
969 1759 1254 1826 Nupsitque
1281 1759 1487 1821 Boozo,
1515 1758 1603 1826 qui
1632 1756 1803 1810 affinis
1828 1764 1940 1810 erat

374 1852 672 1914 Noemmin,
700 1861 754 1905 et
780 1851 980 1920 peperit
1003 1849 1170 1915 Obed,
1195 1849 1340 1904 Obed
1369 1857 1543 1902 autem
1569 1847 1752 1912 Jessai,
1777 1847 1937 1901 Jessze

384 1943 548 1998 David
577 1957 774 2012 regem.

605 2067 840 2108 SYNOPSIS
866 2067 1108 2117 QUATUﬂR
1135 2067 1391 2106 ωΒῐιοῐιυιι
1421 2065 1714 2105 REGNORUM.

455 2165 646 2217 Elrana
685 2178 872 2216 uxores
914 2161 1110 2214 habens
1139 2161 1269 2213 duas
1289 2202 1304 2224 ,
1333 2176 1398 2213 ex
1426 2159 1589 2212 altera
1620 2173 1722 2211 non
1757 2171 1936 2210 susce-

374 2262 531 2320 perat
567 2253 776 2306 liberos.
812 2251 876 2306 Ut
910 2261 1082 2304 antem
1125 2249 1358 2304 ascendit
1395 2249 1738 2302 sacriﬁcatum
1770 2248 1818 2299 itt
1846 2247 1938 2302 Sc-

375 2345 511 2405 lnm,
543 2355 785 2409 precatur
812 2343 896 2395 illa
926 2342 1131 2402 mulier,
1160 2351 1211 2394 et
1242 2340 1374 2408 parit
1401 2339 1716 2400 Samnelent,
1747 2339 1940 2407 ipsum-

375 2449 486 2502 que
529 2433 673 2485 dedit
707 2433 771 2485 ad
821 2431 1031 2484 domum
1078 2431 1278 2484 Domini
1329 2440 1578 2498 perpetuo
1601 2471 1616 2495 ,
1647 2440 1700 2482 ut
1731 2437 1941 2482 voverat

375 2531 662 2590 antequam
690 2521 832 2574 illum
853 2522 1171 2588 conciperet.
1196 2519 1340 2571 'l‘unc
1363 2528 1533 2571 autem
1556 2518 1801 2571 sacerdos
1829 2528 1940 2571 erat

377 2613 482 2665 Eli.
517 2611 625 2663 Filii
665 2620 837 2664 autem
877 2611 954 2664 Eli
977 2651 990 2673 ,
1032 2609 1202 2678 Opltni
1241 2619 1295 2664 ct
1331 2609 1587 2671 Phinees,
1620 2608 1858 2661 scelerati
1888 2617 1938 2660 et

376 2701 605 2768 itnprobi
647 2701 866 2768 juvenes
892 2709 1071 2764 erant,
1098 2701 1186 2768 qui
1215 2699 1281 2752 de
1307 2698 1528 2752 victimis
1561 2707 1736 2767 partes
1760 2712 1936 2751 sume-

372 2793 510 2845 bant
546 2802 823 2860 antequam
863 2791 1173 2844 olTerrentur
1199 2790 1322 2843 Deo.
1357 2789 1433 2842 Eli
1463 2799 1633 2842 autem
1675 2787 1940 2842 benedixit.

372 2882 621 2944 Annam,
653 2896 768 2949 qua:
797 2889 904 2934 tres
929 2879 1098 2932 adhuc
1133 2879 1261 2932 ﬁlios
1291 2878 1505 2941 habuit,
1533 2886 1587 2931 et
1610 2876 1740 2931 duas
1771 2877 1935 2940 lilias,

372 2971 696 3039 Samnelque
739 2971 787 3023 in
827 2970 1017 3023 virtute
1062 2968 1386 3038 proﬁciebat.
1431 2967 1509 3020 Eli
1555 2981 1710 3035 porro
1749 2967 1938 3019 auditis

375 3062 608 3114 li-liornm
638 3059 951 3113 facinoribus
973 3057 990 3126 (
1012 3056 1405 3110 moechabantur
1427 3056 1564 3110 enim
1585 3057 1625 3124 ),
1656 3055 1939 3123 increpavit

372 3167 477 3203 cos
504 3149 696 3214 verbo;
730 3149 801 3202 illi
832 3163 957 3202 vero
1000 3163 1102 3201 non
1142 3148 1591 3214 obtemperarunt.
1634 3145 1938 3198 Prmdicitur

375 3239 464 3293 illi
496 3239 750 3305 pernicies
772 3237 960 3290 domus
984 3253 1090 3290 suae
1116 3246 1168 3290 et
1198 3236 1421 3289 ﬁliorum
1454 3237 1520 3289 ob
1560 3244 1825 3303 peccatum
1849 3236 1934 3302 ju-

369 3345 595 3382 venem.
625 3329 853 3381 Samtteli
889 3342 1094 3396 quoque
1131 3326 1467 3380 denuntiatur
1503 3324 1828 3392 inexpiabilis
1863 3324 1937 3377 ira

371 3420 475 3473 Dei
507 3435 520 3482 ;
556 3419 602 3470 id
646 3419 743 3486 ipsi
787 3417 996 3472 Samuel
1036 3417 1322 3471 denuntiat.
1370 3417 1605 3485 Pugnant
1634 3415 1937 3483 alienigena:

369 3523 502 3561 cum
530 3507 736 3573 lsraele,
760 3523 910 3576 quem
939 3522 1127 3560 czrsnm
1152 3508 1200 3560 itt
1226 3506 1398 3576 fugam
1422 3515 1646 3559 vertunt.
1676 3505 1740 3559 Ut
1764 3515 1936 3558 autem

372 3613 555 3652 arcam
582 3598 874 3652 ednxeruot
915 3599 1000 3650 lilii
1043 3597 1153 3662 Eli,
1184 3597 1278 3665 ipsi
1310 3596 1503 3649 cadunt
1543 3597 1595 3649 in
1641 3595 1777 3649 bello
1819 3609 1937 3647 cum

371 3690 498 3742 aliis
529 3691 700 3740 multis
721 3730 735 3750 ,
764 3704 936 3741 arcam
979 3703 1100 3740 vero
1144 3688 1354 3754 capiunt
1393 3686 1590 3740 hostes.
1619 3687 1768 3741 Venit
1798 3687 1938 3753 quis-

374 3781 520 3847 piam
550 3782 634 3847 qui
675 3779 785 3832 hinc
823 3782 1142 3832 renuntiaret
1181 3777 1294 3840 Eli;
1327 3778 1413 3829 ille
1443 3792 1568 3830 vero
1597 3793 1660 3829 ex
1693 3776 1816 3830 sella
1846 3777 1938 3830 de-

373 3872 562 3936 lapsus
588 3874 794 3921 attritus
829 3877 909 3921 est
947 3875 1000 3919 et
1025 3867 1152 3919 obiit
1181 3884 1193 3920 :
1223 3875 1424 3918 mortua
1468 3879 1671 3934 quoque
1709 3874 1788 3918 est
1827 3865 1937 3932 ejus

372 3973 547 4013 uurus
573 3975 690 4012 cum
724 3959 833 4012 hanc
863 3957 1076 4010 audivit.
1111 3956 1396 4009 lntulcrnnt
1424 3956 1730 4026 alienigena:
1759 3970 1934 4010 arcam

371 4051 435 4102 itt
463 4049 672 4100 domum
703 4048 943 4116 Dagonis,
971 4045 1058 4115 qni
1087 4044 1328 4113 delapsus
1355 4053 1434 4097 est
1461 4045 1537 4099 bis
1566 4056 1617 4098 et
1641 4045 1937 4100 confractus

371 4139 496 4191 1ἰιὶι.
533 4137 767 4190 Percussi
809 4147 928 4188 sunt
956 4138 1110 4190 etiam
1142 4136 1237 4187 viri
1277 4136 1328 4188 itt
1371 4135 1658 4203 podicibus.
1691 4136 1747 4188 lli
1783 4151 1936 4202 porro

369 4237 534 4283 erant
562 4229 723 4280 Azotii
745 4269 757 4290 ,
791 4238 842 4281 ct
873 4241 1045 4281 mures
1073 4227 1285 4296 protulit
1318 4227 1522 4279 illorum
1558 4241 1699 4293 ager.
1732 4227 1936 4279 Mittunt

367 4335 555 4374 aream
587 4320 635 4370 in
664 4319 798 4372 Gcth
823 4335 836 4382 ;
869 4319 917 4370 hi
945 4333 1149 4386 quoque
1179 4317 1339 4385 plagis
1367 4317 1534 4371 allecti
1561 4325 1698 4370 sunt.
1729 4317 1937 4371 Mittunt

367 4423 590 4475 quoque
621 4409 758 4460 illam
790 4407 1138 4462 Ascalonem:
1167 4416 1219 4461 et
1246 4407 1350 4461 illic
1376 4422 1579 4476 quoque
1615 4421 1755 4460 mors
1786 4423 1936 4476 gras-

367 4507 550 4554 satur.
579 4500 977 4554 Consnlentibus
1012 4508 1184 4552 autem
1226 4499 1432 4551 illorum
1462 4499 1694 4558 vatibus,
1728 4499 1939 4566 podices

365 4604 598 4650 aureos,
629 4605 906 4656 murosque
939 4604 1123 4642 aureos
1151 4588 1397 4653 conflant,
1430 4598 1481 4640 et
1508 4589 1739 4656 plaustro
1767 4589 1935 4657 impo-

366 4681 511 4735 sitos
537 4694 650 4732 cum
680 4695 820 4742 area,
850 4695 1033 4732 vaccas
1068 4680 1269 4748 jugant,
1298 4694 1514 4747 quarum
1545 4679 1730 4730 vitulos
1759 4680 1807 4731 in
1838 4679 1936 4732 do-

367 4772 621 4827 muncula
650 4771 983 4825 concludunt.
1011 4771 1115 4822 illa:
1141 4785 1266 4822 vero
1293 4778 1428 4822 recta
1459 4769 1536 4820 via
1571 4778 1938 4835 processerunt

368 4868 434 4919 in
465 4865 787 4932 Bethsamys.
819 4862 1093 4930 Excipiunt
1124 4861 1262 4912 illam
1294 4859 1387 4911 viri
1417 4859 1553 4911 illius
1585 4860 1679 4912 loci
1703 4899 1714 4919 ,
1746 4869 1798 4912 ct
1833 4860 1936 4913 Deo

365 4954 706 5017 sacrilicanl,
749 4952 1039 5005 videntibus
1079 4949 1483 5016 alienigenarum
1529 4949 1767 5015 satrapis.
1806 4948 1935 5002 Cum

366 5059 507 5098 vero
537 5059 634 5095 non
668 5043 864 5110 placide
895 5042 1211 5108 exciperent,
1237 5040 1283 5091 id
1309 5048 1406 5101 est,
1434 5053 1534 5090 non
1568 5054 1666 5089 una
1699 5039 1937 5092 laetaren-

368 5151 465 5191 tttr
491 5135 577 5188 lilii
604 5133 888 5195 Jeehonim,
925 5135 1067 5199 plaga
1101 5147 1284 5199 magna
1319 5130 1561 5196 populum
1596 5129 1791 5181 invadit
1818 5129 1891 5196 (ιι)
1921 5147 1934 5183 :

364 5244 440 5282 ac
468 5235 759 5279 metuentes
788 5222 818 5274 ii
844 5261 858 5286 ,
890 5221 976 5290 qui
1019 5221 1330 5288 Bethsamyn
1368 5217 1694 5280 incolebant,
1723 5219 1936 5269 mittunt

362 5334 551 5373 arcam
585 5319 633 5370 itt
663 5315 876 5368 domum
906 5311 1214 5363 Atninadab.
1248 5310 1394 5362 'l‘nnc
1434 5306 1676 5361 conversi
1718 5315 1837 5357 sunt
1869 5307 1933 5359 ad

369 5414 540 5464 Deum
570 5404 816 5461 Israelita!
836 5444 848 5465 ,
878 5410 928 5454 et
959 5399 1278 5467 alienigenas
1308 5399 1402 5451 sibi
1434 5397 1623 5450 bellum
1653 5395 1935 5448 inferentes

363 5503 671 5575 profligant,
701 5492 946 5550 Samuele
975 5507 1065 5558 pro
1105 5490 1228 5558 ipsis
1255 5498 1458 5552 orante,
1489 5496 1541 5540 et
1565 5495 1814 5554 ceperunt
1843 5501 1930 5537 ur-

431 5612 500 5666 (η)
527 5620 641 5664 Quae
660 5604 886 5666 dit-untur
908 5599 969 5645 tle
986 5597 1372 5666 liliis_tecltotti:e,
1392 5609 1484 5642 nott
1509 5594 1680 5662 suntin
1707 5593 1934 5666 Hebraith

361 5655 500 5724 [vitii
523 5655 651 5725 {sed
691 5665 799 5711 iure
837 5661 972 5725 plaga
1015 5659 1327 5725 liethsanntas
1358 5664 1559 5715 spectat.
1599 5656 1678 5714 qui
1715 5655 1932 5725 sacriﬁcia

359 5718 558 5796 ;I,,,',’,,..‘,.
596 5735 649 5774 et
677 5718 892 5788 vietitnas‘
915 5718 1220 5786 obtulerunt,
1243 5718 1327 5766 sed
1355 5731 1566 5778 pet‘eusst
1605 5724 1762 5762 tamen
1803 5720 1930 5768 sunt,

359 5780 567 5857 (3.1.40.1
594 5786 823 5838 vidissent
848 5795 1010 5830 uicum
1037 5780 1236 5828 Domini.

1449 440 1769 496 SYNUI’SIS
1806 439 2208 494 διξιιιινιυιιίις
2245 440 2514 494 ΒΜΖΗΛΞ.

3491 452 3600 504 342

2035 552 2158 613 bes,
2195 567 2323 619 quas
2373 552 2468 605 sibi
2512 551 2852 604 abstulerant.
2892 550 3022 602 Cum
3070 564 3192 602 vero
3234 550 3596 603 consenuisset

2033 639 2275 701 Samuel,
2312 640 2502 708 filiique
2541 639 2654 708 ejus
2695 655 2796 692 non
2841 639 3169 694 ambularent
3199 640 3247 691 itt
3278 639 3356 690 via
3390 641 3586 706 ipsius,

2033 732 2329 798 congregati
2357 731 2520 783 .lnda-i
2551 746 2724 799 regem
2752 738 2950 796 petunt.
2976 730 3162 783 Dolore
3185 729 3280 782 hac
3300 730 3365 782 de
3387 746 3442 783 re
3463 729 3588 782 alle-

2035 829 2149 873 ctus
2174 831 2254 873 cst
2275 821 2505 883 Samuel,
2536 822 2711 888 aitque
2742 820 2814 872 illi
2858 820 2992 874 Deus
3025 837 3038 873 :
3071 819 3186 872 Non
3217 829 3262 873 te
3289 830 3591 889 contempse-

2037 921 2151 962 runt
2171 952 2184 974 ,
2215 911 2297 963 sed
2324 927 2414 963 me.
2449 910 2558 962 Hoc
2593 912 2752 977 itaque
2780 912 3013 976 testiﬁcor
3049 910 3169 976 ipsis
3190 950 3204 974 ,
3231 910 3321 977 jus
3359 911 3486 978 regis
3515 909 3592 978 (Ι.

2039 1000 2162 1068 Reg.
2195 1001 2244 1054 8.
2275 1001 2326 1052 7.
2356 1001 2412 1066 9)
2443 1019 2454 1052 :
2487 1000 2534 1052 id
2561 1010 2638 1054 est
2658 1040 2672 1064 ,
2703 1008 2951 1068 quantum
2990 999 3055 1053 ab
3088 999 3212 1066 ipsis
3241 999 3587 1052 ministerium

2038 1090 2276 1156 accipere
2302 1105 2389 1142 rex
2416 1089 2619 1143 debeat.
2651 1089 2858 1142 Samuel
2886 1087 3190 1142 testiﬁcatus
3217 1096 3296 1140 est
3324 1105 3336 1139 :
3369 1087 3442 1142 illi
3467 1103 3591 1141 vero

2043 1190 2277 1245 petentes
2306 1179 2584 1232 instabant.
2619 1178 2910 1245 Deperditae
2939 1186 3086 1231 erant
3122 1177 3283 1230 asina:
3317 1176 3405 1230 liis
3432 1182 3592 1244 patris

2040 1268 2160 1324 Saiil
2195 1288 2206 1322 :
2237 1269 2377 1324 misit
2418 1270 2557 1322 illttm
2600 1279 2775 1337 pater,
2812 1269 2898 1337 qui
2938 1268 3050 1323 illas
3091 1268 3430 1336 perquireret.
3456 1265 3585 1318 Cum

2040 1369 2212 1414 autem
2242 1376 2343 1413 non
2374 1360 2662 1424 inveniret,
2691 1359 2993 1412 Consulente
3022 1358 3213 1411 famulo
3238 1371 3333 1411 suo
3361 1355 3468 1409 adit
3489 1356 3554 1410 Sa
3573 1387 3587 1396 -

2041 1449 2293 1512 mnclcm,
2322 1449 2676 1503 seiscitaturus
2704 1449 2770 1504 de
2801 1463 2858 1503 re
2892 1449 2993 1501 illa.
3029 1448 3197 1517 Ipsum
3234 1446 3426 1501 indicat
3455 1449 3589 1500 Deus

2038 1537 2263 1592 Samueli
2301 1537 2479 1591 dicens
2509 1555 2520 1588 :
2555 1538 2700 1591 llnnc
2735 1539 2925 1606 inunge
2967 1553 3162 1606 regem.
3201 1537 3433 1591 Accessit
3462 1537 3584 1590 Saiil

2040 1626 2333 1682 Samuelem
2378 1627 2702 1694 interrogans
2726 1668 2738 1690 ,
2779 1627 2866 1680 ubi
2903 1637 3041 1680 esset
3082 1627 3299 1691 videns;
3335 1627 3410 1680 sic
3448 1628 3588 1680 cnim

2041 1717 2322 1786 prophetas
2369 1718 2638 1770 vocabant.
2683 1716 2772 1770 llle
2813 1732 2936 1770 vero
2981 1716 3283 1784 respondit,
3323 1730 3380 1769 sc
3420 1716 3585 1784 ipsum

2041 1821 2177 1869 esse,
2201 1817 2252 1860 et
2272 1805 2547 1860 adductum
2572 1807 2712 1859 illum
2736 1807 2784 1858 in
2813 1805 2986 1869 Batna,
3013 1806 3096 1858 ubi
3120 1805 3427 1858 sacriﬁcium
3452 1806 3587 1870 apud

2043 1896 2288 1964 populum
2323 1905 2465 1959 erat,
2494 1897 2732 1950 convivio
2768 1896 2996 1962 excepit,
3035 1904 3087 1947 et
3125 1896 3453 1948 illucescente
3491 1910 3585 1948 au-

2043 2001 2158 2038 rora
2183 2026 2197 2049 ,
2230 1985 2438 2053 quando
2463 2001 2579 2038 cum
2621 1985 2706 2036 illo
2743 1984 3128 2048 descendebat,
3159 1983 3337 2037 cll‘utlit
3368 1984 3414 2035 in
3446 1983 3588 2036 illtnn

2041 2075 2337 2129 lenticulam
2376 2075 2512 2139 olei,
2555 2075 2826 2144 ipsumque
2867 2073 3102 2127 osculans
3141 2073 3214 2126 sic
3250 2072 3434 2126 cllatns
3464 2081 3542 2125 est
3576 2092 3587 2124 :

2044 2163 2328 2235 lmperabis
2359 2164 2578 2232 populo,
2606 2174 2657 2216 et
2695 2163 2858 2231 signis
2893 2162 3198 2230 quibusdam
3229 2163 3390 2224 datis,
3420 2163 3593 2219 emisit

2042 2256 2223 2320 illum,
2255 2264 2306 2307 et
2346 2255 2670 2323 prophetavit
2707 2253 2848 2307 Sai'tl.
2901 2252 3187 2320 lnlerrogat
3231 2252 3438 2306 Sai'tlem
3477 2252 3591 2318 ejus

2044 2345 2434 2414 propinqtttts‘,
2483 2359 2705 2413 quonam
2749 2345 2998 2408 abiissct;
3038 2344 3124 2412 qtti
3168 2343 3468 2412 respondit,
3510 2343 3588 2394 Ad

2042 2434 2471 2502 perquisitionetn
2524 2435 2807 2487 asinartnn.
2861 2434 3218 2503 Congregatur
3270 2434 3486 2502 populus
3541 2434 3588 2483 in

2043 2524 2308 2592 Massepha
2347 2543 2358 2578 :
2389 2542 2477 2578 rex
2509 2526 2840 2579 eonstitttitnr
2877 2526 3019 2579 Sai'tl.
3063 2526 3260 2578 Bellum
3297 2534 3470 2577 movet
3504 2540 3590 2576 rex

2042 2617 2450 2668 Ammanitarum
2479 2627 2656 2668 contra
2686 2616 2979 2669 Galaaditas
3010 2633 3021 2666 :
3053 2615 3120 2668 illi
3155 2615 3350 2683 legatos
3386 2615 3597 2668 mittunt

2039 2708 2102 2758 ad
2127 2705 2248 2759 Satil
2273 2723 2284 2757 :
2305 2707 2390 2774 qni
2417 2706 2568 2758 motis
2585 2707 2768 2759 Casltis
2795 2720 2883 2773 pra
2903 2705 3023 2758 lium
3048 2719 3163 2757 Cum
3188 2706 3288 2758 illis
3310 2703 3589 2763 commisit,

2042 2807 2090 2848 et
2126 2795 2301 2849 hostes
2337 2796 2548 2846 omnino
2589 2795 2895 2862 proﬂigavit.
2921 2794 3224 2848 Cutivitinm
3252 2795 3506 2847 celebrant
3545 2797 3592 2844 itt

2041 2886 2288 2951 Gztlgalis.
2313 2886 2660 2938 (Zottcionalnr
2688 2885 2877 2952 populo
2903 2885 3128 2938 Samuel.
3153 2885 3298 2936 'l'nnc
3326 2885 3453 2934 dixit
3479 2900 3490 2932 ε
3519 2885 3590 2932 ,ιὶη

2040 2977 2246 3027 vitulum
2295 2977 2608 3040 cuiuspiam,
2648 2993 2712 3025 an
2755 2975 2944 3026 asinum
2991 2974 3267 3041 cujuspiant
3312 2973 3476 3037 accepi
3519 2973 3590 3036 (ι.

2043 3069 2164 3134 lleg.
2209 3067 2289 3120 1‘2.
2328 3067 2422 3134 '5)?
2466 3067 2704 3119 Hortalus
2754 3065 2866 3118 illos
2909 3075 2959 3117 nt
3001 3064 3106 3117 Deo
3144 3064 3587 3130 obsequerentur,

2043 3170 2315 3227 pret-alur,
2357 3169 2408 3211 et
2447 3159 2612 3226 pluvia
2650 3159 2697 3207 in
2741 3157 2824 3208 die
2869 3155 3054 3207 messis
3090 3154 3362 3206 delabitur.
3398 3151 3595 3202 Timuit

2042 3249 2282 3318 populus,
2306 3248 2678 3312 confessusque
2699 3253 2776 3295 est
2801 3259 2855 3294 se
2878 3256 3122 3309 peccasse
3145 3239 3369 3306 petendo
3392 3253 3591 3303 regem.

2041 3342 2247 3397 Samuel
2289 3348 2459 3391 autem
2497 3351 2675 3389 rursus
2715 3334 2968 3395 hortatur,
2996 3341 3051 3382 ttt
3095 3330 3183 3383 Dei
3218 3337 3472 3398 pra-cepta
3503 3342 3589 3379 se-

2040 3441 2278 3502 quantur.
2317 3427 2645 3495 Alienigenas
2667 3422 2818 3476 caedit
2843 3421 2988 3476 Saiil.
3015 3419 3090 3473 illi
3118 3428 3287 3472 autem
3317 3417 3589 3482 indignati,

2041 3523 2232 3576 bellant
2276 3519 2628 3587 redintegrant
2666 3529 2783 3567 cum
2826 3510 3107 3579 majoribus
3143 3509 3323 3577 eopi'ss.
3369 3507 3593 3575 Fugiunt

2042 3614 2285 3668 Israelita:
2306 3649 2320 3673 ,
2356 3609 2498 3663 solus
2529 3605 2836 3673 relinquitttr
2865 3601 3010 3656 Saiil.
3039 3599 3202 3654 Oll‘ert
3231 3598 3588 3651 holocaustum

2043 3706 2150 3758 Deo
2194 3718 2293 3756 non
2334 3707 2634 3768 exspectato
2671 3695 2910 3750 Samuele
2931 3734 2945 3757 ,
2977 3693 3065 3761 qtti
3095 3703 3146 3743 ut
3177 3704 3233 3744 se
3268 3696 3594 3754 exspecntret

2041 3800 2380 3864 pra-.reperat.
2412 3790 2562 3844 Venit
2589 3785 2796 3842 Samuel
2821 3826 2834 3849 ,
2868 3782 3076 3851 indigne
3117 3781 3216 3834 fert
3255 3779 3302 3832 id
3333 3779 3468 3845 quod
3498 3792 3590 3844 ge-

2039 3897 2176 3939 stum
2208 3894 2338 3946 erat,
2372 3881 2598 3933 minatur
2627 3877 2722 3945 ipsi
2761 3875 2902 3943 regni
2933 3871 3365 3928 dissolutionem;
3397 3868 3445 3918 itt
3474 3866 3593 3917 alte-

2042 3991 2153 4031 rum
2197 3974 2388 4043 quippe
2433 3966 2846 4024 transferendum
2887 3977 3034 4025 esse;
3078 3959 3323 4013 Davidcm
3365 3957 3588 4009 dicebat.

2039 4067 2166 4120 Cum
2196 4064 2403 4118 sederet
2431 4061 2552 4114 Saiil
2585 4059 2634 4112 in
2664 4057 2795 4110 colle
2823 4069 2939 4108 cum
2977 4050 3235 4105 sexcentis
3267 4048 3392 4101 viris
3412 4087 3427 4113 ,
3456 4046 3590 4098 clam

2039 4156 2297 4212 .lonathan
2327 4154 2462 4206 lilius
2483 4151 2595 4220 ejus
2615 4163 2732 4203 cum
2754 4145 2944 4199 famulo
2963 4158 3059 4196 suo
3086 4143 3287 4196 irruens
3313 4139 3363 4192 in
3389 4138 3587 4201 hostes,

2039 4246 2290 4316 quosdam
2320 4243 2527 4297 occidit.
2562 4239 2614 4293 ld
2645 4252 2760 4292 cum
2789 4234 2990 4289 videret
3025 4231 3146 4286 Sat'tl
3171 4274 3183 4296 ,
3219 4231 3324 4299 jam
3356 4229 3590 4282 turbatos

2040 4340 2253 4394 adortus
2282 4336 2465 4394 vincit,
2496 4342 2548 4386 ct
2573 4346 2688 4384 cum
2716 4329 3012 4397 juramento
3038 4323 3199 4378 edixit
3236 4337 3302 4376 ne
3334 4319 3590 4389 quispiam

2041 4444 2204 4498 u5qtte
2229 4428 2293 4481 ad
2321 4438 2587 4492 vesperam
2614 4418 2802 4488 aliquid
2838 4423 3087 4485 gustaret.
3117 4411 3373 4467 lutatban
3397 4426 3512 4462 cum
3538 4408 3588 4461 id

2042 4497 2146 4575 non
2183 4518 2447 4578 audisset,
2486 4514 2552 4566 de
2587 4511 2740 4564 melle
2773 4505 2997 4578 gustavit
3050 4500 3263 4557 Accedit
3286 4497 3408 4553 Satil
3433 4499 3592 4549 inter-

2042 4621 2316 4679 rogaturus
2353 4607 2510 4658 Deum
2551 4618 2668 4655 num
2703 4607 2968 4668 oporteret
3006 4595 3181 4648 hostes
3219 4589 3435 4656 insequi.
3477 4585 3589 4639 Non

2043 4677 2322 4767 respondet
2347 4696 2439 4763 ipsi
2466 4695 2618 4747 Deus.
2647 4689 3004 4754 lntcllcxitquc
3027 4684 3111 4736 ille
3138 4687 3399 4748 peceatum
3421 4677 3470 4728 in
3494 4691 3590 4743 po-

2044 4793 2164 4860 pulo
2193 4791 2382 4842 factum
2414 4801 2548 4839 esse.
2593 4783 2660 4836 Ut
2702 4790 2874 4834 autem
2916 4773 3272 4841 deprehensus
3314 4777 3394 4822 est
3429 4767 3589 4821 Jona-

2042 4887 2189 4946 than,
2221 4894 2429 4950 paratus
2458 4886 2569 4932 erat
2596 4875 2658 4928 ad
2687 4868 3023 4927 occidendum
3054 4865 3216 4918 illttm.
3241 4861 3342 4916 Sed
3372 4861 3592 4929 populus

2041 4977 2234 5032 exemit
2259 4988 2375 5027 etmt
2406 4971 2468 5023 de
2509 4967 2741 5020 manibus
2766 4963 2895 5028 ejus.
2930 4955 3167 5023 Praecipit
3191 4953 3401 5008 Samuel
3425 4952 3590 5015 Sauli,

2042 5079 2099 5122 ttt
2125 5067 2348 5121 debellet
2379 5056 2710 5112 Amalecitas,
2735 5050 2909 5102 omnia
2939 5048 3141 5116 perdat,
3171 5055 3220 5099 et
3253 5043 3445 5098 nemini
3477 5057 3594 5109 par-

2040 5169 2142 5215 cat.
2177 5158 2268 5210 Ille
2306 5166 2428 5204 vero
2467 5164 2567 5200 non
2616 5144 2820 5211 paruit,
2869 5140 3193 5205 servavitque
3237 5139 3378 5204 Agag
3419 5149 3597 5199 regem

2040 5262 2242 5306 eorum,
2269 5254 2319 5294 et
2348 5253 2550 5308 greges,
2581 5245 2633 5289 et
2665 5244 2916 5286 armenta.
2953 5230 3176 5282 Veniens
3205 5224 3414 5280 Samttel
3447 5225 3597 5281 Vitili,

2042 5341 2202 5390 iratus
2238 5342 2317 5385 est
2341 5372 2354 5396 ,
2383 5339 2434 5382 et
2466 5328 2535 5380 ait
2568 5343 2578 5376 :
2610 5324 2727 5377 Non
2767 5332 2865 5372 tant
2905 5320 3006 5372 vult
3047 5317 3180 5369 Dius
3221 5313 3506 5365 holocausta
3560 5323 3603 5362 at

2039 5423 2314 5491 sacriﬁcia,
2343 5433 2489 5486 quam
2520 5425 2571 5468 ut
2605 5411 2835 5465 audiatur
2871 5424 2965 5460 vox
3003 5409 3107 5475 ejus
3135 5421 3151 5457 :
3181 5419 3287 5456 cccc
3316 5401 3444 5453 enim
3489 5399 3604 5451 obc-

2040 5518 2225 5572 dientia
2271 5513 2443 5566 melior
2482 5518 2553 5562 est
2634 5521 2781 5574 quam
2820 5503 3013 5556 victima
3040 5501 3124 5566 (1.
3174 5497 3298 5565 Iicg.
3346 5494 3427 5547 15.
3476 5493 3602 5560 “22).

2104 5651 2115 5679 ¹
2146 5647 2249 5693 Vox
2279 5644 2502 5691 ltebraica
2529 5645 2603 5686 est
2623 5642 2882 5695 “mquam
2909 5629 3074 5690 Aquila
3096 5633 3337 5695 “ossam
3364 5631 3535 5678 vert.t,
3566 5624 3607 5667 lti

2041 5719 2130 5762 tibi.
2159 5692 2372 5765 patruus.
2399 5713 2450 5750 ιη
2475 5701 2617 5765 “illud
2642 5692 2785 5755 etiam
2809 5696 3272 5762 Vulgata.Josepbus
3298 5692 3459 5749 habet,
3502 5705 3552 5742 et;
3582 5721 3600 5747 ;.

2047 5761 2257 5831 patruus,
2285 5775 2362 5814 aut
2382 5761 2655 5816 uva-mulus.
