4096 6472
541 433 652 487 343

543 545 764 599 Minatur
787 544 940 596 etiam
969 549 1091 591 tunc
1121 532 1462 589 auferendum
1491 528 1558 581 ab
1597 527 1685 580 illo
1711 539 1830 578 esse
1857 533 2098 589 regnum.

546 635 673 690 Saﬁl
702 643 874 686 autem
902 630 1006 682 vim
1049 625 1306 680 inferebat
1347 621 1442 690 ipsi
1473 630 1527 673 ut
1556 630 1733 671 secum
1766 614 1987 667 veniret.
2013 607 2106 661 Ille

545 739 672 780 vero
718 722 904 777 noluit.
937 720 1156 773 Demum
1185 714 1235 767 vi
1261 721 1474 767 coactus
1509 705 1765 761 ascendit.
1811 703 2107 769 Posteaque

544 816 657 884 ipse
686 810 934 873 Samuel,
980 821 1099 862 cum
1135 804 1381 874 jussisset
1418 799 1602 854 adduci
1631 795 1697 849 ad
1728 796 1899 864 ipsum
1928 795 2071 861 Agag
2091 830 2105 853 ,

545 906 656 960 suis
699 901 940 958 manibus
971 901 1138 967 ipsum
1177 893 1386 950 occidit.
1433 891 1510 945 Ex
1541 889 1630 942 illo
1659 896 1834 940 autem
1873 893 2109 951 tempore

548 1013 654 1051 non
678 993 803 1048 vidit
832 991 1045 1048 Saﬁlem
1074 1003 1240 1056 usque
1267 985 1330 1039 ad
1359 983 1496 1037 diem
1526 978 1712 1035 mortis
1741 975 1854 1046 ejus
1873 1014 1887 1038 ,
1915 972 2006 1028 sed
2028 973 2108 1025 lu-

547 1090 701 1159 gebat
732 1089 922 1156 ipsum.
953 1083 1152 1138 Deinde
1181 1080 1403 1135 mittitur
1425 1075 1636 1132 Samuel
1662 1088 1690 1126 a
1710 1074 1848 1136 Deo,
1883 1079 1938 1124 ut
1967 1070 2113 1124 inun-

549 1189 698 1250 gvret
745 1176 1026 1240 Davidem,
1084 1182 1137 1228 et
1191 1185 1310 1225 cum
1357 1169 1626 1229 venisset,
1674 1161 1897 1218 inunxit.
1965 1159 2112 1214 'l‘unc

549 1249 804 1340 curripuit
828 1267 1038 1322 Sat'tlem
1066 1264 1278 1334 spiritus
1308 1259 1475 1314 malus
1494 1299 1508 1323 ,
1541 1266 1593 1311 et
1633 1255 1896 1310 adducunt
1931 1251 1978 1307 ei
2008 1249 2110 1303 Da-

553 1338 720 1415 videm
744 1401 758 1426 ,
788 1359 874 1428 qui
907 1356 1183 1426 psalleret,
1229 1360 1279 1406 et
1305 1349 1515 1404 sedaret
1533 1345 1773 1416 spiritum
1801 1343 2014 1398 malum.
2045 1338 2114 1394 Ut

550 1461 725 1504 autem
757 1449 950 1502 bellum
979 1444 1150 1499 intulit
1172 1440 1380 1496 Goliath
1400 1480 1416 1505 ,
1460 1452 1576 1492 cum
1605 1448 1792 1489 omnes
1823 1441 1964 1487 metu
1997 1445 2114 1500 per-

550 1541 679 1595 enlsi
714 1546 927 1600 essent,
979 1533 1202 1588 mittitur
1229 1530 1387 1585 David
1417 1527 1677 1581 visitatum
1733 1523 1920 1577 fratres
1948 1534 2112 1574 suos:

552 1643 712 1700 utque
739 1628 881 1682 venit
903 1624 970 1678 ad
989 1632 1187 1687 castra,
1217 1624 1566 1689 percontatur
1602 1615 1731 1683 quid
1762 1611 1994 1668 muneris
2031 1608 2114 1663 fu-

555 1733 726 1773 turum
748 1718 815 1772 sit
839 1716 884 1770 ei
914 1715 999 1784 qui
1025 1711 1303 1768 occidisset
1332 1709 1473 1762 hunc
1494 1706 1859 1774 alienigenam.
1893 1701 1965 1754 Illi
1993 1713 2116 1754 vere

553 1809 817 1870 dicebant,
848 1806 979 1860 Filia
1020 1804 1160 1872 regis
1189 1800 1395 1855 dabitur
1423 1799 1469 1852 ei
1498 1798 1547 1850 in
1595 1808 1830 1848 uxorem.
1860 1791 2005 1846 Adiit
2031 1789 2119 1842 ille

553 1901 764 1955 Saulem
783 1939 796 1962 ,
823 1912 880 1952 se
905 1894 1299 1950 interfecturum
1320 1889 1461 1942 illum
1486 1885 1744 1956 pollicitus
1768 1892 1866 1937 est.
1887 1881 1979 1934 llle
1995 1892 2120 1932 vero

555 2008 662 2044 nun
689 1988 951 2042 credebat.
1005 1986 1223 2038 Demum
1279 1979 1477 2034 dimisit
1525 1977 1685 2030 armis
1730 1972 2011 2037 nudatum,
2055 1984 2120 2023 eo

556 2079 696 2149 quod
726 2093 831 2132 non
869 2084 1047 2145 posset
1079 2088 1220 2125 arma
1247 2079 1475 2140 gestare.
1523 2067 1681 2120 David
1711 2065 1906 2120 emisso
1949 2060 2121 2129 lapide

559 2173 612 2225 in
643 2169 865 2222 frontem
892 2165 1038 2234 ejus,
1084 2161 1364 2231 prostravit
1409 2159 1578 2226 ipsum
1605 2196 1618 2220 ,
1663 2165 1714 2208 et
1749 2154 1911 2222 ipsius
1948 2150 2122 2220 gladio

559 2271 718 2331 caput
760 2259 874 2328 ejus
913 2267 1222 2325 amputans,
1263 2249 1569 2321 splendidus
1615 2263 1678 2301 ex
1727 2245 1907 2314 prndio
1945 2241 2119 2296 rediit.

561 2353 658 2407 Illo
685 2357 967 2419 conspecto
1001 2346 1262 2401 .lonathan
1314 2343 1490 2396 animo
1546 2339 1642 2409 ipsi
1674 2337 1946 2403 colligatus
1994 2342 2074 2387 est
2107 2349 2120 2384 :

563 2442 950 2510 admodumque
978 2439 1122 2492 illum
1166 2435 1446 2505 diligebat,
1490 2431 1731 2498 donaque
1771 2427 1868 2495 ipsi
1913 2424 2121 2480 obtulit.

564 2534 689 2589 Saﬁl
726 2547 850 2586 vero
894 2528 1158 2582 invidebat
1199 2527 1281 2591 ei,
1323 2541 1386 2579 eo
1425 2522 1562 2591 quod
1615 2520 1837 2574 choreas
1869 2516 2127 2585 agitantes

567 2624 754 2692 puella:
797 2621 1050 2674 dixissent
1082 2634 1094 2670 :
1135 2614 1383 2670 Percussit
1411 2613 1538 2667 δίιῦί
1571 2612 1623 2664 in
1651 2609 1867 2661 millibus
1890 2649 1903 2669 ,
1946 2618 1994 2660 et
2027 2605 2130 2657 Da-

566 2713 651 2765 vid
697 2713 748 2764 in
787 2711 950 2762 decem
1000 2704 1251 2777 υιὶιίὶιηιδ(
1281 2707 1329 2759 l.
1363 2705 1488 2773 Reg.
1529 2701 1612 2756 18.
1638 2700 1726 2769 7).
1754 2697 1955 2752 Extulit
2004 2695 2127 2750 Saul

569 2803 770 2856 hastam
797 2810 976 2854 contra
1006 2796 1248 2849 Davidem
1274 2805 1328 2848 ut
1356 2793 1621 2848 occideret
1643 2805 1762 2844 eum
1793 2787 1868 2859 (α)
1899 2805 1910 2840 :
1935 2787 2021 2841 ille
2042 2801 2132 2839 ve-

570 2910 631 2944 ro
657 2890 872 2956 aufugit.
902 2888 1031 2942 Cum
1058 2895 1231 2938 autem
1264 2884 1421 2936 David
1442 2884 1612 2936 clarus
1633 2881 1977 2946 omnibusque
2006 2891 2132 2945 pro-

569 2985 725 3038 hatus
754 2990 928 3045 esset,
961 2979 1124 3047 magis
1151 2976 1486 3030 mordebatur
1511 2972 1633 3028 Saiil
1660 2989 1673 3036 ;
1703 2985 1926 3039 cumque
1957 2969 2129 3037 ipsum

571 3071 794 3144 perdere
823 3070 1002 3135 vellet,
1035 3068 1294 3137 pollicitus
1321 3074 1402 3120 est
1427 3063 1476 3120 ei
1504 3063 1661 3116 ﬁliam
1690 3076 1857 3124 suam,
1887 3061 1930 3114 si
1955 3075 2016 3114 ex
2041 3060 2134 3112 hoc

572 3165 741 3219 stibus
762 3171 969 3217 centum
1000 3158 1293 3214 occideret:
1315 3172 1434 3212 cum
1462 3164 1635 3210 autem
1662 3154 1954 3216 occidisset,
1973 3166 2136 3222 gener

573 3255 713 3324 regis
733 3252 958 3308 efficitur
985 3250 1078 3320 (b).
1104 3249 1325 3318 Alioque
1352 3248 1577 3302 instante
1606 3245 1975 3310 bello,rursum
1999 3256 2136 3310 pne-

577 3347 717 3401 clare
746 3359 802 3398 se
825 3344 1019 3412 gessit:
1045 3341 1168 3396 Saul
1197 3354 1323 3394 vero
1346 3337 1509 3391 multo
1539 3336 1703 3405 magis
1729 3334 2138 3402 exasperabatur

575 3438 630 3491 in
651 3436 821 3503 illum,
833 3435 1060 3502 dicitque
1079 3432 1182 3485 filio
1195 3446 1289 3485 suo
1305 3428 1583 3491 Jonathan,
1598 3441 1655 3481 se
1677 3426 1818 3479 illum
1842 3423 2138 3477 interficere

578 3527 733 3581 velle.
759 3525 849 3579 Ille
871 3540 996 3579 vero
1024 3523 1201 3576 Davidi
1232 3537 1341 3576 rem
1371 3519 1596 3589 aperuit,
1623 3515 1969 3586 prmcepitque
1991 3520 2046 3565 ut
2074 3513 2141 3565 la-

579 3629 733 3673 teret.
761 3617 853 3671 Ubi
887 3630 1009 3670 vero
1039 3624 1237 3684 patrem
1269 3613 1583 3683 plaeaveral,
1605 3607 1850 3664 Davidem
1877 3605 1941 3659 ad
1969 3606 2138 3674 ipsum

579 3707 962 3763 adducit.Bello
983 3715 1153 3758 autem
1185 3719 1366 3758 rursus
1396 3703 1641 3762 instante,
1661 3707 1874 3752 strenue
1895 3711 1951 3750 se
1977 3695 2140 3764 gessit

581 3797 765 3862 David,
785 3811 1096 3864 rursumque
1125 3811 1154 3849 a
1181 3794 1335 3848 Saiile
1365 3790 1563 3860 aufugit
1584 3791 1796 3843 volente
1821 3803 1940 3840 eum
1961 3787 2138 3839 lancea

580 3889 882 3944 confodere.
915 3887 1105 3943 Uxoris
1149 3886 1372 3940 consilio
1401 3885 1544 3937 illinc
1587 3881 1802 3951 aufugit.
1833 3879 1985 3933 Mittit
2013 3877 2140 3932 Saiil

583 3981 674 4049 qui
705 3980 847 4033 illum
881 3976 1422 4047 comprehenderent;
1461 3972 1745 4042 respondet
1774 3970 1859 4024 illa
1889 3977 2141 4039 a‘grotum

584 4087 722 4126 csse.
757 4071 881 4126 Safil
915 4070 1057 4124 illum
1086 4068 1348 4137 aufugisse
1385 4079 1607 4135 gnarus,
1651 4063 1807 4115 filiam
1838 4061 2141 4130 redarguit:

586 4169 744 4228 atque
781 4174 898 4212 cum
926 4159 1270 4225 comperisset
1315 4157 1524 4210 ubinam
1569 4163 1708 4207 esset
1739 4151 1898 4206 David
1928 4193 1942 4217 ,
1988 4151 2146 4204 mittit

588 4251 676 4319 qui
705 4249 847 4303 illum
870 4255 1076 4316 captum
1109 4247 1445 4299 adducerent.
1465 4245 1594 4298 Cum
1624 4252 1797 4297 autem
1828 4243 1861 4295 ii
1892 4242 1977 4310 qui
2000 4241 2144 4294 missi

591 4341 799 4393 fuerant
841 4353 941 4392 non
973 4337 1239 4399 redirent,
1286 4337 1379 4389 sed
1409 4345 1683 4388 manentes
1727 4332 2102 4402 prephetarent
2129 4371 2144 4396 ,

589 4432 700 4500 ipse
727 4445 934 4499 quoque
978 4427 1123 4482 abiit.
1159 4426 1235 4480 Ad
1265 4425 1523 4480 Jonathan
1572 4423 1698 4476 adiit
1726 4422 1921 4488 David,
1966 4431 2019 4474 et
2064 4436 2149 4475 re-

595 4521 800 4576 nuntiat
842 4521 889 4574 ci
920 4519 1134 4573 Saulcm
1163 4532 1310 4572 suam
1360 4515 1648 4570 machinari
1675 4529 1873 4568 necem.
1908 4512 2057 4579 Quod
2105 4511 2148 4566 si

593 4616 722 4667 velis
743 4655 757 4679 ,
781 4613 976 4682 inquit,
1006 4611 1057 4664 in
1076 4611 1300 4664 crastina
1330 4609 1416 4663 die
1436 4607 1670 4662 ediscere
1690 4647 1703 4668 ,
1733 4617 1968 4674 tempore
1997 4620 2151 4673 pran-

595 4706 664 4756 dii
697 4705 876 4758 abero.
917 4704 969 4757 Si
1001 4711 1148 4771 pater
1176 4711 1296 4754 tuus
1324 4698 1577 4752 absentia:
1621 4710 1834 4751 causam
1865 4703 2037 4762 petat,
2067 4694 2150 4747 dic

597 4811 697 4856 ine,
725 4809 842 4848 cum
871 4793 1184 4847 sacrificium
1214 4799 1354 4844 esset
1379 4791 1430 4843 in
1453 4790 1602 4853 urbe,
1632 4785 1855 4842 abeundi
1888 4784 2149 4838 licentiam

591 4886 827 4953 petiisse.
857 4883 910 4935 ld
932 4883 974 4935 si
1005 4882 1091 4936 ille
1111 4880 1315 4951 placide
1338 4880 1548 4943 tulerit,
1577 4878 1704 4930 nihil
1731 4876 1849 4930 mali
1877 4877 2149 4944 suspicor:

594 4976 672 5030 sin
700 4986 837 5041 mgre
867 4972 1071 5036 tulerit,
1107 4972 1316 5040 planum
1346 4969 1568 5024 estmihi
1599 4970 1847 5021 ultionem
1870 4975 1921 5021 et
1939 4965 2153 5020 insidias

597 5065 791 5135 parari.
823 5063 933 5116 lloc
959 5061 1082 5115 facit
1123 5062 1416 5125 Junathan;
1448 5059 1571 5113 Saiil
1600 5067 1774 5112 autem
1820 5073 1986 5126 usque
2022 5057 2154 5111 adeo

596 5157 760 5210 iratus
783 5163 864 5208 est
884 5194 898 5218 ,
927 5161 983 5206 ut
1010 5163 1226 5207 conatus
1255 5153 1323 5207 sit
1373 5151 1535 5204 lilium
1563 5164 1714 5202 suum
1760 5148 2019 5202 occidere.
2067 5146 2155 5201 llle

599 5264 724 5302 vero
748 5247 813 5302 de
854 5258 1035 5299 mensa
1064 5244 1338 5308 resiliens,
1390 5244 1441 5296 in
1470 5256 1714 5310 campum
1743 5241 1938 5305 exivit,
1989 5248 2040 5292 et
2067 5253 2154 5292 sa-

659 5425 731 5533 (αἲ
757 5433 862 5474 Htec
883 5424 946 5473 de
969 5423 1099 5473 hasta
1123 5422 1170 5468 in
1191 5419 1412 5469 Davidem
1435 5432 1460 5467 a
1484 5416 1619 5468 Saiile
1637 5417 1843 5466 immissa
1867 5429 1960 5464 non
1983 5415 2156 5463 haben-

659 5502 676 5533 r
727 5499 799 5533 lOC
847 5487 949 5533 loco
977 5487 1023 5532 in
1060 5484 1268 5530 Editione
1293 5486 1398 5526 LXX
1424 5480 1610 5533 vulgata
1637 5493 1649 5531 :
1683 5480 1767 5525 sed
1793 5478 1914 5525 haud
1938 5477 2085 5523 dubie
2111 5480 2155 5523 in

599 5477 677 5534 tur
711 5477 799 5533 hoc
847 5487 949 5533 loco
977 5487 1023 5532 in
1060 5484 1268 5530 Editione
1293 5486 1398 5526 LXX
1424 5480 1610 5540 vulgata
1637 5493 1649 5531 :
1683 5480 1767 5525 sed
1793 5478 1914 5540 haud
1938 5477 2085 5540 dubie
2111 5480 2155 5523 in

600 5547 866 5608 exemplari
891 5543 1206 5608 Chrysostomi
1243 5555 1304 5589 ex
1340 5538 1551 5588 Editione
1585 5549 1690 5588 L.\..\
1716 5538 1962 5600 hexaplari
1992 5539 2156 5598 adjun-

597 5617 668 5655 cta
697 5603 902 5664 fuerant,
927 5603 1091 5654 ut'alia
1115 5603 1274 5652 multa.

661 5675 729 5740 (ὑ)
756 5660 1328 5740 “accitoque-instante
1362 5663 1765 5740 ζξειιοηρνατειᾳζε
1797 5660 2022 5736 segessit
2060 5664 2159 5740 (κριὶ

601 5726 808 5789 πολέμου
830 5726 1083 5784 σὺστάνέος
1108 5732 1284 5789 ἑτέρου,
1313 5728 1448 5772 πάλιν
1471 5726 1746 5789 εὐδοκιμεῖ),
1775 5726 1953 5774 omissa
1974 5732 2085 5772 sunt
2110 5726 2158 5773 itt

605 5795 691 5844 15d.
718 5783 837 5844 LXX
866 5794 1014 5854 vulg.,
1043 5783 1128 5840 sed
1167 5783 1212 5838 in
1239 5785 1484 5848 hcxaplat‘i
1521 5783 1822 5847 legebantur.

1306 416 1361 470 S.
1403 409 1672 469 JOANNIS
1708 397 2174 462 CIIIlYSOSTOMl
2214 396 2523 452 ARCHIEI’.
2564 397 3084 456 CONSTANTINOP.

3661 407 3773 461 344

2212 514 2370 583 gittas
2398 514 2607 580 emisit;
2635 525 2750 570 erat
2776 515 2916 569 enim
2943 517 3044 570 hoc
3064 513 3404 569 constitutum
3435 513 3640 580 signum
3676 527 3690 562 :
3719 520 3773 562 et

2209 622 2490 666 aceurrens
2520 617 2636 678 post
2675 622 2886 662 servum
2913 623 3062 662 suum
3090 649 3104 674 ,
3135 607 3258 661 dum
3290 604 3450 660 David
3482 621 3547 661 eo
3573 607 3624 660 in
3655 607 3775 660 loco
3806 594 3819 614 '

2210 703 2443 764 latebat,
2475 701 2544 754 ait
2579 719 2590 754 :
2620 700 2734 755 Cito
2785 714 3004 769 propera
3026 740 3040 764 ,
3084 714 3150 753 ne
3193 698 3456 752 cuncteris
3484 739 3498 762 ,
3526 698 3645 766 quia
3689 713 3777 751 sa-

2210 796 2336 865 gitta
2364 793 2469 847 illic
2499 800 2580 847 est
2618 791 2854 861 procula
2891 800 2965 846 te.
3008 789 3268 844 lntellexit
3291 788 3452 842 David
3494 787 3620 857 quid
3662 786 3778 840 hmc

2213 882 2601 953 significarent,
2626 891 2679 935 et
2724 895 2843 936 cum
2889 893 3073 935 servus
3096 878 3433 942 recessisset,
3463 879 3565 931 ruit
3588 877 3640 931 in
3664 891 3778 930 amo

2215 978 2424 1046 plexum
2453 973 2712 1029 Jonathan
2748 981 2801 1028 et
2827 973 2971 1027 flevit
2999 989 3013 1026 :
3043 971 3132 1026 ille
3171 984 3299 1026 vero
3324 969 3507 1040 fugere
3543 969 3700 1038 jussit
3727 978 3782 1023 et

2216 1078 2486 1137 pactorum
2537 1064 2822 1120 recordari.
2861 1063 2985 1118 Hrec
3018 1078 3177 1132 porro
3222 1070 3372 1116 erant
3421 1075 3490 1115 ne
3530 1075 3778 1128 umquam

2216 1156 2630 1213 misericordiam
2660 1164 2929 1210 amoveret
2957 1169 3023 1209 ex
3043 1153 3206 1208 domo
3233 1151 3525 1218 Jonathan,
3556 1152 3668 1206 sive
3696 1152 3779 1204 vi-

2217 1250 2389 1303 ventis
2407 1289 2422 1312 ,
2453 1249 2564 1302 sive
2598 1247 2808 1304 mortui.
2837 1246 2994 1301 Venit
3022 1245 3187 1300 David
3212 1243 3278 1298 ad
3310 1243 3577 1298 Abimelec
3603 1256 3784 1297 sacer-

2216 1340 2414 1394 dotem.
2444 1339 2592 1393 Tunc
2632 1353 2795 1407 panes
2835 1336 3212 1408 propositionis
3258 1333 3528 1389 comedit:
3577 1332 3784 1401 accepit

2217 1446 2426 1501 quoque
2452 1429 2684 1500 gladium
2710 1428 3148 1492 Goliathi,dicens
3172 1441 3230 1481 se
3251 1441 3278 1477 a
3307 1439 3430 1493 rege
3450 1424 3628 1493 aliquo
3655 1423 3786 1476 mis-

2218 1537 2333 1577 snm
2355 1536 2473 1575 cum
2501 1520 2787 1589 diligentia.
2819 1519 2884 1572 Et
2914 1517 3056 1571 venit
3082 1515 3203 1570 inde
3227 1515 3292 1568 ad
3317 1513 3562 1577 Auchus,
3589 1511 3784 1566 deinde

2221 1614 2272 1668 in
2296 1612 2516 1668 Odolam
2544 1611 2580 1676 ¹,
2611 1619 2665 1665 et
2687 1608 3020 1664 commendat
3055 1607 3162 1675 regi
3191 1605 3338 1660 Moab
3367 1605 3578 1659 domum
3609 1618 3784 1657 suam.

2213 1702 2349 1757 Cum
2380 1711 2556 1758 autem
2598 1701 2721 1756 Saﬁl
2753 1707 3165 1768 conquereretur
3207 1696 3344 1766 apud
3395 1709 3575 1750 servos
3622 1707 3786 1757 suos,

2222 1794 2362 1862 quod
2405 1807 2562 1847 nemo
2607 1792 2721 1860 ejus
2769 1789 2936 1844 vicem
2987 1787 3211 1852 doleret,
3254 1800 3350 1840 nec
3387 1783 3636 1838 Davidem
3685 1781 3789 1836 sibi

2225 1883 2502 1946 traderet,
2537 1880 2980 1944 Doecldumaeus,
3024 1878 3113 1947 qui
3159 1890 3394 1946 pracsens
3439 1883 3552 1930 erat
3576 1872 3792 1942 quando

2225 1973 2386 2029 David
2413 1973 2478 2026 ad
2497 1971 2821 2027 sacerdotem
2865 1969 3040 2036 venit,
3072 1965 3398 2022 annuntiavit
3425 1964 3497 2017 illi
3521 1963 3659 2032 quod
3684 1961 3795 2015 fac-

2227 2075 2336 2120 tum
2366 2073 2497 2118 erat.
2546 2062 2637 2118 llle
2665 2061 2847 2116 accitis
2874 2058 3265 2125 sacerdotibus,
3294 2072 3412 2112 cum
3455 2055 3488 2108 ii
3511 2055 3598 2124 qui
3649 2068 3794 2123 pra:-

2228 2167 2404 2213 sentes
2426 2165 2577 2211 erant
2606 2155 2808 2209 nollent
2835 2154 2952 2207 illos
2973 2150 3244 2213 occidere,
3281 2149 3509 2204 Doécum
3539 2146 3588 2200 id
3616 2145 3792 2215 jubet,

2228 2251 2316 2321 qui
2370 2249 2563 2304 ocridit
2607 2257 2868 2302 trecentos
2907 2243 3280 2314 quinquaginta
3335 2241 3476 2294 viros
3517 2246 3800 2308 portantes

2230 2341 2447 2411 Ephnd,
2473 2349 2526 2393 et
2559 2339 2702 2393 Noba
2748 2352 2931 2393 eorum
2980 2335 3162 2390 urbem
3191 2333 3406 2388 delevit.
3439 2332 3560 2385 llaec
3609 2329 3795 2383 Davidi

2231 2431 2549 2488 renuntiavit
2577 2443 2710 2483 unus
2736 2444 2798 2484 ex
2827 2427 2947 2481 filiis
2977 2424 3285 2487 sacerdotis,
3316 2423 3401 2492 qui
3431 2421 3797 2476 carnificinam

2232 2531 2491 2579 evaserat.
2521 2520 2614 2573 Ille
2637 2534 2762 2572 vero
2789 2518 2973 2571 dolens
2991 2557 3005 2583 ,
3030 2515 3362 2584 superstitem
3393 2513 3539 2565 illum
3576 2510 3716 2579 apud
3740 2524 3801 2564 se

2232 2615 2493 2678 servavit,
2519 2624 2571 2667 et
2596 2612 2761 2668 Cilam
2789 2618 3141 2680 oppugnatam
3171 2605 3429 2660 liberavit.
3455 2603 3586 2656 Cum
3613 2602 3798 2656 audis-

2234 2717 2316 2762 sct
2339 2716 2511 2759 autem
2535 2703 2743 2759 Saulem
2774 2701 2839 2755 ad
2879 2715 2936 2755 se
2964 2699 3142 2753 venire
3167 2739 3182 2760 ,
3207 2697 3331 2751 exiit
3362 2693 3483 2748 imle
3524 2694 3574 2745 in
3610 2692 3800 2745 descr-

2235 2808 2342 2853 tum
2374 2795 2527 2866 Ziph.
2555 2794 2704 2863 Quod
2727 2808 2844 2847 cum
2874 2791 3124 2845 audiisset
3145 2787 3264 2843 Safil
3283 2826 3296 2850 ,
3324 2784 3388 2839 ad
3421 2785 3565 2837 illum
3615 2797 3799 2850 perre-

2235 2891 2330 2944 xit.
2363 2891 2492 2942 Dum
2520 2896 2693 2940 autem
2729 2884 2872 2938 illum
2912 2884 3297 2949 insequeretur,
3341 2875 3520 2929 audito
3567 2873 3799 2926 hostium

2237 2980 2482 3042 incursu,
2524 2976 2740 3029 recedit.
2772 2972 2969 3027 Deinde
3009 2985 3126 3025 cum
3167 2984 3231 3022 ex
3263 2966 3499 3021 hosdbus
3523 2964 3800 3025 rediisset,

2237 3069 2382 3122 illum
2413 3068 2586 3122 denuo
2613 3063 2982 3133 perquirebat,
3026 3071 3078 3115 et
3107 3060 3373 3128 ingressus
3399 3064 3480 3110 est
3505 3056 3557 3107 in
3587 3053 3803 3124 spelun-

2238 3175 2384 3224 cam,
2418 3158 2469 3210 in
2497 3173 2596 3226 qua
2640 3154 2800 3209 David
2827 3152 3076 3216 sedebat,
3107 3161 3301 3205 etcum
3332 3148 3419 3201 illo
3445 3147 3542 3200 viri
3580 3145 3804 3199 interius

2239 3251 2419 3319 positi.
2450 3246 2685 3316 Cumque
2711 3261 2895 3300 omnes
2931 3244 3264 3297 hortarentur
3293 3255 3412 3295 eum
3446 3248 3501 3292 ut
3537 3237 3806 3291 occideret

2241 3341 2490 3407 Saulem,
2541 3353 2642 3392 non
2690 3334 3112 3405 obtemperavit,
3173 3347 3342 3400 neque
3398 3327 3696 3383 volentibus
3753 3325 3804 3378 id

2242 3432 2527 3487 concessit.
2560 3428 2625 3484 Ut
2648 3439 2822 3482 autem
2846 3425 3009 3480 exivit
3035 3426 3121 3478 ille
3146 3438 3206 3478 ex
3235 3421 3504 3490 spelunca,
3535 3417 3619 3471 hic
3645 3419 3806 3470 etiam

2243 3531 2494 3591 sequutus
2517 3529 2631 3584 est,
2665 3526 2719 3573 et
2746 3518 2980 3572 clamans
3011 3515 3075 3568 ad
3103 3515 3278 3576 illum,
3312 3511 3476 3580 ipsius
3514 3508 3806 3577 nequitiam

2243 3623 2295 3668 et
2308 3611 2564 3680 justitiam
2587 3623 2735 3663 suam
2759 3606 2969 3662 Saulem
3000 3603 3196 3659 docuit.
3226 3601 3321 3656 llle
3341 3614 3468 3654 vero
3489 3598 3812 3667 lacrymatus

2244 3712 2343 3757 est.
2372 3701 2521 3755 Tunc
2570 3708 2809 3753 mortuus
2835 3707 2916 3751 est
2966 3693 3199 3750 Samuel.
3245 3691 3402 3745 Mittit
3426 3689 3515 3758 qui
3556 3704 3584 3742 a
3610 3687 3812 3741 Nabale

2245 3794 2382 3848 dona
2427 3797 2664 3860 peterent
2715 3803 2812 3858 pro
2841 3785 3077 3842 custodia
3119 3797 3222 3853 qua
3273 3787 3576 3836 servaverat
3621 3793 3814 3848 greges

2247 3885 2429 3954 ipsius.
2458 3883 2551 3937 llle
2576 3895 2703 3936 vero
2730 3894 2832 3932 non
2859 3877 3015 3932 modo
3041 3890 3144 3930 non
3171 3873 3348 3937 dedit,
3376 3871 3467 3926 sed
3499 3872 3655 3924 etiam
3682 3885 3816 3924 con-

2248 3976 2464 4032 tumelia
2511 3975 2680 4043 ipsum
2711 3969 2885 4025 allecit
2921 3983 3014 4038 per
3039 3967 3238 4035 legatos
3265 3978 3411 4018 suos.
3444 3961 3536 4016 llle
3573 3970 3815 4014 armatus

2250 4067 2529 4123 incedebat
2553 4073 2608 4118 ut
2636 4061 2878 4133 perderet
2901 4073 3043 4113 eum.
3070 4057 3194 4110 llam
3214 4052 3396 4108 didicit
3421 4051 3635 4119 Abigaia
3678 4064 3817 4102 uxor

2251 4161 2423 4226 illius,
2452 4166 2506 4212 et
2525 4155 2757 4222 acceptis
2779 4150 3083 4207 muneribus
3109 4147 3337 4202 occurrit
3375 4143 3556 4197 Davidi
3574 4182 3588 4204 ,
3613 4140 3816 4193 multa-

2251 4267 2353 4321 que
2384 4258 2595 4320 precata
2617 4289 2630 4311 ,
2651 4247 2904 4314 impetum
2934 4241 3049 4310 ejus
3075 4236 3331 4294 cohibuit.
3360 4235 3669 4302 Mortuoque
3711 4229 3820 4283 Na-

2253 4319 2395 4408 bale,
2425 4338 2642 4408 Abigaia
2670 4336 2783 4404 ejus
2809 4348 2940 4387 uxor
2966 4330 3208 4386 efficitur.
3237 4325 3367 4380 Cum
3390 4324 3643 4377 audiisset
3662 4319 3819 4386 Saul,

2252 4448 2356 4502 quo
2384 4433 2433 4483 in
2463 4432 2579 4483 loco
2609 4436 2746 4481 esset
2791 4422 2952 4478 David
2974 4463 2988 4487 ,
3018 4420 3160 4474 venit
3181 4430 3364 4471 rursus
3387 4413 3452 4466 ad
3482 4427 3621 4466 eum.
3678 4412 3820 4464 Dor-

2254 4524 2448 4576 miente
2478 4529 2650 4572 autem
2690 4515 2846 4570 Saiile
2871 4528 2987 4569 cum
3018 4521 3126 4565 toto
3173 4507 3406 4563 exercitu
3435 4518 3565 4566 suo,
3605 4503 3823 4556 advenit

2257 4612 2420 4667 David
2448 4627 2565 4663 eum
2611 4607 2809 4662 Abessa
2845 4624 2857 4659 :
2902 4616 3124 4672 cumque
3168 4599 3253 4654 hic
3287 4596 3494 4667 juberet
3533 4591 3824 4647 confodere

2257 4703 2526 4758 inimicum
2547 4740 2560 4762 ,
2594 4713 2695 4750 non
2724 4695 2880 4750 cessit
2909 4693 3016 4756 ille,
3042 4690 3132 4745 sed
3164 4697 3379 4756 accepto
3410 4685 3609 4754 scypho
3634 4681 3722 4750 qui
3754 4680 3824 4733 ad

2257 4802 2414 4863 caput
2440 4791 2555 4860 ejus
2581 4797 2727 4852 erat,
2759 4796 2812 4841 et
2852 4787 3028 4848 hasta,
3062 4783 3266 4849 longius
3297 4776 3576 4846 processit,
3609 4783 3660 4827 et
3710 4772 3824 4824 cla-

2258 4862 2408 4938 mans
2449 4879 2695 4937 excitavit
2723 4876 2837 4945 ejus
2858 4875 3068 4938 ducem,
3094 4879 3145 4923 et
3165 4869 3231 4923 de
3255 4865 3495 4920 socordia
3523 4862 3824 4924 incusabat,

2259 4974 2399 5046 quod
2425 4987 2530 5027 non
2569 4968 2856 5024 custodiret
2897 4977 3092 5031 regem.
3141 4957 3485 5024 Ostenditque
3515 4954 3719 5007 hastam
3770 4961 3828 5005 ct

2259 5040 2518 5138 scyphum
2540 5105 2554 5129 ,
2582 5071 2634 5117 et
2674 5060 2875 5112 incusat
2911 5053 3125 5108 Saulem
3145 5091 3160 5117 ,
3191 5048 3330 5119 quod
3358 5060 3479 5100 eum
3501 5044 3590 5112 qui
3613 5057 3672 5096 se
3693 5040 3829 5094 nihil

2261 5135 2470 5216 laeserat
2517 5157 2894 5222 insequeretur.
2944 5146 3092 5200 Tunc
3137 5142 3266 5211 fugit
3314 5136 3474 5192 David
3523 5135 3590 5188 ad
3645 5146 3828 5200 regem

2261 5252 2517 5309 Anchus:
2568 5221 2736 5314 neque
2782 5241 2921 5296 enim
2971 5249 3136 5292 tutum
3191 5246 3309 5288 esse
3362 5227 3577 5298 putabat
3619 5221 3830 5277 versari

2263 5357 2425 5414 prope
2450 5339 2682 5395 Saﬁlem.
2711 5331 2914 5399 Accipit
2943 5325 3105 5382 David
3131 5324 3196 5377 ab
3238 5319 3449 5376 Auchus
3480 5315 3697 5371 Secclac
3725 5330 3739 5366 :
3775 5323 3837 5368 et

2263 5406 2505 5492 incursus
2534 5426 2757 5484 faciebat
2804 5423 2858 5478 in
2900 5421 3082 5476 hostes
3105 5457 3120 5483 ,
3149 5412 3545 5483 accipiebatque
3573 5406 3840 5476 pecunias

2264 5542 2316 5586 et
2345 5543 2470 5584 oves
2492 5523 2699 5579 multas.
2727 5520 2877 5576 Tunc
2903 5523 3284 5586 congregantur
3310 5507 3619 5577 alienigenze
3639 5514 3839 5559 contra

2265 5621 2532 5682 Israelem,
2557 5624 2611 5670 et
2629 5612 2755 5670 Sam
2787 5612 3074 5678 interrogat
3098 5596 3588 5674 engastrimytham.
3621 5592 3838 5649 Rcvcr~

2335 5782 2344 5810 ¹
2373 5777 2482 5838 Alii,
2499 5773 2731 5826 odatlum.
