4062 6458
658 516 839 586 φύλων
864 509 1211 577 συνεξελθεῖν,
1234 506 1620 566 ὑποπτεύοντες
1645 502 1805 557 αὐτὸν
1829 497 2124 568 προδιδόναι
2145 494 2204 547 16

661 582 1057 672 στρατόπεδον),
1088 594 1327 665 εὑρίσκει
1347 595 1446 661 τὴν
1468 589 1704 643 Σεκελὰκ
1727 582 2205 672 ἐμπεπρησμένην,

659 668 755 740 καί
790 686 885 747 τὰς
912 684 1172 751 γυναῖκας
1196 678 1428 748 οὐδαμοῦ
1450 693 1463 706 ·
1526 674 1846 744 ἀπήχθησαν
1894 670 1999 739 γὰρ
2049 668 2209 735 αἰχμ-

660 773 873 825 άλωτοι.
920 768 1204 840 Ἐρόμενος
1232 766 1289 818 66
1321 764 1412 816 τὸν
1449 763 1598 825 Θεὸν,
1629 762 1677 813 εί
1713 760 1819 813 δέοι
1864 755 2207 840 καταδιῶξαι,

660 856 899 917 εἰπόντος
922 839 1001 907 ὅτι
1029 853 1157 913 δέοι,
1191 848 1496 912 κατεδίωξε.
1540 846 1645 900 Καὶ
1682 842 1865 915 μαθὼν
1911 839 2061 911 παρά
2086 855 2211 891 παιο

659 944 770 996 δίου
790 937 1105 1008 Αἰγυπτίου,
1138 935 1239 989 ποῦ
1272 931 1796 1004 στρατοπεδεύονται,
1837 925 1987 998 [548]
2018 926 2213 977 ἐπιπε-

662 1027 769 1080 σὼν
808 1023 1158 1096 ῥᾳθυμοῦσιν,
1210 1019 1473 1083 ἐπάταξεν
1506 1017 1740 1078 αὐτοὺς,
1784 1014 1878 1066 καὶ
1929 1011 1996 1063 τά
2043 1008 2213 1062 σκῦλα

663 1114 839 1176 ἔλαϐε,
879 1112 971 1166 καὶ
1000 1110 1262 1179 διένειμεν
1285 1108 1342 1172 ἐξ
1374 1108 1492 1174 ἴσης
1541 1107 1651 1166 τοῖς
1672 1120 1729 1155 τε
1761 1100 2095 1170 πολεμήσασι
2122 1096 2215 1149 καὶ

662 1203 772 1264 τοῖς
797 1197 1150 1269 ἀπομείνασιν
1174 1196 1264 1248 ἐπὶ
1280 1194 1385 1247 τῶν
1414 1190 1639 1245 σκευῶν.
1680 1189 1765 1251 Ὣς
1797 1188 1854 1240 66
1882 1188 1910 1238 6
1954 1185 2090 1255 πρὸς
2124 1183 2215 1269 τὸν

675 1284 889 1356 Ἰσραὴλ
908 1283 1094 1351 γέγονε
1116 1280 1344 1348 πόλεμος
1364 1276 1473 1328 τῶν
1494 1273 1819 1342 ἀλλοφύλων,
1843 1272 2027 1324 πίπτει
2045 1268 2215 1321 Σαοὺλ

664 1354 764 1427 καί
794 1354 1067 1434 Ἰωνάθαν,
1100 1368 1193 1421 καὶ
1230 1368 1276 1419 οἰ
1315 1364 1406 1417 δύο
1430 1362 1578 1417 ἄλλοι
1618 1360 1724 1412 υἱοὶ
1749 1356 1910 1411 αὐτοῦ
1930 1372 1944 1385 ⁸
1994 1356 2089 1408 καὶ
2120 1354 2216 1406 λα·-

666 1459 849 1521 6όντες
872 1455 1030 1509 αὐτὸν
1061 1454 1108 1506 οἱ
1138 1451 1403 1520 πολέμιοι,
1442 1445 1782 1517 προσέπηξαν
1803 1444 1879 1512 τῷ
1905 1441 2071 1509 τείχει
2096 1439 2219 1491 Βιθ-

667 1544 799 1608 σάν,
854 1546 888 1613 ἤ
929 1543 1042 1594 ἐστι
1072 1536 1417 1599 Σκυθόπολις.
1474 1534 1743 1594 Ἑλθόντες
1793 1530 1848 1582 δὲ
1884 1530 1932 1580 οἰ
1972 1525 2218 1613 6116616-

666 1633 764 1701 6ης
784 1643 831 1690 α,
850 1611 1037 1681 ἔλαϐόν
1057 1644 1117 1680 τε
1145 1622 1298 1679 αὐτὸν
1331 1623 1423 1675 καὶ
1451 1620 1540 1672 τὸν
1574 1617 1844 1679 ἰωνάθαν,
1877 1614 1971 1667 και
1992 1611 2214 1680 ἔθαψαν.

1219 1769 1543 1827 Βασιλειὼν
1585 1769 1664 1833 β’.

741 1885 996 1957 Ἔρχεται
1041 1900 1121 1942 τις
1153 1879 1505 1947 ἀπαγγέλλων
1558 1874 1635 1946 τῷ
1661 1873 1843 1935 Δαυῖδ,
1885 1873 1966 1925 ὅτι
2012 1868 2219 1957 ἀνεῖλεν

670 1953 950 2037 αὐτδςτὸν
987 1968 1184 2023 Σαούλ*
1242 1966 1335 2019 καὶ
1389 1962 1594 2019 ἀνεῖλεν
1635 1960 1795 2014 αὐτὸν
1832 1960 1860 2012 6
1901 1954 2061 2010 Δαυῖδ
2084 1970 2099 1985 ·
2128 1953 2221 2006 καὶ

670 2061 726 2115 ἐθ
739 2061 932 2131 ρήνησε
962 2057 1053 2109 16v
1085 2051 1255 2106 Σαοὺλ
1296 2050 1389 2103 καὶ
1435 2050 1523 2101 τδν
1549 2045 1823 2105 ’1ωνάθαν,
1853 2040 2219 2131 καὶᾼχρίουσιν

670 2126 831 2201 αὐτδν
858 2126 940 2207 ἐίς
974 2140 1212 2211 βασιλέα.
1253 2138 1362 2190 Καὶ
1382 2133 1691 2188 ἀποστέλλει
1725 2132 1857 2201 πρὸς
1896 2129 2021 2190 τούς
2055 2126 2220 2188 Ἰαϐὶς

670 2232 901 2295 Γαλαὰδ,
932 2227 1164 2283 ἐπαινῶν
1195 2224 1391 2286 αὐτοὺς
1413 2224 1492 2275 ὃτι
1520 2220 1723 2295 ἔθαψαν
1767 2218 1857 2270 τὸν
1888 2214 2075 2268 Σαούλ.
2114 2212 2221 2265 Καὶ

684 2290 935 2387 Ἀϐεννηρ
968 2316 997 2367 6
1030 2310 1328 2383 στρατηγὸς
1372 2307 1464 2361 τοῦ
1511 2305 1679 2359 Σαοὺλ
1709 2290 2039 2357 ’ἐϐασίλευσε
2068 2300 2095 2387 ξι
2126 2296 2219 2387 τοῦ

683 2383 1037 2475 Ἰσραὴλήυίδν
1073 2396 1243 2451 Σαοὺλ
1282 2394 1372 2447 τὸν
1418 2388 1788 2461 Μεμφιϐόσθέ.
1822 2387 1925 2440 Τοῦ
1954 2387 2009 2439 δι
2054 2383 2220 2437 Ἰούδα

674 2470 987 2550 ἐϐασίλευσε
1018 2485 1199 2539 Δαυῖδ.
1247 2484 1333 2545 Ὠς
1372 2481 1427 2533 66
1466 2478 1749 2546 συνέτυχον
1782 2475 2027 2545 ἀλλήλοις
2064 2470 2220 2526 ἰωὰϐ

674 2583 703 2632 6
728 2578 821 2631 τοῦ
850 2573 1029 2637 Δαυτδ,
1053 2573 1149 2625 καὶ
1180 2570 1438 2636 Ἀϐεννὴρ
1465 2569 1493 2619 6
1519 2565 1610 2619 τοῦ
1632 2562 1822 2624 Σαοὺλ,
1850 2561 1943 2614 καὶ
1973 2576 2222 2628 συνεκρο-

673 2667 810 2736 τήθη
859 2663 1087 2727 πόλεμος
1135 2658 1241 2712 ἀπὸ
1292 2656 1526 2717 παιδίας,
1582 2650 1903 2707 κατεδίωκεν
1952 2647 2146 2718 ’Δσαὴλ
2193 2647 2222 2699 6

675 2734 899 2820 ἁδελφὸς
940 2748 1093 2802 ’Ῑωάϐ
1126 2746 1216 2801 τὸν
1255 2744 1543 2812 Ἀϐεννήρ·
1584 2740 1677 2793 καὶ
1697 2737 1952 2799 πολλάκις
1977 2734 2221 2788 κελεύον-

675 2857 760 2901 τος
803 2836 1097 2906 ἀναχωρεῖν
1123 2872 1139 2898 ,
1190 2832 1286 2884 οὐκ
1318 2830 1588 2899 ἠνέσχετο.
1622 2826 1754 2878 Τότε
1809 2824 2020 2893 ἀναιρεῖ
2065 2820 2222 2906 αὐτδν

689 2924 965 2992 Ἀϐεννὴρ,
1002 2920 1093 2973 καὶ
1128 2918 1358 2978 καλέσας
1381 2915 1471 2967 τὸν
1493 2912 1648 2966 Ἰωάϐ
1675 2912 1921 2981 παραινεῖ
1942 2905 2221 2961 καταπαῦο

678 3028 768 3062 σαι
790 3009 877 3062 τὸν
910 3006 1159 3074 πόλεμον.
1182 3005 1292 3057 Καὶ
1314 2998 1381 3071 ἦν
1404 3001 1633 3067 πόλεμος
1665 2998 1931 3066 ἀναμέσον
1958 2993 2050 3046 τοῦ
2077 2995 2222 3046 οίκου

677 3094 847 3150 Σαοὺλ
880 3093 971 3145 καὶ
998 3088 1090 3142 τοῦ
1117 3090 1264 3142 οἴκου
1292 3086 1480 3139 Δαυῖδ·
1511 3085 1602 3137 καὶ
1648 3085 1676 3135 6
1728 3083 1826 3151 μὲν
1856 3080 2085 3149 ἠσθένει,
2117 3080 2146 3130 6
2169 3077 2224 3130 66

678 3177 1045 3251 ἐκραταιοῦτο.
1091 3173 1365 3243 Δαμϐάνει
1416 3172 1515 3241 τὴν
1562 3168 1840 3237 παλλακὴν
1876 3165 1970 3251 τοῦ
2002 3162 2226 3251 Σαούλό

692 3248 980 3331 ’Λϐεννήρ·
1028 3258 1338 3313 ἐνεκάλεσεν
1389 3252 1813 3325 όΜεμφιϐοσθέ.
1866 3249 2146 3321 Θυμωθεὶς
2198 3248 2227 3299 6

693 3350 945 3420 ’Λϐεννὴρ
984 3348 1188 3416 πέμπει
1222 3344 1359 3414 πρὸς
1406 3343 1496 3395 16v
1534 3340 1694 3394 Δαυτδ
1722 3380 1737 3403 ,
1768 3336 2226 3406 ἐπαγγελλόμενος

681 3438 892 3490 ἅπαντα
914 3434 1004 3487 τὸν
1030 3432 1156 3485 λαὸν
1179 3428 1327 3496 αὐτῷ
1354 3426 1709 3498 παραδώσειν.
1744 3424 1853 3476 Καὶ
1895 3422 2110 3475 ἐλθόντα
2133 3420 2227 3472 αὐ-

682 3524 771 3576 τὸν
818 3520 951 3591 πρὸς
981 3524 1159 3581 αὐτὸν,
1194 3516 1460 3569 εἱστίασεν
1491 3516 1518 3566 6
1563 3511 1741 3564 Δαυϊδ.
1798 3510 1883 3570 Ὠς
1913 3508 1968 3559 δὲ
2000 3509 2226 3577 ἣκουσεν

683 3607 842 3661 πόθεν
872 3609 934 3659 ἐκ
953 3605 1183 3674 πολέμου
1213 3600 1506 3669 ἐπανῆλθεν
1531 3601 1558 3651 6
1582 3596 1759 3658 Ίωάϐ,
1801 3593 2226 3664 μεταπεμψάμε-

683 3706 769 3756 νος
800 3690 1157 3759 τὸνἌϐεννὴρ
1180 3686 1572 3753 ἐδολοφόνησεν,
1604 3682 1829 3736 ἐκδικῶν
1856 3680 1917 3732 τὸ
1945 3678 2037 3732 τοῦ
2074 3678 2226 3730 ἀδελ-

685 3778 782 3848 φοῦ
818 3773 972 3845 αἷμα.
1002 3773 1201 3828 Μαθὼν
1226 3775 1253 3824 6
1276 3770 1433 3822 Δαυῒδ
1465 3770 1763 3838 καταρᾶται
1794 3766 1885 3819 τὸν
1914 3764 2070 3818 Ἰωάϐ
2089 3803 2103 3827 ,
2138 3765 2229 3815 καί

686 3865 870 3935 θρηνεῖ
893 3863 983 3914 τὸν
1008 3858 1285 3927 Ἀϐεννὴρ,
1314 3855 1405 3908 καὶ
1429 3852 1565 3923 μετά
1588 3852 1784 3920 πολλῆς
1816 3852 2005 3904 θάπτει
2031 3850 2126 3918 τῆς
2149 3866 2228 3900 τι-

688 3934 812 4018 μῆς.
859 3946 1041 4015 Ῥιχάν
1088 3946 1181 3997 καὶ
1221 3942 1422 4003 Βανέας
1456 3949 1479 3978 θ
1528 3937 1699 4006 λάθρα
1748 3937 1836 3988 τὸν
1882 3934 2228 4005 Μεμφιϐοσθέ

686 4035 959 4094 ἀνελόντες
985 4028 1144 4102 ἦλθον
1170 4028 1303 4097 πρὸς
1340 4026 1427 4078 16v
1456 4024 1634 4085 Δαυῒδ,
1674 4023 1748 4084 ὡς
1788 4022 2230 4092 εὐδοκιμήσαντες

686 4120 772 4173 διὰ
797 4120 884 4171 τὸν
928 4118 1101 4185 φόνον.
1168 4113 1226 4167 Ὀ
1276 4114 1332 4165 66
1369 4111 1559 4171 αὐτοὺς
1597 4110 1789 4163 ἀνεῖλε.
1844 4109 1975 4160 Τότε
2025 4108 2231 4174 γίνεται

687 4206 881 4266 παντὸς
919 4203 1009 4255 τοῦ
1038 4200 1166 4252 λαοῦ
1207 4198 1454 4267 βασιλεὺς
1496 4198 1524 4247 6
1556 4194 1715 4249 Δαυῒδ
1738 4234 1751 4259 ,
1784 4196 1877 4247 καὶ
1900 4193 2115 4263 ἔρχεται
2155 4194 2233 4255 εἰς

701 4289 1045 4361 Ἰερουσαλὴμ
1066 4285 1203 4355 πρὸς
1224 4284 1313 4335 τὸν
1328 4283 1664 4343 Ἱεϐουσαῖον,
1702 4282 1792 4332 καὶ
1814 4279 2107 4331 κωλύουσιν
2132 4279 2231 4331 αὐ-

688 4379 776 4428 τὸν
806 4377 851 4427 οί
875 4372 1032 4442 χωλοὶ
1063 4370 1339 4433 εἰσελθεῖν,
1368 4369 1457 4420 καὶ
1485 4366 1744 4436 λαμϐάνει
1773 4366 1870 4435 τὴν
1897 4365 2069 4437 ἄκραν
2095 4403 2109 4428 ,
2141 4364 2233 4417 καὶ

689 4460 1031 4530 ᾠκοδόμησεν
1061 4454 1232 4523 ἐαυτῷ
1259 4451 1421 4507 οἰκον.
1442 4450 1741 4522 Συνέπραξε
1764 4451 1819 4504 66
1841 4450 1987 4518 αὐτῷ
2013 4452 2104 4501 καὶ
2126 4449 2233 4500 Χυ-

692 4547 804 4616 ράμ
834 4546 861 4597 6
892 4542 1140 4612 βασιλεὺς
1178 4540 1373 4612 Τύρου.
1410 4539 1810 4607 Ἐπανέστησαν
1855 4538 1903 4589 οἰ
1931 4536 2229 4602 ἀλλόφυλοι,

690 4634 782 4684 κα)⁵
810 4629 1032 4694 ἐξελθὼν
1062 4622 1354 4695 κατέκοψεν
1381 4626 1572 4686 αὐτοὺς
1602 4625 1630 4675 6
1667 4622 1841 4674 Δαυῖδ.
1886 4623 1971 4684 ’ως
1994 4621 2050 4673 66
2076 4621 2233 4675 πάλιν

688 4716 938 4767 ἐπέθεντο
961 4752 976 4777 ,
1026 4711 1287 4764 κωλύεται
1320 4712 1467 4780 παρὰ
1492 4709 1585 4761 τοῦ
1618 4707 1751 4761 Θεοῦ
1804 4709 1881 4770 εἰς
1916 4709 2233 4775 συνάντησιν

687 4803 865 4862 αὐτοῖς
894 4798 1147 4851 ἀνελθεῖν.
1173 4797 1309 4849 Ἀλλ’
1351 4798 1454 4849 Ἐν
1476 4794 1556 4859 τῷ
1584 4794 1841 4848 ἀκοῦσαί
1878 4809 1979 4859 σε,
2015 4792 2177 4863 φησὶν
2206 4795 2233 4845 6

689 4887 839 4959 [369]
856 4886 1005 4949 Θεὸς,
1026 4886 1138 4951 τὴν
1157 4884 1365 4953 φωνὴν
1392 4883 1496 4936 τοῦ
1517 4882 1768 4950 σεισμοῦ
1792 4881 1897 4934 τοῦ
1930 4879 2236 4948 κλαυθμῶ-

687 4991 808 5047 tog,
825 4974 956 5025 τότε
978 4972 1238 5040 πολέμει.
1263 4971 1393 5022 Τότε
1415 4969 1522 5039 γὰρ
1545 4968 1922 5038 παραδίδονταί
1948 4984 2047 5018 σοι.
2083 4968 2235 5018 Ἀνά-

686 5076 771 5127 γει
787 5059 884 5127 τὴν
907 5060 1132 5109 κιϐωτὸν
1156 5060 1183 5110 6
1216 5056 1392 5117 Δαυϊδ,
1408 5056 1499 5107 καὶ
1517 5054 1843 5122 ἀποθνήσκει
1864 5051 2013 5115 Ὀζᾶ,
2032 5054 2111 5103 ὅτι
2162 5051 2237 5117 6&-

685 5148 853 5201 ἐτεινε
876 5145 974 5213 τὴν
1003 5149 1155 5212 χεῖρα
1172 5144 1333 5196 αὐτοῦ
1366 5144 1498 5212 πρὸς
1529 5143 1627 5211 τὴν
1650 5141 1895 5193 κιϐωτόν.
1953 5141 2038 5201 Ὠς
2062 5139 2117 5191 δὲ
2144 5141 2236 5191 άν-

688 5232 899 5301 ήγετοή
931 5229 1176 5289 κιϐωτὸς,
1216 5230 1439 5297 ὠρχεῖτο
1463 5230 1490 5280 6
1514 5226 1692 5289 Δαυῒδ,
1715 5226 1807 5279 καὶ
1834 5225 2179 5294 ἐξουθένησεν
2204 5226 2236 5293 ἡ

688 5316 933 5387 Μελχώλ.
962 5314 1095 5367 Τότε
1126 5313 1439 5381 βουλόμενος
1466 5315 1494 5365 6
1514 5312 1673 5364 Δαυῒδ
1709 5310 2053 5379 οἰκοδομῆσαι
2088 5309 2235 5372 ναὸν,

748 5460 772 5487 ⁸
806 5458 973 5513 Ἰάϐης.
996 5455 1120 5503 Infra
1161 5452 1321 5507 Ἰαϐἐς.

700 5580 705 5587 ι
748 5518 775 5558 1)
798 5512 929 5566 Νοιε
945 5516 1143 5564 verbum
1170 5513 1428 5575 βασιλεύειν
1451 5512 1606 5562 active
1646 5519 1911 5574 sumptum,
1937 5526 2035 5573 pro.
2068 5523 2237 5572 regem

686 5583 847 5685 υἱοῖς
876 5637 992 5684 edit.
1034 5635 1171 5693 Rom.
1202 5633 1375 5688 Βαανά,
1418 5636 1468 5678 el
1502 5632 1697 5692 Ῥηχάϐ.
1724 5632 1921 5683 Coislin.
1960 5631 2119 5693 Ἰχαὰϐ
2158 5631 2236 5676 καὶ

688 5696 878 5751 Βανέας.
894 5695 1115 5757 Lugdun.
1146 5692 1305 5755 Ῥιχὰν
1326 5694 1401 5739 καὶ
1424 5695 1607 5747 Βενέας.

1326 396 1385 452 S.
1414 390 1694 451 JOA‘NNIS
1723 381 2211 443 CHRYSOSTOMI
2249 382 2562 439 ARCHIEP.
2592 382 3137 441 CONSTANTINOP.

3772 404 3885 458 346

2315 493 2578 547 κωλύεται
2606 495 2710 547 ὐπὸ
2733 494 2827 547 τοῦ
2848 496 3032 549 Νάθαν
3058 493 3150 548 τοῦ
3184 496 3481 567 προφήτου,
3524 495 3619 549 καὶ
3658 496 3879 567 εὐχεται

2315 581 2649 651 εὐχαριστῶν
2690 582 2825 651 πρὸς
2859 583 2950 635 τὸν
2982 582 3112 635 θεὸν
3140 623 3155 647 ,
3200 582 3538 653 εὐχαριστῶν
3578 583 3723 654 ὑπὲρ
3768 584 3877 637 τῶν

2316 666 2653 733 ἐπαγγελιῶν
2678 660 2751 719 ὧν
2787 668 3033 737 ἡκουσεν.
3072 665 3334 729 Ἐπάταξε
3366 667 3529 719 Δαυῖδ
3551 668 3679 731 τοὺς
3720 669 3876 720 ἀλλο-

2316 751 2511 820 φύλους
2540 752 2632 805 καὶ
2656 753 2747 805 τὸν
2776 752 2947 806 Μωάϐ
2975 752 3067 805 καὶ
3096 753 3221 811 τοὺς
3250 751 3471 822 Σύρους,
3519 754 3609 804 καί⁵
3634 752 3707 807 τὰ
3736 753 3876 807 ὅπλα

2315 836 2383 889 16
2425 839 2618 907 χρυσᾶ,
2646 836 2683 890 ἃ
2714 836 2923 904 ἐλαϐεν,
2953 838 3178 907 ἤνεγκεν
3203 838 3282 899 εἰς
3322 837 3696 907 Ἰερουσαλὴμ,
3730 838 3878 910 ἅπερ

2318 921 2541 993 ὕστερον
2584 921 2743 975 ἔλαϐε
2790 922 3094 991 Σουσακεὶμ
3134 922 3381 991 βασιλεὺς
3425 922 3725 989 Αἰγύπτου.
3766 925 3877 978 Καὶ

2318 1006 2489 1059 πολλά
2509 1008 2817 1077 ἀναθέματα
2847 1008 3111 1079 ἀνέθηκεν
3134 1010 3163 1061 6
3194 1008 3374 1061 Δαυῖδ.
3416 1008 3578 1072 ’Δξιοῖ
3594 1009 3691 1062 τὸν
3717 1010 3875 1080 Μεμ-

2319 1091 2519 1158 φιϐαάλ
2578 1092 2690 1145 υἱὸν
2752 1093 3003 1146 Ἰωνάθαν
3061 1093 3335 1163 τραπέζης
3400 1093 3717 1163 βασιλικῆς,
3782 1097 3877 1147 καὶ

2319 1178 2494 1231 πάντα
2530 1176 2598 1230 16
2642 1176 2735 1230 τοῦ
2764 1177 2933 1231 Σαοὺλ
2972 1177 3182 1233 δίδωσιν
3208 1177 3372 1247 αὐτῷ.
3413 1180 3521 1233 Καὶ
3552 1180 3769 1233 κελεύει
3799 1180 3877 1250 τῷ

2321 1262 2486 1332 Σίϐᾳ,
2534 1263 2592 1326 ὃς
2625 1259 2694 1333 ἦν
2738 1262 2884 1333 αὐτῷ
2916 1262 3099 1326 δοῦλος
3132 1263 3427 1335 πατρικὸς,
3473 1264 3748 1319 δουλεύειν
3797 1266 3876 1335 τῷ

2321 1349 2649 1419 Μεμφιϐαάλ
2694 1349 2830 1419 μετά
2854 1350 2963 1402 τῶν
3001 1350 3205 1403 τέκνων
3233 1351 3417 1407 αὐτοῦ.
3449 1352 3659 1419 Πέμπει
3688 1351 3751 1406 66
3782 1356 3877 1407 καὶ

2322 1436 2457 1503 πρὸς
2482 1436 2571 1487 τὸν
2603 1435 2827 1503 βασιλέα
2857 1434 2987 1488 υἰῶν
3029 1434 3249 1505 Ἀμμὼν
3274 1437 3685 1506 παρακαλέσων,
3726 1440 3875 1491 ἐπει-

2321 1518 2385 1588 δὴ
2416 1517 2660 1587 τεθνήκει
2688 1518 2850 1572 αὐτοῦ
2878 1522 2907 1572 6
2938 1521 3137 1589 πατήρ.
3166 1520 3225 1573 '0
3252 1520 3307 1572 66
3334 1519 3436 1573 ὑπὸ
3466 1522 3571 1574 τῶν
3594 1524 3875 1591 ἀρχόντων

2323 1603 2485 1657 αὐτοῦ
2516 1604 2880 1668 ἀναπεισθεὶς,
2903 1605 3153 1675 ἀτιμάζει
3179 1607 3305 1669 τοὺς
3341 1607 3744 1671 ἀποσταλέντας
3768 1609 3879 1663 6116

2321 1688 2415 1742 106
2458 1689 2620 1743 Δαυῖδ
2660 1692 2739 1754 είς
2780 1690 3139 1762 παράκλησιν.
3177 1691 3449 1745 Ἐντεῦθεν
3472 1691 3675 1760 γίνεται
3709 1693 3874 1746 πόλε-

2328 1794 2425 1847 μος
2442 1793 2454 1805 °
2486 1779 2577 1831 καὶ
2602 1777 2661 1830 16
2689 1779 2785 1848 μιν
2817 1779 3028 1849 πρῶτον
3055 1778 3265 1849 ἔπεμψε
3289 1779 3378 1832 τὸν
3416 1780 3591 1845 Ἱωάϐ,
3623 1776 3745 1835 εἶτα
3772 1776 3874 1852 ἦλ-

2325 1864 2415 1916 θεν
2452 1864 2609 1927 αὐτὸς
2640 1866 2669 1918 6
2702 1864 2893 1929 Δαυῒδ,
2923 1866 3016 1918 καλ⁸
3056 1865 3316 1936 τρέπεται
3340 1867 3464 1928 τοὺς
3497 1866 3749 1941 ἐχθρούς.
3793 1869 3838 1919 Τ
3842 1868 3877 1922 6

2325 1948 2464 2002 κατά
2487 1949 2574 2002 τὸν
2598 1949 2795 2019 Οὐρίαν
2822 1950 3070 2003 ἐντεῦθεν
3102 1952 3195 2003 καὶ
3225 1950 3322 2020 τὴν
3355 1951 3651 2021 Βηρσαϐεέ,
3694 1954 3791 2004 καὶ
3814 1953 3877 2005 16

2324 2034 2529 2087 παιδίον
2572 2035 2632 2087 16
2676 2035 3015 2104 τελευτῆσαν.
3064 2035 3197 2088 Μεθ’
3245 2035 3274 2088 6
3315 2035 3553 2089 τίκτεται
3598 2037 3874 2107 Σολομὼν.

2325 2120 2553 2190 Πολεμεῖ
2577 2122 2605 2174 6
2634 2122 2787 2174 Ἰωαϐ
2808 2122 2906 2190 τὴν
2929 2120 3189 2186 Ῥαυάθιι,
3222 2124 3315 2173 καὶ
3352 2121 3487 2190 μετά
3513 2121 3574 2173 16
3602 2124 3877 2192 κρατῆσαι

2324 2207 2421 2277 τῆς
2446 2206 2649 2269 πόλεως
2667 2247 2682 2271 ,
2733 2207 2934 2276 πέμπει
2961 2206 3050 2259 ἐπὶ
3080 2207 3170 2259 τὸν
3201 2205 3391 2269 Δαυῖδ,
3426 2206 3742 2276 βουλόμενος
3778 2210 3878 2277 τὴν

2325 2292 2478 2361 νίκην
2500 2292 2687 2362 ἐκείνῳ
2706 2292 3094 2361 ἐπιγραφῆναι.
3124 2289 3254 2361 Ἐρᾷ
3282 2292 3310 2344 6
3339 2292 3448 2353 υίὸς
3478 2292 3640 2346 Δαυῒδ
3666 2294 3878 2362 Ἀμνῶν

2324 2375 2422 2444 τῆς
2467 2376 2695 2445 ἀδελφῆς
2736 2376 2897 2429 αὐτοῦ
2945 2377 3041 2447 τῆς
3086 2376 3314 2447 Θάμαρ,
3355 2378 3446 2428 καὶ
3489 2379 3878 2449 προσποιηθεὶς

2325 2462 2510 2524 νόσον,
2570 2462 2824 2515 ἐλθοῦσαν
2873 2462 3038 2532 αὐτὴν
3091 2463 3171 2524 εἰς
3226 2461 3509 2531 ἐπίσκεψιν
3568 2462 3874 2533 ἐξύϐρισεν.

2339 2548 2597 2612 Ἀκούσας
2638 2548 2694 2602 66
2734 2549 2762 2600 6
2809 2548 3031 2617 ἀδελφὸς
3070 2549 3238 2618 αὐτῆς
3288 2548 3672 2618 Ἀϐεσσαλὼμ,
3722 2550 3879 2605 καλεῖ

2333 2634 2468 2704 μετά
2494 2634 2668 2687 ταῦτα
2693 2634 2780 2687 τὸν
2812 2634 3031 2705 βασιλέα
3064 2636 3144 2696 εἰς
3170 2634 3408 2686 ἐστίασιν
3427 2648 3441 2663 ·
3467 2634 3541 2697 ὡς
3570 2635 3625 2686 δὲ
3655 2636 3755 2687 οὐκ
3785 2632 3879 2705 ἧλ-

2328 2718 2418 2771 θεν
2447 2721 2673 2783 ἐκεῖνος,
2702 2720 2852 2789 ὴξίου
2879 2722 3002 2780 τούς
3039 2716 3169 2787 γοῦν
3200 2719 3454 2787 ἀδελφοὺς
3488 2719 3679 2772 ἐλθεῖν.
3725 2721 3878 2773 Ἐπεὶ

2326 2806 2381 2859 66
2403 2801 2581 2876 ἦλθον,
2618 2806 2946 2876 παρήγγειλε
2974 2808 3084 2866 τοῖς
3109 2806 3299 2858 ἐαυτοῦ
3329 2805 3533 2869 παισὶν,
3555 2807 3646 2858 καὶ
3667 2806 3880 2858 ἀνεῖλον

2328 2894 2385 2944 ἐν
2415 2892 2561 2961 αὐτῷ
2593 2893 2669 2961 τῷ
2700 2893 2904 2961 ἀρίστῳ
2946 2892 3035 2944 τὸν
3087 2891 3315 2960 Ἀμνῶν.
3369 2892 3454 2955 Ὠς
3497 2891 3552 2943 δὲ
3596 2893 3880 2962 ήκουσενὸ

2328 2977 2508 3038 Δαυῒδ,
2540 2977 2833 3045 ἐπένθησεν
2866 2977 3083 3040 ἱκανῶς,
3113 2978 3205 3029 καὶ
3231 2977 3487 3047 ὠργίζετο
3516 2978 3591 3046 τῷ
3621 2977 3878 3030 ’Δϐεσσα-

2328 3061 2465 3131 λώμ.
2505 3064 2564 3115 'U
2597 3062 2654 3115 δὲ
2696 3064 2935 3132 ἀπέδρα*
2982 3063 3072 3114 καὶ
3120 3062 3256 3131 μετά
3302 3062 3394 3132 ἑτη
3430 3062 3572 3130 τρία,
3619 3063 3708 3115 ὅτε
3755 3065 3880 3116 καθ·

2329 3147 2503 3215 υφῆκε
2541 3148 2639 3216 τῆς
2675 3148 2841 3217 ὀργῆς
2879 3150 2908 3200 6
2952 3147 3235 3218 βασιλεὺς,
3284 3146 3556 3216 σοφίζεται
3599 3148 3757 3200 ἰωάϐ
3795 3151 3882 3201 6:6

2331 3232 2582 3299 γυναικὸς
2627 3232 2943 3295 Θεκωῖτιδος
2968 3270 2983 3295 ,
3032 3234 3125 3286 καὶ
3172 3233 3343 3285 πείθει
3388 3235 3750 3300 ἐπαναγαγεῖν
3791 3236 3881 3290 16‘;

2343 3316 2708 3387 Ἀϐεσσαλώμ.
2750 3317 3135 3371 Ἐπανελθόντα
3167 3318 3225 3371 66
3250 3318 3349 3372 οὐκ
3381 3317 3641 3388 ἠθέλησεν
3670 3319 3879 3383 εὐθέως

2335 3404 2457 3457 ίδεῖν
2508 3406 2537 3456 6
2580 3404 2778 3473 πατὴρ,
2830 3405 2944 3457 ἀλλ’
2980 3401 3048 3474 ἦν
3090 3405 3181 3456 δύο
3210 3406 3299 3473 ἔτη
3345 3407 3402 3458 ἐν
3441 3404 3792 3475 Ἰερουσαλὴμ
3826 3407 3880 3471 ἐξ

2331 3489 2500 3557 ὅψεως
2544 3488 2637 3539 τοῦ
2686 3488 2968 3556 βασιλέως.
3022 3488 3153 3540 Τότε
3203 3488 3357 3541 καλεῖ
3396 3490 3486 3542 τὸν
3528 3490 3715 3542 Ίωάϐο
3765 3494 3794 3541 6
3827 3491 3879 3541 δὲ

2331 3576 2426 3644 οὐχ
2471 3572 2792 3643 ὑπήκουσεν.
2842 3570 2973 3629 Εἶτα
3001 3574 3292 3646 ἐνέπρησεν
3339 3574 3503 3627 αὐτοῦ
3549 3576 3640 3627 τὸν
3685 3576 3878 3643 ἀγρὸν,

2333 3664 2424 3715 καὶ
2462 3662 2630 3724 οὓτως
2673 3660 3031 3729 ἀναγκασθεὶς
3060 3656 3189 3732 ἦλθε
3214 3662 3346 3732 πρὸς
3378 3662 3467 3715 τὸν
3507 3662 3879 3731 Ἀϐεσσαλὼμ,

2334 3750 2424 3802 καὶ
2455 3747 2777 3811 ἀποσταλεὶς
2822 3749 2915 3799 ὐπ’
2954 3747 3117 3802 αὐτοῦ
3147 3748 3281 3817 πρὸς
3333 3749 3422 3801 16v
3464 3748 3704 3817 βασιλέα,
3755 3767 3882 3801 κατ-

2334 3838 2556 3907 ήλλαξεν
2630 3836 2820 3897 αὐτὸν,
2890 3836 2983 3888 καὶ
3043 3837 3301 3905 εἰσήγαγε
3352 3834 3442 3888 τὸν
3508 3838 3878 3906 ’Δϐεσσαλώμ.

2348 3923 2595 3992 Ἐποίησε
2619 3922 2673 3974 δέ
2696 3921 2845 3991 αὐτῷ
2876 3922 3095 3991 ἅρματα
3140 3922 3233 3974 καὶ
3279 3922 3474 3984 ἵππους
3509 3922 3880 3991 ’Λϐεσσαλὼμ,

2336 4009 2427 4060 καί
2464 4009 2589 4069 τούς
2621 4007 2945 4076 ἐρχομένους
2989 4005 3265 4074 κρίνεσθαι
3318 4007 3453 4074 μετά
3500 4006 3693 4075 πολλῆς
3749 4009 3884 4059 ἀπο-

2334 4093 2618 4162 δεχόμενος
2642 4092 2807 4162 τιμῆς
2826 4130 2842 4155 ,
2871 4090 3055 4161 ἐπῄνει
3106 4090 3202 4159 μέν
3232 4090 3306 4152 ὡς
3332 4090 3511 4143 δίκαια
3534 4091 3707 4156 λέγειν
3736 4093 3884 4160 ἔχονο

2336 4196 2451 4241 τας,
2485 4177 2621 4230 ἐλέει
2662 4178 2718 4229 δὲ
2761 4176 2835 4238 ὡς
2872 4175 3081 4238 οὐδενὸς
3114 4175 3263 4239 ὄντος
3285 4174 3379 4226 τοῦ
3420 4176 3618 4244 ἀμῦναι
3648 4175 3883 4245 δυναμέ-

2337 4281 2447 4326 νου,
2475 4264 2568 4315 καὶ
2594 4261 2773 4327 ἔλεγε·
2799 4263 2894 4326 Τίς
2922 4260 3282 4326 καταστήσει
3304 4277 3378 4328 με
3414 4261 3619 4327 κριτὴν
3646 4248 3747 4314 ἐστὶ
3778 4261 3884 4328 τῆς

2338 4350 2449 4418 τῆς
2465 4366 2483 4414 ;
2520 4350 2613 4403 καὶ
2636 4348 2806 4411 οὕτως
2841 4347 3099 4417 ᾠκειοῦτο
3122 4348 3210 4400 τὸν
3239 4347 3383 4400 λαόν.
3424 4349 3805 4402 Ἐπανίσταται
3830 4352 3885 4405 66

2352 4434 2698 4503 Ἀὄεσσαλὼμ
2732 4434 2808 4503 τῷ
2841 4435 2999 4487 Δαυῖδ
3019 4452 3033 4467 ο
3063 4436 3093 4486 6
3121 4435 3179 4487 66
3209 4434 3442 4497 ἀκούσας
3471 4435 3664 4502 ἔφυγεν
3694 4437 3760 4486 ἐκ
3789 4436 3885 4503 τῆς

2349 4522 2729 4590 Ἰερουσαλὴμ,
2761 4520 2914 4587 ἀφεὶς
2947 4520 3045 4581 τὰς
3096 4519 3372 4583 παλλακάς
3403 4521 3564 4573 αὐτοῦ
3596 4523 3652 4573 ἐν
3680 4526 3751 4593 τῇ
3785 4523 3883 4574 πόο

2338 4607 2433 4660 λει.
2463 4606 2792 4675 Βουλομένου
2823 4606 2916 4657 τοῦ
2938 4604 3057 4658 Ἐθι
3086 4605 3515 4675 συμπορεύεσθαι
3543 4606 3711 4675 αὐτῷ,
3732 4606 3884 4677 [⁸550]

2336 4693 2403 4755 τὸ,
2428 4693 2524 4761 μὲν
2558 4692 2770 4761 πρῶτον
2802 4690 3055 4755 ἐκώλυεν,
3096 4692 3215 4743 ἐπεὶ
3257 4681 3313 4743 66
3354 4686 3490 4743 εἶδεν
3517 4694 3883 4760 ἐπικείμενον,

2337 4779 2533 4835 εἴασεν.
2568 4778 2654 4839 Ὠς
2700 4777 2756 4829 66
2795 4776 3047 4845 διέϐησαν
3087 4776 3177 4828 τὸν
3208 4777 3556 4846 χειμάρρουν,
3589 4780 3885 4845 προσέταξε

2336 4868 2446 4925 τοῖς
2476 4862 2707 4931 ἰερεῦσιν
2739 4861 3073 4930 ἀποστρέψαι
3098 4863 3196 4930 τὴν
3222 4860 3448 4913 κιϐωτὸν
3476 4864 3553 4925 είς
3588 4863 3686 4932 τὴν
3710 4862 3882 4918 πόλιν.

2338 4949 2507 5011 Αὐτὸς
2527 4949 2583 4999 δὲ
2611 4948 2922 5023 περιμένειν
2947 4948 3140 5009 αὐτοὺς
3163 4946 3265 5015 ἔφη
3293 4948 3424 5017 πρὸς
3452 4951 3517 5018 τῇ
3548 4948 3720 5019 ἐλαίᾳ,
3753 4952 3809 5002 εί
3834 4968 3885 5002 τι

2339 5036 2509 5105 ἔχοιεν
2570 5034 2680 5087 τῶν
2753 5034 2845 5087 τοῦ
2925 5034 3179 5103 βασιλέως
3244 5036 3565 5106 ἀπορρήτων
3632 5037 3882 5102 ἐξειπεῖν.

2352 5122 2591 5191 Ἀπαντᾷ
2617 5121 2692 5189 τῷ
2728 5120 2891 5172 Δαυῖδ
2935 5122 2963 5173 6
3002 5120 3190 5175 Χουσί.
3228 5122 3286 5173 '0
3308 5123 3364 5175 δὲ
3389 5123 3697 5176 ἀπέστειλεν
3726 5126 3886 5177 αὐτὸν

2340 5206 2416 5274 τῷ
2460 5207 2735 5275 Ἀχιτόφελ
2766 5206 3329 5275 ἐναντιωθησόμενον,
3375 5208 3433 5269 δς
3478 5203 3547 5277 ἦν
3590 5209 3887 5277 σύμϐουλος

2340 5293 2415 5362 τῷ
2464 5293 2831 5361 Ἀϐεσσαλώμ.
2881 5293 2969 5355 Ὠς
3011 5293 3067 5345 66
3108 5293 3348 5361 ἀπῆλθεν
3383 5294 3571 5356 αὐτὸς,
3616 5294 3833 5363 ἔρχεται
3857 5297 3889 5349 6

2344 5380 2494 5444 Σιϐᾶ,
2527 5380 2620 5431 καὶ
2649 5380 3027 5447 κατηγορήσας
3055 5378 3147 5431 τοῦ
3178 5380 3434 5431 δεσπότου
3473 5379 3635 5432 αὐτοῦ
3664 5382 3887 5450 Μεμφι-

2343 5464 2509 5527 ϐαάλ,
2540 5464 2614 5525 ὡς
2663 5463 2977 5532 βουλομένου
3023 5464 3188 5517 αὐτοῦ
3236 5464 3583 5533 βασιλεῦσαι,
3626 5465 3888 5535 λαμϐάνει

2409 5688 2436 5723 τι
2471 5686 2655 5745 Ῥοϐάθ,
2678 5688 2729 5736 iu
2751 5687 2868 5736 edit.
2895 5688 3032 5737 Rom.
3060 5688 3280 5738 Ῥαϐδάθ.
3304 5688 3499 5738 Coislin.
3536 5687 3727 5737 Ῥαυὰθ.
