4096 6498
245 434 356 489 345

257 546 348 585 sus
387 533 546 586 David
587 533 654 588 ab
677 534 906 590 exercitu
930 535 1059 605 (non
1087 536 1226 589 enim
1249 537 1488 592 sinebant
1537 539 1704 608 ipsum
1729 555 1816 594 sa-

258 633 420 692 trapa:
456 623 868 694 alienigenarum
901 641 1082 680 secum
1113 627 1166 680 in
1213 627 1449 695 prrelium
1494 630 1782 696 procedere
1803 670 1818 695 ,

254 713 583 780 suspicantes
631 728 697 768 ne
746 715 1034 768 exercitum
1078 731 1230 769 suum
1281 715 1566 788 proderet),
1624 718 1822 772 invenit

252 800 468 855 Secelac
510 803 810 868 incensam,
856 805 1190 874 sublatasque
1245 807 1488 861 mulieres
1533 826 1546 862 :
1599 811 1818 876 captiva:

252 906 481 960 namque
507 893 746 948 abdch
776 893 998 949 fuerant.
1029 895 1353 964 lnterrogato
1373 907 1546 952 autem
1575 900 1714 966 Deo,
1746 916 1811 955 an

251 985 454 1053 insequi
485 985 732 1049 deberet,
766 987 962 1056 illoque
1007 989 1358 1056 respondente
1381 1031 1396 1054 ,
1425 991 1638 1054 debere,
1674 992 1813 1046 inse-

249 1083 500 1142 sequutus
525 1076 643 1129 illos
663 1086 764 1131 est.
795 1077 856 1130 Et
872 1092 989 1130 eum
1011 1077 1280 1131 didicisset
1305 1094 1333 1132 a
1362 1095 1523 1148 puero
1541 1079 1808 1150 Aigyptio,

247 1163 462 1218 ubinam
493 1175 1006 1232 castrametarentur,
1048 1169 1282 1234 segniter
1317 1179 1531 1237 agentes
1559 1169 1811 1225 invadens

248 1255 506 1321 percussit
531 1255 648 1308 illos
667 1295 682 1318 ,
711 1263 765 1308 et
807 1255 973 1322 spolia
1004 1257 1240 1324 accepit,
1269 1265 1320 1310 et
1346 1259 1531 1326 aequali
1559 1268 1702 1312 sorte
1729 1259 1810 1313 di-

244 1345 366 1397 visit
387 1344 492 1398 illis
518 1346 603 1413 qui
637 1355 1010 1414 pugnaverant,
1041 1356 1094 1400 et
1122 1348 1226 1402 illis
1248 1348 1408 1415 quiin
1438 1350 1576 1403 vasis
1602 1364 1808 1404 manse-

245 1442 380 1486 rant.
426 1434 555 1488 Cum
583 1437 920 1489 commissum
949 1444 1122 1490 autem
1165 1437 1404 1504 prmlium
1449 1436 1632 1492 fuisset
1672 1439 1808 1493 inter

244 1521 490 1576 lsraelem
520 1532 573 1576 et
597 1524 917 1592 alienigenas
937 1564 951 1586 ,
980 1525 1221 1578 cecidere
1261 1526 1384 1579 Safil
1424 1536 1477 1580 et
1504 1525 1765 1582 Jonathan
1786 1569 1801 1595 ,

241 1622 294 1666 et
315 1612 422 1666 duo
448 1613 534 1665 alii
564 1613 653 1665 lilii
677 1614 791 1682 ejus
821 1631 832 1666 :
863 1623 917 1668 et
941 1625 1151 1684 captum
1177 1615 1345 1683 ipsum
1378 1616 1557 1671 hostes
1578 1633 1803 1687 suspen-

240 1701 428 1756 derunt
451 1703 503 1756 in
540 1718 690 1756 muro
730 1704 940 1757 Bithsan
964 1745 977 1768 ,
1018 1720 1134 1773 qua:
1173 1714 1255 1759 est
1281 1706 1642 1777 Scythopolis.
1695 1707 1801 1762 Ve-

240 1794 443 1847 nientes
471 1804 645 1847 autem
677 1796 772 1848 viri
805 1795 870 1850 de
896 1795 1087 1861 labes,
1118 1805 1435 1866 acceperunt
1471 1813 1591 1853 eum
1617 1807 1671 1854 et
1704 1798 1799 1853 Jo-

239 1882 429 1935 nathan
450 1925 464 1946 ,
497 1891 550 1937 et
578 1883 920 1952 sepelierunt.

736 2012 1011 2051 RECNORUH
1051 2014 1201 2052 LIBER
1240 2012 1297 2052 ll.

305 2109 458 2163 Venit
485 2111 746 2180 quispiam
774 2114 1089 2168 annuntians
1115 2114 1296 2169 Davidi
1318 2156 1331 2180 ,
1358 2131 1416 2171 se
1442 2116 1651 2173 Saﬁlem
1699 2133 1793 2174 oc-

234 2200 423 2254 cidiSse
450 2220 462 2254 :
487 2211 539 2255 et
563 2202 823 2256 interfecit
851 2204 996 2258 illum
1025 2205 1221 2271 David;
1254 2207 1488 2277 luxitque
1507 2209 1716 2265 Saﬂlem
1739 2223 1794 2266 et

231 2289 490 2344 Jonathan
515 2333 530 2353 ,
559 2301 613 2345 et
646 2293 892 2348 intinctus
919 2305 997 2347 est
1028 2295 1078 2348 in
1108 2311 1306 2364 regem.
1352 2297 1504 2352 Mittit
1549 2300 1613 2353 ad
1645 2300 1794 2354 habi-

234 2389 424 2434 tatores
449 2381 610 2434 Jabes
639 2382 836 2436 Galaad
857 2424 871 2446 ,
903 2384 1120 2439 laudans
1143 2387 1258 2440 illos
1285 2388 1424 2456 quod
1456 2391 1791 2458 sepeliissent

229 2468 455 2523 Saiilem.
478 2472 540 2524 Et
567 2472 810 2526 Abenner
831 2474 932 2527 dux
956 2474 1124 2530 Saulis
1153 2493 1327 2545 regem
1351 2478 1558 2535 lsraelis
1588 2485 1787 2538 consti-

232 2559 322 2612 tuit
350 2559 773 2627 Metnphibosthe
801 2563 873 2632 (α)
920 2563 1080 2618 filium
1125 2566 1317 2621 Saulis.
1361 2569 1522 2624 David
1553 2588 1677 2627 vero
1705 2590 1786 2628 re-

230 2651 402 2712 gnavit
453 2652 502 2702 in
538 2651 744 2704 Judam.
783 2653 846 2707 Ut
895 2666 1070 2708 autem
1121 2669 1464 2713 occurrerunt
1513 2663 1610 2714 sibi
1654 2663 1786 2718 Joab

231 2738 456 2805 Davidis,
487 2751 540 2794 et
573 2742 818 2796 Abeuner
842 2743 1013 2800 Saulis
1034 2747 1223 2811 duces,
1259 2758 1312 2802 et
1336 2753 1677 2806 commissum
1704 2764 1786 2809 est

228 2829 452 2895 prndium
481 2845 510 2881 a
549 2831 859 2897 juventutc,
909 2846 1258 2903 persequutus
1287 2849 1369 2892 est
1414 2842 1571 2896 Asaél
1624 2843 1786 2898 frater

225 2917 350 2972 Joab
379 2921 629 2975 Abenner
658 2940 672 2974 :
704 2939 808 2992 quo
834 2937 974 2993 saepe
997 2925 1214 2993 jubente
1244 2938 1299 2982 ut
1342 2931 1648 2997 recederet,
1681 2949 1782 2988 no-

226 3008 313 3064 luit
337 3011 442 3065 ille.
477 3010 620 3066 Tunc
659 3015 850 3068 occidit
875 3031 996 3069 cum
1036 3017 1301 3084 Abenner,
1335 3030 1388 3074 et
1413 3032 1596 3077 vocato
1616 3025 1782 3078 Joabo

227 3099 458 3154 hortatur
487 3113 543 3156 ut
587 3104 858 3172 prmliandi
909 3105 1066 3161 finem
1111 3108 1288 3163 faciat.
1319 3110 1628 3182 Bellumque
1665 3124 1782 3170 erat

225 3189 352 3242 inter
376 3192 593 3244 domum
622 3193 794 3246 Sat‘tlis
820 3204 870 3247 et
897 3195 1109 3249 domum
1141 3198 1322 3250 David.
1358 3200 1426 3252 Et
1456 3201 1545 3254 ille
1567 3203 1776 3271 quidem

223 3281 512 3348 deficiebat,
547 3284 632 3336 hic
658 3300 783 3338 vero
809 3287 1238 3342 confirmabatur.
1268 3289 1622 3345 Concubinam
1645 3294 1776 3347 Safi-

223 3369 282 3422 lis
318 3373 414 3425 sibi
464 3375 625 3426 sumit
671 3374 958 3431 Abenncr:
993 3377 1291 3446 objurgavit
1335 3379 1772 3450 Memphibosthe.

224 3458 378 3514 Iratus
418 3463 669 3516 Abenner
714 3465 873 3517 mittit
901 3466 965 3518 ad
1020 3467 1304 3534 Davidem,
1357 3472 1669 3539 promittens
1716 3488 1775 3527 se

223 3557 374 3600 totum
407 3550 478 3603 illi
503 3551 753 3618 populum
781 3552 1046 3607 daturum.
1076 3555 1384 3611 Venientem
1421 3559 1483 3613 ad
1506 3576 1562 3615 se
1590 3562 1773 3615 convi-

223 3643 302 3691 Vio
325 3644 530 3710 excepit
558 3643 742 3697 David.
792 3644 857 3699 Ut
885 3656 1060 3700 autem
1106 3648 1158 3701 id
1187 3649 1389 3703 audivit
1414 3665 1534 3705 cum
1576 3667 1606 3706 e
1632 3653 1771 3708 bello

221 3746 451 3786 reversus
471 3733 718 3800 estJoab,
739 3746 1012 3790 evocatum
1045 3740 1381 3794 Abennerum
1405 3742 1528 3795 dolo
1557 3743 1768 3808 occidit,

221 3828 270 3869 ut
293 3822 595 3890 sanguinem
636 3822 813 3877 fratris
850 3827 930 3878 sui
974 3828 1337 3883 ulcisceretur.
1380 3831 1457 3884 fle
1500 3846 1769 3902 comperta

219 3908 369 3962 David
401 3912 669 3966 maledicit
696 3913 863 3968 Joabo
884 3955 896 3977 ,
927 3926 980 3968 et
1005 3917 1146 3985 luget
1173 3918 1506 3974 Abennerum
1529 3963 1544 3988 ,
1567 3937 1627 3976 ac
1649 3937 1768 3977 cum

219 4001 406 4055 honore
435 4003 599 4057 multo
628 4005 835 4072 sepelit.
867 4005 1056 4060 lchaah
1082 4017 1134 4061 et
1169 4009 1369 4064 Banaas
1413 4012 1547 4065 clam
1593 4015 1769 4069 occiso

218 4091 626 4162 Metnpltibostltc
655 4107 912 4152 venerunt
935 4098 1001 4152 ad
1036 4099 1194 4153 David
1222 4142 1235 4161 ,
1264 4116 1325 4155 ac
1342 4103 1384 4156 si
1408 4104 1603 4157 caedem
1635 4107 1768 4158 hanc

217 4185 453 4246 prmelare
494 4187 806 4254 gessissent.
860 4187 952 4242 llle
1000 4204 1126 4243 vero
1153 4190 1248 4243 hos
1293 4192 1572 4245 interfecit.
1620 4193 1767 4248 Tunc

219 4273 362 4327 totius
389 4275 568 4343 populi
596 4290 685 4330 rex
711 4276 937 4330 efficitur
983 4277 1178 4343 David,
1225 4288 1278 4332 et
1304 4281 1444 4333 venit
1467 4281 1760 4336 Jerusalem

215 4361 272 4412 ad
291 4363 612 4429 Jebnsatum,
642 4365 1034 4435 impediuntque
1061 4367 1204 4421 illum
1234 4369 1404 4422 claudi
1434 4385 1499 4424 nc
1524 4370 1762 4436 intraret,

208 4467 657 4530 Clceptlareemm
679 4459 954 4514 redifieavit
976 4461 1072 4518 sibi
1091 4462 1324 4516 domum.
1359 4459 1487 4514 Cum
1517 4460 1607 4515 illo
1630 4478 1766 4531 quo-

213 4561 304 4611 que
330 4549 495 4604 fiedus
527 4551 755 4604 habebat
782 4550 1008 4622 Chyram
1040 4567 1131 4604 rex
1169 4551 1315 4620 Tyri.
1349 4552 1547 4605 Bellum
1595 4569 1765 4607 move-

215 4645 325 4689 runt
376 4642 720 4708 alienigenae,
779 4651 832 4695 et
871 4657 1118 4709 egressus
1169 4641 1300 4694 fudit
1346 4659 1436 4695 eos
1470 4644 1647 4698 David.
1697 4644 1766 4699 Ut

214 4738 371 4780 autem
401 4745 584 4783 rursus
633 4733 966 4796 invaserunt,
1015 4748 1042 4785 a
1095 4734 1202 4787 Deo
1234 4736 1556 4801 prohibetur,
1605 4753 1669 4790 nc
1712 4738 1761 4792 in

213 4832 472 4873 occursum
501 4821 712 4873 illorum
739 4831 838 4874 eat.
861 4822 961 4875 Sed
986 4823 1107 4874 Cum
1130 4824 1375 4885 audieris,
1403 4825 1571 4892 inquit
1602 4827 1758 4892 Deus,

267 4969 331 5029 (η)
357 4969 406 5016 lu
429 4969 655 5032 Vulgata,
687 4971 901 5021 Isbosrt’t.
932 4975 1011 5021 ttie
1033 4988 1147 5022 vero
1174 4976 1534 5031 ιτιωηνίιίὺοδιιιε
1566 4993 1658 5028 non
1699 4981 1762 5028 la-

215 5039 290 5086 ]:su
325 5033 546 5091 graphim
587 5033 791 5091 positum
840 5033 984 5082 fuisse
1024 5037 1370 5084 videturmant
1415 5038 1584 5085 eodem
1623 5044 1762 5090 modo

212 5093 418 5161 Scriptum
440 5093 514 5161 bis
537 5101 703 5161 postea
727 5095 1150 5161 occurrit_._Verum
1174 5097 1422 5158 exemplar
1446 5099 1759 5161 Chrysostomi

215 5150 394 5227 multum
421 5150 879 5227 variabatneratque
919 5154 997 5227 illo
1022 5163 1242 5227 tempore
1265 5150 1380 5227 mira
1413 5150 1759 5227 exemplarium

212 5209 463 5261 diversitas.
489 5213 629 5281 atulta
655 5209 914 5281 lectio-num
937 5209 1204 5281 discrimina
1229 5218 1443 5278 proferre
1469 5221 1514 5265 in
1540 5209 1758 5281 promptu

215 5280 349 5338 esset,
380 5275 586 5340 [navitae
613 5286 729 5340 vero
766 5275 812 5321 in
852 5276 1122 5340 notuiuihus
1138 5275 1362 5340 propriis.
1390 5286 1498 5328 Haec
1523 5275 1662 5340 porro
1677 5275 1757 5330 'le-

212 5333 311 5401 otio,
337 5334 722 5401 Mmtphibosthe,
749 5348 839 5401 non
880 5334 1094 5401 insolens
1132 5333 1279 5401 fuisse
1321 5333 1759 5401 videtur,'qnando-

211 5394 738 5461 quidenijl‘beodoretus
760 5397 902 5461 etiam
941 5397 1112 5444 eodem
1153 5400 1293 5446 modo
1332 5400 1451 5461 legit
1488 5394 1756 5457 Quz'rstione

212 5458 354 5500 octava
391 5457 438 5503 in
468 5455 943 5517 secundumlibrum
984 5465 1176 5517 ttegnm.
1208 5467 1258 5506 et
1280 5455 1546 5516 Qum‘Stionc
1569 5463 1757 5512 decima

211 5523 358 5568 quarta
395 5518 438 5563 in
479 5517 706 5564 eumdem
746 5516 934 5563 librum.
962 5516 1090 5564 Unde
1128 5519 1270 5565 etiam
1305 5520 1532 5569 inferatur
1560 5536 1661 5569 eam
1688 5525 1757 5571 le-

212 5574 398 5623 uiunein
434 5577 478 5622 in
519 5580 624 5634 ejus
663 5577 924 5642 texetuplati
961 5577 1333 5642 fuisse._V_erum
1358 5589 1517 5629 autem
1543 5585 1645 5642 ejus
1669 5598 1753 5630 no-

213 5643 311 5680 men
337 5651 436 5684 erat.
457 5644 593 5696 Dm
624 5643 759 5700 tvm,
797 5638 1012 5693 labosellt,
1047 5645 1100 5687 ut
1123 5639 1268 5686 habet
1293 5641 1492 5703 Vulgata
1513 5638 1754 5700 ;ltl_n'ariu-

212 5708 303 5775 rum
335 5713 492 5775 autem
529 5707 664 5775 lapsu
706 5707 932 5769 scriptum
955 5709 1057 5762 fuit.
1096 5710 1476 5772 Mcmp/tibosthc,
1505 5715 1629 5775 quod
1653 5724 1756 5764 etut

213 5768 368 5810 nomen
391 5765 466 5813 lilii
490 5765 721 5816 Jonatli:e.

1337 425 1655 481 SYNOPSIS
1691 426 2090 484 SCRIPTUfle
2127 431 2396 489 SlClllE.

3392 469 3506 525 346

1933 555 2094 595 vocem
2122 547 2347 599 timoris
2374 550 2519 616 ﬂetus
2539 551 2575 614 ί,
2599 560 2715 604 tunc
2739 555 2969 622 prwlium
2998 560 3245 614 committe
3266 562 3342 632 (2.
3367 564 3492 636 Reg.

1924 631 1976 685 5.
2007 631 2121 702 24).
2150 634 2298 689 Tune
2321 637 2461 690 enim
2486 639 2757 695 tradentur
2788 644 2900 696 tibi.
2935 647 3158 703 Amovct
3184 625 3361 706 aream
3387 625 3509 710 θίν’

1920 721 2041 786 vid,
2077 731 2130 776 et
2155 725 2378 779 moritur
2402 726 2503 780 Oza
2522 769 2537 791 ,
2567 731 2688 796 quia
2718 733 2956 787 extendit
3000 752 3213 791 manum
3246 756 3394 794 suam
3426 744 3492 795 ad

1919 823 2115 863 arcam.
2140 812 2268 866 Cum
2293 824 2467 869 autem
2492 817 2773 872 duceretur
2794 836 2938 887 arca,
2970 825 3194 879 saltabat
3222 829 3410 895 David,
3437 843 3491 885 et

1917 898 2157 969 despexit
2182 917 2302 956 eum
2334 905 2579 959 Melchol.
2623 908 2770 963 Tunc
2795 927 2913 964 cum
2945 914 3102 968 vellet
3127 917 3286 972 David
3328 919 3487 973 avditi.

1915 1001 2039 1043 care
2067 993 2338 1060 templum,
2367 995 2675 1063 prohibetur
2703 1013 2731 1052 a
2762 998 2963 1053 Nathan
2993 1003 3277 1071 propheta,
3299 1019 3351 1061 et
3373 1025 3486 1076 [ιι-θ-

1914 1088 2067 1133 catur
2094 1082 2288 1149 gratias
2315 1098 2477 1153 agens
2507 1087 2635 1152 Deo,
2664 1090 2878 1156 gratias,
2903 1090 3137 1160 inquam,
3170 1095 3236 1149 de
3264 1100 3486 1165 promis-

1913 1170 2153 1236 sionihus
2173 1187 2303 1242 quas
2331 1175 2549 1230 audivit.
2581 1178 2849 1233 Percussit
2880 1181 3040 1236 David
3073 1185 3397 1255 alienigenas
3425 1199 3483 1244 ct

1911 1259 2154 1315 Moabum
2183 1272 2236 1317 et
2263 1263 2443 1333 Syros,
2474 1275 2528 1319 et
2555 1281 2702 1320 arma
2738 1283 2895 1322 aurea
2923 1287 3041 1338 qua:
3070 1277 3272 1342 accepit
3294 1317 3307 1338 ,
3340 1286 3479 1329 attn-

1911 1348 1972 1402 lit
1998 1350 2402 1422 Jerosolymam,
2431 1370 2547 1422 qua:
2589 1355 2800 1410 demum
2845 1359 3059 1415 abstulit
3101 1363 3334 1418 Susaeiin
3379 1383 3470 1420 rex

1909 1436 2142 1508 Egypti.
2158 1442 2419 1511 Multaque
2435 1445 2764 1500 anathemata
2779 1452 3105 1505 consecravit
3127 1452 3301 1507 David-
3322 1455 3475 1510 Mem-

1907 1529 2211 1597 phibaalum
2242 1532 2407 1586 filium
2448 1533 2687 1588 Jonatha:
2715 1536 2958 1606 dignatur
2996 1555 3174 1595 mensa
3214 1544 3352 1612 regia
3374 1586 3390 1607 ,
3420 1559 3474 1599 et

1908 1619 2084 1672 omnia
2113 1635 2231 1688 qua:
2261 1621 2326 1675 ad
2355 1621 2564 1677 Saﬁletn
2595 1627 2929 1692 pertinebant
2948 1629 3037 1683 dat
3065 1632 3184 1700 ipsi.
3213 1633 3473 1704 Jubctque

1904 1705 2102 1774 Sibam,
2132 1710 2218 1778 qui
2268 1720 2384 1766 erat
2423 1726 2611 1767 servus
2655 1724 2902 1782 paternus
2927 1757 2942 1782 ,
2985 1719 3352 1788 Mcmpliibaali
3393 1725 3470 1793 (α)

1903 1798 2102 1852 servire
2127 1815 2246 1853 cum
2270 1800 2389 1855 filiis
2412 1802 2542 1857 suis.
2571 1803 2725 1858 Mittit
2750 1814 2922 1859 autem
2951 1809 3016 1861 ad
3045 1824 3219 1880 regem
3243 1813 3467 1868 filiormu

1902 1888 2154 1953 Ammon,
2201 1891 2288 1959 qui
2323 1893 2721 1947 consolarentur
2758 1909 2898 1958 eum,
2923 1898 3041 1965 quia
3086 1911 3324 1954 mortuus
3354 1913 3468 1957 erat

1903 1989 2054 2049 pater
2082 1982 2217 2050 ejus.
2267 1983 2362 2038 Ille
2406 2000 2532 2039 vero
2571 1986 2913 2041 suadentibus
2955 1991 3291 2058 optimatibus
3319 1996 3462 2060 ejus,

1899 2069 2158 2124 dedecore
2184 2070 2348 2125 afficit
2375 2087 2468 2127 eos
2491 2075 2577 2141 qui
2605 2089 2632 2126 a
2659 2075 2859 2130 Davide
2884 2077 3027 2131 missi
3057 2091 3204 2133 erant
3229 2080 3293 2134 ad
3317 2083 3463 2136 illum

1897 2161 2294 2239 consolandum.
2322 2160 2457 2217 Hinc
2487 2164 2657 2217 oritur
2694 2165 2887 2219 bellum
2927 2185 2940 2220 :
2968 2176 3022 2221 et
3056 2169 3225 2237 primo
3251 2171 3462 2239 quidem

1897 2252 2058 2307 mittit
2083 2237 2304 2306 Joabum
2332 2271 2346 2307 :
2375 2254 2566 2310 deinde
2594 2257 2737 2309 venit
2763 2257 2874 2325 ipse
2916 2259 3076 2312 David
3097 2302 3112 2325 ,
3141 2270 3194 2315 et
3223 2237 3463 2318 inimicos

1895 2341 2057 2411 fugat.
2091 2342 2222 2397 llinc
2255 2359 2317 2398 ea
2348 2360 2467 2413 qua:
2510 2345 2573 2399 ad
2603 2345 2779 2401 Uriam
2810 2357 2863 2401 et
2900 2349 2966 2401 ad
2996 2350 3256 2408 Bersabee
3295 2355 3459 2422 perti-

1895 2443 2042 2497 nent,
2070 2443 2121 2487 et
2149 2433 2211 2486 ad
2241 2434 2495 2489 infantem
2524 2437 2611 2503 qui
2645 2446 2882 2491 mortuus
2909 2448 3008 2492 est.
3045 2441 3335 2510 l‘osteaque
3364 2461 3457 2496 na-

1893 2523 2057 2576 scitur
2083 2523 2351 2576 Salomon.
2382 2524 2658 2593 Oppugnat
2685 2527 2815 2579 Joah
2845 2528 3064 2590 Ravath,
3099 2539 3151 2581 ct
3183 2542 3454 2600 postquam

1893 2614 2072 2666 urbem
2104 2615 2411 2680 occupavit,
2460 2616 2616 2668 mittit
2655 2616 2718 2668 ad
2752 2618 2930 2680 David,
2976 2621 3155 2673 volens
3189 2623 3454 2679 victoriam

1891 2703 1985 2772 ipsi
2009 2703 2255 2757 adscribi.
2281 2706 2433 2758 Amat
2459 2705 2595 2759 filius
2620 2707 2778 2761 David
2808 2711 3010 2763 Amnon
3039 2727 3272 2766 sororem
3303 2729 3451 2769 suam

1889 2792 2141 2855 Thamar,
2173 2803 2225 2846 et
2255 2795 2502 2847 simulato
2542 2797 2755 2859 morbo,
2800 2800 3094 2853 venientem
3127 2802 3264 2855 illam
3294 2805 3358 2856 ad
3397 2820 3455 2860 sc

1891 2881 2207 2935 visitandnm
2249 2884 2565 2936 contumelia
2609 2883 2791 2939 afficit.
2834 2887 2942 2953 Qua
2973 2905 3031 2943 re
3074 2893 3246 2945 audita
3293 2895 3454 2948 frater

1888 2972 2002 3041 ejus
2029 2973 2361 3038 Abessalom,
2396 2975 2580 3028 invitat
2606 2988 2784 3044 postea
2815 2994 2990 3047 regem
3018 2981 3081 3034 ad
3109 2984 3405 3037 convivium
3435 3004 3447 3036 :

1886 3077 2110 3130 cumque
2153 3077 2243 3117 rex
2289 3080 2391 3116 nun
2432 3066 2665 3130 veniret,
2708 3076 2856 3134 rogat
2899 3067 3088 3123 fratres
3119 3079 3174 3123 ut
3219 3074 3446 3125 \‘Cttiattt.

1882 3151 2013 3206 Cum
2046 3161 2219 3206 autem
2253 3154 2534 3217 venissent,
2568 3155 2656 3207 illo
2686 3155 2905 3223 jubente
2937 3160 3072 3211 servi
3106 3161 3268 3226 ipsius
3313 3163 3451 3216 inter

1885 3241 2250 3311 prandendum
2291 3242 2595 3296 occiderunt
2629 3249 2943 3298 Amnonem.
2977 3247 3042 3300 Ut
3077 3263 3202 3302 vero
3231 3265 3320 3304 rex
3353 3268 3447 3304 au-

1883 3329 2031 3394 divit,
2061 3330 2281 3383 multum
2320 3331 2470 3396 luxit,
2513 3340 2566 3384 et
2595 3331 2758 3385 iratus
2786 3334 2881 3386 fuit
2910 3335 2961 3387 in
2994 3335 3322 3390 Abessalom.
3357 3340 3446 3394 llle

1880 3429 2053 3473 autem
2083 3419 2313 3488 aufugit;
2343 3429 2395 3473 et
2447 3430 2566 3488 post
2596 3431 2700 3474 tres
2734 3437 2918 3487 annos,
2948 3439 3066 3478 cum
3099 3426 3274 3480 sedata
3303 3438 3448 3483 esset

1880 3510 1957 3562 ira
1981 3512 2140 3578 regis,
2171 3517 2344 3563 astute
2366 3509 2607 3579 providet
2633 3509 2764 3565 Joab
2779 3519 3443 3582 permulicrcm'fhecoiti-

1879 3601 2000 3656 dem
2019 3641 2033 3665 ,
2057 3601 2348 3670 suadetque
2377 3603 2484 3670 regi
2520 3611 2576 3655 ut
2601 3603 2906 3657 Ahessalnm
2937 3616 3166 3661 revocet.
3198 3608 3441 3662 Redeun-

1878 3701 1983 3747 tem
2011 3693 2178 3746 noluit
2201 3701 2348 3759 pater
2372 3694 2546 3746 statim
2575 3693 2781 3759 videre;
2805 3695 2896 3748 sed
2920 3695 3125 3749 duobus
3154 3700 3303 3751 annis
3331 3715 3438 3752 n-a-

1878 3783 2040 3838 nebat
2079 3786 2128 3837 in
2181 3782 2471 3837 Jerusalem
2516 3794 2667 3838 extra
2711 3795 3047 3852 conspectum
3090 3788 3246 3856 regis.
3294 3788 3442 3842 Tunc

1876 3882 2030 3925 vocat
2061 3871 2316 3936 Joabnin;
2353 3872 2440 3926 ille
2483 3889 2607 3927 vero
2651 3890 2753 3926 non
2794 3875 3193 3943 obtemperavit.
3241 3877 3440 3932 Deinde

1881 3963 2022 4018 illius
2061 3977 2244 4032 agrum
2287 3964 2538 4029 incendit,
2570 3974 2623 4018 et
2649 3966 2723 4018 sic
2752 3974 2965 4020 coactus
2993 3968 3132 4020 venit
3160 3968 3224 4020 ad
3268 3969 3438 4022 Abe~-

1876 4053 2040 4105 Salom
2074 4069 2088 4106 :
2118 4061 2171 4106 et
2199 4052 2265 4105 ab
2297 4053 2384 4105 illo
2412 4055 2602 4106 missus
2623 4054 2690 4106 ad
2720 4070 2916 4121 regem,
2946 4056 3115 4122 ipsum
3142 4072 3258 4108 cum
3290 4067 3438 4125 patre

1874 4142 2260 4207 reconciliavit,
2292 4151 2344 4194 et
2373 4142 2436 4194 ad
2465 4143 2608 4195 illum
2639 4144 2874 4196 adduxit.
2900 4143 3044 4196 Fecit
3064 4154 3237 4197 autem
3271 4147 3438 4200 Abes-

1874 4234 2039 4284 salom
2068 4232 2166 4285 sibi
2207 4247 2394 4286 currus
2420 4242 2472 4286 et
2499 4233 2734 4302 equites,
2769 4242 2822 4287 et
2846 4248 2936 4288 eos
2964 4234 3053 4303 qui
3082 4234 3146 4288 ad
3181 4236 3436 4303 judicium

1873 4321 2199 4374 accedebant
2219 4336 2336 4373 cum
2367 4323 2530 4374 multo
2559 4323 2851 4390 excipiebat
2873 4322 3091 4386 honore,
3117 4335 3168 4377 et
3190 4325 3436 4380 laudabat

1872 4412 2021 4481 quasi
2049 4412 2137 4482 qui
2174 4411 2313 4481 justa
2342 4411 2518 4466 dicere
2555 4422 2799 4482 possent,
2844 4415 3190 4467 tniserabatur
3221 4426 3394 4468 autem
3417 4458 3431 4480 ,

1871 4502 2020 4573 quasi
2049 4516 2207 4558 nemo
2234 4512 2373 4558 esset
2412 4503 2501 4573 qui
2546 4514 2723 4573 posset
2747 4505 2866 4558 illos
2904 4503 3216 4570 defendere,
3251 4521 3314 4560 ac
3344 4508 3430 4560 di-

1934 4666 1949 4697 ι
1965 4666 2044 4712 Hic
2067 4663 2212 4724 longe
2235 4662 2419 4711 variant
2442 4664 2734 4722 interpretes
2754 4674 2769 4737 ς
2798 4661 3027 4740 Hebraeus
3049 4663 3195 4742 habet

1870 4740 2084 4790 man-1
2134 4740 2325 4787 ’πυτςῆέ
2368 4735 2514 4786 ΠΤὶῖ
2552 4743 2707 4778 vorem
2745 4728 2954 4779 incessus
2991 4731 3041 4780 in
3083 4728 3312 4794 Cupitibtis
3332 4753 3433 4790 mo.

1868 4817 2048 4853 rerum.
2075 4801 2243 4862 Aquila
2280 4808 2328 4844 et
2366 4801 2677 4866 Symmachus,
2699 4812 2808 4866 εξδςον
2846 4807 3070 4866 δκςϐῄμητος
3110 4818 3145 4852 ιν
3182 4820 3433 4866 nsulsum.

1895 4880 2102 4942 ςνιξρήσιων.
2133 4859 2377 4942 “fere”:
2396 4933 2405 4941 .
2427 4859 3428 4942 .‘i'!’.’.“.§{."5.-..‘"..Ff¥!?f!§f?¥‘__-P'i¢}’§i“wgieeé

1915 4891 2102 4928 ηυρησιων,
2133 4891 2377 4928 ,ηιξμιιιιιη
2436 4891 2678 4926 ιιξυιῠεικῡ.
2707 4891 2754 4906 οη
2798 4891 3030 4929 buy-(firm!
3070 4891 3309 4925 ytuwmw.
3331 4891 3428 4919 um.

1869 4891 2088 4986 vulgata,
2113 4928 2312 4968 sonitum
2348 4921 2610 4978 grmftcutts
2662 4933 2708 4966 m
2751 4932 2996 4972 cucummc
3039 4937 3285 4986 pyrornm.
3322 4937 3429 4979 LXX

1869 4996 1972 5043 Ιιη,1
2001 4999 2062 5042 τὴν
2090 4994 2198 5043 ᾳηγὴν
2231 4993 2545 5043 τοῦ-συγιὶιῑςμυῦ
2577 4995 2645 5029 ἀπὸ
2681 4998 2742 5029 vi:
2771 4991 2900 5043 ἆᾈηως
2924 5000 2986 5032 τοῦ
2997 4991 3250 5042 κλιυοςιῶνΟς
3271 5001 3429 5041 vocent

1867 5038 2178 5098 τοηὲιιιζδὶόηίδ
2222 5054 2252 5086 a
2294 5040 2398 5087 luco
2439 5041 2590 5099 fletus.
2639 5043 2727 5089 Sed
2770 5042 2918 5100 alius,
2968 5055 3021 5090 ut
3070 5038 3334 5096 netavnnus
3382 5038 3430 5100 in

1869 5105 2107 5167 ttcxaplis,
2133 5100 2222 5148 hoc
2247 5100 2350 5148 loco
2369 5115 2468 5161 pro,
2485 5102 3430 5172 “viamediabet,mattaposflhrysosto-

1866 5181 1972 5216 mus
1991 5163 2122 5218 vero,
2146 5177 2210 5230 «mp
2233 5178 2392 5220 σεισμοῦ.
2416 5169 2494 5230 tlte
2516 5176 2633 5230 vero
2654 5163 3156 5230 leUlionCS,_ouo-cuaja9§,
3177 5163 3429 5230 θιζαισμώ,

1866 5226 2097 5282 tremoris,
2127 5222 2202 5268 vel
2233 5222 2573 5290 contumacius,
2599 5223 2746 5282 magis
2780 5225 3010 5290 accedunt
3033 5222 3089 5290 ad
3124 5222 3431 5290 significatio;

1865 5303 1975 5338 nem
1998 5288 2132 5335 vocis
2152 5288 2315 5342 ΓΠἸΥ,
2338 5296 2479 5343 quam
2505 5297 2743 5343 mmmam
2766 5285 3090 5337 conclusionis.

1929 5350 2000 5416 (a)
2023 5350 2095 5416 sic
2118 5364 2311 5416 quoque
2345 5351 2469 5412 legit
2498 5353 2838 5416 Theodoretus,
2873 5358 3142 5416 Quaestione
3179 5362 3432 5416 trigesima

1865 5413 2016 5471 prima
2062 5413 2328 5480 inalibrum
2368 5414 2629 5480 secundum
2674 5420 2865 5480 Regum.
2893 5415 3012 5480 Illud
3047 5427 3208 5468 autem
3235 5413 3426 5480 nomen,

1867 5483 2097 5531 Μιμςνιεαὰ),
2125 5472 2294 5521 factum
2323 5481 2397 5520 est
2435 5475 2603 5533 partim
2636 5487 2698 5520 ex
2724 5476 2829 5533 ejus
2852 5478 3064 5534 nomine,
3089 5488 3141 5526 ut
3165 5472 3428 5530 habebatur

1862 5534 1985 5600 apud
2011 5539 2113 5600 ιλχ
2131 5541 2490 5600 Interpretesnr
2510 5534 2848 5600 libroseruudo
2863 5537 3066 5598 Regmn,
3081 5553 3260 5600 nempe
3285 5550 3427 5589 Ment-

1863 5593 2138 5659 phibost/ie,
2172 5597 2423 5659 partimex
2452 5595 2662 5651 ejusdem
2686 5599 2837 5659 altero
2861 5593 3208 5659 nomine'qtmd'
3225 5601 3426 5651 habetur

1865 5667 2013 5712 prtum
2052 5656 2171 5701 Illum
2213 5656 2592 5714 I‘aralipmneuuu
2631 5670 2732 5715 cap.
2757 5658 2814 5712 9,
2843 5673 2886 5702 v.
2915 5657 2989 5714 40,
3020 5656 3262 5708 Mei'ibual.
3290 5667 3427 5712 Error

1861 5722 2020 5760 autem
2044 5717 2151 5763 ideo
2176 5721 2694 5783 perseveraverit,quia
2715 5719 2911 5776 primum
2935 5732 3128 5783 neuneu,
3146 5721 3429 5783 A’empltt'bo-

1863 5787 2125 5837 θυαε-,έψςιιι
2152 5791 2249 5835 μω]
2273 5778 2372 5824 hic.»
2397 5777 2451 5822 ad
2482 5776 2773 5825 lubt-sethmn
2801 5780 3066 5827 transierat.
