4096 6490
707 416 817 471 347

697 514 850 567 cebat
909 529 922 564 :
980 511 1103 577 Qui:
1156 524 1232 562 me
1281 511 1541 562 constituet
1591 509 1813 578 judicent
1867 521 2016 574 super
2061 511 2242 556 terram

700 602 776 671 (2.
814 601 942 669 Reg.
973 600 1058 652 15.
1095 597 1191 667 ηερ
1221 607 1273 650 et
1298 596 1374 650 sic
1413 597 1656 666 populum
1684 596 1782 650 sibi
1810 592 2123 650 conciliavit.
2155 592 2243 645 In-

701 691 866 757 surgit
900 688 1204 742 Abessalom
1243 695 1421 741 contra
1450 685 1729 750 Davidem;
1761 701 1860 754 qua
1890 699 1949 740 re
1979 693 2242 753 comperta

699 780 788 834 ille
816 778 942 847 fugit
971 793 1034 831 ex
1077 776 1367 830 Jerusalem
1386 816 1400 840 ,
1429 775 1657 829 dimissis
1686 777 1738 829 in
1775 776 1905 829 urbe
1941 775 2244 828 concubinis

705 869 835 922 suis.
882 866 998 920 Ethi
1055 865 1317 919 volentem
1365 879 1538 919 secum
1592 865 1738 919 abire
1785 864 1953 932 primo
2002 863 2240 926 cohibet,

706 955 894 1010 deinde
920 954 1006 1007 ubi
1040 953 1320 1007 instantem
1357 952 1516 1017 vidit,
1557 953 1607 1006 id
1648 952 1899 1020 permisit.
1931 950 2029 1005 Ubi
2069 958 2242 1004 autem

696 1042 1001 1088 torrentem
1039 1042 1373 1108 trajecerunt,
1415 1042 1634 1108 imperat
1674 1039 2030 1094 sacerdotibus
2073 1049 2127 1091 ut
2155 1052 2241 1092 re-

710 1131 902 1183 ducant
929 1144 1101 1183 arcam
1143 1131 1192 1182 in
1221 1129 1422 1183 urbem.
1455 1131 1569 1198 Ipse
1594 1143 1720 1184 vero
1747 1141 1804 1182 se
1826 1137 2243 1206 exspectaturum

710 1233 804 1272 eos
829 1219 954 1272 dicit
981 1220 1030 1271 in
1061 1219 1174 1272 loco
1204 1217 1466 1271 Olivarum
1498 1218 1596 1287 (a),
1625 1219 1668 1270 si
1695 1217 1818 1285 quid
1848 1216 2070 1271 habeant
2094 1231 2244 1271 arca-

710 1321 897 1360 norum
937 1308 1072 1376 regis
1109 1307 1405 1360 dicendum.
1448 1308 1684 1360 Occurrit
1722 1307 1896 1361 Davidi
1935 1305 2111 1361 Cbusi.
2155 1308 2245 1361 Ille

710 1408 837 1446 vero
865 1394 1006 1447 misit
1041 1409 1158 1448 eum
1203 1403 1259 1448 ut
1297 1394 1625 1463 Achitopheli
1665 1394 1974 1458 obsisteret,
2009 1395 2096 1464 qui
2135 1405 2246 1448 erat

710 1482 806 1548 ipsi
849 1483 1151 1536 Abessalom
1177 1499 1205 1536 a
1234 1484 1482 1538 consiliis.
1525 1484 1592 1538 Ut
1629 1494 1800 1537 autem
1845 1484 2096 1538 abscessit
2127 1483 2242 1548 ille,

711 1571 854 1624 venit
897 1569 1038 1636 Siba,
1081 1573 1168 1641 qui
1210 1583 1451 1626 accusata
1488 1573 1613 1626 hero
1637 1586 1732 1625 suo
1773 1572 2111 1640 Memphibaal
2151 1572 2243 1642 (ὁ),

714 1661 859 1726 quasi
890 1675 1106 1728 regnare
1151 1663 1334 1726 vellet,
1373 1670 1533 1714 totum
1578 1662 1764 1727 accipit
1801 1676 1829 1712 a
1861 1661 2069 1716 Davide.
2102 1661 2249 1715 Tunc

714 1747 884 1802 Semei
915 1749 1176 1803 maledicit
1203 1751 1415 1811 Davidi;
1451 1751 1608 1802 David
1651 1759 1820 1803 autem
1861 1751 2110 1804 Abessam
2151 1763 2246 1802 vo-

715 1839 906 1891 lentem
934 1838 1077 1891 illum
1107 1840 1344 1894 occidere
1363 1840 1609 1894 cohibuit.
1637 1840 1788 1893 Venit
1806 1839 1965 1893 Chusi
1990 1841 2053 1892 ad
2078 1839 2244 1892 Abes-

717 1926 905 1990 salom,
940 1927 1316 1996 persuadetque
1345 1930 1417 1982 illi
1438 1945 1494 1983 se
1521 1929 1825 1982 benevolum
1856 1929 1952 1996 ipsi
1977 1929 2243 1983 accedere.

716 2015 950 2084 Cttuique
970 2017 1240 2070 consilium
1266 2019 1545 2086 agitaretur
1569 2019 1634 2071 de
1656 2018 1806 2071 rebus
1834 2019 2092 2086 gerendis,
2121 2019 2244 2072 hor-

714 2108 860 2157 tatur
879 2108 1181 2161 Abessalom
1204 2109 1531 2178 Achitophel,
1559 2119 1614 2164 ut
1632 2125 1748 2164 cum
1768 2111 2067 2166 conetibinis
2088 2113 2248 2180 patris

708 2199 793 2252 sui
810 2205 981 2250 coeat.
1014 2197 1066 2251 Id
1093 2199 1178 2252 ille
1207 2199 1330 2253 fecit
1359 2201 1408 2253 in
1434 2201 1624 2254 solario
1644 2201 1848 2264 domus,
1880 2211 1933 2254 ut
1960 2207 2142 2256 Omnes
2166 2202 2246 2255 vi-

710 2283 920 2336 derent.
944 2284 1100 2337 Addit
1119 2286 1258 2338 aliud
1280 2288 1584 2348 consilium;
1609 2299 1663 2340 ut
1679 2288 1776 2340 sibi
1799 2289 2081 2342 liceatcum
2104 2289 2247 2344 mille

716 2373 842 2424 viris
880 2373 1125 2427 Davidem
1158 2374 1368 2442 aggredi
1398 2383 1448 2428 et
1484 2390 1687 2430 necare.
1720 2376 1786 2430 Ut
1825 2386 1996 2430 autem
2037 2387 2248 2433 vocatus

623 2509 631 2515 .
718 2471 799 2514 est
822 2461 1003 2529 Chusi,
1038 2473 1093 2517 ut
1119 2466 1390 2518 consilium
1420 2473 1471 2520 et
1499 2466 1608 2534 ipse
1633 2467 1796 2528 daret,
1822 2468 1864 2521 is
1893 2467 2248 2537 Achitophelis

709 2557 1028 2610 sententiam
1056 2555 1258 2619 evertit,
1290 2556 1512 2609 suadens
1540 2566 1593 2609 ut
1621 2558 1821 2610 interim
1850 2559 2246 2626 supersederet,

716 2641 807 2694 sed
834 2653 1010 2709 postea
1038 2658 1152 2697 cum
1180 2660 1366 2711 magno
1389 2657 1634 2713 apparatu
1662 2647 1904 2701 Davidem
1935 2647 2244 2702 adoriretur.

717 2729 912 2799 Illaque
937 2736 1194 2787 sententia
1222 2737 1384 2803 magis
1414 2737 1631 2804 placuit,
1666 2739 1775 2792 Deo
1817 2741 2013 2793 scilicet
2038 2742 2107 2794 ita
2135 2741 2245 2795 dis-

718 2831 984 2887 pensante.
1017 2823 1161 2876 Tunc
1189 2826 1328 2878 misit
1354 2826 1532 2888 Chusi,
1565 2835 1618 2880 et
1645 2843 1734 2895 per
1763 2829 1893 2883 ﬁlios
1918 2827 2244 2885 sacerdotum

720 2908 831 2960 hare
872 2911 1046 2963 Davidi
1085 2914 1354 2966 nuntiavit.
1386 2915 1692 2984 Achitophel
1731 2929 1923 2982 autem,
1951 2919 2098 2985 cujus
2123 2934 2243 2973 sen-

719 2997 878 3046 tentia
917 2997 1160 3065 despecta
1197 3000 1395 3066 fuerat,
1436 3017 1552 3056 sese
1592 3008 1947 3072 strangulavit.
1993 3008 2247 3062 Feruntur

719 3082 898 3134 Davidi
947 3088 1107 3137 multa
1151 3087 1303 3140 dona.
1353 3090 1662 3144 lnstructum
1712 3101 1881 3147 autem
1929 3096 2245 3163 exercitum,

715 3172 887 3233 emisit
911 3172 1092 3228 dicens
1116 3193 1128 3228 :
1155 3175 1351 3231 Parcite
1371 3181 1573 3246 puerulo
1593 3198 1698 3234 meo
1716 3183 1997 3237 Abeuntem
2018 3186 2091 3254 (2.
2121 3187 2244 3257 Reg.

717 3260 802 3313 I8.
825 3261 899 3331 5).
924 3263 1094 3331 Ipsum
1120 3267 1256 3320 enim
1285 3269 1335 3321 in
1352 3270 1542 3324 bellum
1563 3274 1705 3327 exire
1730 3289 1831 3327 non
1861 3277 2244 3343 permittebant.

717 3349 958 3405 Prazlium
985 3357 1342 3422 committitur,
1375 3361 1648 3431 multisque
1671 3364 1972 3420 cadentibus
2000 3368 2248 3422 occiditur

716 3440 873 3491 etiam
921 3443 1242 3508 Abessalom,
1270 3461 1298 3497 a
1339 3461 1484 3499 coma
1528 3449 1698 3502 arbori
1742 3453 1946 3506 cuidam
1985 3455 2245 3524 alligatus.

719 3527 812 3580 Illo
831 3531 1003 3584 occiso
1029 3545 1197 3586 cessat
1220 3535 1426 3588 bellum.
1452 3538 1602 3591 Mittit
1625 3539 1781 3594 Chusi
1807 3542 1936 3597 Joab
1962 3547 2046 3613 qui
2071 3547 2246 3601 Davidi

715 3616 983 3704 victoriam
1032 3623 1249 3674 nuntiet.
1296 3624 1408 3689 Quo
1449 3626 1532 3680 ille
1574 3629 1748 3682 audito
1786 3630 1992 3701 lugebat
2039 3645 2248 3704 propter

716 3703 908 3769 ﬁlium,
935 3706 1102 3762 donec
1140 3710 1401 3778 ingressus
1435 3713 1562 3768 Joab
1592 3717 1733 3770 illum
1775 3722 2021 3786 mutavit,
2052 3703 2248 3792 ipsique

718 3796 912 3855 suasit,
944 3807 996 3849 ut
1033 3799 1152 3851 lzeto
1177 3800 1426 3870 hilarique
1453 3807 1593 3858 vultu
1635 3809 1920 3862 exercitum
1963 3813 2244 3882 exciperet.

717 3882 1019 3950 Fugientem
1068 3887 1307 3943 lsraelem
1352 3907 1440 3945 rex
1485 3895 1798 3960 advocabat;
1838 3900 2030 3956 Abessa
2076 3912 2245 3958 autem

719 3971 871 4036 illos,
898 3971 1004 4038 jam
1032 3973 1082 4026 id
1114 3976 1162 4027 in
1194 3981 1457 4046 proposito
1482 3982 1758 4050 habentes,
1787 4002 1850 4041 eo
1878 3989 2088 4044 adduxit
2113 4001 2166 4045 ut
2192 4007 2248 4048 se

720 4060 899 4112 Davidi
921 4062 1253 4129 subjicerent.
1278 4068 1404 4120 Cum
1431 4073 1766 4138 pertransiret
1789 4075 2087 4141 Jordancm,
2111 4082 2249 4135 venit

719 4149 926 4212 Semei,
974 4165 1122 4204 suum
1174 4155 1425 4209 conﬁtens
1473 4171 1758 4226 peccatum.
1821 4163 2034 4219 Volebat
2077 4177 2247 4223 autem

718 4239 915 4291 Abessa
943 4239 1082 4290 illum
1132 4241 1447 4309 interﬁcere,
1497 4248 1545 4301 id
1588 4251 1846 4317 prohibuit
1891 4254 2068 4310 David.
2102 4257 2251 4313 Venit

718 4327 873 4378 etiam
903 4327 1248 4395 Memphibaal
1276 4336 1538 4399 squalidus
1558 4377 1571 4400 ,
1603 4339 1825 4394 sordidis
1855 4341 2062 4396 indutus
2090 4347 2250 4399 vesti-

724 4415 838 4477 bus,
873 4415 1089 4469 densum
1141 4419 1336 4472 habens
1383 4435 1684 4493 mystacem,
1731 4445 1927 4497 ungues
1972 4433 2251 4489 ostendens

721 4505 901 4573 longos
931 4507 968 4569 ⁸,
999 4521 1115 4573 αυτθ
1141 4509 1312 4560 omnia
1338 4509 1533 4565 doloris
1560 4517 1700 4582 signa
1745 4530 1920 4582 erant,
1950 4521 2017 4575 ob
2060 4522 2249 4576 bellum

719 4604 898 4647 contra
929 4595 1167 4647 Davidem
1197 4607 1410 4650 motum.
1439 4600 1787 4672 lnterrogabat
1810 4622 1900 4660 rex
1927 4623 2020 4661 cur
2040 4625 2140 4663 non
2165 4627 2253 4666 ve-

727 4683 888 4734 nisset
915 4697 1110 4735 secum.
1144 4684 1428 4752 Respondit
1456 4689 1540 4743 ille
1565 4705 1621 4745 se
1647 4708 1854 4761 rogasse
1879 4695 2051 4750 Sibam
2083 4697 2251 4752 famu-

727 4771 830 4823 lmn
861 4786 1033 4836 sumn,
1058 4781 1113 4825 ut
1140 4787 1196 4826 se
1221 4774 1455 4842 jumento
1485 4779 1792 4848 imponeret,
1822 4785 2037 4838 claudus
2065 4788 2253 4855 quippe

725 4869 837 4913 crat
876 4861 1218 4929 Memphibaal
1251 4881 1263 4917 :
1293 4864 1436 4918 illum
1477 4884 1598 4922 vero
1638 4872 1884 4925 noluisse.
1929 4874 1969 4926 Τ
1975 4891 2072 4929 unc
2107 4877 2253 4943 jubet

723 4966 816 5004 rex
844 4951 986 5004 illum
1029 4965 1147 5005 cum
1177 4953 1298 5006 Siba
1324 4968 1501 5022 agrum
1529 4957 1776 5014 dividere.
1810 4963 2022 5018 Benelli
2063 4980 2252 5034 porro,

722 5041 810 5109 qm
841 5041 962 5096 belli
985 5051 1218 5110 tempore
1239 5044 1396 5097 multa
1425 5046 1517 5113 ipsi
1545 5049 1944 5117 ministraverat,
1968 5069 2141 5107 secum
2163 5057 2254 5108 ad-

722 5130 915 5184 ducere
935 5131 1158 5185 volebat.
1191 5132 1280 5186 Ille
1307 5147 1430 5187 vero
1451 5139 1701 5190 recusavit
1728 5144 1795 5191 ob
1823 5151 2137 5196 senectutem
2167 5159 2179 5195 :
2205 5153 2256 5198 et

725 5232 902 5270 secum
932 5221 1134 5288 accepit
1164 5234 1257 5274 rex
1285 5220 1445 5273 ﬁlium
1475 5222 1633 5291 ipsius
1672 5227 1802 5281 loco.
1835 5228 1979 5282 Tunc
2006 5232 2256 5286 scinditur

725 5311 1014 5373 exercitus,
1047 5326 1270 5380 parsque
1305 5311 1473 5366 Sabee
1517 5328 1570 5368 se
1611 5307 1771 5370 dedit.
1813 5320 2067 5388 Mittitque
2097 5323 2253 5377 David

783 5455 796 5484 ι
824 5452 875 5500 In
917 5452 1126 5518 mitione
1169 5457 1366 5518 Rernana
1408 5450 1597 5512 legitur,
1623 5465 1769 5514 neque
1804 5467 1978 5518 ungues
2008 5459 2252 5515 subsecuit,

718 5525 775 5560 ne
809 5527 864 5561 ue
889 5516 1070 5562 curavit
1092 5516 1360 5582 mgstacem.

777 5527 850 5630 ἴα)
874 5581 979 5619 tunc
1003 5585 1095 5618 non
1121 5571 1339 5620 videntur

801 5575 850 5629 α)
874 5581 979 5619 ttzce
1003 5585 1095 5618 non
1121 5571 1339 5620 videntur
1363 5584 1619 5620 consonare
1643 5586 1748 5622 cum
1771 5581 1902 5624 textu
1942 5577 2080 5625 LXX.

777 5635 848 5691 (b)
866 5635 915 5681 ln
935 5631 1403 5696 exemplaribusaliis
1426 5637 1530 5678 Lxx
1543 5641 1594 5696 et
1618 5636 1661 5696 in
1688 5635 1892 5696 Editione
1915 5643 2110 5696 Itomana
2134 5637 2254 5696 legi-

722 5691 1198 5756 tur,.t1empﬁibostlte,
1211 5693 1295 5742 sed
1306 5692 1393 5740 alia
1408 5693 1695 5754 exemplaria
1707 5694 2012 5757 nemp/aibant
2024 5691 2250 5748 habuere.

1405 399 1458 454 S.
1489 397 1760 454 JOANNIS
1793 389 2255 454 CHRYSOSTOMI
2284 389 2593 448 ARCIllEl’.
2624 393 3142 449 CONSTANTINOP.

3797 399 3903 452 348

2348 502 2620 555 Amessam
2641 505 2729 570 qui
2752 502 2976 557 debellet
3000 519 3118 557 eum
3143 520 3156 556 :
3179 501 3309 557 J‘oab
3331 515 3454 556 vero
3474 503 3747 555 Amcssam
3770 502 3892 553 dulo

2349 592 2559 656 occidit,
2593 593 2880 660 urbemque
2915 594 2966 646 in
2993 609 3147 662 quam
3184 592 3488 660 confugerat
3524 591 3692 646 Sabee
3734 590 3890 643 obse-

2349 678 2443 732 dit.
2465 679 2562 745 Qui
2586 680 2637 732 in
2653 680 2862 734 civitate
2880 690 3048 746 erant,
3063 680 3314 734 suadente
3336 680 3574 743 muliere,
3598 679 3888 732 abscissum

2347 779 2500 837 caput
2523 769 2689 824 Sabee
2727 770 2892 824 Joabo
2917 786 2979 824 ex
3023 785 3171 824 muro
3218 769 3548 838 proiecerunt
3580 786 3592 821 :
3621 778 3779 836 atque
3820 769 3889 820 ita

2349 855 2487 909 bello
2513 857 2716 909 liberati
2739 867 2878 910 sunt.
2911 857 3099 911 Fames
3124 857 3174 910 in
3201 867 3335 910 terra
3363 856 3574 910 advenit
3600 875 3616 913 ;
3645 856 3709 909 ad
3734 870 3890 923 quam

2349 943 2724 1013 proﬂigandam
2765 960 2982 1000 necesse
3018 954 3129 1000 erat
3161 948 3431 1014 quOSpiam
3461 960 3523 999 ex
3561 944 3734 998 Saulis
3768 959 3888 1012 pro-

2347 1034 2498 1102 genie
2515 1034 2648 1088 tradi
2663 1034 2982 1089 Gabaonitis.
3006 1034 3150 1088 Tunc
3165 1035 3594 1104 Mempbibaalum
3617 1043 3892 1088 conservat

2349 1121 2532 1186 David,
2558 1122 2626 1176 ob
2654 1123 3006 1190 juramentum
3049 1122 3341 1177 Jonathano
3371 1122 3680 1190 praestitum.
3710 1120 3894 1174 Tradit

2351 1225 2525 1268 autem
2556 1215 2728 1267 Saulis
2770 1215 2908 1267 ﬁlios
2932 1223 2983 1267 et
3009 1222 3223 1281 nepotes
3241 1253 3256 1278 ,
3284 1213 3571 1280 sepelitque
3606 1213 3813 1266 Saﬁlem
3839 1221 3894 1265 et

2347 1300 2694 1354 Jonatbanum
2740 1301 2791 1353 in
2831 1302 3068 1368 sepulcro
3111 1300 3220 1354 Cis.
3269 1300 3408 1354 Bella
3447 1309 3740 1353 moventur.
3786 1300 3890 1352 Da-

2350 1390 2522 1444 videm
2549 1390 2793 1443 cohibent
2821 1391 2899 1442 sui
2936 1404 3003 1442 ne
3032 1397 3214 1453 exeat,
3265 1404 3332 1443 ne
3374 1391 3506 1442 forte
3548 1389 3890 1457 periclitetur.

2349 1477 2497 1532 Tunc
2539 1479 2667 1532 dicit
2714 1479 2972 1532 decimum
3019 1478 3298 1545 septimum
3351 1477 3636 1531 Psalmum.
3689 1477 3893 1530 Recen-

2348 1577 2530 1622 sentur
2561 1568 2712 1620 fortia
2751 1569 3101 1635 przeclaraque
3144 1576 3288 1636 gesta
3314 1566 3501 1619 ducum
3544 1567 3770 1619 Davidis.
3800 1566 3893 1619 Ju-

2348 1659 2499 1712 betur
2543 1658 2674 1712 Joab
2717 1659 2962 1727 populum
3005 1673 3340 1723 enumerare,
3383 1668 3798 1726 enumeratque:
3839 1666 3894 1712 et

2348 1756 2496 1802 erant
2522 1748 2724 1803 lsraelis
2759 1757 3014 1818 nongenta
3044 1749 3206 1802 millia
3228 1791 3242 1814 ,
3272 1759 3324 1803 et
3349 1749 3493 1803 Judze
3515 1749 3891 1818 quadringenta

2350 1837 2511 1890 millia
2541 1837 2829 1901 hominum,
2853 1840 3083 1892 omnium
3112 1840 3436 1894 bellatorum.
3454 1840 3600 1894 Tunc
3618 1842 3758 1893 venit
3777 1841 3892 1893 Gad

2349 1925 2601 1994 propheta
2650 1926 2914 1994 optionem
2961 1927 3032 1980 illi
3075 1928 3206 1981 dans
3248 1943 3313 1982 ex
3359 1929 3523 1982 tribus
3570 1929 3888 1991 ullionibus,

2348 2030 2501 2083 quam
2529 2017 2707 2071 subire
2747 2018 2946 2080 mallet,
2977 2032 3042 2070 an
3076 2027 3180 2071 tres
3217 2033 3381 2073 annos
3427 2019 3605 2084 famis,
3633 2034 3697 2071 an
3731 2021 3889 2073 trium

2349 2103 2548 2157 dierum
2582 2105 2753 2174 fugam
2781 2107 3089 2161 instantibus
3117 2108 3367 2170 hostibus,
3389 2122 3451 2160 an
3473 2117 3577 2161 tres
3605 2108 3887 2162 diesmor-

2349 2196 2484 2249 tiferi
2535 2197 2722 2250 morbi.
2777 2197 2865 2250 Ille
2915 2212 3039 2251 vero
3089 2207 3193 2251 tres
3244 2197 3357 2252 dies
3406 2199 3657 2250 mortiferi
3713 2199 3885 2250 morbi

2349 2287 2690 2352 praeoptavit,
2738 2289 3031 2353 mortuique
3078 2296 3198 2339 sunt
3240 2300 3268 2338 a
3313 2287 3565 2338 matutino
3609 2302 3774 2354 usque
3819 2287 3885 2339 ad

2349 2375 2549 2442 prandii
2605 2386 2808 2443 tempus
2861 2377 3185 2445 septuaginta
3235 2376 3376 2429 mille
3428 2376 3682 2430 homines.
3741 2377 3892 2431 Tunc

2355 2465 2515 2518 David
2541 2463 2672 2516 dixit
2703 2482 2716 2516 :
2761 2465 2887 2517 Ecce
2913 2481 3000 2534 ego
3044 2466 3270 2535 peccaui,
3318 2475 3363 2518 et
3390 2482 3478 2533 ego
3520 2475 3688 2532 pastor
3727 2467 3891 2531 inique

2349 2555 2426 2622 egi
2450 2570 2467 2606 :
2495 2555 2545 2606 hi
2571 2555 2654 2624 qui
2679 2570 2799 2624 grex
2821 2565 2953 2618 sunt,
2977 2555 3094 2622 quid
3124 2555 3375 2621 fecerunt?
3397 2553 3512 2605 Fiat
3529 2571 3703 2607 manus
3728 2563 3814 2606 tua
3839 2557 3890 2605 in

2349 2660 2428 2697 me
2453 2653 2499 2698 et
2525 2647 2577 2697 in
2605 2647 2802 2698 domum
2831 2647 2984 2715 patris
3009 2647 3102 2698 mei
3127 2647 3200 2714 (2.
3241 2645 3363 2715 Reg.
3396 2645 3482 2696 24.
3513 2645 3624 2712 17).
3655 2645 3891 2698 Cessavit

2351 2734 2569 2801 punitio,
2600 2745 2650 2787 et
2671 2736 2881 2800 jubetur
2907 2735 3065 2787 David
3088 2749 3229 2787 aram
3250 2734 3450 2802 erigere
3476 2733 3527 2786 in
3548 2748 3666 2786 area
3687 2733 3883 2794 Ornim,

2349 2830 2403 2875 et
2433 2822 2502 2876 ibi
2540 2823 2854 2884 sacriﬁcare,
2901 2823 2948 2875 id
2978 2823 3114 2891 quod
3155 2822 3242 2875 ille
3283 2821 3404 2875 fecit
3430 2821 3528 2890 (a).
3565 2820 3721 2874 Ornia
3751 2823 3889 2874 ﬁlius

2351 2910 2511 2963 David
2538 2913 2783 2964 convivio
2810 2912 3002 2978 excipit
3031 2911 3249 2965 Joabum
3279 2918 3333 2964 et
3357 2910 3710 2970 Abiatharcm,
3739 2916 3890 2978 quasi

2349 3011 2674 3068 regnaturus.
2725 3003 3013 3069 Ingreditur
3056 3002 3342 3066 Bersabee,
3385 3001 3670 3055 secundum
3711 3003 3886 3054 consi-

2349 3089 2474 3142 litnn
2521 3090 2721 3142 Nathan
2766 3091 3050 3158 prophetae,
3081 3102 3134 3145 et
3163 3092 3213 3145 id
3256 3092 3527 3145 annuntiat
3557 3092 3768 3153 Davidi;
3813 3092 3890 3142 lo-

2349 3188 2540 3245 quente
2584 3179 2668 3230 illa
2711 3178 2974 3247 ingressus
3025 3189 3104 3232 est
3151 3178 3384 3242 Nathan;
3437 3179 3484 3231 id
3541 3179 3890 3231 moliebantur

2350 3267 2549 3320 scilicet
2577 3277 2632 3321 ut
2656 3268 2899 3322 Salomon
2928 3278 3186 3337 regnaret.
3235 3268 3440 3336 Egressi
3482 3278 3602 3322 sunt
3645 3269 3891 3336 imposito

2350 3371 2503 3425 supra
2525 3359 2929 3430 regiatnmulam
2947 3357 3242 3412 Salomone.
3261 3358 3408 3411 Tunc
3424 3357 3623 3411 Nathan
3638 3358 3889 3426 propheta

2350 3454 2402 3499 et
2426 3445 2630 3499 Sadduc
2668 3448 2912 3501 Sacerdos
2951 3448 3193 3501 abierunt
3237 3446 3284 3499 in
3331 3446 3492 3510 Gion,
3523 3457 3892 3514 nnxernntqnc

2350 3535 2494 3587 illum
2519 3549 2580 3588 ac
2619 3534 2904 3588 dixerunt:
2945 3534 3087 3587 Vivat
3124 3551 3210 3588 rea:
3236 3536 3308 3603 (ὅ.
3340 3536 3466 3604 Reg.
3511 3536 3558 3588 I.
3589 3536 3703 3602 39).
3740 3536 3892 3589 Venit

2349 3621 2605 3677 Jonathan
2655 3625 2792 3678 filius
2828 3623 3142 3687 Abiatharis,
3186 3633 3239 3677 et
3282 3624 3514 3692 epulanti
3558 3623 3734 3676 Ornias
3781 3626 3892 3677 haec

2351 3713 2624 3766 nuntiavit.
2653 3713 2716 3766 Et
2742 3713 2827 3765 alii
2856 3713 3067 3782 quidem
3110 3711 3375 3780 fugerunt,
3406 3712 3590 3767 Ornias
3619 3727 3745 3766 vero
3769 3729 3893 3765 con-

2353 3803 2482 3870 fugit
2506 3801 2570 3854 ad
2596 3817 2738 3854 aram
2758 3843 2774 3867 ,
2804 3810 3042 3856 metuens
3072 3801 3424 3856 Salomonem.
3459 3801 3604 3854 Tunc
3631 3801 3808 3854 educit
3835 3801 3895 3852 il-

2352 3894 2457 3943 lum
2482 3891 2622 3956 inde,
2639 3899 2694 3945 et
2710 3892 2920 3944 veniens
2937 3890 3124 3945 Ornias
3143 3891 3374 3944 adoravit
3394 3906 3588 3959 regem.
3610 3890 3894 3944 Moriturus

2356 3983 2536 4047 David,
2565 3983 2800 4036 hortatur
2823 3982 3174 4048 Salomonem,
3201 3991 3253 4036 ut
3272 3983 3527 4036 custodiat
3552 3982 3720 4050 legem
3749 3983 3841 4035 Dei
3868 3998 3884 4036 ;

2355 4075 2430 4126 sic
2471 4073 2608 4126 enim
2660 4072 2802 4125 illum
2849 4073 3220 4139 promissiones
3259 4086 3375 4125 esse
3428 4080 3891 4136 conscquuturum.

2354 4162 2598 4229 Praecipit
2622 4163 2780 4215 etiam
2813 4163 2950 4215 circa
2978 4162 3111 4215 Joab
3135 4171 3186 4214 et
3214 4161 3405 4224 Semei,
3439 4170 3496 4212 ut
3524 4162 3642 4211 illos
3668 4160 3894 4212 ulcisca-

2414 4249 2484 4309 (ιι)
2507 4257 2606 4315 [tuo
2635 4249 3372 4315 desinitpodexhtngdunensis,
3398 4250 3473 4315 qui
3515 4247 3626 4315 libri
3651 4248 3788 4314 tertii
3813 4248 3898 4294 ini-

2355 4307 2475 4358 tium
2491 4311 2559 4357 sic
2579 4310 2705 4356 ducit
2729 4323 2741 4356 :
2765 4309 2964 4357 Adonias
2975 4307 3273 4368 lilius'nat'id
3294 4307 3497 4368 convivio
3519 4307 3764 4365 excipiens
3787 4315 3894 4353 Joa-

2355 4371 2481 4425 bum,
2507 4377 2598 4416 etc.
2615 4376 2731 4424 Mox,
2757 4369 2900 4416 ornia
2925 4366 3048 4426 [ilius
3073 4367 3242 4424 David,
3263 4369 3329 4415 sic
3353 4366 3539 4415 Coislin.
3555 4367 3900 4424 Antiquissima

2354 4429 2497 4477 lectio
2532 4428 2798 4484 est,0rnia.
2833 4429 3059 4476 Hebraice
3093 4434 3263 4479 num.
3297 4435 3400 4475 Lxx
3420 4428 3635 4474 alitionis
3658 4433 3897 4481 nonnum,

2358 4496 2548 4551 Αιίοηίίι,
2562 4497 2644 4544 sed
2659 4495 3029 4554 lectio,0rnia,iu
3043 4496 3373 4544 vetustissimis
3384 4493 3741 4554 exemplaribus
3752 4495 3900 4554 liabe-

2355 4565 2503 4612 tur,et.
2518 4553 3061 4614 siclegitTheodoretns.
3076 4556 3413 4614 Procopiusait,
3430 4553 3724 4614 binuminem
3743 4553 3894 4602 fuisse

2354 4617 2596 4664 Adoniam.
2620 4613 2798 4664 Verum
2822 4631 2880 4664 ex
2920 4613 3231 4664 similitudine
3254 4613 3496 4662 literarum
3512 4622 3544 4663 't
3567 4620 3616 4660 et
3631 4619 3660 4667 Ἰ
3687 4613 3865 4661 factum
3883 4647 3897 4669 ,

2355 4693 2408 4733 ut
2425 4685 2559 4733 modo
2579 4685 2798 4741 Adonias,
2824 4684 2960 4730 modo
2980 4686 3140 4731 Ornias
3161 4684 3359 4740 dicatur,
3383 4684 3503 4743 quod
3527 4682 3636 4730 alibi
3657 4682 3899 4743 erepenti-

2355 4752 2587 4792 servatur.
2612 4751 2718 4790 Nam
2754 4743 2879 4804 quod
2916 4752 3100 4804 spectat
3136 4745 3190 4792 ad
3230 4742 3639 4804 commutationem
3661 4742 3900 4804 vocalium

2357 4815 2386 4851 Α
2403 4840 2414 4858 ,
2438 4813 2488 4852 et
2510 4813 2561 4858 0,
2588 4817 2645 4851 ea
2669 4817 2752 4862 pro
2771 4801 2915 4850 nihilo
2938 4803 3012 4850 hic
3036 4805 3250 4852 habenda
3273 4812 3364 4860 est,
3383 4812 3434 4851 ut
3449 4803 3560 4850 alibi
3583 4801 3806 4862 pluribus
3829 4808 3901 4847 est

2355 4860 2780 4925 mntonstratum.
2806 4864 2860 4925 In
2884 4864 3142 4925 exemplari
3161 4864 3490 4925 Chrysostomi.
3515 4868 3569 4910 ut.
3587 4860 3783 4920 liquet,
3805 4861 3902 4908 hac

2357 4937 2464 4985 qua:
2487 4924 2677 4970 Adonim
2699 4924 2799 4985 sive
2813 4920 2971 4969 Ornize
2991 4920 3268 4985 convivium
3283 4930 3512 4983 spectant,
3536 4935 3724 4985 necnon
3752 4928 3902 4985 totum

2359 4982 2499 5042 caput
2517 4985 2720 5089 primum
2751 4982 2857 5029 libri
2893 4983 3018 5028 tertii
3059 4991 3232 5043 Regum
3270 4982 3320 5030 et
3362 4995 3468 5052 pars
3490 4982 3687 5030 secundi
3714 4982 3901 5042 capitis,

2359 5057 2516 5089 secum
2537 5057 2564 5089 0
2604 5043 2720 5089 libro
2758 5043 2972 5089 adiuncta
2993 5040 3196 5089 fuerant.
3221 5042 3343 5089 quod
3367 5055 3416 5089 tn
3439 5043 3596 5089 multis
3618 5041 3886 5089 exenmlari

2352 5040 2564 5092 secundo
2604 5043 2720 5089 libro
2758 5043 2972 5104 adjuncta
2993 5040 3196 5098 fuerant,
3221 5042 3343 5103 quod
3367 5040 3416 5089 in
3439 5040 3886 5104 multis_exemplarl

2359 5105 2449 5150 bus
2471 5110 2580 5150 tunc
2609 5099 2965 5156 observabatur,
2988 5109 3040 5149 et
3062 5099 3331 5149 nominatim
3355 5104 3400 5148 in
3426 5115 3583 5158 exemi
3604 5099 3687 5148 lari
3718 5099 3900 5147 Diodori

2359 5164 2620 5218 Tarsensis,
2639 5163 2720 5222 qui
2744 5161 3050 5222 Clirysostotiti
3077 5162 3218 5209 nostri
3245 5168 3505 5221 praeceptor
3529 5160 3639 5215 fuit;
3658 5165 3716 5206 ut
3738 5162 3901 5222 viuere

2361 5224 2504 5270 estin
2537 5219 2915 5281 nota'cujnsdam
2955 5221 3135 5270 Codicis
3171 5219 3316 5280 Regii,
3366 5219 3416 5270 et
3451 5223 3495 5267 in
3535 5222 3682 5268 altera
3724 5219 3903 5281 Culicis

2360 5281 2641 5335 Coisliniaui,
2666 5278 2782 5385 quas
2804 5281 2849 5326 in
2873 5281 3090 5340 ttexaplis
3114 5278 3359 5330 edidimus.
3385 5287 3638 5329 Postrema.
3662 5291 3778 5338 qua:
3805 5294 3815 5334 ι
3836 5278 3904 5323 le-

2363 5345 2462 5385 nior
2484 5349 2572 5385 est-
2597 5342 2663 5385 sic
2705 5342 2829 5385 taliet
2856 5354 2866 5385 :
2896 5349 2945 5385 In
2976 5339 3184 5385 Ileravlo
3206 5348 3248 5385 et
3271 5342 3319 5385 in
3347 5338 3718 5385 accuratiOribtts
3745 5350 3902 5385 extan-

2363 5345 2572 5404 interest,
2597 5342 2663 5387 sic
2685 5338 2829 5404 habet
2856 5354 2866 5386 :
2896 5349 2945 5386 In
2976 5338 3248 5404 lleraplo‘et
3271 5342 3319 5389 in
3347 5338 3718 5404 accuratiOribus
3745 5350 3902 5404 exmi-

2360 5401 2594 5462 plaribus,
2619 5400 3130 5462 secundusRegnorum
3153 5401 3267 5450 liber
3300 5400 3467 5450 desinit
3504 5400 3549 5446 in
3581 5400 3904 5462 narrationem

2361 5457 2420 5510 de
2444 5461 2581 5522 plaga
2599 5459 2770 5523 populi,
2784 5459 2895 5523 etin
2919 5457 3343 5523 dlt‘lpliungmﬂl‘eql
3362 5470 3516 5507 Ornw.
3552 5457 3730 5523 tertius
3753 5464 3904 5523 autem

2361 5516 2619 5580 Reginorum
2641 5516 2755 5566 liber
2778 5518 2861 5566 init
2885 5519 2943 5566 ab
2959 5516 3157 5580 historia
3181 5521 3239 5569 de
3264 5520 3427 5580 .4bisug
3444 5516 3758 5580 sunanu'tide,
3783 5523 3827 5564 et
3849 5516 3904 5562 de

2362 5575 2536 5642 diluuia
2556 5579 2746 5642 ejusque
2778 5579 3044 5642 tyrannide.
3073 5580 3300 5642 Diodorus
3321 5575 3476 5642 autin»
3498 5577 3708 5627 secum/0
3737 5587 3903 5642 (regrth-

2360 5635 2602 5702 rmnlibrb
2625 5635 2889 5702 Ittl!C_cli(tlll
2921 5639 3155 5702 conjungit
3186 5653 3328 5702 usque
3364 5637 3428 5688 ad
3469 5644 3662 5688 mortem
3693 5635 3905 5692 Dat'idt's,

2359 5699 2662 5760 sinulitt'rque
2691 5697 3013 5749 Tlteodorctus.
