  <div class='ocr_page' id='page_1' title='image "/cluster/home/n/w/nwhite01/storage/ocr_20150623/56/uva.x004697988/348.png"; bbox 0 0 4062 6460; ppageno 0'>
   <div class='ocr_carea' id='block_1_1' title="bbox 104 427 196 481">
    <p class='ocr_par' dir='ltr' id='par_1_1' title="bbox 104 427 196 481">
     <span class='ocr_line' id='line_1_1' title="bbox 104 427 196 481; baseline -0.022 0"><span class='ocrx_word' id='word_1_1' title='bbox 104 427 196 481; x_wconf 76' lang='grc'>347</span> 
     </span>
    </p>
   </div>
   <div class='ocr_carea' id='block_1_2' title="bbox 102 514 1635 591">
    <p class='ocr_par' dir='ltr' id='par_1_2' title="bbox 102 514 1635 591">
     <span class='ocr_line' id='line_1_2' title="bbox 102 514 1635 591; baseline -0.005 -18"><span class='ocrx_word' id='word_1_2' title='bbox 102 522 192 573; x_wconf 78' lang='grc' dir='ltr'>πᾶν</span> <span class='ocrx_word' id='word_1_3' title='bbox 217 522 366 591; x_wconf 82' lang='grc' dir='ltr'>παρὰ</span> <span class='ocrx_word' id='word_1_4' title='bbox 408 522 503 576; x_wconf 82' lang='grc' dir='ltr'>τοῦ</span> <span class='ocrx_word' id='word_1_5' title='bbox 530 523 706 575; x_wconf 79' lang='grc' dir='ltr'>Δαυῖδ.</span> <span class='ocrx_word' id='word_1_6' title='bbox 750 521 880 574; x_wconf 90' lang='grc' dir='ltr'>Τότε</span> <span class='ocrx_word' id='word_1_7' title='bbox 930 517 1120 586; x_wconf 86' lang='grc' dir='ltr'>Σεμεεὶ</span> <span class='ocrx_word' id='word_1_8' title='bbox 1162 517 1509 586; x_wconf 86' lang='grc' dir='ltr'>κατηράσατο</span> <span class='ocrx_word' id='word_1_9' title='bbox 1544 514 1635 567; x_wconf 80' lang='grc' dir='ltr'>τὸν</span> 
     </span>
    </p>
   </div>
   <div class='ocr_carea' id='block_1_3' title="bbox 100 614 1638 690">
    <p class='ocr_par' dir='ltr' id='par_1_3' title="bbox 100 614 1638 690">
     <span class='ocr_line' id='line_1_3' title="bbox 100 614 1638 690; baseline -0.005 -17"><span class='ocrx_word' id='word_1_10' title='bbox 100 620 269 673; x_wconf 79' lang='grc' dir='ltr'>Δαυῖδ·</span> <span class='ocrx_word' id='word_1_11' title='bbox 326 622 355 672; x_wconf 90' lang='lat'>6</span> <span class='ocrx_word' id='word_1_12' title='bbox 400 620 458 674; x_wconf 80' lang='grc' dir='ltr'>δὲ</span> <span class='ocrx_word' id='word_1_13' title='bbox 505 621 665 674; x_wconf 81' lang='grc' dir='ltr'>Δαυῖδ</span> <span class='ocrx_word' id='word_1_14' title='bbox 710 618 1027 690; x_wconf 84' lang='grc' dir='ltr'>βουλόμενον</span> <span class='ocrx_word' id='word_1_15' title='bbox 1088 615 1250 668; x_wconf 80' lang='grc' dir='ltr'>αὐτὸν</span> <span class='ocrx_word' id='word_1_16' title='bbox 1295 614 1504 668; x_wconf 80' lang='grc' dir='ltr'>ἀνελεῖν</span> <span class='ocrx_word' id='word_1_17' title='bbox 1549 614 1638 666; x_wconf 86' lang='lat' dir='ltr'><em>16v</em></span> 
     </span>
    </p>
   </div>
   <div class='ocr_carea' id='block_1_4' title="bbox 110 700 1638 789">
    <p class='ocr_par' dir='ltr' id='par_1_4' title="bbox 110 700 1638 789">
     <span class='ocr_line' id='line_1_4' title="bbox 110 700 1638 789; baseline -0.003 -18"><span class='ocrx_word' id='word_1_18' title='bbox 110 700 349 773; x_wconf 52' lang='lat'>16:003.</span> <span class='ocrx_word' id='word_1_19' title='bbox 369 720 707 775; x_wconf 86' lang='grc' dir='ltr'>διεκώλυσεν.</span> <span class='ocrx_word' id='word_1_20' title='bbox 761 721 1011 789; x_wconf 83' lang='grc' dir='ltr'>Ἔρχεται</span> <span class='ocrx_word' id='word_1_21' title='bbox 1068 717 1095 768; x_wconf 89' lang='lat'>6</span> <span class='ocrx_word' id='word_1_22' title='bbox 1140 717 1308 768; x_wconf 94' lang='grc' dir='ltr'>Χουσὶ</span> <span class='ocrx_word' id='word_1_23' title='bbox 1366 714 1501 785; x_wconf 79' lang='grc' dir='ltr'>πρὸς</span> <span class='ocrx_word' id='word_1_24' title='bbox 1549 715 1638 768; x_wconf 83' lang='grc' dir='ltr'>τὸν</span> 
     </span>
    </p>
   </div>
   <div class='ocr_carea' id='block_1_5' title="bbox 108 814 1637 890">
    <p class='ocr_par' dir='ltr' id='par_1_5' title="bbox 108 814 1637 890">
     <span class='ocr_line' id='line_1_5' title="bbox 108 814 1637 890; baseline -0.002 -21"><span class='ocrx_word' id='word_1_25' title='bbox 108 818 474 890; x_wconf 76' lang='grc' dir='ltr'>’Δϐεσσαλὼμ,</span> <span class='ocrx_word' id='word_1_26' title='bbox 516 821 611 873; x_wconf 91' lang='grc' dir='ltr'>καὶ</span> <span class='ocrx_word' id='word_1_27' title='bbox 653 820 826 872; x_wconf 80' lang='grc' dir='ltr'>πείθει</span> <span class='ocrx_word' id='word_1_28' title='bbox 853 817 1012 870; x_wconf 81' lang='grc' dir='ltr'>αὑτὸν</span> <span class='ocrx_word' id='word_1_29' title='bbox 1049 817 1123 879; x_wconf 85' lang='grc' dir='ltr'>ὡς</span> <span class='ocrx_word' id='word_1_30' title='bbox 1152 814 1406 877; x_wconf 82' lang='grc' dir='ltr'>εὐνοϊκῶς</span> <span class='ocrx_word' id='word_1_31' title='bbox 1433 814 1637 867; x_wconf 87' lang='grc' dir='ltr'>διακεί-</span> 
     </span>
    </p>
   </div>
   <div class='ocr_carea' id='block_1_6' title="bbox 102 915 1637 991">
    <p class='ocr_par' dir='ltr' id='par_1_6' title="bbox 102 915 1637 991">
     <span class='ocr_line' id='line_1_6' title="bbox 102 915 1637 991; baseline -0.002 -20"><span class='ocrx_word' id='word_1_32' title='bbox 102 934 241 987; x_wconf 78' lang='grc' dir='ltr'>μενος</span> <span class='ocrx_word' id='word_1_33' title='bbox 266 920 418 989; x_wconf 81' lang='grc' dir='ltr'>αὐτῷ</span> <span class='ocrx_word' id='word_1_34' title='bbox 446 920 746 991; x_wconf 85' lang='grc' dir='ltr'>προσέχειν.</span> <span class='ocrx_word' id='word_1_35' title='bbox 776 920 884 970; x_wconf 85' lang='grc' dir='ltr'>Καὶ</span> <span class='ocrx_word' id='word_1_36' title='bbox 905 916 1269 986; x_wconf 82' lang='grc' dir='ltr'>προκειμένης</span> <span class='ocrx_word' id='word_1_37' title='bbox 1300 915 1489 985; x_wconf 82' lang='grc' dir='ltr'>βουλῆς</span> <span class='ocrx_word' id='word_1_38' title='bbox 1516 916 1637 968; x_wconf 89' lang='grc' dir='ltr'>τίνα</span> 
     </span>
    </p>
   </div>
   <div class='ocr_carea' id='block_1_7' title="bbox 99 1013 1640 1088">
    <p class='ocr_par' dir='ltr' id='par_1_7' title="bbox 99 1013 1640 1088">
     <span class='ocr_line' id='line_1_7' title="bbox 99 1013 1640 1088; baseline -0.002 -18"><span class='ocrx_word' id='word_1_39' title='bbox 99 1019 189 1071; x_wconf 78' lang='grc' dir='ltr'>δέοι</span> <span class='ocrx_word' id='word_1_40' title='bbox 213 1020 489 1088; x_wconf 82' lang='grc' dir='ltr'>πράττειν,</span> <span class='ocrx_word' id='word_1_41' title='bbox 524 1017 870 1085; x_wconf 77' lang='grc' dir='ltr'>συγγενέσθαι</span> <span class='ocrx_word' id='word_1_42' title='bbox 904 1019 1022 1078; x_wconf 84' lang='grc' dir='ltr'>ταῖς</span> <span class='ocrx_word' id='word_1_43' title='bbox 1062 1016 1358 1077; x_wconf 84' lang='grc' dir='ltr'>παλλακαῖς</span> <span class='ocrx_word' id='word_1_44' title='bbox 1392 1013 1483 1066; x_wconf 89' lang='lat'>106</span> <span class='ocrx_word' id='word_1_45' title='bbox 1535 1031 1640 1068; x_wconf 82' lang='grc' dir='ltr'>πα-</span> 
     </span>
    </p>
   </div>
   <div class='ocr_carea' id='block_1_8' title="bbox 100 1112 1637 1188">
    <p class='ocr_par' dir='ltr' id='par_1_8' title="bbox 100 1112 1637 1188">
     <span class='ocr_line' id='line_1_8' title="bbox 100 1112 1637 1188; baseline -0.003 -19"><span class='ocrx_word' id='word_1_46' title='bbox 100 1118 205 1187; x_wconf 71' lang='grc' dir='ltr'>τρὸς</span> <span class='ocrx_word' id='word_1_47' title='bbox 226 1121 485 1188; x_wconf 88' lang='grc' dir='ltr'>παραινεῖ</span> <span class='ocrx_word' id='word_1_48' title='bbox 502 1118 590 1171; x_wconf 80' lang='grc' dir='ltr'>τὸν</span> <span class='ocrx_word' id='word_1_49' title='bbox 606 1115 954 1186; x_wconf 80' lang='grc' dir='ltr'>’Δϐεσσαλὼμ</span> <span class='ocrx_word' id='word_1_50' title='bbox 969 1114 1263 1183; x_wconf 82' lang='grc' dir='ltr'>Ἀχιτόφελ.</span> <span class='ocrx_word' id='word_1_51' title='bbox 1288 1115 1396 1166; x_wconf 84' lang='grc' dir='ltr'>Καὶ</span> <span class='ocrx_word' id='word_1_52' title='bbox 1417 1112 1637 1182; x_wconf 91' lang='grc' dir='ltr'>ἐποίησε</span> 
     </span>
    </p>
   </div>
   <div class='ocr_carea' id='block_1_9' title="bbox 98 1212 1639 1285">
    <p class='ocr_par' dir='ltr' id='par_1_9' title="bbox 98 1212 1639 1285">
     <span class='ocr_line' id='line_1_9' title="bbox 98 1212 1639 1285; baseline -0.002 -19"><span class='ocrx_word' id='word_1_53' title='bbox 98 1216 237 1267; x_wconf 72' lang='grc' dir='ltr'>τοῦτο</span> <span class='ocrx_word' id='word_1_54' title='bbox 264 1217 358 1268; x_wconf 82' lang='grc' dir='ltr'>ἐπὶ</span> <span class='ocrx_word' id='word_1_55' title='bbox 383 1216 475 1268; x_wconf 79' lang='grc' dir='ltr'>τοῦ</span> <span class='ocrx_word' id='word_1_56' title='bbox 501 1215 764 1285; x_wconf 81' lang='grc' dir='ltr'>δώματος,</span> <span class='ocrx_word' id='word_1_57' title='bbox 784 1214 921 1267; x_wconf 82' lang='grc' dir='ltr'>ὥστε</span> <span class='ocrx_word' id='word_1_58' title='bbox 948 1214 1151 1275; x_wconf 82' lang='grc' dir='ltr'>πάντας</span> <span class='ocrx_word' id='word_1_59' title='bbox 1173 1214 1323 1282; x_wconf 83' lang='grc' dir='ltr'>ὁρᾷν.</span> <span class='ocrx_word' id='word_1_60' title='bbox 1347 1212 1453 1264; x_wconf 82' lang='grc' dir='ltr'>Καὶ</span> <span class='ocrx_word' id='word_1_61' title='bbox 1478 1228 1639 1281; x_wconf 89' lang='grc' dir='ltr'>προσ-</span> 
     </span>
    </p>
   </div>
   <div class='ocr_carea' id='block_1_10' title="bbox 99 1309 1636 1384">
    <p class='ocr_par' dir='ltr' id='par_1_10' title="bbox 99 1309 1636 1384">
     <span class='ocr_line' id='line_1_10' title="bbox 99 1309 1636 1384; baseline -0.003 -19"><span class='ocrx_word' id='word_1_62' title='bbox 99 1314 284 1383; x_wconf 84' lang='grc' dir='ltr'>τίθησιν</span> <span class='ocrx_word' id='word_1_63' title='bbox 322 1313 515 1384; x_wconf 77' lang='grc' dir='ltr'>ἑτέραν</span> <span class='ocrx_word' id='word_1_64' title='bbox 563 1314 816 1383; x_wconf 85' lang='grc' dir='ltr'>γνώμην,</span> <span class='ocrx_word' id='word_1_65' title='bbox 854 1312 991 1364; x_wconf 84' lang='grc' dir='ltr'>ὥστε</span> <span class='ocrx_word' id='word_1_66' title='bbox 1038 1310 1219 1363; x_wconf 83' lang='grc' dir='ltr'>λαϐεῖν</span> <span class='ocrx_word' id='word_1_67' title='bbox 1264 1311 1465 1379; x_wconf 85' lang='grc' dir='ltr'>χιλίους</span> <span class='ocrx_word' id='word_1_68' title='bbox 1520 1309 1636 1378; x_wconf 86' lang='grc' dir='ltr'>μεθ’</span> 
     </span>
    </p>
   </div>
   <div class='ocr_carea' id='block_1_11' title="bbox 96 1409 1633 1481">
    <p class='ocr_par' dir='ltr' id='par_1_11' title="bbox 96 1409 1633 1481">
     <span class='ocr_line' id='line_1_11' title="bbox 96 1409 1633 1481; baseline 0.002 -21"><span class='ocrx_word' id='word_1_69' title='bbox 96 1410 269 1464; x_wconf 75' lang='grc' dir='ltr'>ἑαυτοῦ</span> <span class='ocrx_word' id='word_1_70' title='bbox 290 1452 305 1474; x_wconf 94' lang='grc'>,</span> <span class='ocrx_word' id='word_1_71' title='bbox 338 1413 432 1465; x_wconf 90' lang='grc' dir='ltr'>καὶ</span> <span class='ocrx_word' id='word_1_72' title='bbox 472 1412 747 1465; x_wconf 74' lang='grc' dir='ltr'>ἐπιθέσθαι</span> <span class='ocrx_word' id='word_1_73' title='bbox 780 1410 855 1481; x_wconf 86' lang='grc' dir='ltr'>τῷ</span> <span class='ocrx_word' id='word_1_74' title='bbox 883 1410 1060 1469; x_wconf 76' lang='grc' dir='ltr'>Δαυῒδ.</span> <span class='ocrx_word' id='word_1_75' title='bbox 1106 1412 1195 1462; x_wconf 89' lang='grc' dir='ltr'>καὶ</span> <span class='ocrx_word' id='word_1_76' title='bbox 1227 1409 1431 1462; x_wconf 84' lang='grc' dir='ltr'>ἀνελεῖν</span> <span class='ocrx_word' id='word_1_77' title='bbox 1454 1410 1633 1463; x_wconf 84' lang='grc' dir='ltr'>αὐτόν.</span> 
     </span>
    </p>
   </div>
   <div class='ocr_carea' id='block_1_12' title="bbox 105 1508 1635 1582">
    <p class='ocr_par' dir='ltr' id='par_1_12' title="bbox 105 1508 1635 1582">
     <span class='ocr_line' id='line_1_12' title="bbox 105 1508 1635 1582; baseline -0.001 -21"><span class='ocrx_word' id='word_1_78' title='bbox 105 1510 179 1572; x_wconf 81' lang='grc' dir='ltr'>Ὠς</span> <span class='ocrx_word' id='word_1_79' title='bbox 217 1511 271 1563; x_wconf 82' lang='grc' dir='ltr'>δὲ</span> <span class='ocrx_word' id='word_1_80' title='bbox 320 1511 521 1582; x_wconf 87' lang='grc' dir='ltr'>ἐκλήθη</span> <span class='ocrx_word' id='word_1_81' title='bbox 561 1513 653 1565; x_wconf 78' lang='grc' dir='ltr'>καὶ</span> <span class='ocrx_word' id='word_1_82' title='bbox 693 1513 719 1563; x_wconf 93' lang='lat'>6</span> <span class='ocrx_word' id='word_1_83' title='bbox 752 1512 918 1564; x_wconf 94' lang='grc' dir='ltr'>Χουσὶ</span> <span class='ocrx_word' id='word_1_84' title='bbox 960 1510 1093 1581; x_wconf 68' lang='grc' dir='ltr'>πρὸς</span> <span class='ocrx_word' id='word_1_85' title='bbox 1140 1510 1199 1562; x_wconf 86' lang='lat'>16</span> <span class='ocrx_word' id='word_1_86' title='bbox 1247 1508 1635 1581; x_wconf 89' lang='grc' dir='ltr'>είσηγήσασθαι</span> 
     </span>
    </p>
   </div>
   <div class='ocr_carea' id='block_1_13' title="bbox 98 1608 1633 1681">
    <p class='ocr_par' dir='ltr' id='par_1_13' title="bbox 98 1608 1633 1681">
     <span class='ocr_line' id='line_1_13' title="bbox 98 1608 1633 1681; baseline -0.002 -20"><span class='ocrx_word' id='word_1_87' title='bbox 98 1610 406 1681; x_wconf 68' lang='grc' dir='ltr'>συμϐουλὴν,</span> <span class='ocrx_word' id='word_1_88' title='bbox 454 1610 746 1681; x_wconf 80' lang='grc' dir='ltr'>ἀνατρέπει</span> <span class='ocrx_word' id='word_1_89' title='bbox 791 1610 888 1679; x_wconf 72' lang='grc' dir='ltr'>τὴν</span> <span class='ocrx_word' id='word_1_90' title='bbox 934 1609 1026 1661; x_wconf 81' lang='grc' dir='ltr'>τοῦ</span> <span class='ocrx_word' id='word_1_91' title='bbox 1076 1608 1352 1678; x_wconf 82' lang='grc' dir='ltr'>Ἀχιτόφελ</span> <span class='ocrx_word' id='word_1_92' title='bbox 1393 1608 1633 1678; x_wconf 86' lang='grc' dir='ltr'>γνώμην,</span> 
     </span>
    </p>
   </div>
   <div class='ocr_carea' id='block_1_14' title="bbox 97 1708 1637 1779">
    <p class='ocr_par' dir='ltr' id='par_1_14' title="bbox 97 1708 1637 1779">
     <span class='ocr_line' id='line_1_14' title="bbox 97 1708 1637 1779; baseline 0.001 -19"><span class='ocrx_word' id='word_1_93' title='bbox 97 1710 212 1771; x_wconf 82' lang='grc' dir='ltr'>τέως</span> <span class='ocrx_word' id='word_1_94' title='bbox 256 1711 354 1779; x_wconf 83' lang='grc' dir='ltr'>μὲν</span> <span class='ocrx_word' id='word_1_95' title='bbox 401 1709 723 1779; x_wconf 83' lang='grc' dir='ltr'>ὑπερθέσθαι</span> <span class='ocrx_word' id='word_1_96' title='bbox 769 1709 1076 1779; x_wconf 83' lang='grc' dir='ltr'>παραινῶν,</span> <span class='ocrx_word' id='word_1_97' title='bbox 1131 1708 1354 1778; x_wconf 73' lang='grc' dir='ltr'>ὕστερον</span> <span class='ocrx_word' id='word_1_98' title='bbox 1398 1708 1452 1760; x_wconf 89' lang='grc' dir='ltr'>δέ</span> <span class='ocrx_word' id='word_1_99' title='bbox 1501 1708 1637 1777; x_wconf 83' lang='grc' dir='ltr'>μετὰ</span> 
     </span>
    </p>
   </div>
   <div class='ocr_carea' id='block_1_15' title="bbox 99 1807 1634 1880">
    <p class='ocr_par' dir='ltr' id='par_1_15' title="bbox 99 1807 1634 1880">
     <span class='ocr_line' id='line_1_15' title="bbox 99 1807 1634 1880; baseline 0 -22"><span class='ocrx_word' id='word_1_100' title='bbox 99 1812 433 1880; x_wconf 74' lang='grc' dir='ltr'>παρασκευῆς</span> <span class='ocrx_word' id='word_1_101' title='bbox 462 1808 737 1861; x_wconf 79' lang='grc' dir='ltr'>ἐπιθέσθαι</span> <span class='ocrx_word' id='word_1_102' title='bbox 772 1808 846 1877; x_wconf 81' lang='grc' dir='ltr'>τῷ</span> <span class='ocrx_word' id='word_1_103' title='bbox 873 1809 1050 1861; x_wconf 81' lang='grc' dir='ltr'>Δαυῖδ.</span> <span class='ocrx_word' id='word_1_104' title='bbox 1098 1810 1207 1861; x_wconf 85' lang='grc' dir='ltr'>Καὶ</span> <span class='ocrx_word' id='word_1_105' title='bbox 1244 1810 1406 1878; x_wconf 79' lang='grc' dir='ltr'>ήρεσε</span> <span class='ocrx_word' id='word_1_106' title='bbox 1439 1807 1634 1877; x_wconf 79' lang='grc' dir='ltr'>μᾶλλον</span> 
     </span>
    </p>
   </div>
   <div class='ocr_carea' id='block_1_16' title="bbox 97 1904 1635 1979">
    <p class='ocr_par' dir='ltr' id='par_1_16' title="bbox 97 1904 1635 1979">
     <span class='ocr_line' id='line_1_16' title="bbox 97 1904 1635 1979; baseline 0.002 -21"><span class='ocrx_word' id='word_1_107' title='bbox 97 1908 218 1977; x_wconf 71' lang='grc' dir='ltr'>αὕτη</span> <span class='ocrx_word' id='word_1_108' title='bbox 264 1910 297 1977; x_wconf 78' lang='grc' dir='ltr'>ἡ</span> <span class='ocrx_word' id='word_1_109' title='bbox 352 1909 580 1979; x_wconf 81' lang='grc' dir='ltr'>γνὼμη’</span> <span class='ocrx_word' id='word_1_110' title='bbox 630 1909 761 1961; x_wconf 86' lang='grc' dir='ltr'>Θεοῦ</span> <span class='ocrx_word' id='word_1_111' title='bbox 811 1908 917 1978; x_wconf 85' lang='grc' dir='ltr'>γάρ</span> <span class='ocrx_word' id='word_1_112' title='bbox 972 1904 1037 1978; x_wconf 72' lang='grc' dir='ltr'>ἦν</span> <span class='ocrx_word' id='word_1_113' title='bbox 1084 1910 1115 1978; x_wconf 87' lang='grc' dir='ltr'>ὴ</span> <span class='ocrx_word' id='word_1_114' title='bbox 1161 1909 1457 1978; x_wconf 77' lang='grc' dir='ltr'>οἰκονομία.</span> <span class='ocrx_word' id='word_1_115' title='bbox 1504 1909 1635 1961; x_wconf 84' lang='grc' dir='ltr'>Τότε</span> 
     </span>
    </p>
   </div>
   <div class='ocr_carea' id='block_1_17' title="bbox 98 2007 1635 2077">
    <p class='ocr_par' dir='ltr' id='par_1_17' title="bbox 98 2007 1635 2077">
     <span class='ocr_line' id='line_1_17' title="bbox 98 2007 1635 2077; baseline 0.003 -20"><span class='ocrx_word' id='word_1_116' title='bbox 98 2007 283 2074; x_wconf 78' lang='grc' dir='ltr'>πέμπει</span> <span class='ocrx_word' id='word_1_117' title='bbox 320 2007 411 2060; x_wconf 82' lang='grc' dir='ltr'>διά</span> <span class='ocrx_word' id='word_1_118' title='bbox 451 2008 558 2061; x_wconf 91' lang='grc' dir='ltr'>τῶν</span> <span class='ocrx_word' id='word_1_119' title='bbox 599 2009 727 2061; x_wconf 77' lang='grc' dir='ltr'>υἱῶν</span> <span class='ocrx_word' id='word_1_120' title='bbox 777 2008 884 2060; x_wconf 90' lang='grc' dir='ltr'>τῶν</span> <span class='ocrx_word' id='word_1_121' title='bbox 933 2008 1137 2077; x_wconf 76' lang='grc' dir='ltr'>ἱερέων,</span> <span class='ocrx_word' id='word_1_122' title='bbox 1169 2009 1262 2061; x_wconf 87' lang='grc' dir='ltr'>καὶ</span> <span class='ocrx_word' id='word_1_123' title='bbox 1308 2008 1635 2076; x_wconf 84' lang='grc' dir='ltr'>ἀπαγγέλλει</span> 
     </span>
    </p>
   </div>
   <div class='ocr_carea' id='block_1_18' title="bbox 98 2106 1636 2178">
    <p class='ocr_par' dir='ltr' id='par_1_18' title="bbox 98 2106 1636 2178">
     <span class='ocr_line' id='line_1_18' title="bbox 98 2106 1636 2178; baseline 0.001 -20"><span class='ocrx_word' id='word_1_124' title='bbox 98 2106 250 2159; x_wconf 81' lang='grc' dir='ltr'>ταῦτα</span> <span class='ocrx_word' id='word_1_125' title='bbox 280 2107 359 2178; x_wconf 83' lang='grc' dir='ltr'>τῷ</span> <span class='ocrx_word' id='word_1_126' title='bbox 391 2107 549 2161; x_wconf 80' lang='grc' dir='ltr'>Δαυῒδ</span> <span class='ocrx_word' id='word_1_127' title='bbox 580 2109 607 2160; x_wconf 93' lang='lat'>6</span> <span class='ocrx_word' id='word_1_128' title='bbox 635 2108 819 2161; x_wconf 82' lang='grc' dir='ltr'>Χουσὶ.</span> <span class='ocrx_word' id='word_1_129' title='bbox 851 2108 907 2159; x_wconf 89' lang='lat'>&#39;0</span> <span class='ocrx_word' id='word_1_130' title='bbox 933 2108 988 2159; x_wconf 85' lang='grc' dir='ltr'>δὲ</span> <span class='ocrx_word' id='word_1_131' title='bbox 1022 2106 1297 2176; x_wconf 80' lang='grc' dir='ltr'>Ἀχιτόφελ</span> <span class='ocrx_word' id='word_1_132' title='bbox 1325 2106 1636 2176; x_wconf 85' lang='grc' dir='ltr'>διαμαρτὼν</span> 
     </span>
    </p>
   </div>
   <div class='ocr_carea' id='block_1_19' title="bbox 99 2206 1636 2278">
    <p class='ocr_par' dir='ltr' id='par_1_19' title="bbox 99 2206 1636 2278">
     <span class='ocr_line' id='line_1_19' title="bbox 99 2206 1636 2278; baseline -0.001 -18"><span class='ocrx_word' id='word_1_133' title='bbox 99 2206 183 2275; x_wconf 80' lang='grc' dir='ltr'>τῆς</span> <span class='ocrx_word' id='word_1_134' title='bbox 223 2208 476 2278; x_wconf 84' lang='grc' dir='ltr'>γνώμης,</span> <span class='ocrx_word' id='word_1_135' title='bbox 527 2208 824 2276; x_wconf 82' lang='grc' dir='ltr'>ἀπήγξατο.</span> <span class='ocrx_word' id='word_1_136' title='bbox 872 2208 1096 2277; x_wconf 86' lang='grc' dir='ltr'>Φέρεται</span> <span class='ocrx_word' id='word_1_137' title='bbox 1147 2206 1314 2259; x_wconf 87' lang='grc' dir='ltr'>πολλά</span> <span class='ocrx_word' id='word_1_138' title='bbox 1368 2207 1514 2278; x_wconf 92' lang='grc' dir='ltr'>δῶρα</span> <span class='ocrx_word' id='word_1_139' title='bbox 1559 2207 1636 2277; x_wconf 85' lang='grc' dir='ltr'>τῷ</span> 
     </span>
    </p>
   </div>
   <div class='ocr_carea' id='block_1_20' title="bbox 101 2306 1632 2377">
    <p class='ocr_par' dir='ltr' id='par_1_20' title="bbox 101 2306 1632 2377">
     <span class='ocr_line' id='line_1_20' title="bbox 101 2306 1632 2377; baseline 0.003 -22"><span class='ocrx_word' id='word_1_140' title='bbox 101 2307 259 2360; x_wconf 73' lang='grc' dir='ltr'>Δαυῖδ.</span> <span class='ocrx_word' id='word_1_141' title='bbox 284 2307 545 2373; x_wconf 76' lang='grc' dir='ltr'>Διατάξας</span> <span class='ocrx_word' id='word_1_142' title='bbox 566 2308 621 2359; x_wconf 85' lang='grc' dir='ltr'>δὲ</span> <span class='ocrx_word' id='word_1_143' title='bbox 648 2307 707 2359; x_wconf 85' lang='grc' dir='ltr'>τὸ</span> <span class='ocrx_word' id='word_1_144' title='bbox 741 2306 1115 2377; x_wconf 87' lang='grc' dir='ltr'>στρατόπεδον,</span> <span class='ocrx_word' id='word_1_145' title='bbox 1146 2306 1416 2375; x_wconf 78' lang='grc' dir='ltr'>ἐξέπεμψε</span> <span class='ocrx_word' id='word_1_146' title='bbox 1444 2306 1632 2375; x_wconf 84' lang='grc' dir='ltr'>λέγων’</span> 
     </span>
    </p>
   </div>
   <div class='ocr_carea' id='block_1_21' title="bbox 103 2405 1637 2476">
    <p class='ocr_par' dir='ltr' id='par_1_21' title="bbox 103 2405 1637 2476">
     <span class='ocr_line' id='line_1_21' title="bbox 103 2405 1637 2476; baseline 0.002 -21"><span class='ocrx_word' id='word_1_147' title='bbox 103 2405 377 2460; x_wconf 80' lang='grc' dir='ltr'>Φείσασθέ</span> <span class='ocrx_word' id='word_1_148' title='bbox 403 2424 521 2476; x_wconf 82' lang='grc' dir='ltr'>μου</span> <span class='ocrx_word' id='word_1_149' title='bbox 552 2406 656 2460; x_wconf 81' lang='grc' dir='ltr'>τοῦ</span> <span class='ocrx_word' id='word_1_150' title='bbox 689 2407 998 2473; x_wconf 77' lang='grc' dir='ltr'>παιδαρίου</span> <span class='ocrx_word' id='word_1_151' title='bbox 1045 2405 1437 2474; x_wconf 78' lang='grc' dir='ltr'>Ἀϐεσσαλώμ.</span> <span class='ocrx_word' id='word_1_152' title='bbox 1468 2406 1637 2458; x_wconf 76' lang='grc' dir='ltr'>Αὑτὸν</span> 
     </span>
    </p>
   </div>
   <div class='ocr_carea' id='block_1_22' title="bbox 103 2502 1637 2575">
    <p class='ocr_par' dir='ltr' id='par_1_22' title="bbox 103 2502 1637 2575">
     <span class='ocr_line' id='line_1_22' title="bbox 103 2502 1637 2575; baseline 0.003 -22"><span class='ocrx_word' id='word_1_153' title='bbox 103 2502 195 2573; x_wconf 68' lang='grc' dir='ltr'>γὰρ</span> <span class='ocrx_word' id='word_1_154' title='bbox 216 2504 273 2557; x_wconf 88' lang='grc' dir='ltr'>ού</span> <span class='ocrx_word' id='word_1_155' title='bbox 312 2505 687 2575; x_wconf 89' lang='grc' dir='ltr'>συνεχώρησαν</span> <span class='ocrx_word' id='word_1_156' title='bbox 718 2504 965 2571; x_wconf 80' lang='grc' dir='ltr'>ἐξελθεῖν.</span> <span class='ocrx_word' id='word_1_157' title='bbox 997 2506 1205 2560; x_wconf 81' lang='grc' dir='ltr'>Γίνεται</span> <span class='ocrx_word' id='word_1_158' title='bbox 1238 2505 1503 2575; x_wconf 86' lang='grc' dir='ltr'>πόλεμος,</span> <span class='ocrx_word' id='word_1_159' title='bbox 1544 2506 1637 2558; x_wconf 87' lang='grc' dir='ltr'>καὶ</span> 
     </span>
    </p>
   </div>
   <div class='ocr_carea' id='block_1_23' title="bbox 104 2602 1633 2673">
    <p class='ocr_par' dir='ltr' id='par_1_23' title="bbox 104 2602 1633 2673">
     <span class='ocr_line' id='line_1_23' title="bbox 104 2602 1633 2673; baseline 0.002 -21"><span class='ocrx_word' id='word_1_160' title='bbox 104 2602 290 2655; x_wconf 71' lang='grc' dir='ltr'>πολλῶν</span> <span class='ocrx_word' id='word_1_161' title='bbox 341 2605 610 2657; x_wconf 83' lang='grc' dir='ltr'>πεσόντων</span> <span class='ocrx_word' id='word_1_162' title='bbox 665 2606 964 2673; x_wconf 89' lang='grc' dir='ltr'>ἀναιρεῖται</span> <span class='ocrx_word' id='word_1_163' title='bbox 1028 2604 1119 2657; x_wconf 83' lang='grc' dir='ltr'>καὶ</span> <span class='ocrx_word' id='word_1_164' title='bbox 1171 2605 1199 2655; x_wconf 97' lang='lat'>6</span> <span class='ocrx_word' id='word_1_165' title='bbox 1266 2603 1633 2671; x_wconf 80' lang='grc' dir='ltr'>Ἀϐεσσαλὼμ,</span> 
     </span>
    </p>
   </div>
   <div class='ocr_carea' id='block_1_24' title="bbox 105 2701 1637 2772">
    <p class='ocr_par' dir='ltr' id='par_1_24' title="bbox 105 2701 1637 2772">
     <span class='ocr_line' id='line_1_24' title="bbox 105 2701 1637 2772; baseline 0.003 -23"><span class='ocrx_word' id='word_1_166' title='bbox 105 2701 397 2769; x_wconf 82' lang='grc' dir='ltr'>προσδεθείς</span> <span class='ocrx_word' id='word_1_167' title='bbox 420 2720 523 2755; x_wconf 89' lang='grc' dir='ltr'>τινι</span> <span class='ocrx_word' id='word_1_168' title='bbox 555 2703 751 2771; x_wconf 82' lang='grc' dir='ltr'>δένδρῳ</span> <span class='ocrx_word' id='word_1_169' title='bbox 784 2702 888 2754; x_wconf 86' lang='grc' dir='ltr'>ἀπὸ</span> <span class='ocrx_word' id='word_1_170' title='bbox 910 2703 1004 2771; x_wconf 87' lang='grc' dir='ltr'>τῆς</span> <span class='ocrx_word' id='word_1_171' title='bbox 1030 2702 1221 2770; x_wconf 87' lang='grc' dir='ltr'>κόμης.</span> <span class='ocrx_word' id='word_1_172' title='bbox 1240 2702 1637 2772; x_wconf 81' lang='grc' dir='ltr'>Ἀναιρεθέντος</span> 
     </span>
    </p>
   </div>
   <div class='ocr_carea' id='block_1_25' title="bbox 104 2798 1635 2869">
    <p class='ocr_par' dir='ltr' id='par_1_25' title="bbox 104 2798 1635 2869">
     <span class='ocr_line' id='line_1_25' title="bbox 104 2798 1635 2869; baseline 0.001 -19"><span class='ocrx_word' id='word_1_173' title='bbox 104 2798 168 2861; x_wconf 83' lang='grc' dir='ltr'>δέ,</span> <span class='ocrx_word' id='word_1_174' title='bbox 201 2800 467 2854; x_wconf 79' lang='grc' dir='ltr'>ἐπαύσατο</span> <span class='ocrx_word' id='word_1_175' title='bbox 497 2801 525 2851; x_wconf 92' lang='lat'>6</span> <span class='ocrx_word' id='word_1_176' title='bbox 551 2801 797 2869; x_wconf 88' lang='grc' dir='ltr'>πόλεμος.</span> <span class='ocrx_word' id='word_1_177' title='bbox 827 2800 1035 2869; x_wconf 86' lang='grc' dir='ltr'>Πέμπει</span> <span class='ocrx_word' id='word_1_178' title='bbox 1064 2801 1153 2852; x_wconf 79' lang='grc' dir='ltr'>τὸν</span> <span class='ocrx_word' id='word_1_179' title='bbox 1191 2801 1359 2852; x_wconf 88' lang='grc' dir='ltr'>Χουσὶ</span> <span class='ocrx_word' id='word_1_180' title='bbox 1402 2801 1430 2852; x_wconf 93' lang='lat'>6</span> <span class='ocrx_word' id='word_1_181' title='bbox 1482 2800 1635 2853; x_wconf 86' lang='grc' dir='ltr'>Ἰωάϐ</span> 
     </span>
    </p>
   </div>
   <div class='ocr_carea' id='block_1_26' title="bbox 106 2898 1637 2969">
    <p class='ocr_par' dir='ltr' id='par_1_26' title="bbox 106 2898 1637 2969">
     <span class='ocr_line' id='line_1_26' title="bbox 106 2898 1637 2969; baseline 0.003 -20"><span class='ocrx_word' id='word_1_182' title='bbox 106 2899 445 2967; x_wconf 76' lang='grc' dir='ltr'>ἀπαγγέλλειν</span> <span class='ocrx_word' id='word_1_183' title='bbox 488 2898 565 2969; x_wconf 83' lang='grc' dir='ltr'>τῷ</span> <span class='ocrx_word' id='word_1_184' title='bbox 607 2898 767 2952; x_wconf 75' lang='grc' dir='ltr'>Δαυῖδ</span> <span class='ocrx_word' id='word_1_185' title='bbox 812 2900 907 2968; x_wconf 78' lang='grc' dir='ltr'>τὴν</span> <span class='ocrx_word' id='word_1_186' title='bbox 960 2900 1133 2967; x_wconf 88' lang='grc' dir='ltr'>νίκην.</span> <span class='ocrx_word' id='word_1_187' title='bbox 1194 2901 1250 2952; x_wconf 93' lang='lat'>&#39;0</span> <span class='ocrx_word' id='word_1_188' title='bbox 1298 2899 1351 2950; x_wconf 78' lang='grc' dir='ltr'>δέ</span> <span class='ocrx_word' id='word_1_189' title='bbox 1403 2900 1637 2963; x_wconf 83' lang='grc' dir='ltr'>ἀκούσας</span> 
     </span>
    </p>
   </div>
   <div class='ocr_carea' id='block_1_27' title="bbox 108 2992 1639 3070">
    <p class='ocr_par' dir='ltr' id='par_1_27' title="bbox 108 2992 1639 3070">
     <span class='ocr_line' id='line_1_27' title="bbox 108 2992 1639 3070; baseline 0.001 -20"><span class='ocrx_word' id='word_1_190' title='bbox 108 3000 299 3070; x_wconf 75' lang='grc' dir='ltr'>ἐθρήνει</span> <span class='ocrx_word' id='word_1_191' title='bbox 326 3001 414 3054; x_wconf 77' lang='grc' dir='ltr'>διὰ</span> <span class='ocrx_word' id='word_1_192' title='bbox 442 3001 531 3053; x_wconf 78' lang='grc' dir='ltr'>τὸν</span> <span class='ocrx_word' id='word_1_193' title='bbox 558 3001 699 3053; x_wconf 80' lang='grc' dir='ltr'>υἱόν·</span> <span class='ocrx_word' id='word_1_194' title='bbox 748 2999 851 3062; x_wconf 73' lang='grc' dir='ltr'>ἕως</span> <span class='ocrx_word' id='word_1_195' title='bbox 887 2992 946 3051; x_wconf 78' lang='lat'>06</span> <span class='ocrx_word' id='word_1_196' title='bbox 981 2998 1232 3051; x_wconf 84' lang='grc' dir='ltr'>είσελθὼν</span> <span class='ocrx_word' id='word_1_197' title='bbox 1264 3002 1291 3052; x_wconf 91' lang='lat'>6</span> <span class='ocrx_word' id='word_1_198' title='bbox 1330 3000 1483 3053; x_wconf 86' lang='grc' dir='ltr'>Ἰωάϐ</span> <span class='ocrx_word' id='word_1_199' title='bbox 1520 3017 1639 3070; x_wconf 85' lang='grc' dir='ltr'>μετ-</span> 
     </span>
    </p>
   </div>
   <div class='ocr_carea' id='block_1_28' title="bbox 109 3098 1636 3168">
    <p class='ocr_par' dir='ltr' id='par_1_28' title="bbox 109 3098 1636 3168">
     <span class='ocr_line' id='line_1_28' title="bbox 109 3098 1636 3168; baseline 0.003 -19"><span class='ocrx_word' id='word_1_200' title='bbox 109 3098 247 3151; x_wconf 77' lang='grc' dir='ltr'>έϐαλέ</span> <span class='ocrx_word' id='word_1_201' title='bbox 278 3117 334 3153; x_wconf 85' lang='grc' dir='ltr'>τε</span> <span class='ocrx_word' id='word_1_202' title='bbox 372 3099 554 3163; x_wconf 73' lang='grc' dir='ltr'>αὑτὸν,</span> <span class='ocrx_word' id='word_1_203' title='bbox 582 3100 675 3152; x_wconf 87' lang='grc' dir='ltr'>καὶ</span> <span class='ocrx_word' id='word_1_204' title='bbox 703 3099 881 3151; x_wconf 77' lang='grc' dir='ltr'>ἔπεισε</span> <span class='ocrx_word' id='word_1_205' title='bbox 921 3098 1168 3161; x_wconf 84' lang='grc' dir='ltr'>δέξασθαι</span> <span class='ocrx_word' id='word_1_206' title='bbox 1194 3098 1252 3150; x_wconf 82' lang='grc' dir='ltr'>τὸ</span> <span class='ocrx_word' id='word_1_207' title='bbox 1282 3100 1636 3168; x_wconf 88' lang='grc' dir='ltr'>στρατόπεδον</span> 
     </span>
    </p>
   </div>
   <div class='ocr_carea' id='block_1_29' title="bbox 109 3197 1639 3269">
    <p class='ocr_par' dir='ltr' id='par_1_29' title="bbox 109 3197 1639 3269">
     <span class='ocr_line' id='line_1_29' title="bbox 109 3197 1639 3269; baseline 0.003 -22"><span class='ocrx_word' id='word_1_208' title='bbox 109 3197 293 3269; x_wconf 81' lang='grc' dir='ltr'>φαιδρῷ</span> <span class='ocrx_word' id='word_1_209' title='bbox 328 3198 406 3269; x_wconf 81' lang='grc' dir='ltr'>τῷ</span> <span class='ocrx_word' id='word_1_210' title='bbox 435 3197 726 3269; x_wconf 83' lang='grc' dir='ltr'>προσώπῳ.</span> <span class='ocrx_word' id='word_1_211' title='bbox 760 3197 998 3264; x_wconf 80' lang='grc' dir='ltr'>Φυγόντα</span> <span class='ocrx_word' id='word_1_212' title='bbox 1025 3197 1114 3250; x_wconf 84' lang='grc' dir='ltr'>τὸν</span> <span class='ocrx_word' id='word_1_213' title='bbox 1152 3198 1363 3269; x_wconf 72' lang='grc' dir='ltr'>Ἰσραὴλ</span> <span class='ocrx_word' id='word_1_214' title='bbox 1390 3200 1416 3251; x_wconf 84' lang='grc' dir='ltr'>ὅ</span> <span class='ocrx_word' id='word_1_215' title='bbox 1444 3216 1501 3251; x_wconf 87' lang='grc' dir='ltr'>τε</span> <span class='ocrx_word' id='word_1_216' title='bbox 1547 3199 1639 3268; x_wconf 87' lang='grc' dir='ltr'>βα-</span> 
     </span>
    </p>
   </div>
   <div class='ocr_carea' id='block_1_30' title="bbox 112 3294 1637 3367">
    <p class='ocr_par' dir='ltr' id='par_1_30' title="bbox 112 3294 1637 3367">
     <span class='ocr_line' id='line_1_30' title="bbox 112 3294 1637 3367; baseline 0.005 -25"><span class='ocrx_word' id='word_1_217' title='bbox 112 3294 267 3356; x_wconf 78' lang='grc' dir='ltr'>σιλεὺς</span> <span class='ocrx_word' id='word_1_218' title='bbox 308 3296 707 3366; x_wconf 81' lang='grc' dir='ltr'>προσεκαλεῖτο,</span> <span class='ocrx_word' id='word_1_219' title='bbox 755 3297 783 3349; x_wconf 85' lang='grc' dir='ltr'>ὅ</span> <span class='ocrx_word' id='word_1_220' title='bbox 826 3312 883 3347; x_wconf 88' lang='grc' dir='ltr'>τε</span> <span class='ocrx_word' id='word_1_221' title='bbox 944 3296 1173 3349; x_wconf 80' lang='grc' dir='ltr'>Ἀϐεσσᾶ</span> <span class='ocrx_word' id='word_1_222' title='bbox 1225 3298 1637 3367; x_wconf 83' lang='grc' dir='ltr'>προῃρημένους</span> 
     </span>
    </p>
   </div>
   <div class='ocr_carea' id='block_1_31' title="bbox 112 3394 1639 3467">
    <p class='ocr_par' dir='ltr' id='par_1_31' title="bbox 112 3394 1639 3467">
     <span class='ocr_line' id='line_1_31' title="bbox 112 3394 1639 3467; baseline 0.003 -24"><span class='ocrx_word' id='word_1_223' title='bbox 112 3394 283 3458; x_wconf 72' lang='grc' dir='ltr'>αὐτοὺς</span> <span class='ocrx_word' id='word_1_224' title='bbox 299 3397 397 3467; x_wconf 80' lang='grc' dir='ltr'>ήδη</span> <span class='ocrx_word' id='word_1_225' title='bbox 418 3397 628 3449; x_wconf 78' lang='grc' dir='ltr'>ἔπεισεν</span> <span class='ocrx_word' id='word_1_226' title='bbox 650 3397 979 3466; x_wconf 78' lang='grc' dir='ltr'>ὑποταγῆναι</span> <span class='ocrx_word' id='word_1_227' title='bbox 1008 3398 1082 3467; x_wconf 82' lang='grc' dir='ltr'>τῷ</span> <span class='ocrx_word' id='word_1_228' title='bbox 1103 3398 1284 3451; x_wconf 83' lang='grc' dir='ltr'>Δαυῖδ.</span> <span class='ocrx_word' id='word_1_229' title='bbox 1302 3398 1385 3460; x_wconf 82' lang='grc' dir='ltr'>Ὠς</span> <span class='ocrx_word' id='word_1_230' title='bbox 1407 3397 1639 3450; x_wconf 88' lang='grc' dir='ltr'>διέϐαινε</span> 
     </span>
    </p>
   </div>
   <div class='ocr_carea' id='block_1_32' title="bbox 110 3492 1640 3567">
    <p class='ocr_par' dir='ltr' id='par_1_32' title="bbox 110 3492 1640 3567">
     <span class='ocr_line' id='line_1_32' title="bbox 110 3492 1640 3567; baseline 0.007 -26"><span class='ocrx_word' id='word_1_231' title='bbox 110 3492 186 3543; x_wconf 71' lang='grc' dir='ltr'>τὸν</span> <span class='ocrx_word' id='word_1_232' title='bbox 228 3495 491 3566; x_wconf 80' lang='grc' dir='ltr'>Ἰορδάνην</span> <span class='ocrx_word' id='word_1_233' title='bbox 518 3492 679 3566; x_wconf 79' lang='grc' dir='ltr'>ἦλθεν</span> <span class='ocrx_word' id='word_1_234' title='bbox 726 3497 753 3549; x_wconf 90' lang='lat'>6</span> <span class='ocrx_word' id='word_1_235' title='bbox 796 3497 1015 3566; x_wconf 87' lang='grc' dir='ltr'>Σεμεεὶ,</span> <span class='ocrx_word' id='word_1_236' title='bbox 1045 3497 1317 3567; x_wconf 87' lang='grc' dir='ltr'>ὁμολογῶν</span> <span class='ocrx_word' id='word_1_237' title='bbox 1350 3497 1513 3551; x_wconf 79' lang='grc' dir='ltr'>αὑτοῦ</span> <span class='ocrx_word' id='word_1_238' title='bbox 1542 3498 1640 3567; x_wconf 82' lang='grc' dir='ltr'>τὴν</span> 
     </span>
    </p>
   </div>
   <div class='ocr_carea' id='block_1_33' title="bbox 112 3591 1636 3664">
    <p class='ocr_par' dir='ltr' id='par_1_33' title="bbox 112 3591 1636 3664">
     <span class='ocr_line' id='line_1_33' title="bbox 112 3591 1636 3664; baseline 0.009 -25"><span class='ocrx_word' id='word_1_239' title='bbox 112 3591 374 3661; x_wconf 84' lang='grc' dir='ltr'>ἁμαρτίαν.</span> <span class='ocrx_word' id='word_1_240' title='bbox 414 3593 689 3647; x_wconf 83' lang='grc' dir='ltr'>Ἐϐούλετο</span> <span class='ocrx_word' id='word_1_241' title='bbox 713 3596 769 3649; x_wconf 81' lang='grc' dir='ltr'>δέ</span> <span class='ocrx_word' id='word_1_242' title='bbox 806 3596 966 3649; x_wconf 83' lang='grc' dir='ltr'>αὑτὸν</span> <span class='ocrx_word' id='word_1_243' title='bbox 994 3596 1295 3650; x_wconf 88' lang='grc' dir='ltr'>θανατῶσαι</span> <span class='ocrx_word' id='word_1_244' title='bbox 1322 3597 1349 3648; x_wconf 91' lang='lat'>6</span> <span class='ocrx_word' id='word_1_245' title='bbox 1388 3598 1636 3664; x_wconf 75' lang='grc' dir='ltr'>Ἀϐεσσᾶ,</span> 
     </span>
    </p>
   </div>
   <div class='ocr_carea' id='block_1_34' title="bbox 112 3690 1639 3766">
    <p class='ocr_par' dir='ltr' id='par_1_34' title="bbox 112 3690 1639 3766">
     <span class='ocr_line' id='line_1_34' title="bbox 112 3690 1639 3766; baseline 0.009 -28"><span class='ocrx_word' id='word_1_246' title='bbox 112 3690 189 3740; x_wconf 84' lang='grc' dir='ltr'>καὶ</span> <span class='ocrx_word' id='word_1_247' title='bbox 219 3690 534 3745; x_wconf 81' lang='grc' dir='ltr'>διεκώλυσεν</span> <span class='ocrx_word' id='word_1_248' title='bbox 560 3693 588 3744; x_wconf 95' lang='lat'>6</span> <span class='ocrx_word' id='word_1_249' title='bbox 614 3694 792 3745; x_wconf 77' lang='grc' dir='ltr'>Δαυῖδ.</span> <span class='ocrx_word' id='word_1_250' title='bbox 832 3690 999 3747; x_wconf 83' lang='grc' dir='ltr'>Ἦλθε</span> <span class='ocrx_word' id='word_1_251' title='bbox 1029 3695 1084 3746; x_wconf 86' lang='grc' dir='ltr'>δὲ</span> <span class='ocrx_word' id='word_1_252' title='bbox 1114 3695 1203 3747; x_wconf 82' lang='grc' dir='ltr'>καὶ</span> <span class='ocrx_word' id='word_1_253' title='bbox 1253 3698 1279 3749; x_wconf 90' lang='lat'>6</span> <span class='ocrx_word' id='word_1_254' title='bbox 1310 3698 1639 3766; x_wconf 82' lang='grc' dir='ltr'>Μεμφιϐαάλ</span> 
     </span>
    </p>
   </div>
   <div class='ocr_carea' id='block_1_35' title="bbox 113 3786 1639 3862">
    <p class='ocr_par' dir='ltr' id='par_1_35' title="bbox 113 3786 1639 3862">
     <span class='ocr_line' id='line_1_35' title="bbox 113 3786 1639 3862; baseline 0.009 -28"><span class='ocrx_word' id='word_1_255' title='bbox 113 3786 347 3857; x_wconf 71' lang='grc' dir='ltr'>αὐχμῶν,</span> <span class='ocrx_word' id='word_1_256' title='bbox 399 3792 616 3862; x_wconf 78' lang='grc' dir='ltr'>ῥυπαρά</span> <span class='ocrx_word' id='word_1_257' title='bbox 663 3790 999 3860; x_wconf 83' lang='grc' dir='ltr'>ἐνδεδυμένος</span> <span class='ocrx_word' id='word_1_258' title='bbox 1050 3792 1265 3861; x_wconf 79' lang='grc' dir='ltr'>ἱμάτια,</span> <span class='ocrx_word' id='word_1_259' title='bbox 1323 3796 1505 3862; x_wconf 87' lang='grc' dir='ltr'>κομῶν</span> <span class='ocrx_word' id='word_1_260' title='bbox 1550 3797 1639 3847; x_wconf 74' lang='grc' dir='ltr'>τὸν</span> 
     </span>
    </p>
   </div>
   <div class='ocr_carea' id='block_1_36' title="bbox 112 3883 1636 3963">
    <p class='ocr_par' dir='ltr' id='par_1_36' title="bbox 112 3883 1636 3963">
     <span class='ocr_line' id='line_1_36' title="bbox 112 3883 1636 3963; baseline 0.005 -26"><span class='ocrx_word' id='word_1_261' title='bbox 112 3883 359 3955; x_wconf 84' lang='grc' dir='ltr'>μύστακα,</span> <span class='ocrx_word' id='word_1_262' title='bbox 383 3891 578 3960; x_wconf 80' lang='grc' dir='ltr'>δνυχας</span> <span class='ocrx_word' id='word_1_263' title='bbox 610 3892 873 3961; x_wconf 86' lang='grc' dir='ltr'>μεγάλους</span> <span class='ocrx_word' id='word_1_264' title='bbox 897 3890 1197 3953; x_wconf 78' lang='grc' dir='ltr'>ἐπιδεικνὺς</span> <span class='ocrx_word' id='word_1_265' title='bbox 1218 3904 1264 3956; x_wconf 77' lang='grc' dir='ltr'>ι,</span> <span class='ocrx_word' id='word_1_266' title='bbox 1289 3893 1464 3945; x_wconf 88' lang='grc' dir='ltr'>πάντα</span> <span class='ocrx_word' id='word_1_267' title='bbox 1495 3892 1636 3963; x_wconf 79' lang='grc' dir='ltr'>ἅπερ</span> 
     </span>
    </p>
   </div>
   <div class='ocr_carea' id='block_1_37' title="bbox 109 3978 1639 4061">
    <p class='ocr_par' dir='ltr' id='par_1_37' title="bbox 109 3978 1639 4061">
     <span class='ocr_line' id='line_1_37' title="bbox 109 3978 1639 4061; baseline 0.006 -25"><span class='ocrx_word' id='word_1_268' title='bbox 109 3978 166 4054; x_wconf 71' lang='grc' dir='ltr'>ἦν</span> <span class='ocrx_word' id='word_1_269' title='bbox 188 3986 352 4061; x_wconf 84' lang='grc' dir='ltr'>λύπης</span> <span class='ocrx_word' id='word_1_270' title='bbox 389 3992 586 4060; x_wconf 89' lang='grc' dir='ltr'>σημεῖα</span> <span class='ocrx_word' id='word_1_271' title='bbox 615 3991 713 4059; x_wconf 84' lang='grc' dir='ltr'>τῆς</span> <span class='ocrx_word' id='word_1_272' title='bbox 740 3992 1031 4061; x_wconf 83' lang='grc' dir='ltr'>γενομένης</span> <span class='ocrx_word' id='word_1_273' title='bbox 1068 3990 1212 4061; x_wconf 78' lang='grc' dir='ltr'>αύτῷ</span> <span class='ocrx_word' id='word_1_274' title='bbox 1250 3992 1337 4043; x_wconf 83' lang='grc' dir='ltr'>διὰ</span> <span class='ocrx_word' id='word_1_275' title='bbox 1366 3992 1456 4043; x_wconf 85' lang='grc' dir='ltr'>τὸν</span> <span class='ocrx_word' id='word_1_276' title='bbox 1486 3992 1639 4045; x_wconf 82' lang='grc' dir='ltr'>πόλε-</span> 
     </span>
    </p>
   </div>
   <div class='ocr_carea' id='block_1_38' title="bbox 113 4087 1637 4160">
    <p class='ocr_par' dir='ltr' id='par_1_38' title="bbox 113 4087 1637 4160">
     <span class='ocr_line' id='line_1_38' title="bbox 113 4087 1637 4160; baseline 0.004 -24"><span class='ocrx_word' id='word_1_277' title='bbox 113 4100 196 4149; x_wconf 84' lang='grc' dir='ltr'>μον</span> <span class='ocrx_word' id='word_1_278' title='bbox 214 4087 298 4139; x_wconf 81' lang='grc' dir='ltr'>τὸν</span> <span class='ocrx_word' id='word_1_279' title='bbox 329 4090 471 4142; x_wconf 88' lang='grc' dir='ltr'>κατά</span> <span class='ocrx_word' id='word_1_280' title='bbox 490 4088 583 4143; x_wconf 82' lang='grc' dir='ltr'>τοῦ</span> <span class='ocrx_word' id='word_1_281' title='bbox 604 4089 786 4143; x_wconf 70' lang='grc' dir='ltr'>Δαυῖδ.</span> <span class='ocrx_word' id='word_1_282' title='bbox 817 4088 945 4142; x_wconf 78' lang='grc' dir='ltr'>Εἶτα</span> <span class='ocrx_word' id='word_1_283' title='bbox 969 4091 996 4142; x_wconf 91' lang='lat'>6</span> <span class='ocrx_word' id='word_1_284' title='bbox 1028 4090 1123 4159; x_wconf 80' lang='grc' dir='ltr'>μὲν</span> <span class='ocrx_word' id='word_1_285' title='bbox 1149 4089 1350 4159; x_wconf 77' lang='grc' dir='ltr'>ἠρώτα,</span> <span class='ocrx_word' id='word_1_286' title='bbox 1378 4089 1463 4142; x_wconf 76' lang='grc' dir='ltr'>διὰ</span> <span class='ocrx_word' id='word_1_287' title='bbox 1484 4091 1533 4142; x_wconf 92' lang='grc' dir='ltr'>τί</span> <span class='ocrx_word' id='word_1_288' title='bbox 1564 4091 1637 4160; x_wconf 86' lang='grc' dir='ltr'>μὴ</span> 
     </span>
    </p>
   </div>
   <div class='ocr_carea' id='block_1_39' title="bbox 111 4181 1639 4257">
    <p class='ocr_par' dir='ltr' id='par_1_39' title="bbox 111 4181 1639 4257">
     <span class='ocr_line' id='line_1_39' title="bbox 111 4181 1639 4257; baseline 0.005 -23"><span class='ocrx_word' id='word_1_289' title='bbox 111 4181 354 4257; x_wconf 74' lang='grc' dir='ltr'>ἐπορεύθη</span> <span class='ocrx_word' id='word_1_290' title='bbox 395 4188 513 4257; x_wconf 84' lang='grc' dir='ltr'>μετ’</span> <span class='ocrx_word' id='word_1_291' title='bbox 544 4188 721 4241; x_wconf 82' lang='grc' dir='ltr'>αὑτοῦ.</span> <span class='ocrx_word' id='word_1_292' title='bbox 767 4188 821 4241; x_wconf 88' lang='lat'>&#39;0</span> <span class='ocrx_word' id='word_1_293' title='bbox 856 4188 909 4241; x_wconf 87' lang='grc' dir='ltr'>δέ</span> <span class='ocrx_word' id='word_1_294' title='bbox 939 4188 1039 4257; x_wconf 79' lang='grc' dir='ltr'>ἔφη</span> <span class='ocrx_word' id='word_1_295' title='bbox 1080 4188 1365 4256; x_wconf 74' lang='grc' dir='ltr'>ἠξιωκέναι</span> <span class='ocrx_word' id='word_1_296' title='bbox 1391 4188 1480 4240; x_wconf 84' lang='grc' dir='ltr'>τὸν</span> <span class='ocrx_word' id='word_1_297' title='bbox 1508 4188 1639 4241; x_wconf 82' lang='grc' dir='ltr'>Σιϐά</span> 
     </span>
    </p>
   </div>
   <div class='ocr_carea' id='block_1_40' title="bbox 109 4279 1639 4354">
    <p class='ocr_par' dir='ltr' id='par_1_40' title="bbox 109 4279 1639 4354">
     <span class='ocr_line' id='line_1_40' title="bbox 109 4279 1639 4354; baseline 0.003 -23"><span class='ocrx_word' id='word_1_298' title='bbox 109 4279 185 4333; x_wconf 78' lang='grc' dir='ltr'>τὸν</span> <span class='ocrx_word' id='word_1_299' title='bbox 213 4285 422 4354; x_wconf 71' lang='grc' dir='ltr'>οἰκέτην</span> <span class='ocrx_word' id='word_1_300' title='bbox 453 4284 615 4339; x_wconf 84' lang='grc' dir='ltr'>αὑτοῦ</span> <span class='ocrx_word' id='word_1_301' title='bbox 650 4285 787 4337; x_wconf 84' lang='grc' dir='ltr'>ὥστε</span> <span class='ocrx_word' id='word_1_302' title='bbox 821 4285 1129 4337; x_wconf 84' lang='grc' dir='ltr'>ἐπιϐιϐάσαι</span> <span class='ocrx_word' id='word_1_303' title='bbox 1177 4284 1335 4337; x_wconf 78' lang='grc' dir='ltr'>αὑτὸν</span> <span class='ocrx_word' id='word_1_304' title='bbox 1365 4284 1639 4354; x_wconf 78' lang='grc' dir='ltr'>ὑποζυγίῳ</span> 
     </span>
    </p>
   </div>
   <div class='ocr_carea' id='block_1_41' title="bbox 112 4382 1638 4457">
    <p class='ocr_par' dir='ltr' id='par_1_41' title="bbox 112 4382 1638 4457">
     <span class='ocr_line' id='line_1_41' title="bbox 112 4382 1638 4457; baseline -0.003 -15"><span class='ocrx_word' id='word_1_305' title='bbox 112 4382 213 4442; x_wconf 76' lang='grc' dir='ltr'>(καὶ</span> <span class='ocrx_word' id='word_1_306' title='bbox 236 4385 342 4457; x_wconf 81' lang='grc' dir='ltr'>γὰρ</span> <span class='ocrx_word' id='word_1_307' title='bbox 371 4382 439 4456; x_wconf 80' lang='grc' dir='ltr'>ἦν</span> <span class='ocrx_word' id='word_1_308' title='bbox 464 4386 633 4456; x_wconf 76' lang='grc' dir='ltr'>χωλὸς</span> <span class='ocrx_word' id='word_1_309' title='bbox 660 4389 689 4439; x_wconf 90' lang='lat'>6</span> <span class='ocrx_word' id='word_1_310' title='bbox 715 4385 1085 4454; x_wconf 80' lang='grc' dir='ltr'>Μεμφιϐαάλ),</span> <span class='ocrx_word' id='word_1_311' title='bbox 1115 4386 1189 4456; x_wconf 85' lang='grc' dir='ltr'>μὴ</span> <span class='ocrx_word' id='word_1_312' title='bbox 1226 4385 1551 4454; x_wconf 86' lang='grc' dir='ltr'>ἀνασχέσθαι</span> <span class='ocrx_word' id='word_1_313' title='bbox 1582 4386 1638 4437; x_wconf 84' lang='grc' dir='ltr'>δέ</span> 
     </span>
    </p>
   </div>
   <div class='ocr_carea' id='block_1_42' title="bbox 111 4476 1639 4538">
    <p class='ocr_par' dir='ltr' id='par_1_42' title="bbox 111 4476 1639 4538">
     <span class='ocr_line' id='line_1_42' title="bbox 111 4476 1639 4538; baseline 0.004 -9"><span class='ocrx_word' id='word_1_314' title='bbox 111 4476 311 4537; x_wconf 73' lang='grc' dir='ltr'>ἐκεῖνον.</span> <span class='ocrx_word' id='word_1_315' title='bbox 348 4484 480 4536; x_wconf 85' lang='grc' dir='ltr'>Τότε</span> <span class='ocrx_word' id='word_1_316' title='bbox 520 4484 727 4537; x_wconf 87' lang='grc' dir='ltr'>κελεύει</span> <span class='ocrx_word' id='word_1_317' title='bbox 766 4484 923 4538; x_wconf 75' lang='grc' dir='ltr'>αὐτὸν</span> <span class='ocrx_word' id='word_1_318' title='bbox 952 4486 1043 4537; x_wconf 90' lang='grc' dir='ltr'>καὶ</span> <span class='ocrx_word' id='word_1_319' title='bbox 1082 4484 1171 4535; x_wconf 85' lang='grc' dir='ltr'>τὸν</span> <span class='ocrx_word' id='word_1_320' title='bbox 1203 4482 1337 4534; x_wconf 85' lang='grc' dir='ltr'>Σιϐἀ</span> <span class='ocrx_word' id='word_1_321' title='bbox 1375 4484 1639 4536; x_wconf 88' lang='grc' dir='ltr'>διελέσθαι</span> 
     </span>
    </p>
   </div>
   <div class='ocr_carea' id='block_1_43' title="bbox 110 4574 1639 4652">
    <p class='ocr_par' dir='ltr' id='par_1_43' title="bbox 110 4574 1639 4652">
     <span class='ocr_line' id='line_1_43' title="bbox 110 4574 1639 4652; baseline 0.005 -26"><span class='ocrx_word' id='word_1_322' title='bbox 110 4574 185 4629; x_wconf 75' lang='grc' dir='ltr'>τὸν</span> <span class='ocrx_word' id='word_1_323' title='bbox 208 4578 390 4649; x_wconf 88' lang='grc' dir='ltr'>ἀγρόν.</span> <span class='ocrx_word' id='word_1_324' title='bbox 447 4581 555 4634; x_wconf 79' lang='grc' dir='ltr'>Καὶ</span> <span class='ocrx_word' id='word_1_325' title='bbox 584 4581 674 4634; x_wconf 85' lang='grc' dir='ltr'>τὸν</span> <span class='ocrx_word' id='word_1_326' title='bbox 720 4582 969 4652; x_wconf 76' lang='grc' dir='ltr'>Βερζελλὶ</span> <span class='ocrx_word' id='word_1_327' title='bbox 992 4620 1007 4645; x_wconf 92' lang='grc'>,</span> <span class='ocrx_word' id='word_1_328' title='bbox 1040 4582 1097 4644; x_wconf 86' lang='lat'>6;</span> <span class='ocrx_word' id='word_1_329' title='bbox 1132 4582 1462 4651; x_wconf 82' lang='grc' dir='ltr'>ἐχορήγησεν</span> <span class='ocrx_word' id='word_1_330' title='bbox 1494 4580 1639 4649; x_wconf 84' lang='grc' dir='ltr'>αύτῷ</span> 
     </span>
    </p>
   </div>
   <div class='ocr_carea' id='block_1_44' title="bbox 114 4674 1637 4748">
    <p class='ocr_par' dir='ltr' id='par_1_44' title="bbox 114 4674 1637 4748">
     <span class='ocr_line' id='line_1_44' title="bbox 114 4674 1637 4748; baseline 0.005 -25"><span class='ocrx_word' id='word_1_331' title='bbox 114 4674 261 4729; x_wconf 87' lang='grc' dir='ltr'>πολλά</span> <span class='ocrx_word' id='word_1_332' title='bbox 287 4676 387 4731; x_wconf 80' lang='grc' dir='ltr'>τοῦ</span> <span class='ocrx_word' id='word_1_333' title='bbox 419 4677 651 4748; x_wconf 90' lang='grc' dir='ltr'>πολέμου</span> <span class='ocrx_word' id='word_1_334' title='bbox 698 4679 1044 4742; x_wconf 88' lang='grc' dir='ltr'>συνεστῶτος,</span> <span class='ocrx_word' id='word_1_335' title='bbox 1088 4678 1144 4730; x_wconf 83' lang='grc' dir='ltr'>δν</span> <span class='ocrx_word' id='word_1_336' title='bbox 1171 4680 1198 4717; x_wconf 73' lang='grc' dir='ltr'>ιι</span> <span class='ocrx_word' id='word_1_337' title='bbox 1237 4678 1482 4730; x_wconf 85' lang='grc' dir='ltr'>ἐϐούλετο</span> <span class='ocrx_word' id='word_1_338' title='bbox 1520 4679 1637 4748; x_wconf 87' lang='grc' dir='ltr'>μεθ’</span> 
     </span>
    </p>
   </div>
   <div class='ocr_carea' id='block_1_45' title="bbox 113 4772 1640 4850">
    <p class='ocr_par' dir='ltr' id='par_1_45' title="bbox 113 4772 1640 4850">
     <span class='ocr_line' id='line_1_45' title="bbox 113 4772 1640 4850; baseline 0.005 -26"><span class='ocrx_word' id='word_1_339' title='bbox 113 4772 277 4831; x_wconf 65' lang='grc' dir='ltr'>ἑαυτοῦ</span> <span class='ocrx_word' id='word_1_340' title='bbox 312 4778 517 4833; x_wconf 85' lang='grc' dir='ltr'>λαϐεῖν.</span> <span class='ocrx_word' id='word_1_341' title='bbox 553 4780 612 4831; x_wconf 91' lang='lat'>&#39;0</span> <span class='ocrx_word' id='word_1_342' title='bbox 639 4780 694 4831; x_wconf 85' lang='grc' dir='ltr'>δὲ</span> <span class='ocrx_word' id='word_1_343' title='bbox 718 4780 1068 4850; x_wconf 72' lang='grc' dir='ltr'>παρῃτήσατο</span> <span class='ocrx_word' id='word_1_344' title='bbox 1105 4778 1191 4830; x_wconf 82' lang='grc' dir='ltr'>διὰ</span> <span class='ocrx_word' id='word_1_345' title='bbox 1218 4779 1277 4830; x_wconf 79' lang='grc' dir='ltr'>τὸ</span> <span class='ocrx_word' id='word_1_346' title='bbox 1302 4780 1495 4847; x_wconf 81' lang='grc' dir='ltr'>γῆρας.</span> <span class='ocrx_word' id='word_1_347' title='bbox 1532 4780 1640 4832; x_wconf 84' lang='grc' dir='ltr'>Καὶ</span> 
     </span>
    </p>
   </div>
   <div class='ocr_carea' id='block_1_46' title="bbox 112 4868 1639 4945">
    <p class='ocr_par' dir='ltr' id='par_1_46' title="bbox 112 4868 1639 4945">
     <span class='ocr_line' id='line_1_46' title="bbox 112 4868 1639 4945; baseline 0.002 -20"><span class='ocrx_word' id='word_1_348' title='bbox 112 4868 351 4941; x_wconf 76' lang='grc' dir='ltr'>λαμϐάνει</span> <span class='ocrx_word' id='word_1_349' title='bbox 396 4877 485 4930; x_wconf 86' lang='grc' dir='ltr'>τὸν</span> <span class='ocrx_word' id='word_1_350' title='bbox 519 4878 629 4931; x_wconf 79' lang='grc' dir='ltr'>υἱὸν</span> <span class='ocrx_word' id='word_1_351' title='bbox 667 4878 827 4931; x_wconf 84' lang='grc' dir='ltr'>αὑτοῦ</span> <span class='ocrx_word' id='word_1_352' title='bbox 873 4878 985 4931; x_wconf 90' lang='grc' dir='ltr'>ἀντ’</span> <span class='ocrx_word' id='word_1_353' title='bbox 1021 4876 1203 4931; x_wconf 83' lang='grc' dir='ltr'>αὑτοῦ.</span> <span class='ocrx_word' id='word_1_354' title='bbox 1237 4877 1367 4928; x_wconf 84' lang='grc' dir='ltr'>Τότε</span> <span class='ocrx_word' id='word_1_355' title='bbox 1400 4877 1639 4945; x_wconf 76' lang='grc' dir='ltr'>σχίζεται</span> 
     </span>
    </p>
   </div>
   <div class='ocr_carea' id='block_1_47' title="bbox 112 4966 1641 5047">
    <p class='ocr_par' dir='ltr' id='par_1_47' title="bbox 112 4966 1641 5047">
     <span class='ocr_line' id='line_1_47' title="bbox 112 4966 1641 5047; baseline 0.003 -23"><span class='ocrx_word' id='word_1_356' title='bbox 112 4966 160 5019; x_wconf 80' lang='grc' dir='ltr'>τὺ</span> <span class='ocrx_word' id='word_1_357' title='bbox 204 4974 577 5045; x_wconf 84' lang='grc' dir='ltr'>στρατόπεδον,</span> <span class='ocrx_word' id='word_1_358' title='bbox 629 4978 722 5029; x_wconf 84' lang='grc' dir='ltr'>καὶ</span> <span class='ocrx_word' id='word_1_359' title='bbox 770 4976 1142 5047; x_wconf 81' lang='grc' dir='ltr'>προστίθενται</span> <span class='ocrx_word' id='word_1_360' title='bbox 1191 4975 1269 5045; x_wconf 82' lang='grc' dir='ltr'>τῷ</span> <span class='ocrx_word' id='word_1_361' title='bbox 1303 4974 1489 5027; x_wconf 85' lang='grc' dir='ltr'>Σαϐεέ.</span> <span class='ocrx_word' id='word_1_362' title='bbox 1531 4976 1641 5028; x_wconf 82' lang='grc' dir='ltr'>Καὶ</span> 
     </span>
    </p>
   </div>
   <div class='ocr_carea' id='block_1_48' title="bbox 112 5066 1636 5147">
    <p class='ocr_par' dir='ltr' id='par_1_48' title="bbox 112 5066 1636 5147">
     <span class='ocr_line' id='line_1_48' title="bbox 112 5066 1636 5147; baseline 0.003 -25"><span class='ocrx_word' id='word_1_363' title='bbox 112 5066 364 5142; x_wconf 67' lang='grc' dir='ltr'>ἐκπέμπει</span> <span class='ocrx_word' id='word_1_364' title='bbox 394 5073 555 5127; x_wconf 77' lang='grc' dir='ltr'>Δαυῖδ</span> <span class='ocrx_word' id='word_1_365' title='bbox 585 5075 673 5127; x_wconf 81' lang='grc' dir='ltr'>τὸν</span> <span class='ocrx_word' id='word_1_366' title='bbox 714 5076 949 5145; x_wconf 82' lang='grc' dir='ltr'>’Δμεσσᾶ</span> <span class='ocrx_word' id='word_1_367' title='bbox 974 5076 1271 5146; x_wconf 82' lang='grc' dir='ltr'>πολεμῆσαι</span> <span class='ocrx_word' id='word_1_368' title='bbox 1300 5074 1447 5147; x_wconf 73' lang='grc'>[551]</span> <span class='ocrx_word' id='word_1_369' title='bbox 1470 5074 1636 5145; x_wconf 80' lang='grc' dir='ltr'>αὐτῷ’</span> 
     </span>
    </p>
   </div>
   <div class='ocr_carea' id='block_1_49' title="bbox 112 5168 1642 5245">
    <p class='ocr_par' dir='ltr' id='par_1_49' title="bbox 112 5168 1642 5245">
     <span class='ocr_line' id='line_1_49' title="bbox 112 5168 1642 5245; baseline 0.004 -23"><span class='ocrx_word' id='word_1_370' title='bbox 112 5168 202 5222; x_wconf 67' lang='grc' dir='ltr'>ὁδὶ</span> <span class='ocrx_word' id='word_1_371' title='bbox 238 5173 395 5228; x_wconf 82' lang='grc' dir='ltr'>Ἰωάϐ</span> <span class='ocrx_word' id='word_1_372' title='bbox 426 5175 639 5243; x_wconf 87' lang='grc' dir='ltr'>ἀναιρεῖ</span> <span class='ocrx_word' id='word_1_373' title='bbox 668 5174 765 5243; x_wconf 76' lang='grc' dir='ltr'>μὲν</span> <span class='ocrx_word' id='word_1_374' title='bbox 788 5176 877 5227; x_wconf 85' lang='grc' dir='ltr'>τὸν</span> <span class='ocrx_word' id='word_1_375' title='bbox 918 5176 1153 5245; x_wconf 82' lang='grc' dir='ltr'>Ἀμεσσᾶ</span> <span class='ocrx_word' id='word_1_376' title='bbox 1182 5174 1335 5245; x_wconf 87' lang='grc' dir='ltr'>δόλῳ,</span> <span class='ocrx_word' id='word_1_377' title='bbox 1367 5175 1642 5245; x_wconf 86' lang='grc' dir='ltr'>πολιορκεῖ</span> 
     </span>
    </p>
   </div>
   <div class='ocr_carea' id='block_1_50' title="bbox 114 5264 1636 5343">
    <p class='ocr_par' dir='ltr' id='par_1_50' title="bbox 114 5264 1636 5343">
     <span class='ocr_line' id='line_1_50' title="bbox 114 5264 1636 5343; baseline -0.001 -16"><span class='ocrx_word' id='word_1_378' title='bbox 114 5264 159 5320; x_wconf 67' lang='grc' dir='ltr'>δὲ</span> <span class='ocrx_word' id='word_1_379' title='bbox 183 5271 270 5343; x_wconf 75' lang='grc' dir='ltr'>τὴν</span> <span class='ocrx_word' id='word_1_380' title='bbox 300 5273 456 5328; x_wconf 77' lang='grc' dir='ltr'>πόλιν</span> <span class='ocrx_word' id='word_1_381' title='bbox 481 5274 559 5336; x_wconf 80' lang='grc' dir='ltr'>είς</span> <span class='ocrx_word' id='word_1_382' title='bbox 592 5273 656 5342; x_wconf 79' lang='grc' dir='ltr'>ῆν</span> <span class='ocrx_word' id='word_1_383' title='bbox 684 5273 985 5342; x_wconf 82' lang='grc' dir='ltr'>κατέφυγεν</span> <span class='ocrx_word' id='word_1_384' title='bbox 1024 5276 1051 5327; x_wconf 88' lang='lat'>6</span> <span class='ocrx_word' id='word_1_385' title='bbox 1088 5274 1274 5329; x_wconf 86' lang='grc' dir='ltr'>Σαϐεέ.</span> <span class='ocrx_word' id='word_1_386' title='bbox 1309 5276 1370 5327; x_wconf 81' lang='grc' dir='ltr'>Οῖ</span> <span class='ocrx_word' id='word_1_387' title='bbox 1398 5276 1454 5327; x_wconf 90' lang='grc' dir='ltr'>δέ</span> <span class='ocrx_word' id='word_1_388' title='bbox 1486 5276 1542 5326; x_wconf 85' lang='grc' dir='ltr'>ἐν</span> <span class='ocrx_word' id='word_1_389' title='bbox 1572 5276 1636 5343; x_wconf 81' lang='grc' dir='ltr'>τῇ</span> 
     </span>
    </p>
   </div>
   <div class='ocr_carea' id='block_1_51' title="bbox 166 5620 1643 5687">
    <p class='ocr_par' dir='ltr' id='par_1_51' title="bbox 166 5620 1643 5687">
     <span class='ocr_line' id='line_1_51' title="bbox 166 5620 1643 5687; baseline -0.001 -17"><span class='ocrx_word' id='word_1_390' title='bbox 166 5620 187 5648; x_wconf 79' lang='grc'>⁸</span> <span class='ocrx_word' id='word_1_391' title='bbox 210 5621 257 5687; x_wconf 74' lang='lat' dir='ltr'>in</span> <span class='ocrx_word' id='word_1_392' title='bbox 278 5622 497 5687; x_wconf 60' lang='lat' dir='ltr'><strong>egiitione</strong></span> <span class='ocrx_word' id='word_1_393' title='bbox 519 5623 1035 5687; x_wconf 57' lang='lat' dir='ltr'><strong>Romanalcgiturow‘e</strong></span> <span class='ocrx_word' id='word_1_394' title='bbox 1050 5624 1330 5687; x_wconf 83' lang='grc' dir='ltr'>ὠνυχίσατο,</span> <span class='ocrx_word' id='word_1_395' title='bbox 1354 5624 1460 5672; x_wconf 79' lang='grc' dir='ltr'>οὐδὲ</span> <span class='ocrx_word' id='word_1_396' title='bbox 1485 5623 1643 5679; x_wconf 82' lang='grc' dir='ltr'>ἐποίη-</span> 
     </span>
    </p>
   </div>
   <div class='ocr_carea' id='block_1_52' title="bbox 118 5682 665 5743">
    <p class='ocr_par' dir='ltr' id='par_1_52' title="bbox 118 5682 665 5743">
     <span class='ocr_line' id='line_1_52' title="bbox 118 5682 665 5743; baseline 0.009 -19"><span class='ocrx_word' id='word_1_397' title='bbox 118 5682 248 5743; x_wconf 59' lang='grc' dir='ltr'>σιτὸν</span> <span class='ocrx_word' id='word_1_398' title='bbox 268 5684 487 5743; x_wconf 78' lang='grc' dir='ltr'>μύστακα</span> <span class='ocrx_word' id='word_1_399' title='bbox 504 5684 665 5731; x_wconf 77' lang='grc' dir='ltr'>αὐτοῦ.</span> 
     </span>
    </p>
   </div>
   <div class='ocr_carea' id='block_1_53' title="bbox 166 5738 927 5806">
    <p class='ocr_par' dir='ltr' id='par_1_53' title="bbox 166 5738 927 5806">
     <span class='ocr_line' id='line_1_53' title="bbox 166 5738 927 5806; baseline -0.004 -12"><span class='ocrx_word' id='word_1_400' title='bbox 166 5738 191 5779; x_wconf 68' lang='grc' dir='ltr'>δ</span> <span class='ocrx_word' id='word_1_401' title='bbox 206 5738 296 5794; x_wconf 48' lang='grc' dir='ltr'>νυν</span> <span class='ocrx_word' id='word_1_402' title='bbox 314 5744 390 5794; x_wconf 84' lang='lat' dir='ltr'>hic</span> <span class='ocrx_word' id='word_1_403' title='bbox 412 5757 819 5806; x_wconf 78' lang='lat' dir='ltr'>supervacaneum</span> <span class='ocrx_word' id='word_1_404' title='bbox 838 5751 927 5794; x_wconf 84' lang='lat' dir='ltr'><strong>cst.</strong></span> 
     </span>
    </p>
   </div>
   <div class='ocr_carea' id='block_1_54' title="bbox 1128 399 2213 461">
    <p class='ocr_par' dir='ltr' id='par_1_54' title="bbox 1128 399 2213 461">
     <span class='ocr_line' id='line_1_54' title="bbox 1128 399 2213 461; baseline -0.007 -2"><span class='ocrx_word' id='word_1_405' title='bbox 1128 402 1457 461; x_wconf 79' lang='lat' dir='ltr'>SYNOPSIS</span> <span class='ocrx_word' id='word_1_406' title='bbox 1493 400 1904 459; x_wconf 67' lang='lat' dir='ltr'>SCRIPTUM</span> <span class='ocrx_word' id='word_1_407' title='bbox 1945 399 2213 454; x_wconf 72' lang='lat' dir='ltr'>SACRAS.</span> 
     </span>
    </p>
   </div>
   <div class='ocr_carea' id='block_1_55' title="bbox 3178 414 3289 473">
    <p class='ocr_par' dir='ltr' id='par_1_55' title="bbox 3178 414 3289 473">
     <span class='ocr_line' id='line_1_55' title="bbox 3178 414 3289 473; baseline 0.054 -6"><span class='ocrx_word' id='word_1_408' title='bbox 3178 414 3289 473; x_wconf 81' lang='lat'>348</span> 
     </span>
    </p>
   </div>
   <div class='ocr_carea' id='block_1_56' title="bbox 1735 512 3289 581">
    <p class='ocr_par' dir='ltr' id='par_1_56' title="bbox 1735 512 3289 581">
     <span class='ocr_line' id='line_1_56' title="bbox 1735 512 3289 581; baseline 0.001 -16"><span class='ocrx_word' id='word_1_409' title='bbox 1735 514 1908 576; x_wconf 87' lang='grc' dir='ltr'>πόλει,</span> <span class='ocrx_word' id='word_1_410' title='bbox 1951 512 2206 579; x_wconf 83' lang='grc' dir='ltr'>γυναικὸς</span> <span class='ocrx_word' id='word_1_411' title='bbox 2252 512 2746 581; x_wconf 78' lang='grc' dir='ltr'>συμϐουλευσάσης,</span> <span class='ocrx_word' id='word_1_412' title='bbox 2791 514 3149 581; x_wconf 83' lang='grc' dir='ltr'>ἀποτεμόντες</span> <span class='ocrx_word' id='word_1_413' title='bbox 3195 514 3289 569; x_wconf 88' lang='lat'>106</span> 
     </span>
    </p>
   </div>
   <div class='ocr_carea' id='block_1_57' title="bbox 1734 614 3289 686">
    <p class='ocr_par' dir='ltr' id='par_1_57' title="bbox 1734 614 3289 686">
     <span class='ocr_line' id='line_1_57' title="bbox 1734 614 3289 686; baseline 0 -18"><span class='ocrx_word' id='word_1_414' title='bbox 1734 616 1901 669; x_wconf 88' lang='grc' dir='ltr'>Σαϐεέ</span> <span class='ocrx_word' id='word_1_415' title='bbox 1939 615 2033 684; x_wconf 81' lang='grc' dir='ltr'>τὴν</span> <span class='ocrx_word' id='word_1_416' title='bbox 2074 614 2329 684; x_wconf 80' lang='grc' dir='ltr'>κεφαλὴν,</span> <span class='ocrx_word' id='word_1_417' title='bbox 2379 614 2607 683; x_wconf 74' lang='grc' dir='ltr'>ἔρριψαν</span> <span class='ocrx_word' id='word_1_418' title='bbox 2662 615 2768 666; x_wconf 87' lang='grc' dir='ltr'>ἀπὸ</span> <span class='ocrx_word' id='word_1_419' title='bbox 2816 615 2909 666; x_wconf 85' lang='lat'>106</span> <span class='ocrx_word' id='word_1_420' title='bbox 2953 616 3162 684; x_wconf 86' lang='grc' dir='ltr'>τείχους</span> <span class='ocrx_word' id='word_1_421' title='bbox 3212 617 3289 686; x_wconf 83' lang='grc' dir='ltr'>τῷ</span> 
     </span>
    </p>
   </div>
   <div class='ocr_carea' id='block_1_58' title="bbox 1747 713 3290 785">
    <p class='ocr_par' dir='ltr' id='par_1_58' title="bbox 1747 713 3290 785">
     <span class='ocr_line' id='line_1_58' title="bbox 1747 713 3290 785; baseline 0.001 -17"><span class='ocrx_word' id='word_1_422' title='bbox 1747 716 1919 777; x_wconf 83' lang='grc' dir='ltr'>Ἰωάϐ,</span> <span class='ocrx_word' id='word_1_423' title='bbox 1948 714 2041 767; x_wconf 88' lang='grc' dir='ltr'>καὶ</span> <span class='ocrx_word' id='word_1_424' title='bbox 2070 715 2239 776; x_wconf 72' lang='grc' dir='ltr'>οὕτως</span> <span class='ocrx_word' id='word_1_425' title='bbox 2275 713 2660 783; x_wconf 84' lang='grc' dir='ltr'>ἀπηλλάγησαν</span> <span class='ocrx_word' id='word_1_426' title='bbox 2698 714 2790 765; x_wconf 80' lang='grc' dir='ltr'>τοῦ</span> <span class='ocrx_word' id='word_1_427' title='bbox 2838 716 3089 784; x_wconf 89' lang='grc' dir='ltr'>πολέμου.</span> <span class='ocrx_word' id='word_1_428' title='bbox 3121 716 3290 785; x_wconf 81' lang='grc' dir='ltr'>Λιμὸς</span> 
     </span>
    </p>
   </div>
   <div class='ocr_carea' id='block_1_59' title="bbox 1733 808 3291 883">
    <p class='ocr_par' dir='ltr' id='par_1_59' title="bbox 1733 808 3291 883">
     <span class='ocr_line' id='line_1_59' title="bbox 1733 808 3291 883; baseline 0 -15"><span class='ocrx_word' id='word_1_429' title='bbox 1733 813 2135 883; x_wconf 88' lang='grc' dir='ltr'>καταλαμϐάνει</span> <span class='ocrx_word' id='word_1_430' title='bbox 2164 813 2259 883; x_wconf 84' lang='grc' dir='ltr'>τὴν</span> <span class='ocrx_word' id='word_1_431' title='bbox 2292 812 2391 881; x_wconf 78' lang='grc' dir='ltr'>γῆν</span> <span class='ocrx_word' id='word_1_432' title='bbox 2414 830 2426 843; x_wconf 76' lang='grc' dir='ltr'><strong>ο</strong></span> <span class='ocrx_word' id='word_1_433' title='bbox 2459 813 2605 874; x_wconf 82' lang='grc' dir='ltr'>λύσις</span> <span class='ocrx_word' id='word_1_434' title='bbox 2635 813 2689 864; x_wconf 84' lang='grc' dir='ltr'>δὲ</span> <span class='ocrx_word' id='word_1_435' title='bbox 2716 808 2780 881; x_wconf 72' lang='grc' dir='ltr'>ἦν</span> <span class='ocrx_word' id='word_1_436' title='bbox 2817 815 2908 865; x_wconf 77' lang='grc' dir='ltr'>τοῦ</span> <span class='ocrx_word' id='word_1_437' title='bbox 2948 814 3103 883; x_wconf 83' lang='grc' dir='ltr'>λιμοῦ</span> <span class='ocrx_word' id='word_1_438' title='bbox 3130 817 3189 868; x_wconf 82' lang='grc' dir='ltr'>τὸ</span> <span class='ocrx_word' id='word_1_439' title='bbox 3211 834 3291 868; x_wconf 82' lang='grc' dir='ltr'>τι·</span> 
     </span>
    </p>
   </div>
   <div class='ocr_carea' id='block_1_60' title="bbox 1733 913 3288 982">
    <p class='ocr_par' dir='ltr' id='par_1_60' title="bbox 1733 913 3288 982">
     <span class='ocr_line' id='line_1_60' title="bbox 1733 913 3288 982; baseline 0 -15"><span class='ocrx_word' id='word_1_440' title='bbox 1733 914 1827 978; x_wconf 88' lang='grc' dir='ltr'>νάς</span> <span class='ocrx_word' id='word_1_441' title='bbox 1857 914 1963 966; x_wconf 91' lang='grc' dir='ltr'>τῶν</span> <span class='ocrx_word' id='word_1_442' title='bbox 2000 914 2092 966; x_wconf 81' lang='lat'>106</span> <span class='ocrx_word' id='word_1_443' title='bbox 2124 913 2295 965; x_wconf 83' lang='grc' dir='ltr'>Σαοὺλ</span> <span class='ocrx_word' id='word_1_444' title='bbox 2322 913 2598 982; x_wconf 81' lang='grc' dir='ltr'>ἐκδοθῆναι</span> <span class='ocrx_word' id='word_1_445' title='bbox 2623 916 2731 976; x_wconf 90' lang='grc' dir='ltr'>τοῖς</span> <span class='ocrx_word' id='word_1_446' title='bbox 2758 914 3142 977; x_wconf 87' lang='grc' dir='ltr'>Γαϐαωνίταις.</span> <span class='ocrx_word' id='word_1_447' title='bbox 3178 916 3288 968; x_wconf 83' lang='grc' dir='ltr'>Καὶ</span> 
     </span>
    </p>
   </div>
   <div class='ocr_carea' id='block_1_61' title="bbox 1731 1013 3286 1083">
    <p class='ocr_par' dir='ltr' id='par_1_61' title="bbox 1731 1013 3286 1083">
     <span class='ocr_line' id='line_1_61' title="bbox 1731 1013 3286 1083; baseline -0.001 -17"><span class='ocrx_word' id='word_1_448' title='bbox 1731 1014 1821 1067; x_wconf 85' lang='grc' dir='ltr'>τὸν</span> <span class='ocrx_word' id='word_1_449' title='bbox 1850 1014 2179 1082; x_wconf 84' lang='grc' dir='ltr'>Μεμφιϐαάλ</span> <span class='ocrx_word' id='word_1_450' title='bbox 2213 1016 2570 1081; x_wconf 79' lang='grc' dir='ltr'>περιποιεῖται</span> <span class='ocrx_word' id='word_1_451' title='bbox 2612 1015 2639 1064; x_wconf 93' lang='lat'>6</span> <span class='ocrx_word' id='word_1_452' title='bbox 2668 1013 2845 1075; x_wconf 84' lang='grc' dir='ltr'>Δαυῖδ,</span> <span class='ocrx_word' id='word_1_453' title='bbox 2889 1013 2974 1063; x_wconf 73' lang='grc' dir='ltr'>διὰ</span> <span class='ocrx_word' id='word_1_454' title='bbox 3002 1014 3093 1065; x_wconf 84' lang='grc' dir='ltr'>τοῦ</span> <span class='ocrx_word' id='word_1_455' title='bbox 3124 1015 3286 1083; x_wconf 83' lang='grc' dir='ltr'>ὅρκου</span> 
     </span>
    </p>
   </div>
   <div class='ocr_carea' id='block_1_62' title="bbox 1731 1112 3286 1184">
    <p class='ocr_par' dir='ltr' id='par_1_62' title="bbox 1731 1112 3286 1184">
     <span class='ocr_line' id='line_1_62' title="bbox 1731 1112 3286 1184; baseline 0.001 -18"><span class='ocrx_word' id='word_1_456' title='bbox 1731 1114 1825 1166; x_wconf 80' lang='grc' dir='ltr'>τοῦ</span> <span class='ocrx_word' id='word_1_457' title='bbox 1858 1116 1989 1184; x_wconf 80' lang='grc' dir='ltr'>πρὸς</span> <span class='ocrx_word' id='word_1_458' title='bbox 2028 1116 2299 1169; x_wconf 87' lang='grc' dir='ltr'>Ἰωνάθαν.</span> <span class='ocrx_word' id='word_1_459' title='bbox 2318 1114 2589 1167; x_wconf 87' lang='grc' dir='ltr'>Ἐκδίδωσι</span> <span class='ocrx_word' id='word_1_460' title='bbox 2614 1112 2669 1163; x_wconf 84' lang='grc' dir='ltr'>δὲ</span> <span class='ocrx_word' id='word_1_461' title='bbox 2689 1114 2812 1174; x_wconf 82' lang='grc' dir='ltr'>τοὺς</span> <span class='ocrx_word' id='word_1_462' title='bbox 2836 1114 2928 1164; x_wconf 85' lang='lat'>106</span> <span class='ocrx_word' id='word_1_463' title='bbox 2954 1115 3119 1166; x_wconf 79' lang='grc' dir='ltr'>Σαοὺλ</span> <span class='ocrx_word' id='word_1_464' title='bbox 3140 1115 3286 1177; x_wconf 74' lang='grc' dir='ltr'>υἱοὺς</span> 
     </span>
    </p>
   </div>
   <div class='ocr_carea' id='block_1_63' title="bbox 1733 1212 3286 1281">
    <p class='ocr_par' dir='ltr' id='par_1_63' title="bbox 1733 1212 3286 1281">
     <span class='ocr_line' id='line_1_63' title="bbox 1733 1212 3286 1281; baseline 0.001 -15"><span class='ocrx_word' id='word_1_465' title='bbox 1733 1216 1825 1267; x_wconf 89' lang='grc' dir='ltr'>καὶ</span> <span class='ocrx_word' id='word_1_466' title='bbox 1858 1214 2130 1281; x_wconf 84' lang='grc' dir='ltr'>ἐκγόνους,</span> <span class='ocrx_word' id='word_1_467' title='bbox 2172 1215 2263 1267; x_wconf 80' lang='grc' dir='ltr'>καὶ</span> <span class='ocrx_word' id='word_1_468' title='bbox 2291 1214 2480 1267; x_wconf 86' lang='grc' dir='ltr'>θάπτει</span> <span class='ocrx_word' id='word_1_469' title='bbox 2520 1213 2608 1264; x_wconf 81' lang='grc' dir='ltr'>τὸν</span> <span class='ocrx_word' id='word_1_470' title='bbox 2634 1212 2801 1265; x_wconf 75' lang='grc' dir='ltr'>Σαοὺλ</span> <span class='ocrx_word' id='word_1_471' title='bbox 2844 1214 2935 1265; x_wconf 88' lang='grc' dir='ltr'>καὶ</span> <span class='ocrx_word' id='word_1_472' title='bbox 2968 1214 3061 1264; x_wconf 82' lang='grc' dir='ltr'>τὸν</span> <span class='ocrx_word' id='word_1_473' title='bbox 3106 1215 3286 1267; x_wconf 85' lang='grc' dir='ltr'>Ἰωνά-</span> 
     </span>
    </p>
   </div>
   <div class='ocr_carea' id='block_1_64' title="bbox 1733 1313 3283 1383">
    <p class='ocr_par' dir='ltr' id='par_1_64' title="bbox 1733 1313 3283 1383">
     <span class='ocr_line' id='line_1_64' title="bbox 1733 1313 3283 1383; baseline 0.001 -18"><span class='ocrx_word' id='word_1_474' title='bbox 1733 1313 1830 1365; x_wconf 85' lang='grc' dir='ltr'>θαν</span> <span class='ocrx_word' id='word_1_475' title='bbox 1870 1314 1925 1365; x_wconf 86' lang='grc' dir='ltr'>ἐν</span> <span class='ocrx_word' id='word_1_476' title='bbox 1970 1313 2048 1380; x_wconf 79' lang='grc' dir='ltr'>τῷ</span> <span class='ocrx_word' id='word_1_477' title='bbox 2088 1313 2241 1381; x_wconf 75' lang='grc' dir='ltr'>τάφῳ</span> <span class='ocrx_word' id='word_1_478' title='bbox 2290 1314 2437 1374; x_wconf 82' lang='grc' dir='ltr'>Κείς.</span> <span class='ocrx_word' id='word_1_479' title='bbox 2487 1314 2728 1365; x_wconf 87' lang='grc' dir='ltr'>Γίνονται</span> <span class='ocrx_word' id='word_1_480' title='bbox 2766 1313 2994 1365; x_wconf 82' lang='grc' dir='ltr'>ἐνταῦθα</span> <span class='ocrx_word' id='word_1_481' title='bbox 3042 1314 3283 1383; x_wconf 90' lang='grc' dir='ltr'>πόλεμοι.</span> 
     </span>
    </p>
   </div>
   <div class='ocr_carea' id='block_1_65' title="bbox 1733 1411 3284 1485">
    <p class='ocr_par' dir='ltr' id='par_1_65' title="bbox 1733 1411 3284 1485">
     <span class='ocr_line' id='line_1_65' title="bbox 1733 1411 3284 1485; baseline 0.004 -22"><span class='ocrx_word' id='word_1_482' title='bbox 1733 1411 1836 1463; x_wconf 83' lang='grc' dir='ltr'>Καὶ</span> <span class='ocrx_word' id='word_1_483' title='bbox 1853 1412 2114 1464; x_wconf 81' lang='grc' dir='ltr'>κωλύουσι</span> <span class='ocrx_word' id='word_1_484' title='bbox 2140 1412 2228 1463; x_wconf 74' lang='grc' dir='ltr'>τὸν</span> <span class='ocrx_word' id='word_1_485' title='bbox 2256 1412 2415 1463; x_wconf 74' lang='grc' dir='ltr'>Δαυῒδ</span> <span class='ocrx_word' id='word_1_486' title='bbox 2440 1412 2690 1476; x_wconf 82' lang='grc' dir='ltr'>ἐξελθεῖν,</span> <span class='ocrx_word' id='word_1_487' title='bbox 2714 1414 2917 1482; x_wconf 82' lang='grc' dir='ltr'>μήποτε</span> <span class='ocrx_word' id='word_1_488' title='bbox 2947 1415 3284 1485; x_wconf 82' lang='grc' dir='ltr'>κινδυνεύσῃ.</span> 
     </span>
    </p>
   </div>
   <div class='ocr_carea' id='block_1_66' title="bbox 1731 1508 3287 1580">
    <p class='ocr_par' dir='ltr' id='par_1_66' title="bbox 1731 1508 3287 1580">
     <span class='ocr_line' id='line_1_66' title="bbox 1731 1508 3287 1580; baseline 0.003 -21"><span class='ocrx_word' id='word_1_489' title='bbox 1731 1508 1863 1559; x_wconf 86' lang='grc' dir='ltr'>Τότε</span> <span class='ocrx_word' id='word_1_490' title='bbox 1911 1508 2055 1575; x_wconf 87' lang='grc' dir='ltr'>λέγει</span> <span class='ocrx_word' id='word_1_491' title='bbox 2091 1509 2179 1559; x_wconf 73' lang='grc' dir='ltr'>τὸν</span> <span class='ocrx_word' id='word_1_492' title='bbox 2213 1510 2666 1562; x_wconf 81' lang='grc' dir='ltr'>ἑπτακαιδέκατον</span> <span class='ocrx_word' id='word_1_493' title='bbox 2708 1510 2936 1579; x_wconf 71' lang='grc' dir='ltr'>ψαλμόν.</span> <span class='ocrx_word' id='word_1_494' title='bbox 2984 1513 3287 1580; x_wconf 82' lang='grc' dir='ltr'>Καταλέγει</span> 
     </span>
    </p>
   </div>
   <div class='ocr_carea' id='block_1_67' title="bbox 1729 1608 3289 1684">
    <p class='ocr_par' dir='ltr' id='par_1_67' title="bbox 1729 1608 3289 1684">
     <span class='ocr_line' id='line_1_67' title="bbox 1729 1608 3289 1684; baseline 0.003 -23"><span class='ocrx_word' id='word_1_495' title='bbox 1729 1608 1827 1671; x_wconf 82' lang='grc' dir='ltr'>τὰς</span> <span class='ocrx_word' id='word_1_496' title='bbox 1860 1608 2132 1679; x_wconf 86' lang='grc' dir='ltr'>ἀριστείας</span> <span class='ocrx_word' id='word_1_497' title='bbox 2164 1609 2255 1661; x_wconf 86' lang='grc' dir='ltr'>καὶ</span> <span class='ocrx_word' id='word_1_498' title='bbox 2282 1610 2348 1662; x_wconf 79' lang='grc' dir='ltr'>τά</span> <span class='ocrx_word' id='word_1_499' title='bbox 2378 1611 2834 1681; x_wconf 87' lang='grc' dir='ltr'>ἀνδραγαθήματα</span> <span class='ocrx_word' id='word_1_500' title='bbox 2876 1613 2983 1665; x_wconf 85' lang='grc' dir='ltr'>τῶν</span> <span class='ocrx_word' id='word_1_501' title='bbox 3014 1614 3289 1684; x_wconf 88' lang='grc' dir='ltr'>ἀρχόντων</span> 
     </span>
    </p>
   </div>
   <div class='ocr_carea' id='block_1_68' title="bbox 1728 1707 3287 1780">
    <p class='ocr_par' dir='ltr' id='par_1_68' title="bbox 1728 1707 3287 1780">
     <span class='ocr_line' id='line_1_68' title="bbox 1728 1707 3287 1780; baseline 0.004 -21"><span class='ocrx_word' id='word_1_502' title='bbox 1728 1707 1821 1759; x_wconf 87' lang='lat'>106</span> <span class='ocrx_word' id='word_1_503' title='bbox 1860 1708 2038 1760; x_wconf 81' lang='grc' dir='ltr'>Δαυῖδ.</span> <span class='ocrx_word' id='word_1_504' title='bbox 2074 1708 2361 1762; x_wconf 86' lang='grc' dir='ltr'>Κελεύεται</span> <span class='ocrx_word' id='word_1_505' title='bbox 2405 1710 2557 1761; x_wconf 88' lang='grc' dir='ltr'>Ίωάϐ</span> <span class='ocrx_word' id='word_1_506' title='bbox 2580 1712 2875 1780; x_wconf 80' lang='grc' dir='ltr'>ἀριθμῆσαι</span> <span class='ocrx_word' id='word_1_507' title='bbox 2900 1713 2989 1765; x_wconf 83' lang='grc' dir='ltr'>τὸν</span> <span class='ocrx_word' id='word_1_508' title='bbox 3015 1713 3159 1778; x_wconf 84' lang='grc' dir='ltr'>λαὸν,</span> <span class='ocrx_word' id='word_1_509' title='bbox 3194 1715 3287 1765; x_wconf 88' lang='grc' dir='ltr'>καὶ</span> 
     </span>
    </p>
   </div>
   <div class='ocr_carea' id='block_1_69' title="bbox 1730 1802 3287 1880">
    <p class='ocr_par' dir='ltr' id='par_1_69' title="bbox 1730 1802 3287 1880">
     <span class='ocr_line' id='line_1_69' title="bbox 1730 1802 3287 1880; baseline 0.008 -25"><span class='ocrx_word' id='word_1_510' title='bbox 1730 1806 1979 1874; x_wconf 85' lang='grc' dir='ltr'>ἀριθμεῖ·</span> <span class='ocrx_word' id='word_1_511' title='bbox 2030 1807 2121 1858; x_wconf 89' lang='grc' dir='ltr'>καὶ</span> <span class='ocrx_word' id='word_1_512' title='bbox 2165 1802 2231 1875; x_wconf 82' lang='grc' dir='ltr'>ἦν</span> <span class='ocrx_word' id='word_1_513' title='bbox 2274 1808 2485 1877; x_wconf 82' lang='grc' dir='ltr'>Ἰσραὴλ</span> <span class='ocrx_word' id='word_1_514' title='bbox 2532 1811 2833 1862; x_wconf 88' lang='grc' dir='ltr'>ἐννακόσιαι</span> <span class='ocrx_word' id='word_1_515' title='bbox 2891 1812 3141 1880; x_wconf 84' lang='grc' dir='ltr'>χιλιάδες,</span> <span class='ocrx_word' id='word_1_516' title='bbox 3192 1816 3287 1867; x_wconf 87' lang='grc' dir='ltr'>καὶ</span> 
     </span>
    </p>
   </div>
   <div class='ocr_carea' id='block_1_70' title="bbox 1742 1907 3275 1983">
    <p class='ocr_par' dir='ltr' id='par_1_70' title="bbox 1742 1907 3275 1983">
     <span class='ocr_line' id='line_1_70' title="bbox 1742 1907 3275 1983; baseline 0.007 -25"><span class='ocrx_word' id='word_1_517' title='bbox 1742 1907 1908 1960; x_wconf 81' lang='grc' dir='ltr'>’ἰούδα</span> <span class='ocrx_word' id='word_1_518' title='bbox 1934 1909 2275 1978; x_wconf 77' lang='grc' dir='ltr'>τετρακόσιαι</span> <span class='ocrx_word' id='word_1_519' title='bbox 2306 1910 2556 1979; x_wconf 88' lang='grc' dir='ltr'>χιλιάδες,</span> <span class='ocrx_word' id='word_1_520' title='bbox 2572 1913 2767 1975; x_wconf 87' lang='grc' dir='ltr'>πάντες</span> <span class='ocrx_word' id='word_1_521' title='bbox 2789 1914 3121 1983; x_wconf 82' lang='grc' dir='ltr'>πολεμισταί.</span> <span class='ocrx_word' id='word_1_522' title='bbox 3143 1917 3275 1969; x_wconf 87' lang='grc' dir='ltr'>Τότε</span> 
     </span>
    </p>
   </div>
   <div class='ocr_carea' id='block_1_71' title="bbox 1730 2005 3287 2084">
    <p class='ocr_par' dir='ltr' id='par_1_71' title="bbox 1730 2005 3287 2084">
     <span class='ocr_line' id='line_1_71' title="bbox 1730 2005 3287 2084; baseline 0.006 -27"><span class='ocrx_word' id='word_1_523' title='bbox 1730 2005 1946 2075; x_wconf 83' lang='grc' dir='ltr'>ἔρχεται</span> <span class='ocrx_word' id='word_1_524' title='bbox 1976 2005 2081 2057; x_wconf 88' lang='grc' dir='ltr'>Γάδ</span> <span class='ocrx_word' id='word_1_525' title='bbox 2122 2009 2149 2059; x_wconf 92' lang='lat'>6</span> <span class='ocrx_word' id='word_1_526' title='bbox 2192 2010 2490 2078; x_wconf 68' lang='grc' dir='ltr'>προφήτης,</span> <span class='ocrx_word' id='word_1_527' title='bbox 2524 2011 2731 2079; x_wconf 78' lang='grc' dir='ltr'>αἵρεσιν</span> <span class='ocrx_word' id='word_1_528' title='bbox 2758 2011 2903 2081; x_wconf 80' lang='grc' dir='ltr'>αύτῷ</span> <span class='ocrx_word' id='word_1_529' title='bbox 2928 2013 3097 2076; x_wconf 80' lang='grc' dir='ltr'>διδοὺς</span> <span class='ocrx_word' id='word_1_530' title='bbox 3119 2016 3287 2084; x_wconf 89' lang='grc' dir='ltr'>τριῶν</span> 
     </span>
    </p>
   </div>
   <div class='ocr_carea' id='block_1_72' title="bbox 1729 2105 3283 2186">
    <p class='ocr_par' dir='ltr' id='par_1_72' title="bbox 1729 2105 3283 2186">
     <span class='ocr_line' id='line_1_72' title="bbox 1729 2105 3283 2186; baseline 0.007 -28"><span class='ocrx_word' id='word_1_531' title='bbox 1729 2105 2027 2175; x_wconf 89' lang='grc' dir='ltr'>τιμωριῶν,</span> <span class='ocrx_word' id='word_1_532' title='bbox 2061 2106 2126 2175; x_wconf 81' lang='grc' dir='ltr'>ὴν</span> <span class='ocrx_word' id='word_1_533' title='bbox 2156 2106 2391 2175; x_wconf 89' lang='grc' dir='ltr'>βούλοιτο</span> <span class='ocrx_word' id='word_1_534' title='bbox 2429 2109 2742 2179; x_wconf 81' lang='grc' dir='ltr'>ὑποστῆναι,</span> <span class='ocrx_word' id='word_1_535' title='bbox 2778 2112 2810 2180; x_wconf 87' lang='grc' dir='ltr'>ἢ</span> <span class='ocrx_word' id='word_1_536' title='bbox 2840 2112 2961 2181; x_wconf 85' lang='grc' dir='ltr'>τρία</span> <span class='ocrx_word' id='word_1_537' title='bbox 2990 2114 3081 2186; x_wconf 76' lang='grc' dir='ltr'>ἐτη</span> <span class='ocrx_word' id='word_1_538' title='bbox 3110 2115 3283 2186; x_wconf 84' lang='grc' dir='ltr'>λιμὸν,</span> 
     </span>
    </p>
   </div>
   <div class='ocr_carea' id='block_1_73' title="bbox 1730 2204 3287 2285">
    <p class='ocr_par' dir='ltr' id='par_1_73' title="bbox 1730 2204 3287 2285">
     <span class='ocr_line' id='line_1_73' title="bbox 1730 2204 3287 2285; baseline 0.008 -31"><span class='ocrx_word' id='word_1_539' title='bbox 1730 2204 1763 2273; x_wconf 82' lang='grc' dir='ltr'>ἦ</span> <span class='ocrx_word' id='word_1_540' title='bbox 1793 2208 1940 2273; x_wconf 87' lang='grc' dir='ltr'>τρεῖς</span> <span class='ocrx_word' id='word_1_541' title='bbox 1974 2204 2181 2275; x_wconf 79' lang='grc' dir='ltr'>ἡμέρας</span> <span class='ocrx_word' id='word_1_542' title='bbox 2213 2208 2400 2273; x_wconf 82' lang='grc' dir='ltr'>φυγεῖν</span> <span class='ocrx_word' id='word_1_543' title='bbox 2427 2209 2784 2277; x_wconf 85' lang='grc' dir='ltr'>ἐπικειμένων</span> <span class='ocrx_word' id='word_1_544' title='bbox 2814 2211 3041 2281; x_wconf 82' lang='grc' dir='ltr'>ἐχθρῶν,</span> <span class='ocrx_word' id='word_1_545' title='bbox 3075 2215 3107 2283; x_wconf 80' lang='grc' dir='ltr'>ἢ</span> <span class='ocrx_word' id='word_1_546' title='bbox 3140 2218 3287 2285; x_wconf 88' lang='grc' dir='ltr'>τρεῖς</span> 
     </span>
    </p>
   </div>
   <div class='ocr_carea' id='block_1_74' title="bbox 1730 2300 3285 2379">
    <p class='ocr_par' dir='ltr' id='par_1_74' title="bbox 1730 2300 3285 2379">
     <span class='ocr_line' id='line_1_74' title="bbox 1730 2300 3285 2379; baseline 0.01 -28"><span class='ocrx_word' id='word_1_547' title='bbox 1730 2300 1938 2371; x_wconf 79' lang='grc' dir='ltr'>ἡμέρας</span> <span class='ocrx_word' id='word_1_548' title='bbox 1972 2300 2215 2354; x_wconf 85' lang='grc' dir='ltr'>θάνατον.</span> <span class='ocrx_word' id='word_1_549' title='bbox 2256 2304 2311 2356; x_wconf 85' lang='lat'>&#39;0</span> <span class='ocrx_word' id='word_1_550' title='bbox 2335 2304 2389 2355; x_wconf 88' lang='grc' dir='ltr'>δὲ</span> <span class='ocrx_word' id='word_1_551' title='bbox 2415 2304 2511 2367; x_wconf 86' lang='grc' dir='ltr'>τὰς</span> <span class='ocrx_word' id='word_1_552' title='bbox 2534 2310 2680 2376; x_wconf 83' lang='grc' dir='ltr'>τρεῖς</span> <span class='ocrx_word' id='word_1_553' title='bbox 2710 2308 2920 2379; x_wconf 76' lang='grc' dir='ltr'>ἡμέρας</span> <span class='ocrx_word' id='word_1_554' title='bbox 2941 2311 3033 2364; x_wconf 83' lang='grc' dir='ltr'>τοῦ</span> <span class='ocrx_word' id='word_1_555' title='bbox 3060 2312 3285 2367; x_wconf 90' lang='grc' dir='ltr'>θανάτου</span> 
     </span>
    </p>
   </div>
   <div class='ocr_carea' id='block_1_75' title="bbox 1732 2402 3287 2484">
    <p class='ocr_par' dir='ltr' id='par_1_75' title="bbox 1732 2402 3287 2484">
     <span class='ocr_line' id='line_1_75' title="bbox 1732 2402 3287 2484; baseline 0.008 -32"><span class='ocrx_word' id='word_1_556' title='bbox 1732 2402 1921 2463; x_wconf 80' lang='grc' dir='ltr'>εἵλετο,</span> <span class='ocrx_word' id='word_1_557' title='bbox 1952 2404 2042 2454; x_wconf 88' lang='grc' dir='ltr'>καὶ</span> <span class='ocrx_word' id='word_1_558' title='bbox 2080 2402 2343 2457; x_wconf 89' lang='grc' dir='ltr'>ἀπέθανον</span> <span class='ocrx_word' id='word_1_559' title='bbox 2370 2406 2475 2458; x_wconf 77' lang='grc' dir='ltr'>ἀπὸ</span> <span class='ocrx_word' id='word_1_560' title='bbox 2506 2408 2649 2477; x_wconf 81' lang='grc' dir='ltr'>πρωῒ</span> <span class='ocrx_word' id='word_1_561' title='bbox 2676 2408 2777 2471; x_wconf 76' lang='grc' dir='ltr'>ἕως</span> <span class='ocrx_word' id='word_1_562' title='bbox 2807 2411 3026 2479; x_wconf 84' lang='grc' dir='ltr'>ἀρίστου</span> <span class='ocrx_word' id='word_1_563' title='bbox 3061 2413 3287 2484; x_wconf 84' lang='grc' dir='ltr'>ἐϐδομή-</span> 
     </span>
    </p>
   </div>
   <div class='ocr_carea' id='block_1_76' title="bbox 1732 2504 3286 2579">
    <p class='ocr_par' dir='ltr' id='par_1_76' title="bbox 1732 2504 3286 2579">
     <span class='ocr_line' id='line_1_76' title="bbox 1732 2504 3286 2579; baseline 0.001 -28"><span class='ocrx_word' id='word_1_564' title='bbox 1732 2517 1893 2557; x_wconf 87' lang='grc' dir='ltr'>κοντα</span> <span class='ocrx_word' id='word_1_565' title='bbox 1923 2505 2172 2573; x_wconf 86' lang='grc' dir='ltr'>χιλιάδες.</span> <span class='ocrx_word' id='word_1_566' title='bbox 2210 2505 2340 2556; x_wconf 86' lang='grc' dir='ltr'>Τότε</span> <span class='ocrx_word' id='word_1_567' title='bbox 2366 2504 2509 2571; x_wconf 89' lang='grc' dir='ltr'>λέγει</span> <span class='ocrx_word' id='word_1_568' title='bbox 2536 2506 2696 2556; x_wconf 82' lang='grc' dir='ltr'>Δαυῖδ</span> <span class='ocrx_word' id='word_1_569' title='bbox 2718 2521 2729 2533; x_wconf 82' lang='grc'><strong><em>⁸</em></strong></span> <span class='ocrx_word' id='word_1_570' title='bbox 2773 2507 2916 2559; x_wconf 81' lang='grc' dir='ltr'>Ἰδοὺ</span> <span class='ocrx_word' id='word_1_571' title='bbox 2947 2508 3059 2576; x_wconf 70' lang='grc' dir='ltr'>ἐγὼ</span> <span class='ocrx_word' id='word_1_572' title='bbox 3100 2511 3286 2579; x_wconf 81' lang='grc' dir='ltr'>ἦμαρ-</span> 
     </span>
    </p>
   </div>
   <div class='ocr_carea' id='block_1_77' title="bbox 1730 2602 3288 2670">
    <p class='ocr_par' dir='ltr' id='par_1_77' title="bbox 1730 2602 3288 2670">
     <span class='ocr_line' id='line_1_77' title="bbox 1730 2602 3288 2670; baseline 0.009 -19"><span class='ocrx_word' id='word_1_573' title='bbox 1730 2617 1854 2662; x_wconf 86' lang='grc' dir='ltr'>τον,</span> <span class='ocrx_word' id='word_1_574' title='bbox 1882 2604 1975 2654; x_wconf 80' lang='grc' dir='ltr'>καὶ</span> <span class='ocrx_word' id='word_1_575' title='bbox 2002 2603 2111 2670; x_wconf 75' lang='grc' dir='ltr'>ἐγὼ</span> <span class='ocrx_word' id='word_1_576' title='bbox 2133 2606 2163 2655; x_wconf 81' lang='grc' dir='ltr'>ό</span> <span class='ocrx_word' id='word_1_577' title='bbox 2188 2602 2409 2669; x_wconf 72' lang='grc' dir='ltr'>ποιμὴν</span> <span class='ocrx_word' id='word_1_578' title='bbox 2430 2602 2853 2670; x_wconf 79' lang='grc' dir='ltr'>ἐκακοποίησα,</span> <span class='ocrx_word' id='word_1_579' title='bbox 2897 2608 2988 2659; x_wconf 75' lang='grc' dir='ltr'>καὶ</span> <span class='ocrx_word' id='word_1_580' title='bbox 3016 2605 3177 2663; x_wconf 79' lang='grc' dir='ltr'>οὗτοι</span> <span class='ocrx_word' id='word_1_581' title='bbox 3216 2612 3288 2665; x_wconf 80' lang='grc' dir='ltr'>τὸ</span> 
     </span>
    </p>
   </div>
   <div class='ocr_carea' id='block_1_78' title="bbox 1731 2700 3284 2775">
    <p class='ocr_par' dir='ltr' id='par_1_78' title="bbox 1731 2700 3284 2775">
     <span class='ocr_line' id='line_1_78' title="bbox 1731 2700 3284 2775; baseline 0.008 -25"><span class='ocrx_word' id='word_1_582' title='bbox 1731 2700 2005 2766; x_wconf 80' lang='grc' dir='ltr'>ποίμνιον</span> <span class='ocrx_word' id='word_1_583' title='bbox 2038 2702 2091 2751; x_wconf 86' lang='grc' dir='ltr'>τί</span> <span class='ocrx_word' id='word_1_584' title='bbox 2121 2700 2414 2767; x_wconf 78' lang='grc' dir='ltr'>ἐποίησαν</span> <span class='ocrx_word' id='word_1_585' title='bbox 2433 2718 2451 2764; x_wconf 89' lang='grc'><em>;</em></span> <span class='ocrx_word' id='word_1_586' title='bbox 2490 2703 2763 2757; x_wconf 78' lang='grc' dir='ltr'>Γενέσθω</span> <span class='ocrx_word' id='word_1_587' title='bbox 2799 2705 2834 2770; x_wconf 74' lang='grc' dir='ltr'><em>ἡ</em></span> <span class='ocrx_word' id='word_1_588' title='bbox 2887 2706 3011 2773; x_wconf 78' lang='grc' dir='ltr'>χεὶρ</span> <span class='ocrx_word' id='word_1_589' title='bbox 3038 2708 3104 2759; x_wconf 74' lang='grc' dir='ltr'>ἐν</span> <span class='ocrx_word' id='word_1_590' title='bbox 3136 2710 3284 2775; x_wconf 75' lang='grc' dir='ltr'>ἐμοὶ,</span> 
     </span>
    </p>
   </div>
   <div class='ocr_carea' id='block_1_79' title="bbox 1731 2798 3285 2877">
    <p class='ocr_par' dir='ltr' id='par_1_79' title="bbox 1731 2798 3285 2877">
     <span class='ocr_line' id='line_1_79' title="bbox 1731 2798 3285 2877; baseline 0.008 -27"><span class='ocrx_word' id='word_1_591' title='bbox 1731 2800 1827 2851; x_wconf 77' lang='grc' dir='ltr'>καὶ</span> <span class='ocrx_word' id='word_1_592' title='bbox 1861 2800 1929 2851; x_wconf 78' lang='grc' dir='ltr'>ἐν</span> <span class='ocrx_word' id='word_1_593' title='bbox 1966 2798 2045 2863; x_wconf 83' lang='grc' dir='ltr'>τῷ</span> <span class='ocrx_word' id='word_1_594' title='bbox 2072 2801 2213 2863; x_wconf 81' lang='grc' dir='ltr'>οτκῳ</span> <span class='ocrx_word' id='word_1_595' title='bbox 2242 2800 2345 2854; x_wconf 83' lang='grc' dir='ltr'>τοῦ</span> <span class='ocrx_word' id='word_1_596' title='bbox 2381 2804 2602 2868; x_wconf 76' lang='grc' dir='ltr'>πατρός</span> <span class='ocrx_word' id='word_1_597' title='bbox 2631 2821 2767 2869; x_wconf 84' lang='grc' dir='ltr'>μου.</span> <span class='ocrx_word' id='word_1_598' title='bbox 2809 2804 3170 2877; x_wconf 86' lang='grc' dir='ltr'>Ἐπαύσατοή</span> <span class='ocrx_word' id='word_1_599' title='bbox 3207 2826 3285 2863; x_wconf 80' lang='lat' dir='ltr'>1t-</span> 
     </span>
    </p>
   </div>
   <div class='ocr_carea' id='block_1_80' title="bbox 1737 2900 3289 2978">
    <p class='ocr_par' dir='ltr' id='par_1_80' title="bbox 1737 2900 3289 2978">
     <span class='ocr_line' id='line_1_80' title="bbox 1737 2900 3289 2978; baseline 0.009 -30"><span class='ocrx_word' id='word_1_600' title='bbox 1737 2900 1933 2971; x_wconf 89' lang='grc' dir='ltr'>μωρία.</span> <span class='ocrx_word' id='word_1_601' title='bbox 1965 2900 2073 2951; x_wconf 85' lang='grc' dir='ltr'>Καὶ</span> <span class='ocrx_word' id='word_1_602' title='bbox 2104 2900 2379 2953; x_wconf 78' lang='grc' dir='ltr'>κελεύεται</span> <span class='ocrx_word' id='word_1_603' title='bbox 2425 2902 2452 2953; x_wconf 90' lang='grc' dir='ltr'>ὁ</span> <span class='ocrx_word' id='word_1_604' title='bbox 2477 2901 2637 2953; x_wconf 80' lang='grc' dir='ltr'>Δαυῖδ</span> <span class='ocrx_word' id='word_1_605' title='bbox 2671 2902 2829 2955; x_wconf 82' lang='grc' dir='ltr'>θῦσαι</span> <span class='ocrx_word' id='word_1_606' title='bbox 2865 2904 2926 2974; x_wconf 73' lang='grc' dir='ltr'>[ι.</span> <span class='ocrx_word' id='word_1_607' title='bbox 2957 2906 3171 2978; x_wconf 82' lang='grc' dir='ltr'>στῆσαι]</span> <span class='ocrx_word' id='word_1_608' title='bbox 3199 2908 3289 2961; x_wconf 90' lang='grc' dir='ltr'>θυ-</span> 
     </span>
    </p>
   </div>
   <div class='ocr_carea' id='block_1_81' title="bbox 1734 3000 3288 3071">
    <p class='ocr_par' dir='ltr' id='par_1_81' title="bbox 1734 3000 3288 3071">
     <span class='ocr_line' id='line_1_81' title="bbox 1734 3000 3288 3071; baseline 0.008 -22"><span class='ocrx_word' id='word_1_609' title='bbox 1734 3000 2043 3068; x_wconf 85' lang='grc' dir='ltr'>σιαστήριον</span> <span class='ocrx_word' id='word_1_610' title='bbox 2102 3002 2158 3051; x_wconf 88' lang='grc' dir='ltr'>ἐν</span> <span class='ocrx_word' id='word_1_611' title='bbox 2206 3003 2269 3069; x_wconf 81' lang='grc' dir='ltr'>τῇ</span> <span class='ocrx_word' id='word_1_612' title='bbox 2314 3000 2424 3069; x_wconf 78' lang='grc' dir='ltr'>ἅλῳ</span> <span class='ocrx_word' id='word_1_613' title='bbox 2490 3002 2737 3071; x_wconf 73' lang='grc' dir='ltr'>Ὀρνίαο,</span> <span class='ocrx_word' id='word_1_614' title='bbox 2801 3004 2895 3055; x_wconf 78' lang='grc' dir='ltr'>καὶ</span> <span class='ocrx_word' id='word_1_615' title='bbox 2945 3005 3138 3058; x_wconf 71' lang='grc' dir='ltr'>θῦσαι⁹</span> <span class='ocrx_word' id='word_1_616' title='bbox 3196 3010 3288 3062; x_wconf 84' lang='grc' dir='ltr'>καὶ</span> 
     </span>
    </p>
   </div>
   <div class='ocr_carea' id='block_1_82' title="bbox 1733 3097 3289 3179">
    <p class='ocr_par' dir='ltr' id='par_1_82' title="bbox 1733 3097 3289 3179">
     <span class='ocr_line' id='line_1_82' title="bbox 1733 3097 3289 3179; baseline 0.008 -31"><span class='ocrx_word' id='word_1_617' title='bbox 1733 3097 1985 3165; x_wconf 78' lang='grc' dir='ltr'>ἐποίησεν</span> <span class='ocrx_word' id='word_1_618' title='bbox 2017 3097 2206 3161; x_wconf 72' lang='grc' dir='ltr'>οὕτως.</span> <span class='ocrx_word' id='word_1_619' title='bbox 2248 3100 2459 3169; x_wconf 83' lang='grc' dir='ltr'>Ὀρνίας</span> <span class='ocrx_word' id='word_1_620' title='bbox 2486 3100 2597 3162; x_wconf 82' lang='grc' dir='ltr'>υίὸς</span> <span class='ocrx_word' id='word_1_621' title='bbox 2623 3100 2783 3153; x_wconf 72' lang='grc' dir='ltr'>Δαυῖδ</span> <span class='ocrx_word' id='word_1_622' title='bbox 2812 3104 2962 3174; x_wconf 84' lang='grc' dir='ltr'>ἐστιᾷ</span> <span class='ocrx_word' id='word_1_623' title='bbox 3004 3109 3125 3169; x_wconf 81' lang='grc' dir='ltr'>τοὺς</span> <span class='ocrx_word' id='word_1_624' title='bbox 3163 3112 3289 3179; x_wconf 88' lang='grc' dir='ltr'>περὶ</span> 
     </span>
    </p>
   </div>
   <div class='ocr_carea' id='block_1_83' title="bbox 1744 3196 3287 3279">
    <p class='ocr_par' dir='ltr' id='par_1_83' title="bbox 1744 3196 3287 3279">
     <span class='ocr_line' id='line_1_83' title="bbox 1744 3196 3287 3279; baseline 0.006 -30"><span class='ocrx_word' id='word_1_625' title='bbox 1744 3196 1898 3249; x_wconf 81' lang='grc' dir='ltr'>Ἰωάϐ</span> <span class='ocrx_word' id='word_1_626' title='bbox 1943 3197 2035 3249; x_wconf 89' lang='grc' dir='ltr'>καὶ</span> <span class='ocrx_word' id='word_1_627' title='bbox 2073 3197 2365 3267; x_wconf 79' lang='grc' dir='ltr'>Ἀϐιάθαρ,</span> <span class='ocrx_word' id='word_1_628' title='bbox 2409 3198 2483 3259; x_wconf 85' lang='grc' dir='ltr'>ὡς</span> <span class='ocrx_word' id='word_1_629' title='bbox 2525 3199 2873 3267; x_wconf 88' lang='grc' dir='ltr'>βασιλεύσων.</span> <span class='ocrx_word' id='word_1_630' title='bbox 2908 3204 3221 3276; x_wconf 85' lang='grc' dir='ltr'>Εἰσέρχεται</span> <span class='ocrx_word' id='word_1_631' title='bbox 3254 3212 3287 3279; x_wconf 89' lang='grc' dir='ltr'>ή</span> 
     </span>
    </p>
   </div>
   <div class='ocr_carea' id='block_1_84' title="bbox 1734 3294 3288 3373">
    <p class='ocr_par' dir='ltr' id='par_1_84' title="bbox 1734 3294 3288 3373">
     <span class='ocr_line' id='line_1_84' title="bbox 1734 3294 3288 3373; baseline 0.01 -28"><span class='ocrx_word' id='word_1_632' title='bbox 1734 3294 2010 3365; x_wconf 83' lang='grc' dir='ltr'>Βηρσαϐεέ</span> <span class='ocrx_word' id='word_1_633' title='bbox 2041 3295 2182 3349; x_wconf 84' lang='grc' dir='ltr'>κατά</span> <span class='ocrx_word' id='word_1_634' title='bbox 2209 3296 2512 3366; x_wconf 83' lang='grc' dir='ltr'>συμϐουλὴν</span> <span class='ocrx_word' id='word_1_635' title='bbox 2546 3297 2726 3352; x_wconf 83' lang='grc' dir='ltr'>Νάθαν</span> <span class='ocrx_word' id='word_1_636' title='bbox 2754 3299 2847 3351; x_wconf 88' lang='lat'>106</span> <span class='ocrx_word' id='word_1_637' title='bbox 2870 3305 3165 3373; x_wconf 76' lang='grc' dir='ltr'>προφήτου,</span> <span class='ocrx_word' id='word_1_638' title='bbox 3194 3308 3288 3360; x_wconf 82' lang='grc' dir='ltr'>καὶ</span> 
     </span>
    </p>
   </div>
   <div class='ocr_carea' id='block_1_85' title="bbox 1734 3393 3287 3477">
    <p class='ocr_par' dir='ltr' id='par_1_85' title="bbox 1734 3393 3287 3477">
     <span class='ocr_line' id='line_1_85' title="bbox 1734 3393 3287 3477; baseline 0.009 -32"><span class='ocrx_word' id='word_1_639' title='bbox 1734 3394 2061 3461; x_wconf 87' lang='grc' dir='ltr'>ἀπαγγέλλει</span> <span class='ocrx_word' id='word_1_640' title='bbox 2099 3393 2176 3464; x_wconf 88' lang='grc' dir='ltr'>τῷ</span> <span class='ocrx_word' id='word_1_641' title='bbox 2208 3396 2402 3448; x_wconf 87' lang='grc' dir='ltr'>Δαυίδ·</span> <span class='ocrx_word' id='word_1_642' title='bbox 2458 3398 2657 3466; x_wconf 78' lang='grc' dir='ltr'>μεταξὺ</span> <span class='ocrx_word' id='word_1_643' title='bbox 2682 3399 2737 3451; x_wconf 82' lang='grc' dir='ltr'>δὲ</span> <span class='ocrx_word' id='word_1_644' title='bbox 2772 3396 3033 3473; x_wconf 81' lang='grc' dir='ltr'>λαλούσης</span> <span class='ocrx_word' id='word_1_645' title='bbox 3076 3406 3287 3477; x_wconf 83' lang='grc' dir='ltr'>ἐκείνης</span> 
     </span>
    </p>
   </div>
   <div class='ocr_carea' id='block_1_86' title="bbox 1734 3495 3277 3575">
    <p class='ocr_par' dir='ltr' id='par_1_86' title="bbox 1734 3495 3277 3575">
     <span class='ocr_line' id='line_1_86' title="bbox 1734 3495 3277 3575; baseline 0.008 -28"><span class='ocrx_word' id='word_1_646' title='bbox 1734 3495 1945 3564; x_wconf 71' lang='grc' dir='ltr'>εἰσῆλθε</span> <span class='ocrx_word' id='word_1_647' title='bbox 1986 3495 2078 3548; x_wconf 92' lang='grc' dir='ltr'>καὶ</span> <span class='ocrx_word' id='word_1_648' title='bbox 2120 3498 2148 3548; x_wconf 91' lang='lat'>6</span> <span class='ocrx_word' id='word_1_649' title='bbox 2181 3496 2386 3555; x_wconf 84' lang='grc' dir='ltr'>Νάθαν.</span> <span class='ocrx_word' id='word_1_650' title='bbox 2426 3500 2926 3564; x_wconf 88' lang='grc' dir='ltr'>κατασκευάσαντες</span> <span class='ocrx_word' id='word_1_651' title='bbox 2953 3502 2978 3540; x_wconf 77' lang='grc' dir='ltr'><em>ά</em></span> <span class='ocrx_word' id='word_1_652' title='bbox 3017 3502 3155 3557; x_wconf 82' lang='grc' dir='ltr'>ὥστε</span> <span class='ocrx_word' id='word_1_653' title='bbox 3198 3508 3277 3575; x_wconf 68' lang='grc' dir='ltr'>βαι</span> 
     </span>
    </p>
   </div>
   <div class='ocr_carea' id='block_1_87' title="bbox 1736 3594 3288 3666">
    <p class='ocr_par' dir='ltr' id='par_1_87' title="bbox 1736 3594 3288 3666">
     <span class='ocr_line' id='line_1_87' title="bbox 1736 3594 3288 3666; baseline 0.007 -19"><span class='ocrx_word' id='word_1_654' title='bbox 1736 3594 1973 3648; x_wconf 86' lang='grc' dir='ltr'>σιλεῦσαι</span> <span class='ocrx_word' id='word_1_655' title='bbox 2022 3595 2113 3647; x_wconf 82' lang='grc' dir='ltr'>τὸν</span> <span class='ocrx_word' id='word_1_656' title='bbox 2139 3595 2443 3664; x_wconf 89' lang='grc' dir='ltr'>Σολομῶνα.</span> <span class='ocrx_word' id='word_1_657' title='bbox 2490 3597 2737 3666; x_wconf 81' lang='grc' dir='ltr'>Ἐξῆλθον</span> <span class='ocrx_word' id='word_1_658' title='bbox 2764 3600 3173 3665; x_wconf 82' lang='grc' dir='ltr'>ἐπιϐιϐάσαντες</span> <span class='ocrx_word' id='word_1_659' title='bbox 3199 3607 3288 3658; x_wconf 79' lang='grc' dir='ltr'>τὸν</span> 
     </span>
    </p>
   </div>
   <div class='ocr_carea' id='block_1_88' title="bbox 1736 3694 3290 3774">
    <p class='ocr_par' dir='ltr' id='par_1_88' title="bbox 1736 3694 3290 3774">
     <span class='ocr_line' id='line_1_88' title="bbox 1736 3694 3290 3774; baseline 0.008 -30"><span class='ocrx_word' id='word_1_660' title='bbox 1736 3694 2018 3763; x_wconf 89' lang='grc' dir='ltr'>Σολομῶνα</span> <span class='ocrx_word' id='word_1_661' title='bbox 2046 3695 2110 3763; x_wconf 80' lang='grc' dir='ltr'>τῇ</span> <span class='ocrx_word' id='word_1_662' title='bbox 2145 3695 2349 3764; x_wconf 80' lang='grc' dir='ltr'>ἡμιόνῳ</span> <span class='ocrx_word' id='word_1_663' title='bbox 2396 3699 2461 3765; x_wconf 81' lang='grc' dir='ltr'>τῇ</span> <span class='ocrx_word' id='word_1_664' title='bbox 2495 3696 2763 3767; x_wconf 84' lang='grc' dir='ltr'>βασιλικῇ.</span> <span class='ocrx_word' id='word_1_665' title='bbox 2795 3699 2925 3751; x_wconf 86' lang='grc' dir='ltr'>Τότε</span> <span class='ocrx_word' id='word_1_666' title='bbox 2955 3704 2982 3752; x_wconf 90' lang='grc' dir='ltr'>ό</span> <span class='ocrx_word' id='word_1_667' title='bbox 3011 3706 3290 3774; x_wconf 82' lang='grc' dir='ltr'>προφήτης</span> 
     </span>
    </p>
   </div>
   <div class='ocr_carea' id='block_1_89' title="bbox 1734 3792 3287 3870">
    <p class='ocr_par' dir='ltr' id='par_1_89' title="bbox 1734 3792 3287 3870">
     <span class='ocr_line' id='line_1_89' title="bbox 1734 3792 3287 3870; baseline 0.007 -27"><span class='ocrx_word' id='word_1_668' title='bbox 1734 3792 1917 3843; x_wconf 78' lang='grc' dir='ltr'>Νάθαν</span> <span class='ocrx_word' id='word_1_669' title='bbox 1948 3792 2037 3843; x_wconf 88' lang='grc' dir='ltr'>καὶ</span> <span class='ocrx_word' id='word_1_670' title='bbox 2064 3794 2091 3844; x_wconf 90' lang='lat'>6</span> <span class='ocrx_word' id='word_1_671' title='bbox 2122 3794 2295 3861; x_wconf 75' lang='grc' dir='ltr'>ἱερεὺς</span> <span class='ocrx_word' id='word_1_672' title='bbox 2326 3793 2559 3847; x_wconf 77' lang='grc' dir='ltr'>Σαδδοὺκ</span> <span class='ocrx_word' id='word_1_673' title='bbox 2604 3796 2840 3864; x_wconf 81' lang='grc' dir='ltr'>ἀπῆλθον</span> <span class='ocrx_word' id='word_1_674' title='bbox 2889 3800 2967 3861; x_wconf 82' lang='grc' dir='ltr'>είς</span> <span class='ocrx_word' id='word_1_675' title='bbox 3006 3800 3102 3868; x_wconf 81' lang='grc' dir='ltr'>τὴν</span> <span class='ocrx_word' id='word_1_676' title='bbox 3131 3802 3287 3870; x_wconf 86' lang='grc' dir='ltr'>Γιὼν,</span> 
     </span>
    </p>
   </div>
   <div class='ocr_carea' id='block_1_90' title="bbox 1735 3890 3289 3964">
    <p class='ocr_par' dir='ltr' id='par_1_90' title="bbox 1735 3890 3289 3964">
     <span class='ocr_line' id='line_1_90' title="bbox 1735 3890 3289 3964; baseline 0.01 -23"><span class='ocrx_word' id='word_1_677' title='bbox 1735 3891 1826 3942; x_wconf 81' lang='grc' dir='ltr'>καὶ</span> <span class='ocrx_word' id='word_1_678' title='bbox 1852 3891 2070 3961; x_wconf 80' lang='grc' dir='ltr'>ἔχρισαν</span> <span class='ocrx_word' id='word_1_679' title='bbox 2086 3892 2245 3943; x_wconf 78' lang='grc' dir='ltr'>αὑτὸν</span> <span class='ocrx_word' id='word_1_680' title='bbox 2266 3895 2356 3945; x_wconf 82' lang='grc' dir='ltr'>καὶ</span> <span class='ocrx_word' id='word_1_681' title='bbox 2382 3890 2531 3945; x_wconf 75' lang='grc' dir='ltr'>εἷπον</span> <span class='ocrx_word' id='word_1_682' title='bbox 2550 3911 2563 3925; x_wconf 87' lang='grc'><strong>·</strong></span> <span class='ocrx_word' id='word_1_683' title='bbox 2596 3894 2678 3961; x_wconf 77' lang='grc' dir='ltr'>Ζή</span> <span class='ocrx_word' id='word_1_684' title='bbox 2689 3914 2763 3948; x_wconf 88' lang='grc' dir='ltr'>τω</span> <span class='ocrx_word' id='word_1_685' title='bbox 2785 3901 2818 3950; x_wconf 86' lang='grc' dir='ltr'><em>ὁ</em></span> <span class='ocrx_word' id='word_1_686' title='bbox 2832 3900 3146 3964; x_wconf 73' lang='grc' dir='ltr'>βασιλεὺς.</span> <span class='ocrx_word' id='word_1_687' title='bbox 3181 3904 3289 3955; x_wconf 81' lang='grc' dir='ltr'>Ἐλ-</span> 
     </span>
    </p>
   </div>
   <div class='ocr_carea' id='block_1_91' title="bbox 1736 3988 3289 4068">
    <p class='ocr_par' dir='ltr' id='par_1_91' title="bbox 1736 3988 3289 4068">
     <span class='ocr_line' id='line_1_91' title="bbox 1736 3988 3289 4068; baseline 0.01 -28"><span class='ocrx_word' id='word_1_688' title='bbox 1736 3988 1840 4041; x_wconf 88' lang='grc' dir='ltr'>θὼν</span> <span class='ocrx_word' id='word_1_689' title='bbox 1887 3990 1914 4040; x_wconf 89' lang='lat'>6</span> <span class='ocrx_word' id='word_1_690' title='bbox 1957 3990 2068 4052; x_wconf 83' lang='grc' dir='ltr'>υίὸς</span> <span class='ocrx_word' id='word_1_691' title='bbox 2124 3991 2373 4043; x_wconf 84' lang='grc' dir='ltr'>Ἰωνάθαν</span> <span class='ocrx_word' id='word_1_692' title='bbox 2423 3994 2719 4061; x_wconf 85' lang='grc' dir='ltr'>ἀπήγγειλε</span> <span class='ocrx_word' id='word_1_693' title='bbox 2759 3995 2833 4065; x_wconf 83' lang='grc' dir='ltr'>τῷ</span> <span class='ocrx_word' id='word_1_694' title='bbox 2890 3998 3071 4068; x_wconf 74' lang='grc' dir='ltr'>Ὀρνία</span> <span class='ocrx_word' id='word_1_695' title='bbox 3120 4001 3289 4055; x_wconf 79' lang='grc' dir='ltr'>ταῦτα</span> 
     </span>
    </p>
   </div>
   <div class='ocr_carea' id='block_1_92' title="bbox 1735 4087 3292 4165">
    <p class='ocr_par' dir='ltr' id='par_1_92' title="bbox 1735 4087 3292 4165">
     <span class='ocr_line' id='line_1_92' title="bbox 1735 4087 3292 4165; baseline 0.009 -28"><span class='ocrx_word' id='word_1_696' title='bbox 1735 4087 2064 4155; x_wconf 86' lang='grc' dir='ltr'>ἐστιωμένῳ.</span> <span class='ocrx_word' id='word_1_697' title='bbox 2109 4089 2217 4139; x_wconf 80' lang='grc' dir='ltr'>Καὶ</span> <span class='ocrx_word' id='word_1_698' title='bbox 2266 4089 2439 4157; x_wconf 78' lang='grc' dir='ltr'>οἱμὲν</span> <span class='ocrx_word' id='word_1_699' title='bbox 2484 4088 2628 4141; x_wconf 82' lang='grc' dir='ltr'>ἄλλοι</span> <span class='ocrx_word' id='word_1_700' title='bbox 2663 4090 2878 4159; x_wconf 80' lang='grc' dir='ltr'>ἔφυγον,</span> <span class='ocrx_word' id='word_1_701' title='bbox 2906 4096 2943 4146; x_wconf 30' lang='grc' dir='ltr'>Αὸ</span> <span class='ocrx_word' id='word_1_702' title='bbox 2986 4096 3040 4148; x_wconf 87' lang='grc' dir='ltr'>δὲ</span> <span class='ocrx_word' id='word_1_703' title='bbox 3078 4098 3292 4165; x_wconf 68' lang='grc' dir='ltr'>Ὀρνίας</span> 
     </span>
    </p>
   </div>
   <div class='ocr_carea' id='block_1_93' title="bbox 1736 4188 3288 4261">
    <p class='ocr_par' dir='ltr' id='par_1_93' title="bbox 1736 4188 3288 4261">
     <span class='ocr_line' id='line_1_93' title="bbox 1736 4188 3288 4261; baseline 0.01 -22"><span class='ocrx_word' id='word_1_704' title='bbox 1736 4188 2036 4255; x_wconf 83' lang='grc' dir='ltr'>κατέφυγεν</span> <span class='ocrx_word' id='word_1_705' title='bbox 2082 4191 2161 4251; x_wconf 87' lang='grc' dir='ltr'>εἰς</span> <span class='ocrx_word' id='word_1_706' title='bbox 2215 4189 2274 4241; x_wconf 88' lang='lat'>16</span> <span class='ocrx_word' id='word_1_707' title='bbox 2319 4192 2716 4261; x_wconf 82' lang='grc' dir='ltr'>θυσιαστήριον,</span> <span class='ocrx_word' id='word_1_708' title='bbox 2761 4194 3007 4260; x_wconf 86' lang='grc' dir='ltr'>δεδοικὼς</span> <span class='ocrx_word' id='word_1_709' title='bbox 3058 4200 3147 4252; x_wconf 82' lang='grc' dir='ltr'>τὸν</span> <span class='ocrx_word' id='word_1_710' title='bbox 3196 4204 3288 4254; x_wconf 87' lang='grc' dir='ltr'>Σο-</span> 
     </span>
    </p>
   </div>
   <div class='ocr_carea' id='block_1_94' title="bbox 1735 4286 3288 4367">
    <p class='ocr_par' dir='ltr' id='par_1_94' title="bbox 1735 4286 3288 4367">
     <span class='ocr_line' id='line_1_94' title="bbox 1735 4286 3288 4367; baseline 0.006 -26"><span class='ocrx_word' id='word_1_711' title='bbox 1735 4288 1971 4359; x_wconf 91' lang='grc' dir='ltr'>λομῶνα.</span> <span class='ocrx_word' id='word_1_712' title='bbox 2006 4287 2137 4339; x_wconf 91' lang='grc' dir='ltr'>Τότε</span> <span class='ocrx_word' id='word_1_713' title='bbox 2168 4286 2347 4354; x_wconf 84' lang='grc' dir='ltr'>ἐξάγει</span> <span class='ocrx_word' id='word_1_714' title='bbox 2378 4289 2536 4341; x_wconf 80' lang='grc' dir='ltr'>αὑτὸν</span> <span class='ocrx_word' id='word_1_715' title='bbox 2562 4292 2787 4356; x_wconf 86' lang='grc' dir='ltr'>ἐκεῖθεν,</span> <span class='ocrx_word' id='word_1_716' title='bbox 2816 4295 2907 4347; x_wconf 91' lang='grc' dir='ltr'>καὶ</span> <span class='ocrx_word' id='word_1_717' title='bbox 2936 4297 3101 4349; x_wconf 86' lang='grc' dir='ltr'>ἐλθὼν</span> <span class='ocrx_word' id='word_1_718' title='bbox 3126 4317 3288 4367; x_wconf 80' lang='grc' dir='ltr'>προσο</span> 
     </span>
    </p>
   </div>
   <div class='ocr_carea' id='block_1_95' title="bbox 1736 4386 3284 4468">
    <p class='ocr_par' dir='ltr' id='par_1_95' title="bbox 1736 4386 3284 4468">
     <span class='ocr_line' id='line_1_95' title="bbox 1736 4386 3284 4468; baseline 0.004 -26"><span class='ocrx_word' id='word_1_719' title='bbox 1736 4389 1964 4459; x_wconf 88' lang='grc' dir='ltr'>εκύνησε</span> <span class='ocrx_word' id='word_1_720' title='bbox 1990 4387 2067 4455; x_wconf 87' lang='grc' dir='ltr'>τῷ</span> <span class='ocrx_word' id='word_1_721' title='bbox 2098 4386 2319 4455; x_wconf 89' lang='grc' dir='ltr'>βασιλεῖ.</span> <span class='ocrx_word' id='word_1_722' title='bbox 2352 4390 2573 4442; x_wconf 87' lang='grc' dir='ltr'>Μέλλων</span> <span class='ocrx_word' id='word_1_723' title='bbox 2603 4391 2853 4461; x_wconf 80' lang='grc' dir='ltr'>τελευτᾷν</span> <span class='ocrx_word' id='word_1_724' title='bbox 2882 4396 2909 4445; x_wconf 91' lang='grc' dir='ltr'>ό</span> <span class='ocrx_word' id='word_1_725' title='bbox 2935 4396 3113 4459; x_wconf 83' lang='grc' dir='ltr'>Δαυῖδ,</span> <span class='ocrx_word' id='word_1_726' title='bbox 3145 4416 3284 4468; x_wconf 89' lang='grc' dir='ltr'>παρ-</span> 
     </span>
    </p>
   </div>
   <div class='ocr_carea' id='block_1_96' title="bbox 1735 4487 3287 4557">
    <p class='ocr_par' dir='ltr' id='par_1_96' title="bbox 1735 4487 3287 4557">
     <span class='ocr_line' id='line_1_96' title="bbox 1735 4487 3287 4557; baseline 0.005 -15"><span class='ocrx_word' id='word_1_727' title='bbox 1735 4492 1873 4542; x_wconf 89' lang='grc' dir='ltr'>αινεῖ</span> <span class='ocrx_word' id='word_1_728' title='bbox 1903 4487 1979 4557; x_wconf 83' lang='grc' dir='ltr'>τῷ</span> <span class='ocrx_word' id='word_1_729' title='bbox 2014 4487 2315 4555; x_wconf 88' lang='grc' dir='ltr'>Σολομῶντι</span> <span class='ocrx_word' id='word_1_730' title='bbox 2339 4528 2353 4552; x_wconf 95' lang='grc'>,</span> <span class='ocrx_word' id='word_1_731' title='bbox 2402 4489 2539 4541; x_wconf 89' lang='grc' dir='ltr'>ῶστε</span> <span class='ocrx_word' id='word_1_732' title='bbox 2574 4490 2856 4555; x_wconf 77' lang='grc' dir='ltr'>φυλάττειν</span> <span class='ocrx_word' id='word_1_733' title='bbox 2885 4494 2975 4544; x_wconf 89' lang='lat'>106</span> <span class='ocrx_word' id='word_1_734' title='bbox 3024 4496 3154 4547; x_wconf 80' lang='grc' dir='ltr'>Θεοῦ</span> <span class='ocrx_word' id='word_1_735' title='bbox 3197 4499 3287 4551; x_wconf 87' lang='grc' dir='ltr'>τὸν</span> 
     </span>
    </p>
   </div>
   <div class='ocr_carea' id='block_1_97' title="bbox 1736 4586 3288 4663">
    <p class='ocr_par' dir='ltr' id='par_1_97' title="bbox 1736 4586 3288 4663">
     <span class='ocr_line' id='line_1_97' title="bbox 1736 4586 3288 4663; baseline 0.006 -22"><span class='ocrx_word' id='word_1_736' title='bbox 1736 4588 1922 4657; x_wconf 89' lang='grc' dir='ltr'>νόμον·</span> <span class='ocrx_word' id='word_1_737' title='bbox 1958 4586 2097 4638; x_wconf 72' lang='grc' dir='ltr'>οὕτω</span> <span class='ocrx_word' id='word_1_738' title='bbox 2123 4587 2229 4655; x_wconf 75' lang='grc' dir='ltr'>γὰρ</span> <span class='ocrx_word' id='word_1_739' title='bbox 2272 4586 2549 4648; x_wconf 81' lang='grc' dir='ltr'>τεύξεσθαι</span> <span class='ocrx_word' id='word_1_740' title='bbox 2593 4588 2739 4656; x_wconf 82' lang='grc' dir='ltr'>αὐτῷ</span> <span class='ocrx_word' id='word_1_741' title='bbox 2784 4590 2891 4642; x_wconf 88' lang='grc' dir='ltr'>τῶν</span> <span class='ocrx_word' id='word_1_742' title='bbox 2946 4594 3288 4663; x_wconf 86' lang='grc' dir='ltr'>ἐπαγγελιῶν</span> 
     </span>
    </p>
   </div>
   <div class='ocr_carea' id='block_1_98' title="bbox 1734 4688 3285 4766">
    <p class='ocr_par' dir='ltr' id='par_1_98' title="bbox 1734 4688 3285 4766">
     <span class='ocr_line' id='line_1_98' title="bbox 1734 4688 3285 4766; baseline 0.006 -24"><span class='ocrx_word' id='word_1_743' title='bbox 1734 4691 1840 4742; x_wconf 89' lang='grc' dir='ltr'>τῶν</span> <span class='ocrx_word' id='word_1_744' title='bbox 1866 4688 2279 4758; x_wconf 85' lang='grc' dir='ltr'>ἐπηγγελμένων</span> <span class='ocrx_word' id='word_1_745' title='bbox 2308 4688 2473 4756; x_wconf 83' lang='grc' dir='ltr'>αύτῷ.</span> <span class='ocrx_word' id='word_1_746' title='bbox 2497 4690 2869 4757; x_wconf 80' lang='grc' dir='ltr'>Παραγγέλλει</span> <span class='ocrx_word' id='word_1_747' title='bbox 2891 4711 2948 4745; x_wconf 90' lang='grc' dir='ltr'>τε</span> <span class='ocrx_word' id='word_1_748' title='bbox 2980 4698 3106 4766; x_wconf 85' lang='grc' dir='ltr'>περὶ</span> <span class='ocrx_word' id='word_1_749' title='bbox 3130 4699 3285 4751; x_wconf 85' lang='grc' dir='ltr'>Ἰωάϐ</span> 
     </span>
    </p>
   </div>
   <div class='ocr_carea' id='block_1_99' title="bbox 1735 4786 3284 4868">
    <p class='ocr_par' dir='ltr' id='par_1_99' title="bbox 1735 4786 3284 4868">
     <span class='ocr_line' id='line_1_99' title="bbox 1735 4786 3284 4868; baseline 0.005 -25"><span class='ocrx_word' id='word_1_750' title='bbox 1735 4791 1827 4843; x_wconf 87' lang='grc' dir='ltr'>καὶ</span> <span class='ocrx_word' id='word_1_751' title='bbox 1850 4788 2056 4856; x_wconf 88' lang='grc' dir='ltr'>Σεμεεὶ,</span> <span class='ocrx_word' id='word_1_752' title='bbox 2084 4786 2221 4838; x_wconf 82' lang='grc' dir='ltr'>ὥστε</span> <span class='ocrx_word' id='word_1_753' title='bbox 2242 4787 2613 4857; x_wconf 79' lang='grc' dir='ltr'>τιμωρηθῆναι</span> <span class='ocrx_word' id='word_1_754' title='bbox 2630 4789 2776 4860; x_wconf 71' lang='grc'>[352]</span> <span class='ocrx_word' id='word_1_755' title='bbox 2804 4793 3017 4859; x_wconf 78' lang='grc' dir='ltr'>αὐτοὺς,</span> <span class='ocrx_word' id='word_1_756' title='bbox 3045 4796 3136 4848; x_wconf 89' lang='grc' dir='ltr'>καὶ</span> <span class='ocrx_word' id='word_1_757' title='bbox 3159 4800 3284 4868; x_wconf 79' lang='grc' dir='ltr'>περὶ</span> 
     </span>
    </p>
   </div>
   <div class='ocr_carea' id='block_1_100' title="bbox 1733 4886 3285 4967">
    <p class='ocr_par' dir='ltr' id='par_1_100' title="bbox 1733 4886 3285 4967">
     <span class='ocr_line' id='line_1_100' title="bbox 1733 4886 3285 4967; baseline 0.006 -25"><span class='ocrx_word' id='word_1_758' title='bbox 1733 4889 1840 4942; x_wconf 86' lang='grc' dir='ltr'>τῶν</span> <span class='ocrx_word' id='word_1_759' title='bbox 1867 4886 1996 4938; x_wconf 85' lang='grc' dir='ltr'>υίῶν</span> <span class='ocrx_word' id='word_1_760' title='bbox 2030 4886 2280 4955; x_wconf 75' lang='grc' dir='ltr'>Βερζελλὶ</span> <span class='ocrx_word' id='word_1_761' title='bbox 2304 4926 2318 4952; x_wconf 95' lang='grc'>,</span> <span class='ocrx_word' id='word_1_762' title='bbox 2364 4886 2502 4938; x_wconf 83' lang='grc' dir='ltr'>ὥστε</span> <span class='ocrx_word' id='word_1_763' title='bbox 2548 4890 2743 4951; x_wconf 82' lang='grc' dir='ltr'>αὐτοὺς</span> <span class='ocrx_word' id='word_1_764' title='bbox 2779 4893 2940 4961; x_wconf 84' lang='grc' dir='ltr'>τιμῆς</span> <span class='ocrx_word' id='word_1_765' title='bbox 2982 4897 3285 4967; x_wconf 86' lang='grc' dir='ltr'>τυγχάνειν,</span> 
     </span>
    </p>
   </div>
   <div class='ocr_carea' id='block_1_101' title="bbox 1797 5133 3284 5198">
    <p class='ocr_par' dir='ltr' id='par_1_101' title="bbox 1797 5133 3284 5198">
     <span class='ocr_line' id='line_1_101' title="bbox 1797 5133 3284 5198; baseline 0.003 -16"><span class='ocrx_word' id='word_1_766' title='bbox 1797 5133 1994 5198; x_wconf 34' lang='grc' dir='ltr'>εβΟρνά</span> <span class='ocrx_word' id='word_1_767' title='bbox 2012 5134 2207 5198; x_wconf 68' lang='lat' dir='ltr'>jegitu_1_</span> <span class='ocrx_word' id='word_1_768' title='bbox 2220 5134 2269 5180; x_wconf 85' lang='lat' dir='ltr'>in</span> <span class='ocrx_word' id='word_1_769' title='bbox 2307 5134 2426 5181; x_wconf 88' lang='lat' dir='ltr'><strong>edit.</strong></span> <span class='ocrx_word' id='word_1_770' title='bbox 2456 5133 2680 5182; x_wconf 78' lang='lat' dir='ltr'><strong>Romana.</strong></span> <span class='ocrx_word' id='word_1_771' title='bbox 2713 5133 2898 5198; x_wconf 75' lang='lat' dir='ltr'><strong>Ibidem</strong></span> <span class='ocrx_word' id='word_1_772' title='bbox 2922 5138 3001 5183; x_wconf 83' lang='grc' dir='ltr'>καὶ</span> <span class='ocrx_word' id='word_1_773' title='bbox 3027 5137 3181 5198; x_wconf 79' lang='grc' dir='ltr'>Θῦσαι,</span> <span class='ocrx_word' id='word_1_774' title='bbox 3206 5140 3284 5187; x_wconf 74' lang='grc' dir='ltr'>καῖ</span> 
     </span>
    </p>
   </div>
   <div class='ocr_carea' id='block_1_102' title="bbox 1737 5194 3283 5257">
    <p class='ocr_par' dir='ltr' id='par_1_102' title="bbox 1737 5194 3283 5257">
     <span class='ocr_line' id='line_1_102' title="bbox 1737 5194 3283 5257; baseline 0.003 -14"><span class='ocrx_word' id='word_1_775' title='bbox 1737 5194 1953 5257; x_wconf 77' lang='grc' dir='ltr'>ἐποίησεν</span> <span class='ocrx_word' id='word_1_776' title='bbox 1976 5195 2138 5247; x_wconf 78' lang='grc' dir='ltr'>οὕτως.</span> <span class='ocrx_word' id='word_1_777' title='bbox 2167 5194 2271 5257; x_wconf 79' lang='lat' dir='ltr'><strong>Hoc</strong></span> <span class='ocrx_word' id='word_1_778' title='bbox 2294 5208 2436 5255; x_wconf 83' lang='lat' dir='ltr'><strong>porro</strong></span> <span class='ocrx_word' id='word_1_779' title='bbox 2456 5198 2655 5257; x_wconf 29' lang='lat' dir='ltr'><strong>‘desinit</strong></span> <span class='ocrx_word' id='word_1_780' title='bbox 2682 5196 2831 5243; x_wconf 80' lang='lat' dir='ltr'>codex</span> <span class='ocrx_word' id='word_1_781' title='bbox 2858 5194 3210 5257; x_wconf 70' lang='lat' dir='ltr'>Lugdunensis,</span> <span class='ocrx_word' id='word_1_782' title='bbox 3233 5202 3283 5247; x_wconf 88' lang='lat' dir='ltr'>in</span> 
     </span>
    </p>
   </div>
   <div class='ocr_carea' id='block_1_103' title="bbox 1734 5254 3285 5316">
    <p class='ocr_par' dir='ltr' id='par_1_103' title="bbox 1734 5254 3285 5316">
     <span class='ocr_line' id='line_1_103' title="bbox 1734 5254 3285 5316; baseline 0 -13"><span class='ocrx_word' id='word_1_783' title='bbox 1734 5270 1830 5316; x_wconf 87' lang='lat' dir='ltr'><strong>quo</strong></span> <span class='ocrx_word' id='word_1_784' title='bbox 1857 5256 1978 5316; x_wconf 86' lang='lat' dir='ltr'><strong>liber</strong></span> <span class='ocrx_word' id='word_1_785' title='bbox 2006 5256 2192 5316; x_wconf 2' lang='lat' dir='ltr'><strong>tertius;</strong></span> <span class='ocrx_word' id='word_1_786' title='bbox 2215 5254 2383 5316; x_wconf 80' lang='lat' dir='ltr'><strong>incipit</strong></span> <span class='ocrx_word' id='word_1_787' title='bbox 2408 5275 2417 5301; x_wconf 92' lang='lat'>:</span> <span class='ocrx_word' id='word_1_788' title='bbox 2456 5254 2679 5309; x_wconf 83' lang='grc' dir='ltr'>Ἀδωνίας</span> <span class='ocrx_word' id='word_1_789' title='bbox 2708 5258 2804 5309; x_wconf 79' lang='grc' dir='ltr'>υῖὸς</span> <span class='ocrx_word' id='word_1_790' title='bbox 2831 5254 2973 5304; x_wconf 73' lang='grc' dir='ltr'>Δαυῖδ</span> <span class='ocrx_word' id='word_1_791' title='bbox 2996 5260 3162 5305; x_wconf 83' lang='grc' dir='ltr'>ἑστιῶν</span> <span class='ocrx_word' id='word_1_792' title='bbox 3179 5254 3285 5313; x_wconf 83' lang='grc' dir='ltr'>τοὺς</span> 
     </span>
    </p>
   </div>
   <div class='ocr_carea' id='block_1_104' title="bbox 1734 5315 3282 5377">
    <p class='ocr_par' dir='ltr' id='par_1_104' title="bbox 1734 5315 3282 5377">
     <span class='ocr_line' id='line_1_104' title="bbox 1734 5315 3282 5377; baseline 0.001 -16"><span class='ocrx_word' id='word_1_793' title='bbox 1734 5315 1838 5377; x_wconf 81' lang='grc' dir='ltr'>περὶ</span> <span class='ocrx_word' id='word_1_794' title='bbox 1873 5315 2031 5374; x_wconf 79' lang='grc' dir='ltr'>Ἰωαϐ,</span> <span class='ocrx_word' id='word_1_795' title='bbox 2060 5323 2153 5363; x_wconf 84' lang='lat' dir='ltr'><strong>etc.</strong></span> <span class='ocrx_word' id='word_1_796' title='bbox 2186 5315 2289 5363; x_wconf 80' lang='lat' dir='ltr'>Mox</span> <span class='ocrx_word' id='word_1_797' title='bbox 2335 5315 2516 5376; x_wconf 84' lang='grc' dir='ltr'>Ὀρνίας</span> <span class='ocrx_word' id='word_1_798' title='bbox 2538 5317 2635 5369; x_wconf 80' lang='grc' dir='ltr'>υἱὸς</span> <span class='ocrx_word' id='word_1_799' title='bbox 2676 5318 2839 5374; x_wconf 76' lang='grc' dir='ltr'>Δαυῖδ,</span> <span class='ocrx_word' id='word_1_800' title='bbox 2866 5317 2932 5365; x_wconf 87' lang='lat' dir='ltr'>sic</span> <span class='ocrx_word' id='word_1_801' title='bbox 2972 5319 3159 5366; x_wconf 74' lang='lat' dir='ltr'>Coislin.</span> <span class='ocrx_word' id='word_1_802' title='bbox 3184 5321 3282 5365; x_wconf 78' lang='lat' dir='ltr'>An-</span> 
     </span>
    </p>
   </div>
   <div class='ocr_carea' id='block_1_105' title="bbox 1737 5382 3283 5445">
    <p class='ocr_par' dir='ltr' id='par_1_105' title="bbox 1737 5382 3283 5445">
     <span class='ocr_line' id='line_1_105' title="bbox 1737 5382 3283 5445; baseline 0.001 -12"><span class='ocrx_word' id='word_1_803' title='bbox 1737 5387 2006 5445; x_wconf 80' lang='lat' dir='ltr'><strong>tiquissima</strong></span> <span class='ocrx_word' id='word_1_804' title='bbox 2060 5382 2209 5431; x_wconf 84' lang='lat' dir='ltr'><strong>lectio</strong></span> <span class='ocrx_word' id='word_1_805' title='bbox 2252 5389 2330 5445; x_wconf 78' lang='lat' dir='ltr'><strong>est</strong></span> <span class='ocrx_word' id='word_1_806' title='bbox 2384 5384 2581 5445; x_wconf 85' lang='grc' dir='ltr'>Ὀρνίας.</span> <span class='ocrx_word' id='word_1_807' title='bbox 2639 5384 2876 5433; x_wconf 72' lang='lat' dir='ltr'><strong>Heliraice</strong></span> <span class='ocrx_word' id='word_1_808' title='bbox 2924 5388 3096 5436; x_wconf 63' lang='lat' dir='ltr'>num.</span> <span class='ocrx_word' id='word_1_809' title='bbox 3164 5385 3283 5435; x_wconf 81' lang='lat' dir='ltr'><strong>LXX</strong></span> 
     </span>
    </p>
   </div>
   <div class='ocr_carea' id='block_1_106' title="bbox 1738 5444 3287 5505">
    <p class='ocr_par' dir='ltr' id='par_1_106' title="bbox 1738 5444 3287 5505">
     <span class='ocr_line' id='line_1_106' title="bbox 1738 5444 3287 5505; baseline 0 -12"><span class='ocrx_word' id='word_1_810' title='bbox 1738 5444 1966 5493; x_wconf 83' lang='lat' dir='ltr'><strong>editionis</strong></span> <span class='ocrx_word' id='word_1_811' title='bbox 1994 5445 2217 5492; x_wconf 69' lang='lat' dir='ltr'><strong>Romana:</strong></span> <span class='ocrx_word' id='word_1_812' title='bbox 2250 5444 2585 5499; x_wconf 69' lang='lat' dir='ltr'>&#39;A6wvid;,secl</span> <span class='ocrx_word' id='word_1_813' title='bbox 2610 5447 2755 5491; x_wconf 86' lang='lat' dir='ltr'><strong>lectio</strong></span> <span class='ocrx_word' id='word_1_814' title='bbox 2787 5445 2965 5505; x_wconf 84' lang='grc' dir='ltr'>Ὀρνίας</span> <span class='ocrx_word' id='word_1_815' title='bbox 2987 5450 3033 5494; x_wconf 92' lang='lat' dir='ltr'>in</span> <span class='ocrx_word' id='word_1_816' title='bbox 3055 5449 3287 5493; x_wconf 74' lang='lat' dir='ltr'><strong>vetustis-</strong></span> 
     </span>
    </p>
   </div>
   <div class='ocr_carea' id='block_1_107' title="bbox 1737 5505 3188 5565">
    <p class='ocr_par' dir='ltr' id='par_1_107' title="bbox 1737 5505 3188 5565">
     <span class='ocr_line' id='line_1_107' title="bbox 1737 5505 3188 5565; baseline -0.001 -12"><span class='ocrx_word' id='word_1_817' title='bbox 1737 5508 1872 5555; x_wconf 73' lang='lat' dir='ltr'><strong>simis</strong></span> <span class='ocrx_word' id='word_1_818' title='bbox 1905 5506 2265 5564; x_wconf 80' lang='lat' dir='ltr'>exemplaribus</span> <span class='ocrx_word' id='word_1_819' title='bbox 2292 5505 2512 5560; x_wconf 79' lang='lat' dir='ltr'>habetur,</span> <span class='ocrx_word' id='word_1_820' title='bbox 2537 5511 2585 5549; x_wconf 82' lang='lat' dir='ltr'>et</span> <span class='ocrx_word' id='word_1_821' title='bbox 2605 5508 2671 5551; x_wconf 79' lang='lat' dir='ltr'>sic</span> <span class='ocrx_word' id='word_1_822' title='bbox 2695 5506 2816 5565; x_wconf 77' lang='lat' dir='ltr'><strong>legit</strong></span> <span class='ocrx_word' id='word_1_823' title='bbox 2839 5508 3188 5554; x_wconf 79' lang='lat' dir='ltr'>‘l‘heodoretus.</span> 
     </span>
    </p>
   </div>
   <div class='ocr_carea' id='block_1_108' title="bbox 1800 5564 3287 5625">
    <p class='ocr_par' dir='ltr' id='par_1_108' title="bbox 1800 5564 3287 5625">
     <span class='ocr_line' id='line_1_108' title="bbox 1800 5564 3287 5625; baseline -0.001 -13"><span class='ocrx_word' id='word_1_824' title='bbox 1800 5566 1825 5603; x_wconf 84' lang='lat' dir='ltr'><strong>d</strong></span> <span class='ocrx_word' id='word_1_825' title='bbox 1847 5567 1928 5612; x_wconf 88' lang='lat' dir='ltr'>Sic</span> <span class='ocrx_word' id='word_1_826' title='bbox 1952 5565 2172 5625; x_wconf 79' lang='lat' dir='ltr'>Lugdun.</span> <span class='ocrx_word' id='word_1_827' title='bbox 2201 5565 2375 5621; x_wconf 64' lang='lat' dir='ltr'><strong>codex,</strong></span> <span class='ocrx_word' id='word_1_828' title='bbox 2415 5564 2735 5613; x_wconf 78' lang='lat' dir='ltr'>Coisliniuuus</span> <span class='ocrx_word' id='word_1_829' title='bbox 2753 5564 2873 5612; x_wconf 19' lang='lat' dir='ltr'><strong>ivero</strong></span> <span class='ocrx_word' id='word_1_830' title='bbox 2900 5567 3287 5613; x_wconf 77' lang='grc' dir='ltr'>κατασκοτάσανο</span> 
     </span>
    </p>
   </div>
   <div class='ocr_carea' id='block_1_109' title="bbox 1738 5625 3284 5686">
    <p class='ocr_par' dir='ltr' id='par_1_109' title="bbox 1738 5625 3284 5686">
     <span class='ocr_line' id='line_1_109' title="bbox 1738 5625 3284 5686; baseline 0.001 -14"><span class='ocrx_word' id='word_1_831' title='bbox 1738 5643 1826 5679; x_wconf 85' lang='grc' dir='ltr'>τες.</span> <span class='ocrx_word' id='word_1_832' title='bbox 1876 5626 1961 5670; x_wconf 82' lang='lat' dir='ltr'>Hic</span> <span class='ocrx_word' id='word_1_833' title='bbox 2004 5628 2140 5686; x_wconf 79' lang='lat' dir='ltr'>locus</span> <span class='ocrx_word' id='word_1_834' title='bbox 2190 5638 2282 5672; x_wconf 85' lang='lat' dir='ltr'>non</span> <span class='ocrx_word' id='word_1_835' title='bbox 2324 5631 2459 5686; x_wconf 62' lang='lat' dir='ltr'><strong>vacat</strong></span> <span class='ocrx_word' id='word_1_836' title='bbox 2501 5625 2993 5686; x_wconf 79' lang='lat' dir='ltr'>suspicione_mendi.</span> <span class='ocrx_word' id='word_1_837' title='bbox 3040 5627 3143 5686; x_wconf 81' lang='lat' dir='ltr'>Ipsa</span> <span class='ocrx_word' id='word_1_838' title='bbox 3195 5638 3284 5673; x_wconf 79' lang='lat' dir='ltr'><strong>vox</strong></span> 
     </span>
    </p>
   </div>
   <div class='ocr_carea' id='block_1_110' title="bbox 1743 5684 3288 5749">
    <p class='ocr_par' dir='ltr' id='par_1_110' title="bbox 1743 5684 3288 5749">
     <span class='ocr_line' id='line_1_110' title="bbox 1743 5684 3288 5749; baseline 0.003 -18"><span class='ocrx_word' id='word_1_839' title='bbox 1743 5685 2181 5749; x_wconf 61' lang='grc' dir='ltr'>κατασκρτάσαντες</span> <span class='ocrx_word' id='word_1_840' title='bbox 2210 5686 2381 5734; x_wconf 79' lang='lat' dir='ltr'><strong>lcxicis</strong></span> <span class='ocrx_word' id='word_1_841' title='bbox 2405 5684 2566 5748; x_wconf 73' lang='lat' dir='ltr'><strong>ignota</strong></span> <span class='ocrx_word' id='word_1_842' title='bbox 2592 5691 2683 5744; x_wconf 82' lang='lat' dir='ltr'>cst,</span> <span class='ocrx_word' id='word_1_843' title='bbox 2708 5684 2793 5733; x_wconf 87' lang='lat' dir='ltr'>sed</span> <span class='ocrx_word' id='word_1_844' title='bbox 2816 5688 2988 5735; x_wconf 83' lang='lat' dir='ltr'>multas</span> <span class='ocrx_word' id='word_1_845' title='bbox 3015 5684 3288 5749; x_wconf 67' lang='lat' dir='ltr'><strong>huiusmodi</strong></span> 
     </span>
    </p>
   </div>
   <div class='ocr_carea' id='block_1_111' title="bbox 1740 5744 2286 5805">
    <p class='ocr_par' dir='ltr' id='par_1_111' title="bbox 1740 5744 2286 5805">
     <span class='ocr_line' id='line_1_111' title="bbox 1740 5744 2286 5805; baseline -0.002 -11"><span class='ocrx_word' id='word_1_846' title='bbox 1740 5747 1887 5794; x_wconf 73' lang='lat' dir='ltr'><strong>habet</strong></span> <span class='ocrx_word' id='word_1_847' title='bbox 1908 5744 2286 5805; x_wconf 77' lang='lat' dir='ltr'>Chrysoslomus.</span> 
     </span>
    </p>
   </div>
  </div>
