4062 6472
766 509 861 561 καὶ
901 508 998 576 τῆς
1040 507 1315 577 τραπέζης
1356 504 1646 557 ἀπολαύειν
1700 503 1799 571 τῆς
1854 500 2150 569 βασιλικῆς.
2192 498 2301 551 Ka1

766 591 1087 661 ἀποθνήσκει
1113 590 1510 661 τεσσαράκοντα
1544 588 1637 657 ἐτη
1669 586 2008 655 βασιλεύσας.

1315 672 1647 727 Βασιλειῶν
1680 678 1750 739 γ’.

847 764 1078 829 ’Λναιρεῐ
1106 760 1196 811 τὸν
1235 760 1448 829 ὐρνίαν
1479 758 1507 808 6
1533 756 1802 824 Σολομῶν,
1834 756 1914 807 ὅτι
1941 754 2039 824 τὴν
2076 752 2302 806 ’Δϐισάκ

762 849 952 916 ᾔτησε,
994 850 1087 899 καὶ
1133 846 1221 898 τὸν
1262 845 1517 914 Ἀϐιάθαρ
1569 843 1788 906 ἐξέϐαλε
1835 842 1930 909 τῆς
1988 842 2298 908 ἱερωσύνης.

762 932 871 983 Καὶ
894 930 1175 1000 ἐπληρώθη
1204 933 1236 1000 ή
1260 930 1397 983 κατά
1440 929 1530 981 τοῦ
1573 928 1718 980 Ἠλεὶ
1745 925 1967 993 ἀπειλή·
2006 925 2064 990 ἐξ
2096 925 2300 976 ἐκείνου

762 1016 871 1087 γάρ
908 1015 1110 1081 κατῆγε
1142 1015 1200 1065 16
1222 1014 1390 1080 γένος.
1439 1014 1633 1066 Ἀνεῖλε
1663 1012 1719 1064 δέ
1744 1016 1835 1063 καὶ
1864 1010 1955 1062 τὸν
1993 1009 2147 1063 Ὶωάϐ
2166 1027 2182 1042 ο
2210 1012 2301 1061 τὸν

761 1100 818 1155 δὲ
861 1100 1087 1152 Σαδδοὺκ
1115 1100 1204 1151 τὸν
1238 1100 1383 1167 ίερέα
1417 1100 1535 1151 ἀντὶ
1561 1097 1651 1150 τοῦ
1691 1097 1948 1166 Ἀϐιάθαρ
1976 1097 2301 1164 κατέστησεν

766 1187 931 1255 ίερέα.
957 1185 1145 1236 Δίδωσι
1174 1183 1230 1236 δὲ
1266 1184 1293 1235 6
1331 1181 1578 1250 Σολομῶν
1616 1181 1938 1250 πρόσταγμα
1974 1181 2052 1249 τῷ
2087 1179 2298 1249 Σεμεεὶ,

764 1271 904 1322 ὥστε
935 1270 994 1321 ἐν
1029 1273 1096 1338 τῇ
1126 1268 1274 1321 πόλει
1314 1267 1491 1337 μένειν
1522 1266 1690 1318 διόλου
1711 1284 1724 1299 ο
1751 1267 1799 1317 εί
1828 1266 1883 1318 δέ
1911 1283 2037 1319 ποτε
2078 1265 2298 1331 ἐξέλθοι,

762 1354 863 1406 οὐκ
892 1352 1193 1423 ἀτιμωρητὶ
1234 1353 1389 1404 τοῦτο
1434 1353 1694 1418 ποιήσειν,
1738 1351 1874 1405 ἀλλά
1914 1351 2137 1404 θανάτου
2168 1351 2297 1403 61:0-

766 1440 1056 1510 στήσεσθαι
1080 1438 1297 1508 ζημίαν.
1338 1438 1630 1490 Ἀπώλοντο
1655 1438 1801 1507 αύτῷ
1823 1438 1994 1490 δοῦλοι
2014 1454 2029 1469 θ
2049 1438 2078 1489 6
2108 1436 2161 1489 δὲ
2192 1438 2301 1488 ἐπι-

769 1526 1057 1595 λαθόμενος
1110 1524 1203 1576 τοῦ
1240 1524 1668 1594 προστάγματος,
1699 1523 1881 1593 ἐξῆλθε
1913 1522 2181 1593 ζητήσειν,
2207 1521 2299 1574 καὶ

768 1609 950 1681 μαθὼν
990 1610 1020 1661 6
1070 1608 1312 1677 Σολομῶν
1349 1608 1550 1660 ἀνεῖλεν
1596 1608 1771 1660 αὐτόν.
1815 1608 1944 1677 H591
1977 1608 2074 1675 τῆς
2112 1608 2298 1675 σοφίας

764 1696 1099 1765 Σολομῶντος
1141 1694 1383 1763 διήγησις
1402 1732 1416 1756 ,
1440 1695 1565 1764 1:591
1593 1694 1686 1762 τῆς
1719 1696 1935 1763 εἰρήνης
1963 1695 2057 1763 τῆς
2090 1693 2177 1746 ἐπ’
2197 1694 2296 1745 αὐ·

762 1781 878 1844 τοῦ,
902 1782 1028 1850 περὶ
1054 1783 1148 1849 τῆς
1174 1780 1514 1840 πολυτελείας
1539 1781 1633 1846 τῆς
1668 1779 1761 1831 τοῦ
1795 1780 2032 1848 ἀρίστου,
2057 1780 2149 1832 καὶ
2171 1780 2299 1849 περὶ

764 1868 1019 1938 ἁρμάτων
1038 1907 1052 1927 .
1084 1870 1205 1938 1:591
1231 1867 1336 1919 τῶν
1365 1868 1542 1918 ἵππων
1560 1906 1575 1931 ,
1627 1868 1752 1935 περὶ
1790 1866 1986 1928 παντὸς
2023 1866 2112 1918 τοῦ
2142 1866 2297 1919 πλού-

763 1970 879 2007 του.
916 1954 1065 2005 Αίτεῖ
1110 1952 1355 2020 Σολομῶν
1394 1952 1579 2018 σοφίαν
1624 1950 1773 2019 παρὰ
1819 1949 1910 2002 τοῦ
1960 1949 2110 2005 Θεοῦ.
2167 1952 2296 2004 Τότε

765 2040 935 2108 κρίνει
980 2042 1095 2099 ταῖς
1121 2037 1332 2105 γυναιξὶ
1373 2039 1490 2097 ταῖς
1525 2038 1658 2104 ὑπὲρ
1684 2036 1773 2089 τοῦ
1821 2037 2029 2090 παιδίου
2076 2038 2297 2107 προσελ-

762 2124 983 2187 θούσαις
1011 2124 1173 2192 αὐτῷ.
1215 2122 1378 2175 Πάλιν
1423 2122 1549 2192 1:591
1596 2122 1693 2190 τῆς
1742 2122 1928 2191 σοφίας
1962 2123 2296 2192 Σολομῶντος

763 2212 935 2278 λόγος,
976 2214 1101 2281 1:591
1147 2215 1244 2281 τῆς
1295 2211 1633 2273 πολυτελείας
1664 2212 1762 2280 τῆς
1796 2212 2066 2281 τραπέζης
2098 2213 2258 2266 αὑτοῦ
2280 2252 2296 2276 ,

766 2298 858 2350 καὶ
878 2297 1018 2357 τίνες
1038 2297 1401 2364 ἐλειτούργουν
1423 2296 1619 2364 ταύτην
1648 2296 1797 2364 αύτῷ
1827 2297 1922 2366 τήν
1942 2298 2292 2368 λειτουργίαν.

777 2382 1107 2435 ’Δποστέλλει
1146 2383 1279 2453 πρὸς
1317 2384 1530 2453 Χειράμ
1566 2382 1655 2435 τὸν
1699 2382 1917 2452 βασιλέα
1951 2382 2146 2451 Τύρου,
2173 2386 2299 2445 τοὺς

762 2467 1080 2538 δρυοτόμους
1111 2468 1271 2520 αἰτῶν
1315 2469 1404 2520 ἐπὶ
1458 2468 1651 2538 μισθῷ·
1703 2468 1731 2520 6
1761 2468 1823 2538 δὴ
1872 2469 2156 2539 παρέσχεν.
2193 2470 2300 2521 Ἐν-

762 2548 931 2600 ταῦθα
964 2549 1197 2615 ἔγκειται
1220 2548 1324 2601 τῶν
1351 2549 1723 2618 ἐργαζομένων
1744 2550 1772 2602 6
1808 2550 2051 2618 ἀριθμὸς,
2080 2550 2172 2602 καὶ
2200 2550 2297 2617 τῆς

764 2630 1169 2698 ἐτοιμασθείσης
1195 2631 1271 2691 είς
1296 2630 1384 2682 τὸν
1412 2631 1533 2684 ναὸν
1578 2630 1704 2698 ῦλης
1734 2629 1792 2681 16
1834 2630 2050 2697 πλῆθος.
2087 2627 2214 2683 Εἶτα
2264 2632 2296 2699 ἡ

762 2710 1011 2779 οίκοδομὴ
1055 2710 1146 2763 τοῦ
1202 2710 1345 2763 ναοῦ.
1380 2710 1605 2779 Εὕχεται
1654 2713 1681 2763 6
1705 2710 1949 2779 Σολομῶν
1978 2712 2033 2762 ἐν
2057 2711 2131 2780 τῷ
2164 2711 2293 2779 ναῷ,

764 2791 856 2841 καὶ
887 2791 1022 2853 θύει,
1068 2794 1158 2843 καὶ
1204 2792 1496 2857 ἐγκαινίζει
1541 2793 1630 2844 τὸν
1672 2787 1835 2845 οἷκον.
1886 2792 2296 2859 Ἐπαγγέλλεται

762 2872 939 2938 ἀγαθά
983 2872 1126 2938 αὐτῷ
1156 2874 1183 2922 6
1231 2872 1377 2935 Θεὸς,
1409 2873 1500 2924 ἐὰν
1546 2872 1750 2943 φυλάξῃ
1800 2873 1865 2925 τά
1911 2874 2297 2941 προστάγματα

763 2954 944 3015 αὑτοῦ,
976 2953 1066 3004 καὶ
1090 2953 1294 3004 ἀπειλεῖ
1312 2953 1583 3016 τάναντία,
1620 2953 1710 3005 ἐὰν
1740 2954 1976 3022 παραϐῇ.
1995 2949 2097 3004 Ἦν
2125 2954 2179 3005 δὲ
2202 2953 2296 3004 αύ-

762 3035 839 3101 τῷ
855 3034 981 3095 ναῦς
1016 3034 1227 3102 χρυσίον
1271 3032 1523 3102 φέρουσα.
1567 3032 1645 3085 Τά
1698 3033 1835 3085 κατά
1862 3033 1957 3101 τὴν
1989 3033 2295 3102 βασίλισσαν

770 3116 961 3176 Νότου,
989 3115 1083 3183 τὴν
1113 3114 1366 3166 ἐλθοῦσαν
1403 3115 1624 3167 ἀκοῦσαι
1649 3114 1748 3183 τῆς
1784 3116 1969 3183 σοφίας
2008 3115 2189 3169 αὑτοῦ.
2218 3115 2296 3168 Τά

763 3196 900 3249 κατὰ
947 3197 1030 3247 τὸν
1083 3194 1302 3247 πλοῦτον
1353 3193 1513 3246 αὐτοῦ
1558 3194 1649 3246 τὸν
1683 3196 1871 3264 μέγαν,
1918 3197 1983 3247 τά
2027 3198 2152 3266 περὶ
2192 3196 2297 3249 τῶν

762 3277 939 3328 ὃπλων
992 3276 1096 3329 τῶν
1151 3274 1365 3345 χρυσῶν
1404 3269 1476 3329 ὧν
1521 3275 1756 3344 ἐποίησε,
1793 3276 1862 3328 τά
1903 3278 2029 3346 1:591
2072 3278 2170 3347 τῆς
2212 3277 2299 3346 βα-

763 3358 959 3418 σιλείας
989 3358 1171 3417 αὐτοῦ,
1210 3359 1365 3409 πόθεν
1386 3357 1477 3409 καὶ
1503 3359 1658 3425 μέχρι
1689 3357 1788 3409 ποῦ
1820 3362 2148 3429 παρέτεινεν.
2184 3361 2296 3412 Ἐν-

761 3438 948 3488 τεῦθεν
981 3438 1220 3505 περὶτῆς
1245 3438 1675 3504 είδωλολατρείας
1695 3438 1875 3497 αὑτοῦ,
1897 3441 1985 3489 καὶ
2014 3440 2108 3505 τῆς
2133 3455 2295 3506 προσ·

763 3524 1029 3586 κρούσεως
1063 3515 1126 3585 ἧς
1156 3519 1515 3587 προσέκρουσε
1560 3518 1634 3586 τῷ
1665 3519 1799 3586 Θεῷ.
1847 3519 2116 3571 Ἐντεῦθεν
2139 3521 2291 3571 ἀπει-

760 3600 825 3667 λή
843 3600 973 3667 1:96;
1003 3601 1180 3658 αὑτὸν,
1207 3600 1408 3667 καὶτῆς
1441 3599 1709 3667 βασιλείας
1734 3616 1804 3651 πα
1816 3601 2049 3668 ράλυσις,
2078 3603 2292 3670 είρήνης

761 3680 1078 3747 ἀφανισμός.
1127 3680 1506 3732 Ἐπανίσταται
1546 3679 1651 3749 γάρ
1702 3680 1847 3749 αύτῴ
1889 3681 2039 3749 Ἀδὲρ
2065 3684 2093 3733 6
2140 3682 2293 3733 Ἰδου-

766 3762 939 3824 μαῖος,
972 3760 1061 3809 καὶ
1085 3760 1112 3810 6
1150 3759 1410 3829 Ἐσδρώμ.
1449 3761 1822 3813 Ἐπανίσταται
1844 3762 1987 3830 αὐτῷ
2010 3762 2099 3813 καὶ
2127 3764 2155 3814 6
2174 3762 2293 3814 606-

763 3837 850 3899 10;
877 3839 1035 3889 a6106
1074 3839 1366 3909 Ὶεροϐοάμ.
1409 3842 1659 3908 Ἔρχεται
1712 3842 1843 3909 πρὸς
1890 3842 1979 3892 τὸν
2023 3842 2297 3911 Ἰεροϐοάμ

776 3919 927 3987 ’Δχιᾶ
957 3922 984 3971 6
1014 3922 1308 3989 προφήτης,
1344 3922 1436 3973 καὶ
1455 3922 1661 3973 δίδωσιν
1692 3922 1837 3991 αὐτῷ
1862 3924 2141 3993 διαρρῆξαι
2171 3925 2294 3993 ίμά-

761 4018 873 4053 τιον
902 4002 1212 4069 τελαμῶνας
1254 4012 1278 4041 8
1320 4003 1468 4065 δέκα,
1520 4004 1837 4072 προμηνύων
1872 4005 2038 4074 αὐτῷ,
2068 4007 2295 4057 611.an-

762 4082 871 4143 έξει
898 4082 963 4132 τὰ
994 4082 1121 4134 δέκα
1176 4083 1439 4151 σκῆπτρα.
1484 4084 1563 4144 Ὠ,
1594 4085 1648 4135 δὲ
1685 4085 1870 4153 ήθελεν
1908 4087 2066 4138 αὐτὸν
2093 4087 2295 4138 ἀνελεῖν

761 4164 790 4212 ὁ
822 4163 1084 4230 Σολομῶν,
1125 4163 1320 4230 ἔφυγεν
1371 4166 1448 4225 εἰς
1502 4166 1788 4231 Αἴγυπτον.
1851 4168 2174 4235 Ἰιῖπανῆλοεν
2200 4170 2293 4220 ἀπ’

764 4242 1034 4306 Αἰγύπτου
1076 4244 1367 4312 Ἱεροϐοάμ.
1413 4245 1769 4308 ἀποθανόντος
1820 4249 2172 4316 Σολομῶντος.
2239 4250 2294 4302 Ὀ

766 4323 819 4373 δὲ
835 4321 956 4384 λαὸς
984 4324 1284 4389 προσελθὼν
1304 4324 1377 4392 τῷ
1405 4325 1630 4392 Ῥοεοὶμ
1660 4328 1756 4395 υίῴ
1782 4329 2130 4398 Σολομῶντος.
2147 4328 2293 4398 ήξίου

768 4404 1121 4473 ἐλαφροτέραν
1147 4406 1323 4466 αὐτοῖς
1353 4406 1594 4471 γενέσθαι
1628 4409 1723 4475 τὴν
1747 4409 1917 4478 ἀρχὴν
1949 4410 2045 4479 τῆς
2070 4410 2160 4462 τοῦ
2197 4412 2291 4463 Σο·

763 4484 1047 4551 λομῶντος.
1091 4486 1146 4537 ’0
1168 4486 1222 4538 δέ
1262 4486 1363 4539 61:6
1388 4487 1494 4538 τῶν
1524 4489 1827 4557 συντρόφων
1872 4490 2033 4542 αὑτοῦ
2067 4492 2197 4544 νέων
2217 4510 2294 4544 τι·

762 4565 866 4617 νῶν
908 4565 1264 4627 ἀναπεισθεὶς,
1318 4567 1573 4636 ἠπείλησε
1630 4571 1720 4621 καὶ
1767 4570 2064 4640 βαρυτέραν
2116 4574 2293 4635 αὐτοῖς

761 4647 1017 4713 ποιήσειν.
1070 4646 1252 4697 Ἔνθεν
1286 4647 1684 4716 ἀπεσχίσθησαν
1715 4653 1769 4703 αἰ
1814 4652 1943 4703 δέκα
1970 4652 2149 4722 φυλαὶ,
2203 4656 2294 4705 καὶ

759 4728 1101 4783 ἐϐασίλευσαν
1133 4729 1212 4795 ἐφ’
1254 4730 1458 4779 ἑαυτῶν
1501 4730 1587 4779 τὸν
1635 4730 1923 4800 Ἱεροϐοάμ.
1963 4736 2067 4784 Καὶ
2118 4734 2294 4801 βουλό-

761 4826 917 4882 μενον
964 4809 1375 4878 ἐπιστρατεῦσαι
1406 4809 1549 4878 αύτῷ
1590 4810 1677 4860 τὸν
1716 4812 1943 4880 Ῥοϐοάμ
1979 4815 2238 4867 ἐκώλυσεν
2266 4817 2293 4867 6

756 4891 905 4951 Θεός.
938 4891 1021 4953 Ὧς
1047 4891 1099 4943 δὲ
1126 4889 1613 4960 [5551ἠρρὡστησε
1657 4892 1714 4943 16
1757 4893 1959 4943 παιδίον
1995 4895 2287 4963 Ὶεροϐοάμ,

756 4971 958 5037 πέμπει
987 4972 1082 5039 τὴν
1102 4974 1328 5037 γυναῖκα
1357 4972 1520 5023 αὑτοῦ
1563 4973 1691 5039 πρὸς
1730 4974 1878 5040 ’Λχιά
1896 4974 1983 5025 τὸν
2012 4978 2290 5045 προφήτην

756 5050 1087 5117 πευσομένην
1122 5052 1246 5120 1:591
1272 5055 1367 5120 τῆς
1408 5054 1581 5103 νόσου.
1626 5054 1681 5103 '0
1710 5053 1764 5104 δὲ
1796 5052 1963 5116 εἶπεν,
1986 5056 2063 5106 ὅτι
2087 5056 2288 5107 ἀποθα-

754 5133 943 5192 νεῖται,
1003 5131 1095 5181 καὶ
1136 5132 1419 5187 ἀπέθανεν.
1465 5134 1671 5202 ’Ὶστησι
1724 5135 1979 5203 δαμάλεις
2025 5141 2227 5206 χρυσᾶς
2263 5141 2290 5191 6

765 5210 1059 5280 Ἰεροϐοάμ,
1097 5212 1223 5281 μίαν
1254 5213 1309 5262 ἐν
1344 5214 1559 5282 Βαιθὴλ,
1596 5216 1683 5265 καὶ
1710 5216 1835 5283 μίαν
1866 5219 1923 5269 ἐν
1943 5218 2067 5282 Δάν,
2108 5220 2193 5271 ἵνα
2216 5220 2289 5287 μὴ

754 5294 1105 5347 ἀναϐαίνωσιν
1130 5294 1208 5354 είς
1245 5292 1587 5364 Ἰερουσαλὴμ
1630 5300 1657 5349 6
1685 5298 1827 5360 λαός.
1859 5300 2082 5361 Θύοντος
2113 5300 2167 5352 δέ
2195 5302 2290 5352 αύ-

813 5431 836 5457 n
860 5416 1175 5467 Coisliuianus
1190 5416 1337 5464 codex
1364 5417 1545 5477 ἱμάτιον
1562 5422 1819 5478 τελαμῶνος
1841 5425 2288 5486 mendose.I.ugdu-

754 5490 917 5533 musis
938 5488 1200 5547 τελαμῶνας
1222 5488 1350 5543 δέκα,
1374 5487 1419 5533 in
1445 5486 1633 5547 fascias,
1647 5488 1692 5537 in
1709 5491 1905 5541 lacinias
1916 5494 2091 5543 decem.
2107 5497 2289 5544 D11"?

752 5550 979 5615 915100110,
1005 5545 1220 5615 ίαιςὶίιψε,
1244 5550 1311 5594 sic
1335 5551 1377 5593 οί
1402 5545 1483 5594 0⁷.
1509 5549 1629 5615 Ριιιο
1652 5556 1811 5615 aglem
1836 5553 1924 5599 hoc
1946 5554 1993 5615 in
2022 5550 2286 5615 exempla“

750 5606 1073 5672 illauysnflnmi
1096 5606 1237 5672 [01350
1264 5627 1272 5653 :
1301 5620 1405 5653 nam
1432 5616 1483 5653 ul
1513 5611 1653 5672 modo
1669 5610 1902 5672 dicebam,
1929 5614 2046 5661 mira
2074 5606 2181 5667 θεαί
2200 5632 2287 5665 cx-

751 5666 1086 5727 Cmplariorum
1118 5666 1404 5715 lilblicurum
1428 5666 1644 5715 varicus.

1430 392 1487 447 ὃ.
1528 386 1803 445 JOANNIS
1838 384 2324 443 CIIRYSOSTOIII
2357 382 2673 441 ARCHIEP.
2710 384 3234 441 CONSTANTINOP

3832 404 3929 459 350

2409 497 2501 550 τοῦ
2522 499 2657 561 ἐκεί,
2693 498 2801 550 ίδοὺ
2832 497 3110 565 ἄνθρωπος
3134 496 3226 549 τοῦ
3251 494 3382 549 Θεοῦ
3415 496 3600 560 ἐλθὼν,
3633 504 3939 570 προφητεύει

2401 580 2472 631 τά
2496 579 2636 631 κατὰ
2670 580 2760 632 τὸν
2800 579 3026 631 Ἰωσίαν.
3048 579 3158 633 Καὶ
3179 578 3445 648 ἐξηράνθη
3472 582 3505 648 ή
3534 582 3657 649 χεὶρ
3676 581 3769 633 τοῦ
3798 582 3937 650 βασι⁸

2404 659 2558 721 λέως,
2581 660 2674 712 καὶ
2711 661 2920 733 ἐρρἀγη
2948 660 3007 710 16
3039 659 3432 729 θυσιαστήριον.
3472 654 3759 728 Δεηθέντος
3777 664 3828 715 δὲ
3853 665 3935 716 τοῦ

2403 745 2677 810 προφήτου
2707 740 2799 792 τοῦ
2830 740 2985 800 Θεοῦ,
3035 740 3247 808 ύγίανεν
3274 744 3302 793 6
3328 741 3591 808 βασιλεύς.
3626 742 3655 781 ὶι
3685 744 3785 794 Καὶ
3798 761 3936 813 διαρ-

2403 820 2584 872 εκάλει
2632 820 2723 872 τὸν
2770 822 3051 890 προφήτην
3092 822 3402 890 ἐστιαθῆναι
3456 824 3582 891 παρ’
3606 824 3769 892 αὐτῷ.
3808 826 3934 877 Ὁδὲ

2398 902 2497 953 οὐκ
2521 900 2795 969 ἠνέσχετο,
2832 903 3152 972 πρόσταγμα
3198 904 3475 970 φυλάττων
3504 906 3597 957 τοῦ
3633 905 3783 969 Θεοῦ,
3810 907 3936 973 ὅπερ

2400 980 2621 1051 ὕστερον
2667 982 2941 1051 παραϐὰς.
2982 984 3215 1053 ἀνῃρέθη
3252 984 3355 1037 61:6
3385 984 3477 1037 106
3520 986 3745 1048 λέοντος.
3782 988 3835 1040 ’0
3882 988 3936 1040 δὲ

2410 1061 2685 1131 Ἰεροϐοάμ
2726 1064 2806 1115 ἐτι
2836 1063 3064 1131 ἐπέμενε
3094 1067 3159 1133 τῇ
3194 1066 3360 1132 κακία
3405 1065 3585 1129 αὐτοῦ,
3618 1068 3710 1119 καὶ
3753 1070 3781 1119 6
3820 1069 3931 1121 Ῥο-

2399 1141 2541 1211 ϐοάμ
2570 1144 3021 1213 είδωλολάτρησεν
3037 1144 3126 1212 ἐτη
3154 1145 3328 1198 πάντα
3352 1147 3447 1216 τῆς
3469 1147 3735 1215 βασιλείας
3761 1149 3932 1201 αὑτοῦ.

2414 1222 2606 1275 Ἐλθὼν
2626 1226 2928 1293 Σουσακεὶμ
2944 1235 2967 1262 ο
2989 1225 3145 1276 ἔλαϐε
3170 1227 3293 1288 τοὺς
3321 1226 3638 1297 θησαυρούς.
3655 1228 3800 1281 Μετά
3822 1230 3935 1282 τοῦ·

2397 1320 2488 1355 τον
2520 1305 2786 1372 βασιλεύει
2824 1306 3005 1368 ’Δϐιάς
3036 1309 3064 1359 6
3096 1308 3206 1369 υἱὸς
3235 1309 3420 1374 αὐτοῦ,
3456 1311 3547 1363 καὶ
3588 1312 3722 1377 μετά
3757 1312 3933 1364 τοῦτον

2396 1385 2425 1434 6
2457 1385 2573 1447 υίὸς
2628 1386 2720 1438 τοῦ
2767 1387 2918 1441 ’Λϐιά
2949 1389 2979 1439 ὁ
3023 1388 3171 1439 ’Λσᾶ.
3226 1389 3376 1440 Μετά
3422 1390 3481 1442 δέ
3529 1392 3615 1442 τὸν
3669 1392 3931 1461 Ἰεροϐοάμ

2400 1464 2665 1532 βασιλεύει
2688 1469 2717 1518 ό
2741 1467 2854 1529 υίὸς
2876 1467 3039 1519 αὐτοῦ
3074 1468 3252 1521 ’Δδάϐ·
3279 1469 3341 1521 ὃν
3367 1469 3567 1523 ἀνελὼν
3594 1472 3739 1525 Βασά
3759 1473 3930 1524 ἐϐασί-

2396 1545 2571 1608 λευσε,
2608 1548 2698 1599 καὶ
2727 1548 2977 1617 ἐπολέμει
2997 1549 3088 1601 τὸν
3112 1550 3262 1603 ’Δσά.
3307 1551 3363 1605 ’0
3382 1551 3437 1603 δὲ
3453 1555 3516 1622 τῇ
3548 1554 3821 1625 συμμαχίᾳ
3843 1553 3930 1606 τοῦ

2397 1626 2566 1695 Σύρου
2598 1628 2759 1698 Ἄδερ
2801 1630 3156 1699 χρησάμενος,
3202 1633 3651 1701 ἐπικρατέστερος
3702 1635 3925 1700 γέγονεν,

2408 1707 2492 1767 ὐς
2515 1708 2569 1759 δὲ
2598 1709 2826 1776 πονηρὸς
2851 1706 2917 1779 ἦν
2941 1712 2968 1761 ό
2999 1710 3163 1771 Baad,
3193 1713 3403 1783 61:51151
3431 1713 3575 1783 αὐτῷ
3592 1715 3620 1765 6
3650 1714 3778 1776 Θεὸς
3796 1716 3929 1767 κακά

2398 1788 2627 1855 μεγάλα.
2669 1789 3044 1852 ⁹Αποθανόντος
3079 1791 3136 1845 δέ
3168 1792 3330 1845 αὐτοῦ
3374 1794 3711 1848 ἐϐασίλευσεν
3752 1797 3869 1849 Ἐλά
3899 1800 3928 1848 6

2396 1869 2506 1930 υίὸς
2562 1870 2745 1933 αὐτοῦ,
2785 1871 2843 1923 όν
2890 1870 3087 1923 ἀνελὼν
3128 1874 3339 1944 Ζαμϐρὶ
3377 1871 3454 1937 εἷς
3502 1878 3606 1929 τῶν
3644 1878 3925 1947 ἀρχόντων,

2394 1949 2722 2017 ἐϐασίλευσε,
2783 1953 2875 2004 καὶ
2906 1952 3202 2022 ὼλόθρευσε
3252 1956 3341 2007 τὸν
3391 1953 3536 2009 οἶκον
3567 1960 3730 2013 Βασᾶ.
3766 1960 3846 2021 Ὦς
3872 1960 3923 2010 δὲ

2396 2034 2489 2085 καὶ
2528 2033 2739 2102 Ζαμϐρὶ
2784 2033 3047 2087 ἀπέθανεν
3100 2037 3286 2089 ἐαυτὸν
3317 2038 3617 2107 ἐμπρήσας,
3673 2040 3925 2109 βασιλεύει

2407 2114 2619 2183 Ἀμϐρί.
2653 2115 2742 2177 Ὠς
2769 2116 2823 2168 δὲ
2863 2116 3096 2169 ἀπέθανε
3130 2120 3222 2170 καὶ
3246 2112 3417 2186 οὗτος,
3457 2121 3926 2192 βασιλεύειἊχαάϐ

2394 2199 2423 2249 6
2478 2198 2591 2259 υίὸς
2641 2197 2826 2251 αὑτοῦ.
2876 2198 3153 2253 Βασιλεύει
3205 2202 3234 2253 6
3282 2201 3395 2264 υίὸς
3457 2204 3588 2256 ’Δσά
3653 2206 3922 2272 Ἰωσαφάτ.

2407 2279 2639 2331 Ἀπειλεί
2681 2280 2862 2343 Ἠλίας
2882 2282 2911 2334 6
2938 2282 3219 2353 προφήτης
3249 2283 3326 2352 τῷ
3361 2285 3557 2353 Ἀχαάϐ
3581 2286 3682 2356 τήν
3712 2288 3925 2356 γενομέ-

2394 2377 2488 2428 νην
2505 2360 2800 2430 ἀνομϐρίαν
2820 2362 2912 2414 ἐπὶ
2946 2364 3071 2432 τρία
3097 2364 3188 2433 ἐτη
3224 2366 3316 2416 καὶ
3354 2366 3522 2434 μῆνας
3555 2367 3634 2431 ἐξ.
3666 2368 3797 2420 Τότε
3821 2369 3925 2421 δια·

2394 2444 2647 2512 τρέφεται
2667 2444 2752 2497 διὰ
2771 2444 2876 2496 τῶν
2909 2445 3152 2514 κοράκων
3179 2447 3207 2498 6
3239 2448 3535 2517 προφήτης.
3578 2449 3835 2502 Ἐνταῦθα
3854 2451 3920 2501 τὰ

2395 2523 2533 2576 κατά
2556 2524 2653 2593 τήν
2686 2525 2854 2594 χήραν
2869 2525 2965 2595 τήν
2996 2526 3053 2577 ἐν
3079 2526 3389 2596 Σαρέφθοις,
3419 2528 3486 2580 τά
3519 2528 3657 2581 κατὰ
3686 2530 3773 2582 τὸν
3795 2547 3926 2599 καμ-

2392 2603 2572 2673 ψάκην
2595 2604 2687 2657 τοῦ
2718 2605 2915 2670 ἐλαίου,
2942 2607 3033 2658 καὶ
3080 2608 3178 2676 τὴν
3205 2608 3386 2677 ὑδρίαν
3421 2608 3514 2661 τοῦ
3555 2609 3799 2679 ἀλεύρου,
3834 2614 3921 2663 χαὶ

2394 2685 2483 2736 τὸν
2535 2684 2763 2739 θάνατον
2809 2688 2900 2739 τοῦ
2937 2688 3167 2750 παιδίου,
3199 2690 3291 2740 καὶ
3333 2689 3430 2759 τὴν
3457 2691 3521 2743 ἐκ
3561 2691 3655 2745 τοῦ
3705 2692 3923 2745 θανάτου

2396 2766 2629 2834 ἔγερσιν.
2673 2768 3076 2821 Ἀποστέλλεται
3120 2769 3254 2842 πρὸς
3291 2770 3381 2823 τὸν
3423 2772 3621 2841 ’Δχαὰϐ
3658 2776 3686 2826 6
3729 2774 3919 2836 Ἠλίας,

2395 2848 2487 2899 καὶ
2518 2850 2660 2900 ποιεῖ
2696 2849 2793 2916 τὴν
2832 2850 3039 2911 θυσίαν,
3075 2851 3167 2903 καὶ
3199 2852 3488 2921 καταφέρει
3518 2854 3575 2905 τὸ
3616 2853 3725 2923 πῦρ
3750 2853 3807 2918 ἐξ
3833 2855 3921 2906 06-

2398 2929 2575 2997 9av06,
2615 2930 2707 2980 καὶ
2737 2931 3009 2981 ἀναλίσκει
3036 2931 3220 2999 αὐτήν.
3255 2934 3383 2984 Τότε
3414 2933 3587 2985 λαϐὼν
3617 2936 3739 2998 τοὺς
3770 2938 3921 3005 ίερείς

2392 3009 2482 3060 τοῦ
2510 3008 2650 3060 Βαὰλ
2680 3008 2972 3075 ἀπέσφαξε.
3016 3011 3147 3062 Τότε
3178 3012 3577 3078 εὐαγγελίζεται
3616 3014 3693 3083 τῷ
3733 3016 3923 3084 ’Δχαάϐ

2393 3091 2481 3141 τὸν
2519 3090 2687 3142 ὑετόν.
2724 3092 2830 3142 Καὶ
2873 3089 3102 3142 ἀνελθὼν
3144 3094 3223 3153 είς
3266 3094 3357 3145 τὸν
3406 3094 3693 3163 Κάρμηλον
3735 3097 3923 3166 ηῦξατο

2407 3171 2606 3233 Ἠλίας,
2658 3171 2749 3224 καὶ
2781 3172 3043 3240 ποιεῖτὴν
3072 3172 3276 3225 θυσίαν·
3322 3175 3429 3228 1606
3469 3177 3636 3237 ὑετός.
3694 3179 3919 3230 ’Δπειλεί

2392 3252 2468 3321 τῷ
2506 3252 2656 3321 Ἠλία
2686 3252 2908 3305 θάνατον
2952 3252 3232 3323 Ἰεζάϐελή
3262 3257 3391 3325 γυνὴ
3432 3256 3521 3309 τοῦ
3567 3257 3783 3324 Ἀχαάϐ,
3810 3259 3837 3311 6
3866 3259 3921 3310 δὲ

2394 3332 2604 3401 ἔρχεται
2624 3335 2700 3393 είς
2725 3332 2820 3402 τὴν
2846 3332 3067 3408 ἔρημον,
3093 3335 3184 3385 καὶ
3206 3335 3501 3403 κοιμηθεὶς,
3523 3338 3613 3388 καὶ
3636 3338 3919 3408 διεγερθεὶς

2393 3412 2494 3464 61:6
2531 3412 2756 3479 ἀγγέλου
2809 3411 2961 3474 Θεοῦ,
3014 3407 3168 3480 εῦρεν
3201 3415 3490 3483 ἐγκρυφίαν
3538 3417 3800 3485 ὀλυρίτην,
3833 3420 3920 3471 καὶ

2391 3491 2576 3560 φαγὼν
2620 3491 2798 3553 αὑτὸν,
2840 3490 3132 3571 ἐνίσχυσεν.
3173 3493 3257 3545 Ἑν
3287 3495 3463 3571 ἐκείνη
3488 3501 3549 3565 τῇ
3587 3497 3777 3566 βρώσει
3805 3515 3922 3551 τεσ-

2394 3573 2695 3642 σαράκοντα
2711 3572 2917 3640 ἡμέρας
2944 3566 3103 3640 ἦλθεν
3122 3571 3199 3634 51;
3226 3566 3457 3645 Χωρήϐ.
3474 3578 3602 3629 Τότε
3627 3578 3785 3644 λέγει·
3813 3581 3919 3632 Κύ-

2394 3670 2495 3721 ριε,
2524 3652 2588 3705 τὰ
2604 3651 2957 3721 θυσιαστήριά
2991 3669 3081 3704 σου
3106 3653 3464 3723 κατέσκαψαν.
3501 3658 3579 3710 Τά
3626 3657 3789 3727 ζεύγη
3819 3662 3920 3711 τῶν

2395 3733 2530 3803 βοῶν
2557 3734 2713 3801 ἀφεὶς
2733 3736 2760 3786 6
2791 3733 3079 3797 Ἐλισσαῖος
3105 3735 3380 3787 ἀκολουθεί
3409 3737 3484 3806 τῷ
3516 3739 3686 3808 Ἠλίᾳ.
3723 3741 3921 3793 1511156-

2395 3815 2486 3867 θεν
2504 3816 2561 3868 16
2583 3816 2823 3885 διήγημα
2850 3816 2911 3866 16
2939 3814 3077 3866 κατά
3098 3815 3184 3867 16v
3205 3816 3491 3885 ἀμπελῶνα
3519 3819 3609 3871 τοῦ
3635 3820 3920 3873 Ναϐουθαί’

2394 3896 2488 3948 καὶ
2513 3898 2543 3964 ή
2566 3897 2758 3963 ἀπειλὴ
2790 3894 2928 3947 κατά
2963 3894 3192 3961 Ἰεζάϐελ
3213 3898 3302 3949 καὶ
3344 3898 3559 3966 Ἀχαά6,
3589 3900 3677 3951 καὶ
3705 3903 3737 3968 ή
3766 3905 3927 3953 κατὰ·

2394 3976 2537 4038 νυξις
2586 3976 2676 4028 τοῦ
2744 3975 2961 4045 Ἀχαάϐ.
3015 3976 3239 4045 Ἐπῆλθε
3292 3977 3367 4046 τῷ
3427 3980 3636 4049 Ἰσραὴλ
3686 3983 3716 4033 6
3760 3982 3923 4050 Σύρος

2398 4059 2557 4127 ’Δδερ
2600 4057 2734 4124 μετά
2786 4057 3164 4129 τριακονταδύο
3212 4058 3493 4127 βασιλέων·
3538 4063 3566 4114 6
3605 4062 3661 4114 δὲ
3713 4062 3922 4131 ἐχειρώ-

2394 4155 2521 4191 σατο
2546 4138 2756 4202 αύτούς.
2786 4140 2891 4191 Καὶ
2915 4138 3161 4208 δεύτερον
3185 4141 3606 4211 ἐπιστρατεύσας
3643 4144 3921 4213 περιέπεσε

2393 4221 2569 4289 πληγῇ
2607 4219 2829 4289 μεγάλῃ.
2873 4220 2957 4281 Ὠς
2982 4220 3037 4271 δέ
3065 4220 3207 4289 ἐώρα
3231 4222 3418 4275 ἐαυτὸν
3445 4227 3501 4275 ἐν
3531 4225 3769 4293 κινδύνῳ,
3793 4226 3920 4293 σχῆ-

2395 4319 2468 4370 μα
2518 4300 2861 4367 περιθέμενος
2893 4300 3137 4363 ἐλεεινὸν,
3168 4302 3377 4370 ἔρχεται
3408 4305 3539 4373 πρὸς
3577 4304 3668 4355 τὸν
3706 4307 3919 4374 ’Λχαά6,

2391 4381 2569 4433 δοῦλον
2598 4380 2741 4451 [554]
2774 4380 2960 4431 ἑαυτὸν
2991 4381 3291 4442 ἀποκαλῶν,
3326 4384 3415 4433 καὶ
3457 4385 3747 4453 ἀγαπητῶς
3792 4387 3922 4454 ἔχων

2390 4463 2658 4530 σωτηρίας
2701 4463 2899 4528 τυχεῖν.
2964 4460 3020 4512 Ὀ
3056 4461 3110 4513 δὲ
3148 4461 3427 4514 ἀνεϐίϐασέ
3454 4481 3511 4515 τε
3557 4466 3717 4518 αὐτὸν
3743 4468 3836 4519 ἐπὶ
3868 4466 3925 4518 16

2388 4542 2561 4611 ἅρμα,
2600 4542 2694 4592 καὶ
2721 4540 2883 4609 τιμῆς
2911 4540 3163 4604 ἀξιώσας,
3189 4542 3486 4612 ἐξέπεμψεν
3507 4546 3586 4608 είς
3613 4547 3710 4615 τὴν
3724 4548 3923 4600 οίκείαν

2390 4622 2514 4689 γῆν.
2541 4623 2791 4691 Ἔρχεται
2820 4622 2847 4672 6
2883 4624 3163 4691 προφήτης
3195 4624 3433 4691 ἐγκαλῶν
3463 4626 3599 4696 ὑπὲρ
3627 4628 3828 4679 τούτων
3853 4627 3925 4695 τῷ

2394 4703 2613 4772 βασιλεῖ,
2643 4704 2733 4754 καὶ
2758 4702 2979 4755 θάνατον
3014 4703 3267 4759 ἀπειλῶν.
3305 4705 3619 4760 Βουλεύεται
3642 4711 3671 4761 6
3707 4708 3925 4778 ’Δχαά6,

2392 4786 2440 4834 εί
2471 4784 2574 4835 δέοι
2614 4782 3026 4851 ἐπιστρατεῦσαι
3071 4786 3179 4845 τοῖς
3208 4784 3415 4853 Σύροις
3466 4789 3557 4839 καὶ
3604 4789 3925 4858 συμϐουλεύ-

2393 4882 2578 4926 σαντος
2614 4864 2707 4916 τοῦ
2751 4865 3012 4930 Ἰωσαφὰτ
3040 4864 3298 4932 βασιλέως
3338 4866 3521 4930 Ἰούδα,
3554 4871 3926 4939 μετάπεμπτος

2390 4948 2591 5013 γίνεται
2614 4946 2850 5015 Μιχαίας
2875 4946 2904 4997 6
2931 4947 3226 5015 προφήτης,
3252 4949 3345 5000 καὶ
3372 4949 3663 5019 ἐρωτηθεὶς
3681 4952 3927 5020 προλέγει

2390 5030 2689 5097 συμφορὰς,
2720 5029 2769 5080 εί
2792 5027 3160 5096 πολεμήσειεν.
3209 5030 3511 5099 Ὀργίζεται
3530 5034 3558 5084 6
3600 5033 3822 5101 Ἀχαάϐ·
3842 5031 3926 5085 τύ·

2387 5129 2509 5163 πτει
2542 5112 2627 5165 τὸν
2679 5109 2912 5177 Μιχαίαν
2951 5109 3198 5173 Σεδεκίας
3239 5112 3267 5163 6
3314 5112 3774 5182 ψευδοπροφήτης.
3823 5113 3922 5164 Κε-

2389 5196 2440 5245 λε
2452 5195 2595 5245 ύεται
2613 5195 2665 5243 ’Δ
2674 5192 2809 5260 χαάϐ
2830 5191 3106 5260 τηρεῖσθαι
3131 5194 3363 5261 Μιχαίαν
3376 5195 3463 5246 τὸν
3474 5196 3935 5263 ψευδοπροφήτην,

2388 5276 2489 5334 ἕως
2518 5275 2580 5325 ἂν
2609 5274 2636 5323 6
2667 5273 2894 5341 πόλεμος
2910 5272 3043 5341 λάϐῃ
3087 5273 3252 5335 τέλος.
3304 5274 3515 5343 Ἐξῆλθε
3552 5274 3928 5343 μαχεσόμενος,

2392 5357 2479 5407 καί
2515 5371 2640 5421 φησι
2665 5354 2737 5421 τῷ
2774 5354 3053 5420 Ἰωσαφάτ·
3098 5355 3438 5425 Ἀμείψωμεν
3458 5355 3518 5406 τὸ
3540 5356 3718 5423 σχῆμα
3735 5357 3829 5407 καὶ
3847 5356 3930 5407 τὸν

2392 5437 2691 5505 ίματισμόψ
2738 5436 2913 5488 λαϐὼν
2958 5436 3065 5498 ἐγὼ
3095 5436 3186 5488 16v
3226 5445 3335 5501 σον,
3377 5436 3685 5505 ἀντιδίδωμί
3727 5455 3812 5490 σοι
3846 5437 3928 5490 τὸν

2448 5556 2471 5593 b
2498 5557 2580 5601 llic
2604 5557 2781 5602 desunt
2809 5556 3005 5614 paucula
3031 5555 3174 5617 verba
3199 5557 3246 5602 in
3270 5562 3475 5617 utroque
3493 5559 3680 5606 codice.

2448 5619 2469 5645 ο
2512 5616 2521 5660 l
2552 5617 2621 5663 XX
2642 5616 3387 5682 i‘n'crurqmsglouoaxip.habet",
3412 5624 3466 5682 vl.
3484 5620 3555 5667 sic
3575 5622 3723 5669 etiam
3746 5619 3927 5682 Lugdu-

2393 5690 2553 5724 ncuszs
2577 5678 2747 5723 codex.
2773 5674 2882 5726 Cois
2905 5674 3091 5724 iuianus
3118 5688 3234 5725 vero
3254 5678 3512 5732 Σουσαχήν.
