4096 6518
158 477 255 531 349
1195 450 1511 510 SYNOPSIS
1547 446 1950 504 SCRIPTURAS
1988 446 2255 503 SACRE.

163 596 257 638 utr.
284 587 336 633 et
378 578 518 632 circa
558 576 696 629 ﬁlios
736 572 981 633 Berzelli,
1015 580 1072 623 ut
1114 570 1235 622 illos
1266 570 1317 621 in
1369 567 1571 619 honore
1616 563 1714 615 Ita-

167 671 293 731 lteat,
323 678 375 722 et
416 682 615 720 mensa:
653 664 811 733 regite
856 671 1132 714 consortes
1174 659 1347 712 faciat.
1395 657 1716 722 Moriturque

166 768 423 828 postquam
452 770 620 809 annos
639 752 983 823 quadraginta
1008 734 1342 817 regnaverat.

642 896 923 937 REGNORUH
954 895 1106 933 LIBER
1145 894 1220 932 111.

224 1016 424 1071 Occidit
451 1015 666 1069 Orniam
696 1012 967 1075 Salomon,
996 1010 1119 1078 quia
1151 1008 1427 1062 Abisacam
1457 1007 1713 1075 petierat,

164 1116 211 1161 et
237 1105 568 1159 Abiatharem
616 1103 770 1170 ejecit
812 1116 873 1155 ex
920 1099 1236 1154 sacerdotio.
1277 1097 1597 1165 lmpletaque
1635 1106 1718 1149 est

163 1195 491 1248 comminatio
531 1205 715 1247 contra
759 1191 842 1245 Eli
874 1191 1028 1253 data;
1058 1204 1122 1242 ex
1166 1189 1256 1241 illo
1284 1203 1509 1255 namque
1550 1201 1717 1255 genus

162 1285 376 1337 ducebat
415 1283 691 1337 Abiatltar.
736 1280 933 1334 Occidit
979 1288 1153 1331 autent
1200 1278 1457 1338 Joabum;
1510 1277 1716 1329 Sadtluc

164 1384 321 1427 autem
349 1373 624 1427 constituit
646 1370 975 1423 sacerdotem
1008 1384 1104 1436 pro
1127 1368 1432 1420 Abiathare.
1469 1368 1713 1432 Prascep-

165 1471 261 1515 tum
291 1464 379 1515 dat
407 1462 582 1516 Semei
611 1461 881 1523 Salomon,
913 1468 968 1511 ut
994 1472 1203 1525 semper
1230 1458 1281 1509 itt
1313 1456 1440 1510 urbe
1466 1465 1712 1509 maneat:

165 1555 199 1603 si
228 1561 393 1605 autem
416 1562 566 1605 exeat
594 1565 863 1618 umquam,
895 1550 942 1601 id
972 1563 1073 1601 non
1105 1550 1317 1615 impune
1344 1547 1595 1607 futurum,
1619 1546 1713 1599 sed

163 1656 316 1696 morte
344 1642 703 1697 mulctandutn
732 1656 871 1695 esse.
900 1641 1029 1695 Cum
1058 1653 1239 1693 servos
1262 1639 1575 1706 perdidisset
1598 1639 1709 1698 ille.

165 1734 377 1785 mandati
407 1733 603 1786 oblitus
624 1772 636 1796 ,
667 1746 911 1800 egressus
937 1738 1017 1783 est
1048 1738 1100 1781 ut
1130 1737 1544 1796 quaereretzquo
1569 1741 1714 1780 cont-

168 1834 303 1889 petto
349 1824 600 1877 Salomon
645 1822 905 1875 interfecit
955 1835 1095 1873 eum.
1146 1819 1217 1870 De
1262 1815 1515 1883 sapientia
1566 1816 1712 1869 Salo-

165 1915 320 1964 monis
348 1913 636 1976 enarratio,
671 1912 736 1965 de
766 1923 892 1978 pace
936 1924 1051 1975 qua:
1080 1906 1194 1973 ejus
1221 1915 1456 1972 tempOre
1489 1903 1616 1966 fuit,
1648 1903 1713 1955 de

162 2006 537 2073 magnificentia
569 2002 792 2070 prandii,
822 2001 888 2053 de
910 1998 1173 2062 curribus,
1199 1996 1265 2049 de
1291 1997 1461 2064 equis,
1485 1993 1551 2047 de
1571 1994 1711 2047 omni

161 2110 340 2159 genere
368 2096 693 2147 divitiarum.
727 2092 860 2145 Petit
888 2089 1139 2144 Salomon
1178 2087 1491 2155 sapientiam
1522 2099 1551 2137 a
1583 2085 1708 2139 Deo.

163 2184 297 2237 Tunc
324 2186 527 2253 judirat
558 2185 625 2238 de
653 2184 856 2237 duabus
897 2180 1205 2235 mulieribus
1233 2195 1350 2247 qua:
1398 2178 1543 2231 illum
1574 2178 1711 2231 circa

162 2274 397 2327 infantem
427 2274 686 2328 adierant.
736 2274 965 2326 Rursum
1012 2270 1079 2324 de
1120 2269 1378 2338 sapientia
1420 2268 1713 2322 Salomonis

160 2362 405 2431 loquitur;
435 2364 503 2417 de
541 2365 743 2417 lautitia
775 2378 972 2417 mensa:
1017 2362 1131 2429 ejus
1155 2401 1168 2424 ,
1211 2370 1261 2413 ct
1290 2359 1499 2428 quinam
1529 2358 1711 2426 hujus-

162 2457 289 2507 tnodi
330 2455 506 2508 ofﬁcio
555 2456 915 2524 fungerentur.
962 2454 1119 2506 Mittit
1166 2453 1227 2504 ad
1276 2452 1488 2505 Chiram
1535 2465 1710 2518 regem

164 2546 298 2615 Tyri,
320 2548 569 2615 lignarios
586 2560 768 2613 petens
789 2546 1137 2599 conductitios
1166 2560 1178 2596 :
1210 2543 1294 2596 ille
1316 2556 1443 2594 vero
1470 2542 1709 2610 prtebuit.

163 2635 249 2688 Hic
268 2638 435 2704 agitur
461 2638 527 2689 de
556 2652 835 2704 operarttm
865 2650 1106 2698 numero,
1134 2641 1186 2686 et
1215 2632 1280 2685 de
1308 2632 1541 2684 materia:
1565 2631 1712 2697 copia

160 2726 215 2778 ad
243 2728 647 2781 exstructionem
669 2726 841 2794 templi
875 2735 1049 2794 parata
1076 2741 1088 2777 :
1112 2724 1345 2790 sequitur
1370 2721 1561 2775 deinde
1581 2732 1711 2773 tent-

163 2818 226 2883 pli
254 2820 597 2871 constructio.
632 2819 882 2871 Precatnr
923 2816 1170 2869 Salomon
1204 2815 1255 2867 in
1290 2814 1504 2882 templo,
1532 2824 1583 2867 et
1612 2814 1709 2864 im-

161 2908 327 2970 molat,
350 2907 673 2974 domumque
698 2906 925 2959 dedicat.
959 2904 1224 2957 Prontittit
1250 2903 1324 2955 illi
1356 2903 1492 2954 bona
1522 2903 1659 2955 Deus
1690 2942 1704 2967 ,

161 2996 199 3046 si
219 2998 523 3050 custodierit
552 2998 793 3049 mamlata
829 2996 1008 3063 ipsius,
1032 3004 1083 3046 et
1108 2994 1435 3045 contrarium
1458 2993 1710 3057 minatur,

162 3084 199 3134 si
223 3086 589 3152 prevaricatus
630 3084 806 3137 fuerit.
837 3084 960 3136 Erat
984 3092 1161 3135 autem
1194 3081 1262 3133 illi
1292 3081 1439 3135 navis
1473 3096 1590 3150 quae
1621 3096 1711 3134 au-

162 3188 265 3226 rum
294 3175 539 3230 vehebat.
570 3175 800 3229 Historia
828 3175 1021 3243 reginae
1065 3173 1265 3237 Austri,
1295 3188 1410 3241 qua:
1441 3174 1582 3225 venit
1608 3214 1622 3237 ,
1657 3182 1711 3226 ttt

162 3264 357 3318 audiret
382 3266 699 3335 sapientiam
727 3266 860 3333 ejus.
894 3264 968 3318 De
1013 3263 1311 3332 ingentibus
1350 3262 1464 3330 ejus
1494 3263 1709 3326 divitiis,

165 3353 224 3406 de
250 3356 405 3408 armis
428 3357 605 3409 aureis
634 3371 749 3424 qua:
779 3356 888 3421 ipse
914 3352 1073 3416 fecit;
1107 3352 1173 3405 de
1199 3352 1342 3420 regni
1392 3351 1505 3419 ejus
1531 3352 1711 3404 limiti-

162 3444 269 3497 bus.
301 3447 428 3498 llinc
452 3447 519 3499 de
571 3445 862 3499 idololatria
909 3444 1025 3512 ejus
1055 3452 1107 3497 et
1149 3443 1213 3496 de
1256 3441 1569 3501 oﬁ‘ensione,
1610 3456 1711 3509 qua

164 3531 311 3585 Dcunt
343 3534 584 3587 offendit.
616 3534 746 3587 Hinc
774 3534 928 3587 mina:
949 3533 1202 3585 adversus
1230 3531 1374 3584 illutn
1404 3530 1671 3584 intentata:
1695 3570 1710 3594 ,

164 3626 398 3692 regnique
420 3626 535 3692 ejus
566 3625 775 3685 solutio,
810 3637 1012 3692 paxque
1040 3623 1265 3674 sublata.
1306 3620 1544 3674 Rebellat
1572 3622 1711 3674 enim

161 3722 325 3767 co:ttra
376 3716 521 3767 illum
572 3714 714 3767 Adcr
760 3714 1038 3777 ldumazns,
1087 3721 1138 3764 et
1183 3713 1425 3764 Esdrom.
1472 3712 1712 3765 ltcbellat

160 3805 302 3857 etiam
332 3818 516 3860 contra
573 3806 715 3859 illum
767 3805 1046 3859 Jeroboam
1086 3817 1269 3857 servus
1300 3802 1434 3871 ejus.
1472 3802 1621 3855 Venit
1647 3802 1712 3856 ad

160 3892 424 3949 Jeroboatn
478 3896 645 3949 Achia
701 3896 974 3963 propheta.
1008 3894 1199 3963 datque
1240 3894 1312 3947 illi
1366 3892 1711 3946 scindendum

159 3985 518 4039 vestimentum
570 3986 621 4038 in
656 3985 871 4039 lacinias
905 3984 1090 4038 decem
1113 4025 1128 4049 ,
1180 3983 1597 4053 prmsigniﬁcans
1638 3983 1710 4036 illi

159 4071 286 4137 quod
315 4072 496 4126 decem
525 4082 732 4140 sceptra
758 4073 1031 4125 habiturus
1061 4082 1222 4125 esset.
1252 4073 1379 4125 Cum
1414 4086 1571 4139 porro
1600 4072 1709 4125 vel-

161 4159 225 4214 let
243 4161 485 4217 Salomon
512 4164 658 4218 illum
690 4160 953 4227 occidere,
976 4161 1109 4231 fugit
1138 4162 1188 4213 in
1220 4160 1528 4230 Egyptttm.
1554 4161 1712 4214 Redit

161 4252 220 4306 ab
244 4252 465 4325 £gypto
510 4253 817 4319 Jeroboam,
872 4260 1083 4307 mortuo
1124 4250 1426 4304 Salomone.
1480 4250 1712 4319 Populus

159 4352 319 4397 autem
344 4346 532 4399 adiens
562 4344 801 4398 Roboam
833 4343 996 4396 ﬁlium
1045 4341 1362 4405 Salomonis,
1390 4342 1607 4411 rogabat
1637 4341 1711 4395 lc-

160 4431 293 4487 viore
321 4433 419 4487 frui
449 4434 695 4503 imperio,
728 4447 883 4502 quam
908 4432 1005 4486 sub
1027 4431 1343 4493 Salomone;
1383 4431 1469 4484 ille
1498 4446 1622 4483 vero
1645 4446 1709 4484 ex

161 4526 639 4593 consiliojuvenum
669 4522 1014 4593 quorumdam
1042 4562 1055 4586 ,
1100 4522 1187 4589 qtti
1220 4536 1335 4574 cutn
1363 4521 1475 4589 ipso
1502 4521 1709 4574 educati

161 4611 373 4678 fuerant,
405 4616 640 4668 minatus
667 4623 747 4667 est
770 4628 828 4667 se
855 4613 1093 4681 graviore
1114 4625 1331 4664 usurum
1357 4611 1596 4676 iutperio.
1629 4611 1711 4663 In-

162 4703 217 4758 de
238 4704 413 4760 divisa:
438 4714 565 4759 sunt
594 4703 775 4757 decem
808 4701 996 4766 tribus,
1048 4708 1102 4754 et
1139 4713 1316 4767 regem
1358 4699 1456 4752 sibi
1511 4701 1710 4753 consti-

160 4805 355 4853 tuerunt
388 4800 695 4855 Jeroboam.
725 4796 959 4850 Boboam
988 4808 1115 4847 vero
1138 4794 1405 4846 volentem
1431 4802 1613 4845 contra
1645 4793 1709 4844 il-

161 4884 256 4939 lum
278 4904 488 4943 movere
523 4887 721 4942 bellum
752 4885 888 4937 Deus
904 4883 1160 4937 cohibuit.
1187 4881 1319 4935 Cum
1355 4892 1528 4934 autem
1546 4895 1711 4949 aegro.

161 4985 282 5031 taret
304 4979 433 5032 ﬁlius
463 4976 773 5037 Jeroboam.
801 4974 961 5028 mittit
986 4986 1201 5026 uxorem
1230 4986 1377 5025 suam
1407 4971 1472 5023 ad
1492 4971 1710 5024 Achiam

160 5066 477 5135 prophetam,
502 5068 572 5121 de
622 5064 810 5119 morbo
851 5064 1270 5118 sciscitaturam:
1301 5061 1390 5115 ille
1427 5076 1553 5115 vero
1580 5062 1713 5115 dixit

160 5170 263 5208 esse
292 5159 627 5219 moriturum,
652 5165 704 5209 et
734 5163 975 5208 mortuus
1001 5161 1081 5207 est
1102 5151 1196 5223 (a).
1223 5151 1709 5205 StatuitJeroboam

163 5246 339 5301 vitulas
368 5261 581 5307 aureas,
606 5245 825 5298 alteram
854 5246 906 5297 in
928 5242 1147 5305 Baztbel,
1174 5242 1391 5295 alteram
1416 5241 1466 5294 in
1496 5242 1625 5305 Dan,
1646 5256 1712 5295 ne

162 5336 367 5401 populus
387 5335 707 5390 ascenderet
736 5334 786 5386 in
816 5333 1132 5387 Jerusalem.
1167 5330 1296 5385 Cum
1326 5339 1501 5384 autem
1528 5332 1713 5382 immo-

162 5426 277 5480 laret
306 5427 395 5493 ihi,
427 5442 553 5481 ecce
586 5424 745 5478 homo
773 5424 867 5478 Dei
911 5424 1127 5478 veniens
1158 5422 1436 5490 prophetat
1475 5421 1541 5474 de
1568 5420 1712 5475 Josia

212 5557 279 5618 (α)
304 5566 409 5608 Haec
425 5571 539 5621 quas
568 5556 633 5604 de
660 5555 941 5662 Witudine
967 5554 1045 5623 ﬁlii
1069 5552 1336 5601 Jeroboami
1358 5552 1576 5621 dicuntur
1602 5564 1710 5611 pcr-

212 5626 303 5662 teut
334 5620 390 5662 ad
430 5624 578 5662 mttut
614 5615 675 5662 XI
742 5615 846 5662 libri
871 5624 1000 5662 tertn
1027 5621 1233 5662 Regum.
1260 5620 1311 5660 et
1335 5618 1439 5662 post
1464 5611 1710 5659 vitularum

162 5611 303 5666 tinent
334 5620 390 5666 ad
430 5611 578 5673 caput
614 5611 846 5664 XlVlihri
871 5616 1000 5663 tertii
1027 5621 1233 5673 Regum.
1260 5620 1311 5660 et
1335 5618 1439 5670 post
1464 5611 1713 5659 vitulorum

162 5634 303 5666 tinent
334 5634 390 5666 au
430 5634 484 5667 ea
509 5634 578 5666 »ιιι
615 5634 710 5664 Λιν
742 5634 846 5662 Ilttrl
871 5634 1000 5663 tet'ut
1027 5634 1233 5673 Μίδων,
1260 5634 1311 5660 ct
1335 5634 1439 5670 ιιυδι
1464 5634 1713 5659 vttumrum

160 5690 394 5727 aureorum
425 5634 614 5728 coitum
653 5676 888 5725 habentur
925 5677 971 5722 iit
1003 5674 1219 5730 Hebraeo,
1245 5676 1292 5721 in
1315 5673 1547 5732 Vulgatis,
1570 5680 1713 5732 atque

161 5738 202 5784 in
224 5738 464 5803 Itexaplari
484 5739 720 5789 mitione.
739 5736 826 5785 50d
844 5738 892 5784 in
910 5737 1013 5785 aliis
1032 5737 1207 5784 armis
1223 5736 1511 5781 Editionihus
1527 5735 1713 5782 iuvet-sa

158 5804 279 5851 sunt,

3284 479 3395 532 350

1828 576 1970 630 rege.
2002 569 2066 617 Et
2106 566 2316 619 exaruit
2339 567 2476 635 regis
2521 580 2727 627 manus,
2751 575 2803 619 et
2833 575 2982 635 rupta
3011 578 3093 623 est
3112 582 3224 622 ara.
3253 567 3387 620 Pro-

1823 652 1979 719 pheta
2008 663 2182 707 autcm
2214 654 2374 708 Deum
2399 665 2669 724 precante,
2702 670 2792 708 rex
2819 670 2975 708 sanus
3000 655 3166 709 factus
3192 667 3289 710 est.
3317 658 3383 710 Et

1822 741 2038 809 rogabat
2068 744 2375 811 prophetam
2408 754 2464 797 ut
2512 746 2814 813 epularetur
2837 744 2975 812 apud
3001 758 3078 799 se.
3126 746 3216 800 llle
3257 763 3384 799 vero

1823 835 2053 899 nolebat,
2089 836 2178 889 Dei
2220 845 2539 905 praeceptum
2568 851 2807 899 servans,
2852 837 2989 904 quod
3028 852 3145 889 cum
3199 846 3380 903 postea

1824 935 2188 994 transgressus
2232 937 2415 993 esset,
2448 927 2656 981 occisus
2706 938 2787 981 est
2817 942 2845 981 a
2892 931 3060 981 leone.
3101 928 3381 981 Jeroboaut

1821 1024 1994 1068 autem
2021 1017 2191 1070 adhuc
2235 1017 2481 1070 manebat
2507 1018 2556 1069 itt
2600 1017 2868 1085 impietate
2893 1032 3003 1078 sua,
3056 1026 3109 1070 et
3144 1017 3377 1070 “obeam

1822 1103 1959 1156 idola
1993 1104 2153 1157 coluit
2194 1104 2440 1157 omnibus
2470 1106 2588 1157 vita:
2612 1118 2722 1159 Sua)
2746 1107 2922 1158 annis.
2956 1105 3185 1158 Veniens
3215 1105 3379 1159 Susa-

1819 1194 1919 1246 cim
1949 1195 2146 1260 accepit
2182 1194 2475 1249 thesauros.
2507 1195 2631 1249 Post
2665 1197 2800 1248 lttute
2830 1206 3009 1263 regnat
3048 1197 3207 1249 Ahias
3238 1197 3374 1251 lilius

1819 1284 1953 1349 ejus,
1983 1293 2035 1335 et
2065 1295 2181 1352 post
2206 1284 2344 1339 hunc
2368 1286 2469 1337 Asa
2500 1285 2635 1337 filius
2654 1284 2803 1337 Abia.
2837 1285 2959 1337 Post
2981 1285 3257 1338 Jerohoam
3288 1302 3374 1339 re-

1818 1382 1943 1439 gnat
1975 1374 2111 1425 ﬁlius
2132 1374 2246 1440 ejus
2275 1375 2425 1427 Adab
2455 1374 2527 1443 (α)
2555 1391 2569 1426 :
2594 1389 2748 1442 quem
2779 1390 2896 1427 cum
2921 1375 3201 1429 occidisset
3221 1376 3376 1441 Basu,

1819 1462 2055 1528 regnavit
2080 1473 2132 1515 et
2150 1463 2378 1516 bellabat
2404 1470 2584 1517 contra
2604 1465 2727 1516 Asa.
2755 1463 2845 1516 llic
2874 1464 3068 1516 auxilio
3091 1478 3214 1516 usus
3240 1464 3380 1518 Adcr

1819 1550 1935 1621 Syri
1966 1555 2208 1619 superior
2232 1554 2345 1608 fttit.
2395 1554 2524 1620 Quia
2573 1571 2697 1607 vero
2742 1555 3011 1624 improbus
3052 1568 3165 1609 erat
3208 1558 3374 1621 Busa,

1819 1646 2047 1695 minatur
2076 1644 2171 1712 ipsi
2219 1644 2356 1697 Deus
2388 1646 2520 1698 mala
2553 1646 2803 1713 ingentia.
2838 1647 2928 1698 lllo
2950 1658 3155 1699 mortuo
3186 1663 3375 1715 regna-

1819 1735 1888 1786 vit
1918 1734 2008 1786 Eia
2033 1733 2168 1787 ﬁlius
2198 1733 2329 1801 ejus,
2362 1749 2516 1802 quem
2543 1750 2659 1787 cum
2691 1737 2971 1788 occidisstst
2999 1736 3205 1788 Zambri
3243 1752 3377 1790 unus

1819 1826 2133 1892 principum,
2185 1823 2422 1890 regnavit
2466 1823 2598 1891 ipse,
2650 1832 2704 1877 ct
2729 1823 2919 1876 delevit
2963 1827 3174 1877 domum
3208 1825 3375 1878 Basw.

1818 1914 1886 1967 Ut
1927 1926 2103 1966 autem
2132 1913 2338 1966 Zambri
2365 1927 2571 1981 quoque
2600 1924 2833 1965 mortuus
2863 1922 2963 1977 est,
2994 1928 3111 1966 cum
3146 1914 3377 1982 seipstnu

1816 2005 2152 2067 incendisset,
2177 2013 2359 2073 regnat
2378 2004 2577 2057 Antbri.
2597 2004 2726 2057 Cum
2752 2012 2922 2057 autem
2954 2004 3037 2058 hic
3058 2007 3211 2058 etiam
3230 2022 3376 2059 mor-

1818 2106 1935 2148 tuus
1983 2106 2150 2158 esset,
2184 2106 2368 2164 regnat
2398 2095 2609 2148 Acltaab
2648 2096 2783 2147 lilius
2811 2098 2943 2162 ejus.
2992 2096 3198 2163 Regnat
3254 2096 3376 2149 Josa

1820 2188 1943 2255 pltat
1966 2188 2100 2238 lilius
2132 2190 2268 2239 Asc.
2303 2186 2527 2238 Minatur
2554 2186 2692 2238 Elius
2718 2187 2970 2253 propheta
2996 2186 3243 2239 Acltaaho
3282 2203 3383 2243 Stc—

1817 2279 2026 2329 citatcnt
2046 2318 2059 2337 ,
2083 2292 2198 2345 qm!)
2234 2293 2325 2344 per
2355 2286 2460 2329 tres
2506 2292 2672 2330 annos
2716 2286 2766 2327 et
2798 2290 2888 2329 sex
2917 2292 3124 2329 menses
3150 2276 3384 2331 duravit.

1816 2367 1963 2419 Tunc
1993 2383 2087 2433 per
2117 2380 2303 2418 corvos
2340 2366 2499 2418 alitur
2549 2366 2822 2433 prOplteta.
2868 2366 2960 2417 llic
3013 2376 3132 2417 sunt
3178 2384 3238 2422 ea
3269 2384 3389 2436 qua:

1820 2455 2162 2525 pettinentad
2194 2456 2397 2507 viduam
2422 2453 2861 2521 Sztrephthanam,
2886 2470 3000 2522 qua:
3022 2455 3083 2506 ad
3113 2454 3388 2526 lecyt‘ltnm

1818 2547 1942 2611 olei,
1967 2554 2021 2599 et
2051 2561 2167 2614 quu‘.
2202 2544 2267 2597 ad
2293 2546 2528 2614 ltydriant
2561 2546 2757 2605 farinar,
2787 2544 2848 2595 ad
2880 2554 3099 2595 mortem
3133 2548 3301 2612 pueri,
3324 2558 3377 2598 ct

1817 2639 2284 2691 adsuscitationent
2311 2654 2371 2689 ex
2403 2648 2593 2689 tnorte.
2627 2636 2846 2688 Mittitur
2873 2636 2938 2687 ad
2972 2637 3182 2688 Acltaah
3215 2637 3375 2700 Elias,

1817 2741 1869 2782 cl
1899 2730 2117 2781 hostiam
2147 2728 2320 2791 offert,
2348 2725 2579 2780 demittit
2612 2726 2784 2793 ignem
2814 2724 2878 2776 de
2903 2725 3053 2786 cado,
3098 2735 3151 2777 et
3178 2741 3373 2778 consu-

1818 2818 1911 2870 mit
1940 2818 2101 2869 illam.
2135 2815 2284 2869 Tune
2313 2824 2551 2881 arreptos
2579 2813 2881 2865 sacerdotes
2912 2812 3078 2865 Baulis
3102 2813 3376 2880 jngulavit.

1818 2906 2067 2960 Achaabo
2099 2905 2327 2971 pluviam
2359 2904 2695 2971 przenuntiat.
2722 2900 2785 2953 Et
2820 2917 3112 2955 conscenso
3136 2902 3378 2957 Cartnelo

1821 3003 2058 3063 precatus
2094 3005 2173 3047 est
2206 2994 2345 3047 Elias
2366 3031 2380 3055 ,
2432 3000 2485 3045 et
2535 2991 2849 3045 sacriﬁcium
2881 2990 3033 3044 oil‘ert
3062 3008 3073 3042 :
3108 3007 3228 3045 ecce
3258 2995 3376 3061 pln-

1819 3090 1920 3140 via.
1951 3085 2174 3138 Minatur
2200 3082 2325 3136 Elia:
2353 3090 2574 3134 mortem
2600 3080 2811 3135 Jezabcl
2839 3096 2969 3133 uxor
2992 3082 3244 3134 Acltaahi.
3280 3082 3372 3136 Ille

1817 3189 1990 3231 autent
2017 3176 2156 3229 venit
2190 3177 2238 3228 in
2268 3176 2556 3235 desertum,
2588 3184 2637 3226 et
2666 3188 2784 3226 eum
2816 3173 3157 3227 dormivisset
3179 3176 3377 3227 excita—

1821 3278 2004 3335 tusque
2034 3275 2174 3319 esset
2202 3266 2268 3318 ab
2312 3266 2497 3333 angelo
2556 3263 2646 3316 Dei
2678 3304 2690 3325 ,
2750 3262 2953 3315 invenit
2983 3263 3374 3316 snbcineritiunt

1818 3374 2005 3428 panem
2030 3374 2092 3410 ex
2122 3357 2285 3425 olyra,
2307 3371 2461 3423 quem
2490 3369 2609 3407 cum
2629 3352 2942 3406 comedisset
2965 3353 3239 3406 roboratus
3259 3363 3335 3405 est
3364 3371 3376 3405 :

1818 3464 1937 3502 cunt
1970 3448 2057 3499 illo
2087 3447 2205 3498 cibo
2251 3444 2595 3512 quadraginta
2638 3442 2823 3494 diebus
2852 3442 2993 3493 venit
3039 3443 3089 3493 itt
3144 3441 3352 3495 Citorcb

1819 3539 1963 3591 'l‘unc
1989 3537 2060 3587 ait
2085 3553 2096 3588 :
2129 3536 2364 3597 Domine,
2392 3547 2513 3585 aras
2544 3540 2657 3583 tuas
2682 3530 3027 3583 suﬂ'odernut.
3051 3529 3196 3598 .lngis
3215 3530 3373 3583 bount

1818 3627 2050 3679 dimissis
2093 3624 2341 3676 Elissarus
2371 3621 2605 3689 sequitur
2649 3618 2841 3671 Eliattt.
2875 3618 3005 3671 llinc
3051 3618 3262 3671 historia
3297 3620 3377 3672 vi-

1819 3732 1934 3771 nea:
1972 3714 2227 3769 Nabuthae
2258 3728 2272 3765 :
2309 3722 2361 3764 et
2389 3711 2543 3764 mina-
2575 3718 2754 3762 contra
2786 3707 3080 3762 Jezabclcnt
3107 3715 3159 3761 et
3180 3710 3378 3761 Aehaa.

1818 3809 1941 3863 bum
1992 3822 2006 3861 :
2054 3803 2391 3870 compunctio
2439 3800 2694 3855 Achaabi.
2751 3799 3096 3867 lrruptionetn
3152 3800 3271 3852 fecit
3324 3805 3377 3853 in

1817 3898 2065 3953 lsraelem
2092 3894 2256 3965 Syrus
2308 3892 2451 3947 Ader
2488 3907 2607 3945 cum
2654 3891 2860 3958 triginta
2891 3888 3097 3941 duobus
3124 3891 3334 3955 regibus
3361 3907 3375 3941 :

1817 3989 2032 4043 Achaab
2054 4002 2179 4041 vero
2205 3986 2397 4040 devicit
2434 4000 2544 4039 eos.
2575 3982 2704 4038 Cum
2751 3980 2983 4035 secundo
3014 3981 3378 4035 Adertbelluut

1818 4080 2116 4143 intulisset,
2159 4090 2328 4130 caesus
2379 4073 2767 4140 admodumqne
2814 4071 3114 4140 protligatus
3164 4081 3261 4123 est.
3306 4071 3372 4126 Ut

1817 4180 1992 4223 autem
2017 4184 2074 4222 se
2098 4167 2227 4221 vidit
2252 4168 2302 4219 in
2326 4165 2560 4234 periculo
2599 4163 2815 4224 versari,
2850 4162 3133 4215 miserabili
3166 4162 3379 4216 indutus

1817 4269 1964 4312 veste
2001 4256 2304 4310 Acltaahum
2328 4254 2475 4319 adiit,
2502 4268 2709 4307 servum
2751 4268 2809 4305 se
2835 4266 3046 4314 vocans,
3070 4260 3122 4304 et
3152 4252 3378 4305 salutem

1816 4346 2066 4415 consequi
2099 4355 2397 4414 peroptans.
2426 4343 2515 4396 ille
2542 4356 2667 4394 vero
2696 4356 2817 4394 eum
2862 4342 2911 4393 in
2938 4358 3092 4394 curru
3123 4357 3219 4394 suo
3247 4356 3377 4395 con-

1818 4437 2073 4493 scendere
2098 4434 2274 4503 jussit,
2300 4442 2353 4486 et
2393 4432 2594 4485 honore
2643 4430 2887 4484 all‘ectnm
2921 4430 2969 4482 in
3006 4438 3197 4483 terram
3227 4447 3377 4485 suam

1818 4528 2042 4583 remisit.
2065 4526 2219 4581 Venit
2246 4523 2495 4593 pr0pheta
2546 4536 2723 4590 regem
2766 4535 2925 4589 super
2953 4521 3032 4575 his
3058 4522 3376 4591 oltjurgans,

1819 4631 2108 4685 necemque
2152 4614 2417 4667 minitans.
2464 4610 2738 4665 Consultat
2786 4610 3039 4673 Acltaah,
3090 4626 3154 4663 an
3190 4610 3379 4665 debeat

1823 4709 1971 4779 Syris
2013 4708 2205 4761 bellum
2254 4705 2482 4758 inferre:
2515 4714 2565 4756 et
2611 4718 2674 4755 ex
2706 4702 2925 4755 consilio
2950 4701 3200 4771 Josaphat
3240 4704 3380 4772 regis

1816 4801 1992 4863 Iudae,
2024 4799 2308 4853 accersitur
2347 4796 2589 4849 Miclta'as
2619 4793 2892 4861 propheta,
2916 4794 3002 4861 qtti
3031 4795 3380 4863 interrogatus

1818 4892 2140 4946 calamitates
2189 4887 2463 4955 praedicit,
2492 4886 2535 4937 si
2569 4884 2761 4937 bellum
2812 4883 3087 4937 inferatur.
3133 4884 3378 4939 Irascitur

1819 4983 2031 5038 Acltaab
2053 5000 2063 5035 :
2087 4981 2172 5034 Mi:
2190 4979 2356 5031 haeam
2385 4978 2601 5046 perculit
2625 4976 2872 5029 Sedecias
2899 4978 3376 5045 pseudopmplteta.

1819 5074 1972 5129 Jubet
2011 5070 2223 5124 Achaab
2276 5069 2475 5122 servari
2507 5066 2775 5119 Michatam
2823 5068 3329 5135 pseudoprophetam
3359 5110 3376 5134 ,

1821 5166 1990 5220 donec
2015 5164 2137 5217 belli
2172 5163 2289 5215 ﬁnis
2315 5170 2476 5214 esset.
2501 5160 2695 5212 Exitad
2722 5175 2982 5227 pugnant,
3020 5170 3072 5212 et
3095 5160 3381 5230 Josaphato

1820 5259 1981 5312 dixit:
2004 5256 2261 5309 Mutemus
2292 5252 2522 5305 habitum
2550 5260 2602 5305 et
2621 5252 2933 5304 vestimenta
2960 5267 2973 5312 ;
3004 5252 3255 5319 accipiam
3283 5269 3382 5323 ego

1823 5359 1929 5414 tua,
1959 5356 2011 5400 et
2042 5360 2154 5399 mea
2198 5344 2285 5395 Iihi
2332 5342 2498 5394 trado.
2553 5341 2643 5393 llis
2672 5341 2917 5407 peruetis,
2946 5356 3064 5394 cum
3099 5345 3379 5411 praecepis-

1822 5449 1903 5494 set
1928 5454 2017 5492 rex
2048 5437 2214 5506 Syriae
2238 5433 2487 5487 militibus
2505 5431 2632 5496 suis,
2667 5440 2722 5483 ut
2747 5430 2920 5484 missis
2950 5434 3192 5487 onmibns
3219 5448 3378 5487 ttnum

1883 5596 1953 5655 (τι)
1967 5593 2016 5640 ln
2031 5598 2134 5655 LX};
2150 5591 2473 5655 Interpretum
2492 5586 2699 5655 editione
2719 5586 2916 5655 legitur,
2931 5591 3383 5655 wachettascguippn

1821 5648 2008 5703 nomina
2030 5652 2227 5699 multum
2267 5650 2507 5696 variabant
2542 5650 2588 5695 in
2616 5648 2970 5708 exemplaribus
2998 5653 3181 5697 Cnet-is.
3206 5648 3384 5697 Verum

1820 5729 1995 5764 nomen
2021 5723 2097 5761 est
2118 5712 2270 5760 [κωκυ
2292 5709 2552 5757 secundum
2577 5710 2850 5756 llcltraicant
2888 5718 3134 5760 veritatem
3158 5716 3275 5768 ΣΠ).
3300 5712 3385 5759 Sic

1823 5795 1874 5837 et
1897 5786 2013 5834 infra
2036 5786 2128 5845 Ᾱδιρ
2150 5795 2237 5832 rex
2257 5782 2397 5843 Syriae
2418 5785 2493 5829 est
2511 5777 2740 5827 Benadad.
