4096 6476
757 415 861 470 351

758 524 932 581 regem
953 505 1162 563 lsraelis
1185 505 1233 556 in
1258 500 1397 555 bello
1422 497 1769 559 adorirentur,
1795 492 1862 545 illi
1887 489 2122 543 videntes
2158 483 2303 539 losa-

762 573 887 667 pltat
916 591 1256 664 regemluda,
1284 597 1338 642 et
1364 594 1605 655 putantes
1631 595 1748 636 esse
1773 593 1950 648 regem
1973 574 2132 630 Israel
2162 573 2306 642 (nam

765 661 927 744 vestis
956 661 1094 754 ipsus
1115 677 1362 748 decepit),
1390 671 1840 731 circumsistebant
1873 669 2016 722 illum
2041 706 2054 730 ,
2083 673 2141 718 ut
2165 661 2307 716 occi-

768 751 1092 830 dercntallle
1121 783 1249 823 vero
1273 767 1508 820 clamans
1535 777 1564 815 a
1606 758 1838 830 periculo
1863 755 2129 810 eximitur.
2163 751 2311 804 Alius

767 873 941 916 autem
967 857 1265 928 sagittarius
1287 854 1424 908 feriit
1447 850 1768 911 Achaabum,
1794 853 1848 900 et
1876 843 2090 912 sanguis
2125 853 2310 892 mana-

767 953 874 1013 bat,
906 962 1060 1016 quem
1081 945 1356 999 abluerunt
1385 942 1434 995 in
1452 940 1613 1002 fonte,
1644 946 1698 990 et
1725 933 2028 988 meretrices
2049 945 2107 984 se
2133 929 2314 982 ablue-

771 1047 891 1092 runt
933 1038 982 1090 in
1005 1034 1255 1103 sanguine
1283 1032 1395 1098 ejus
1420 1069 1434 1094 ,
1460 1039 1718 1093 canesque
1745 1023 2007 1076 linxerunt
2029 1033 2170 1072 eum.
2213 1016 2315 1069 Re-

771 1128 948 1198 gnavit
972 1134 1095 1194 post
1137 1121 1436 1178 Aehaabum
1463 1115 1717 1171 Ochozias
1748 1111 1882 1164 ﬁlius
1903 1109 2036 1177 ejus.
2059 1106 2187 1173 Quia
2217 1119 2313 1159 au-

775 1194 878 1270 iem
906 1211 1154 1282 Josapbat
1201 1213 1398 1263 amicus
1448 1205 1561 1272 ejus
1584 1203 1698 1265 fuit,
1729 1212 1910 1268 pmnas
1951 1195 2124 1259 dedit;
2158 1194 2226 1246 ita
2262 1201 2318 1246 ut

773 1320 934 1376 opera
946 1305 1062 1373 ejus
1089 1298 1539 1369 interpellarentur
1564 1289 1662 1362 (a).

1360 1440 1628 1482 REGNORUII
1658 1439 1726 1478 IV.

845 1564 1122 1633 [Egrotans
1146 1559 1397 1614 Ochozias
1421 1556 1559 1610 misit
1578 1554 1870 1608 consultum
1889 1551 2118 1614 Baalem,
2146 1556 2317 1601 utrum

776 1662 1107 1710 surrecturus
1133 1659 1272 1706 esset
1295 1669 1306 1703 :
1338 1658 1388 1704 et
1414 1646 1608 1700 ttuntiis
1629 1659 1908 1699 occurrens
1936 1643 2073 1695 Elias
2095 1639 2321 1708 prophe-

776 1758 849 1811 ta,
875 1745 1029 1814 jussit
1055 1755 1324 1812 regressus
1352 1739 1591 1792 nuntiare
1636 1741 1802 1803 ipsum
1830 1749 1932 1787 non
1961 1741 2319 1785 surrecturum

774 1849 912 1888 csse.
937 1833 1064 1886 Cum
1086 1831 1352 1883 didicisset
1373 1835 1544 1879 autem
1572 1822 1824 1877 Ochozias
1854 1835 1969 1873 esse
2007 1819 2191 1878 Eliam,
2225 1816 2323 1869 mi-

781 1926 849 1976 sit
878 1920 1370 1989 quinquagenarium
1403 1917 1569 1984 primo
1617 1921 1672 1967 et
1697 1911 1960 1973 secundo;
2004 1922 2120 1962 cum
2151 1914 2321 1959 autem

782 2025 1001 2080 uterque
1053 2025 1170 2063 cum
1233 2006 1602 2076 quinquaginta
1654 2005 1761 2055 suis
1823 2002 1940 2069 igne
1985 2004 2324 2064 consumptus

786 2104 986 2162 fuisset,
1017 2115 1133 2154 cum
1164 2098 1315 2152 tertio
1339 2095 1546 2163 jubetur
1577 2093 1715 2145 Elias
1767 2088 2110 2149 descendere,
2145 2093 2198 2138 et
2235 2100 2321 2138 re-

782 2206 900 2260 gem
932 2189 1111 2242 adiens
1139 2187 1269 2239 dixit
1318 2185 1464 2237 illum
1523 2196 1639 2236 esse
1666 2178 1996 2233 moriturum.
2028 2176 2152 2229 Post
2187 2173 2325 2225 hunc

787 2291 967 2349 regnat
991 2279 1150 2332 frater
1179 2276 1290 2346 ejus
1327 2274 1505 2329 Joram
1540 2291 1553 2326 :
1584 2287 1684 2324 non
1731 2270 1870 2323 euitn
1909 2275 2023 2320 erat
2067 2265 2138 2318 illi
2168 2263 2323 2316 ﬁlius.

797 2370 930 2424 lliue
957 2366 1241 2434 assumptio
1269 2365 1390 2418 Elia:
1420 2363 1470 2414 in
1494 2361 1699 2417 caelum.
1725 2359 1969 2411 Videntes
1991 2355 2076 2408 lilii
2101 2354 2326 2422 prophe-

788 2471 954 2513 tarum
977 2456 1243 2510 Elisszeum
1267 2453 1405 2507 sicco
1432 2450 1562 2520 pede
1587 2448 1868 2502 Jordanem
1902 2451 2322 2513 praetereuntem,

787 2549 1031 2602 dixerunt
1066 2543 1324 2613 quievisse
1373 2540 1610 2607 spiritum
1643 2537 1769 2589 Elite
1797 2549 1955 2602 super
1980 2533 2147 2602 ipsum
2177 2571 2190 2593 ,
2239 2544 2327 2583 ro-

789 2645 1014 2705 gantque
1045 2632 1179 2686 mitti
1207 2631 1295 2700 qui
1327 2630 1490 2684 Ellam
1523 2628 1919 2695 perquirerent:
1951 2623 2037 2676 ille
2086 2620 2330 2691 prohibe-

794 2725 900 2787 bat,
928 2723 1240 2789 demumque
1289 2718 1503 2772 annuit:
1536 2715 1629 2770 sed
1673 2716 1758 2783 qui
1791 2713 1931 2766 missi
1979 2713 2182 2766 fuerant
2227 2723 2330 2763 non

791 2814 1120 2867 invenerunt.
1158 2812 1334 2877 Aquas
1363 2808 1412 2860 in
1442 2804 1650 2859 Jericho
1674 2817 1826 2856 sanas
1849 2800 2017 2855 reddit
2049 2800 2329 2862 Elissmus;

792 2916 911 2955 cum
937 2899 1137 2954 veniret
1164 2898 1212 2949 itt
1237 2894 1433 2948 Baztltel
1462 2933 1477 2957 ,
1509 2892 1754 2962 puerulos
1781 2905 1838 2944 se
1865 2889 2141 2942 irridentes
2170 2885 2332 2940 malc-

794 2991 940 3052 dicit,
960 2989 1136 3056 illique
1156 2987 1220 3039 ab
1242 2986 1376 3038 ursis
1406 2983 1802 3036 interﬁciuntur.
1827 2981 1932 3033 Rex
1956 2979 2103 3031 Moab
2123 2977 2330 3030 solitum

792 3078 1021 3149 pendere
1050 3078 1295 3130 tributum
1349 3074 1547 3127 abnuit.
1577 3073 1775 3124 Bellum
1811 3071 1906 3138 ipsi
1952 3068 2110 3122 infert
2158 3067 2331 3120 Juram

797 3185 888 3224 rex
912 3167 1040 3222 Juda
1062 3176 1327 3233 assumpto
1357 3178 1532 3218 secum
1559 3163 1782 3217 Ochuzia
1809 3176 1928 3229 rege
1957 3159 2136 3222 Israel,
2168 3167 2220 3212 et
2249 3173 2335 3211 re-

798 3274 864 3328 ge
889 3257 1051 3312 Edoni
1083 3257 1180 3328 (ὁ).
1209 3256 1337 3308 Cum
1371 3262 1544 3306 autem
1579 3267 1681 3305 non
1732 3252 2021 3304 invenirent
2047 3264 2233 3317 aquam
2283 3250 2334 3302 iu

800 3349 1030 3409 deserto,
1071 3356 1124 3399 et
1152 3345 1216 3397 de
1247 3345 1351 3396 vita
1375 3342 1813 3411 periclitarcntur,
1846 3342 2149 3394 consulente
2165 3338 2336 3392 Ocho—

795 3440 875 3493 zia
903 3438 1116 3491 veniunt
1139 3435 1199 3487 ad
1249 3435 1538 3488 Elissaeum.
1577 3432 1669 3486 llle
1699 3446 1824 3485 vero
1864 3431 2103 3483 irascitur
2140 3437 2322 3483 contra

797 3541 972 3595 regem
1001 3525 1175 3586 lsrael,
1214 3537 1307 3576 nec
1330 3538 1385 3575 se
1414 3522 1555 3574 illum
1587 3521 1849 3588 respicere
1874 3519 2008 3572 velle
2046 3518 2195 3579 dixit,
2238 3519 2334 3570 nisi

798 3614 850 3668 in
873 3614 1088 3683 gratiam
1120 3614 1257 3680 regis
1283 3610 1450 3664 Judze.
1505 3609 1681 3678 Neque
1724 3619 1920 3661 tantum
1957 3623 2203 3676 aquarum
2249 3623 2338 3661 co-

798 3704 936 3772 piam
964 3699 1198 3770 przedicit
1219 3740 1234 3762 ,
1271 3699 1361 3750 sed
1405 3698 1562 3750 etiam
1593 3696 1862 3749 victoriam
1894 3705 2075 3748 contra
2100 3694 2338 3746 Moabiti-

797 3792 935 3853 dem,
971 3790 1019 3842 id
1050 3787 1186 3856 quod
1236 3788 1391 3840 etiam
1420 3784 1632 3839 evenit:
1668 3785 1718 3836 in
1761 3791 2057 3850 tantamque
2086 3780 2339 3836 deductus

799 3889 882 3934 est
909 3879 1255 3932 calamitatem
1304 3890 1396 3930 rex
1440 3874 1821 3937 Moabitarum,
1879 3881 1936 3925 ut
1966 3873 2120 3925 etiam
2174 3872 2336 3924 lilium

803 3978 1056 4023 mactaret
1071 3982 1224 4034 supra
1254 3980 1478 4018 murum.
1518 3965 1611 4018 Hic
1636 3964 1805 4032 agitur
1828 3963 1890 4014 de
1921 3962 2159 4025 muliere,
2189 3961 2338 4028 cujus

799 4062 970 4116 oleum
1014 4057 1488 4125 superabundavit,
1529 4063 1578 4108 et
1607 4053 1671 4108 de
1695 4052 2036 4113 Suuamitide,
2065 4052 2149 4104 cui
2178 4051 2337 4103 ﬁlium

801 4151 993 4202 salvum
1029 4147 1250 4200 reddidit
1308 4145 1572 4206 Elisszeus,
1628 4152 1682 4196 et
1731 4149 1990 4194 mortuum
2044 4141 2332 4194 suscitavit.

800 4238 958 4291 Fame
985 4236 1382 4303 superveniente
1403 4233 1797 4285 amaritudinem
1827 4231 2034 4284 abstulit
2078 4245 2106 4283 a
2134 4230 2335 4295 lehete,

798 4340 851 4382 ct
876 4329 927 4381 in
959 4327 1168 4379 nomine
1207 4325 1294 4377 Dei
1339 4332 1547 4376 centum
1579 4323 1717 4374 viros
1773 4321 2019 4372 enutrivit
2050 4335 2112 4372 ex
2157 4321 2337 4388 viginti

800 4417 1020 4486 panibus
1051 4414 1377 4467 hordeaceis.
1425 4412 1589 4480 Lepra
1621 4410 1836 4464 allectus
1864 4417 1943 4461 est
1979 4408 2205 4461 Neeman
2233 4409 2336 4462 dux

801 4509 937 4577 regis
966 4508 1149 4570 Syrim,
1191 4505 1275 4572 qui
1307 4503 1563 4555 accedens
1599 4501 1664 4553 ad
1693 4514 1866 4568 regem
1896 4499 2049 4550 Israel
2081 4497 2334 4550 medelam

802 4597 1036 4667 petebat;
1072 4596 1155 4646 ille
1183 4609 1306 4646 vero
1331 4593 1514 4645 anxius
1530 4589 1681 4643 scidit
1701 4589 2005 4642 vestimenta
2031 4601 2141 4640 sua.
2166 4586 2336 4655 Ipsum

861 4755 932 4814 (a)
955 4751 1008 4798 In
1228 4756 1336 4796 tam
1357 4755 1472 4814 δίκην.
1494 4758 1534 4796 τὸ
1557 4754 1760 4814 δωπῆνειι
1774 4757 1820 4792 τὰ
1836 4755 1921 4804 im
2076 4747 2212 4790 Forte
2234 4755 2336 4814 me-

799 4803 891 4862 lius
916 4803 1028 4858 'hzec
1066 4810 1210 4856 verba
1248 4803 1550 4867 quadrareut,
1577 4806 1812 4865 praemissa
1854 4803 2076 4867 particula
2114 4805 2334 4867 negandi,

799 4887 858 4923 οἶσι
876 4881 982 4920 ιδωιι
1005 4879 1117 4928 δίκην.
1137 4880 1179 4916 τὸ
1201 4863 1474 4928 staminea
1505 4863 1590 4928 ῑεγέι
1605 4877 1726 4928 «laeso,
1748 4876 1837 4911 non
1857 4863 1985 4910 dedit
2009 4873 2185 4922 pcenas,
2213 4863 2337 4928 quod

796 4944 939 4993 opera
961 4923 1210 4993 ejtts'illud
1228 4923 1558 4993 ⁸ἱιιιρίεᾴξνςξηίξ
1569 4924 1693 4991 quod
1729 4930 2009 4993 conseruaret
2043 4935 2148 4990 cum
2178 4923 2339 4993 verbis

797 4981 890 5038 illis
914 4981 1106 5050 Paralip.
1127 4988 1201 5036 19.
1224 4989 1278 5035 9.:
1301 4981 1350 5050 ﬁt
1373 4985 1552 5034 idcirco
1572 4981 1696 5048 {rain
1717 4983 1906 5050 quidem
1928 4981 2112 5031 Domini
2133 4983 2340 5030 mereba-

796 5053 864 5099 τίς
880 5063 896 5097 ,⁸
918 5051 998 5096 sed
1022 5043 1138 5096 bona
1156 5061 1298 5107 opera
1321 5044 1500 5107 iuvi-ruta
1521 5050 1625 5107 sunt
1646 5043 1691 5089 tu
1716 5049 1776 5107 te.

859 5109 927 5170 (ὑ)
951 5116 1060 5155 Haec
1098 5101 1194 5170 uoti
1228 5106 1457 5168 quadram
1487 5105 1581 5170 nisi
1610 5116 1718 5170 cum
1751 5101 1860 5170 Clod.
1888 5101 2026 5170 €_oisl.
2044 5102 2099 5170 in
2119 5113 2216 5170 quo
2237 5103 2337 5150 evi-

796 5161 968 5218 denter
1004 5168 1226 5215 nieudum
1246 5161 1350 5212 'est.
1381 5172 1484 5211 Nam
1507 5166 1585 5218 qui
1609 5161 1787 5209 bellum
1812 5162 2017 5210 intulere
2041 5161 2339 5210 Moabitarum

795 5231 920 5291 regi,
949 5233 1253 5291 eratit_Joratn
1277 5239 1368 5291 rex
1393 5223 1555 5281 lsrael,
1581 5237 1604 5269 a
1627 5235 1721 5291 quo
1739 5223 1997 5290 defecerat
2013 5236 2098 5269 rex
2129 5225 2340 5270 ttuahita-

798 5283 918 5343 rum,
944 5287 1160 5347 Josaphat
1181 5297 1267 5347 rex
1287 5285 1416 5347 .tuda,
1444 5290 1492 5329 et.
1514 5297 1601 5331 rex
1629 5283 1778 5328 udum.
1807 5283 2034 5347 Fortassis
2051 5285 2190 5330 etiam
2215 5284 2258 5329 id
2277 5298 2337 5331 ex

797 5342 1027 5397 varietate
1053 5342 1408 5402 exemplarium
1433 5349 1586 5389 ortum
1614 5357 1625 5389 :
1652 5354 1757 5388 nam
1781 5349 1953 5400 quanta
1991 5342 2067 5387 illa
2101 5351 2246 5397 esset,
2272 5346 2338 5389 νί-

794 5411 926 5458 desis
951 5410 996 5456 in
1021 5403 1317 5464 tlexaplisad
1345 5409 1483 5461 caput
1508 5402 1607 5464 XlV
1630 5403 1731 5449 libri
1753 5402 1882 5464 tertii
1908 5409 2098 5464 ttegum.
2123 5403 2212 5448 Sed
2238 5416 2338 5449 me-

797 5471 887 5517 lius
909 5469 1128 5516 credatur
1155 5462 1214 5511 'id
1251 5463 1380 5523 lapsu
1415 5463 1637 5520 graphico
1671 5462 1916 5523 accidisse.
1953 5463 2180 5523 Librarius
2213 5475 2340 5508 (llllln

792 5529 1194 5589 quispiamprimo
1205 5520 1432 5589 Joramum
1456 5533 1622 5580 regem
1641 5522 1752 5589 Ju_da
1773 5534 1855 5589 pro
1869 5532 1986 5576 rege
2006 5520 2149 5589 Israel
2171 5533 2338 5578 posue-

793 5580 869 5636 r'u.
896 5580 1072 5634 heinde
1098 5586 1217 5652 alius
1237 5582 1476 5631 Ochoziam
1499 5593 1666 5642 regem
1691 5580 1837 5628 lsrael
1858 5593 1942 5640 pro
1960 5581 2203 5641 tosaphato
2222 5595 2339 5642 rege

789 5648 913 5698 Juda
931 5648 1247 5696 substituent.

823 5651 913 5697 uda
931 5648 1247 5696 snbstituerit.

1511 385 1568 440 S.
1606 380 1874 439 JOANNIS
1905 366 2366 434 CHRYSOSTOMI
2402 367 2714 426 ARCHIEP.
2751 371 3270 431 CONSTANTINOP.

3866 386 3966 440 352

2414 484 2638 537 accersit
2660 484 2929 549 Elissams,
2948 487 3200 558 jubetque
3227 488 3464 558 immergi
3487 490 3540 542 in
3563 487 3844 546 Iordanem
3866 505 3949 546 tte-

2416 575 2571 642 pties.
2602 574 2693 629 Ille
2717 591 2842 630 vero
2871 577 3039 644 primo
3057 579 3266 647 quidem
3292 579 3562 649 neglexit,
3588 594 3684 634 nec
3699 581 3945 635 medelam

2418 661 2538 716 inde
2557 665 2806 732 speravit.
2833 665 3050 719 Demum
3077 667 3242 720 servis
3260 668 3369 721 suis
3387 667 3733 733 hortantibus,
3749 667 3954 722 immer-

2418 751 2554 819 gitur
2580 761 2633 806 et
2657 761 2872 805 curatur
2899 768 2914 805 :
2945 753 3184 822 donaque
3230 754 3484 809 offerebat
3508 755 3743 819 Elissam,
3770 757 3854 825 qui
3874 757 3954 810 illa

2424 844 2643 910 respuit.
2672 843 3051 898 Abscedentem
3101 846 3245 897 illum
3276 845 3581 913 insequutus
3620 845 3755 901 Giesi
3779 860 3956 900 servus

2420 933 2644 994 Elissaei,
2674 933 2823 1001 quasi
2864 934 2930 987 ab
2957 935 3171 988 Elissaro
3199 935 3409 999 missus,
3438 950 3466 988 a
3509 935 3734 991 Neeman
3777 938 3960 1002 accipit

2421 1023 2525 1076 duo
2549 1023 2740 1076 talenta
2766 1033 3032 1091 argentea,
3056 1033 3108 1077 et
3123 1025 3228 1078 duo
3247 1024 3579 1079 vestimenta.
3601 1026 3679 1079 Ad
3697 1026 3957 1079 Elissa‘um

2423 1127 2548 1167 vero
2577 1128 2836 1177 reversus,
2857 1122 3060 1182 gestuin
3085 1115 3349 1169 occultare
3384 1117 3636 1170 tentabat.
3661 1117 3750 1171 ille
3785 1127 3956 1171 autem

2423 1217 2634 1258 servum
2669 1203 2965 1271 redarguit.
2995 1214 3047 1258 et
3075 1206 3126 1258 in
3161 1221 3366 1273 ptenam
3389 1207 3834 1275 immisitlepram.
3867 1206 3958 1262 Ve-

2425 1294 2574 1348 niunt
2603 1293 2689 1345 ﬁlii
2718 1293 3087 1361 prophetarum
3119 1309 3310 1347 caesum
3334 1295 3472 1364 ligna
3491 1295 3956 1350 adaadiﬂcandum:

2426 1393 2483 1438 ut
2516 1400 2644 1438 vero
2669 1385 2865 1439 ferrum
2892 1386 3046 1438 unius
3064 1400 3129 1439 ex
3155 1385 3344 1454 capulo
3365 1384 3583 1449 excidit,
3611 1395 3871 1440 exsectum
3898 1386 3957 1438 li-

2424 1487 2582 1541 gnum
2611 1474 2826 1528 immisit
2856 1474 3122 1539 Elissarus,
3156 1483 3209 1529 et
3234 1475 3426 1528 ferrum
3453 1490 3609 1544 supra
3637 1491 3816 1545 aquam
3836 1475 3953 1529 sub-

2427 1563 2584 1614 latum
2622 1569 2722 1614 est.
2771 1562 2883 1616 Rex
2926 1562 3088 1631 Syriae
3125 1563 3318 1617 bellum
3359 1565 3604 1619 movebat
3647 1566 3698 1618 in
3727 1564 3960 1619 lsraelem

2427 1658 2487 1702 ut
2512 1650 2826 1717 przedixerat
2866 1650 3138 1704 Elissmus.
3178 1651 3255 1704 Re
3281 1660 3544 1720 comperta
3568 1650 3772 1717 ,hostis
3807 1654 3962 1707 mittit

2429 1746 2650 1790 turmam
2678 1738 2899 1791 militum
2929 1740 2980 1792 in
3011 1739 3304 1793 Elissazum.
3331 1741 3494 1795 Deum
3518 1753 3732 1811 rogante
3751 1741 3960 1810 prephe

2429 1835 2477 1880 ta
2498 1867 2512 1891 ,
2544 1827 2780 1882 caecitate
2810 1829 3168 1896 percutiuntur
3193 1830 3226 1882 ii
3255 1831 3341 1898 qui
3383 1841 3658 1895 venerunt,
3697 1842 3748 1885 et
3772 1830 3961 1885 inducit

2428 1932 2520 1974 eos
2546 1919 2596 1973 in
2613 1921 2814 1974 medios
2844 1920 3102 1985 inimicos,
3132 1935 3409 1990 regemque
3433 1922 3574 1990 ipsos
3601 1923 3852 1990 perimere
3875 1935 3961 1974 vo-

2430 2010 2621 2062 lentem
2649 2009 2860 2062 cohibet
2906 2009 3185 2074 Elissaeus,
3234 2010 3324 2063 sed
3351 2010 3500 2076 jubet
3545 2011 3800 2064 alimentis
3834 2009 3960 2063 datis

2430 2098 2645 2151 remitti.
2687 2097 2850 2150 Tanta
2881 2099 3282 2166 superveniente
3336 2099 3510 2164 fame,
3563 2108 3623 2153 ut
3662 2109 3810 2168 caput
3837 2100 3961 2152 asini

2430 2187 2800 2257 quinquaginta
2833 2187 2997 2252 siclls,
3030 2197 3083 2242 et
3110 2197 3291 2257 quarta
3320 2203 3440 2256 pars
3462 2189 3579 2243 cahi
3604 2191 3850 2245 stercoris
3873 2204 3958 2244 co-

2433 2276 2724 2332 lumbarum
2741 2279 2968 2346 quinque
2988 2277 3132 2332 siclis
3152 2278 3484 2345 venderetur,
3497 2279 3700 2333 accedit
3718 2280 3779 2334 ad
3796 2293 3961 2348 regem

2432 2367 2618 2422 mulier
2639 2366 2857 2420 alteram
2890 2368 3162 2422 mulierem
3204 2368 3465 2432 incusans,
3497 2369 3636 2438 quod
3673 2383 3785 2423 cum
3807 2369 3961 2422 ﬁlium

2433 2469 2584 2510 suum
2610 2470 2788 2510 secum
2812 2456 3148 2519 comedisset,
3179 2458 3614 2525 promisissetque
3643 2472 3703 2512 se
3739 2458 3889 2511 etiam
3911 2455 3964 2508 ft-

2434 2546 2560 2600 lium
2590 2560 2742 2600 suum
2769 2547 2817 2600 in
2848 2547 3020 2600 cibum
3049 2547 3382 2615 prtebituram
3404 2560 3541 2610 esse,
3570 2547 3834 2614 promissis
3867 2561 3962 2600 non

2435 2639 2684 2691 stetisset.
2713 2637 2860 2691 Tunc
2910 2635 3064 2690 scidit
3091 2652 3183 2691 rex
3220 2638 3532 2692 vestimenta
3561 2652 3678 2702 sua,
3731 2637 3962 2705 misitque

2435 2729 2603 2782 virum
2649 2729 2737 2798 qui
2778 2740 2935 2798 caput
2981 2728 3185 2782 Elissaei
3237 2737 3553 2796 amputaret.
3585 2728 3823 2782 Pmdicit
3853 2742 3964 2796 pro-

2437 2819 2594 2889 pheta
2624 2821 2672 2874 ei
2701 2821 2787 2888 qui
2824 2835 2881 2873 se
2931 2826 3287 2883 convenerat,
3339 2819 3424 2872 die
3450 2819 3679 2872 crastina
3703 2817 3810 2872 fore
3837 2817 3965 2870 solu-

2439 2910 2638 2963 tionem
2663 2911 2815 2962 famis
2839 2927 2852 2962 :
2881 2923 3003 2962 cum
3031 2919 3204 2962 autem
3250 2909 3337 2961 ille
3375 2923 3479 2961 non
3505 2908 3763 2972 crederet,
3793 2907 3965 2958 vatici-

2439 3007 2594 3053 natur
2613 2999 2660 3052 ei
2689 3007 2932 3051 mortem.
2967 2997 3185 3065 Leprosi
3222 3007 3448 3064 quatuor
3484 2998 3554 3049 ob
3586 2996 3773 3050 famem
3804 2999 3854 3048 in
3883 2995 3967 3048 de-

2439 3087 2792 3154 sperationem
2813 3085 3042 3149 adducti,
3062 3099 3179 3139 sese
3205 3085 3442 3138 hostibus
3459 3085 3655 3138 dedere
3671 3085 3964 3144 decernum,

2441 3188 2493 3234 et
2513 3181 2575 3233 ad
2603 3189 2772 3233 castra
2800 3179 3089 3240 venientes,
3119 3176 3203 3228 illa
3239 3175 3448 3244 quidem
3481 3174 3778 3228 hominibus
3794 3187 3962 3234 vacua,

2443 3271 2663 3325 tentoria
2685 3285 2811 3324 vero
2851 3268 3046 3323 divitiis
3073 3269 3225 3336 plena
3254 3268 3583 3321 invenerunt.
3615 3266 3694 3318 Ae
3719 3279 3839 3319 cum
3860 3263 3962 3316 diri

2442 3369 2676 3437 puissent
2699 3376 2889 3436 quanta
2927 3374 3136 3435 gestare
3169 3370 3429 3434 poterant,
3461 3361 3510 3415 id
3556 3361 3660 3428 regi
3692 3358 3964 3412 nuntiatum

2442 3467 2712 3510 venerunt.
2741 3455 2807 3508 Et
2835 3456 3002 3522 primo
3022 3453 3232 3522 quidem
3256 3466 3346 3505 rex
3367 3451 3542 3503 dolum
3570 3448 3785 3500 subesse
3807 3443 3965 3510 suspiv

2442 3548 2657 3601 cabatur
2699 3546 2919 3598 :missis
2949 3554 3120 3596 autem
3165 3541 3458 3608 equitibus,
3511 3550 3633 3591 cum
3679 3549 3789 3589 rem
3836 3542 3966 3585 certo

2443 3635 2816 3704 comperisset,
2866 3633 3038 3686 emisit
3067 3631 3315 3699 populum
3343 3627 3408 3681 ad
3454 3625 3742 3694 diripienda
3773 3631 3967 3678 casu-az

2442 3725 2769 3793 cessavitque
2800 3725 2981 3776 fames.
3013 3721 3112 3785 Qui
3140 3733 3264 3774 vero
3290 3732 3393 3771 non
3423 3714 3718 3771 crediderat
3746 3713 3966 3768 Elissae.

2442 3833 2472 3872 a
2502 3818 2650 3871 turba
2673 3816 2850 3886 populi
2874 3814 3207 3870 conculcatus
3228 3809 3446 3864 interiit.
3473 3805 3713 3860 Pradicit
3739 3803 3970 3856 Elissaeas

2444 3906 2681 3969 mulieri,
2711 3906 2860 3971 cujus
2887 3902 3050 3955 ﬁlium
3092 3914 3120 3951 a
3154 3906 3324 3952 morte
3367 3895 3746 3956 suscitarent,
3786 3899 3967 3958 septem

2445 4011 2700 4048 annorum
2753 3996 2981 4055 famem,
3038 3991 3375 4055 hortaturque
3419 3985 3559 4038 illam
3606 3991 3662 4035 ut
3699 3996 3728 4034 a
3774 3980 3970 4048 regione

2447 4089 2800 4154 trausmigret.
2849 4086 3128 4150 Postquam
3169 4086 3342 4130 autem
3385 4072 3880 4140 transmigraverat,
3908 4067 3972 4117 la-

2447 4195 2658 4248 mesque
2683 4176 2940 4238 cessavit,
2968 4185 3176 4226 reversa
3202 4176 3281 4221 est
3318 4177 3599 4234 regemque
3631 4159 3815 4213 adiens
3840 4168 3972 4222 roga-

2444 4273 2516 4323 vit
2544 4244 2599 4323 ut
2627 4268 2816 4338 praedia
2845 4280 2935 4319 sua
2966 4263 3063 4317 sibi
3092 4260 3506 4314 restituerentur.
3535 4250 3650 4305 Rex
3670 4249 3835 4318 Syria:
3867 4244 3972 4297 mit-

2445 4363 2506 4415 tit
2549 4360 2612 4412 ad
2660 4360 3206 4421 Elissaeum.rogatum
3254 4363 3319 4400 an
3358 4361 3390 4399 c
3432 4342 3618 4396 morbo
3659 4347 3972 4394 surrecturus

2442 4462 2600 4508 e~set.
2633 4451 2724 4503 Ille
2749 4457 2924 4501 autem
2951 4444 3131 4498 nuntio
3155 4441 3305 4500 dixit.
3334 4452 3435 4494 non
3462 4443 3822 4489 surrecturum
3845 4444 3967 4490 esse.

2442 4542 2644 4611 ipsique
2685 4539 2840 4592 etiam
2884 4533 3123 4603 praedixit
3150 4531 3497 4584 lsraelitarum
3527 4523 3838 4593 perniciem.
3861 4519 3972 4574 Cum

2441 4607 2614 4685 autem
2642 4630 2732 4684 ille
2759 4626 3012 4689 obiisset,
3062 4621 3296 4692 regnavit
3344 4620 3392 4672 in
3430 4617 3546 4684 ejus
3589 4615 3762 4668 locum
3811 4607 3969 4665 Auél.

2442 4723 2647 4776 Mortuo
2689 4719 2813 4770 item
2859 4715 3072 4770 Joramo
3117 4724 3241 4778 rege
3263 4707 3434 4767 Juda.
3479 4704 3552 4758 illi
3595 4701 3832 4757 succedit
3856 4698 3973 4752 ﬁlius

2443 4814 2554 4877 ejus
2602 4807 2878 4863 Ochozias.
2917 4803 3126 4856 Missum
3153 4800 3399 4853 Elissatus
3425 4808 3584 4849 unum
3611 4808 3675 4847 ex
3721 4791 3846 4845 ﬁliis
3871 4802 3973 4859 pro-

2445 4903 2718 4972 phetarum
2740 4940 2754 4962 ,
2787 4898 2931 4965 jubet
2953 4907 3148 4960 ungere
3174 4890 3307 4945 Jehu
3326 4930 3341 4953 ,
3371 4887 3458 4955 qui
3499 4898 3622 4938 cum
3648 4897 3868 4952 regnum
3894 4894 3971 4934 oc-

2442 5001 2703 5062 cupasset,
2733 4989 3000 5044 Joramum
3022 4983 3231 5044 occidit,
3253 4990 3306 5034 et
3330 4978 3536 5049 projicit
3561 4991 3683 5030 eum
3712 4976 3762 5028 in
3787 4976 3971 5028 vineam

2443 5061 2730 5140 Nabuthzn,
2793 5091 2949 5146 quam
3003 5079 3340 5138 usurpaverat
3389 5076 3536 5136 pater
3585 5065 3808 5119 Jorami.
3857 5061 3966 5114 Cum

2443 5170 2720 5224 occidisset
2737 5168 2890 5221 etiam
2909 5162 3208 5223 Ochoziam,
3229 5158 3438 5212 intravit
3457 5157 3508 5209 in
3529 5155 3794 5208 civitatem
3816 5147 3971 5204 Israel.

2444 5261 2651 5318 Jezabel
2690 5268 2868 5312 autem
2909 5263 3092 5307 ornata
3117 5249 3430 5317 respiciebat
3457 5259 3487 5300 e
3511 5244 3658 5298 turri.
3688 5242 3804 5295 Rex
3833 5253 3971 5294 eunu-

2445 5355 2558 5406 chis
2610 5350 2860 5421 praecepit
2902 5354 2958 5397 ut
3001 5340 3141 5396 illam
3184 5338 3590 5412 praecipitarent.
3643 5329 3857 5398 Dejecta
3898 5326 3968 5378 illa

2447 5417 2650 5501 mortua
2700 5450 2801 5495 est.
2846 5436 3048 5491 Occidit
3102 5434 3256 5487 etiam
3302 5429 3434 5484 Jchu
3478 5423 3815 5492 septuaginta
3857 5417 3970 5470 illius

2445 5534 2675 5591 Achaabi
2694 5573 2709 5596 ,
2739 5533 2966 5597 itemque
2997 5526 3183 5579 fratres
3223 5517 3462 5573 Ochozia:
3487 5554 3504 5580 ,
3532 5510 3840 5567 sacerdotes
3861 5519 3971 5597 quo-

2450 5642 2549 5696 que
2581 5624 2768 5681 Baalis.
2801 5633 2853 5677 et
2881 5595 3088 5674 Raalem
3120 5612 3383 5670 contrivit.
3410 5607 3561 5662 Tunc
3583 5603 3741 5660 Διθᾶ
3765 5595 3972 5656 concidit
