4062 6502
174 425 263 481 351

1206 404 1536 462 SYNOPSIS
1571 406 1863 464 SCRIPTU
1873 407 1983 463 [LE
2018 407 2284 464 SACRE.

3235 425 3346 480 352

173 527 306 592 ἐμόν.
333 521 419 584 '0;
440 519 496 572 δὲ
533 519 719 587 γέγονε
740 520 913 579 τοῦτο,
935 517 1026 570 καὶ
1047 516 1096 569 οί
1129 517 1447 585 στρατιῶται
1485 517 1697 587 ἐντολὴν
1803 519 2041 584 διώξαςό
2070 519 2210 580 Γιεζὶ
2239 520 2268 570 6
2310 522 2435 583 παῖς
2481 520 2570 574 τοῦ
2609 520 2926 584 Ἐλισσαίου,
2967 519 3038 581 ῶς
3067 519 3213 588 παρά
3251 520 3346 571 τοῦ

175 607 465 674 είλήφεισαν
499 602 646 670 παρά
671 599 763 652 τοῦ
816 598 1072 667 βασιλέως
1106 598 1198 650 τοῦ
1237 599 1458 660 ἑαυτῶν,
1500 600 1702 660 πάντας

1814 598 2116 651 Ἐλισσαίου
2141 600 2425 668 πεμφθεὶς,
2453 600 2713 668 λαμϐἀνει
2741 600 2890 668 παρὰ
2918 600 3009 651 τοῦ
3030 598 3242 667 Νεεμάν
3266 601 3346 652 δι-

175 687 406 753 ἀφέντες,
446 682 587 749 μόνῳ
611 678 688 748 τῷ
714 678 919 747 βασιλεῖ
936 678 1028 728 τοῦ
1079 677 1288 747 Ἰσραὴλ
1317 679 1599 730 συνάπτειν
1624 680 1703 738 είς
1803 676 2064 732 τάλαντον
2097 680 2377 749 ἀργυρίου,
2404 682 2606 733 καὶδύο
2642 681 2849 742 στολάς.
2895 680 3089 732 Ἐλθὼν
3121 680 3177 732 δέ
3213 680 3348 748 πρὸς

176 767 416 832 πόλεμον,
442 762 635 822 ἰδόντες
660 759 749 811 τὸν
798 757 1057 825 Ἰωσαφὰτ
1077 758 1165 810 τὸν
1201 757 1419 832 βασιλέα
1447 758 1537 808 τοῦ
1577 757 1704 809 Ἰού-

1817 757 2114 812 Ἐλισσαῖον
2131 762 2382 829 ἐπειρᾶτο
2409 761 2686 829 κρύπτειν.
2712 762 2768 813 '0
2785 762 2838 812 6t
2867 760 3136 830 διήλεγξεν
3165 761 3343 822 αὑτὸν,

175 848 248 905 δα,
276 831 364 896 καὶ
389 841 700 909 νομίσαντες
746 839 902 891 αὑτὸν
929 838 1022 888 τοῦ
1063 837 1273 906 Ἰσραὴλ
1305 831 1439 889 εἶναι
1484 837 1562 905 (τὺ
1599 835 1705 904 γάρ
1808 836 1903 890 καὶ
1932 841 2191 910 τιμωρίαν
2224 843 2378 896 ἔλαϐε
2429 844 2525 910 τὴν
2577 842 2796 912 λέπραν.
2825 845 3108 912 Ἐρχονται
3155 844 3203 893 οἱ
3245 844 3349 894 υἱοὶ

180 927 347 993 σχῆμα
380 922 572 982 αὐτοὺς
597 919 914 988 ἠπάτησεν),
949 916 1205 969 ἐκύκλουν
1236 915 1417 981 αυτὸν,
1446 917 1650 969 ἀνελεῖν
1677 928 1705 956 ι
1806 918 1916 972 τῶν
1950 921 2236 991 προφητῶν
2296 922 2453 989 κόψαι
2495 922 2623 984 ξύλα
2661 924 2792 992 πρὸς
2827 923 3126 991 οἰκοδομήν.
3156 923 3240 984 '0;
3291 922 3348 974 δὲ

179 1006 428 1064 θέλοντες.
479 1002 534 1053 '0
555 1001 609 1052 δὲ
636 998 955 1068 ἀναϐοήσας,
1002 997 1285 1065 ἀπηλλάγη
1308 996 1401 1048 τοῦ
1443 996 1704 1050 κινδύνου.

180 1086 388 1153 Ἕτερος
417 1081 472 1133 δέ
500 1098 580 1142 τις
611 1080 826 1147 τοξότης
848 1077 1000 1130 ἔϐαλε
1026 1079 1114 1128 τὸν
1153 1076 1368 1144 ’Λχαάϐ,
1401 1077 1492 1128 καὶ
1519 1077 1704 1146 κατέρσ

182 1165 329 1234 ρειτὸ
356 1159 512 1231 αἷμα.
543 1163 715 1230 Ὅπερ
741 1158 1047 1212 ἀπέπλυναν
1085 1159 1141 1209 ἐν
1170 1161 1234 1226 τῇ
1269 1159 1474 1228 κυρήνῃ
1493 1157 1550 1227 (ί.
1571 1159 1705 1229 κρή-

180 1245 278 1315 vn),
307 1245 401 1297 καει
445 1245 498 1295 αί
533 1241 720 1311 πόρναι
775 1239 1054 1292 ἐλούσαντο
1098 1240 1154 1289 ἐν
1192 1238 1268 1306 τῷ
1299 1238 1486 1307 αἵματι
1525 1238 1712 1306 αὑτοῦ,

182 1327 265 1378 καὶ
307 1327 354 1376 οί
403 1322 559 1384 κύνες
612 1321 815 1385 έλειξαν
866 1319 1014 1372 αὐτό.
1048 1317 1386 1370 Ἐϐασίλευσε
1440 1319 1574 1388 μετά
1624 1319 1716 1373 τὸν

194 1404 383 1475 ,Αχαάσ
420 1403 657 1472 solam“
688 1403 716 1441 ι)
740 1404 768 1454 ὁ
790 1402 902 1463 υἱὸς
943 1399 1125 1453 αὑτοῦ.
1167 1400 1252 1461 '0;
1274 1400 1331 1452 δέ
1364 1400 1513 1467 φίλος
1551 1401 1717 1456 αὐτοῦ

183 1486 392 1552 γέγονεν
431 1483 712 1550 Ἰωσαφὰτ,
765 1481 929 1533 ἔδωκε
980 1481 1153 1547 δίκην,
1199 1478 1258 1530 τὸ
1306 1479 1626 1552 διακοπῆναι
1652 1483 1720 1536 τά

186 1568 308 1634 ἔργα
331 1563 516 1618 αὑτοῦ.

725 1641 1049 1696 Βασιλειῶν
1097 1650 1140 1694 σ
1151 1681 1165 1695 .

257 1726 633 1796 ’Ᾱρῤωστήσας
670 1723 911 1793 Ὀχοζίας
955 1722 1192 1791 ἔπεμψεν
1225 1723 1495 1793 ἐρωτῆσαι
1542 1727 1599 1779 ἐν
1645 1725 1720 1796 τῷ

186 1810 340 1870 Βάαλ,
377 1809 820 1877 είάναστήσεται,
843 1805 935 1858 καὶ
964 1806 1272 1873 ἀπαντήσας
1317 1806 1501 1870 Ἠλίας
1533 1810 1561 1860 6
1591 1825 1722 1877 προ-

187 1893 349 1960 φήτης
373 1893 484 1952 τοῖς
502 1888 863 1948 ἀποσταλεῖσι,
881 1887 1158 1938 ἐκέλευσεν
1181 1887 1509 1950 ἀπελθόντας
1531 1891 1718 1952 εἰπεῖν,

185 1973 260 2024 ὅτι
287 1972 386 2024 οὐκ
411 1970 784 2038 ἀναστήσεται.
815 1965 1012 2020 Μαθὼν
1038 1966 1092 2018 δὲ
1125 1967 1388 2037 Ὀχοζίας,
1417 1969 1498 2020 ὅτι
1543 1968 1722 2031 Ἠλίας

188 2054 345 2115 ἐστὶν,
362 2051 570 2120 έπεμψε
592 2051 680 2101 τὸν
718 2047 1177 2118 πεντηκόνταρχον
1203 2048 1413 2118 πρῶτον
1429 2049 1521 2101 καὶ
1542 2048 1722 2101 δεύτε-

193 2150 293 2204 ρονο
319 2133 396 2194 ῶς
415 2133 470 2184 δέ
520 2130 865 2201 ἀνηλώθησαν
897 2129 1000 2180 61:6
1023 2131 1114 2182 τοῦ
1143 2131 1309 2200 πυρὸς
1331 2130 1554 2193 ἕκαστος
1590 2131 1724 2199 μετά

189 2215 287 2266 τῶν
317 2214 670 2282 πεντήκοντα,
714 2209 849 2280 μετά
885 2209 980 2263 τοῦ
1026 2211 1207 2280 τρίτου
1238 2210 1508 2264 κελεύεται
1539 2211 1726 2263 κατελ-

192 2294 293 2345 θεῖν
312 2295 340 2345 ό
382 2293 582 2356 Ἠλίας,
603 2291 696 2344 καὶ
726 2289 892 2343 ἐλθὼν
931 2291 1063 2360 πρὸς
1091 2291 1178 2342 τὸν
1211 2291 1431 2359 βασιλέα
1451 2288 1619 2354 εἶπεν,
1647 2292 1728 2342 ὅτι

193 2377 548 2429 ἀποθανεῖται.
590 2374 741 2427 Μετά
771 2373 954 2425 τοῦτον
987 2372 1251 2442 βασιλεύει
1272 2374 1299 2424 6
1320 2373 1540 2441 ἀδελφὸς
1567 2373 1728 2425 αὑτοῦ

203 2458 418 2526 Ἰωράμ·
447 2455 506 2507 06
535 2454 640 2524 γάρ
670 2450 738 2522 ἦν
764 2453 908 2523 αὐτῷ
938 2453 1066 2515 υίός.
1111 2453 1433 2524 Ἐντεῦθενή
1471 2453 1731 2522 ἀνάληψις

193 2536 278 2588 τοῦ
329 2536 508 2587 Ἠλίου
531 2535 611 2596 είς
639 2534 731 2586 τὸν
751 2533 992 2603 οὐρανόν.
1034 2535 1248 2596 Ἰδόντες
1278 2535 1382 2586 υἱοὶ
1409 2533 1513 2586 τῶν
1526 2551 1733 2604 προφη-

192 2616 294 2668 τῶν
322 2617 415 2668 τὸν
451 2615 744 2666 Ἐλισσαῖον
771 2613 858 2665 διὰ
891 2613 1058 2683 ξηρᾶς
1102 2616 1159 2666 ὲν
1197 2613 1273 2682 τῷ
1321 2615 1554 2686 Ἰορδάνῃ
1595 2614 1726 2682 βαδί-

197 2715 377 2760 σαντα,
413 2691 585 2748 εῐπον·
635 2695 1103 2747 Ἐπαναπέπαυται
1122 2695 1181 2746 τὸ
1197 2695 1407 2764 πνεῦμα
1448 2696 1621 2747 Ἠλίου
1647 2695 1727 2746 ἐπ’

196 2779 370 2842 αύτὺν,
411 2780 505 2830 καὶ
547 2777 784 2840 ἀξιοῦσιν
814 2776 951 2828 ὥστε
977 2777 1277 2845 ἐπιπέμψαι
1305 2779 1384 2838 εἰς
1419 2777 1733 2847 ἐπιζήτησιν

196 2859 285 2910 τοῦ
338 2858 538 2911 Ἦλίου’
569 2859 596 2908 6
623 2857 680 2910 δέ
705 2857 1044 2910 διεκώλυσεν·
1077 2857 1296 2926 ὕστερον
1337 2857 1392 2910 δέ
1433 2858 1735 2928 συνεχώρη-

200 2954 303 2990 σεν·
340 2940 391 2990 οἱ
423 2938 480 2990 δέ
509 2936 830 3000 ἀπελθόντες
857 2938 952 3006 οὐχ
980 2932 1154 3007 εὖρον.
1203 2939 1363 2990 Ἰᾶται
1387 2939 1455 2989 τά
1486 2941 1542 2991 ἐν
1581 2939 1735 3007 Ἰερι-

199 3019 272 3088 χὼ
302 3019 491 3072 ὕδατα·
530 3019 896 3088 ἀπερχόμενος
941 3020 1021 3082 είς
1053 3019 1271 3089 Βαιθὴλ,
1309 3019 1376 3072 τά
1422 3019 1736 3087 διασύροντα

195 3102 353 3153 αὑτὸν
411 3101 594 3152 παιδία
624 3101 941 3170 καταρᾶται,
1005 3101 1097 3153 καὶ
1130 3102 1424 3170 ἀναιρεῖται
1472 3103 1574 3154 61:6
1632 3102 1738 3155 τῶν

199 3184 432 3251 ἄρκτων.
474 3182 532 3232 '0
579 3181 748 3234 Μωάϐ
797 3180 1044 3249 βασιλεὺς
1094 3183 1300 3249 ἀπέστη
1333 3182 1426 3234 τοῦ
1453 3182 1624 3234 τελεῖν
1649 3183 1739 3235 τὸν

199 3263 422 3315 εἰωθότα
443 3262 622 3329 φόρον.
660 3263 1062 3329 Ἐπιστρατεύει
1090 3264 1173 3315 ἐπ’
1192 3263 1348 3317 αὐτὸν
1384 3263 1583 3336 Ἰωρὰμ
1606 3266 1632 3316 6
1655 3263 1742 3332 βα-

202 3343 376 3404 σιλεὺς
415 3341 645 3411 Ἰσραὴλ,
673 3341 985 3410 προσλαϐὼν
1011 3344 1101 3396 καὶ
1124 3344 1213 3395 τὸν
1237 3343 1498 3410 Ἰωσαφὰτ
1526 3344 1741 3412 βασιλέα

219 3423 439 3484 Ἰούδαο,
468 3422 562 3473 καὶ
589 3422 678 3473 τὸν
709 3421 881 3492 Ἐδὼμ
925 3423 1160 3491 βασιλέα.
1178 3423 1264 3484 '0;
1289 3423 1343 3474 6t
1368 3425 1462 3492 οὐχ
1494 3424 1743 3494 εὕρισκον

200 3503 339 3575 ὕδωρ
355 3507 414 3557 tv
427 3505 492 3572 τῇ
513 3504 537 3553 ἐ
547 3502 716 3572 ρήμῳ.
740 3502 848 3554 ἀλλ’
867 3503 1190 3556 ἐκινδύνευον
1205 3502 1351 3574 [555]
1365 3504 1739 3575 διαφθαρῆναι,

202 3584 692 3654 συμϐουλεύσαντος
713 3581 950 3651 Ὀχοζίου
980 3584 1222 3653 ἔρχονται
1247 3586 1380 3653 πρὸς
1424 3587 1738 3639 Ἐλισσαῖον.

212 3666 270 3718 '0
295 3666 350 3718 δέ
373 3663 644 3736 ὀργίζεται
687 3664 819 3732 πρὸς
857 3665 946 3716 τὸν
983 3665 1202 3732 βασιλέα
1243 3667 1473 3736 Ἰσραὴλ,
1505 3669 1597 3719 καὶ
1635 3668 1743 3718 οὐδ’

205 3746 268 3800 ἂν
296 3748 425 3799 ίδεὶν
454 3745 614 3797 αὑτὸν
641 3743 764 3813 ἔφη,
791 3745 838 3796 εί
872 3746 947 3813 μὴ
983 3745 1068 3796 διά
1100 3747 1188 3798 τὸν
1212 3747 1429 3814 βασιλέα
1471 3749 1742 3800 Ἰούδα.ού

208 3829 360 3896 μόνον
385 3828 442 3879 δέ
472 3825 656 3886 ὓδατος
677 3825 928 3891 ἀφθονίαν
949 3827 1198 3893 προεῖπεν
1220 3827 1396 3889 αὐτοῖς
1420 3829 1584 3896 ἥξειν,
1615 3829 1746 3880 ἀλλά

200 3909 294 3960 καὶ
317 3908 419 3976 τὴν
435 3907 692 3975 κράτησιν
713 3904 810 3972 τῆς
833 3905 1184 3968 Μωαϐίτιδος,
1215 3907 1504 3976 ῶσπερκαὶ
1534 3909 1743 3975 γέγονεο

201 3990 294 4043 καὶ
344 3991 427 4051 είς
466 3986 728 4055 τοσαύτην
761 3985 1035 4055 συμφορὰν
1067 3982 1226 4055 ἦλθεν
1262 3987 1289 4037 6
1326 3988 1623 4041 Μωαϐιτῶν
1655 3989 1744 4059 βαι

205 4070 403 4133 σιλεῦς,
439 4068 578 4120 ῶστε
601 4067 689 4118 τὸν
720 4067 830 4118 υίὸν
851 4067 1010 4118 αὑτοῦ
1055 4065 1250 4134 σφάξαι
1278 4066 1480 4120 ἄνωθεν
1518 4069 1621 4121 ἀπὸ
1654 4069 1745 4121 τοῦ

203 4150 435 4219 τείχους.
481 4145 738 4200 Ἐνταῦθα
772 4145 977 4216 ήγυνὴ,
1075 4146 1135 4198 τὸ
1177 4147 1350 4199 ἐλαιον
1381 4148 1745 4216 ἐπερίσσευσε,

207 4231 298 4282 καὶ
325 4232 359 4298 ἡ
400 4229 738 4297 Σουμανῖτις,
855 4227 944 4278 τὸν
971 4226 1084 4276 υἱὸν
1125 4226 1409 4295 ἐχαρίσατο
1439 4227 1746 4296 εὐξάμενος,

207 4312 300 4362 καὶ
337 4308 672 4362 ἀποθανόντα
695 4306 973 4375 ἀνέστησε.
1019 4305 1190 4373 Λιμοῦ
1223 4307 1508 4374 γενομένου
1541 4310 1639 4376 τήν
1691 4326 1749 4361 τε

207 4393 430 4459 πικρίαν
456 4389 639 4457 ἀφεῖλε
664 4388 759 4457 τὴν
772 4390 828 4440 tv
858 4387 934 4456 τῷ
966 4387 1150 4456 λέϐητι
1180 4388 1485 4458 γενομένην,
1513 4390 1605 4443 καὶ
1625 4391 1751 4442 ἐκα-

206 4473 294 4526 τὸν
335 4471 537 4540 ἄνδρας
587 4469 804 4538 ἔθρεψεν
835 4470 890 4520 ἐν
929 4468 1146 4534 ὀνόματι
1185 4468 1316 4520 Θεοῦ
1354 4470 1456 4522 ἀπὸ
1506 4471 1752 4539 κριθίνων

207 4552 383 4622 ἀρτων
408 4552 629 4604 εἴκοσιν.
667 4549 973 4619 Ἐλεπρώθη
1017 4549 1230 4616 Νεεμάν
1265 4551 1292 4600 6
1333 4552 1631 4620 στρατηγὸς
1657 4552 1748 4604 τοῦ

209 4632 472 4699 βασιλέως
493 4632 692 4700 Σύρωνο
718 4631 810 4681 καὶ
837 4629 1002 4682 ἐλθὼν
1035 4629 1171 4697 πρὸς
1197 4629 1284 4681 τὸν
1302 4629 1522 4698 βασιλέα
1539 4631 1751 4701 Ἰσραὴλ

207 4715 384 4784 ἐζήτει
417 4712 728 4781 θεραπείαν·
757 4713 783 4764 6
807 4711 861 4764 δὲ
881 4711 1143 4780 διηπόρει,
1175 4711 1262 4761 καὶ
1278 4711 1519 4780 διέρρηξε
1540 4713 1604 4764 τά
1634 4714 1755 4782 ίμά-

205 4812 292 4846 τια
333 4792 533 4846 αὑτοῦ.
568 4791 987 4860 Μεταπέμπεται
1033 4791 1190 4843 αὐτὸν
1221 4793 1249 4842 6
1301 4791 1614 4853 Ἐλισσαῖος,
1664 4793 1756 4844 καὶ

205 4874 416 4927 κελεύει
449 4871 800 4941 βαπτισθῆναι
827 4873 882 4924 tv
903 4871 980 4941 τῷ
1009 4872 1239 4943 Ἰορδάνῃ
1277 4872 1513 4939 ἕϐδομον.
1544 4874 1599 4924 '0
1616 4873 1670 4923 6t
1697 4874 1755 4924 τὸ

209 4956 306 5024 μιν
333 4950 792 5024 πρῶτονῶκνησε,
816 4952 1137 5021 καῖὴπίστει
1158 4952 1568 5021 θεραπευθῆναι·
1599 4953 1754 5004 ὓστε-

209 5052 296 5105 ρον
333 5036 392 5088 δὲ
430 5033 540 5086 61:6
562 5031 671 5083 τῶν
711 5033 908 5085 παίδων
952 5032 1112 5085 αὑτοῦ
1147 5033 1528 5102 παρακληθεὶς,
1564 5033 1756 5100 βαπτί-

207 5118 355 5180 ζεται
371 5116 475 5167 καὶ
491 5111 862 5181 θεραπεύεται,
888 5116 981 5164 καὶ
1004 5113 1170 5164 ἐδίδου
1191 5113 1338 5181 δῶρα
1362 5113 1438 5181 τῷ
1453 5114 1751 5181 Ἐλισσαίῳ.

217 5196 274 5249 '0
306 5197 364 5248 δέ
394 5196 501 5248 οὐκ
532 5192 736 5261 ἢθελεν.
763 5193 849 5253 '0;
872 5192 926 5244 δέ
951 5193 1183 5260 ἀπῆλθεν
1212 5194 1239 5244 6
1265 5194 1562 5263 ἄνθρωπος,
1590 5211 1756 5246 κατα-

264 5333 291 5363 ⁸
323 5332 476 5383 Cois].
506 5329 722 5376 ἀνελθεῖν.

265 5392 293 5431 δ
316 5394 520 5442 Coislin.
561 5389 726 5442 Ὀζίας.
755 5385 976 5434 ﬂendum
1015 5392 1106 5449 est.
1143 5386 1417 5449 Legendum
1454 5387 1682 5447 Ὀχοζίας,
1708 5397 1760 5434 ιιι

207 5452 352 5500 habet
375 5452 624 5511 Lugtiun.,
647 5456 698 5495 et
714 5455 775 5511 _u_L
795 5449 912 5511 infra
940 5447 1131 5511 Iegilqg.

269 5515 290 5541 ⁸
315 5512 398 5559 Sic
423 5505 666 5571 ιὐεᾴυιιη
689 5507 1028 5571 βοίδιίιιενρτυ
1077 5505 1255 5571 Ἰωράμ
1281 5509 1306 5553 ὁ
1330 5506 1547 5571 βασιλεὺς
1592 5505 1758 5571 Ἰούδα,

208 5565 583 5632 προσλαϐὼνῗδὲ
606 5569 703 5632 ,καὶ
724 5567 802 5612 τὸν
843 5565 1068 5632 ,Ὀχοζίαν
1095 5565 1287 5631 βασιλέα
1330 5565 1533 5632 Ἰσραςὴλ,
1568 5567 1644 5609 καὶ
1671 5567 1762 5632 Δτόν

219 5623 394 5690 Ἒδώμ..
447 5625 640 5678 Videtis
662 5638 769 5690 qua:
790 5625 852 5673 ad
895 5623 1316 5685 ihwrprc’mliom'm
1361 5623 1571 5672 Liuian
1603 5629 1758 5672 notata

208 5695 327 5739 sum.
354 5689 490 5740 Εοιτ.

1809 999 2062 1064 ἐξέπεσεν
2082 1002 2196 1064 ἐνὸς
2223 1002 2282 1053 τὺ
2310 1004 2542 1072 σιδήριον
2573 1005 2637 1054 ἐκ
2664 1003 2755 1053 τοῦ
2787 1002 3020 1062 στελεοῦ,
3055 1002 3229 1072 ῥίπτει
3255 1001 3345 1064 ξύ-

1810 1079 1901 1134 λον
1916 1083 2221 1144 ἀποκλάσας
2252 1084 2280 1136 6
2321 1084 2633 1147 Ἐλισσαῖος,
2662 1085 2752 1135 καὶ
2773 1085 3155 1153 ἐμετεωρίζετο
3185 1083 3244 1135 τὸ
3265 1101 3349 1134 σι-

1814 1165 1993 1232 δήριον
2019 1163 2109 1215 ἐπὶ
2136 1164 2226 1215 τοῦ
2257 1162 2462 1226 ὓδατος.
2498 1164 2749 1225 Βασιλεὺς
2770 1165 2960 1232 Συρίας
2988 1163 3235 1232 ἐπολέμει
3259 1163 3351 1214 τὸν

1829 1243 2057 1312 Ἰσραὴλ,
2090 1244 2435 1312 προλέγοντος
2481 1245 2627 1313 αὑτῷ
2672 1246 2763 1296 τοῦ
2800 1245 3112 1296 Ἐλισσαίου.
3152 1243 3352 1295 Μαθὼν

1816 1323 1845 1373 6
1874 1323 2142 1392 πολέμιος,
2195 1325 2398 1392 πέμπει
2432 1326 2740 1394 στράτευμα
2780 1325 2869 1376 ἐπὶ
2906 1325 2995 1375 τὸν
3038 1324 3350 1376 Ἐλισσαῖον.

1819 1404 2122 1473 Εύξαμένου
2150 1406 2207 1458 δέ
2248 1406 2341 1458 τοῦ
2389 1409 2680 1476 προφήτου,
2715 1407 3030 1475 πλήττονται
3055 1406 3280 1476 ἀορασίᾳ
3304 1407 3352 1457 οἱ

1819 1484 2077 1549 ἐλθόντες,
2113 1487 2420 1555 καὶείσάγει
2449 1487 2640 1548 αὐτοὺς
2669 1489 2745 1547 είς
2781 1489 2968 1556 μέσους
2990 1488 3110 1550 τοὺς
3134 1487 3354 1556 ἐχθροὺς

1820 1566 2013 1628 αὐτῶν,
2044 1568 2136 1620 καὶ
2165 1567 2479 1637 βουλόμενον
2506 1569 2595 1620 τὸν
2636 1568 2852 1636 βασιλέα
2892 1570 3097 1621 ἀνελεῖν
3139 1570 3350 1632 αὐτοὺς,

1820 1646 2136 1700 διεκώλυσεν
2185 1651 2213 1700 6
2278 1649 2604 1710 Ἐλισσαῖος·
2659 1651 3002 1711 ἐστιάσαντας
3054 1650 3108 1701 δὲ
3166 1649 3355 1710 αὐτοὺς

1820 1728 2095 1781 ἐκέλευσεν
2145 1730 2430 1799 ἐκπέμψαι.
2466 1730 2635 1798 Λιμοῦ
2683 1730 3068 1791 καταλαϐόντος
3116 1729 3353 1799 ἰσχυροῦ,

1821 1809 1895 1870 ὡς
1922 1808 2154 1876 κεφαλὴν
2178 1810 2296 1861 δνου
2344 1811 2677 1879 πεντήκοντα
2723 1810 2934 1872 σίκλων,
2984 1811 3076 1862 κα)⁸
3107 1811 3356 1879 τέταρτον

1823 1888 1987 1940 κάϐου
2019 1889 2218 1958 κόπρου
2252 1891 2578 1960 περιστερῶν
2601 1892 2756 1943 πέντε
2792 1891 2981 1943 σίκλων
3007 1887 3160 1954 εἶναι,
3189 1907 3358 1957 προσ-

1825 1968 2038 2038 έρχεται
2058 1970 2190 2038 γυνὴ
2213 1971 2288 2038 τῷ
2328 1971 2530 2039 βασιλεῖ
2562 1970 2858 2037 ἐγκαλοῦσα
2895 1972 3052 2039 ἑτέρα
3095 1973 3246 2038 γυνῇ,
3275 1971 3355 2022 ὅτι

1826 2050 1914 2101 τὸν
1936 2050 2046 2101 υἱὸν
2066 2051 2233 2119 αὐτῆς
2250 2052 2628 2119 καταφαγοῦσα
2659 2053 2771 2120 μετ’
2799 2054 2983 2120 αὐτῆς,
3009 2053 3099 2103 καὶ
3129 2052 3215 2102 τὸν
3233 2052 3358 2102 ἴδιον

1827 2130 2160 2200 ὑποσχομένη
2175 2132 2446 2200 παρέξειν,
2461 2133 2743 2201 ὴγνωμόνη
2753 2151 2808 2184 σε
2827 2150 2891 2184 πε
2902 2134 2952 2200 ρὶ
2966 2133 3060 2196 τὴν
3079 2132 3358 2184 ἀντίδοσιν.

1825 2211 1956 2262 Τότε
1975 2212 2215 2282 διέρρηξε
2244 2214 2310 2266 τά
2339 2213 2520 2281 ἱμάτια
2558 2214 2718 2265 αὑτοῦ
2753 2215 2780 2264 6
2810 2212 3075 2281 βασιλεὺς,
3107 2214 3197 2264 καὶ
3220 2213 3361 2279 πέμ-

1828 2308 1919 2342 πει
1935 2294 2025 2344 ἐπὶ
2044 2293 2439 2345 τὸνἘλισσαῐον
2466 2293 2678 2360 ἀφελεῖν
2700 2293 2858 2345 αὐτοῦ
2881 2293 2974 2362 τὴν
2990 2294 3243 2361 κεφαλήν.
3265 2293 3362 2345 Λέ-

1826 2390 1912 2439 γει
1934 2375 2251 2444 όπροφήτης
2279 2375 2355 2443 τῷ
2379 2376 2677 2427 ἐλθόντιέπ’
2707 2375 2885 2435 αὑτὸν,
2911 2377 2990 2427 ὅτι
3020 2374 3362 2442 αῦριονέσται

1827 2453 1921 2504 τοῦ
1954 2453 2107 2523 λιμοῦ
2138 2456 2170 2521 ἡ
2200 2455 2366 2516 λύσις.
2421 2455 2503 2516 '0;
2529 2454 2584 2506 6t
2631 2454 2918 2522 διηπίστει,
2949 2456 3194 2525 προλέγει
3219 2455 3364 2523 αὐτῷ

1832 2533 2071 2588 θάνατον.
2098 2536 2297 2605 Λεπροὶ
2318 2536 2573 2604 τέσσαρες
2601 2535 2949 2606 ἀπειρηκότες
2965 2535 3039 2604 τῷ
3071 2534 3229 2603 λιμῷ,
3247 2535 3365 2602 βου-

1829 2613 2068 2668 λεύονται
2096 2616 2418 2685 παραδοῦναι
2445 2618 2664 2679 ἐαυτοὺς
2700 2620 2807 2679 τοῖς
2840 2618 3129 2686 πολεμίοις,
3163 2618 3255 2668 καὶ
3282 2617 3367 2667 ἐλ-

1833 2695 2010 2757 θόντες
2029 2698 2105 2758 είς
2137 2697 2231 2765 τὴν
2273 2697 2635 2767 παρεμϐολὴν,
2677 2697 2969 2767 ἀνθρώπων
3003 2699 3097 2766 μὲν
3125 2701 3276 2748 κενὸν
3307 2696 3368 2747 τὸ

1830 2775 2026 2845 χωρίον
2057 2771 2229 2845 εὖρον,
2266 2778 2362 2839 τάς
2386 2777 2442 2828 δὲ
2474 2777 2670 2844 σκηνάς
2700 2777 2874 2830 αὐτῶν
2904 2778 3124 2846 πλήρεις
3144 2776 3369 2830 πλούτου

1833 2857 2047 2911 πολλοῦ.
2101 2857 2208 2909 K01
2256 2856 2642 2922 διαρπάσαντες
2687 2857 2826 2928 ἀπερ
2867 2858 3118 2924 ἠδύναντο
3166 2857 3366 2925 φέρειν,

1835 2940 2074 3000 ἐλθόντες
2103 2937 2430 3006 ἀπήγγειλαν
2457 2937 2532 3006 τῷ
2557 2939 2773 3005 βασιλεῖ.
2809 2940 2916 2990 Καὶ
2943 2940 3002 2990 τὸ
3035 2939 3130 3007 μέν
3156 2938 3370 3007 πρῶτον

1834 3019 1980 3071 δόλον
2010 3017 2351 3068 ὑπώπτευσεν
2379 3012 2513 3068 εἶναι
2547 3018 2604 3068 τὸ
2628 3020 2852 3087 πρᾶγμα
2878 3020 2905 3069 6
2936 3018 3176 3086 βασιλεύς
3196 3035 3209 3048 ·
3240 3020 3373 3071 ἀπο-

1838 3098 2048 3158 στείλας
2083 3097 2137 3148 δέ
2174 3099 2351 3158 ἱππεῖς
2377 3099 2467 3148 καὶ
2501 3087 2677 3165 μαθὼν
2713 3097 2771 3149 τὸ
2793 3098 2975 3165 σαφὲς,
3015 3099 3255 3167 ἐπαφῆκε
3279 3099 3370 3150 τὸν

1838 3179 1959 3230 λαὸν
1985 3181 2048 3246 τῇ
2090 3177 2185 3243 τῆς
2224 3177 2564 3246 παρεμϐολῆς
2598 3178 2865 3246 διαρπαγῇ
2887 3195 2899 3206 ·
2929 3179 3020 3230 καὶ
3063 3178 3218 3247 ἐλύθη
3248 3181 3276 3231 6
3302 3179 3372 3230 λι-

1843 3259 1958 3328 μός.
1984 3258 2090 3310 Καὶ
2112 3259 2138 3308 ό
2158 3258 2502 3325 διαπιστήσας
2527 3257 2602 3325 τῷ
2640 3257 2916 3327 Ἐλισσαίῳ
2949 3260 3051 3310 61:6
3090 3259 3179 3310 τοῦ
3219 3259 3372 3328 δχλου

1842 3339 2208 3408 συμπατηθεὶς
2230 3339 2481 3392 ἀπέθανε.
2512 3339 2767 3409 Προλέγει
2804 3343 2868 3408 τῇ
2899 3341 3112 3406 γυναικὶ
3138 3341 3166 3392 6
3199 3340 3374 3392 Ἐλισ-

1843 3424 2009 3484 σαῖος,
2036 3419 2180 3490 [556]
2207 3415 2272 3489 ἧς
2302 3420 2623 3486 ἐζωοποίησε
2651 3420 2741 3471 τὸν
2777 3421 2905 3480 υἱὸν,
2936 3422 3160 3489 ἑπταετῆ
3201 3421 3372 3487 λιμὸν,

1842 3502 1934 3554 καὶ
1962 3503 2211 3569 παραινεῖ
2244 3499 2633 3568 μετοικίζεσθαι
2672 3501 2734 3550 ἐκ
2778 3497 2874 3567 τῆς
2919 3499 3096 3567 χώρας
3144 3501 3374 3568 ἐκείνην.

1854 3580 1938 3642 '0;
1965 3581 2017 3632 6t
2043 3580 2337 3648 μετῴκησε,
2369 3581 2460 3631 καὶ
2485 3579 2754 3631 ἐπαύσατο
2781 3581 2807 3630 6
2830 3579 3000 3646 λιμὸς,
3038 3580 3194 3631 πάλιν
3216 3581 3378 3633 ἐπαν-

1843 3660 1986 3729 ῆλθε,
2012 3661 2103 3710 καὶ
2136 3657 2495 3727 προσελθοῦσα
2522 3659 2596 3726 τῷ
2627 3658 2828 3726 βασιλεῖ
2849 3659 2943 3728 τὴν
2964 3658 3068 3710 τῶν
3091 3659 3378 3728 κτημάτων

1843 3742 1958 3810 ᾔτει
1986 3740 2312 3792 δεσποτείαν.
2351 3740 2407 3792 '0
2437 3739 2679 3807 βασιλεὺς
2701 3739 2890 3808 Συρίας
2913 3740 3221 3793 ἀποστέλλει
3247 3739 3380 3809 πρὸς

1843 3823 1932 3874 τὸν
1971 3821 2262 3872 Ἐλισσαῖον
2293 3820 2618 3888 πευσόμενος
2649 3822 2696 3871 εί
2720 3821 2966 3888 φεύξεται
2994 3821 3088 3890 τὴν
3115 3821 3285 3885 νόσον,
3322 3823 3380 3873 ἐν

1845 3896 1878 3974 ᾖ
1910 3901 2201 3967 κατείχετο.
2245 3899 2301 3951 '0
2331 3900 2386 3952 6t
2407 3901 2480 3968 τῷ
2503 3899 2701 3952 ἐλθόντι
2731 3897 2897 3963 εἶπεν,
2920 3903 2998 3953 ὅτι
3031 3903 3089 3953 06
3109 3899 3382 3969 διαφεύξε-

1847 3999 1952 4044 ται,
1978 3982 2068 4033 καὶ
2091 3981 2480 4048 προεφήτευσεν
2503 3981 2645 4049 αύτῴ
2671 3983 2760 4032 καὶ
2788 3981 2881 4050 τὴν
2904 3983 3007 4034 τῶν
3045 3983 3381 4053 Ἰσραηλιτῶν

1847 4062 2136 4115 ἀπώλειαν.
2170 4061 2253 4122 '0;
2282 4060 2335 4111 6t
2365 4061 2627 4112 ἀπέθανεν
2658 4064 2878 4125 ἐκεῖνος,
2909 4063 3244 4115 ἐϐασίλευσεν
3269 4063 3382 4115 ἀντ’

1847 4141 2009 4195 αὑτοῦ
2054 4141 2267 4209 ’Δζαήλ.
2311 4141 2396 4201 '0;
2429 4141 2483 4192 δὲ
2522 4143 2613 4193 καὶ
2647 4143 2842 4211 Ἰωρὰμ
2871 4143 3207 4212 ἐτελεύτησεν
3232 4148 3258 4196 6
3288 4144 3384 4212 βα-

1851 4223 2027 4282 σιλεὺς
2065 4220 2249 4282 Ἰούδα,
2291 4221 2585 4289 διαδέχεται
2627 4223 2786 4274 αὑτὸν
2813 4224 2840 4273 6
2876 4223 2985 4284 υίὸς
3026 4223 3183 4276 αὑτοῦ
3240 4227 3385 4292 Ὀχο⁴

1851 4303 1986 4365 ζίας.
2019 4302 2239 4370 Πέμψας
2269 4303 2297 4354 6
2333 4302 2625 4365 Ἐλισσαῖος
2652 4304 2744 4354 ἕνα
2771 4304 2873 4355 τῶν
2899 4304 3025 4355 υἱῶν
3045 4306 3149 4355 τῶν
3181 4322 3387 4373 προφη-

1848 4385 1974 4447 τῶν,
2021 4384 2266 4434 ἐκέλευσε
2309 4385 2488 4452 χρῖσαι
2541 4383 2659 4445 Ἰοῦ,
2705 4384 2794 4434 καὶ
2840 4383 3154 4451 βασιλεύσας
3206 4389 3233 4436 6
3288 4384 3384 4436 'lr.6

1851 4467 2059 4533 ἀναιρεῖ
2085 4465 2172 4514 τὶν
2215 4464 2428 4531 Ἰωρὰμ,
2473 4465 2563 4513 καὶ
2595 4462 2770 4529 ῥίπτει
2800 4465 2955 4516 αὑτὸν
2988 4467 3065 4525 είς
3100 4465 3188 4516 τὸν
3215 4467 3388 4533 ἀμπε-

1852 4546 1992 4596 λῶνα
2031 4542 2320 4601 Ναϐουθαὶ,
2363 4541 2420 4593 6v
2458 4543 2696 4610 ἥρπασεν
2739 4546 2766 4595 ό
2814 4545 2989 4612 πατὴρ
3025 4545 3118 4597 τοῦ
3169 4546 3384 4615 Ἰωράμ.

1867 4629 1948 4689 '0;
1976 4626 2028 4677 δὲ
2055 4626 2224 4678 ἀνεῖλε
2249 4625 2339 4675 καὶ
2361 4624 2447 4673 τὸν
2462 4623 2722 4690 Ὀχοζίαν,
2747 4625 2985 4693 εἰσῆλθεν
3015 4629 3093 4688 είς
3124 4630 3219 4696 τὴν
3238 4628 3388 4679 πόλιν

1868 4707 2096 4777 Ἰσραήλ.
2128 4706 2188 4756 Ἢ
2210 4704 2263 4754 δέ
2297 4703 2525 4766 Ἰεζάϐελ
2544 4705 2868 4774 κοσμηθεῖσα
2894 4709 3230 4777 παρέκυπτεν
3257 4712 3390 4763 ἀνω-

1857 4788 1964 4839 θεν.
2005 4789 2060 4837 '0
2089 4785 2147 4836 δὲ
2174 4783 2415 4852 βασιλεὺς
2441 4779 2557 4835 εἷπε
2579 4788 2684 4847 τοῖς
2716 4788 2981 4854 εὐνούχοις
3018 4789 3163 4858 ῥῖψαι
3203 4790 3387 4857 αὐτὴν,

1858 4869 1950 4920 καὶ
1977 4867 2188 4936 ριφεῖσα
2209 4864 2492 4918 ἀπέθανεν.
2535 4865 2838 4918 Ἀπέκτεινε
2873 4869 2928 4919 δὲ
2961 4872 2988 4920 6
3021 4869 3116 4920 Ἰοῦ
3149 4870 3238 4920 καὶ
3270 4873 3391 4932 τοὶ-ς

1858 4947 2217 5014 ἐϐδομήκοντα
2269 4945 2412 5006 υἱοὺς
2453 4945 2667 5012 Ἀχαάϐ,
2715 4941 2821 4998 εἷλε
2851 4950 2940 5000 καὶ
2975 4953 3096 5009 τοὺς
3140 4950 3391 5016 ἀδελφο.ς

1872 5027 2130 5095 Ὀχοζίου,
2161 5026 2330 5077 ἀνεῖλε
2354 5025 2407 5076 δὲ
2436 5029 2524 5078 καὶ
2558 5028 2681 5088 τοὺς
2710 5030 2866 5096 ἱερεῖς
2890 5029 2984 5080 τοῦ
3009 5031 3168 5094 Βάαλ,
3193 5034 3283 5084 καὶ
3306 5034 3393 5084 τὸν

1862 5108 2006 5160 Βάαλ
2037 5106 2332 5174 συνέτριψε.
2364 5107 2491 5157 Τότε
2519 5109 2546 5158 6
2585 5107 2778 5176 Ἀζαὴλ
2826 5111 3109 5161 συνέκοπτε
3143 5113 3229 5163 τὸν
3267 5113 3394 5175 Ἰεζ-

1865 5191 2016 5259 ραὴλ.
2061 5186 2435 5248 Ἀποθανόντος
2466 5188 2522 5238 δὲ
2569 5187 2659 5238 τοῦ
2704 5188 2822 5250 Ἰοῦ,
2873 5190 3132 5258 βασιλεύει
3173 5195 3396 5261 Ἰωάχαζ

1865 5271 1976 5331 υἱὸς
2002 5267 2181 5320 αὐτοῦ.
2218 5267 2296 5318 Τὰ
2339 5268 2476 5318 κατά
2510 5268 2599 5319 τὸν
2643 5269 2790 5332 Ἰωάς
2824 5275 2909 5322 τὸν
2942 5273 3157 5340 βασιλέα
3209 5275 3393 5337 Ἰούδα,

1864 5355 1955 5405 καὶ
1987 5351 2073 5402 τὸν
2126 5349 2274 5418 ἱερέα
2313 5349 2503 5412 Ἰωδαέ,
2549 5351 2637 5401 καὶ
2677 5351 2769 5421 τὴν
2825 5354 2862 5404 Γ
2865 5355 3087 5408 οθολίαν.
3126 5357 3395 5423 Παρεδόθη

1863 5435 1973 5493 τοῖς
2019 5431 2225 5499 ἐχθροῖς
2264 5429 2492 5500 Ἰσραὴλ,
2528 5433 2620 5482 καὶ
2657 5433 2811 5485 πάλιν
2852 5437 2879 5485 6
2911 5435 3035 5497 Θεὸς
3074 5436 3398 5504 ᾡκτείρησεν

1864 5513 2073 5572 αὐτούς.
2120 5512 2204 5572 '0;
2260 5511 2316 5562 δὲ
2362 5511 2622 5564 ἀπέθανεν
2690 5514 2930 5582 Ἰωὰχαζ,
2990 5517 3252 5584 βασιλεύει
3308 5516 3397 5568 τοῦ

1878 5593 2088 5663 Ἰσραὴλ
2117 5594 2263 5653 Ἰωας
2283 5594 2310 5643 ό
2335 5593 2444 5653 υἱὸς
2459 5595 2641 5656 αὐτοῦ,
2663 5597 2753 5646 καὶ
2778 5597 2942 5647 ἐλθὼν
2975 5599 3105 5664 πρὸς
3123 5597 3210 5649 τὸν
3234 5599 3402 5650 Ἐλισ-

1871 5680 2013 5730 σαῖον
2039 5675 2264 5727 ἔκλαιεν.
2308 5675 2364 5727 '0
2418 5675 2472 5728 δὲ
2520 5679 2841 5745 προσέταξεν
2882 5679 3045 5747 αύτῷ,
3076 5681 3230 5734 πέντε
3280 5681 3403 5750 βέλη
