4096 6538
232 468 335 523 353

226 566 502 628 Ιεεωῦιοιη
529 604 542 619 .
572 565 776 623 Mortuo
801 563 935 619 Jehu
974 569 1159 631 regnat
1198 559 1424 616 Joachas
1465 558 1602 614 ﬁlius
1641 558 1775 629 ejus.

227 660 449 716 Historia
474 670 659 713 eorum
688 669 805 725 quae
836 660 1075 723 spectant
1092 650 1157 704 ad
1179 649 1393 705 Joasum
1419 663 1595 717 regem
1620 648 1647 701 J
1656 649 1777 709 uda,

226 750 286 805 ad
314 747 643 804 sacerdotem
670 744 835 800 Jodaé
856 784 871 810 ,
900 752 953 797 et
973 741 1038 797 ad
1061 739 1384 796 Gotholiam.
1417 737 1578 792 lsrael
1613 737 1779 790 hosti-

228 840 317 893 bus
348 837 571 892 traditur
594 876 610 901 ,
642 848 960 901 rursumque
996 832 1135 886 Deus
1178 830 1426 883 misertus
1452 836 1533 883 est
1576 843 1781 881 eorum.

233 929 429 983 Mortuo
454 936 631 981 autem
677 926 939 981 Joachazo
964 964 980 987 ,
1018 923 1255 992 regnavit
1292 922 1342 973 in
1372 920 1620 974 lsraelem
1659 918 1785 974 Joas

230 1020 359 1074 lilius
384 1021 534 1086 ejus,
561 1017 650 1087 qui
674 1016 890 1071 veniens
915 1013 981 1067 ad
1011 1012 1283 1066 Elisszeum
1316 1010 1493 1065 ﬁebat.
1522 1009 1615 1063 llle
1644 1024 1786 1077 pra:—

224 1110 361 1177 cepit
387 1108 435 1163 ei
456 1149 470 1172 ,
506 1117 561 1161 ut
604 1106 830 1175 arreptis
857 1104 1089 1173 quinque
1137 1100 1340 1169 sagittis
1379 1098 1702 1168 jacularetur
1731 1098 1780 1151 in

230 1207 435 1252 terram.
463 1195 595 1250 Cum
619 1203 794 1247 autem
826 1192 989 1245 tribus
1017 1188 1229 1243 emissis
1249 1194 1502 1250 cessaret,
1531 1185 1663 1238 dixit
1694 1187 1740 1237 ei
1771 1202 1783 1237 :

228 1289 324 1343 Ter
351 1287 615 1357 percuties
644 1285 850 1355 Syriam
882 1298 896 1337 ε
927 1282 970 1335 si
995 1280 1275 1349 quinquies
1296 1277 1565 1346 jaculatus
1600 1290 1745 1329 esses
1770 1316 1784 1337 ,

230 1393 387 1449 usque
428 1378 494 1431 ad
523 1374 1028 1431 consummationem
1075 1368 1425 1438 percussisses
1466 1381 1603 1419 eam.
1651 1365 1788 1418 Mor-

229 1479 342 1524 tuus
371 1468 617 1523 Elissaeus
660 1464 946 1534 sepelitur,
980 1470 1033 1516 et
1057 1459 1321 1529 projectus
1373 1464 1615 1509 mortuus
1645 1455 1789 1524 quis-

231 1560 362 1627 piam
409 1557 461 1611 in
507 1555 806 1625 sepulcrum
856 1552 990 1619 ejus,
1018 1548 1267 1602 surrexit.
1318 1545 1522 1599 Mortuo
1571 1544 1783 1606 Azaéle,

229 1646 460 1717 regnavit
502 1644 641 1699 lilius
680 1642 823 1698 Ader
863 1642 913 1695 in
941 1639 1056 1708 ejus
1088 1637 1280 1691 locum.
1330 1634 1454 1688 Joas
1506 1641 1587 1687 ter
1624 1632 1789 1702 Syros

230 1736 498 1805 percussit,
533 1744 588 1789 et
618 1742 855 1788 mortuus
879 1739 996 1795 est,
1024 1736 1312 1797 regnatquc
1335 1725 1617 1779 Jeroboam
1650 1723 1789 1777 ﬁlius

230 1828 355 1896 ejus.
388 1826 594 1881 Mortuo
623 1824 745 1878 item
774 1822 931 1877 Joaso
972 1834 1097 1888 rege
1139 1816 1274 1871 Juda
1300 1856 1313 1879 ,
1344 1815 1584 1883 regnavit
1632 1816 1789 1867 Ame-

230 1916 329 1969 sias
359 1915 497 1968 lilius
528 1914 642 1981 ejus
674 1927 688 1964 :
719 1912 806 1980 qui
853 1925 972 1964 cum
1020 1906 1370 1976 percussisset
1416 1903 1583 1958 Edom
1611 1945 1625 1969 ,
1658 1918 1786 1957 con-

228 2017 435 2072 gressus
466 2012 547 2057 est
572 2016 691 2055 cum
722 2000 881 2054 Joaso
908 2012 1031 2065 rege
1054 1995 1287 2049 lsraelis.
1341 1994 1436 2047 Hic
1465 2004 1637 2047 autem
1666 1994 1791 2045 vicit

230 2109 374 2156 cum,
421 2102 475 2147 et
515 2092 787 2161 ingressus
826 2099 907 2144 est
950 2087 1356 2157 Jerosolymam.
1405 2085 1608 2138 Mortuo
1637 2083 1787 2138 Jero-

231 2181 685 2251 boamo,regnavit
734 2182 785 2235 in
838 2180 1086 2234 lsraelem
1139 2176 1420 2230 Zacharias
1466 2175 1601 2229 ﬁlius
1648 2176 1783 2242 ejus.

232 2273 485 2328 Defuncto
507 2273 633 2326 item
664 2272 873 2325 Amesia
902 2285 1025 2338 rege
1052 2267 1183 2322 Juda
1202 2308 1214 2330 ,
1248 2268 1489 2336 regnavit
1536 2268 1750 2320 Azarias
1770 2309 1783 2331 ,

232 2363 314 2431 qui
344 2374 393 2418 et
420 2362 594 2417 Ozias.
626 2361 735 2415 Hoc
774 2368 1026 2429 regnante
1067 2356 1382 2426 prophetare
1420 2357 1580 2424 cmpit
1627 2354 1784 2410 Osee.

231 2451 480 2506 Zacharia
525 2450 889 2509 occiso,Selus
921 2447 999 2517 (α)
1032 2448 1269 2517 regnavit
1299 2447 1347 2498 in
1379 2444 1644 2499 Israelem.
1693 2444 1788 2498 llic

232 2557 354 2598 usus
381 2552 463 2597 est
488 2542 796 2597 commilitio
819 2540 982 2594 Pbuae
1010 2540 1147 2607 regis
1172 2538 1513 2607 Assyriorum
1542 2536 1687 2589 mille
1712 2544 1789 2587 ta-

228 2631 381 2687 lentis
407 2632 503 2701 ipsi
542 2631 698 2685 datis.
727 2629 818 2684 Illo
845 2627 1302 2691 mortno,Manaim
1340 2626 1576 2694 regnavit
1604 2625 1651 2676 in
1675 2625 1788 2691 ejus

232 2720 420 2774 locum.
454 2721 774 2775 PostOziam
820 2718 1057 2788 regnavit
1086 2720 1137 2769 in
1165 2715 1353 2769 Judam
1397 2714 1609 2768 Jotham
1650 2712 1787 2766 ﬁlius

230 2812 359 2880 ejus.
404 2810 519 2877 Quo
549 2819 757 2863 mortuo
786 2809 1026 2878 regnavit
1056 2806 1231 2860 Achaz
1262 2804 1402 2857 ﬁlius
1430 2804 1659 2857 Jotbam.
1692 2803 1788 2858 illo

232 2910 482 2969 regnante
503 2900 692 2953 Raasin
713 2898 876 2969 Syrus
896 2904 949 2950 et
969 2895 1168 2950 Phaces
1188 2894 1323 2947 ﬁlius
1344 2892 1597 2946 Itomelia:
1614 2907 1793 2947 ascen-

231 2991 439 3045 derunt.
489 2989 663 3045 Acha:
690 2998 865 3042 autem
909 2987 1052 3040 misit
1079 2985 1145 3037 ad
1176 2983 1596 3052 Tbeglaphassar
1624 2985 1785 3053 Assy-

234 3084 386 3146 rium,
420 3082 484 3136 ad
514 3081 881 3137 commilitium
914 3094 1162 3134 evocans.
1192 3077 1285 3131 Ille
1313 3086 1489 3129 autem
1534 3077 1752 3130 veniens
1773 3115 1787 3137 ,

231 3172 366 3241 cepit
392 3172 703 3225 Damascum
727 3211 740 3234 ,
770 3179 823 3223 et
854 3169 1048 3221 Raasin
1078 3168 1289 3221 occidit.
1320 3166 1573 3219 Ascendit
1612 3176 1786 3217 autem

231 3271 282 3314 et
310 3261 647 3315 Salmanasar
686 3260 933 3329 Assyrius
964 3257 1028 3310 ad
1076 3255 1210 3311 Osee
1239 3256 1401 3307 ﬁlium
1432 3255 1545 3317 Eia,
1573 3255 1660 3322 qui
1699 3254 1793 3306 fuit

234 3353 299 3407 illi
328 3368 534 3408 servus.
572 3352 637 3407 Ut
669 3352 812 3404 novit
849 3359 1023 3404 autem
1075 3347 1322 3416 Assyrius
1367 3346 1512 3398 illum
1536 3344 1790 3398 defectio-

236 3460 351 3498 nem
379 3444 648 3513 cogitare;
682 3442 895 3495 miserat
916 3440 1108 3509 quippe
1134 3439 1331 3506 legatos
1355 3437 1421 3488 ad
1464 3435 1789 3503 EthiOpem,

233 3537 436 3590 obsedit
463 3550 581 3588 eum
609 3546 662 3589 et
702 3535 864 3585 vinxit
912 3547 1029 3584 eum
1060 3566 1075 3589 ,
1105 3540 1363 3597 captaque
1384 3527 1624 3581 Samaria
1652 3528 1792 3580 aliis-

231 3643 327 3697 que
358 3627 576 3683 urbibus
599 3667 614 3690 ,
639 3626 858 3694 populos
885 3622 1148 3675 transtulit
1194 3622 1241 3672 in
1273 3620 1540 3687 Assyrios.
1572 3618 1663 3669 llic
1705 3632 1793 3668 ac-

233 3719 429 3772 cusatio
459 3718 681 3770 habetur
718 3714 926 3767 lsraelis
950 3720 1004 3765 et
1031 3710 1198 3765 Judae.
1228 3708 1325 3775 Qui
1347 3707 1557 3761 adducti
1585 3706 1793 3759 fuerant

232 3825 291 3863 ex
340 3809 611 3879 Babylone
660 3806 710 3859 in
739 3804 1026 3858 Samariam
1054 3842 1067 3864 ,
1113 3810 1168 3852 ut
1197 3800 1492 3853 habitarent
1536 3798 1640 3862 ibi,
1670 3798 1790 3864 quia

236 3915 333 3953 non
388 3899 645 3953 timebant
706 3896 908 3955 Deum,
957 3892 1406 3945 interﬁciebantur
1451 3903 1479 3940 a
1530 3889 1789 3941 leonibus.

232 3990 378 4042 Tunc
420 3988 646 4042 mittitur
677 3983 926 4037 sacerdos
958 3980 1110 4042 inde,
1143 3982 1230 4047 qui
1276 3979 1429 4031 docet
1468 3977 1585 4029 illos
1628 3978 1791 4044 legem

235 4082 321 4134 Dei
355 4098 367 4133 :
396 4088 451 4135 et
482 4079 556 4133 illi
579 4078 738 4131 Deum
767 4072 1039 4135 timebant,
1070 4070 1309 4137 idolaque
1330 4068 1591 4122 colebant.
1623 4067 1794 4119 Histo-

233 4174 305 4224 ria
340 4168 587 4225 Ezechia:
614 4172 668 4221 et
694 4164 1031 4234 Assyriorum
1065 4200 1078 4223 ,
1108 4175 1223 4228 qua:
1263 4160 1417 4211 etiam
1457 4158 1508 4209 in
1542 4157 1672 4209 Isaia
1703 4156 1795 4209 ha-

234 4259 441 4312 bentur.
489 4254 716 4311 Historia
772 4251 1027 4306 Manassis
1052 4259 1104 4302 et
1144 4247 1424 4315 impietatis
1468 4245 1796 4312 ca-diumque

233 4352 362 4420 ejus.
387 4349 458 4406 Ut
487 4356 665 4401 autem
686 4357 921 4399 mortuus
942 4350 1042 4402 est,
1062 4338 1292 4407 regnavit
1318 4338 1453 4389 lilius
1474 4335 1585 4403 ejus
1604 4336 1789 4387 Amon.

235 4443 344 4509 Quo
376 4450 610 4500 mortuo,
644 4436 878 4505 regnavit
906 4433 1078 4488 Josias
1108 4431 1243 4483 ﬁlius
1270 4429 1382 4495 ejus
1410 4442 1424 4477 :
1450 4427 1514 4480 de
1538 4441 1645 4493 quo
1674 4440 1797 4493 pro-

232 4534 386 4603 pheta
417 4529 667 4602 praadixit
692 4527 1006 4581 Jeroboamo
1044 4537 1197 4577 servo
1227 4518 1522 4574 Salomonis
1542 4558 1556 4583 ,
1587 4518 1797 4585 quando

232 4638 419 4677 manus
448 4621 594 4691 regis
619 4617 761 4672 arida
805 4615 938 4669 facta
980 4622 1079 4667 est.
1116 4612 1209 4665 Hic
1253 4609 1558 4678 expurgavit
1582 4609 1797 4662 Jerusa-

238 4714 357 4777 lem,
391 4714 618 4780 locaque
636 4706 809 4761 omnia
830 4745 843 4767 ,
873 4703 1051 4758 eﬁ‘odit
1081 4704 1191 4755 loca
1221 4700 1577 4767 sepulcrorum
1606 4697 1655 4749 in
1678 4696 1797 4764 qui-

239 4803 331 4857 bus
379 4801 690 4857 sacerdotes
732 4798 1029 4858 idolorum,
1080 4792 1323 4846 contrivit
1372 4789 1530 4842 idola.
1584 4787 1659 4839 De
1711 4787 1799 4839 illo

237 4892 427 4948 dictum
460 4899 579 4955 est,
623 4888 845 4941 similem
867 4886 916 4939 ei
960 4898 1061 4937 non
1104 4882 1263 4933 fuisse
1292 4886 1445 4930 antea
1474 4891 1649 4943 regem
1669 4914 1685 4939 ,
1712 4876 1798 4943 qui

237 4995 527 5037 conversus
580 4978 736 5031 fuerit
771 4975 836 5029 ad
885 4973 1162 5028 Dominum
1207 4970 1257 5021 in
1305 4976 1415 5020 toto
1460 4964 1620 5018 corde
1668 4979 1796 5026 suo,

240 5077 358 5129 etin
388 5084 497 5127 tota
525 5069 703 5124 anima
729 5081 841 5119 sua.
883 5065 995 5118 Hoc
1024 5068 1273 5131 regnante
1304 5055 1617 5125 prophetare
1644 5054 1801 5120 cmpit

239 5164 498 5219 Jeremias
528 5176 543 5211 :
582 5156 839 5225 hujusque
867 5163 1103 5221 tempore
1128 5158 1243 5204 erat
1269 5147 1399 5201 Olda
1448 5145 1798 5213 prophetissa.

242 5256 364 5309 Cum
396 5263 578 5307 autem
608 5246 889 5301 occidisset
916 5259 1035 5296 eum
1064 5243 1269 5295 Pharao
1302 5236 1545 5297 Nechao,
1570 5236 1803 5302 regnavit

243 5348 462 5403 Joacbas
486 5343 633 5398 ﬁiius
658 5339 769 5407 ejus
790 5350 885 5405 pro
907 5350 989 5387 eo.
1015 5334 1217 5387 Pharao
1246 5339 1419 5383 autem
1448 5326 1546 5378 hoc
1574 5324 1801 5390 dejecto,

243 5448 294 5492 et
337 5440 390 5493 in
431 5435 726 5505 [Egyptum
770 5426 1021 5486 abducto,
1073 5422 1159 5475 ubi
1206 5420 1364 5475 etiam
1404 5423 1639 5469 mortuus
1686 5422 1800 5479 est,

302 5574 371 5633 (α)
394 5561 796 5633 Luam-habes:
812 5552 997 5611 καπνίαν
1024 5544 1803 5633 ρτίῖν,κείραιτςὲ-ηΙξιηὲὲηὶξιξίξξξῑ;

302 5574 349 5633 (a
394 5579 455 5619 Lu
527 5574 997 5614 un.nanet,.4zanu,
1026 5574 1127 5613 pro,
1155 5574 1403 5618 ιαιιιιυςα.
1433 5574 1484 5593 ω
1505 5574 1610 5591 ωηο
1634 5574 1802 5612 Herm

247 5574 450 5685 clariims
460 5574 680 5689 ﬁdegitur,
695 5619 894 5689 Sulluirr,
907 5612 1177 5689 protectus
1187 5609 1379 5689 eorum:
1399 5613 1575 5689 autem,

247 5663 929 5740 Q‘fc'éé’é’oi‘l‘éﬁé'éﬁiﬁit'ié
942 5663 1091 5740 Phuaa
1105 5710 1117 5729 ,
1142 5673 1259 5740 sive.
1269 5668 1383 5740 fhul
1396 5702 1408 5725 ς
1432 5663 1806 5740 regi-afﬂigi:

247 5728 1044 5804 {ed-eaﬁn'exemplaribus
1059 5728 1229 5780 Graecis
1248 5728 1475 5776 librorum
1494 5734 1672 5787 Regum
1690 5728 1807 5769 mira

250 5815 505 5863 lectionum
528 5806 755 5857 varietas.

540 5917 811 5975 Paruum.
858 5913 971 5969 (in.
1016 5907 1167 5966 LVI.

1306 445 1626 503 SYNOPSIS
1661 444 2065 502 ΞΟΒΙΡΤυΒίΕ
2104 444 2365 501 δᾹΕιὶᾹί.

3337 472 3446 523 354

1890 560 2163 614 constituit
2192 574 2371 629 regem
2414 558 2571 614 Josiae
2619 559 2782 613 ﬁlium
2826 559 3076 625 Eliacim,
3129 564 3218 632 qui
3245 574 3297 618 et
3328 566 3446 619 Jou-

1888 648 2063 714 chim,
2094 657 2146 702 et
2173 658 2327 703 terrae
2375 650 2625 703 tributum
2675 650 2943 718 imposuit.
2971 652 3207 707 Joachim
3256 656 3450 724 primu;

1891 738 1943 791 in
1973 747 2281 807 potestatem
2309 739 2839 795 Nabuchodonosoris
2869 743 3131 807 redactus,
3165 758 3311 799 extra
3336 764 3451 799 mu’

1890 842 1980 882 ros
2004 828 2242 896 dejectus
2267 838 2367 883 est.
2398 830 2474 883 De
2506 831 2595 883 illo
2626 832 2698 883 ait
2741 831 2996 887 Jcrcmias
3030 852 3042 886 :
3075 834 3187 887 Erit
3228 838 3451 888 mortici-

1892 933 2009 970 num
2035 919 2145 987 ejus
2170 921 2444 990 projectum
2474 920 2526 973 in
2553 930 2727 974 (estiam
2752 922 2883 987 diei,
2915 934 2958 975 et
2985 925 3035 975 in
3064 927 3228 995 frigus
3251 930 3408 979 noctis
3435 945 3453 980 :

1891 1014 1945 1060 et
1972 1017 2095 1061 tunc
2119 1007 2395 1077 Sepultum
2418 1010 2547 1062 asini
2578 1012 2839 1079 sepelietur
2861 1012 2988 1081 (Jer.
3010 1014 3097 1068 56.
3118 1015 3205 1069 50.
3234 1017 3323 1068 2‘2.
3347 1018 3454 1084 19).

1893 1094 2022 1150 Nam
2054 1106 2334 1167 postquam
2378 1098 2665 1153 dissolutus
2711 1110 2765 1154 et
2807 1112 3087 1170 corruptus
3136 1113 3283 1169 erat,
3335 1116 3459 1160 tunc

1894 1187 2129 1255 sepultus
2171 1196 2270 1241 est.
2302 1188 2509 1243 Mortuo
2538 1190 2758 1243 Eliacim
2805 1192 2915 1245 sive
2958 1192 3196 1247 Joachim
3230 1196 3338 1249 ﬁlio
3362 1196 3456 1249 Jo-

1892 1274 2019 1339 siae,
2060 1285 2245 1343 regnat
2287 1276 2525 1331 Joacbim
2568 1278 2705 1331 lilius
2755 1279 2897 1348 ejus,
2932 1296 3093 1349 nepos
3136 1283 3311 1336 Josire.
3360 1284 3457 1339 Ile

1895 1376 2052 1430 porro
2080 1364 2314 1418 Joachim
2337 1406 2350 1431 ,
2382 1366 2538 1419 etiam
2567 1366 2846 1420 Jechonias
2874 1371 3251 1436 appellabatur.
3276 1372 3455 1441 Neque

1894 1454 2027 1506 ultra
2060 1470 2150 1508 rex
2181 1454 2395 1524 Egypti
2427 1455 2590 1509 exivit
2639 1457 2704 1510 de
2733 1467 2869 1511 terra
2901 1473 3014 1512 sua.
3066 1460 3195 1513 Cum
3226 1462 3458 1516 venisset

1892 1552 2067 1597 autem
2112 1544 2603 1600 Nabuchodonosor
2648 1556 2701 1600 et
2746 1546 3013 1601 obsideret
3067 1551 3289 1617 urbem,
3335 1552 3455 1620 quia

1892 1636 2036 1688 venit
2063 1634 2127 1687 ad
2157 1649 2275 1688 eum
2305 1651 2425 1689 cum
2474 1646 2641 1690 matre
2670 1652 2763 1689 sua
2794 1637 3029 1690 Joachim
3064 1640 3150 1707 qui
3179 1649 3231 1692 et
3262 1640 3455 1694 Jecho-

1892 1726 2028 1791 nias,
2052 1725 2267 1779 abduxit
2284 1741 2404 1780 eum
2426 1726 2477 1779 in
2501 1726 2845 1796 Babylonem,
2869 1737 2921 1781 et
2940 1729 3214 1781 constituit
3237 1729 3451 1783 fratrem

1892 1815 2055 1882 patris
2083 1814 2198 1883 ejus
2230 1815 2396 1869 ﬁlium
2426 1815 2582 1870 Josiae
2610 1831 2788 1885 regem
2816 1819 2866 1869 in
2891 1816 3207 1872 Jerusalem.
3242 1819 3336 1872 llic
3362 1837 3458 1873 au-

1895 1915 1997 1959 tem
2027 1915 2142 1959 erat
2166 1905 2505 1970 Mattbanias,
2534 1906 2621 1974 qui
2662 1916 2716 1959 et
2756 1906 3021 1959 Sedecias.
3054 1906 3122 1961 Ut
3150 1918 3324 1960 autem
3370 1910 3456 1963 ille

1892 1996 2265 2064 praevaricatus
2286 2006 2367 2049 est
2386 2006 2566 2050 contra
2596 2012 2770 2064 regem
2794 1996 3095 2066 Babylonis,
3118 1999 3262 2052 venit
3282 2000 3456 2053 Nabu-

1892 2084 2248 2151 chodonosor,
2282 2096 2333 2140 et
2362 2086 2568 2140 obsedit
2596 2086 2889 2140 Jerusalem
2922 2105 2934 2141 :
2964 2103 3063 2157 qua
3095 2098 3245 2157 capta
3292 2101 3343 2142 et
3373 2092 3456 2143 in-

1892 2188 2072 2238 censa,
2090 2174 2363 2229 Sedeciam
2388 2186 2707 2229 exca‘catum
2727 2187 2777 2231 et
2796 2178 3021 2231 vinctum
3043 2177 3255 2232 abduxit
3287 2180 3336 2232 in
3356 2181 3453 2233 Da-

1892 2264 2156 2334 bylonem.
2175 2264 2451 2319 Godoliam
2470 2282 2592 2321 vero
2606 2268 3042 2336 constituitsuper
3062 2283 3154 2322 eos
3177 2269 3263 2338 qui
3282 2271 3450 2324 relicti

1892 2354 2100 2408 fuerant
2128 2355 2179 2408 in
2208 2355 2521 2410 Jerusalem.
2558 2357 2842 2426 Postquam
2873 2368 3045 2412 autem
3079 2359 3222 2413 illum
3262 2362 3455 2416 occidit

1893 2446 2097 2511 lsmael,
2122 2449 2337 2516 profecti
2359 2448 2431 2501 illi
2458 2448 2653 2502 residui
2684 2450 2904 2518 ingressi
2927 2452 3119 2504 suntin
3143 2451 3448 2521 lEgyptum.

1894 2537 2078 2591 Postea
2136 2554 2260 2592 vero
2283 2539 2611 2592 Juachimum
2643 2540 2691 2593 in
2724 2540 2991 2609 Babylone
3015 2544 3177 2596 multo
3202 2543 3448 2612 dignatus

1891 2638 1972 2682 est
2008 2629 2205 2683 honore
2236 2630 2414 2684 Evilad
2444 2631 2686 2685 Marodac
2718 2634 2733 2663 ³
2766 2648 2856 2686 rex
2886 2633 3187 2703 Babylonis.

1963 2722 2203 2791 Regnum
2226 2724 2398 2791 itaque
2422 2724 2692 2787 Saniarize,
2725 2734 2779 2777 ut
2798 2724 2905 2793 jam
2936 2724 3131 2777 dictum
3160 2735 3272 2789 est,
3301 2725 3459 2779 desiit

1894 2812 1944 2865 in
1972 2812 2161 2866 Oscam
2194 2812 2356 2865 ﬁlium
2387 2814 2473 2866 Ela
2508 2855 2520 2877 ,
2573 2814 2661 2882 qui
2694 2814 2960 2867 occiderat
3001 2815 3258 2867 Phaecam
3294 2816 3456 2869 ﬁlium

1894 2902 2165 2957 Romelim.
2197 2904 2544 2975 Jernsolymre
2585 2921 2710 2958 vero
2739 2921 2958 2974 regnum
2987 2905 3142 2959 desiit
3194 2908 3243 2959 in
3297 2907 3459 2961 Sede-

1892 2993 2024 3044 ciam
2060 3012 2071 3045 :
2105 2993 2190 3061 qui
2220 2993 2475 3047 abductus
2518 2995 2565 3046 in
2614 2994 2930 3063 Babylonem
2958 3033 2973 3058 ,
3003 2996 3168 3048 oculis
3193 2996 3411 3048 orbatus
3433 3039 3445 3059 ,

1893 3081 1946 3134 in
1978 3083 2196 3135 vinculis
2226 3082 2318 3135 fuit
2350 3098 2443 3150 per
2464 3098 2629 3136 annos
2656 3084 2834 3149 viginti
2863 3096 3084 3150 septem.
3113 3084 3446 3138 Joaeliimum

1896 3187 2019 3225 vero
2048 3182 2224 3241 postea
2252 3174 2438 3226 extulit
2467 3188 2556 3226 rex
2581 3173 2882 3242 Babylonis,
2916 3173 3057 3225 dedit
3082 3174 3177 3242 ipsi
3201 3180 3453 3231 thronum

1893 3277 2048 3331 supra
2098 3276 2245 3331 reges
2274 3262 2363 3331 qui
2413 3263 2530 3315 istic
2559 3272 2709 3316 erant
2731 3302 2745 3326 ,
2778 3272 2829 3315 et
2877 3262 3184 3315 comedebat
3217 3270 3457 3330 putabat-

1893 3370 1994 3423 quc
2024 3368 2141 3407 cum
2173 3354 2262 3407 illo
2292 3354 2537 3407 omnibus
2581 3353 2766 3407 diebus
2795 3353 2914 3405 vita:
2961 3367 3088 3406 suae.
3137 3354 3249 3407 lluc
3280 3366 3453 3409 autem

1894 3446 2086 3498 desinit
2130 3444 2300 3508 liber,
2348 3458 2469 3497 cum
2513 3444 2716 3497 scilicet
2769 3452 2922 3511 capta
2973 3444 3103 3497 urbe
3149 3445 3374 3512 populus
3404 3448 3451 3498 in

1894 3536 2249 3604 captivitatem
2278 3536 2533 3589 abductus
2559 3542 2660 3588 est.

1963 3626 2079 3680 Jam
2101 3641 2228 3679 vero
2250 3633 2415 3679 restat
2440 3633 2497 3679 ut
2526 3625 2736 3678 nomina
2761 3638 2940 3691 regum
2963 3623 3157 3676 Judzeae
3185 3632 3239 3678 ct
3263 3625 3419 3679 Israel
3441 3668 3453 3685 ,

1896 3733 2011 3787 quc
2039 3718 2365 3786 singulorum
2389 3715 2583 3770 fuerint
2608 3725 2754 3785 gesta
2782 3757 2797 3781 ,
2849 3717 2937 3784 qui
2967 3716 3082 3769 ﬁnis
3109 3757 3121 3779 ,
3148 3726 3277 3784 quot
3303 3718 3454 3772 annis

1896 3808 2236 3877 regnaverint
2262 3822 2324 3861 ex
2358 3808 2503 3861 hisce
2540 3807 2687 3859 libris
2719 3820 3088 3859 recenseamus
3109 3846 3123 3870 ,
3157 3805 3256 3860 hoc
3280 3816 3454 3876 pacto.

1968 3898 2044 3967 (α)
2078 3898 2201 3950 Post
2252 3897 2537 3965 perniciem
2585 3896 2759 3948 Saulis
2805 3895 2893 3963 qui
2937 3905 3247 3964 regnaverat
3287 3897 3442 3948 annis

1897 3987 2262 4057 quadraginta,
2292 3996 2475 4055 regnat
2507 3987 2666 4038 David
2702 3987 2749 4037 in
2776 4000 2983 4038 omnem
3017 3987 3265 4039 Israelem
3291 3996 3342 4039 et
3371 3986 3457 4040 Ju-

1896 4079 2015 4131 dam
2062 4076 2214 4129 annis
2258 4076 2637 4144 quadraginta;
2682 4076 2884 4128 scilicet
2927 4076 2976 4126 in
3009 4074 3253 4127 Chebron
3304 4077 3458 4128 annis

1898 4178 2097 4237 septem
2121 4207 2133 4227 ,
2164 4169 2215 4220 in
2248 4175 2358 4218 toto
2383 4175 2557 4218 autem
2588 4165 2781 4218 lsraele
2818 4173 2869 4217 et
2893 4163 3023 4217 Juda
3051 4164 3204 4216 annis
3251 4164 3457 4232 triginta

1900 4258 2085 4310 tribus.
2126 4256 2193 4310 Et
2240 4256 2362 4310 fecit
2412 4264 2612 4308 rectum
2646 4258 2692 4306 in
2743 4254 2976 4321 perfecto
3005 4252 3185 4306 corde.
3226 4252 3332 4306 Sub
3362 4254 3458 4306 hoc

1898 4359 2049 4404 erant
2078 4348 2345 4417 prophetae
2372 4346 2575 4399 Natban
2604 4354 2655 4399 et
2684 4344 2814 4399 Gad.
2844 4344 3092 4397 Salomon
3126 4344 3262 4396 ﬁlius
3297 4344 3455 4396 David

1898 4442 2136 4509 regnavit
2162 4453 2318 4507 supra
2368 4451 2578 4489 omnem
2631 4435 2881 4501 populum
2928 4442 2980 4485 et
3012 4433 3121 4499 ipse
3149 4434 3298 4484 annis
3328 4448 3459 4499 qua-

1898 4532 2135 4600 draginta
2171 4548 2181 4582 :
2212 4540 2263 4583 et
2290 4529 2412 4582 fecit
2438 4528 2650 4581 malum.
2698 4525 2807 4577 Sub
2839 4524 2939 4576 huc
2968 4526 3127 4577 etiam
3159 4533 3310 4575 erant
3342 4540 3461 4591 pro—

1902 4623 2071 4691 pheta:
2112 4620 2313 4674 Natban
2362 4628 2414 4671 et
2462 4617 2592 4670 Gad.
2626 4615 2858 4667 Robnam
2900 4614 3035 4665 lilius
3064 4613 3173 4679 ejus
3226 4615 3464 4679 regnavit

1900 4713 2050 4765 annis
2072 4712 2463 4778 septemdecim,
2482 4715 2535 4759 et
2556 4706 2676 4759 fecit
2696 4706 2908 4757 malum.
2930 4704 3038 4756 Sub
3059 4703 3158 4755 hoc
3179 4702 3456 4755 discissum

1901 4812 1982 4856 est
2006 4816 2223 4869 regnum
2246 4841 2258 4862 ,
2283 4808 2335 4851 et
2355 4804 2656 4848 manserunt
2702 4809 2821 4846 cum
2849 4807 2912 4845 eo
2942 4793 2992 4844 in
3024 4790 3313 4844 Jerusalem
3340 4791 3457 4842 dttzt!

1905 4895 2088 4955 tribus,
2116 4891 2246 4944 Juda
2290 4896 2340 4941 et
2385 4886 2672 4953 Benjamiu.
2709 4882 2762 4934 In
2802 4882 3035 4936 Samaria
3086 4891 3259 4934 autem
3298 4880 3463 4932 tribus

1902 4988 2103 5041 decem.
2133 4980 2242 5035 Sub
2274 4981 2372 5032 hoc
2401 4984 2549 5030 erant
2586 4974 2853 5042 propheta:
2903 4972 3094 5025 Acbias
3121 4971 3369 5023 Silonites
3408 4979 3461 5022 ct

1904 5075 2072 5131 Addo.
2123 5072 2250 5125 Ahia
2293 5069 2430 5121 ﬁlius
2469 5067 2581 5133 ejus
2634 5065 2871 5132 regnavit
2918 5062 3069 5114 annis
3123 5061 3311 5114 tribus.
3358 5060 3463 5114 Ne-

1904 5185 2003 5239 que
2034 5176 2143 5219 erat
2192 5178 2283 5216 cor
2327 5162 2439 5228 ejus
2477 5168 2531 5213 ut
2572 5156 2762 5218 David,
2792 5154 2880 5206 sed
2929 5152 3211 5205 ambulavit
3262 5152 3313 5203 in
3347 5166 3456 5218 pec-

1909 5269 2023 5314 eatn
2071 5256 2233 5324 patris
2290 5253 2388 5305 sui.
2436 5250 2544 5304 Sub
2588 5249 2688 5301 hoc
2742 5245 2895 5299 etiam
2945 5251 3058 5295 erat
3124 5240 3274 5294 Addo
3338 5255 3457 5307 pro-

1910 5353 2088 5420 pheta.
2114 5349 2215 5400 Asa
2250 5344 2385 5397 ﬁlius
2416 5342 2529 5409 ejus
2574 5338 2724 5391 annis
2753 5334 3091 5404 quadraginta
3121 5341 3310 5391 uno,et
3344 5331 3462 5383 fecit

1908 5450 2142 5497 rectum:
2190 5437 2282 5490 sed
2327 5435 2495 5488 adhuc
2547 5438 2697 5483 erant
2742 5426 2967 5480 excelsa.
3017 5424 3123 5477 Sub
3166 5422 3270 5473 hoc
3306 5424 3465 5472 erant

1973 5596 1989 5625 ι
2011 5592 2139 5640 Vera
2162 5589 2307 5638 lectio
2332 5592 2424 5643 est,
2450 5583 2788 5634 Euilmerodac.
3030 5635 3039 5643 ,
3243 5632 3254 5643 .
3276 5632 3304 5643 ..
3442 5630 3472 5643 ..

1972 5632 2041 5723 (α)
2063 5632 2474 5710 sequuntur
2497 5645 2732 5692 habentur
2768 5644 2814 5687 in
2852 5635 3071 5723 Syn‘opsi,
3097 5645 3205 5695 qua:
3230 5632 3476 5701 Athanasii

2176 5712 2185 5721 .
2327 5708 2365 5723 ρ-
2388 5714 2474 5723 ,.___
2532 5712 2671 5723 ,μημη
2712 5703 2741 5723 ca
2797 5714 2823 5723 .-
2912 5698 2958 5723 ιη
2994 5694 3116 5723 vuln
3146 5705 3201 5723 ου)
3227 5691 3467 5723 ηηωιίινι.

1910 5691 2493 5764 nominEWEircuiuﬁartur,
2532 5691 2675 5751 Τοωο
2712 5703 2770 5758 2,
2797 5714 2843 5760 p.
2872 5691 3128 5745 (ἕὸξγὶᾰεῐ
3146 5705 3203 5741 ea
3227 5704 3335 5754 qua:
3353 5691 3467 5739 dixt-

1912 5788 2016 5825 nius
2041 5776 2086 5820 in
2111 5771 2312 5818 Diatriha
2339 5765 2469 5816 initio
2494 5766 2633 5824 hujus
2655 5770 2933 5823 Synepseos.

3042 5879 3120 5935 ΞΕ.)
