4096 6496
616 404 726 457 355

600 498 813 551 Alarias
839 496 973 551 ﬁlius
997 496 1141 550 Oded
1162 539 1175 563 ,
1216 505 1270 551 ct
1313 498 1501 551 Anami
1525 538 1539 560 ,
1585 497 1874 567 prophetae.
1905 498 2156 566 Josapbat

596 586 735 641 ﬁlius
770 586 883 653 ejus
909 601 1073 641 annos
1102 587 1278 656 viginti
1292 583 1759 654 quinque,etfecit
1790 598 1987 642 rectum
2017 604 2030 651 ;
2064 588 2157 641 sed

594 675 801 730 excelsa
819 675 989 731 adhuc
1024 686 1192 730 erant.
1223 676 1412 731 Postea
1455 692 1579 731 vero
1617 679 1670 730 in
1692 677 2155 745 reprehensionem

600 766 885 836 iniquitatis
932 766 1185 831 incurrit,
1216 768 1339 837 quia
1368 767 1570 821 amicus
1609 775 1725 821 erat
1749 767 1991 821 Ochoziaa
2018 768 2156 835 regis

599 856 758 911 Israel
780 898 794 919 ,
822 865 876 910 et
900 856 950 909 in
980 857 1199 925 negotiis
1224 857 1505 925 plurimum
1535 872 1656 910 cum
1683 856 1774 911 illo
1794 858 2156 911 communica-

600 945 704 999 bat.
748 946 855 1000 Sub
898 945 997 1000 hoc
1026 956 1175 999 erant
1202 945 1471 1015 propheta:
1515 944 1663 999 Elias
1698 984 1714 1009 ,
1764 947 2031 1007 Elissaaus.
2063 944 2156 998 Mi-

598 1036 771 1088 cbaeas
800 1044 853 1089 et
880 1034 1015 1090 Jehu
1047 1036 1183 1088 filius
1210 1036 1396 1089 Anemi
1414 1075 1427 1098 ,
1451 1045 1506 1089 et
1532 1035 1675 1089 Oziel
1698 1034 1835 1088 ﬁlius
1860 1034 2148 1097 Zachariae,

597 1136 652 1180 et
695 1125 909 1180 Eliadad
951 1125 1086 1179 ﬁlius
1102 1124 1249 1179 Adi-.e
1290 1140 1355 1179 ex
1403 1125 1640 1179 Marissa.
1672 1125 1848 1180 Joram
1880 1125 2016 1179 ﬁlius
2043 1124 2156 1193 ejus

595 1219 747 1268 anuis
776 1223 929 1280 octo,
959 1224 1012 1270 et
1036 1214 1158 1269 fecit
1200 1215 1413 1269 malum.
1448 1214 1638 1268 Habuit
1660 1216 1799 1269 enim
1846 1230 2061 1269 uxorem
2092 1213 2154 1265 ﬁ-

599 1304 718 1357 liam
750 1304 981 1358 Achaab.
1010 1305 1118 1359 Sub
1145 1305 1245 1357 hoc
1272 1312 1423 1358 erant
1450 1304 1587 1357 Elias
1616 1313 1668 1356 et
1694 1304 1962 1357 Elissaeus.
1987 1303 2159 1357 Ocho-

597 1394 702 1447 zias
732 1393 866 1448 ﬁlius
894 1394 1008 1462 ejus
1037 1408 1177 1447 anno
1199 1410 1304 1447 uno
1329 1402 1415 1457 ,et
1456 1393 1578 1448 fecit
1605 1395 1818 1447 malum.
1870 1394 1995 1447 Post
2033 1408 2153 1447 eum

597 1492 763 1537 mater
788 1482 902 1552 ejus
928 1482 1169 1538 Gotholia
1212 1498 1379 1537 annos
1407 1494 1627 1552 septem.
1656 1484 1779 1538 Joas
1811 1484 1945 1537 ﬁlius
1975 1484 2152 1538 Ocho-

594 1571 692 1625 ziaa
732 1587 898 1627 annos
950 1574 1309 1643 quadraginta.
1367 1574 1460 1628 Hic
1502 1575 1693 1628 occidit
1736 1574 2038 1627 Zachariam
2064 1583 2157 1639 ,et

595 1661 717 1716 fecit
738 1670 937 1715 rectum
967 1663 1017 1715 in
1050 1672 1160 1716 toto
1187 1662 1347 1717 corde
1375 1678 1472 1716 suo
1493 1704 1507 1728 ,
1541 1662 1712 1717 donec
1740 1664 1905 1717 Jodaé
1934 1664 2010 1717 vir
2032 1679 2153 1731 pru-

594 1752 726 1807 dens
755 1754 984 1819 viveret,
1013 1763 1066 1807 et
1111 1755 1415 1808 institueret
1457 1756 1647 1823 ipsum.
1673 1755 1821 1808 Hunc
1845 1755 2154 1808 occiderunt

598 1845 735 1900 servi
780 1846 942 1909 ipsius
978 1847 1029 1899 in
1064 1845 1224 1899 domo
1270 1845 1519 1900 Maéloth.
1547 1845 1653 1899 Sub
1681 1846 1782 1900 hoc
1826 1845 2153 1914 prephetavit

597 1936 881 1991 Zacharias
904 1936 1039 1990 ﬁlius
1060 1935 1243 1991 Jodaé.
1273 1937 1519 1990 Amesias
1549 1936 1687 1989 ﬁlius
1716 1935 1829 2005 ejus
1857 1937 2011 1989 annis
2052 1950 2153 1989 no-

597 2026 970 2081 vemdccim,et
999 2025 1117 2079 fecit
1141 2036 1338 2080 rectum
1369 2026 1419 2079 in
1449 2026 1737 2095 principio;
1769 2024 1860 2079 sed
1891 2040 1992 2078 non
2020 2026 2155 2079 sicut

602 2115 783 2169 David.
829 2113 1015 2168 Adhuc
1034 2115 1172 2167 enim
1207 2115 1428 2183 populus
1468 2114 1769 2169 immolabat
1796 2116 1846 2168 in
1893 2116 2150 2179 excelsis,

598 2213 651 2259 et
680 2204 824 2258 lucos
852 2219 954 2257 non
978 2204 1211 2257 abstulit.
1234 2203 1347 2258 Sub
1376 2203 1475 2257 hoc
1517 2205 1672 2257 etiam
1703 2204 2153 2273 prophetaverunt

600 2292 887 2362 prophctm,
919 2306 1139 2360 quorum
1172 2292 1381 2345 nomina
1405 2294 1598 2360 scripta
1635 2308 1736 2345 non
1764 2300 1905 2347 sunt.
1938 2293 2150 2345 Postea-

598 2398 752 2452 quam
787 2397 914 2436 vero
940 2397 1054 2445 eos,
1077 2382 1167 2451 qui
1194 2382 1244 2435 in
1274 2383 1393 2437 Seir
1418 2382 1723 2436 habitabant
1743 2423 1757 2443 .
1791 2385 2067 2450 percussit,
2101 2383 2151 2435 in

599 2473 898 2541 superbiam
948 2473 1117 2526 elatus
1179 2482 1296 2535 est,
1346 2472 1485 2526 idola
1537 2472 1881 2526 habitantium
1946 2472 1996 2525 in
2039 2472 2156 2526 Seir

600 2564 782 2627 coluit,
816 2573 867 2618 et
895 2563 947 2617 iu
992 2578 1179 2617 manus
1205 2563 1431 2616 hostium
1455 2562 1702 2625 traditus,
1746 2576 2024 2629 percussus
2053 2572 2152 2616 est.

602 2654 847 2718 Azarias,
875 2653 959 2721 qui
986 2662 1038 2706 et
1055 2652 1209 2707 Ozias
1232 2693 1246 2717 ,
1270 2667 1436 2705 annos
1480 2652 1850 2720 quinquaginta
1888 2652 2023 2705 duos
2047 2693 2062 2717 ,
2103 2662 2155 2706 et

600 2745 751 2800 initio
775 2743 914 2813 quod
938 2752 1136 2797 rectum
1159 2753 1271 2795 erat
1294 2741 1414 2795 fecit
1442 2782 1456 2807 ,
1484 2742 1618 2795 sicut
1649 2752 1794 2809 pater
1814 2742 1929 2809 ejus
1956 2759 1969 2793 :
2000 2753 2157 2795 cazte-

599 2852 715 2890 rum
760 2834 966 2889 excelsa
1016 2848 1117 2886 non
1150 2832 1382 2886 abstulit.
1413 2830 1545 2884 Cum
1586 2846 1836 2899 prospere
1882 2846 1991 2885 rem
2037 2847 2159 2900 age-

600 2936 719 2991 ret,
764 2926 934 2979 elatus
978 2934 1061 2978 est
1107 2924 1323 2985 animo,
1381 2931 1434 2976 et
1502 2923 1663 2976 voluit
1704 2924 1817 2991 ipse
1845 2923 2058 2976 adolere
2105 2925 2155 2976 in

603 3015 839 3085 templo,
891 3012 1031 3082 quod
1079 3013 1205 3067 solis
1251 3011 1612 3065 sacerdotibus
1664 3011 1871 3064 licebat.
1913 3010 2034 3065 ldeo
2080 3012 2157 3065 le—

604 3122 696 3175 pra
751 3117 1030 3174 percussus
1079 3112 1195 3163 est,
1252 3111 1524 3171 postquam
1562 3102 1831 3165 audisset,
1880 3101 1999 3155 Non
2020 3112 2159 3155 tuum

603 3208 673 3250 est
691 3238 706 3261 ,
739 3196 862 3249 (hia
885 3235 899 3256 ,
932 3194 1132 3247 adolere
1161 3192 1376 3246 Domino
1396 3234 1410 3257 ,
1439 3192 1493 3245 id
1517 3194 1648 3261 quod
1675 3193 1794 3247 solis
1828 3191 2161 3245 sacerdotibus

601 3288 715 3339 licet
742 3284 814 3356 (2.
849 3283 1025 3337 Paral.
1058 3283 1147 3335 26.
1182 3282 1290 3350 18).
1310 3280 1418 3335 Sub
1441 3282 1539 3336 hoc
1564 3292 1675 3335 erat
1696 3281 1853 3334 Isaias
1882 3281 2159 3349 propheta.

600 3376 806 3431 .lotham
837 3374 977 3427 ﬁlius
1005 3372 1119 3441 ejus
1163 3386 1328 3425 annos
1375 3369 1607 3425 sedecim
1636 3371 1873 3440 regnavit
1899 3409 1913 3433 ,
1944 3378 1998 3423 et
2039 3370 2162 3423 fecit

606 3476 802 3522 rectum
830 3466 965 3520 sicut
991 3472 1139 3533 pater
1168 3463 1329 3531 ipsius
1359 3480 1371 3516 :
1403 3471 1649 3517 caeterum
1675 3462 1880 3517 excelsa
1906 3477 2012 3515 non
2038 3462 2161 3515 abs-

606 3558 740 3610 tulit.
790 3552 897 3609 Sub
924 3553 1026 3608 hoc
1067 3560 1181 3605 erat
1223 3551 1403 3604 Isaias.
1449 3551 1624 3604 Achaz
1665 3550 1801 3603 ﬁlius
1838 3550 1952 3616 cjus
1996 3562 2163 3601 annos

606 3648 923 3707 sedecim,et
954 3643 1074 3697 fecit
1100 3641 1442 3695 malum.Sub
1464 3641 1563 3693 hoc
1591 3650 1740 3693 erant
1763 3639 1919 3691 lsaias
1941 3646 1992 3691 et
2016 3636 2162 3690 Oded

604 3736 899 3806 prophetae.
941 3732 1164 3787 Ezekias
1214 3733 1352 3785 ﬁlius
1377 3731 1493 3800 ejus
1518 3730 1759 3799 regnavit
1784 3730 1936 3782 anuis
1983 3728 2162 3796 viginti

610 3842 818 3890 novem,
854 3834 907 3879 et
945 3824 1070 3879 fecit
1096 3822 1237 3892 quod
1267 3830 1465 3876 rectum
1497 3832 1609 3874 erat
1638 3822 1770 3873 sicut
1803 3819 1960 3872 David
1988 3818 2162 3887 perfe-

612 3930 717 3974 cte.
746 3916 840 3970 llic
864 3915 1078 3969 abstulit
1106 3923 1404 3981 serpentem
1432 3926 1633 3964 :rneum
1659 3952 1673 3974 ,
1697 3926 1850 3978 quem
1878 3909 2165 3978 suspende-

606 4020 687 4064 rat
712 4009 901 4062 Moses.
944 4007 1053 4061 Sub
1076 4005 1174 4059 hoc
1197 4003 1521 4059 Senacberib
1556 4013 1608 4057 et
1629 4003 1894 4070 Rapsaces
1922 4004 2123 4072 Assyrii
2149 4043 2164 4067 ,

608 4099 746 4169 quod
777 4098 1231 4167 blaSpbemassent
1251 4136 1265 4158 ,
1295 4096 1529 4164 percussi
1559 4101 1711 4158 sunt,
1746 4102 2034 4161 posteaque
2066 4108 2164 4146 una

610 4202 764 4247 nocte
806 4203 1049 4259 egressus
1093 4188 1309 4256 angelus
1356 4195 1565 4240 centum
1620 4187 1883 4253 octoginta
1936 4184 2166 4253 quinque

612 4279 771 4334 millia
801 4277 1071 4330 hominum
1104 4275 1316 4330 occidit.
1362 4275 1643 4327 Moriturus
1670 4274 1923 4328 Ezechias
1948 4274 2013 4327 ad
2040 4288 2168 4343 pro-

610 4368 935 4439 rogationem
961 4366 1080 4419 vitae
1103 4380 1270 4419 annos
1308 4362 1607 4433 quindecim
1648 4364 1868 4430 accepit.
1903 4362 2169 4415 Manasses

610 4461 751 4514 Illius
779 4458 895 4527 ejus
922 4470 1090 4509 annos
1119 4456 1493 4524 quinquaginta
1524 4454 1776 4521 quinque,
1802 4452 2032 4521 fecitque
2058 4469 2169 4505 ma-

612 4555 739 4605 lum.
774 4548 1127 4613 Quaecumque
1175 4544 1458 4598 demolitus
1504 4544 1674 4598 fuerat
1720 4544 2010 4606 Ezechias,
2061 4544 2173 4612 ipse

614 4642 878 4704 restituit,
919 4648 971 4692 et
1010 4637 1178 4690 factus
1221 4646 1301 4689 est
1335 4634 1482 4689 Judaa
1517 4634 1651 4687 alter
1676 4633 1986 4696 Jeroboam;
2018 4635 2086 4686 ita
2117 4644 2175 4688 ut

615 4734 729 4801 ejus
758 4745 912 4784 causa
942 4728 1080 4782 idem
1108 4741 1260 4796 passa
1288 4726 1356 4778 sit
1392 4724 1683 4779 Jerusalem
1705 4765 1719 4791 ,
1747 4724 1886 4793 quod
1914 4724 2169 4779 Samaria.

618 4825 689 4876 De
706 4822 793 4875 illo
811 4820 1006 4872 dictum
1025 4826 1106 4870 est
1124 4856 1137 4879 ,
1160 4816 1256 4879 Qui
1279 4830 1480 4882 peccare
1496 4815 1608 4883 fecit
1628 4813 1817 4865 Judam
1838 4815 1914 4881 (4.
1938 4812 2063 4881 Reg.
2082 4812 2170 4865 2|.

614 4912 741 4982 16).
772 4911 893 4964 Ideo
926 4909 1163 4975 captivus
1188 4904 1446 4957 abductus
1488 4913 1570 4957 est
1605 4905 1654 4956 in
1686 4903 2029 4973 Babylonem.
2069 4903 2173 4956 Sed

616 5006 668 5055 in
697 4999 1016 5067 captivitate,
1051 5005 1105 5048 ut
1135 4997 1185 5047 in
1218 4992 1632 5062 Paralipomenis
1653 4993 1903 5059 scriptum
1936 5000 2035 5058 est,
2062 5006 2175 5059 pa:-

619 5093 870 5146 nitentem
901 5086 1110 5140 reduxit
1153 5086 1287 5138 Deus
1314 5085 1366 5137 in
1392 5084 1704 5147 Jerusalem,
1739 5098 2061 5152 regnumque
2090 5100 2177 5137 re-

619 5178 907 5249 cuperavit.
938 5175 1305 5230 Pmuitentiam
1338 5176 1511 5243 itaque
1538 5188 1717 5243 agens,
1751 5174 2102 5242 populumque
2122 5183 2180 5227 ut

626 5272 730 5324 Deo
760 5268 981 5320 serviret
1018 5266 1213 5319 docens
1242 5305 1255 5327 ,
1298 5264 1445 5317 obiit.
1480 5264 1535 5317 in
1566 5264 1777 5317 civitate
1806 5275 1980 5316 tamen
2021 5264 2178 5316 David

615 5374 723 5412 non
774 5365 857 5410 est
901 5355 1136 5423 sepultus
1158 5392 1176 5419 ,
1230 5353 1321 5408 sed
1356 5356 1405 5406 in
1436 5354 1588 5406 horto
1629 5367 1723 5405 suo
1748 5392 1761 5417 ,
1793 5353 1843 5405 in
1874 5354 2027 5407 horto
2052 5352 2175 5406 Oza.

627 5454 786 5503 Amos
817 5448 952 5500 ﬁlius
978 5446 1091 5513 ejus
1116 5446 1351 5513 regnavit
1377 5459 1544 5497 annos
1574 5444 1729 5507 duos,
1755 5454 1808 5495 et
1836 5443 1957 5497 fecit
1986 5444 2180 5497 malum

622 5542 681 5595 81(
702 5548 755 5591 ιιι
780 5547 926 5607 pater
954 5537 1069 5605 ejus
1097 5535 1363 5588 Manasses
1384 5575 1396 5597 ,
1422 5545 1475 5589 et
1508 5533 1817 5590 occiderunt
1845 5534 2013 5601 ipsum
2042 5536 2181 5589 servi

614 5630 755 5699 ejus,
796 5627 1135 5695 sepultusque
1161 5634 1241 5677 est
1280 5624 1330 5677 in
1357 5626 1509 5677 horto
1540 5624 1644 5677 01a
1670 5664 1685 5688 ,
1718 5624 1768 5676 in
1801 5637 1904 5691 quo
1946 5624 2183 5693 sepultus

614 5732 695 5773 est
732 5727 783 5771 et
811 5726 957 5787 pater
997 5715 1179 5785 ipsius.
1229 5713 1399 5767 Josias
1432 5712 1570 5766 ﬁlius
1602 5715 1712 5783 ejus
1743 5714 1976 5779 regnavit
2020 5714 2175 5768 annis

1307 386 1361 441 S.
1403 386 1674 442 JOANNIS
1716 387 2185 443 CllHYSOSTOMl
2227 387 2539 445 ARCHIEP.
2580 391 3111 452 CONSTANTINOP.

3713 425 3829 477 356

2270 502 2476 569 triginta
2506 517 2630 556 uno.
2667 504 2814 559 llunc
2842 509 3064 576 populus
3091 525 3265 579 regem
3293 515 3507 579 ereavit,
3538 530 3658 571 cum
3686 527 3835 573 esset

2263 604 2518 643 annorum
2550 603 2690 657 octo,
2719 593 2948 663 fecitque
2974 606 3201 664 rectum,
3223 609 3275 653 et
3303 602 3586 658 ambulavit
3607 606 3657 659 in
3680 608 3829 661 omni

2264 681 2346 732 via
2374 681 2531 733 David
2552 723 2567 744 ,
2598 698 2695 737 nec
2730 684 3012 740 declinavit
3062 688 3129 741 ad
3173 689 3441 746 dexteram
3486 695 3563 749 vel
3592 697 3654 750 ad
3698 698 3830 751 sini-

2262 777 2446 821 stram.
2477 770 2685 825 Etenim
2716 781 2769 826 et
2790 774 2941 829 lucos
2970 778 3193 831 succidit
3220 818 3234 843 ,
3265 789 3311 834 et
3339 783 3513 837 omnia
3540 786 3824 842 simulacra

2262 858 2487 910 sustulit.
2519 858 2647 913 Cum
2676 876 2930 916 annorum
2962 874 3105 919 esset
3131 867 3359 921 sedecim
3380 911 3396 933 ,
3426 870 3593 940 legem
3632 876 3818 942 quaesio

2263 947 2374 1008 vit,
2405 956 2459 1000 et
2495 962 2616 1001 cum
2659 960 2781 1004 ante
2819 954 3110 1021 neglectam
3142 955 3462 1021 invenisset,
3496 960 3593 1029 legi
3615 960 3771 1029 jussit
3807 974 3824 1009 :

2263 1049 2326 1087 ac
2352 1036 2542 1103 pascha
2589 1038 2895 1105 praedicavit
2933 1043 3355 1113 celebravitque,
3384 1047 3522 1101 sicut
3571 1050 3827 1116 scriptum

2260 1133 2360 1177 est.
2388 1124 2539 1178 Hunc
2560 1127 2753 1181 occidit
2775 1128 2976 1182 Pharao
3005 1131 3216 1186 Necbao
3240 1134 3306 1187 ad
3335 1135 3673 1203 Euphratem,
3701 1153 3827 1190 cum

2263 1215 2536 1268 contentio
2583 1217 2720 1269 inter
2766 1218 2882 1272 illos
2910 1230 3022 1273 orta
3047 1232 3206 1275 esset.
3248 1222 3415 1291 Hujus
3443 1235 3674 1294 tempore
3704 1227 3829 1281 fue-

2260 1316 2384 1358 runt
2409 1306 2677 1374 propheta:
2706 1307 2966 1363 Jereinias
3009 1320 3063 1364 et
3087 1312 3385 1380 Sophouias
3410 1356 3425 1374 .
3457 1326 3509 1368 et
3536 1317 3661 1370 Ulda
3694 1333 3830 1384 pro-

2263 1394 2493 1462 phetissa
2516 1412 2645 1449 uxor
2669 1397 2830 1452 Selle.
2860 1399 3090 1453 Joachaz
3123 1401 3261 1456 ﬁlius
3283 1403 3397 1471 ejus
3421 1406 3655 1473 regnavit
3675 1422 3829 1460 men-

2259 1498 2344 1538 ses
2369 1492 2479 1539 tres
2503 1525 2517 1548 ,
2561 1493 2614 1538 et
2657 1484 2777 1539 fecit
2822 1489 3017 1541 malum
3040 1530 3055 1554 ,
3086 1500 3138 1543 et
3168 1494 3433 1547 transtulit
3472 1509 3590 1547 eum
3620 1495 3831 1548 Pharao

2259 1573 2489 1628 Necbao.
2517 1574 2626 1629 Sub
2655 1576 2755 1629 hoc
2785 1592 2993 1646 quoque
3020 1578 3147 1632 vixit
3173 1580 3451 1634 Jeremias.
3484 1580 3706 1636 Eliakim
3739 1585 3788 1637 al
3808 1615 3826 1625 -

2257 1670 2339 1716 ter
2364 1663 2501 1717 ﬁlius
2529 1664 2708 1731 Josize,
2737 1666 2822 1734 qui
2852 1676 2906 1719 et
2937 1666 3153 1720 Joakim
3185 1679 3385 1723 mutato
3416 1670 3625 1724 nomine
3648 1673 3828 1725 dictus

2259 1760 2377 1814 est,
2415 1753 2655 1820 regnavit
2695 1756 2848 1809 annis
2877 1755 3121 1809 undecim
3148 1798 3163 1822 ,
3193 1765 3247 1811 et
3288 1758 3413 1813 fecit
3434 1760 3573 1829 quod
3616 1762 3818 1816 malum

2259 1851 2395 1897 erat.
2419 1842 2624 1895 Joakim
2655 1844 2743 1913 qui
2784 1854 2837 1899 et
2874 1845 3191 1913 Jechonias,
3224 1848 3368 1903 ﬁlius
3406 1852 3551 1919 ejus,
3586 1855 3832 1921 regnavit

2259 1946 2471 1985 menses
2498 1940 2625 1996 tres,
2657 1944 2711 1987 et
2741 1934 2858 1988 fecit
2888 1934 3026 2004 quod
3051 1938 3243 1991 malum
3271 1949 3403 2003 erat,
3434 1941 3828 2011 trauslatusque

2257 2028 2339 2074 est
2368 2021 2417 2073 in
2448 2022 2786 2092 Babylonem.
2820 2024 3051 2078 Matthan
3086 2026 3219 2080 ﬁlius
3259 2028 3393 2097 ejus.
3440 2029 3589 2085 Hunc
3641 2031 3828 2085 Nabu-

2258 2110 2592 2165 chodonosor
2621 2113 2894 2167 constituit
2923 2130 3100 2183 regem
3127 2157 3140 2179 ,
3171 2126 3224 2169 et
3250 2127 3449 2170 mutato
3476 2121 3688 2174 nomine
3726 2120 3829 2175 Se-

2259 2201 2459 2255 dcciam
2501 2202 2814 2271 appellavit,
2849 2206 3193 2274 reguavitque
3232 2209 3383 2261 annis
3419 2208 3697 2263 duodecim
3720 2250 3735 2275 ,
3766 2221 3828 2265 et

2259 2292 2381 2345 fecit
2403 2293 2616 2345 malum.
2640 2292 2751 2347 Sub
2773 2294 2871 2347 hoc
2894 2311 3102 2366 quoque
3124 2308 3235 2350 erat
3255 2298 3529 2351 Jeremias.
3549 2300 3832 2370 [lucusque

2262 2381 2468 2434 duravit
2487 2397 2702 2450 regnum
2724 2383 2877 2449 Juda,
2903 2394 3128 2455 tuncque
3151 2387 3459 2442 subversum
3491 2399 3591 2451 est,
3617 2394 3749 2444 sicut
3771 2402 3833 2445 et

2260 2485 2476 2537 regnum
2501 2472 2771 2527 Samarite.
2800 2472 2938 2528 Urbs
2959 2491 3184 2544 namque
3206 2486 3354 2545 capta
3391 2489 3491 2543 est,
3524 2488 3575 2531 et
3596 2482 3841 2535 universi

2261 2562 2311 2614 in
2337 2561 2657 2632 Babylonem
2682 2564 2870 2632 captivi
2898 2579 3017 2618 cum
3041 2574 3178 2619 vasis
3198 2567 3407 2620 abducti
3430 2578 3571 2622 sunt.
3589 2568 3833 2639 Suntque

2262 2666 2412 2720 reges
2438 2654 2617 2722 viginti
2647 2669 2779 2707 unus
2801 2694 2816 2717 ,
2856 2671 2959 2707 non
3010 2666 3349 2709 annunierata
3382 2657 3644 2712 Gotholia.

2328 2742 2547 2796 Nomina
2575 2758 2753 2812 regum
2784 2746 2870 2813 qui
2903 2744 3108 2798 fuerunt
3133 2746 3183 2799 iu
3212 2747 3467 2812 Samaria,
3501 2757 3555 2801 et
3580 2763 3699 2817 qua:
3729 2763 3829 2817 ge-

2262 2844 2360 2896 sta,
2396 2835 2483 2903 qui
2526 2834 2643 2888 ﬁnis
2681 2835 2934 2903 cujusque
2983 2836 3158 2899 fuerit,
3191 2847 3241 2891 et
3270 2847 3397 2905 quot
3448 2839 3600 2891 annis
3636 2841 3834 2905 singuli

2262 2923 2597 2992 regnaveriut
2622 2924 2705 2977 his
2732 2926 2928 2993 accipe.
2959 2925 3239 2979 Jerohoam
3287 2928 3419 2980 ﬁlius
3444 2927 3648 2981 Nabath
3674 2930 3835 2981 annis

2261 3012 2350 3065 24.
2380 3012 2473 3065 Hic
2494 3012 2713 3066 discisso
2736 3028 2897 3082 regno
2922 3014 3213 3068 ascendens
3240 3030 3303 3069 ex
3332 3015 3561 3085 Egypto
3586 3056 3600 3077 ,
3627 3018 3836 3085 primus

2264 3106 2502 3173 regnavit
2532 3106 2581 3156 iu
2607 3104 2859 3167 Samaria,
2889 3116 2943 3159 et
2963 3105 3085 3159 fecit
3106 3107 3321 3170 malum,
3355 3106 3423 3159 ita
3449 3117 3504 3160 ut
3527 3108 3727 3161 nullum
3752 3109 3835 3160 si-

2264 3195 2440 3248 milem
2482 3193 2742 3247 habuerit.
2773 3192 2984 3248 Veritus
3039 3210 3103 3248 ne
3134 3210 3350 3264 regnum
3391 3196 3487 3264 ipsi
3514 3196 3833 3265 eriperetur,

2264 3299 2449 3338 aureas
2481 3284 2695 3337 buculas
2716 3284 2844 3337 duas
2874 3282 3011 3349 fecit,
3035 3295 3087 3338 et
3108 3284 3356 3354 populum
3382 3285 3589 3339 seduxit
3612 3285 3831 3340 dicens:

2269 3373 2339 3427 lli
2362 3381 2475 3427 sunt
2509 3374 2601 3437 dii,
2628 3374 2711 3441 qui
2732 3375 3007 3427 eduxerunt
3028 3390 3115 3427 nos
3141 3389 3204 3427 ca:
3229 3384 3361 3426 terra
3377 3373 3592 3444 Egypti
3620 3376 3667 3442 (1
3702 3374 3833 3442 Reg.

2269 3462 2354 3518 12.
2370 3462 2896 3533 28).lnstituitenim
2914 3464 3048 3519 festa
3066 3472 3116 3516 et
3143 3465 3476 3517 sacerdotes:
3509 3463 3572 3516 Et
3602 3463 3681 3516 hic
3712 3480 3836 3531 pec-

2266 3571 2378 3607 care
2397 3556 2512 3623 fecit
2531 3552 2693 3607 Israel
2717 3554 2790 3622 (2.
2824 3554 2947 3623 Reg.
2974 3555 3059 3608 14.
3093 3554 3169 3623 8).
3199 3555 3368 3624 Ipsum
3393 3572 3618 3625 namque
3646 3572 3838 3612 omnes

2269 3655 2448 3713 postea
2494 3659 2644 3714 reges
2688 3645 2872 3698 imitati
2914 3657 3055 3699 sunt.
3086 3646 3250 3715 Hujus
3280 3657 3514 3715 tempore
3560 3648 3839 3717 prophctze

2267 3744 2418 3787 erant
2447 3734 2637 3787 Acbias
2662 3734 2931 3798 Silonites,
2963 3745 3017 3788 et
3050 3736 3136 3804 qui
3168 3746 3348 3789 contra
3380 3736 3550 3803 ipsum
3580 3751 3740 3803 super
3758 3738 3841 3789 al-

2270 3835 2379 3878 tare
2405 3824 2720 3878 vociferatus
2745 3835 2843 3878 est.
2865 3824 3064 3879 Nahath
3102 3825 3239 3878 ﬁlius
3270 3826 3383 3895 ejus
3405 3827 3641 3894 regnavit
3664 3842 3839 3881 annos

2269 3914 2421 3980 duos,
2444 3923 2497 3967 et
2529 3913 2880 3977 fecitmalum,
2911 3929 3079 3983 neque
3103 3914 3237 3967 alius
3264 3930 3328 3968 ex
3370 3929 3561 3983 genere
3591 3915 3709 3982 ejus
3747 3929 3838 3967 re-

2272 4006 2465 4073 gnavit.
2494 4004 2701 4055 Zambri
2746 4004 2966 4056 alterius
2994 4004 3202 4072 generis
3232 4020 3396 4057 annos
3430 4005 3513 4057 12.
3547 4004 3711 4057 Baasa
3752 4019 3843 4057 re-

2272 4095 2448 4163 gnavit
2475 4110 2641 4146 annos
2671 4094 2762 4159 24,
2794 4103 2845 4147 et
2871 4092 2993 4147 fecit
3022 4094 3157 4161 quod
3209 4094 3405 4147 malum
3436 4103 3568 4148 erat.
3602 4093 3712 4147 Sub
3737 4094 3842 4147 hoc

2274 4186 2543 4255 propheta:
2595 4194 2747 4239 erant
2800 4185 2959 4248 Elias,
3006 4184 3273 4247 Elissmus,
3328 4184 3591 4245 Michmas,
3649 4194 3703 4236 et
3746 4185 3841 4253 qui

2273 4276 2519 4330 Achaabo
2548 4275 2612 4328 de
2659 4276 2809 4344 Syria
2837 4285 2891 4328 ct
2934 4274 3000 4328 de
3042 4273 3149 4327 ﬁlio
3191 4275 3331 4328 Ader
3370 4274 3553 4342 pmphc
3574 4274 3736 4341 tavit,
3783 4282 3845 4326 et

2275 4367 2360 4435 qui
2383 4366 2593 4433 proprio
2616 4364 2765 4433 jussu
2810 4365 3132 4427 vulneratus,
3178 4364 3480 4416 Achaahuut
3533 4364 3841 4431 redarguit:

2274 4469 2336 4507 ac
2366 4464 2615 4522 praeterea
2647 4467 2883 4506 seorsum
2927 4453 3072 4505 multi
3106 4453 3475 4520 prophetarum
3521 4453 3634 4507 ﬁlii.
3662 4452 3849 4506 Ocho-

2278 4542 2383 4595 zias
2410 4543 2548 4594 ﬁlius
2586 4541 2700 4610 ejus
2728 4542 2880 4594 annis
2916 4541 3151 4602 duobus,
3188 4550 3241 4594 et
3292 4541 3411 4595 fecit
3456 4542 3595 4610 quod
3647 4543 3847 4596 nmium

2277 4643 2408 4687 erat.
2431 4632 2538 4685 Sub
2566 4633 2663 4685 hoc
2682 4641 2833 4685 erant
2858 4632 2998 4684 Elias
3019 4640 3072 4685 et
3092 4631 3338 4685 Elissaeus
3368 4648 3382 4685 :
3411 4647 3530 4685 nam
3551 4632 3665 4701 ejus
3685 4634 3849 4700 quin-

2279 4721 2624 4790 quagenarios
2678 4720 2796 4789 igne
2844 4721 3101 4789 percussit
3131 4720 3272 4774 Elias
3319 4722 3369 4774 in
3419 4724 3581 4775 verbo
3614 4723 3848 4775 Domini.

2280 4815 2456 4869 Joram
2486 4814 2621 4866 ﬁlius
2650 4812 2861 4867 Achaab
2889 4814 3039 4866 annis
3067 4813 3345 4867 duodecim
3378 4812 3847 4877 :etfecitmalum,

2282 4919 2449 4971 neque
2478 4903 2612 4955 ultra
2642 4903 2777 4955 alius
2806 4918 2869 4956 ex
2899 4916 3092 4970 genere
3128 4903 3289 4969 ipsius
3322 4904 3573 4971 regnavit.
3608 4901 3718 4956 Suh
3747 4904 3853 4957 hoc

2282 4994 2425 5047 Elias
2445 5002 2745 5059 assumptus
2777 5001 2857 5044 est
2883 5009 2895 5044 :
2923 4991 3177 5045 Elissaaus
3202 5008 3330 5047 vero
3358 4993 3549 5046 mansit
3590 5006 3755 5060 usque
3780 4992 3851 5044 ad

2282 5085 2558 5139 Jeroboam
2588 5084 2748 5137 ﬁlium
2775 5082 2897 5137 Joas
2926 5098 3101 5157 regem
3133 5083 3312 5137 Israel.
3336 5083 3446 5137 Sub
3475 5082 3575 5136 hoc
3612 5092 3764 5137 erant
3785 5084 3854 5134 ﬁ-

2286 5175 2339 5227 lii
2371 5174 2766 5243 propbetarum.
2796 5172 2930 5226 Jehu
2965 5172 3029 5226 de
3053 5173 3153 5225 alia
3181 5174 3362 5239 stirpe,
3390 5173 3527 5225 ﬁlius
3570 5171 3851 5235 Namesse,

2287 5267 2437 5319 annis
2462 5264 2550 5317 22.
2568 5265 2661 5317 Hic
2682 5264 3071 5331 sostulitgenus
3084 5263 3336 5327 Achaabi,
3352 5272 3406 5316 et
3427 5264 3707 5331 prophetas
3724 5262 3854 5315 Baal

2287 5372 2379 5425 per
2395 5356 2611 5409 insidias
2632 5356 2843 5418 occidit,
2863 5363 3190 5422 statuamque
3213 5354 3349 5411 illius
3369 5354 3632 5408 contrivit.
3651 5353 3857 5406 Etcum

2290 5450 2339 5501 in
2369 5449 2510 5500 hisce
2534 5446 2744 5499 fecisset
2769 5446 2907 5514 quod
2938 5456 3140 5498 rectum
3169 5454 3301 5507 erat,
3335 5444 3519 5497 habuit
3550 5445 3864 5512 promissio-

2288 5552 2430 5601 nem,
2454 5535 2591 5604 quod
2621 5535 2783 5602 ipsius
2804 5534 2891 5587 ﬁlii
2911 5533 2977 5587 ad
3002 5542 3239 5602 quartam
3268 5548 3432 5600 usque
3459 5533 3861 5601 generationem

2290 5625 2484 5679 sessuri
2516 5632 2695 5677 essent
2720 5638 2879 5691 super
2912 5622 3178 5676 thronum.
3209 5622 3435 5677 Joacbaz
3462 5622 3600 5675 ﬁlius
3630 5623 3746 5691 ejus
3766 5640 3865 5678 an-

2294 5730 2389 5767 uos
2428 5711 2822 5784 septemdecim,
2850 5711 3075 5784 fecitque
3105 5711 3242 5783 quod
3266 5711 3458 5765 malum
3477 5720 3612 5766 erat.
3638 5714 3867 5770 Jerusa-
