4096 6518
282 438 398 492 355

280 535 554 606 ἐπορεύθη
581 538 638 588 ἐν
667 538 730 604 τῇ
761 533 995 604 ἁμαρτίᾳ
1027 532 1116 585 τοῦ
1146 532 1348 602 πατρὸς
1384 529 1565 582 αὑτοῦ.
1600 528 1707 579 Καὶ
1748 525 1838 576 ἐπὶ

279 623 475 676 τούτου
511 617 579 690 ῆν
618 620 782 673 ’Δδδὼ
829 621 856 671 6
901 616 1345 690 προφήτης.Ἀσά
1369 618 1396 668 ό
1423 615 1533 677 616;
1557 611 1718 665 αὑτοῦ
1747 610 1838 678 ἔτη

286 714 402 777 μα’,
431 706 524 758 καὶ
553 705 773 774 ἐποίησε
804 703 862 755 16
883 703 1067 766 εὐθές·
1094 702 1205 754 ἀλλ’
1231 701 1309 752 ἐτι
1329 697 1394 770 ἦν
1419 699 1486 752 τὰ
1507 697 1701 767 ὑψηλά.
1720 696 1842 747 Ἐπὶ

280 793 474 845 τούτου
526 787 662 860 ἦσαν
705 787 952 858 Ἀζαρίας
1013 788 1123 850 υίὸς
1161 786 1343 856 Ὠδὴδ,
1394 788 1485 838 καὶ
1521 783 1741 850 Ἀναμὶ,
1791 780 1839 831 01

280 878 578 947 προφῆται.
599 876 857 942 Ἰωσαφὰτ
885 874 998 935 616;
1041 871 1203 925 αὑτοῦ
1232 871 1322 940 ἐτη
1363 870 1460 931 κε’,
1499 869 1589 921 καὶ
1620 866 1839 933 ἐποίησε

278 961 352 1014 16
373 962 523 1022 εὑθές
539 978 553 993 ο
582 960 715 1013 ἀλλὰ
746 960 812 1012 τά
834 959 1009 1027 ὑψηλά
1032 959 1108 1010 ἐτι
1131 959 1356 1029 ὑπῆρχε.
1389 957 1492 1008 Ka‘1
1520 954 1653 1025 μετὰ
1674 952 1840 1004 ταῦτα

284 1047 494 1117 μέμψιν
525 1045 680 1116 ἔσχεν
712 1045 952 1114 ἀνομίας,
983 1045 1063 1096 ὅτι
1090 1043 1326 1111 ἐφιλίασε
1351 1042 1425 1112 τῷ
1463 1041 1673 1111 Ὀχοζίᾳ⁴
1700 1039 1843 1108 βασιι

280 1134 369 1185 λεῖ
411 1132 638 1201 Ἰσραὴλ,
667 1132 756 1183 καὶ
806 1129 1153 1199 ἐκοινώνησεν
1200 1127 1345 1197 αὐτῷ
1373 1129 1450 1189 είς
1481 1128 1657 1178 πλεῖον
1709 1142 1840 1194 πρα-

277 1220 569 1290 γματείας.
589 1220 708 1270 Ἐπὶ
733 1219 919 1272 τούτου
967 1214 1104 1287 ἦσαν
1149 1217 1419 1285 προφῆται
1457 1215 1652 1275 Ἠλίας,
1671 1213 1840 1264 Ἐλισ·

281 1309 425 1369 σαιέ,
470 1305 726 1374 Μιχαίας,
779 1306 871 1356 καὶ
912 1304 1010 1355 ’ῐοῦ
1059 1306 1086 1355 6
1117 1303 1208 1354 τοῦ
1247 1301 1446 1369 Ἀνεμὶ,
1484 1301 1575 1352 καὶ
1611 1298 1789 1367 Ὀζιὴλ
1812 1297 1840 1348 6

277 1392 379 1444 106
407 1389 691 1458 Ζαχαρίου,
726 1389 817 1441 καὶ
855 1389 1095 1442 Ἐλιάδαδ
1126 1392 1152 1441 6
1180 1388 1270 1441 106
1313 1388 1458 1440 Ἀδιά
1495 1386 1601 1438 ἀπὸ
1634 1384 1841 1452 Μαρία-

279 1495 405 1545 σης.
427 1476 623 1546 Ἰωρὰμ
665 1477 692 1529 6
727 1476 837 1536 616;
867 1475 1028 1527 αὐτοῦ
1059 1474 1151 1545 ἔτη
1181 1480 1251 1544 η’,
1282 1476 1372 1527 καὶ
1400 1473 1617 1540 ἐποίησε
1657 1471 1715 1523 16
1742 1487 1840 1521 πο-

278 1564 466 1631 νηρόν.
499 1559 620 1631 Εἶχε
651 1561 759 1630 γὰρ
788 1563 1017 1627 γυναῖκα
1053 1560 1321 1629 θυγατέρα
1364 1559 1580 1627 Ἀχαάϐ.
1612 1557 1719 1608 Καὶ
1753 1556 1842 1606 ἐπὶ

274 1648 472 1700 τούτου
500 1644 634 1716 ἦσαν
677 1648 856 1708 Ἠλίας
887 1647 979 1698 καὶ
1010 1646 1323 1706 Ἐλισσαῖος.
1341 1642 1584 1712 Ὀχοζίας
1617 1641 1725 1703 616;
1747 1642 1841 1692 a6-

275 1734 378 1786 106
408 1734 524 1796 ἐτος
556 1741 623 1798 α’,
651 1736 741 1787 καὶ
769 1734 986 1803 ἐποίησε
1015 1733 1075 1784 16
1107 1730 1356 1800 πονηρόν.
1390 1729 1520 1782 Μετ’
1542 1728 1700 1779 αὑτὸν
1748 1727 1784 1776 Γ
1784 1743 1840 1777 0-

275 1819 434 1872 Θολία
463 1821 493 1888 ή
524 1822 701 1890 μήτηρ
744 1818 926 1879 αὑτοῦ,
958 1819 1050 1887 ἐτη
1095 1817 1417 1876 ἐπτά.’ῐωᾶς
1453 1814 1562 1876 616;
1604 1811 1839 1881 Ὀχοζίου

274 1909 378 1975 ἔντη
410 1914 478 1976 μ’.
516 1901 678 1969 Οὗτος
706 1907 959 1973 ἐφόνευσε
987 1905 1074 1955 τὸν
1105 1902 1395 1972 Ζαχαρίαν,
1427 1901 1518 1953 καὶ
1544 1900 1759 1968 ἐποίησε
1783 1898 1841 1949 16

271 1995 436 2056 εὑθές
483 1997 540 2046 ἐν
589 1993 681 2062 ὅλῃ
727 1996 792 2062 τῇ
834 1993 976 2061 ψυχῇ
1022 1990 1202 2050 αὐτοῦ,
1237 1991 1337 2050 ἕως
1376 1988 1547 2040 Ἰωδαέ
1573 1991 1600 2040 6
1628 1985 1841 2047 συνετὸς

269 2081 400 2150 ἔζη,
433 2080 524 2133 καὶ
553 2079 810 2148 ἐφώτισεν
832 2078 1007 2130 αὐτόν.
1027 2075 1224 2128 Τοῦτον
1247 2075 1567 2128 ἀπέκτειναν
1595 2076 1642 2125 οἱ
1669 2072 1838 2124 δοῦλοι

268 2165 447 2221 016106
481 2168 537 2218 tv
567 2167 698 2235 οἴκῳ
723 2163 970 2218 Μαελώθ.
988 2163 1109 2215 Ἐπὶ
1135 2161 1324 2216 τούτου
1358 2163 1722 2232 ἐπροφήτευσε
1747 2158 1842 2212 Za-

269 2255 473 2324 χαρίας
512 2253 623 2314 616;
661 2249 1128 2319 ’1ωδαέ.Ἀμεσίας
1166 2249 1277 2311 616;
1321 2249 1480 2300 αὑτοῦ
1510 2247 1602 2315 ἐτη
1634 2246 1716 2311 ιϐ’,
1749 2248 1839 2298 καὶ

269 2339 500 2406 ἐποίησε
525 2339 583 2389 16
606 2337 756 2398 εὐθές
785 2337 840 2389 ἐν
869 2337 1030 2405 ἀρχῇ,
1055 2334 1165 2386 ἀλλ’
1187 2335 1282 2403 οὐχ
1308 2334 1379 2396 ὡς
1404 2334 1711 2387 Δαυῖδ.Ἔτι
1733 2331 1839 2401 γάρ

267 2429 301 2478 ό
351 2424 474 2484 λαὸς
518 2422 795 2484 ἐθυσίαζεν
826 2425 881 2474 ἐν
911 2424 1021 2483 τοῖς
1053 2421 1292 2489 ὑψηλοῖς,
1340 2421 1431 2472 καὶ
1474 2423 1542 2471 τὰ
1585 2419 1716 2488 ἄλση
1741 2419 1840 2470 οὐκ

267 2511 456 2579 ἐξῆρε.
487 2511 594 2561 K11
624 2509 713 2560 ἐπὶ
740 2507 926 2558 τούτου
959 2507 1365 2575 ἐπροφήτευσαν
1398 2505 1695 2574 προφῆται,
1723 2504 1836 2556 ἀλλ’

265 2599 380 2649 οὐκ
408 2596 717 2666 ἐγράφησαν
745 2595 811 2645 τὰ
845 2593 1078 2662 ὀνόματα
1111 2592 1308 2647 αὐτῶν.
1340 2591 1490 2645 Μετὰ
1515 2590 1682 2643 ταῦτα
1713 2590 1837 2658 μέν·

264 2699 359 2735 τοι
401 2683 652 2752 ’Δμεσίας
684 2678 926 2743 πατάξας
967 2681 1089 2742 τοὺς
1135 2681 1191 2732 tv
1243 2679 1425 2748 Σηεὶρ,
1473 2677 1704 2747 ἐπήρθη,
1746 2676 1837 2728 καὶ

265 2769 567 2838 ἐλάτρευσε
582 2769 691 2829 τοῖς
709 2766 939 2827 εἰδώλοις
963 2763 1108 2836 [359]
1120 2765 1225 2816 τῶν
1242 2765 1422 2834 Σηεὶρ,
1445 2763 1539 2816 καὶ
1559 2762 1835 2830 ἐπατάχθη

270 2853 599 2923 παραδοθεὶς
642 2856 752 2914 τοῖς
801 2850 1029 2921 ἐχθροῖς.
1050 2850 1301 2919 Ἀζαρίας
1333 2852 1360 2900 6
1401 2851 1493 2900 καὶ
1528 2848 1706 2910 Ὀζίας
1744 2847 1835 2916 ἐτη

267 2940 376 3010 νβ’,
400 2939 492 2992 καὶ
518 2939 737 3006 ἐποίησε
767 2937 906 2989 κατὰ
928 2936 1023 3005 τήν
1049 2935 1218 3005 ἀρχὴν
1241 2933 1301 2986 16
1326 2934 1497 2995 εὺθές,
1521 2933 1594 2996 ὼς
1613 2936 1640 2986 6
1660 2934 1838 3004 πατὴρ

264 3025 470 3079 αὐτοῦ’
517 3024 654 3093 πλὴν
692 3023 756 3075 τὰ
803 3021 978 3091 ὑψηλά
1011 3021 1108 3072 οὐκ
1155 3020 1363 3090 ἐξῆρεν.
1392 3019 1750 3088 Εὑοδούμενος
1781 3019 1837 3070 δὲ

265 3111 512 3181 ἐπήρθη,
558 3111 652 3163 καί⁵
693 3109 951 3179 ἠθέλησεν
999 3106 1175 3175 ἐαυτῷ
1221 3106 1479 3176 θυμιᾶσαι
1509 3108 1566 3157 ἐν
1600 3105 1676 3175 τῷ
1705 3105 1836 3175 ναῷ,

264 3200 412 3266 ὅπερ
459 3197 641 3265 μόνοις
687 3198 798 3258 τοῖς
847 3193 1082 3264 ἱερεῦσιν
1103 3192 1294 3258 ἔξεστι.
1325 3193 1412 3244 Διὸ
1438 3192 1531 3244 καὶ
1558 3192 1838 3262 ἐλεπρώθη

263 3284 538 3345 ἀκούσας·
588 3284 669 3335 Οὐ
705 3281 826 3345 σοὶ,
873 3278 1044 3342 Ὀζία,
1093 3278 1370 3345 θυμιᾶσαι
1417 3277 1496 3342 τῷ
1545 3279 1754 3344 Κυρίῳ,
1805 3278 1838 3330 ὃ

259 3371 481 3438 μόνοις
504 3368 625 3433 τοῖς
648 3367 908 3435 ἱερεῦσιν
935 3367 1188 3430 ἔξεστιν.
1207 3363 1328 3416 Ἐπὶ
1347 3364 1533 3415 τούτου
1560 3364 1839 3433 προφήτης

275 3455 753 3523 Ἦσαῒας.’1ωθάμ
805 3456 832 3505 6
879 3453 989 3515 616;
1037 3452 1198 3506 αὑτοῦ
1236 3450 1578 3503 ἐϐασίλευσεν
1620 3449 1711 3519 ἔτη
1742 3457 1837 3512 ις’,

264 3545 370 3594 καὶ
419 3541 636 3610 ἐποίησε
677 3540 737 3591 16
771 3539 923 3601 εὑθές
956 3539 1028 3600 ὡς
1075 3540 1102 3591 6
1150 3537 1326 3608 πατὴρ
1358 3536 1518 3588 a6106
1541 3551 1556 3565 ·
1603 3536 1740 3605 πλὴν
1771 3536 1838 3587 τά

263 3628 454 3696 ὑψηλὰ
488 3629 585 3680 οὐκ
626 3627 801 3697 ἐξῆρε.
839 3627 947 3679 Καὶ
974 3627 1063 3678 ἐπὶ
1090 3627 1274 3678 τούτου
1302 3621 1368 3695 ἦν
1412 3624 1654 3685 Ἡσαΐας.
1675 3623 1838 3692 Ἀχὰζ

264 3713 391 3773 616;
419 3714 579 3766 αὑτοῦ
611 3714 705 3782 ἐτη
736 3719 828 3776 ις’,
857 3715 949 3765 καὶ
978 3713 1197 3781 ἐποίησε
1228 3712 1286 3765 16
1310 3711 1559 3781 πονηρόν.
1597 3709 1733 3764 Kak
1748 3712 1838 3762 ἐπὶ

261 3800 462 3852 τούτου
513 3797 578 3867 ῆν
620 3800 841 3860 Ἡσαΐας
891 3799 983 3850 καὶ
1023 3794 1168 3866 Ὡδὴδ
1216 3795 1766 3868 προφῆται.Ἐξεκίας
1811 3799 1838 3848 6

265 3886 390 3951 υίὸς
421 3886 579 3938 αὑτοῦ
625 3887 715 3956 ἔτη
758 3886 856 3946 κθ’,
891 3885 982 3936 καὶ
1028 3884 1245 3953 ἐποίησε
1286 3884 1346 3934 16
1391 3883 1541 3944 εὺθὲς
1572 3883 1646 3944 ὡς
1676 3882 1836 3935 Δαυῒδ

261 3973 508 4034 τελείως.
544 3969 704 4033 0610;
733 3972 976 4024 καθεῖλεν
1012 3971 1133 4037 δφιν
1159 3971 1413 4038 χαλκοῦν,
1462 3971 1519 4022 ὃν
1564 3971 1834 4040 ἐκρέμασε

266 4058 671 4126 Μωῦσῆς.Ἑπὶ
720 4057 904 4110 106106
952 4057 1289 4124 Σεναχηρεὶμ
1338 4057 1428 4107 καὶ⁸
1466 4056 1740 4124 Ῥαψάκης
1788 4057 1836 4106 οἱ

281 4143 558 4213 ’Λσσύριοι
607 4140 1040 4212 βλασφημοῦντες
1083 4140 1461 4210 ἐπατάχθησαν
1519 4141 1616 4209 μὲν
1661 4141 1832 4201 αὐτοὶ,

269 4228 414 4298 μετὰ
460 4228 629 4280 ταῦτα
663 4230 720 4279 ἐν
762 4230 856 4297 μιᾷ
898 4228 953 4279 δέ
983 4226 1136 4279 νυκτὶ
1177 4226 1415 4294 χιλιάδας
1467 4233 1577 4296 ρπε¹
1607 4226 1834 4291 ἐξελθὼν

267 4315 502 4381 ἄγγελος
557 4314 751 4366 ἀνεῖλε.
796 4313 1014 4366 Μέλλων
1060 4313 1114 4365 δέ
1162 4313 1409 4376 Ἐζεκίας
1455 4313 1831 4382 ἀποθνήσκειν,

266 4399 434 4452 ἔλαϐε
464 4401 777 4469 προσθήκην
808 4399 901 4467 ἔτη
929 4406 1008 4451 ιε’.
1046 4398 1336 4466 Μανασσῆς
1364 4401 1391 4450 6
1423 4400 1531 4461 616;
1553 4400 1714 4452 αὑτοῦ
1742 4401 1834 4469 ἐτη

263 4493 366 4547 νε’,
416 4486 506 4537 καὶ
551 4486 770 4554 ἐποίησε
826 4484 884 4536 16
931 4485 1178 4553 πονηρόν.
1205 4483 1344 4537 ’Ὁσα
1396 4485 1451 4536 δέ
1499 4487 1833 4554 κατέσκαψεν

279 4570 548 4633 Ἐζεκίας,
581 4569 753 4622 ταῦτα
788 4564 936 4631 οὗτος
970 4572 1242 4639 ἀνήγειρε,
1276 4571 1367 4622 καὶ
1415 4571 1632 4638 γέγονεν
1679 4571 1832 4635 ἄλλος

276 4655 561 4725 Ἱεροϐοάμ
604 4657 680 4725 τῷ
721 4657 907 4724 Ἰούδα,
940 4656 1076 4708 ὥστε
1116 4657 1181 4708 δι’
1208 4657 1368 4709 αὑτὸν
1399 4659 1586 4710 παθεῖν
1616 4659 1712 4726 τὴν
1748 4661 1835 4712 Ἰε-

266 4743 570 4811 ρουσαλὴμ,
606 4744 680 4804 ὡς
723 4745 821 4812 τήν
872 4745 1198 4813 Σαμάρειαν.
1242 4747 1351 4797 Καὶ
1402 4747 1506 4814 γάρ
1553 4747 1638 4797 ἐπ’
1669 4747 1830 4798 αὑτοῦ

258 4829 596 4898 ἐλέχθη,“ος
638 4829 926 4897 ἐξήμαρτε
966 4831 1070 4881 τὸν
1111 4831 1352 4884 Ἰούδαν.
1397 4832 1485 4882 Διὸ
1522 4832 1611 4884 καὶ
1644 4834 1834 4900 αἰχμά-

259 4918 435 4978 λωτος
465 4915 680 4984 ἀπήχθη
708 4917 785 4977 είς
807 4915 1114 4967 Βαϐυλῶνα.
1135 4916 1270 4967 Ἀλλ’
1295 4918 1351 4968 ἐν
1380 4920 1444 4986 τῇ
1468 4917 1828 4985 αἰχμαλωσίᾳ,

259 5004 340 5062 ὡς
367 5003 421 5051 ἐν
444 5005 550 5064 τοῖς
568 5002 1058 5072 Παραλειπομένοις
1077 5002 1398 5071 γέγραπται,
1428 5005 1832 5071 μετανοήσαντα

260 5087 429 5141 αὑτὸν
454 5088 810 5158 μετέστρεψεν
830 5091 857 5140 6
876 5088 1002 5150 Θεὸς
1024 5090 1101 5150 είς
1134 5088 1501 5157 Ἰερουσαλὴμ,
1541 5089 1631 5139 καὶ
1671 5089 1830 5141 πάλιν

259 5172 585 5227 ἀντελάϐετο
625 5175 724 5241 τῆς
753 5173 1039 5241 βασιλείας.
1065 5172 1352 5226 Μετανοῶν
1375 5173 1428 5224 δέ
1456 5174 1546 5224 καὶ
1569 5173 1830 5225 διδάσκων

257 5263 356 5313 τὸν
379 5261 501 5313 λαὸν
519 5261 787 5313 δουλεύειν
807 5261 881 5330 τῷ
902 5261 1036 5330 Θεῷ,
1059 5261 1422 5330 ἐτελεύτησεν.
1449 5261 1558 5311 Οὐκ
1583 5261 1752 5328 ἐτάφη
1775 5263 1829 5313 δὲ

258 5351 321 5400 ἐν
364 5347 506 5400 πόλει
548 5346 734 5407 Δαυῖδ,
755 5346 867 5398 ἀλλ’
891 5348 945 5400 ἐν
967 5346 1043 5415 τῷ
1086 5348 1243 5414 κήπῳ
1281 5345 1464 5408 αὑτοῦ,
1494 5346 1650 5414 κήπῳ
1682 5343 1829 5408 Ὀζᾶ.

272 5437 452 5507 Ἀμὼς
471 5440 497 5490 6
518 5437 632 5498 616;
651 5433 816 5488 016106
843 5433 933 5502 ἐτη
960 5433 1024 5501 β’,
1050 5434 1140 5485 καὶ
1161 5433 1378 5501 ἐποίησε
1403 5433 1461 5483 τὸ
1482 5433 1730 5500 πονηρὸν,
1758 5433 1830 5493 ὠς

253 5526 283 5578 ό
309 5528 484 5599 πατήρ
509 5521 1023 5593 αὑτοῆΜανασσῖ-,ς
1049 5523 1138 5573 καὶ
1158 5519 1362 5572 ἀνεῖλον
1396 5521 1553 5571 αὑτὸν
1577 5521 1624 5572 01
1647 5522 1831 5580 παῖδες

246 5616 429 5679 αὐτοῦ,
451 5614 547 5668 καὶ
573 5608 757 5675 ἐτάφη
783 5608 837 5657 ὲν
862 5611 1022 5675 κήπῳ
1054 5605 1201 5668 Ὀζᾶ,
1226 5606 1353 5658 ἐνθα
1375 5605 1468 5656 καὶ
1491 5608 1517 5657 6
1545 5606 1723 5675 πατὴρ
1745 5608 1838 5656 a6-

233 5706 344 5761 τοῦ.
368 5701 582 5762 Ἰωσίας
603 5699 635 5750 6
660 5693 779 5754 616;
803 5691 961 5743 αὐτοῦ
988 5691 1078 5761 ἐτη
1104 5692 1202 5744 λα’.
1232 5691 1429 5743 Τοῦτον
1449 5694 1476 5742 6
1496 5691 1620 5752 λαὸς
1647 5693 1831 5761 ήγειρε

220 5796 464 5871 βασιλέα,
497 5789 638 5843 ὄντα
685 5779 828 5832 ἐτῶν
869 5784 937 5847 η’,
964 5778 1056 5829 καὶ
1080 5777 1296 5846 ἐποίησε
1319 5776 1378 5828 16
1401 5777 1550 5838 εὺθὲς
1589 5779 1645 5829 ἐν
1681 5777 1825 5851 πάσῃ

1351 414 1681 473 SYNOPSIS
1718 406 2133 469 SCRIPTURIE
2171 404 2438 464 SACRE.

3379 410 3489 465 356

1940 519 2043 587 ὁδῷ
2083 519 2262 583 Δαυῖδ,
2285 519 2378 572 καὶ
2403 518 2500 570 οὐκ
2521 515 2727 585 ἀπέστη
2751 512 2915 582 δεξιᾷ,
2943 509 3060 564 οὐδὲ
3084 508 3361 580 ἀριστερᾷ.
3388 508 3500 563 Καὶ

1940 607 2045 676 γὰρ
2063 606 2155 657 καὶ
2173 606 2238 658 τὰ
2256 606 2392 674 άλση
2411 602 2652 671 ἐξέκοψε,
2675 603 2768 655 καὶ
2783 599 2851 653 τὰ
2870 597 3058 651 εἴδωλα
3077 597 3251 649 πάντα
3265 593 3496 650 καθείλε.

1941 691 2223 760 Γενόμενος
2249 690 2304 742 6t
2328 690 2463 741 ἐτῶν
2487 694 2581 753 ις’,
2605 688 2693 739 τόν
2714 702 2771 738 τε
2792 684 2952 754 νόμον
2994 681 3253 752 ζητήσας,
3282 680 3371 733 καὶ
3407 680 3497 733 εὑ-

1943 774 2049 845 ρὼν
2090 775 2463 845 ἀμεληθέντα,
2505 770 2913 839 ἀναγνωσθῆναι
2958 767 3222 835 πεποίηκε
3246 804 3261 831 ,
3307 763 3400 816 καὶ
3435 763 3497 818 τὸ

1940 858 2121 928 πάσχα
2155 859 2398 928 ἐποίησε,
2425 859 2519 910 καὶ
2550 854 2828 926 ἐκήρυξεν,
2855 853 2930 915 ὼς
2953 851 3279 922 γέγραπται.
3302 846 3497 902 Τοῦτον

1938 945 1992 998 δὲ
2013 945 2183 997 ἀνεῖλε
2206 944 2401 1015 Φαραὼ
2444 942 2639 1014 Νεχαὼ
2665 942 2756 994 ἐπὶ
2786 940 2879 993 106
2903 939 3183 1010 Εὐφράτου
3207 935 3500 1006 φιλονεικήο

1942 1047 2104 1082 σαντα
2127 1031 2260 1099 πρὸς
2280 1030 2457 1083 αὐτόν.
2474 1031 2596 1082 Ἐπὶ
2630 1029 2814 1080 τούτου
2849 1025 3110 1094 Ἱερεμίας
3131 1023 3224 1076 καὶ
3243 1021 3499 1088 Σοφονίας

1938 1109 2072 1183 ἦσαν
2097 1117 2143 1166 οί
2169 1115 2458 1184 προφῆται,
2487 1114 2578 1167 καὶ
2612 1112 2814 1180 Ὀλδὰή
2849 1111 3116 1179 προφῆτις
3138 1106 3273 1177 γυνὴ
3311 1105 3497 1174 Σελλῆ.

1953 1198 2174 1268 Ἰωάχαζ
2203 1201 2312 1260 616;
2332 1199 2493 1251 αὑτοῦ
2519 1199 2690 1268 μῆνας
2712 1199 2878 1267 τρεῖς,
2912 1196 3004 1248 καὶ
3027 1193 3244 1263 ἐποίησε
3267 1192 3325 1244 16
3348 1207 3501 1257 πονη-

1943 1283 2053 1352 ρὸν,
2083 1285 2173 1337 καὶ
2216 1287 2540 1354 μετέστησεν
2578 1282 2738 1335 αὑτὸν
2779 1280 2974 1352 Φαραὼ
3017 1277 3243 1347 Νεχαώ’
3277 1277 3368 1329 καὶ
3410 1278 3500 1328 ἐπὶ

1939 1368 2128 1420 τούτου
2151 1365 2218 1439 ἦν
2252 1369 2535 1438 Ἱερεμίας.
2555 1369 2832 1438 Ἐλιακείμ
2851 1368 3033 1435 ἔτερος
3055 1365 3164 1426 υἱὸς
3200 1361 3417 1426 Ἰωσίου,
3442 1361 3500 1423 ὃς

1949 1455 2334 1524 μετωνομάσθη
2374 1456 2644 1524 ἰωακεὶμ,
2671 1454 2762 1524 ἐτη
2783 1459 2877 1518 ια’,
2901 1452 2993 1504 καὶ
3014 1451 3231 1519 ἐποίησε
3255 1449 3314 1501 16
3336 1464 3500 1516 πονη-

1945 1539 2052 1608 ρόν.
2073 1541 2322 1609 Ἰωακεὶμ
2360 1543 2386 1592 6
2431 1542 2522 1593 καὶ
2553 1541 2820 1610 Ἰεχονίας,
2846 1541 2874 1590 6
2896 1538 3006 1600 616;
3028 1535 3213 1597 αὐτοῦ,
3241 1535 3411 1604 μῆνας
3430 1531 3499 1600 γ’.

1941 1625 2033 1675 καὶ
2070 1625 2288 1692 ἐποίησε
2332 1626 2391 1677 16
2429 1628 2658 1696 πονηρὸν
2694 1626 2786 1679 καὶ
2818 1623 3034 1694 ἀπήχθη
3074 1624 3154 1685 είς
3190 1619 3497 1674 Βαϐυλῶνα.

1941 1709 2164 1762 Ματθὰν
2189 1711 2217 1761 6
2233 1711 2342 1773 616;
2366 1712 2547 1764 016106.
2576 1712 2772 1763 Τοῦτον
2794 1709 3254 1778 Ναϐουχοδονόσορ
3281 1705 3500 1776 ἐποίησε

1942 1794 2182 1862 βασιλέα,
2221 1794 2367 1866 [560]
2402 1798 2494 1848 καὶ
2531 1797 2876 1866 μετωνόμασε
2904 1795 3064 1847 αὑτὸν
3086 1790 3362 1845 Σεδεκίαν.
3388 1792 3500 1843 Ka1

1939 1882 2279 1935 ἐϐασίλευσεν
2307 1884 2400 1951 ἐτη
2434 1883 2519 1952 ιβ’,
2548 1885 2639 1935 καὶ
2671 1883 2892 1952 ἐποίησε
2915 1882 2975 1934 16
2999 1879 3250 1949 πονηρόν.
3282 1879 3389 1933 Καὶ
3408 1881 3501 1932 ἐπὶ

1939 1968 2124 2020 τούτου
2175 1964 2242 2036 ἦν
2285 1966 2736 2037 Ὶερεμίας.’¹Εως
2787 1965 2972 2018 τούτου
3021 1968 3052 2034 ὴ
3111 1963 3352 2033 βασιλεία
3404 1962 3498 2016 τοῦ

1953 2052 2137 2117 Ἰούδα,
2161 2053 2250 2105 καὶ
2279 2053 2562 2122 κατελύθη,
2594 2053 2777 2120 ὥσπερ
2800 2052 2892 2103 καὶ
2915 2050 3012 2118 τῆς
3043 2048 3369 2119 Σαμαρείας.
3392 2047 3500 2099 Καὶ

1939 2141 2045 2211 γὰρ
2077 2144 2108 2210 ή
2144 2141 2294 2200 πόλις
2330 2141 2489 2204 ἐάλω,
2526 2141 2617 2192 καὶ
2648 2140 2844 2201 πάντες
2874 2135 3194 2206 ἀπήχθησαν
3218 2133 3499 2205 αἰχμάλω-

1937 2246 2018 2279 τοι
2055 2231 2133 2290 εἰς
2167 2226 2456 2278 Βαϐυλῶνα
2490 2225 2624 2296 μετὰ
2649 2223 2872 2277 σκευῶν.
2905 2222 3023 2275 Είσὶ
3049 2221 3105 2274 δὲ
3132 2220 3367 2294 βασιλεῖς
3391 2226 3499 2288 καί,

1941 2314 2096 2375 ἐκτὸς
2130 2313 2166 2363 Γ
2170 2313 2398 2375 οθολίας.

2022 2413 2282 2482 Ὀνόματα
2313 2413 2418 2465 τίῖιν
2453 2413 2706 2482 βασιλέων
2750 2410 2853 2464 τῶν
2901 2410 3200 2480 γενομένων
3231 2411 3288 2462 ἐν
3315 2409 3500 2479 Σαμα-

1940 2499 2080 2569 ρείᾳ,
2115 2500 2206 2550 καὶ
2244 2502 2390 2550 ποῖον
2435 2500 2528 2568 τῆς
2580 2499 2805 2550 ἑκάστου
2835 2496 3082 2566 πράξεως
3107 2496 3297 2564 γέγονε
3326 2494 3496 2559 τέλος,

1939 2586 2030 2638 καὶ
2060 2585 2197 2636 πόσα
2224 2584 2317 2653 ἐτη
2349 2585 2573 2646 ἕκαστος
2617 2584 2978 2645 ἐϐασίλευσεν,
3015 2580 3500 2649 οὓτακ.⁹ιεροϐοάμ

1939 2672 2050 2732 616;
2084 2670 2268 2722 Ναϐἁθ
2303 2671 2395 2738 ἐτη
2423 2671 2516 2722 κδ’.
2555 2664 2718 2730 Οὗτος
2750 2669 3056 2738 σχισθείσης
3086 2666 3184 2736 τῆς
3227 2665 3501 2735 βασιλείας

1939 2755 2170 2808 ἀνελθὼν
2197 2757 2286 2806 ἀπ’
2314 2755 2585 2821 Αἰγύπτου
2626 2756 2838 2824 πρῶτος
2864 2752 3205 2807 ἐϐασίλευσεν
3239 2753 3296 2804 ἐν
3320 2753 3503 2821 Σαμα-

1942 2841 2082 2911 ρείᾳ,
2116 2841 2206 2893 καὶ
2233 2842 2449 2908 ἐποίησε
2495 2841 2554 2892 16
2601 2839 2830 2909 πονηρὸν
2860 2840 2933 2901 ὡς
2961 2839 3134 2902 οὐδεὶς
3163 2838 3364 2908 ἔτερος.
3405 2839 3503 2891 Φο·

1940 2929 2196 2998 ϐούμενος
2225 2929 2329 2997 γὰρ
2365 2930 2437 2998 μὴ
2466 2929 2800 2997 καταληφθῇ,
2837 2927 3058 2998 ἐποίησε
3089 2927 3345 2997 δαμάλεις
3370 2942 3500 2996 χρυ-

1940 3017 2037 3078 σᾶς
2067 3015 2179 3078 δύο,
2221 3017 2313 3067 καὶ
2337 3017 2579 3084 ήπάτησε
2615 3015 2703 3066 16v
2732 3014 2856 3067 λαὸν
2890 3014 3091 3083 λέγων·
3139 3009 3313 3070 Οὗτοί
3346 3012 3503 3068 εἶσιν

1938 3107 1990 3158 οί
2041 3103 2183 3169 θεοὶ,
2229 3106 2278 3155 οὶ
2328 3103 2727 3170 ἀναγαγόντες
2763 3102 2916 3171 ἡμᾶς
2944 3103 3011 3156 ἐκ
3048 3101 3162 3170 τῆς
3180 3103 3498 3170 Δίγύπτου.

1953 3192 2249 3244 Ἐπλάσατο
2280 3192 2370 3242 καὶ
2414 3191 2602 3260 ἐορτάς
2642 3193 2734 3242 καὶ
2770 3191 2981 3261 ἱερέας’
3025 3189 3132 3243 Καὶ
3183 3185 3358 3256 οὗτος
3401 3189 3498 3253 ἐξ·

1937 3276 2157 3344 ἥμαρτε
2181 3279 2284 3330 τὸν
2319 3277 2581 3344 Ἰσραήλ.
2609 3277 2763 3346 Αὐτῷ
2816 3278 2921 3347 γὰρ
2966 3278 3165 3340 πάντες
3191 3279 3240 3330 01
3269 3275 3382 3346 μετ’
3407 3278 3502 3329 a6-

1937 3361 2026 3414 16v
2058 3363 2682 3433 κατηκολούθησαν.Ἐπὶ
2713 3363 2899 3414 τούτου
2926 3357 2993 3432 ἢν
3013 3365 3291 3433 προφήτης
3322 3362 3503 3431 ’Δχίας

1937 3453 1966 3501 6
1998 3452 2286 3520 Σιλονίτης,
2317 3452 2406 3504 καλ⁸
2450 3453 2479 3503 6
2528 3451 2983 3521 ἐπικαλεσάμενος
3015 3453 3104 3504 ἐπὶ
3127 3452 3189 3504 16
3217 3450 3504 3522 θυσιαστή-

1942 3556 2053 3607 ριον
2079 3540 2196 3590 κατ’
2218 3539 2400 3592 αὑτοῦ.
2421 3538 2609 3592 Ναϐὰθ
2635 3541 2744 3600 616;
2770 3539 2930 3592 αὐτοῦ
2962 3539 3052 3609 ἐτη
3086 3538 3150 3608 β’,
3177 3537 3268 3590 καὶ
3289 3539 3502 3609 ἐποίησε

1938 3626 1996 3677 16
2019 3625 2268 3695 πονηρὸν,
2304 3625 2396 3678 καὶ
2441 3626 2538 3678 οὐκ
2572 3625 2649 3678 ἔτι
2682 3643 2762 3688 τις
2809 3629 2870 3678 ἐκ
2903 3626 3090 3693 γένους
3133 3625 3293 3678 αὑτοῦ
3323 3625 3504 3679 ἐϐασί-

1939 3711 2112 3763 λευσε.
2142 3711 2356 3780 Ζαμϐρὶ
2383 3711 2565 3780 ἐτέρου
2596 3712 2782 3779 γένους
2811 3713 2904 3780 ἐτη
2945 3711 3027 3780 ιβ’.
3067 3711 3255 3763 Βαασᾶ
3281 3710 3372 3780 ἐτη
3403 3711 3498 3776 κδ’,

1939 3800 2030 3848 καὶ
2077 3797 2298 3866 ἐποίησε
2325 3797 2386 3848 16
2415 3796 2667 3867 πονηρόν.
2687 3798 2806 3850 Ἐπὶ
2848 3798 3034 3850 τούτου
3065 3798 3335 3868 προφῆται
3365 3792 3502 3868 ἦσαν

1950 3882 2149 3946 Ἠλίας,
2179 3883 2271 3935 καὶ
2318 3883 2629 3948 Ἐλισσαῖος,
2658 3885 2750 3936 καὶ
2783 3884 3037 3953 Μιχαίας,
3082 3884 3176 3937 καὶ
3217 3885 3246 3937 6
3291 3901 3501 3955 προφη-

1935 3967 2126 4028 τεύσας
2148 3967 2226 4035 τῷ
2256 3968 2456 4037 Ἀχαάϐ
2480 3969 2603 4036 περὶ
2629 3969 2722 4037 τῆς
2747 3969 2938 4038 Συρίας
2961 3970 3050 4021 καὶ
3071 3968 3162 4021 τοῦ
3184 3969 3299 4021 υἱοῦ
3328 3969 3498 4040 ’Λδέρ,

1936 4054 2028 4106 καὶ
2075 4056 2102 4106 ὁ
2157 4055 2396 4117 πατάξας
2444 4057 2605 4108 αὑτὸν
2650 4056 2954 4126 τραύματι,
3007 4057 3098 4108 καὶ
3149 4055 3366 4123 ἐλέγξας
3410 4055 3501 4107 16v

1949 4139 2167 4207 Ἀχαὰϐ,
2199 4141 2289 4189 καὶ
2318 4140 2500 4191 πολλοὶ
2531 4141 2646 4192 καθ’
2669 4142 2890 4202 ἐαυτοὺς
2923 4142 3026 4192 6101
3053 4141 3160 4192 τῶν
3188 4139 3495 4210 προφητῶν.

1949 4225 2188 4293 Ὀχοζίας
2218 4225 2330 4287 υίὸς
2355 4227 2515 4278 αὑτοῦ
2547 4226 2637 4295 ἔτη
2672 4226 2738 4295 β’,
2772 4229 2866 4279 καὶ
2906 4228 3128 4296 ἐποίησε
3156 4228 3214 4278 τὸ
3247 4227 3498 4296 πονηρόν.

1936 4313 2043 4364 Καὶ
2073 4313 2158 4366 ἐπὶ
2197 4313 2382 4365 τούτου
2412 4311 2549 4383 ἦσαν
2596 4315 2774 4376 Ἠλίας
2820 4315 2912 4368 καὶ
2949 4315 3276 4378 Ἐλισσαῖος·
3335 4316 3498 4369 αὑτοῦ

1935 4399 2042 4467 γάρ
2086 4402 2208 4461 τοὺς
2253 4402 2743 4471 πεντηκονταρχους
2778 4401 3038 4465 ἐπάταξεν
3067 4405 3124 4456 ἐν
3153 4404 3281 4474 πυρὶ
3319 4402 3499 4466 Ἠλίας

1934 4488 1991 4539 ἐν
2028 4489 2229 4556 ῥήματι
2265 4487 2702 4559 Κυρίου,’1ωράμ
2740 4491 2849 4551 616;
2891 4490 3092 4558 Ἀχαάϐ
3142 4491 3235 4560 ἐτη
3281 4489 3367 4560 ιβ’,
3408 4493 3499 4544 καὶ

1935 4573 2153 4642 ἐποίησε
2190 4575 2249 4625 16
2281 4575 2530 4644 πονηρὸν,
2561 4577 2652 4628 καὶ
2676 4577 2856 4628 οὐκέτι
2881 4594 2961 4639 τις
2990 4578 3084 4630 106
3118 4579 3302 4644 γένους
3332 4571 3496 4632 αὑτοῦ

1934 4660 2262 4712 ἐϐασίλευσε.
2304 4663 2410 4714 Ka1
2437 4665 2464 4714 6
2496 4663 2592 4730 μέν
2633 4661 2815 4724 Ἠλίας
2843 4663 3118 4732 ἀνελήφθη
3150 4665 3242 4717 ἐπὶ
3265 4664 3452 4718 τούτου
3479 4682 3493 4696 ·

1933 4747 1960 4795 6
2005 4745 2060 4797 δὲ
2099 4747 2390 4808 Ἐλισσαῖος
2427 4747 2688 4814 διέμεινεν
2733 4748 2835 4810 ἕως
2878 4749 3173 4819 Ὶεροϐοάμ,
3199 4750 3309 4803 616v
3349 4750 3497 4816 Ἰωὰς

1937 4832 2193 4901 βασιλέως
2237 4831 2646 4902 ’1σραήλ.Ἧσαν
2667 4834 2722 4885 δὲ
2749 4834 2841 4887 καὶ
2865 4836 2956 4887 ἐπὶ
2982 4834 3168 4888 τούτου
3195 4839 3242 4890 οἱ
3269 4838 3370 4892 6101
3390 4839 3498 4893 τῶν

1933 4919 2242 4987 προφητῶν.
2278 4917 2377 4970 Ἰοῦ
2409 4918 2592 4986 ἐτέρου
2621 4919 2825 4985 γένους,
2850 4921 2964 4984 616;
2983 4921 3264 4992 Ναμεσσῆ,
3282 4923 3372 4994 ῑτη
3393 4925 3493 4994 κβ’.

1934 4999 2096 5065 Οὗτος
2123 5005 2296 5056 ἀνεῖλε
2330 5004 2389 5055 16
2414 5005 2565 5070 γένος
2603 5007 2802 5074 Ἀχαάϐ
2833 5009 2924 5060 καὶ
2947 5008 3070 5071 τοὺς
3098 5011 3380 5079 προφήτας
3403 5011 3495 5064 106

1934 5091 2076 5144 Βάαλ
2122 5095 2176 5142 ἐν
2205 5091 2280 5158 τῷ
2320 5092 2650 5162 πτερνισμῷ,
2684 5096 2777 5146 καὶ
2807 5095 2905 5164 τήν
2946 5098 3142 5166 στήλην
3176 5097 3335 5149 αὐτοῦ
3369 5114 3494 5149 συν·

1933 5177 2131 5244 έτριψε.
2175 5177 2281 5228 Καὶ
2312 5178 2368 5228 ἐν
2397 5178 2599 5240 τούτοις
2626 5182 2849 5249 ποιήσας
2877 5180 2935 5232 16
2959 5181 3127 5242 εὑθές,
3160 5181 3281 5250 ἔσχε
3324 5183 3496 5248 ἐπαγ-

1931 5263 2133 5329 γελίαν,
2165 5262 2243 5313 ὅτι
2275 5263 2392 5314 Υἱοὶ
2426 5264 2668 5334 τέταρτοι
2713 5266 3019 5318 καθίσονταί
3063 5283 3143 5319 σοι
3169 5268 3258 5319 ἐπὶ
3284 5267 3493 5337 θρόνου.

1947 5350 2154 5418 Ίοαχάζ
2180 5350 2290 5412 υἱὸς
2320 5352 2482 5404 616106
2526 5354 2618 5422 ἐτη
2669 5355 2754 5415 ιζ’,
2789 5355 2880 5406 καὶ
2909 5353 3124 5421 ἐποίησε
3151 5353 3212 5407 16
3244 5354 3492 5425 πονηρὸν,

1933 5436 2023 5488 καὶ
2057 5436 2358 5506 ἐπολέμησε
2384 5440 2480 5508 τὴν
2508 5439 2873 5510 Ἰερουσαλὴμ,
2903 5441 2995 5492 καὶ
3022 5440 3175 5493 ἔλαϐε
3197 5441 3256 5493 16
3277 5441 3494 5511 χρυσίον

1932 5522 2025 5574 καὶ
2077 5523 2142 5573 τά
2181 5523 2365 5591 σκεύη.
2402 5525 2680 5595 Ὶεροϐοὰμ
2730 5526 2842 5587 616;
2897 5526 3057 5578 αὐτοῦ
3103 5526 3194 5596 ἐτη
3248 5533 3355 5598 μα’,
3402 5527 3495 5580 καὶ

1935 5607 2153 5674 ἐποίησε
2202 5609 2259 5658 τὸ
2301 5610 2548 5679 πονηρόν.
2584 5612 2852 5680 Ζαχαρίας
2883 5612 2994 5674 616;
3022 5611 3180 5663 αὑτοῦ
3216 5612 3386 5682 μῆνας
3418 5623 3494 5678 ς’,

1934 5694 2027 5745 καὶ
2052 5693 2271 5762 ἐποίησε
2300 5697 2359 5747 16
2391 5699 2792 5768 πονηρόν.”Εως
2816 5699 2999 5751 τούτου
3022 5699 3271 5766 γεγόνασι
3295 5699 3387 5752 τοῦ
3406 5701 3492 5768 γί-

1934 5796 2056 5840 νους
2094 5778 2192 5830 ’ἰοῦ
2228 5781 2331 5831 υἱοὶ
2366 5784 2625 5852 τέταρτοι.
2661 5784 2895 5853 Σελλοὺμ
2934 5783 3114 5854 ἐτέρου
3142 5784 3346 5852 γένους,
3383 5785 3497 5853 υίὸς
