4096 6504
321 434 432 488 357

309 554 417 596 tem
468 544 809 613 expugnavit,
841 558 1023 596 aurum
1054 552 1105 595 et
1147 556 1267 595 vasa
1314 540 1546 593 abstulit.
1596 538 1875 592 Jeroboam

312 634 455 687 finus
484 650 599 701 ejus
627 635 779 688 annis
798 634 886 697 M,
933 632 1159 700 fecitque
1190 631 1404 683 malum.
1436 627 1717 681 Zacharias
1744 627 1877 680 filius

308 738 433 789 ejus
462 724 732 776 mensibus
767 737 856 775 sex
877 765 891 787 ,
936 720 1160 788 fecitque
1186 720 1400 771 malum.
1430 717 1691 770 IIactenus
1715 731 1878 785 genus

310 812 452 867 Jcltu
474 829 640 881 usque
660 813 723 866 ad
746 820 986 880 quartam
1011 810 1403 880 generationem
1434 808 1657 862 duravit.
1683 806 1876 860 Sellum

308 920 385 958 ex
413 906 511 957 alia
540 900 874 971 stirpe,filius
890 900 1299 969 Jahis,reguavit
1329 898 1441 951 dies
1472 898 1698 965 triginta,
1722 904 1774 947 et
1798 894 1873 947 fe-

309 996 392 1047 eit
416 994 555 1063 Quod
587 994 781 1046 malum
818 1000 948 1046 erat.
996 992 1231 1043 Manaem
1262 1005 1327 1041 ex
1352 988 1455 1040 alio
1483 1001 1703 1054 genere,
1744 985 1879 1036 filius

311 1080 521 1149 Gadde,
550 1099 714 1137 annos
755 1082 955 1151 viginti,
989 1090 1040 1132 et
1065 1078 1188 1133 fecit
1214 1078 1352 1147 quod
1379 1076 1573 1131 malttm
1604 1084 1735 1129 erat.
1771 1075 1879 1127 llu-

310 1177 403 1243 jus
432 1185 665 1240 tempore
696 1173 1073 1241 prophetarum
1120 1170 1281 1224 Isaias
1318 1176 1369 1222 et
1396 1166 1549 1221 Osee.
1586 1166 1788 1219 Phacee
1815 1165 1881 1217 de

316 1266 422 1317 alia
456 1266 637 1332 stirpe,
670 1265 804 1315 filius
830 1262 1100 1322 llotnclite,
1131 1275 1298 1311 annos
1338 1257 1540 1324 viginti.
1575 1257 1668 1309 llic
1692 1255 1882 1308 occidit

313 1352 622 1414 Phakeiam,
653 1362 707 1405 et
746 1352 869 1404 fecit
911 1351 1126 1402 malum.
1161 1348 1269 1403 Sub
1317 1348 1415 1400 hoc
1456 1356 1605 1399 erant
1632 1344 1790 1397 l~aias
1829 1352 1884 1397 et

311 1441 457 1496 Osee
485 1439 768 1509 prophetae.
802 1440 937 1492 Osce
965 1453 1030 1491 ex
1052 1438 1150 1489 alia
1204 1436 1386 1503 stirpe,
1426 1435 1560 1486 filius
1604 1428 1746 1490 Elas.
1791 1446 1885 1483 an-

314 1546 419 1585 nos
448 1546 650 1585 novem.
673 1530 766 1583 IIie
781 1528 970 1581 occidit
998 1542 1173 1595 regem
1195 1526 1420 1584 Phacec,
1443 1532 1496 1577 et
1516 1522 1637 1576 fecit
1665 1522 1880 1573 malum:

312 1636 501 1674 verum
551 1636 652 1673 non
683 1621 819 1673 sicut
845 1617 1153 1670 decess0res
1190 1615 1324 1683 ejus.
1365 1614 1502 1668 Osee
1533 1613 1746 1666 ultimus
1789 1611 1886 1664 fuit

312 1728 412 1767 rex
444 1712 711 1765 Samarire.
742 1710 797 1763 In
827 1710 969 1761 illum
998 1708 1137 1761 enim
1170 1706 1441 1759 desierunt
1470 1719 1639 1773 reges,
1670 1713 1720 1756 et
1761 1718 1883 1772 per-

314 1808 379 1858 iit
416 1804 670 1867 Samaria,
698 1816 852 1871 quam
887 1800 1136 1866 deinceps
1161 1796 1518 1850 inhabitarunt
1549 1793 1765 1863 Assyrii.
1805 1792 1885 1846 Ex

309 1898 507 1965 quibus
535 1896 633 1949 orti
666 1903 789 1948 sunt
818 1891 1051 1946 hmrctici
1104 1891 1401 1945 Samaritae,
1425 1887 1511 1955 qui
1544 1894 1599 1940 et
1648 1884 1885 1938 Saducmi

307 1998 588 2042 vocantur.
605 1986 658 2039 In
680 1986 790 2038 ltrec
807 1984 999 2039 desinit
1023 1990 1158 2034 totus
1178 1994 1369 2045 scopus
1385 1977 1636 2030 librorum
1656 1975 1873 2042 Regum.

624 2130 1040 2178 PARALIPOMENA,
1071 2129 1223 2166 LIBER
1270 2126 1455 2165 paruus
1482 2110 1577 2179 (a).

389 2251 782 2319 Paralipomena
809 2254 1080 2309 vocantur,
1108 2244 1229 2312 quia
1255 2242 1412 2295 multa
1436 2243 1485 2294 in
1514 2240 1662 2294 libris
1680 2240 1888 2307 Regno-

316 2358 441 2395 rum
493 2339 845 2409 pnetermissa
879 2339 929 2390 in
961 2336 1107 2389 hisce
1154 2333 1301 2388 libris
1332 2332 1692 2386 continentur.
1726 2330 1889 2385 liabe-

308 2443 402 2484 tur
432 2438 602 2481 autem
630 2429 677 2480 in
700 2428 868 2495 primo
892 2428 989 2478 hoc
1020 2425 1155 2477 libro
1181 2423 1415 2477 omnium
1441 2420 1665 2473 tribuum
1696 2433 1889 2487 genea—

309 2522 455 2589 logia
495 2520 560 2573 ab
603 2519 767 2571 Adam
802 2531 965 2585 usque
990 2515 1054 2567 ad
1088 2529 1238 2583 reges
1284 2511 1572 2565 secundum
1622 2510 1789 2563 tribus
1834 2519 1887 2563 et

307 2612 539 2679 populos
566 2620 618 2663 et
655 2609 874 2660 faiiiilias
926 2620 975 2660 et
1007 2606 1213 2659 domos.
1237 2605 1379 2669 Quos
1408 2617 1471 2655 ex
1503 2600 1698 2654 Levitis
1739 2599 1886 2651 insti-

313 2702 480 2755 tuerit
514 2700 673 2752 David
702 2699 765 2749 ad
793 2696 1085 2749 cauendum
1119 2696 1245 2756 Deo,
1272 2702 1326 2745 et
1351 2706 1480 2759 quos
1510 2687 1791 2742 instituerit
1818 2686 1884 2739 ad

309 2792 496 2860 templi
528 2806 708 2859 opera.
742 2790 855 2857 Ipse
887 2801 1110 2854 namque
1135 2782 1277 2852 prior
1292 2780 1547 2849 templum
1563 2778 1779 2832 fundare
1808 2778 1886 2831 in-

308 2885 475 2951 Cepit.
506 2883 617 2934 Alia
648 2894 856 2949 quoque
889 2876 1182 2929 minutatim
1212 2874 1279 2926 de
1323 2872 1537 2941 regibus
1566 2880 1619 2923 et
1660 2884 1883 2939 genera-

312 2973 545 3027 tionibus
568 2970 830 3022 edisserit.
867 2967 1067 3030 Quibus
1094 2965 1191 3016 lioc
1215 2959 1633 3029 subiungendum
1654 2967 1755 3023 est,
1788 2974 1884 3011 au-

312 3079 418 3117 nos
464 3075 647 3114 omnes
695 3072 878 3112 eorum
925 3057 1014 3123 qui
1065 3057 1116 3108 in
1175 3053 1468 3107 Jerusalem
1520 3060 1805 3120 regnarunt
1854 3063 1887 3103 δ

321 3154 543 3215 Davide,
569 3163 687 3205 esse
715 3148 1132 3218 quadringentos
1163 3145 1488 3214 septuaginta
1518 3142 1884 3212 quatuor.Re-

308 3260 410 3315 ges
435 3251 609 3298 autem
636 3254 821 3297 omnes
864 3242 1069 3293 fut~runt
1112 3252 1173 3289 ex
1206 3251 1304 3289 una
1336 3236 1500 3303 stirpe
1542 3234 1752 3287 Davidis
1785 3252 1797 3286 :
1832 3240 1885 3287 ct

307 3331 569 3408 quiquod
603 3346 802 3389 rectum
836 3341 951 3385 erat
982 3330 1215 3384 fecerunt
1243 3342 1430 3380 novem
1462 3336 1583 3378 sunt
1608 3343 1619 3377 :
1644 3325 1728 3392 qui
1758 3339 1883 3377 vero

307 3423 534 3485 malum,
566 3422 864 3485 duodecim,
902 3430 1119 3488 excepta
1151 3418 1417 3473 Gotholia.
1450 3417 1642 3469 Eorum
1684 3425 1878 3478 autem,

309 3516 475 3580 quiin
506 3516 741 3568 Satnaria
786 3520 1101 3581 regnarunt,
1131 3524 1318 3563 omnes
1357 3510 1478 3561 anni
1523 3516 1645 3560 sunt
1673 3507 1881 3560 ducenti

306 3604 582 3671 sexaginta
628 3620 814 3656 novem
846 3612 899 3655 et
930 3602 1135 3670 triginta
1166 3600 1320 3652 dies:
1368 3598 1749 3665 duodecimque
1803 3613 1883 3651 re-

305 3707 409 3760 ges
438 3709 497 3744 ex
523 3703 641 3746 octo
670 3693 890 3745 diversis
913 3690 1163 3758 stirpibus
1203 3688 1411 3742 fuerunt
1443 3705 1457 3751 ;
1499 3703 1683 3742 omnes
1708 3696 1881 3740 autem

304 3782 554 3834 fecerunt
593 3782 808 3842 malum,
850 3780 1137 3832 srcnndum
1184 3788 1452 3846 peccatum
1488 3777 1809 3830 Jerohoami.

615 3927 1038 3975 PARALIPOMENA,
1095 3926 1245 3963 LIBER
1284 3924 1561 3963 SECUNDUS.

387 4048 441 4101 In
472 4047 704 4100 secundo
730 4046 865 4098 libro
897 4044 1332 4112 Paralipomenon
1363 4053 1703 4095 recensentur
1736 4052 1882 4109 gesta

304 4154 515 4206 regum.
562 4139 660 4203 Qui
716 4148 892 4189 autem
961 4136 1045 4188 illa
1115 4133 1545 4202 descripserunt,
1615 4132 1884 4199 prophetae

306 4232 391 4285 illi
422 4229 628 4281 fuerunt
652 4229 738 4295 qui
782 4226 1002 4280 diversis
1034 4224 1180 4278 fuere
1210 4223 1553 4291 temporibus.
1600 4222 1665 4277 Ut
1708 4233 1883 4276 autem

304 4318 610 4382 singulatim
641 4317 837 4371 sciatur
859 4315 1067 4382 quinam
1100 4314 1211 4367 hmc
1240 4314 1566 4381 scripserint,
1591 4312 1882 4367 observan-

303 4410 442 4463 dum
473 4417 552 4460 est
595 4406 679 4459 hic
713 4416 858 4475 gesta
908 4404 1087 4457 haberi
1138 4403 1372 4456 omnium
1420 4418 1599 4471 regum
1632 4402 1786 4455 Israel
1832 4410 1886 4456 et

300 4500 446 4553 Juda
474 4515 486 4559 ;
517 4514 574 4551 ea
595 4497 794 4549 scilicet
813 4511 928 4564 quae
952 4496 1303 4563 praztermissa
1331 4502 1452 4546 sunt
1474 4494 1521 4546 in
1555 4494 1770 4547 historia
1799 4509 1885 4547 re-

300 4604 457 4657 gum.
490 4590 586 4653 Qui
628 4601 783 4654 porro
828 4588 1003 4639 omnia
1046 4587 1279 4654 ipsorum
1316 4594 1460 4654 gesta
1491 4584 1884 4653 descripserunt

307 4677 369 4729 lii
400 4685 522 4729 sunt
552 4694 563 4728 :
596 4675 804 4727 Davidis
836 4682 980 4742 gesta
1024 4675 1349 4741 scripserunt
1395 4673 1607 4727 Samuel
1633 4714 1648 4738 ,
1678 4674 1881 4728 Natlian

298 4778 362 4820 ct
396 4766 504 4820 Gad
530 4764 796 4834 propheta:
827 4781 837 4815 :
872 4764 1190 4822 Salomonis,
1219 4762 1418 4815 Nathau
1446 4774 1497 4816 et
1545 4763 1735 4816 Achias
1758 4779 1880 4831 pro-

302 4857 490 4925 pheta:
521 4874 533 4909 :
559 4856 877 4915 Jeroboami,
905 4855 1120 4906 Semeas
1141 4862 1191 4903 et
1212 4852 1358 4904 Addo
1382 4852 1649 4919 propheta:
1673 4868 1684 4901 :
1713 4853 1878 4919 Abite,

303 4945 470 5001 Addo
514 4944 788 5011 νΙῸιιΙιιξιίι.
835 4948 949 4996 Asze
976 4953 1120 5012 gesta
1154 4943 1412 4993 habentur
1441 4941 1490 4993 in
1520 4934 1653 4993 libro
1682 4957 1883 4995 sermo-

305 5052 441 5090 num
489 5034 553 5087 de
596 5033 807 5099 regibus
843 5033 977 5085 Juda
1016 5051 1026 5083 :
1071 5031 1340 5099 Josapbati
1374 5072 1387 5093 ,
1438 5028 1570 5082 Jchu
1596 5032 1872 5102 propheta,

306 5128 453 5181 filius
497 5127 729 5186 Aname,
778 5125 865 5191 qui
896 5123 1104 5188 scripsit
1144 5122 1328 5173 librum
1358 5134 1658 5173 sermonum
1701 5134 1879 5186 regum

304 5215 491 5271 Israel.
522 5214 650 5281 Quae
697 5212 820 5266 Joas
866 5212 1063 5279 gessit,
1096 5211 1257 5263 relata
1306 5219 1428 5262 sunt
1475 5210 1524 5262 in
1569 5208 1879 5275 scripturam

307 5310 638 5375 Regnorum.
673 5302 799 5368 Qua:
844 5303 1102 5363 Amasias,
1153 5301 1201 5352 in
1234 5300 1422 5353 librum
1456 5314 1635 5366 regum
1671 5297 1798 5375 Juda
1829 5305 1883 5350 ct

307 5372 491 5455 Israel.
525 5397 652 5463 Quae
672 5395 846 5453 Ozias,
865 5393 1072 5459 scripsit
1100 5392 1260 5445 Isaias
1288 5390 1564 5459 propheta.
1610 5389 1734 5455 Quae
1761 5372 1883 5442 joa-

306 5492 477 5555 tbam,
510 5489 561 5541 in
592 5486 730 5540 libro
756 5498 933 5551 regum
965 5481 1096 5536 Iuda
1134 5491 1186 5535 et
1215 5481 1394 5537 Israel.
1424 5480 1552 5548 Qua:
1591 5479 1788 5545 Achaz,
1829 5478 1882 5533 in

366 5665 437 5775 (αὲ
463 5673 577 5721 quae
623 5660 915 5719 sequuntur,
941 5655 1001 5702 de
1044 5650 1165 5723 libro
1212 5653 1365 5714 primo
1404 5648 1884 5722 Paralipomenondi-

366 5744 391 5775 ι.
434 5740 522 5775 ere
548 5722 794 5770 habentur
831 5720 877 5764 in
915 5724 1105 5775 Sytmpsi
1145 5713 1224 5762 illa
1245 5752 1257 5772 ,
1282 5726 1392 5775 qua:
1416 5712 1659 5762 Athanasu
1689 5722 1883 5760 nomine

297 5712 522 5787 cta‘pfere
548 5712 794 5787 habentur
831 5720 877 5787 in
915 5715 1124 5787 Synopsi_
1145 5712 1228 5762 illa
1245 5752 1257 5772 ,
1282 5726 1392 5775 qua:
1416 5712 1659 5762 Athanasii
1689 5712 1883 5760 nomine

293 5780 391 5842 cod.
401 5794 562 5854 paret,
590 5781 685 5833 sed
704 5780 905 5828 brevius
921 5780 1175 5827 recensita.

1406 425 1721 482 SYNOI’SIS
1757 423 2160 478 SCRIPTUBAE
2199 425 2461 482 SACBJE.

3442 440 3553 496 358

1989 537 2120 591 libro
2149 555 2326 607 regum
2347 540 2478 594 Iuda
2496 550 2546 594 et
2570 540 2747 595 Israel.
2778 541 2906 609 Qum
2926 539 3193 602 Ezechias,
3229 540 3386 596 Isaias
3408 540 3544 593 Illius

1985 629 2146 681 Amos
2173 631 2444 697 pmplieta.
2476 631 2602 695 Quae
2644 631 2909 685 Manasscs
2930 674 2945 697 ,
2995 632 3044 684 in
3075 631 3207 683 libro
3235 630 3542 683 videntium.

1982 722 2111 784 Qnte
2137 720 2393 784 Josias,in
2423 722 2555 775 libro
2591 738 2768 791 regum
2794 723 2925 776 Iuda
2954 733 3006 776 et
3033 722 3212 777 Israel.
3246 723 3371 785 Quae
3417 720 3542 773 Joa-

1984 809 2146 873 cbim,
2180 810 2229 861 in
2262 810 2396 862 libro
2424 826 2602 878 regum
2628 810 2761 864 .Iuda
2791 822 2845 864 et
2872 810 3048 864 Israel.
3080 812 3201 863 Ilalc
3242 811 3317 862 sic
3364 809 3541 876 dispo-

1984 899 2080 951 sita
2128 900 2463 952 inveniuntur
2492 901 2542 952 in
2575 901 2981 969 Paralipomeuis
3024 917 3224 970 regum.

2384 1049 2604 1098 resonas,
2650 1048 2800 1089 LIBER
2829 1049 3012 1088 PRIMUS
3042 1035 3141 1105 (a).

2061 1167 2253 1220 Esdras
2280 1178 2493 1221 vocatur
2521 1169 2604 1222 liic
2626 1168 2776 1233 liber,
2807 1170 2923 1233 quia
2958 1170 3067 1236 ipse
3094 1168 3289 1222 Esdras
3304 1169 3553 1224 sacerdos

1986 1274 2103 1309 cum
2127 1268 2267 1311 es~et
2290 1268 2343 1311 et
2367 1259 2548 1321 lector,
2575 1268 2785 1312 enarrat
2810 1274 2871 1312 ac
2886 1259 3133 1313 describit
3160 1261 3383 1314 reditum
3416 1261 3544 1315 filio-

1988 1363 2101 1399 rum
2133 1346 2289 1401 Israel
2318 1364 2380 1401 ex
2410 1348 2625 1402 Perside
2656 1350 2702 1401 in
2738 1348 3047 1403 Ierusalem.
3090 1349 3205 1402 Fuit
3229 1360 3401 1404 autem
3435 1356 3541 1405 red-

1991 1437 2094 1490 itus
2125 1440 2292 1505 primo
2322 1439 2529 1506 quidem
2557 1455 2618 1491 ex
2643 1440 2792 1507 jussu
2840 1440 2958 1509 Cyri
2990 1449 3041 1494 et
3092 1440 3230 1494 Darii
3274 1456 3457 1511 regum
3502 1442 3548 1496 in

1990 1543 2145 1580 tnanu
2186 1528 2310 1583 Jesu
2351 1530 2439 1582 filii
2470 1529 2691 1583 Josedec
2718 1540 2770 1582 et
2798 1529 2980 1582 Esdraa
3001 1539 3157 1597 atque
3186 1530 3546 1599 Zorobabelis,

1990 1620 2077 1686 qui
2121 1621 2259 1673 circa
2282 1622 2622 1688 quaestionem
2668 1621 2946 1687 quamdam
2977 1621 3386 1687 contendebant,
3419 1622 3553 1677 facta

1990 1712 2339 1778 promissione
2363 1754 2378 1774 ,
2428 1713 2595 1781 utqui
2644 1714 2873 1765 vinceret
2911 1728 2939 1765 a
2971 1729 3091 1782 rege
3116 1714 3366 1781 quidquid
3399 1714 3554 1767 vellet

1996 1810 2217 1867 peteret.
2247 1800 2379 1854 Cum
2426 1817 2558 1854 unus
2592 1817 2715 1870 ergo
2737 1802 2955 1855 dixisset
2984 1802 3168 1855 fortius
3194 1818 3310 1856 esse
3338 1803 3513 1857 vinum
3537 1821 3550 1868 ;

1990 1890 2122 1942 alter
2148 1889 2414 1943 fortiorem
2442 1906 2560 1943 esse
2590 1907 2787 1959 regem,
2820 1890 3110 1945 Zorobabel
3138 1893 3409 1945 contendit
3449 1894 3553 1945 for-

1990 1979 2149 2033 tiores
2170 1995 2290 2034 esse
2319 1981 2587 2043 mulieres,
2612 1982 2989 2047 veritatemque
3010 1997 3167 2049 super
3184 1983 3355 2034 omnia
3374 1984 3554 2037 excel-

1990 2069 2118 2124 lere.
2143 2070 2264 2123 Iltrc
2284 2071 2400 2138 quia
2426 2072 2669 2139 loquutus
2690 2071 3000 2134 Zorobahel,
3029 2074 3195 2124 victor
3212 2075 3375 2126 etasit
3398 2092 3413 2126 :
3436 2089 3554 2127 cum

1985 2158 2162 2227 jussus
2191 2169 2331 2212 esset
2362 2169 2538 2229 petere
2568 2161 2706 2229 quod
2760 2162 2936 2227 vellet,
2990 2163 3134 2228 petiit
3183 2171 3237 2216 ut
3278 2165 3554 2230 captivitas

1990 2251 2301 2316 solveretur,
2325 2260 2380 2306 et
2405 2252 2695 2307 Jerusalem
2747 2252 3117 2308 a'dificaretur.
3162 2256 3334 2323 Atque
3379 2254 3447 2307 ita
3500 2266 3555 2309 ut

1991 2342 2141 2410 petiit
2190 2340 2385 2395 factum
2434 2352 2534 2407 est,
2566 2342 2887 2411 dimissaque
2936 2352 3017 2397 est
3064 2345 3355 2413 captivitas.
3404 2344 3552 2399 'I‘unc

1990 2432 2128 2485 enim
2159 2433 2411 2500 temporis
2432 2433 2698 2497 adimpleti
2724 2442 2873 2486 erant
2894 2435 3219 2503 septuaginta
3245 2436 3335 2487 irae
3362 2436 3482 2487 anui
3513 2436 3550 2489 ¹.

1990 2521 2122 2574 Sunt
2152 2524 2325 2589 itaque
2345 2523 2414 2574 illi
2435 2524 2521 2590 qui
2543 2522 2607 2574 de
2637 2522 2937 2589 cnptivitate
2964 2523 3309 2576 ascenderunt
3338 2522 3550 2577 deJnda

1988 2618 2039 2662 et
2080 2610 2375 2677 Benjamin,
2425 2625 2485 2663 ac
2536 2610 2751 2675 Levitm,
2806 2625 3025 2663 numero
3054 2611 3395 2678 quadraginta
3449 2612 3553 2665 duo

1990 2699 2175 2761 millia,
2209 2698 2326 2766 equi
2362 2700 2578 2752 trecenti
2628 2700 2859 2766 triginta,
2912 2701 3037 2753 nmli
3082 2700 3289 2752 ducenti
3334 2701 3529 2769 quadra

1987 2790 2129 2858 ginta
2156 2791 2404 2858 quinque,
2432 2790 2617 2843 cameli
2645 2789 3005 2858 quadringenti
3035 2791 3244 2859 triginta
3282 2794 3510 2861 quinque
3539 2834 3554 2853 ,

1987 2882 2123 2935 servi
2156 2897 2335 2935 eorum
2363 2891 2416 2934 et
2444 2881 2649 2933 ancilla:
2676 2890 2877 2947 septem
2906 2880 3065 2932 millia
3104 2883 3317 2933 trecenti
3349 2882 3555 2949 triginta

1988 2982 2230 3042 quatuor,
2264 2982 2506 3026 cantores
2530 2971 2759 3030 ducenti.
2792 2971 2921 3023 asini
2950 2986 3042 3024 sex
3070 2971 3208 3023 mille
3236 2973 3547 3039 septingenti

1986 3070 2039 3115 et
2065 3061 2264 3129 viginti.
2291 3060 2386 3126 Qui
2416 3059 2745 3112 :rdilieabant
2778 3069 2953 3113 autem
2991 3070 3140 3113 erant
3179 3060 3469 3113 Zorobabel
3501 3070 3550 3113 et

1985 3151 2138 3206 Jesus
2172 3152 2308 3205 filius
2333 3151 2553 3204 Josedcc
2575 3160 2625 3203 et
2653 3150 2913 3203 Necmias.
2944 3149 3139 3203 Esdras
3166 3164 3291 3202 vero
3318 3165 3436 3203 cum
3467 3166 3550 3204 es~

1986 3252 2065 3296 set
2093 3242 2142 3295 in
2171 3243 2283 3311 lege
2314 3241 2533 3309 peritus,
2560 3240 2726 3308 legem
2752 3240 2965 3307 protulit
2988 3248 3142 3307 atque
3169 3239 3323 3307 legit,
3354 3240 3553 3294 consti-

1988 3332 2189 3400 tuitque
2214 3340 2401 3385 cuncta
2433 3331 2495 3382 ad
2527 3330 2779 3397 templum
2807 3338 2860 3382 et
2886 3330 2950 3381 ad
2980 3329 3189 3384 Levitas
3217 3332 3549 3398 pertinentia.

1986 3422 2101 3490 Ipse
2132 3424 2296 3490 legem
2321 3419 2582 3485 ostendit;
2611 3423 2816 3473 curavit
2834 3419 3158 3489 alienigenas
3180 3434 3368 3473 uxores
3394 3418 3549 3487 abjici

1984 3514 2051 3565 ab
2081 3513 2161 3572 iis.
2192 3513 2275 3581 qui
2308 3527 2398 3566 eas
2428 3520 2665 3578 tempore
2688 3509 3001 3578 captivitatis
3025 3509 3300 3562 duxerant.
3329 3508 3553 3577 Abjece-

1986 3613 2107 3656 runt
2132 3614 2305 3657 autem
2333 3618 2539 3664 OlIIIIOS,
2570 3610 2621 3656 et
2649 3600 2881 3654 uiundati
2912 3609 3052 3663 sunt,
3076 3609 3127 3654 et
3156 3600 3437 3658 celebravit
3459 3615 3551 3668 pa-

1986 3697 2132 3755 scha,
2162 3696 2451 3749 secundum
2484 3695 2672 3761 legem,
2707 3701 2763 3746 ut
2785 3694 3034 3760 scriptum
3065 3701 3165 3753 est.
3190 3706 3391 3745 necnon
3410 3691 3553 3761 jeju-

1989 3787 2155 3849 nium,
2182 3797 2233 3839 et
2260 3788 2337 3840 sic
2366 3785 2655 3837 absolvitur
2688 3784 2886 3852 primus
2916 3782 3109 3834 Esdras
3140 3781 3289 3834 liber.

2410 3932 2569 3968 SECUN
2582 3932 2672 3967 DUS
2726 3930 2873 3967 LIBER
2912 3929 3110 3966 εεωιιε.

2060 4048 2112 4101 lu
2144 4048 2241 4100 hoc
2269 4047 2401 4100 libro
2435 4046 2619 4099 eadem
2644 4046 2752 4113 ipsa
2782 4061 2900 4113 qua:
2926 4044 2975 4096 in
3006 4045 3173 4111 primo
3204 4044 3328 4098 dicit
3364 4046 3554 4099 Esdras

1988 4137 2053 4190 de
2077 4137 2265 4197 reditu,
2315 4136 2377 4187 iis
2400 4136 2660 4213 eXt-eptis,
2689 4150 2804 4201 qua:
2834 4133 3216 4201 probletnatum
3250 4150 3393 4187 more
3415 4134 3551 4189 dicta

1990 4225 2214 4278 fuerant.
2250 4224 2403 4277 Plura
2430 4238 2553 4276 vero
2580 4223 2643 4275 de
2674 4222 2885 4276 Necntia
2914 4224 3157 4276 eunuclio
3188 4234 3383 4287 narrat,
3416 4226 3554 4292 quod

1989 4315 2102 4382 ipse
2149 4314 2323 4383 templi
2353 4313 2755 4367 :L-dilicationem
2797 4314 3033 4381 petierit;
3076 4324 3127 4367 et
3158 4315 3419 4381 quomodo
3461 4314 3555 4367 Es-

1988 4407 2110 4458 dras
2128 4406 2334 4473 quidem
2363 4406 2579 4473 legeret,
2614 4404 2765 4458 .Iesus
2785 4419 2907 4458 vero
2933 4414 2986 4457 et
3013 4405 3213 4457 Baneas
3234 4414 3284 4455 et
3312 4404 3556 4459 Sarabias

1990 4496 2236 4566 populum
2270 4495 2557 4548 erudirent.
2591 4496 2652 4546 Et
2678 4494 2869 4547 Esdras
2899 4493 3107 4560 quidem
3158 4492 3335 4560 legens
3363 4492 3554 4545 distin~

1989 4587 2062 4640 xit
2089 4587 2137 4639 in
2170 4586 2387 4638 scientia
2427 4584 2632 4637 Domini
2666 4602 2677 4635 :
2714 4584 2934 4653 [.opulus
2966 4593 3137 4634 autem
3172 4583 3431 4637 intellexit
3476 4586 3554 4637 le-

1987 4679 2239 4737 ctionem,
2270 4684 2322 4730 et
2350 4673 2635 4727 celebravit
2666 4670 2949 4737 pasclia,ct
2972 4672 3198 4739 septimo
3220 4687 3401 4728 mense
3436 4673 3559 4728 fecit

1983 4768 2239 4838 jejunium
2272 4774 2319 4818 et
2343 4761 2731 4829 sccuopegiam,
2752 4770 2807 4812 ut
2830 4760 3079 4827 scriptum
3112 4772 3190 4813 est
3223 4777 3235 4813 :
3268 4761 3385 4815 Non
3422 4765 3554 4832 fcre-

1985 4868 2103 4910 runt
2138 4856 2203 4906 ad
2232 4854 2361 4906 hunc
2390 4853 2588 4903 modum
2618 4869 2647 4902 α
2670 4852 2842 4903 diebus
2866 4850 2987 4904 Jesu
3004 4851 3100 4919 ﬁlii
3129 4851 3271 4905 Nave
3292 4853 3366 4922 (2.
3402 4854 3556 4907 Esdr.

1987 4946 2039 4999 8.
2070 4946 2130 4997 Π
2156 4946 2172 5011 )
2215 4943 2412 4995 Esdras
2434 4957 2559 4994 vero
2580 4956 2698 4993 cum
2728 4941 3170 4995 vidissctAzotias
3191 4944 3434 4996 tttttliercs
3460 4944 3559 4996 lle-

1989 5033 2145 5085 brzeis
2169 5032 2415 5099 conjugio
2440 5030 2668 5100 junclas,
2705 5031 2950 5083 omnibus
2976 5032 3234 5099 persuasit
3264 5044 3315 5083 ut
3338 5033 3557 5099 promit-

1987 5131 2159 5176 terent
2188 5135 2246 5173 se
2271 5121 2437 5189 legem
2472 5120 2565 5174 Dei
2596 5128 2920 5175 servaturos.
2942 5120 3005 5172 Et
3032 5120 3184 5188 ejecit
3226 5122 3339 5173 illas
3369 5121 3555 5174 mulie-

1987 5229 2108 5277 res,
2146 5222 2410 5281 tamquam
2462 5211 2798 5280 illegitimas,
2830 5219 2882 5264 et
2932 5210 3177 5279 jurarunt
3222 5211 3447 5264 universi
3495 5226 3556 5265 se

1988 5304 2159 5372 legem
2187 5313 2511 5359 servaturos.
2561 5304 2732 5371 Atque
2764 5302 2832 5355 ita
2864 5298 3172 5355 sanctiﬁcatl
3214 5311 3264 5353 et
3296 5300 3548 5368 mtmdati,

1986 5393 2146 5448 lzetati
2182 5402 2325 5457 sunt,
2369 5402 2423 5448 et
2468 5391 2709 5445 abierunt
2782 5391 2972 5459 singuli
3019 5392 3068 5444 in
3125 5392 3334 5442 donmm
3380 5406 3552 5447 suam.

2051 5530 2063 5561 ί
2094 5527 2258 5577 Altera
2280 5528 2515 5589 Synopsis,
2532 5526 2784 5589 sexaginta
2806 5524 2897 5575 ira:
2919 5522 3053 5589 armi;
3069 5523 3216 5589 male

2049 5590 2120 5649 (α)
2144 5591 2259 5638 ttuic
2294 5580 2486 5650 ἐπιόρδὶ
2507 5580 2674 5649 ’ρι’ἰιηῖ
2699 5587 2806 5636 libri
2852 5580 3305 5650 Fsdrzau'similisest
3341 5590 3559 5650 Synopsis

1990 5646 2211 5717 ejus-deni
2225 5646 2347 5717 libri,
2365 5646 2472 5717 qua:
2485 5646 2614 5717 inter
2631 5662 2783 5717 opera
2795 5646 3036 5717 Athanasii
3064 5646 3321 5717 reperitur:
3341 5646 3422 5701 qui
3443 5659 3562 5717 vero

1986 5702 2166 5774 pi-imus
2365 5702 2491 5759 liber
2514 5711 2593 5759 hic
2614 5702 2801 5762 dicitur,
2829 5715 2903 5755 est
2927 5702 3193 5774 involgata
3213 5707 3402 5764 tertius,
3430 5714 3479 5754 et
3509 5710 3567 5756 ad

1992 5768 2171 5822 calcem
2194 5771 2447 5821 Bibliorum
2472 5774 2651 5832 positus
2676 5778 2811 5818 extra
2828 5768 3096 5817 canonicos.
