4096 6492
647 421 760 476 359

644 527 895 585 Narratur
919 534 1093 582 autcm
1123 535 1175 580 et
1205 525 1303 579 hoc
1332 529 1396 579 de
1426 525 1614 590 Esdra,
1644 526 1781 594 quod
1808 541 1928 580 eum
1958 526 2076 579 libri
2107 540 2199 592 per

645 619 897 675 incuriam
920 617 1093 688 populi
1115 627 1165 671 et
1194 617 1494 671 diuturnam
1519 618 1870 686 captivitatem
1900 618 2193 685 periissem,

642 710 756 782 hac
780 711 915 776 illos,
948 724 1065 764 eum
1092 709 1172 763 vir
1197 719 1338 764 esset
1359 709 1567 764 honesti
1597 709 1882 774 studiosus,
1913 709 2201 763 industrius

641 811 694 856 et
723 801 888 855 lector
907 841 923 866 ,
947 799 1084 870 apud
1127 815 1186 855 se
1229 801 1402 854 omnia
1430 800 1770 863 custodierit,
1800 815 1861 852 ac
1893 799 2198 868 protulerit,

641 905 704 944 ac
730 905 939 944 rursum
968 889 1213 954 ediderit,
1245 899 1399 957 atque
1426 890 1500 942 sic
1531 889 1690 942 libros
1717 889 2023 942 servaverit.

1213 997 1364 1035 LIBER
1401 996 1621 1034 ESTHER.

714 1072 808 1128 llic
833 1073 965 1130 liber
993 1073 1186 1126 Esther
1210 1082 1441 1135 vocatur,
1475 1072 1592 1139 quia
1633 1086 1726 1139 per
1755 1070 2026 1124 Estheram
2066 1070 2202 1124 Deus

641 1178 764 1217 mox
795 1163 1025 1218 funditus
1052 1164 1310 1232 perituros
1337 1162 1546 1216 Judmos
1574 1161 1819 1225 servavit,
1859 1162 2023 1214 Aman
2055 1175 2199 1223 vero,

641 1252 731 1320 qui
781 1251 996 1305 insidias
1049 1250 1478 1311 maehinabatur,
1542 1251 1817 1316 percussit.
1885 1251 2204 1302 Artaxerxes

642 1341 782 1394 enim
810 1355 901 1394 rex
929 1339 1228 1400 Persarum,
1257 1339 1522 1408 repudiata
1551 1352 1712 1392 uxore
1737 1353 1851 1401 sua,
1873 1338 2024 1390 aliam
2050 1338 2100 1389 in
2122 1352 2204 1390 re-

641 1445 747 1499 gno
770 1445 885 1493 suo,
916 1445 1032 1498 quae
1061 1431 1290 1482 omnium
1335 1438 1472 1482 esset
1514 1427 1860 1497 pulcherrima
1911 1436 1962 1480 et
2011 1426 2201 1480 formo-

641 1521 869 1584 sissima,
900 1520 996 1572 sibi
1024 1519 1266 1588 quaesivit
1299 1532 1542 1578 uxorem;
1574 1527 1622 1571 et
1656 1518 1863 1570 inventa
1884 1525 1962 1570 est
1990 1516 2200 1579 Esther,

640 1610 854 1666 natione
875 1609 1080 1664 Judaea.
1107 1609 1180 1662 Illi
1203 1619 1454 1678 cognatus
1478 1617 1591 1662 erat
1611 1609 1821 1661 nomine
1845 1605 2204 1660 Mardocbzeus

641 1717 704 1755 ex
737 1700 1034 1769 captivitate
1060 1713 1176 1768 quae
1206 1698 1302 1751 sub
1332 1698 1545 1752 Sedecia
1574 1697 1705 1750 facta
1737 1696 1905 1750 fuerat
1938 1697 1989 1749 in
2020 1696 2202 1750 eadem

642 1789 874 1858 regione.
898 1788 1006 1842 Rex
1023 1788 1198 1856 itaque
1223 1802 1339 1840 cum
1371 1786 1641 1841 extulisset
1667 1801 1880 1840 suorum
1903 1785 2201 1854 quemdam,

642 1881 902 1933 Amanum
930 1879 1162 1942 nomine,
1191 1878 1416 1946 jusserat
1451 1877 1593 1930 illum
1621 1875 1686 1928 ab
1708 1875 1948 1929 omnibus
1974 1875 2202 1929 adorari.

642 1969 748 2024 Sed
789 1985 905 2022 cum
948 1967 1309 2022 Martlochazus
1353 1967 1604 2036 religione
1642 1981 1762 2034 erga
1805 1967 1966 2019 Deum
2007 1974 2201 2032 motus,

640 2058 908 2113 hominem
937 2072 1037 2112 non
1066 2058 1324 2118 adoraret,
1347 2073 1456 2110 rem
1487 2056 1696 2124 indigne
1717 2057 1831 2109 tulit
1853 2057 2038 2120 Aman,
2061 2071 2206 2109 cum-

641 2163 745 2219 que
783 2147 1051 2202 didicisset
1101 2148 1268 2216 ipsum
1307 2162 1424 2201 esse
1465 2145 1700 2200 Judaeum
1726 2188 1739 2209 ,
1791 2147 1897 2215 regi
1931 2145 2204 2198 Artaxerxi

641 2236 921 2306 persuadet
951 2245 1008 2290 ut
1049 2236 1245 2305 scripto
1287 2235 1465 2304 jubeat
1510 2235 1782 2290 universos
1828 2236 1880 2288 in
1921 2250 2081 2304 regno
2109 2250 2205 2288 suo

641 2327 852 2383 Judzeos
877 2343 982 2381 uno
1006 2327 1094 2382 die
1121 2327 1314 2380 mensis
1333 2326 1625 2380 duodecimi
1658 2327 1862 2395 penitus
1889 2335 1938 2380 et
1972 2325 2204 2380 funditus

643 2417 828 2472 deleri.
861 2415 938 2471 Re
962 2425 1230 2484 comperta
1258 2415 1634 2481 Mardochaeus,
1675 2416 1804 2469 luxit
1839 2425 1892 2470 et
1926 2417 2202 2484 jejunavit,

640 2516 796 2577 atque
821 2506 1058 2561 Estherte
1085 2507 1228 2562 misit
1265 2521 1454 2576 rogans
1482 2523 1634 2577 opem
1672 2508 1849 2563 ferret.
1893 2509 2083 2564 Esther
2112 2511 2207 2563 ita-

639 2613 746 2667 que
765 2598 1048 2667 praemissis
1070 2599 1270 2667 jejunio
1297 2608 1352 2652 et
1375 2599 1760 2668 precationibus
1784 2599 1848 2653 ad
1881 2600 2062 2666 Deum,
2087 2617 2204 2654 mu-

641 2687 792 2741 liebri
817 2701 874 2741 se
900 2688 1094 2741 mundo
1117 2688 1318 2741 ornavit
1343 2705 1358 2741 :
1389 2702 1485 2741 nec
1509 2696 1688 2742 vocata
1712 2688 1903 2758 (neque
1927 2691 2066 2744 enim
2093 2698 2206 2744 erat

639 2775 837 2829 licitum
868 2789 972 2828 non
999 2777 1194 2829 vocatis
1221 2775 1366 2829 adire
1395 2776 1619 2844 regem),
1646 2787 1874 2830 attamen
1904 2778 2114 2831 intravit
2137 2779 2201 2832 ad

639 2881 837 2936 regem,
872 2879 973 2918 non
1005 2875 1303 2934 exspectata
1348 2867 1599 2933 temporis
1636 2869 2043 2934 Opportunitate,
2082 2884 2202 2935 spe-

639 2971 764 3010 rans
801 2954 1154 3024 precationem
1194 2955 1598 3022 opportunitatis
1635 2956 1750 3008 loco
1790 2956 2036 3011 futuram.
2074 2957 2200 3010 Cum

641 3057 813 3104 autent
845 3063 936 3102 rex
965 3047 1292 3100 insolentiam
1335 3045 1454 3099 laeti
1486 3047 1781 3109 miraretur,
1815 3047 1899 3100 illa
1928 3048 1979 3101 in
2011 3058 2201 3101 terram

639 3153 750 3207 pne
785 3145 925 3192 metu
951 3138 1182 3206 collapsa
1210 3146 1308 3191 est.
1342 3139 1406 3190 At
1444 3137 1584 3207 regis
1629 3139 1951 3192 iracundiam
1986 3141 2122 3194 Dens
2152 3141 2201 3194 in

640 3241 850 3280 suavem
881 3225 1124 3281 aﬂ‘eetum
1168 3236 1221 3282 et
1259 3227 1708 3281 mansuetudinem
1754 3230 1996 3295 mutavit,
2039 3231 2106 3283 ita
2147 3241 2201 3284 ut

638 3331 859 3386 surgens
882 3325 1193 3384 prostratam
1232 3317 1372 3370 illam
1401 3318 1642 3384 erigeret,
1677 3326 1730 3372 et
1771 3329 1965 3373 metum
2007 3335 2204 3388 ponere

641 3404 957 3470 hortaretur,
992 3406 1095 3458 imo
1115 3407 1379 3473 optionem
1411 3405 1558 3460 daret
1585 3407 1790 3474 petendi
1821 3409 2068 3478 quidquid
2098 3411 2205 3464 vel-

641 3494 733 3550 let.
766 3494 852 3550 llla
885 3504 941 3548 tit
969 3511 1059 3549 rex
1089 3511 1206 3550 cum
1244 3499 1444 3549 Amano
1479 3496 1545 3549 ad
1587 3498 1880 3551 convivium
1915 3514 2065 3552 suum
2110 3515 2202 3553 ve-

639 3583 756 3637 nire
785 3582 1111 3652 dignaretur,
1150 3598 1254 3637 non
1280 3587 1462 3648 semel,
1494 3586 1586 3638 sed
1622 3588 1852 3640 secundo
1878 3603 2085 3656 quoque
2113 3605 2203 3656 pe-

640 3673 738 3726 tiit.
770 3673 934 3726 Aman
961 3688 1070 3741 prae
1084 3673 1272 3742 gaudio
1293 3673 1490 3728 emisus
1509 3689 1572 3728 ae
1587 3678 1834 3744 gestiens,
1859 3677 1994 3745 quod
2013 3677 2201 3745 dignus

639 3766 922 3821 haberetur
954 3781 982 3819 a
1016 3767 1192 3835 regina
1229 3766 1434 3830 vocari,
1478 3765 1648 3820 adhuc
1688 3767 1912 3835 amplius
1951 3768 2201 3822 adversus

639 3857 1026 3913 Mardochteum
1054 3858 1351 3927 erigebatur
1380 3874 1393 3909 :
1425 3857 1727 3926 curat-itque
1755 3859 1950 3926 lignum
1978 3858 2202 3914 sublime

639 3949 828 4013 excidi,
857 3951 1041 4003 volens
1067 3951 1118 4002 in
1158 3964 1221 4002 eo
1259 3958 1509 4016 sequente
1533 3949 1618 4003 die
1648 3949 1966 4018 suspendere
1993 3951 2200 4004 Mardo-

641 4041 866 4097 charum.
900 4040 1008 4094 Rex
1038 4053 1164 4093 vero
1196 4038 1330 4092 bona
1359 4037 1580 4107 quadam
1617 4040 1964 4106 providentia,
1993 4050 2198 4094 noctem

638 4133 779 4188 illam
807 4131 954 4185 duxit
981 4132 1294 4192 insomnem,
1329 4139 1379 4184 et
1404 4145 1522 4183 cum
1551 4129 1778 4184 dormire
1807 4131 2066 4199 nequiret,
2085 4131 2199 4199 jus-

633 4221 708 4276 sit
731 4220 828 4275 sibi
855 4220 1263 4274 commentarios
1304 4229 1538 4273 actorum
1569 4233 1778 4272 suorum
1817 4220 1932 4289 legi.
1965 4220 2201 4290 Cumque

641 4309 964 4378 legerentur,
994 4318 1206 4363 ventum
1235 4319 1315 4363 est
1343 4309 1407 4362 ad
1435 4324 1552 4363 eum
1593 4309 1785 4374 locum,
1817 4311 1866 4361 in
1912 4325 2016 4377 quo
2073 4312 2204 4365 seri-

638 4404 782 4466 ptum
804 4407 916 4452 erat
933 4397 1241 4452 beneﬁcium
1267 4398 1420 4466 regia
1442 4397 1764 4450 Mardochu'o
1777 4399 2040 4452 collatum.
2061 4400 2199 4454 Duos

638 4487 779 4541 enim
804 4486 1071 4541 eunuchos
1120 4486 1228 4556 regi
1274 4486 1577 4540 insidiantes
1603 4528 1617 4550 ,
1663 4489 1770 4556 regi
1814 4488 2118 4555 prodiderat
2147 4499 2199 4542 et

637 4575 958 4630 convicerat.
988 4573 1080 4628 llic
1109 4589 1202 4627 rex
1241 4574 1310 4627 ob
1339 4574 1650 4628 Mardochzei
1677 4575 1906 4628 ofﬁcium
1935 4585 2082 4645 grato
2116 4577 2196 4629 af-

637 4662 802 4716 fectus
827 4663 1022 4726 animo,
1051 4661 1319 4732 qumrebat
1342 4678 1567 4732 quonam
1593 4664 1735 4716 illum
1760 4664 1959 4719 honore
1982 4681 2075 4734 pro
2098 4665 2199 4720 hoc

639 4749 892 4804 beneﬁcio
913 4750 1156 4806 donaret.
1185 4750 1313 4805 Cum
1341 4762 1516 4807 autem
1547 4768 1699 4807 mane
1720 4755 1784 4807 ad
1810 4771 1929 4808 eum
1960 4755 2199 4824 ingrede-

640 4848 782 4894 retur
804 4841 992 4904 Aman,
1021 4842 1206 4908 qumrit
1233 4843 1297 4896 ab
1321 4842 1409 4896 illo
1446 4858 1562 4910 rex,
1589 4860 1814 4912 quonam
1853 4854 1905 4899 et
1933 4847 2071 4915 quali
2099 4847 2197 4900 lto-

639 4941 769 4981 nore
787 4927 973 4994 dignus
1002 4928 1071 4980 sit
1099 4928 1162 4991 is,
1192 4931 1276 4997 qui
1313 4945 1486 4999 regem
1517 4932 1772 4987 beneﬁcio
1805 4934 2084 4989 ali‘ecisset.
2116 4936 2194 4990 Ad

639 5015 742 5070 hoc
769 5016 953 5078 Aman,
981 5031 1098 5069 cum
1126 5030 1184 5070 se
1207 5017 1549 5073 arbitraretur
1572 5035 1692 5074 eum
1718 5037 1856 5089 esse,
1888 5023 1954 5078 de
1975 5040 2080 5094 quo
2105 5041 2196 5079 rex

639 5107 924 5176 qumrebat,
952 5107 1161 5176 dignum
1188 5121 1308 5161 esse
1345 5108 1476 5162 dixit
1513 5111 1599 5178 qui
1639 5113 1900 5168 secundus
1927 5131 2018 5169 rex
2037 5132 2195 5171 voca-

639 5204 802 5252 retur.
826 5195 934 5249 Rex
977 5198 1128 5266 igitur
1156 5197 1541 5252 Mardochaanm
1573 5201 1662 5255 illo
1691 5201 1894 5256 honore
1918 5205 2193 5272 celebrari,

639 5295 693 5342 et
716 5288 882 5341 Aman
912 5295 1033 5342 ante
1062 5289 1201 5342 illum
1225 5290 1509 5358 procedere
1534 5291 1708 5359 jussit.
1733 5293 1924 5348 Esther
1950 5311 2077 5350 vero
2105 5314 2196 5366 op-

639 5377 1009 5449 portunitatem
1045 5391 1193 5433 nacta
1238 5395 1332 5449 pro
1372 5381 1565 5437 Judzeis
1603 5385 1791 5437 oravit.
1837 5385 2034 5441 Deinde
2075 5403 2194 5443 eum

639 5481 733 5524 rex
757 5481 984 5522 maerore
1008 5467 1224 5524 affectus
1254 5480 1464 5539 propter
1492 5473 1761 5543 indignum
1787 5485 1968 5530 contra
1985 5477 2196 5533 Judzeos

640 5554 900 5619 edictum,
952 5565 1005 5610 et
1057 5554 1306 5613 adversus
1362 5561 1614 5614 Amanum
1658 5565 1822 5618 iratus
1861 5580 2033 5633 esset,
2085 5569 2196 5636 ipse

641 5645 831 5710 Aman,
862 5662 982 5718 rege
1016 5647 1254 5714 absente,
1293 5650 1526 5705 Esthera:
1565 5653 1891 5720 supplicavit,
1931 5657 1995 5710 ad
2025 5673 2194 5726 genua

641 5737 780 5794 illius
810 5741 1154 5808 procumbens
1183 5750 1339 5810 atque
1364 5743 1602 5798 adorans.
1626 5743 1755 5811 Rex,
1783 5761 1900 5801 cum
1928 5747 2193 5816 ingressus

1373 411 1424 467 S.
1467 410 1738 467 JOANNIS
1773 407 2240 467 CHRYSOSTOMI
2279 407 2588 463 ARClllEP.
2628 408 3150 464 CONSTANTINOP.

3771 422 3897 478 360

2310 524 2512 578 videret
2541 526 2800 579 Amanum
2823 541 2992 595 genua
3017 526 3209 595 reginae
3233 527 3556 597 contingere,
3583 528 3890 597 suspicatus

2307 614 2444 683 quod
2473 615 2807 684 turpitudinis
2831 631 2986 670 causa
3013 617 3065 670 id
3102 616 3330 683 faceret,
3353 617 3508 686 jussit
3534 622 3700 672 Aman
3735 621 3792 674 in
3817 619 3887 671 li-

2306 719 2433 774 gno,
2462 706 2605 774 quod
2642 706 2971 760 Mardoehzeo
3010 716 3304 774 paraverat,
3346 709 3630 775 suspendi;
3667 711 3886 779 scripsit

2306 804 2476 847 autem
2496 803 2551 848 ut
2570 795 2956 864 Judmiquidem
2970 811 3153 851 omnes
3174 797 3530 851 incolumitate
3554 797 3879 862 fruerentur,

2308 885 2486 939 hostes
2515 901 2641 939 vero
2680 901 2861 939 eorum
2893 888 2959 940 ab
2996 887 3097 940 illis
3139 888 3584 941 interimerentur.
3613 888 3883 942 Numerus

2305 988 2479 1030 autem
2509 993 2690 1031 eorum
2713 979 2798 1046 qui
2828 993 2856 1031 a
2886 977 3078 1032 Judaeis
3099 979 3256 1032 occisi
3285 991 3426 1042 sunt,
3457 980 3551 1032 fuit
3571 979 3879 1049 quindecim

2309 1068 2525 1120 millium
2557 1085 2570 1121 :
2615 1068 2834 1136 ideoque
2874 1068 2989 1122 feSti
3032 1068 3134 1122 illis
3161 1069 3275 1122 dies
3314 1068 3458 1123 fuere
3507 1069 3620 1122 dies
3657 1079 3881 1138 quartus

2306 1157 2559 1221 decimus,
2593 1169 2646 1210 et
2687 1160 2902 1227 quintus
2931 1159 3165 1212 decimus
3194 1160 3392 1212 mensis
3422 1159 3739 1221 duodecimi,
3785 1161 3878 1227 qui

2307 1257 2522 1299 vocatur
2549 1247 2708 1300 Adar.
2740 1247 2965 1302 Vocatur
2991 1258 3164 1302 autem
3194 1249 3278 1301 illa
3300 1249 3415 1303 dies
3442 1251 3673 1317 ipsorum
3699 1250 3878 1317 lingua

2307 1335 2500 1388 Phura.
2530 1337 2859 1406 Quapropter
2905 1339 2989 1392 illa
3037 1339 3123 1393 die
3165 1339 3331 1392 Juda-i
3367 1341 3625 1392 Amanum
3656 1339 3880 1392 combu-

2309 1433 2447 1488 runt,
2481 1433 2532 1478 et
2559 1425 2747 1479 festum
2771 1427 2908 1481 diem
2935 1438 3095 1496 agunt
3125 1428 3308 1482 salutis
3330 1429 3559 1496 ipsorum
3595 1429 3886 1482 memoria-

2311 1513 2432 1567 lem.
2457 1511 2511 1567 In
2539 1513 2722 1584 hisque
2753 1518 3061 1570 terminatur
3082 1518 3235 1571 liber.

2901 1623 3052 1662 LIBER
3090 1625 3265 1663 τΟΒῐτ.

2379 1694 2532 1748 Tobit
2558 1705 2774 1749 vocatur
2804 1697 2885 1750 hic
2908 1697 3056 1761 liber,
3090 1699 3209 1767 quia
3233 1698 3394 1766 ipsius
3418 1697 3572 1751 Tobit
3599 1698 3885 1754 historiam

2309 1787 2556 1839 continet.
2583 1786 2706 1840 Erat
2729 1796 2901 1840 autem
2923 1787 3076 1840 Tobit
3101 1787 3166 1841 de
3193 1788 3326 1841 tribu
3359 1787 3714 1856 Nephthalim,
3749 1789 3880 1843 fuit-

2309 1891 2412 1942 que
2453 1876 2502 1928 in
2544 1877 2896 1945 captivitatem
2937 1878 3214 1942 adductus,
3243 1887 3296 1931 et
3320 1877 3545 1946 degebat
3582 1881 3632 1932 in
3662 1881 3890 1936 civitate

2309 1963 2512 2028 Ninive,
2538 1966 2835 2018 misericors
2855 1980 2916 2019 ac
2943 1965 3236 2035 religiosus.
3271 1968 3472 2021 Etenim
3496 1983 3614 2022 cum
3636 1969 3686 2021 in
3709 1972 3886 2038 capti-

2308 2057 2466 2110 vitate
2491 2067 2652 2122 esset,
2680 2073 3009 2110 communem
3040 2073 3224 2126 panem
3249 2074 3312 2112 ex
3332 2059 3576 2128 gentibus
3605 2074 3708 2112 non
3732 2075 3889 2115 com-

2309 2146 2435 2210 edit,
2477 2147 2569 2200 sed
2611 2148 2841 2215 seipsum
2895 2149 3191 2202 custodivit.
3255 2150 3379 2203 Erat
3429 2162 3602 2204 autem
3648 2167 3885 2206 annome

2311 2237 2586 2306 prrefectus
2613 2238 2750 2306 apud
2794 2254 2969 2308 regem
3014 2239 3409 2302 Enemasarum,
3441 2250 3496 2294 et
3539 2241 3780 2310 deposuit
3827 2244 3884 2297 in

2308 2327 2473 2381 Media
2496 2328 2676 2382 decem
2704 2329 2893 2382 talenta
2919 2330 3053 2397 apud
3084 2328 3386 2383 Gabaelem.
3417 2329 3504 2382 Isti
3534 2346 3696 2399 porro
3717 2332 3885 2386 Tobit

2309 2418 2536 2473 studium
2563 2428 2673 2472 erat
2699 2418 2983 2488 sepeliendi
3016 2428 3250 2472 mortuos
3271 2435 3337 2473 ex
3358 2419 3573 2474 Judteis.
3609 2421 3770 2488 Hujus
3800 2424 3884 2474 rei

2308 2509 2470 2577 gratia
2495 2509 2698 2562 delatus
2735 2509 2800 2562 ad
2836 2524 3014 2578 regem
3042 2509 3362 2574 Achirelcm,
3405 2509 3525 2579 fuga
3555 2511 3652 2563 sibi
3679 2525 3886 2564 consu-

2312 2598 2427 2651 luit.
2461 2599 2854 2668 Regressusque
2881 2614 2911 2653 e
2943 2598 3058 2668 fuga
3080 2640 3094 2662 ,
3136 2615 3252 2652 cum
3288 2610 3611 2653 mortuorum
3652 2602 3887 2669 aliquem

2308 2687 2600 2754 sepelisset,
2628 2696 2775 2742 extra
2811 2701 2990 2741 muros
3014 2688 3346 2752 obdormivit,
3372 2699 3425 2742 et
3453 2704 3572 2742 cum
3610 2705 3703 2757 pro
3731 2705 3891 2743 more

2308 2791 2405 2829 suo
2434 2786 2644 2844 apertos
2673 2775 2892 2830 haberet
2918 2777 3054 2832 inter
3077 2777 3440 2831 dormiendum
3469 2779 3668 2842 oculos,
3701 2794 3892 2845 passe-

2308 2865 2453 2919 ribus
2478 2881 2704 2934 superne
2730 2868 2780 2919 in
2807 2869 2985 2920 oculos
3021 2868 3134 2934 ejus
3161 2878 3365 2922 stercus
3397 2869 3776 2929 emittentibus,
3804 2871 3889 2922 al-

2309 2952 2552 3021 buginem
2589 2954 2867 3017 contraxit,
2911 2969 3077 3022 neque
3112 2955 3244 3007 ultra
3284 2955 3516 3008 videbat.
3545 2955 3668 3010 Erat
3700 2969 3884 3011 autem

2309 3041 2589 3095 Ecbatanis
2631 3042 2731 3094 ﬁlia
2762 3041 3006 3111 Raguelis
3034 3045 3239 3111 cognati
3269 3044 3431 3112 ipsius
3458 3044 3615 3099 Sarra
3643 3047 3883 3100 nomine.

2308 3130 2452 3185 Hanc
2472 3132 2676 3186 daemon
2707 3132 3014 3186 Asmotlteus
3035 3148 3135 3186 non
3167 3134 3498 3202 permittebat
3524 3143 3580 3187 ut.
3603 3137 3883 3205 quisquam

2309 3237 2524 3278 uxorem
2569 3223 2785 3278 duceret
2819 3224 2966 3293 :jam
3014 3225 3152 3278 enim
3197 3234 3398 3293 septem
3455 3227 3738 3294 occiderat,
3790 3231 3885 3297 qui

2308 3313 2449 3366 illam
2475 3328 2718 3381 sponsam
2747 3322 3075 3382 acceperant.
3105 3314 3327 3382 Propter
3357 3313 3493 3369 hanc
3520 3330 3730 3369 causam
3757 3332 3885 3372 cum

2307 3403 2649 3456 vehementer
2687 3403 2992 3456 contristata
3045 3412 3202 3468 esset,
3248 3405 3450 3467 oravit;
3502 3405 3746 3474 misitque
3802 3408 3880 3460 illi

2308 3491 2447 3544 Deus
2494 3492 2853 3544 auxiliatorem
2914 3491 3229 3558 Raphaelem
3282 3493 3674 3562 archangelum.
3722 3494 3884 3549 Tobit

2306 3581 2480 3648 igitur,
2508 3596 2624 3634 cum
2649 3580 2757 3632 ﬁlio
2778 3595 2874 3634 suo
2897 3581 3074 3634 Tobia:
3101 3581 3409 3649 praeciperet
3443 3597 3508 3635 ne
3535 3583 3633 3636 sibi
3662 3584 3883 3640 aliunde

2305 3685 2544 3734 uxorem,
2574 3686 2726 3738 quam
2753 3685 2815 3724 ex
2850 3671 2988 3723 tribu
3031 3681 3080 3724 et
3128 3673 3440 3741 cognatione
3483 3687 3576 3726 sua
3606 3673 3831 3728 duceret
3862 3721 3880 3742 ,

2305 3759 2393 3813 dat
2419 3759 2490 3812 illi
2522 3759 2928 3828 chirographum
2956 3761 3136 3814 decem
3165 3761 3501 3825 talentorum,
3531 3765 3881 3833 prtecipitqne

2305 3858 2362 3903 ut
2390 3848 2540 3903 abeat
2569 3857 2620 3902 et
2655 3858 2856 3917 repetat
2899 3849 3004 3903 illa.
3048 3850 3208 3903 Filius
3232 3860 3429 3914 autem,
3461 3867 3578 3904 cum
3611 3867 3708 3905 nec
3735 3854 3878 3906 viam

2306 3948 2503 4004 nosset,
2533 3954 2630 3992 nec
2670 3936 2934 3992 hominem
2967 3937 3032 3991 ad
3061 3955 3216 4008 quem
3258 3949 3371 3993 erat
3411 3941 3876 4007 proﬁciscendum,

2305 4045 2544 4099 egressus
2573 4039 2653 4083 est
2683 4039 2739 4083 ut
2767 4031 2863 4082 via:
2887 4030 2983 4083 sibi
3009 4031 3206 4083 socium
3239 4041 3519 4099 quaereret,
3549 4040 3601 4084 et
3633 4032 3722 4084 Dei
3741 4047 3878 4101 pro-

2305 4122 2531 4176 videntia
2560 4120 2741 4175 incidit
2769 4121 2820 4175 in
2851 4121 3188 4190 Raphaclem,
3221 4121 3311 4190 qui
3342 4121 3569 4174 hominis
3600 4121 3767 4174 forma
3800 4123 3879 4175 fo-

2305 4212 2377 4265 ris
2403 4212 2592 4276 stabat,
2627 4212 2898 4280 pretioque
2936 4211 3078 4264 illum
3118 4211 3386 4273 conduxit,
3419 4227 3484 4264 eo
3508 4211 3650 4280 quod
3678 4228 3738 4265 se
3772 4216 3877 4266 illic

2305 4301 2458 4371 hujus
2485 4317 2703 4371 gnarum
2730 4317 2846 4356 esse
2884 4303 3098 4357 diceret.
3141 4302 3434 4357 Comitatus
3471 4304 3646 4372 itaque
3678 4315 3762 4357 est
3807 4305 3878 4356 il-

2304 4394 2409 4446 ium
2431 4392 2775 4461 archangelus
2805 4393 2854 4446 in
2887 4395 3059 4460 specie
3086 4393 3333 4458 hominis,
3363 4395 3451 4463 qui
3483 4396 3698 4448 Azarias
3720 4395 3876 4449 diee-

2303 4495 2466 4538 retur.
2491 4483 2618 4537 Cum
2649 4493 2822 4537 autem
2847 4484 2911 4536 ad
2940 4484 3205 4553 Tigridem
3242 4501 3406 4556 usque
3433 4485 3645 4540 ﬁuvium
3677 4501 3875 4554 perve-

2303 4574 2522 4636 nissent,
2547 4573 2753 4626 volebat
2772 4573 2962 4627 Tobias
2989 4575 3038 4627 in
3067 4575 3209 4628 illum
3236 4576 3438 4630 lavandi
3459 4577 3622 4645 gratia
3645 4576 3870 4632 descen-

2302 4665 2445 4730 dere,
2474 4675 2526 4718 et
2548 4680 2668 4719 mox
2691 4666 2846 4732 piscis
2869 4667 3051 4735 ingens
3075 4667 3271 4721 insiluit
3298 4670 3346 4720 in
3376 4683 3615 4735 puerum.
3634 4670 3871 4740 Angelus

2301 4772 2427 4810 vero
2465 4757 2730 4826 praecepit,
2766 4766 2822 4810 ut
2855 4758 3050 4825 piscem
3095 4759 3231 4812 hunc
3267 4759 3686 4827 apprehenderet
3730 4773 3782 4816 et
3814 4764 3873 4816 in

2303 4847 2465 4899 frusta
2495 4856 2719 4909 secaret,
2755 4856 2911 4914 atque
2945 4847 3082 4900 illius
3114 4846 3294 4913 hepar,
3321 4861 3413 4901 cor
3438 4856 3490 4902 et
3517 4848 3672 4903 bilem
3703 4849 3870 4904 desu-

2302 4947 2488 4998 meret,
2521 4947 2573 4989 et
2602 4943 2854 4989 servaret.
2902 4935 3136 5002 Rogante
3177 4947 3356 5002 postea
3401 4951 3585 5004 puero,
3618 4939 3668 4992 in
3705 4955 3868 5007 quem

2301 5043 2452 5080 usum
2496 5027 2580 5080 illa
2621 5027 2806 5089 forent,
2859 5026 3131 5094 respondit
3162 5041 3176 5078 :
3221 5025 3396 5096 Hepar
3431 5037 3486 5082 et
3522 5043 3614 5083 cor
3650 5029 3867 5085 incensa

2301 5116 2591 5169 daemonem
2638 5115 2892 5185 fugabunt
2921 5131 2932 5167 :
2962 5113 3079 5167 bilis
3113 5130 3241 5169 vero
3266 5116 3535 5170 oculorum
3565 5118 3865 5187 albuginern

2301 5209 2620 5278 repurgabit.
2662 5207 2826 5276 Hujus
2862 5221 2962 5275 ope
3007 5215 3060 5260 et
3100 5208 3324 5262 consilio
3357 5208 3549 5262 Tobias
3583 5209 3738 5262 ﬁliam
3762 5209 3866 5263 Ra-

2300 5300 2466 5369 guelis
2495 5299 2701 5354 Sarram
2731 5311 2943 5352 uxorem
2979 5297 3148 5361 duxit,
3179 5313 3298 5352 cum
3340 5298 3428 5352 illo
3462 5298 3638 5353 sumtu
3662 5299 3864 5352 daamo-

2303 5408 2422 5447 nem
2451 5392 2694 5459 fugasset,
2718 5390 2805 5458 qui
2832 5391 2882 5443 in
2909 5391 3272 5460 superioribus
3303 5390 3511 5460 Egypti
3539 5392 3774 5460 partibus
3797 5393 3867 5446 ab

2301 5481 2484 5550 angelo
2515 5480 2700 5548 ligatus
2740 5487 2840 5532 est.
2882 5480 3014 5533 Dum
3055 5489 3230 5534 autem
3269 5495 3387 5534 cum
3429 5494 3590 5534 uxore
3628 5492 3869 5535 maneret

2301 5571 2512 5634 Tobias,
2556 5568 2794 5622 Auriam
2837 5578 3098 5639 tamquam
3128 5571 3394 5624 hominem
3431 5569 3481 5623 in
3509 5569 3732 5623 Mediam
3765 5572 3869 5624 mi-

2303 5660 2370 5713 sit
2400 5676 2412 5709 :
2440 5672 2665 5726 cumque
2706 5671 2798 5724 per
2828 5657 2972 5711 illum
3016 5658 3198 5714 decem
3229 5658 3422 5711 talenta
3457 5657 3770 5725 recepisset.
3801 5663 3869 5716 ad

2305 5758 2502 5819 patrem
2534 5765 2633 5802 una
2663 5765 2780 5803 cum
2812 5749 2900 5803 illo
2933 5759 2987 5805 et
3025 5764 3184 5806 uxore
3217 5763 3310 5803 sua
3353 5762 3598 5802 reversus
3627 5760 3732 5804 est-
3760 5750 3866 5805 Re-
