4094 6472
266 381 385 438 359

249 501 418 563 αὐτὸς
450 501 701 572 Ἔσδρας,
735 501 1015 569 φιλόκαλος
1041 503 1115 556 ὣν
1158 504 1249 556 καὶ
1281 505 1500 575 εὐφυὴς,
1537 506 1630 557 καὶ
1675 506 1805 558 ἀνα-

245 582 520 651 γνώστης,
553 582 779 649 ἐφύλαξε
803 584 998 648 πάντα,
1039 585 1131 636 καὶ
1151 584 1332 637 λοιπὸν
1360 588 1683 656 προήνεγκε,
1715 586 1807 638 καὶ

251 663 419 717 πάλιν
446 665 723 716 ἐκδέδωκε·
761 665 851 717 καὶ
883 665 1022 717 οὕτω
1050 664 1368 727 διασώζεται
1398 666 1465 718 τά
1489 666 1687 734 βιϐλία.

807 798 1024 866 Ἐσθὴρ
1056 799 1316 863 βιϐλίον.

339 910 536 981 Ἐσθὴρ
564 911 800 964 καλεῖται
832 913 889 965 τὸ
925 913 1143 981 βιϐλίον,
1167 911 1349 980 ἐπειδὴ
1373 911 1461 964 διὰ
1488 910 1582 979 τῆς
1612 909 1806 977 Ἐσθὴρ

249 991 281 1043 6
304 991 438 1053 Θεὸς
459 992 744 1062 μέλλοντας
773 993 1061 1046 ἀπολέσθαι
1087 993 1329 1060 παγγενῆ
1348 994 1471 1053 τοὺς
1504 990 1802 1052 Ἰουδαίους,

249 1073 454 1134 αὐτοὺς
483 1075 577 1142 μέν
613 1075 850 1138 διέσωσε,
884 1075 971 1126 τὸν
1008 1075 1064 1126 δὲ
1103 1075 1271 1143 Ἀμάν
1316 1072 1688 1126 ἐπιϐουλεῦσαι
1720 1071 1803 1122 θε-

250 1153 493 1223 λήσαντα
525 1156 806 1219 ἐπάταξεν.
850 1156 1206 1226 Ἀρταξέρξης
1232 1158 1338 1225 γὰρ
1370 1157 1397 1207 6
1433 1156 1680 1224 βασιλεὺς
1708 1154 1805 1223 τὴν

252 1235 391 1287 ἰδίαν
426 1236 664 1288 ἐκϐαλών
700 1238 948 1303 γυναῖκα,
986 1234 1240 1306 ἐζήτησεν
1273 1239 1329 1288 ἐν
1357 1239 1420 1305 τῇ
1449 1236 1688 1306 βασιλείᾳ
1712 1236 1805 1286 αὑ-

248 1316 347 1367 τοῦ
391 1316 488 1384 τὴν
539 1317 750 1371 πάντων
798 1318 1084 1385 καλλίστην
1131 1315 1292 1370 οὖσαν
1338 1320 1429 1370 καὶ
1475 1317 1803 1388 ώραιοτέραν

248 1395 434 1448 λαϐεῖν
468 1399 640 1464 ἐαυτῷ
677 1402 922 1466 γυναῖκα
967 1401 1059 1452 καὶ
1103 1400 1295 1470 εὑρέθη
1331 1399 1526 1468 Ἐσθὴρ
1556 1399 1614 1450 τὸ
1654 1400 1804 1465 γένος

261 1477 490 1531 Ἰουδαία
521 1481 874 1548 τυγχάνουσα.
906 1477 1011 1532 Ἦν
1039 1482 1095 1533 δέ
1127 1482 1219 1532 καὶ
1244 1480 1580 1548 Μαρδοχαῖος
1610 1495 1803 1546 συγγε-

246 1559 347 1627 vi};
380 1559 550 1626 αὐτῆς
579 1561 682 1612 ἀπὸ
714 1562 809 1630 τῆς
834 1562 1204 1630 αἰχμαλωσίας
1237 1561 1335 1630 τῆς
1381 1561 1674 1629 γενομένης
1713 1561 1802 1611 ἐπὶ

248 1640 500 1692 Σεδεκίου
527 1643 583 1693 ἐν
613 1642 744 1712 αὐτῇ
786 1645 851 1712 τῇ
896 1642 1066 1711 χώρᾳ.
1113 1642 1168 1694 '0
1210 1637 1300 1694 οὖν
1349 1640 1593 1710 βασιλεὺς
1635 1640 1802 1710 μέγαν

247 1723 482 1791 ποιήσας
510 1723 599 1775 τὸν
617 1723 901 1791 λεγόμενον
941 1723 1128 1792 Ἀμάν,
1151 1723 1397 1774 ἐκέλευσε
1426 1722 1629 1784 πάντας
1645 1721 1802 1773 αὑτὸν

246 1808 593 1874 προσκυνεῖν.
641 1805 796 1857 Ἀλλά
827 1804 917 1856 τοῦ
941 1803 1278 1875 Μαρδοχαίου
1302 1807 1367 1874 τῇ
1391 1804 1524 1873 πρὸς
1553 1803 1681 1855 Θεὸν
1708 1802 1804 1854 λα-

245 1885 407 1955 τρείᾳ
445 1885 519 1955 μὴ
568 1886 986 1956 προσκυνοῦντος
1026 1886 1114 1936 τὸν
1155 1885 1457 1955 ἄνθρωπον,
1501 1884 1741 1954 ὠργίσθη
1774 1886 1802 1935 6

258 1965 453 2034 Ἀμάν,
483 1969 572 2019 καὶ
602 1967 782 2036 μαθὼν
807 1969 885 2019 ὃτι
921 1967 1166 2029 Ἰουδαῖός
1201 1969 1342 2029 ἐστι,
1385 1966 1558 2018 πείθει
1590 1965 1678 2016 τὸν
1705 1965 1802 2033 βα-

249 2049 402 2100 αιλέα
439 2049 813 2119 Ἀρταξέρξην,
844 2051 935 2101 καὶ
963 2049 1162 2118 γράφει
1191 2048 1327 2100 ὥστε
1362 2049 1563 2110 πάντας
1588 2047 1710 2109 τοὺς
1745 2047 1802 2097 ἐν

244 2133 314 2198 τῇ
350 2129 593 2199 βασιλείᾳ
613 2130 773 2182 αὐτοῦ
809 2130 1089 2191 Ἰουδαίους
1108 2130 1415 2198 ὁλορρίζους
1435 2127 1722 2181 ἀπολέσθαι
1744 2129 1801 2179 ἐν

251 2213 351 2280 μιᾷ
381 2211 564 2280 ἡμέρᾳ
589 2211 662 2280 τῷ
688 2211 965 2281 δωδεκάτῳ
993 2211 1137 2280 μηνί.
1171 2211 1336 2262 Τοῦτο
1360 2211 1535 2262 τοίνυν
1564 2207 1746 2278 μαθὼν
1774 2211 1801 2261 6

247 2292 608 2362 Μαρδοχαῖος,
633 2295 862 2357 ἐπένθει,
901 2296 992 2346 καὶ
1024 2293 1310 2362 νηστεύων,
1354 2291 1674 2362 προῦπεμψε
1702 2292 1800 2361 τὴν

260 2377 460 2448 Ἐσθὴρ
490 2379 650 2442 ἀξιῶν
681 2380 827 2449 παρά
854 2381 1018 2448 αὐτῆς
1041 2379 1286 2448 βοήθειαν
1311 2379 1577 2447 γενέσθαι.
1619 2379 1678 2429 'H
1701 2379 1801 2431 τοί-

247 2481 346 2516 νυν
382 2464 579 2534 Ἐσθὴρ
607 2466 960 2534 νηστεύσασα,
996 2467 1089 2518 καὶ
1119 2466 1385 2536 εὐξαμένη
1417 2465 1493 2535 τῷ
1517 2465 1653 2536 Θεῷ,
1681 2465 1799 2518 ἐκό-

248 2568 456 2620 σμησεν
490 2553 682 2623 ἑαυτὴν
719 2553 794 2622 τῷ
834 2554 1120 2622 γυναικείῳ
1158 2555 1375 2623 κόσμῳ,
1429 2554 1520 2605 καὶ
1562 2553 1633 2623 μὴ
1667 2554 1799 2622 κλη-

244 2637 396 2688 θεῖσα
417 2638 540 2703 (ούκ
561 2633 626 2707 ἦν
651 2639 756 2710 γάρ
780 2639 895 2702 ἐξὸν
929 2638 1000 2708 μὴ
1023 2639 1309 2708 κληθεῖσαν
1337 2639 1634 2707 εἰσελθεῖν),
1653 2639 1799 2708 ὅμως

240 2723 460 2790 εἰσῆλθε
489 2724 634 2794 παρά
660 2725 748 2777 τὸν
777 2725 961 2794 καιρὸν
996 2724 1131 2795 πρὸς
1161 2724 1249 2776 τὸν
1293 2724 1531 2792 βασιλέα,
1563 2725 1680 2776 ἀντὶ
1705 2723 1796 2775 τοῦ

241 2809 437 2877 καιροῦ
459 2813 522 2878 τῇ
551 2811 677 2879 εὐχῇ
707 2810 1000 2880 θαρροῦσα.
1035 2805 1166 2862 Εἶτα
1184 2810 1274 2861 τοῦ
1301 2809 1562 2878 βασιλέως
1592 2810 1800 2878 θαυμά-

241 2895 422 2957 ζοντος
450 2896 508 2947 τὸ
537 2896 700 2960 ξένον,
734 2897 922 2948 ἔπεσεν
952 2897 1128 2965 ἐκείνη
1164 2897 1268 2948 ἀπὸ
1300 2895 1392 2948 τοῦ
1428 2896 1612 2964 φόϐου.
1654 2895 1713 2950 Ὀ
1741 2897 1797 2949 δέ

237 2982 372 3044 Θεὸς
410 2983 664 3052 μετέϐαλε
696 2984 784 3035 τὸν
822 2983 990 3054 θυμὸν
1022 2984 1112 3036 τοῦ
1155 2983 1416 3052 βασιλέως
1451 2985 1530 3046 είς
1555 2983 1796 3036 διάθεσιν

241 3069 336 3120 καὶ
368 3068 666 3136 πραότηταο
705 3070 796 3120 καὶ
824 3069 1056 3131 ἀναστὰς
1096 3069 1357 3121 ἐϐάστασε
1404 3070 1501 3138 τὴν
1539 3072 1795 3136 γυναῖκα,

243 3156 339 3206 καὶ
373 3154 666 3222 παρεκάλει
690 3155 853 3223 αὐτὴν
883 3155 954 3223 μὴ
980 3155 1273 3222 φοϐεῖσθαι,
1302 3155 1435 3206 ἀλλά
1457 3156 1547 3207 καὶ
1570 3156 1796 3223 ἠξίωσεν

241 3241 414 3310 αὐτὴν
440 3240 724 3299 αἰτεῖσθαι,
766 3239 818 3291 εί
854 3256 906 3291 τι
952 3239 1208 3308 βούλοιτο.
1263 3239 1324 3293 Ἣ
1357 3242 1413 3293 δέ
1457 3242 1548 3295 ἐπὶ
1587 3242 1796 3296 δεῖπνον

239 3329 474 3397 ἠξίωσεν
508 3327 677 3379 ἐλθεῖν
710 3326 866 3378 αὐτόν
895 3343 950 3379 τε
990 3327 1078 3379 τὸν
1111 3327 1330 3396 βασιλέα
1350 3328 1562 3380 καὶτὸν
1607 3329 1792 3397 mm,

240 3417 337 3482 οὐχ
375 3414 541 3476 ama,
567 3413 698 3466 ἀλλά
733 3414 822 3466 καὶ
850 3414 1113 3482 δεύτερον.
1161 3417 1215 3467 Ὀ
1245 3415 1341 3483 μὲν
1363 3411 1453 3466 οὖν
1496 3415 1662 3483 Ἀμάν
1687 3414 1799 3465 δια-

241 3501 429 3568 χυθεὶς
455 3501 546 3551 καὶ
569 3500 848 3568 γανωθεὶς,
893 3502 966 3563 ὼς
996 3503 1100 3554 ὑπὸ
1131 3500 1227 3569 τῆς
1252 3500 1514 3569 βασιλίδος
1554 3500 1797 3563 ἀξιωθεὶς

239 3589 525 3657 κληθῆναι,
558 3588 636 3640 ἐτι
675 3588 867 3656 μᾶλλον
898 3591 1128 3658 ἐπήρετο
1149 3589 1289 3642 κατά
1317 3587 1408 3640 τοῦ
1433 3587 1793 3658 Μαρδοχαίου,

237 3676 330 3725 καὶ
386 3673 606 3742 ἐποίησε
658 3673 809 3736 ξύλον
842 3675 1073 3742 κοπῆναι
1131 3674 1292 3743 μέγα,
1350 3674 1666 3743 βουλόμενος
1707 3673 1797 3725 τὸν

237 3760 579 3828 Μαρδοχαῖον
610 3761 675 3828 τῇ
707 3761 828 3828 ἐξῆς
860 3759 1041 3829 ἡμέρᾳ
1068 3762 1124 3811 ἐν
1155 3759 1302 3829 αὐτῷ
1325 3761 1616 3830 κρεμάσαι.
1653 3760 1710 3811 '0
1739 3760 1796 3811 δέ

239 3844 491 3912 βασιλεὺς
534 3847 674 3898 κατά
716 3861 835 3899 τινα
873 3846 1123 3918 πρόνοιαν
1160 3847 1399 3914 ἀγαθὴν,
1447 3847 1797 3916 ἀγρυπνήσας

241 3933 460 4001 ἐκείνην
484 3930 578 4001 τὴν
605 3930 790 3994 νύκτα,
813 3933 903 3984 καὶ
933 3932 1006 4001 μὴ
1033 3931 1321 4001 δυνάμενος
1368 3933 1608 3985 ὑπνῶσαι
1628 3972 1642 3995 ,
1679 3932 1798 3984 ἐκέ-

241 4018 434 4071 λευσεν
488 4019 947 4087 ἀναγινώσκεσθαι
1002 4021 1150 4090 αὐτῷ
1200 4020 1305 4072 τῶν
1351 4020 1597 4089 πράξεων
1635 4020 1795 4071 αὑτοῦ

248 4107 306 4158 τά
339 4106 722 4176 ὑπομνήματα.
761 4107 1295 4176 Ἀναγινωσκομένων
1331 4107 1385 4158 δέ
1425 4106 1634 4165 αὐτῶν,
1672 4099 1795 4174 εῦρε

237 4195 438 4263 πρᾶξιν
465 4193 669 4262 ἀγαθὴν
702 4195 781 4255 είς
808 4195 966 4246 αὑτὸν
996 4194 1291 4263 γενομένην
1321 4194 1424 4245 ὑπὸ
1461 4193 1553 4245 τοῦ
1586 4194 1797 4262 Μαρδο-

235 4283 412 4348 χαίου.
444 4277 545 4332 Δύο
581 4281 686 4348 γὰρ
706 4281 986 4350 εὐνούχους
1015 4282 1299 4350 μέλλοντας
1330 4280 1696 4333 ἐπιϐουλεύειν
1721 4279 1794 4348 τῷ

238 4367 451 4434 βασιλεῖ
488 4368 817 4436 κατήνεγκεν
847 4369 992 4439 αὐτῷ
1007 4367 1083 4438 τῷ
1111 4369 1318 4440 βασιλεῖ
1345 4371 1438 4421 καὶ
1464 4368 1701 4438 ἤλεγξεν.
1739 4368 1796 4419 Ὀ

234 4455 416 4508 τοίνυν
455 4454 699 4522 βασιλεὺς
745 4454 1139 4524 ἀποδεξάμενος
1184 4457 1282 4525 τὴν
1336 4455 1650 4527 προαίρεσιν
1701 4454 1794 4506 τοῦ

235 4540 600 4608 Μαρδοχαίου,
651 4538 830 4610 ἐζήτει
865 4543 1028 4610 τιμὴν
1061 4541 1218 4606 ἀξίαν
1247 4541 1325 4609 τῷ
1367 4541 1586 4607 τοιούτῳ
1619 4558 1796 4611 παρα-

236 4630 400 4693 σχεῖν.
435 4626 521 4687 Ὠς
546 4627 601 4678 δέ
617 4626 830 4694 εἰσῆλθε
860 4626 1002 4696 πρωῒ
1029 4627 1162 4696 πρὸς
1195 4627 1396 4679 αὐτὸνό
1425 4627 1613 4696 Ἀμάν,
1637 4627 1797 4678 ἐπυν-

237 4715 428 4768 θάνετο
459 4713 602 4786 [364]
627 4719 654 4768 6
687 4716 934 4784 βασιλεὺς
984 4715 1144 4769 αὑτοῦ
1167 4759 1179 4776 ,
1217 4717 1402 4779 ὁποίας
1439 4717 1531 4769 καὶ
1561 4716 1796 4786 πηλίκης

235 4802 398 4870 τιμῆς
435 4800 580 4863 ἄξιός
608 4804 753 4855 ἐστιν
794 4807 822 4857 6
861 4804 950 4856 τὸν
979 4803 1198 4872 βασιλέα
1229 4804 1610 4873 εὐεργετήσας.
1654 4805 1710 4856 Ὀ
1740 4803 1795 4855 δέ

248 4887 420 4956 Ἀμάν
446 4886 678 4954 νομίζων
706 4890 830 4960 περὶ
849 4889 1011 4942 αὑτοῦ
1036 4889 1397 4942 πυνθάνεσθαι
1428 4889 1518 4940 τὸν
1555 4889 1792 4958 βασιλέα,

236 4972 383 5028 εἶπεν
414 4975 561 5038 ἄξιον
594 4972 728 5028 εἶναι
774 4978 864 5027 τὸν
895 4977 1132 5030 τοιοῦτον
1167 4977 1412 5048 δεύτερον
1445 4977 1667 5044 βασιλέα
1699 4995 1796 5028 κα-

237 5061 464 5114 λεῖσθαι.
506 5060 562 5111 ’0
597 5060 694 5129 μὲν
717 5056 807 5112 οῦν
837 5061 1084 5128 βασιλεὺς
1110 5064 1314 5115 κελεύει
1343 5063 1431 5114 τὸν
1461 5063 1795 5132 Μαρδοχαῖον

238 5152 334 5218 τῆς
365 5146 626 5216 τοιαύτης
675 5145 966 5214 ἀξιωθῆναι
1004 5148 1184 5217 τιμῆς,
1224 5150 1314 5200 καὶ
1359 5149 1447 5199 τὸν
1490 5149 1657 5216 Ἀμάν
1696 5149 1765 5215 ἐμ

239 5237 476 5306 προσθεν
507 5233 667 5287 αὑτοῦ
709 5238 1046 5303 περιπατεῖν.
1098 5237 1161 5288 Ἠ
1209 5237 1265 5287 δέ
1304 5237 1500 5306 Ἐσθὴρ
1529 5237 1794 5307 πρόφασιν

240 5324 495 5393 εὑροῦσα,
526 5321 720 5389 ἠξίωσε
749 5321 874 5390 περὶ
907 5321 1013 5373 τῶν
1055 5322 1336 5375 Ἰουδαίων.
1363 5319 1492 5375 Εἶτα
1521 5322 1613 5374 τοῦ
1647 5324 1796 5391 βασι-

240 5409 370 5472 λέως
408 5407 738 5475 λυπηθέντος
769 5407 860 5459 ἐπὶ
887 5405 962 5474 τῷ
990 5407 1284 5476 παρανόμῳ
1305 5408 1683 5478 προστάγματι
1720 5405 1796 5474 τῷ

241 5495 377 5548 κατά
401 5493 512 5546 τῶν
545 5493 824 5552 Ἰουδαίων,
850 5492 941 5544 καὶ
968 5490 1307 5559 ὀργισθέντος
1322 5493 1459 5545 κατὰ
1480 5492 1572 5544 τοῦ
1604 5493 1656 5543 Ἀ
1669 5492 1792 5560 μάν,

241 5581 398 5643 αὐτὸς
424 5581 452 5632 6
498 5579 667 5648 Ἀμάν
704 5577 995 5646 παρεκάλει
1039 5575 1134 5644 τὴν
1174 5577 1407 5648 Ἑσθὴρ,
1449 5579 1673 5640 ἀπόντος
1703 5578 1794 5630 τοῦ

300 5745 327 5774 ⁸
352 5743 568 5806 ιάίρευηι
590 5739 796 5789 habetur
829 5740 876 5788 in
901 5739 1050 5788 altera
1075 5736 1297 5798 Synepsi.

1286 392 1610 449 SYNOPSIS
1638 389 2044 450 SCRIPTURIE
2085 388 2352 446 SACRE.

3361 383 3473 442 360

1923 504 2198 572 βασιλέως,
2226 503 2535 558 ἐπικύπτων
2567 499 2656 551 καὶ
2684 496 2994 568 προσκυνῶν
3024 495 3089 548 τά
3126 495 3322 562 γόνατα
3369 493 3461 544 αύ-

1914 591 2033 658 τῆς.
2079 591 2135 642 Ὀ
2161 592 2214 642 δέ
2243 589 2488 659 βασιλεὺς
2523 589 2614 639 καὶ
2661 585 2916 656 ἑωρακὼς
2955 585 3044 636 τὸν
3087 583 3256 652 Ἀμάν
3295 581 3457 633 απτόο

1917 693 2073 746 μενον
2097 675 2204 728 τῶν
2235 675 2390 744 ἰχνῶν
2419 675 2518 743 τῆς
2546 674 2875 742 βασιλίσσης,
2905 671 3202 739 ὑπονοήσας
3230 665 3466 736 αἰσχρῶς

1913 762 2071 813 αὑτὸν
2100 761 2252 812 τοῦτο
2284 763 2472 824 ποιεῖν,
2503 759 2782 811 ἐκέλευσεν
2823 757 2982 811 αὐτὸν
3031 755 3129 825 μὲν
3169 753 3257 806 τὸν
3296 750 3465 820 Ἀμὰν

1913 849 1992 910 εἰς
2024 849 2083 900 τὸ
2113 848 2285 913 ξύλον,
2313 849 2448 916 ὅπερ
2474 843 2540 916 ῆν
2570 847 2854 916 ἑτοιμάσας
2874 844 2951 913 τῷ
2975 841 3318 912 Μαρδοχαίῳ,
3349 855 3467 905 κρεο

1916 935 2205 1002 μασθῆναι*
2238 934 2434 1002 γράφει
2479 933 2534 984 δέ
2566 932 2741 984 άνεσιν
2776 932 2872 999 μέν
2911 930 3050 998 ἔχειν
3100 927 3302 988 πάντας
3343 925 3468 984 τοὺς

1926 1020 2225 1081 Ἰουδαίους,
2252 1021 2375 1080 τοὺς
2413 1019 2468 1070 δέ
2504 1019 2727 1086 ἐχθροὺς
2761 1014 2939 1067 αὐτῶν
2965 1011 3312 1081 ἀναιρεθῆναι
3338 1010 3465 1078 παρ’

1912 1104 2105 1157 αὐτῶν.
2161 1105 2266 1156 Καὶ
2307 1105 2356 1154 of.
2403 1105 2499 1172 μὲν
2526 1103 2894 1172 ἀναιρεθέντες
2923 1099 3028 1151 είσὶ
3060 1098 3236 1167 μύριοι
3275 1112 3468 1147 πεντα-

1912 1191 2184 1259 κισχίλιοι.
2227 1189 2417 1255 Γέγονε
2439 1189 2493 1239 δέ
2521 1188 2678 1256 ἑορτὴ
2709 1190 2776 1256 τῇ
2811 1187 2870 1237 ιδ’
2903 1186 2993 1237 καὶ
3026 1184 3086 1235 ιε’
3149 1186 3207 1234 ἐν
3235 1181 3309 1250 τῷ
3340 1181 3467 1249 μηνὶ

1911 1276 1988 1344 τῷ
2014 1275 2315 1344 δωδεκάτῳ,
2355 1275 2500 1335 ὅστις
2554 1273 2798 1325 καλεῖται
2832 1270 3020 1339 Ἀδαρ.
3063 1268 3330 1321 Καλεῖται·
3355 1267 3407 1317 δέ
3433 1267 3466 1333 ή

1911 1361 2089 1429 ήμέρα
2141 1360 2277 1428 αῦτη
2328 1363 2393 1428 τῇ
2444 1359 2547 1427 ίδίᾳ
2587 1359 2850 1425 διαλέκτῳ
2903 1355 3079 1408 αὐτῶν
3126 1353 3320 1422 Φουρά.
3371 1355 3466 1402 Διά

1909 1446 2062 1499 τοῦτο
2095 1446 2232 1498 κατά
2263 1445 2360 1514 τὴν
2387 1445 2595 1515 ἡμέραν
2635 1444 2835 1512 ταύτην
2875 1443 3114 1496 καίουσιν
3145 1443 3192 1493 οἱ
3231 1440 3465 1491 Ἰουδαῖοι

1910 1535 1998 1587 τὸν
2041 1533 2232 1602 Ἀμάν,
2263 1533 2355 1586 καὶ
2405 1532 2751 1602 ἑορτάζουσι,
2792 1531 3128 1600 μνημόσυνον
3169 1525 3331 1580 οὖσαν
3370 1526 3466 1595 τῆς

1911 1619 2182 1689 σωτηρίας
2206 1619 2401 1672 αὐτῶν.
2425 1619 2532 1670 Kal
2554 1621 2610 1670 ἐν
2625 1617 2829 1680 τούτοις
2855 1616 3004 1675 τέλος
3030 1617 3141 1684 ἔχει
3167 1615 3226 1666 τὸ
3246 1612 3463 1678 βιϐλίον.

2469 1727 2648 1796 Τωϐίτ
2667 1741 2931 1805 βιϐλίον.

1979 1847 2154 1900 Τωϐὶτ
2182 1848 2424 1901 καλεῖται
2451 1847 2509 1899 τὸ
2543 1846 2763 1916 βιϐλίον,
2799 1844 2984 1914 ἐπειδὴ
3011 1843 3106 1912 τὴν
3147 1845 3275 1913 περί
3300 1842 3464 1894 αὑτοῦ

1907 1932 2000 1984 τοῦ
2025 1933 2202 1984 Τωϐὶτ
2242 1933 2478 2002 ἱστορίαν
2508 1932 2767 2002 περιέχει.
2815 1931 2970 1982 Ἐστι
3015 1930 3070 1982 δέ
3098 1931 3125 1981 6
3153 1929 3329 1982 Τωϐὶτ
3359 1929 3467 1982 άπὸ

1912 2018 2009 2086 μέν
2038 2018 2210 2085 φυλῆς
2235 2018 2566 2086 Νεφθαλείμ,
2594 2017 2782 2084 γέγονε
2809 2016 2864 2067 δέ
2901 2017 2957 2067 ἐν
2991 2018 3057 2084 τῇ
3100 2015 3464 2084 αἰχμαλωσίᾳ,

1909 2104 2001 2155 καὶ
2028 2097 2094 2172 ἦν
2127 2104 2183 2154 ἐν
2210 2105 2272 2172 τῇ
2311 2102 2496 2154 Νινευῖ
2527 2102 2771 2172 ἐλεήμων
2800 2101 2893 2154 καὶ
2925 2101 3196 2171 θεοσεϐής.
3230 2101 3335 2152 Καὶ
3359 2101 3465 2171 γὰρ

1909 2190 1968 2241 ἐν
1995 2191 2059 2257 τῇ
2089 2188 2432 2258 αἰχμαλωσίᾳ
2463 2187 2766 2256 γενόμενος,
2791 2187 2890 2238 οὐκ
2921 2185 3071 2255 ήσθιε
3102 2185 3274 2238 κοινὸν
3305 2185 3466 2256 ἄρτον

1908 2274 2014 2326 ἀπὸ
2039 2273 2144 2324 τῶν
2167 2273 2354 2332 ἐθνῶν,
2386 2273 2497 2325 ἀλλ’
2528 2272 2713 2324 ἐαυτὸν
2763 2273 3111 2340 συνετήρησε.
3143 2267 3250 2323 Ἷῐν
3287 2272 3340 2324 δὲ
3374 2273 3467 2324 καὶ

1907 2360 2211 2429 ἀγοραστὴς
2235 2359 2328 2411 τοῦ
2363 2359 2620 2427 βασιλέως
2661 2358 3050 2426 Ἐνεμασάρου,
3082 2357 3174 2409 καὶ
3207 2358 3478 2427 παρέθετο.

1907 2449 1962 2498 ἐν
1997 2449 2060 2515 τῇ
2092 2446 2299 2514 Μηδείᾳ
2331 2445 2541 2514 Γαϐαὴλ
2566 2444 2797 2496 τάλαντα
2821 2450 2871 2497 ι’.
2918 2438 3084 2505 Οὗτος
3117 2441 3208 2496 οὖν
3235 2446 3262 2495 6
3289 2445 3464 2496 Τωϐὶτ

1908 2533 2138 2597 σπουδὴν
2163 2528 2271 2600 εἶχε
2298 2531 2519 2584 θάπτειν
2553 2531 2676 2592 τοὺς
2709 2529 3149 2597 ἀποθνήσκοντας
3194 2531 3300 2581 τῶν
3340 2531 3478 2581 Ἴου--

1904 2618 2084 2669 δαὲων.
2119 2616 2430 2684 Διαϐληθεὶς
2453 2616 2507 2667 δέ
2525 2615 2598 2684 τῷ
2617 2615 2823 2685 βασιλεῖ
2859 2615 3126 2686 ’Ᾱχειρὴλ,
3155 2614 3340 2683 ἔφυγε.
3359 2616 3466 2667 Καὶ

1907 2703 2232 2766 ἐπανελθὼν,
2268 2705 2359 2757 καὶ
2387 2704 2560 2772 θάψας
2608 2703 2728 2756 τινά
2761 2702 2864 2754 τῶν
2900 2701 3293 2764 ἀποθανόντων,
3327 2701 3466 2752 ἐκοι-

1910 2790 2054 2859 μήθη
2082 2790 2182 2853 ἔξω
2214 2789 2304 2841 τοῦ
2347 2791 2576 2859 τείχους,
2627 2789 2722 2841 καὶ
2768 2789 2842 2850 ὡς
2898 2787 3054 2840 εῖωθε
3107 2789 3462 2856 κοιμώμενος,

1906 2876 2275 2945 ἀνεῳγμένους
2299 2871 2408 2945 εἷχε
2431 2879 2552 2939 τοὺς
2577 2875 2906 2944 ὀφθαλμοὺς,
2939 2874 3229 2946 στρουθίων
3255 2873 3308 2926 δὲ
3331 2875 3462 2942 ἀφο-

1906 2964 2204 3017 δευσάντων
2239 2965 2440 3016 ἄνωθεν
2463 2966 2539 3025 είς
2566 2963 2690 3024 τοὺς
2714 2961 3021 3031 ὀφθαλμοὺς
3051 2961 3234 3025 αὑτοῦ,
3262 2961 3465 3013 λευκώ-

1910 3068 2051 3119 ματα
2082 3051 2225 3118 ἔσχε,
2257 3049 2350 3102 καὶ
2386 3049 2565 3102 οὐκέτι
2595 3048 2840 3101 ἔϐλεπεν.
2883 3044 2990 3100 Ἦν
3036 3047 3091 3099 δέ
3120 3047 3212 3100 καὶ
3243 3049 3296 3099 ἐν
3340 3049 3462 3099 Ἐκ-

1907 3135 2153 3196 ϐατάνοις
2207 3135 2448 3204 θυγάτηρ
2501 3134 2592 3187 τοῦ
2651 3133 2917 3203 Ῥαγουὴλ
2965 3133 3255 3200 συγγενοῦς
3300 3132 3471 3186 αὑτοῦ.

1905 3221 2086 3290 Σάρρα
2125 3221 2363 3289 ὀνόματι.
2385 3219 2598 3289 Ταύτην
2623 3220 2930 3289 γαμηθῆναι
2971 3220 3069 3271 οὐκ
3115 3219 3410 3290 ἐπέτρεπεν
3437 3223 3467 3272 6

1903 3305 2108 3373 δαίμων
2153 3304 2464 3374 Ἀσμοδαῖος
2484 3322 2498 3336 ο
2529 3304 2666 3357 ἑπτά
2695 3305 2823 3372 γοῦν
2855 3304 2978 3373 ἐξῆς
3005 3304 3262 3368 λαϐόντας
3297 3305 3462 3375 αὐτὴν

1905 3391 2184 3444 ἀπέκτεινε
2217 3397 2233 3414 ‘
2266 3390 2382 3462 [καὶ
2402 3392 2540 3445 πάνυ
2562 3390 2881 3461 λυπηθεῖσα·
2905 3392 3042 3444 ἐπτά
3071 3392 3179 3463 γὰρ
3206 3391 3460 3455 λαϐόντας

1906 3478 2031 3546 ἐξῆς
2062 3479 2228 3547 αὐτὴν
2255 3478 2583 3549 ἀπέκτεινεῙ.
2617 3479 2724 3531 Καὶ
2767 3479 2904 3531 πάνυ
2939 3479 3237 3549 λυπηθεῖσα
3266 3482 3298 3550 ή
3336 3483 3460 3544 παῖς

1903 3566 2123 3634 ηὔξατοο
2155 3567 2248 3619 καὶ
2278 3566 2594 3620 ἀπέστειλεν
2623 3568 2755 3638 αὐτῇ
2787 3567 2975 3637 βοηθὸν
3004 3570 3032 3619 6
3052 3568 3181 3630 Θεὸς
3213 3569 3303 3622 τὸν
3326 3570 3458 3640 ἀρχ-

1906 3652 2129 3719 άγγελον
2182 3653 2442 3723 Ῥαφαήλ.
2521 3654 2580 3704 ὐ
2632 3652 2807 3705 τοίνυν
2857 3653 3033 3706 Τωϐὶτ
3093 3656 3460 3724 παραγγείλας

1904 3738 1982 3806 τῷ
2017 3737 2116 3807 υἱῷ
2141 3739 2300 3790 αὐτοῦ
2325 3739 2507 3808 Τωϐίᾳ
2550 3739 2623 3808 μὴ
2659 3739 2839 3792 λαϐεῖν
2874 3739 3166 3809 ἀλλαχόθεν
3209 3745 3456 3809 γυναῖκα,

1905 3826 1954 3876 εί
1989 3823 2060 3893 μὴ
2093 3826 2156 3876 ἐκ
2179 3825 2272 3892 τῆς
2303 3823 2475 3894 φυλῆς
2519 3825 2682 3877 αὐτοῦ
2727 3825 2819 3876 καὶ
2863 3826 2957 3878 τοῦ
2995 3827 3216 3894 γένους,
3251 3827 3459 3880 δίδωσιν

1906 3910 2050 3978 αὐτῷ
2082 3909 2140 3960 τὸ
2165 3910 2523 3979 χειρόγραφον
2559 3910 2665 3962 τῶν
2686 3910 2815 3963 δέκα
2841 3911 3134 3974 ταλάντων,
3163 3912 3256 3964 καὶ
3278 3913 3456 3964 ἐντέλ-

1905 3995 2051 4046 λεται
2099 3995 2245 4062 αὐτῴ
2294 3994 2544 4046 ἀπελθεῖν
2580 3995 2671 4046 καὶ
2715 3996 3034 4064 ἀπαιτῆσαι.
3075 3997 3303 4063 Ἀγνοῶν
3344 3998 3398 4050 δὲ
3432 4002 3460 4050 6

1905 4083 2033 4140 παῖς
2065 4080 2163 4147 τὴν
2219 4080 2333 4131 ὁδὸν
2366 4078 2514 4150 [565]
2556 4082 2648 4132 καὶ
2701 4081 2791 4132 τὸν
2835 4081 3133 4152 ἄνθρωπον,
3182 4084 3457 4153 ἐξέρχεται

1907 4163 2136 4234 ζητῆσαι
2174 4165 2565 4235 συνοδοιπόρον.
2593 4166 2747 4218 Κατὰ
2772 4167 2905 4219 Θεοῦ
2946 4169 3198 4239 πρόνοιαν
3221 4170 3464 4240 εὑρίσκει

1902 4250 1994 4303 τὸν
2041 4251 2300 4320 Ῥαφαὴλ,
2328 4251 2402 4313 ὼς
2431 4251 2712 4322 ἄνθρωπον
2739 4255 2944 4307 ἑστῶτα
2966 4255 3087 4319 ἔξω,
3119 4257 3211 4309 καὶ
3241 4256 3459 4326 μισθοῦ-

1903 4354 1991 4388 ται
2023 4337 2184 4389 αὐτὸν
2220 4336 2444 4403 λέγοντα
2473 4338 2666 4392 είδέναι
2705 4340 2803 4409 τὴν
2836 4341 2971 4393 ὀδόν.
2997 4345 3012 4362 ⁸
3045 4342 3175 4412 [Καὶ
3194 4345 3456 4396 συνοδεύει

1903 4423 2045 4492 αύτῷ
2061 4425 2087 4476 6
2109 4423 2332 4491 ἄγγελος
2351 4425 2424 4487 ώς
2441 4425 2719 4496 ἄνθρωπον
2735 4427 2955 4494 λέγοντα
2975 4429 3165 4480 εἰδέναι
3182 4431 3277 4498 τὴν
3296 4429 3454 4498 ὁδόν.]

1905 4511 2011 4562 Καὶ
2045 4509 2311 4562 συνοδεύει
2365 4510 2510 4578 αὐτῷ
2535 4513 2562 4562 6
2590 4512 2922 4579 ἀρχάγγελος
2967 4513 3201 4583 Ῥαφαὴλ
3249 4514 3323 4575 ὡς
3365 4516 3456 4568 ἆν-

1904 4595 2114 4664 θρωπος
2147 4596 2432 4664 λεγόμενος⁹
2477 4596 2745 4666 Ἀζαρίας.
2787 4597 3071 4651 Ἐλθόντων
3097 4599 3150 4651 δὲ
3186 4599 3455 4664 αὑτῶνείς

1903 4684 1990 4734 τὸν
2041 4683 2243 4753 Τίγρην
2296 4683 2558 4752 ποταμὸν,
2621 4685 2881 4754 ἠθέλησεν
2933 4689 3112 4750 ὀπαῖς
3166 4690 3244 4750 εἰς
3297 4689 3455 4740 αὑτὸν

1904 4769 2203 4838 καταϐῆναι
2232 4770 2324 4820 καὶ
2352 4769 2671 4832 λούσασθαι,
2723 4773 2814 4823 καὶ
2859 4772 3017 4834 εὐθὺς
3065 4773 3213 4842 ίχθὺς
3247 4775 3452 4843 ἐπεπή-

1902 4856 2029 4923 δησε
2055 4855 2133 4924 τῷ
2159 4853 2425 4924 παιδαρίῳ
2458 4855 2643 4924 μέγας.
2689 4857 2746 4909 '0
2776 4856 2830 4909 δέ
2863 4857 3086 4925 ἄγγελος
3127 4854 3275 4913 εἶπεν
3308 4861 3454 4929 αὐτῷ

1904 4941 2250 4993 ἐπιλαϐέσθαι
2279 4941 2369 4992 τοῦ
2409 4939 2586 5009 ἰχθύος
2618 4941 2711 4993 καὶ
2746 4945 2928 5012 τεμεῖν
2966 4943 3125 4997 αὑτὸν
3155 4947 3246 4998 καὶ
3274 4946 3454 4998 λαϐεῖν

1903 5028 1961 5079 τό
1985 5043 2040 5078 τε
2066 5021 2216 5096 ἧπαρ
2240 5025 2333 5078 καὶ
2355 5027 2452 5095 τὴν
2483 5026 2706 5095 καρδίαν
2731 5027 2893 5080 αὑτοῦ
2919 5029 3011 5080 κα)⁸
3036 5032 3131 5100 τὴν
3157 5031 3337 5102 χολὴν,
3364 5035 3455 5084 καὶ

1902 5111 2072 5162 ταῦτα
2110 5113 2312 5181 τηρεῖν.
2351 5106 2484 5163 Είτα
2512 5111 2909 5182 πυνθανομένου
2955 5114 3047 5167 τοῦ
3102 5118 3322 5178 παιδὸς,
3376 5120 3454 5177 είς

1901 5199 1952 5248 τί
1983 5201 2221 5267 χρήσιμα
2251 5195 2441 5260 ταῦτα,
2467 5197 2671 5260 ἐκεῖνος
2706 5197 2826 5268 ἐφη·
2859 5198 2930 5251 Τὸ
2963 5195 3113 5270 ἧπαρ
3140 5202 3286 5270 καὶὴ
3317 5219 3452 5270 καρ-

1902 5283 1987 5335 δία
2016 5282 2333 5352 θυμιώμενα
2356 5281 2534 5347 διώξει
2577 5284 2670 5335 τὸν
2698 5283 2941 5353 δαίμονω
2971 5287 3003 5354 ή
3034 5285 3088 5337 δὲ
3127 5287 3253 5356 χολὴ
3283 5288 3450 5339 καθα-

1906 5371 2043 5440 ρίσει
2067 5370 2134 5422 τά
2161 5370 2506 5439 λευκώματσ..
2551 5371 2608 5424 '0
2651 5372 2747 5440 μὲν
2771 5367 2860 5424 οῦν
2886 5375 3013 5434 παῖς
3050 5374 3341 5444 συμϐουλίᾳ
3363 5375 3452 5427 καὶ

1905 5457 2158 5526 συνεργίᾳ
2193 5455 2287 5507 τοῦ
2333 5456 2562 5522 ἀγγέλου
2611 5455 2874 5525 λαμϐάνει
2911 5456 3006 5528 τὴν
3055 5459 3144 5512 τοῦ
3189 5459 3453 5529 Ῥαγουὴλ

1903 5542 2172 5612 θυγατέρα
2201 5541 2298 5611 τὴν
2321 5543 2532 5613 Σάρραν
2581 5546 2841 5609 γυναῖκα,
2875 5543 3184 5614 διωχθέντος
3224 5547 3314 5599 τοῦ
3342 5546 3454 5600 δαι-

1964 5682 1991 5720 ιι
2022 5681 2099 5729 Sic
2121 5683 2222 5729 fere
2240 5684 2396 5744 altera
2419 5682 2668 5744 Synopsis.

1970 5747 1986 5764 '
2005 5745 2119 5800 Qua?
2142 5743 2326 5791 uncinis
2347 5743 2628 5794 inclusimus
2645 5745 2840 5793 omnino
2851 5744 3090 5806 ejicienda
3108 5747 3346 5799 videnlur.
3371 5750 3452 5800 I-In.
