4094 6474
631 388 736 441 361

631 491 812 564 μονίου
849 493 903 543 ἐν
927 492 1000 560 τῷ
1035 493 1335 564 θυμιάματι
1375 498 1565 567 τούτῳ,
1608 500 1696 552 καὶ
1740 501 1980 563 δεθέντος
2008 504 2084 565 είς
2116 503 2181 554 τά

629 578 873 646 ἀνώτερα
911 579 1047 649 μέρη
1075 581 1348 647 Αἰγύπτου
1403 583 1506 636 ὑπὸ
1558 585 1648 637 τοῦ
1682 586 1930 653 ἀγγέλου.
1977 588 2181 649 Μείνας

629 664 686 716 δέ
728 664 861 733 μετά
911 665 1009 732 τῆς
1063 667 1315 734 γυναικὸς
1368 670 1396 720 ό
1448 669 1680 731 Τωϐίας,
1730 671 2042 723 ἀποστέλλει
2091 674 2182 724 τὸν

645 751 913 819 Ἀζαρίαν,
948 751 1024 812 ὼς
1069 753 1348 822 ἄνθρωπον
1385 755 1543 815 ὄντα,
1579 757 1658 816 είς
1688 756 1786 824 τὴν
1828 757 2058 826 Μηδίαν,
2089 760 2182 810 καὶ

631 840 934 908 ἀπαιτήσας
960 839 1164 901 ἐκεῖνος
1187 840 1253 893 τὰ
1282 841 1410 894 δέκα
1445 842 1676 895 τάλαντα
1711 843 2012 916 ὑπέστρεψε
2046 845 2180 914 μετὰ

630 924 729 992 τῆς
759 925 1008 991 γυναικὸς
1025 926 1117 978 καὶ
1146 927 1306 979 αὑτοῦ
1323 929 1412 980 τοῦ
1438 928 1663 995 ἀγγέλου
1685 929 1818 998 πρὸς
1836 931 1926 982 τὸν
1950 931 2176 1000 πατέρα.

643 1012 1011 1080 Ὑποστρέψας
1042 1012 1096 1064 δὲ
1123 1014 1150 1064 ὁ
1184 1016 1327 1074 παῖς,
1373 1015 1577 1083 ἐγχρίει
1614 1019 1678 1083 τῇ
1710 1015 1834 1084 χολῇ
1872 1015 1964 1067 τοῦ
2003 1015 2183 1084 ἰχθύος

631 1097 755 1157 τοὺς
809 1097 1114 1167 ὀφθαλμοὺς
1169 1098 1261 1149 τοῦ
1314 1099 1533 1166 πατρὸς,
1574 1103 1666 1152 καὶ
1707 1099 2099 1152 ἀποπίπτουσιν
2125 1101 2179 1152 αἱ

630 1183 858 1246 λεπίδες,
891 1185 982 1236 καὶ
1029 1185 1186 1247 εὐθὺς
1224 1185 1496 1251 ἀνέϐλεψε.
1542 1186 1669 1238 Ὅτε
1717 1187 1812 1255 μὲν
1843 1186 2119 1255 ἐτυφλώθη
2153 1191 2181 1241 6

631 1269 826 1332 Τωϐἱτ,
866 1264 932 1337 ῆν
957 1268 1092 1320 ἐτῶν
1131 1276 1209 1338 νη¹
1231 1309 1245 1330 ,
1276 1271 1360 1321 ὅτε
1399 1270 1454 1321 δὲ
1486 1270 1763 1339 ἀνέϐλεψε,
1808 1268 1875 1340 ῆν
1915 1273 2049 1324 ἐτῶν
2073 1271 2177 1336 Eg".

628 1355 737 1406 Καὶ
780 1354 959 1405 λοιπὸν
995 1354 1282 1423 βλέψαντος
1316 1355 1477 1408 αὑτοῦ
1499 1397 1512 1420 ,
1549 1358 1886 1426 ἐφανέρωσεν
1933 1358 2119 1410 ἐαυτὸν
2143 1358 2180 1422 ⁴δ

627 1439 873 1506 ἄγγελος,
901 1441 980 1491 δτι
1010 1441 1106 1492 οὐκ
1143 1441 1421 1509 ἄνθρωπος
1449 1437 1537 1512 ἦν,
1563 1442 1694 1494 ἀλλά
1729 1442 1878 1513 παρὰ
1915 1442 2008 1495 τοῦ
2045 1443 2178 1495 Θεοῦ

627 1525 900 1592 ἀπεστάλη
931 1527 1010 1587 είς
1062 1524 1309 1595 βοήθειαν
1357 1527 1530 1579 αὑτῶν
1581 1545 1638 1580 τε
1691 1529 1784 1581 καὶ
1831 1529 1924 1598 τῆς
1973 1528 2176 1598 Σάρρα.

626 1609 699 1679 Γη
711 1609 875 1677 ράσας
908 1609 963 1662 δέ
996 1612 1023 1661 ὁ
1052 1610 1251 1676 Τωϐὶτ,
1283 1612 1612 1682 παρήγγειλε
1632 1613 1710 1682 τῷ
1746 1612 1842 1682 υἱῷ
1874 1613 2036 1666 αὑτοῦ
2061 1614 2179 1666 Τω-

627 1695 737 1764 ϐία,
769 1694 1015 1748 ἀπελθεῖν
1048 1698 1125 1757 είς
1149 1696 1245 1764 τὴν
1270 1697 1477 1766 Μηδίαν
1503 1697 1588 1750 διὰ
1607 1699 1704 1767 τὴν
1728 1698 1988 1768 ἐσομένην
2016 1716 2151 1751 κατα
2167 1728 2181 1738 ο

627 1781 858 1851 στροφὴν
887 1782 984 1850 τῆς
1007 1781 1188 1834 Νινευῒ
1231 1783 1365 1834 κατὰ
1395 1783 1452 1835 16
1487 1783 1638 1854 ῥῆμα
1665 1785 1816 1836 Ἰωνᾶ
1846 1783 1939 1836 τοῦ
1971 1787 2179 1855 προφή-

623 1885 736 1931 του,
787 1869 878 1920 καὶ⁵
922 1867 1155 1920 ἐκλιπὼν
1185 1868 1418 1921 ἀπέθανε
1464 1868 1598 1921 ἐτῶν
1630 1869 1705 1921 ῶν
1735 1876 1859 1940 ρνεθ.
1904 1869 1961 1921 '0
1989 1869 2045 1921 δὲ
2067 1869 2178 1931 υἱὸς

624 1953 786 2005 αὑτοῦ
825 1952 1016 2016 Τοϐίας
1048 1953 1293 2008 ἀπελθὼν
1339 1956 1418 2017 είς
1461 1955 1557 2024 τὴν
1589 1955 1818 2026 Μηδίαν,
1863 1956 1955 2008 καὶ
2005 1954 2177 2023 θάψας

622 2038 746 2100 τοὺς
771 2038 1059 2108 πενθερούς
1096 2040 1278 2102 αὑτοῦ,
1319 2042 1411 2092 καὶ
1444 2040 1677 2103 ἀκούσας
1721 2042 1970 2111 περὶτῆς
2011 2057 2178 2094 κατα-

624 2124 859 2193 στροφῆς
891 2123 1093 2188 Νινευῖ,
1151 2125 1385 2178 ἀπέθανε
1425 2127 1518 2179 καὶ
1563 2128 1718 2189 αὐτὸς
1751 2126 1827 2197 ρξ’
1901 2126 2034 2180 ἐτῶν
2079 2126 2171 2178 ῶν.

624 2209 733 2261 Καὶ
757 2209 813 2262 ἐν
842 2209 1046 2272 τούτοις
1074 2211 1221 2273 τέλος
1248 2212 1357 2274 ἔχει
1383 2213 1474 2264 καὶ
1497 2213 1652 2264 τοῦτο
1673 2212 1730 2263 16
1764 2211 1984 2280 βιϐλίον.

1144 2353 1383 2404 Βιϐλίων
1435 2353 1652 2404 Ιουδίθ.

701 2486 884 2539 100610
916 2488 1157 2540 καλεῖται
1186 2486 1246 2538 16
1277 2486 1495 2553 βιϐλίον,
1524 2487 1706 2557 ἐπειδὴ
1745 2488 2174 2558 πολεμουμένους

623 2573 715 2626 καὶ
748 2573 1231 2642 πολιορκουμένους
1261 2573 1364 2623 ὑπὸ
1408 2573 1497 2624 τοῦ
1538 2573 1850 2642 Ὀλοφέρνου
1878 2575 2002 2638 τοῦς
2029 2577 2174 2638 υἱοὺς

634 2659 845 2728 Ἰσραὴλ
868 2659 894 2709 6
921 2659 1050 2721 Θεὸς
1074 2657 1162 2710 διὰ
1188 2660 1284 2726 τῆς
1314 2657 1494 2709 Ἰουδιο
1525 2660 1642 2720 τοὺς
1671 2659 1770 2727 μὲν
1799 2659 1956 2723 λαοὺς
1983 2660 2169 2722 ἔσωσε,

619 2747 709 2796 160
752 2746 807 2797 δέ
848 2745 1163 2814 ὐλοφέρνην
1196 2744 1478 2806 ἐπάταξεν.
1524 2744 1586 2795 Ἢ
1633 2745 1689 2796 δὲ
1745 2747 1949 2817 ἱστορία
1994 2748 2129 2818 αὕτη
2157 2762 2169 2775 ·

620 2830 1126 2898 Ναϐουχοδονόσορό
1160 2829 1402 2896 βασιλεὺς
1460 2829 1567 2881 τῶν
1611 2831 2174 2903 Ἀσσυρίων,πόλεμον

621 2919 756 2986 ἔχων
787 2917 920 2985 πρὸς
954 2914 1220 2984 Ἀρφάξαδ
1249 2914 1468 2982 βασιλέα
1499 2914 1713 2983 Μήδων,
1749 2915 1915 2984 ᾔτησε
1955 2935 2173 2988 συμμα-

625 3003 745 3072 χίαν
783 3001 932 3071 παρά
978 3000 1085 3053 τῶν
1133 2999 1299 3052 ἐθνῶν
1338 3000 1549 3052 πάντων
1599 3001 1702 3061 ἕως
1744 3001 2036 3068 Αἰγύπτου.
2083 3006 2173 3076 Μὴ

619 3088 921 3140 δεδωκότων
971 3085 1026 3138 δὲ
1073 3085 1282 3150 αὑτῶν,
1330 3085 1441 3136 ἀλλ’
1495 3087 1883 3155 ἀντειρηκότων
1921 3089 2133 3141 πάντων
2156 3127 2172 3153 ,

626 3174 762 3240 μετὰ
813 3173 870 3223 16
923 3171 1137 3238 νικῆσαι
1182 3171 1272 3222 καὶ
1323 3171 1697 3240 περιγενέσθαι
1749 3171 1842 3224 τοῦ
1885 3173 2170 3244 Ἀρφάξαδ,

621 3257 770 3310 ἔθετο
810 3255 949 3309 κατά
994 3256 1097 3308 τῶν
1133 3255 1206 3325 μὴ
1234 3255 1536 3308 δεδωκότων
1585 3256 1834 3324 πόλεμον.
1887 3260 1994 3311 Καὶ
2041 3262 2175 3312 ἀπέ-

623 3342 794 3396 στειλε
835 3343 924 3395 160
963 3343 1283 3413 Ὀλοφέρνην
1316 3343 1451 3412 μετά
1498 3344 1773 3412 δυνάμεως
1819 3345 2013 3416 πολλῆς
2058 3348 2172 3400 κατ’

620 3430 815 3483 αὑτῶν.
856 3428 935 3481 Τὰ
972 3430 1066 3498 μὲν
1090 3424 1182 3480 οὖν
1211 3427 1342 3482 ἄλλα
1376 3429 1552 3480 πάντα
1590 3429 1712 3499 ἔθνη
1753 3430 1940 3493 ἔλαϐε,
1986 3434 2079 3485 καὶ
2107 3433 2174 3486 τά

621 3518 810 3569 εἴδωλα
846 3515 1020 3569 αὑτῶν
1057 3515 1394 3584 συνέτριψεν.
1432 3517 1493 3565 OE
1521 3515 1574 3569 δὲ
1608 3517 1710 3568 υἱοὶ⁵
1745 3519 1956 3588 Ἰσραήλ
2001 3521 2174 3588 ἠσφα-

618 3604 831 3657 λίσαντο
865 3605 1104 3666 ἑαυτοὺς,
1141 3603 1231 3655 καὶ
1270 3603 1366 3672 οὑχ
1396 3604 1706 3672 ὑπήκουσαν
1743 3605 1820 3674 τῷ
1863 3607 2169 3679 Ὀλοφέρνη,

619 3689 739 3743 οὔτε
768 3690 1106 3759 ἐφοϐήθησαν
1129 3688 1289 3743 αὑτοῦ
1309 3689 1406 3759 τὴν
1431 3690 1674 3758 ἀπειλήν.
1712 3693 1768 3743 '0
1792 3693 1968 3745 τοίνυν
1999 3695 2175 3762 ἱερεὺς

633 3776 880 3844 Ἰωακεὶμ
908 3775 1107 3844 ἔγραψε
1141 3778 1251 3837 τοῖς
1290 3776 1346 3827 ἐν
1377 3775 1644 3846 Βετυλούᾳ
1667 3778 1864 3847 φράξαι
1897 3779 1991 3848 τὴν
2023 3779 2171 3852 [566]

619 3862 736 3915 ὁδὸν
771 3861 1102 3932 ὐλοφέρνου,
1134 3859 1318 3929 ἐπειδὴ
1343 3860 1548 3913 ἐκεῖθεν
1580 3857 1648 3930 ἦν
1677 3863 1844 3915 αὑτοῦ
1872 3864 2059 3934 ήόδὸς,
2084 3867 2175 3918 καὶ

621 3949 876 4018 ἔφραξαν.
931 3949 1040 4000 Καὶ
1084 3949 1112 4000 6
1158 3947 1254 4017 μὲν
1309 3946 1628 4016 Ὀλοφέρνης
1678 3949 2042 4018 παρετάσσετο
2096 3953 2174 4013 είς

622 4036 870 4105 πόλεμον.
921 4035 1117 4105 Ἀχιὼρ
1146 4035 1202 4086 δέ
1244 4035 1272 4086 6
1317 4034 1610 4105 ἡγούμενος
1644 4037 1750 4087 τῶν
1791 4037 1918 4088 υἱῶν
1955 4038 2174 4108 ’Λμμὼν

624 4121 994 4174 συνεϐούλευσε
1016 4121 1092 4189 τῷ
1131 4121 1420 4189 Ὀλοφέρνη
1451 4123 1522 4190 μή
1545 4120 1794 4190 πολεμεῖν
1811 4123 1870 4173 16
1895 4123 2042 4187 έθνος
2068 4125 2174 4176 τῶν

635 4208 895 4278 Ἑϐραίων
924 4207 1008 4258 διά
1043 4207 1103 4258 τὸ
1133 4206 1520 4275 ὑπερασπίζειν
1549 4207 1724 4259 αὑτῶν
1756 4208 1845 4261 τὸν
1886 4209 2034 4263 Θεόν.
2067 4211 2174 4263 Καὶ

623 4293 891 4364 ὀργισθεὶς
953 4292 1271 4363 Ὀλοφέρνης
1331 4293 1668 4361 ἀπέστρεψεν
1721 4295 1878 4345 αὑτὸν
1938 4298 2014 4358 είς
2079 4296 2175 4348 Βε-

623 4381 801 4441 τουλᾶ,
833 4379 1126 4448 ἀπειλήσας
1159 4380 1399 4448 ἀναιρεῖν
1431 4378 1589 4429 αὑτὸν
1618 4379 1664 4429 εί
1697 4380 2029 4448 περιγένοιτο
2068 4383 2174 4436 τῶν

635 4466 914 4536 Ἑϐραίων.
966 4467 1022 4516 Ὀ
1065 4465 1159 4533 μὲν
1186 4460 1278 4516 οὖν
1323 4463 1516 4533 ’Λχιὼρ
1545 4459 1610 4532 ἦν
1647 4464 1875 4516 Βετουλᾶ
1907 4465 2174 4519 ἀναπαυό-

626 4570 801 4621 μενος.
842 4554 898 4604 Ὀ
935 4553 990 4605 δὲ
1035 4552 1352 4622 ὐλοφέρνης
1382 4550 1679 4617 ἐπολιόρκει
1707 4551 1802 4620 τὴν
1837 4551 2004 4612 πόλιν,
2039 4570 2171 4625 προ-

622 4638 938 4690 καταλαϐὼν
968 4639 1035 4692 τὰ
1075 4637 1258 4691 ὕδατα.
1303 4637 1438 4706 Ἤδη
1475 4636 1528 4688 δὲ
1567 4635 1658 4686 τοῦ
1690 4635 1818 4688 λαοῦ
1865 4637 2173 4699 ἐκλυθέντος

620 4723 706 4774 διὰ
737 4724 796 4774 16
820 4723 987 4790 δίψος,
1017 4724 1107 4774 καὶ
1150 4722 1444 4792 μελλόντων
1473 4721 1715 4773 ὲκδοίναι
1748 4721 1844 4792 τὴν
1888 4723 2035 4776 πόλιν
2067 4724 2174 4777 τῶν

621 4811 910 4880 ἀρχόντων,
961 4811 1139 4863 100610
1168 4809 1508 4863 ἀποϐαλοῦσα
1526 4809 1590 4860 τὰ
1619 4812 1713 4879 τῆς
1745 4811 1964 4879 χηρείας
1989 4813 2174 4879 ἱμάτια

624 4896 856 4965 (ἐπένθει
884 4895 989 4964 γὰρ
1013 4895 1099 4948 160
1133 4897 1316 4966 ἄνδρα,
1353 4897 1444 4947 καὶ
1467 4897 1530 4947 δι’
1559 4895 1677 4946 ὅλου
1704 4895 2033 4964 νηστεύουσα
2059 4893 2172 4966 ἦν),

622 4983 918 5050 ἐκόσμησεν
967 4981 1158 5049 ἐαυτῆν
1187 4983 1259 5044 ώς
1291 4982 1522 5050 νύμφην,
1573 4982 1664 5032 καὶ
1710 4980 1876 5032 πολλά
1928 4999 2176 5051 παρακα-

620 5066 851 5124 λέσασα.
891 5065 1025 5118 ὥστε
1058 5066 1129 5133 μὴ
1176 5065 1418 5118 ἐκδοῦναι
1450 5066 1547 5133 τὴν
1583 5066 1733 5117 πόλιν
1772 5067 1924 5136 ἄχρις
1957 5069 2174 5136 ήμερῶν

624 5153 688 5215 ε’,
716 5152 932 5220 ἐξῆλθεν
966 5152 1098 5220 αὑτὴ
1133 5153 1266 5220 πρὸς
1301 5153 1390 5203 τὸν
1424 5153 1766 5221 Ὀλοφέρνην,
1804 5154 1896 5205 καὶ
1923 5155 1984 5222 τῇ
2014 5155 2174 5222 σοφία

623 5237 787 5305 αὑτῆς
818 5237 1139 5304 ἀπατήσασα
1173 5236 1351 5293 αὑτὸν.
1383 5239 1447 5305 τῇ
1477 5238 1632 5307 τρίτῃ
1677 5235 1858 5306 ἡμέρα
1899 5237 2174 5304 ἀπεκεφά-

623 5323 766 5374 λισεν
819 5323 976 5373 αὑτὸν
1156 5323 1314 5391 τρίτῃ
1351 5321 1582 5391 ἡμέρᾳ1,
1631 5321 1959 5388 ἀγνοούντων
2017 5339 2175 5393 στρα-

623 5407 826 5460 τιωτῶν
871 5407 1062 5468 αὑτοῦ,
1106 5410 1194 5460 καὶ
1230 5406 1369 5458 οὑτω
1414 5406 1596 5458 λοιπὸν
1629 5408 1732 5459 ἀπὸ
1769 5407 1860 5459 τοῦ
1887 5408 2094 5476 τείχους
2125 5409 2173 5460 οἱ

624 5494 831 5548 πολῖται
880 5492 1188 5561 ἁφάψαντες
1231 5492 1328 5561 τὴν
1378 5491 1615 5561 κεφαλὴν
1670 5493 2016 5562 Ὀλοφέρνου,
2064 5496 2174 5556 τοῖς

621 5581 782 5634 αὑτοῦ
840 5583 1160 5649 στρατηγοῖς
1218 5578 1514 5641 ὑπέδειξαν.
1579 5579 1856 5632 Ἐντεῦθεν
1902 5581 1949 5631 οἱ
2005 5580 2112 5647 γὰρ
2147 5594 2171 5620 ει

683 5741 708 5770 ⁸
733 5741 826 5788 I'm
847 5741 929 5802 γάρ
951 5743 1043 5804 leg.
1074 5742 1166 5800 μέν.

1326 383 1383 435 8.
1420 382 1700 439 JOANNIS
1739 386 2210 442 CIIBYSOSTUHI
2252 385 2564 441 ARCIHEP.
2607 384 3146 442 CUNSTANTINOP.

3744 405 3860 460 362

2304 504 2571 572 Ἀσσύριοι
2621 502 2848 569 ἔφυγον,
2897 504 2945 553 οἱ
2997 500 3051 552 δέ
3094 499 3199 552 υἱοὶ
3250 496 3463 567 Ἰσραὴλ
3511 495 3854 564 πανταχόθεν

2291 576 2680 658 συνδραμόντες
2715 586 3020 652 κατέκοψαν
3048 586 3172 649 τοὺς
3218 581 3546 652 Ἀσσυρίους.
3575 580 3850 642 Σωθέντες

2288 675 2340 726 δὲ
2376 674 2469 725 καὶ
2513 672 2902 731 σκυλεύσαντες
2949 671 3076 732 τοὺς
3125 667 3429 736 πολεμίους,
3471 665 3733 718 δεδώκασι
3774 668 3844 735 τῇ

2290 758 2476 810 100610
2513 758 2686 809 πάντα
2719 758 2785 808 τὰ
2825 754 2916 809 τοῦ
2977 753 3314 823 Ὀλοφέρνου.
3359 750 3506 820 Αὑτῆ
3555 749 3612 802 δέ
3658 748 3840 802 Ἰουδιο

2289 844 2590 896 ἀπελθοῦσα
2623 845 2700 905 εἱς
2725 841 3074 913 Ἰερουσαλὴμ
3103 840 3327 908 ἀνέθηκε
3348 837 3517 890 πάντα
3534 835 3610 904 τῷ
3631 835 3842 904 Κυρίῳ,

2289 931 2381 981 καὶ
2407 929 2774 998 ἐπιστρέψασα
2804 929 2880 988 εἱς
2898 927 2988 980 160
3016 921 3160 979 οἷκον
3193 925 3381 991 αὑτῆς,
3409 921 3508 991 τὴν
3539 921 3706 990 αὐτὴν
3728 918 3849 989 εἶχε

2288 1016 2538 1084 ἄσκησιν,
2589 1014 2682 1066 καὶ
2723 1014 2986 1083 διέμεινεν
3010 1011 3112 1073 ἕως
3142 1009 3368 1063 θανάτου
3403 1009 3565 1076 χήρα,
3617 1006 3847 1076 μηδενὸς

2290 1100 2453 1169 αὑτὴν
2481 1099 2748 1168 ἰσχύοντος
2776 1101 2958 1151 πεῖσαι
2988 1096 3123 1166 πρὸς
3151 1095 3326 1164 γάμον
3359 1091 3550 1145 ἐλθεῖν.
3579 1089 3847 1144 ’Λπέθανι

2287 1185 2342 1238 δὲ
2363 1185 2568 1254 ζήσασα
2595 1183 2768 1246 καλῶς
2795 1185 2853 1236 ἐν
2871 1186 2935 1252 τῇ
2965 1181 3158 1253 χηρείᾳ
3185 1177 3354 1247 αὐτῆς
3377 1177 3513 1231 ἐτῶν
3530 1183 3625 1249 ρεθ.
3651 1177 3758 1230 Καὶ
3781 1178 3853 1230 ἐν

2287 1269 2492 1333 τούτοις
2524 1268 2670 1332 τέλος
2701 1268 2810 1337 ἔχει
2833 1267 2894 1320 16
2922 1266 3140 1336 βιϐλίον.

2867 1386 2996 1441 ἰὼσ
3015 1385 3274 1450 βιϐλίον.

2370 1511 2490 1564 Ἰὼϐ
2521 1512 2759 1565 καλεῖται
2793 1509 2851 1562 16
2888 1507 3086 1577 βιϐλίον
3109 1547 3124 1572 ,
3164 1505 3349 1576 ἐπειδὴ
3381 1506 3480 1576 τὴν
3525 1504 3641 1556 κατ’
3674 1502 3849 1556 αὑτὸν

2291 1596 2526 1666 ἱστορίαν
2552 1596 2818 1666 περιέχει,
2863 1593 2978 1656 πῶς
3007 1609 3064 1644 τε
3097 1589 3326 1643 πέπονθε
3378 1587 3688 1658 πειρασθεὶς
3730 1587 3845 1640 ὑπὸ

2285 1681 2378 1734 τοῦ
2425 1680 2668 1734 διαϐόλου
2695 1719 2709 1742 ,
2751 1680 2846 1733 καὶ
2890 1678 3116 1748 νικήσας
3153 1674 3311 1728 αὑτὸν
3342 1676 3400 1728 ἐν
3440 1672 3515 1743 τῷ
3549 1675 3846 1744 ὑπομεῖναι

2287 1766 2521 1830 εὑσεϐῶς
2561 1768 2658 1827 τὰς
2688 1763 3062 1833 ἐπενεχθείσας
3089 1761 3235 1830 αὑτῷ
3275 1760 3513 1831 πληγάς’
3547 1761 3640 1813 καὶ
3673 1758 3844 1811 διπλᾶ

2286 1854 2460 1907 πάντα
2488 1853 2743 1917 ἀπέλαϐε,
2776 1854 2869 1905 καὶ
2904 1851 3124 1919 γέγονεν
3149 1849 3475 1918 ἐνδοξότερος
3503 1846 3640 1916 ὑπὲρ
3682 1845 3710 1898 6
3741 1841 3840 1914 ῆν.

2287 1940 2523 1993 Πέπονθε
2549 1939 2606 1991 δέ
2627 1939 2760 1991 ἐτῶν
2783 1937 2856 1990 ὼν
2881 1944 2942 2001 0',
2976 1935 3206 2006 ἐπέζησε
3238 1935 3294 1988 δέ
3331 1933 3464 2004 μετά
3491 1933 3590 1996 τὰς
3623 1932 3846 2002 πληγὰς

2286 2025 2378 2094 έτη
2413 2031 2503 2095 ροθ,
2530 2025 2603 2086 ὼς
2633 2022 2767 2076 εἶναι
2792 2023 2860 2075 τὰ
2885 2023 3062 2075 πάντα
3094 2022 3191 2090 τῆς
3219 2021 3362 2088 ζωῆς
3394 2019 3552 2072 αὑτοῦ
3588 2018 3680 2087 ἐτη
3720 2025 3841 2087 σμ’.

2285 2113 2475 2179 Γέγονε
2519 2111 2574 2164 δὲ
2617 2110 2735 2163 Ἰὼϐ
2779 2111 2881 2180 πρὸ
2925 2109 3236 2171 Μωῦσέως·
3284 2107 3390 2160 ἀπὸ
3437 2107 3544 2176 γάρ
3588 2106 3846 2176 Ἀϐραὰμ.

2285 2200 2528 2268 πέμπτος
2560 2193 2648 2267 ἦν,
2678 2197 2896 2264 ἔγγονος
2954 2194 3141 2248 Ἡσαῦ.
3183 2192 3280 2246 Διὰ
3308 2193 3364 2246 δέ
3402 2192 3499 2264 τὴν
3537 2192 3844 2262 γενομένην

2283 2287 2402 2338 κατ’
2431 2284 2592 2336 αὑτοῦ
2623 2283 2835 2352 πληγὴν
2873 2277 3033 2351 ἦλθον
3067 2280 3200 2351 πρὸς
3227 2279 3386 2333 αὑτὸν
3412 2279 3551 2348 φίλοι
3583 2294 3845 2347 παρακω-

2284 2373 2391 2424 λεῖν
2407 2371 2585 2433 αὑτὸν,
2616 2371 2708 2423 κα)⁸
2729 2368 2974 2422 τοσοῦτον
2999 2367 3311 2437 φιλονείκως
3330 2367 3422 2419 καὶ
3443 2365 3679 2435 ἀνηλεῶς
3699 2364 3844 2433 πρὸς

2283 2458 2444 2510 αὑτὸν
2471 2455 2778 2524 διετέθησαν
2826 2457 2938 2516 τοῖς
2983 2453 3179 2521 λόγοις,
3235 2452 3373 2505 ὥστε
3421 2453 3513 2504 καὶ
3561 2449 3842 2520 ἁμαρτίαν

2284 2543 2461 2604 αὐτοῖς
2486 2543 2546 2594 τὸ
2575 2545 2802 2611 πρᾶγμα
2819 2539 3151 2609 λογισθῆναι.
3183 2539 3240 2592 ⁸0
3260 2538 3316 2591 δέ
3354 2537 3470 2590 Ἰὼϐ
3495 2537 3843 2607 παρεκάλεσε

2281 2628 2371 2679 16v
2400 2627 2530 2679 Θεὸν
2550 2628 2688 2697 ὑπὲρ
2713 2627 2910 2689 αὑτῶν,
2941 2627 3032 2678 καὶ
3061 2624 3406 2695 συνεχωρήθη
3449 2624 3646 2684 αὑτοῖς.
3681 2623 3840 2675 Εἱσὶν

2282 2709 2372 2766 οὑν
2397 2713 2471 2782 τῷ
2511 2712 2626 2765 Ἰὼϐ
2655 2711 2885 2778 διάλογοι
2907 2711 3039 2780 πρὸς
3055 2712 3177 2773 τοὺς
3199 2711 3380 2778 φίλους
3396 2707 3445 2779 η’
3461 2728 3473 2740 ·
3497 2708 3588 2762 τοῦ
3613 2709 3841 2776 Ἐλιφάζ

2281 2799 2416 2869 πρὸς
2460 2798 2618 2852 αὑτὸν
2644 2801 2817 2866 τρεῖς’
2871 2796 2963 2849 τοῦ
3013 2795 3211 2866 Σωφὰρ
3243 2793 3374 2865 πρὸς
3396 2795 3556 2848 αὑτὸν
3586 2793 3677 2846 δύο
3697 2809 3708 2822 ·
3739 2796 3840 2848 καὶ

2281 2883 2369 2936 τοῦ
2402 2883 2598 2936 Βαλδὶιδ
2625 2885 2792 2953 τρεῖς.
2820 2883 2938 2934 Ἔτι
2967 2882 3022 2934 δὲ
3056 2881 3148 2933 καὶ
3175 2879 3266 2932 τοῦ
3317 2879 3522 2942 Ἐλιοῦζ
3541 2879 3630 2930 τοῦ
3660 2879 3844 2947 Βαρα-

2282 2971 2404 3040 χιὴλ
2428 2970 2521 3022 τοῦ
2553 2969 2820 3032 Βουζίτου.
2853 2969 2960 3019 Καὶ
2991 2966 3172 3018 λοιπὸν
3210 2967 3237 3016 ό
3283 2964 3481 3034 Κύριος
3513 2962 3838 3032 χρηματίζει

2282 3057 2356 3126 τῷ
2396 3056 2515 3109 Ἰὼϐ
2546 3057 2634 3109 διὰ
2671 3055 2928 3117 λαίλαπος
2959 3055 3052 3106 καὶ
3077 3053 3323 3122 νεφέλης.
3366 3051 3738 3121 Ἀποκρίνετιι
3778 3052 3839 3104 δὲ

2282 3143 2376 3196 καὶ
2416 3143 2532 3196 Ἰὼϐ
2560 3141 2635 3210 τῷ
2666 3141 2854 3213 Κυρίῳ
2885 3139 2972 3193 διὰ
3010 3140 3180 3208 λόγων
3217 3138 3328 3192 δύο.
3362 3138 3471 3192 Καὶ
3497 3136 3653 3190 τοῦτο
3683 3137 3838 3201 τέλος

2283 3229 2391 3299 ἔχει
2427 3228 2488 3281 16
2512 3227 2731 3296 βιϐλίον.

2309 3287 2522 3399 ᾋΕστί
2559 3330 2615 3382 δέ
2661 3331 2689 3382 ό
2746 3328 2944 3391 σκοπὸς
2979 3326 3140 3380 αὑτοῦ
3176 3328 3318 3390 ἀπας
3368 3326 3502 3396 πρὸς
3561 3325 3838 3395 ὑπομονὴν

2283 3414 2672 3484 ἐκκαλούμενος
2705 3413 2853 3484 [567]
2889 3415 3015 3474 τοὺς
3040 3416 3097 3465 ἐν
3129 3415 3445 3484 πειρασμοῖς
3475 3412 3835 3478 περιπίπτον-

2279 3518 2396 3563 τας,
2436 3501 2538 3553 κᾶν
2566 3500 2703 3551 πάνυ
2740 3501 2827 3551 ἐπ’
2863 3497 3110 3567 εὐσεϐείᾳ
3134 3497 3596 3568 μεμαρτύρηνται,
3632 3496 3725 3550 και
3757 3497 3837 3568 μὴ

2283 3584 2721 3648 σκανδαλίζεσθαι
2745 3623 2759 3647 ,
2791 3583 2905 3636 ἀλλ’
2933 3584 3250 3650 ἐπιφωνεῖν·
3298 3583 3349 3633 '0
3388 3583 3595 3649 Κύριος
3627 3581 3834 3645 ἔδωκε,

2281 3675 2314 3724 ό
2333 3673 2539 3738 Κύριος
2557 3672 2831 3738 ἀφείλετο
2848 3686 2861 3698 ’
2891 3671 2972 3733 ὡς
2995 3667 3074 3733 τῷ
3094 3669 3286 3736 Κυρίῳ
3313 3667 3538 3732 ἔδοξεν,
3558 3667 3713 3721 οὕτω
3735 3667 3834 3721 καί

2281 3756 2542 3826 ἐγένετο·
2575 3758 2666 3824 ειη
2705 3756 2772 3809 16
2813 3756 2997 3823 ὄνομα
3032 3755 3249 3822 Κυρίου
3281 3753 3685 3821 εὑλοτημένον
3715 3754 3836 3806 ἀπὸ

2281 3843 2387 3897 τοῦ
2421 3844 2537 3898 νῦν
2571 3843 2670 3896 καί
2695 3843 2806 3908 ἕως
2834 3841 2940 3895 τοῦ
2981 3839 3218 3906 αίῶνος·
3246 3839 3326 3892 ἐτι
3357 3841 3448 3892 καὶ
3483 3840 3561 3904 16,
3594 3839 3840 3905 Γυμνὸς

2280 3927 2537 3996 ἐξῆλθον
2559 3930 2625 3981 ἐκ
2655 3930 2884 3992 κοιλίας
2900 3927 3122 3995 μητρός
3151 3942 3288 3994 μου,
3321 3926 3543 3994 γυμνὸς
3573 3925 3667 3976 καὶ
3691 3925 3835 3976 άπε-

2279 4017 2564 4083 λεύσομαι
2588 4014 2741 4068 ἐκεῖ·
2777 4014 2871 4066 καὶ
2903 4012 3149 4066 ἐντεῦθεν
3173 4011 3355 4064 λοιπὸν
3381 4010 3664 4079 μανθάνειν
3693 4010 3832 4078 πόση

2282 4101 2379 4170 τῆς
2418 4101 2689 4170 ὑπομονῆς
2731 4102 2766 4169 ή
2808 4099 3072 4167 ὠφέλειαο
3119 4097 3211 4150 καὶ
3247 4097 3352 4167 γὰρ
3395 4095 3637 4148 ἐντεῦθεν
3677 4097 3838 4148 κάκεῖ

2281 4185 2378 4254 τὴν
2410 4185 2825 4254 μισθαποδοσίαν
2875 4184 3130 4253 λήψονται
3182 4182 3256 4244 ὡς
3294 4180 3431 4234 Ἰώϐ.
3479 4179 3599 4234 Ἐτι
3634 4181 3690 4233 δέ
3741 4181 3838 4233 καὶ

2283 4270 2530 4342 ἀναδείξῃ
2577 4273 2605 4323 6
2655 4271 2783 4334 Θεδς
2835 4269 3158 4336 ἀπείραστος
3196 4267 3420 4328 κακῶν,
3478 4266 3724 4334 πειράζει
3778 4266 3837 4318 δέ

2282 4357 2502 4408 οὑδένα·
2530 4355 2978 4425 παραχωρούντος
3019 4353 3075 4404 δὲ
3111 4351 3202 4406 τοῦ
3238 4351 3369 4404 Θεοῦ
3407 4350 3697 4418 πειρασμοὶ
3723 4353 3836 4411 τοῖς

2281 4441 2581 4510 ἀνθρώποις
2602 4440 2703 4492 ὑπὸ
2727 4439 2989 4507 δαιμόνων
3013 4439 3346 4508 ἐπέρχονται,
3371 4436 3456 4490 διὰ
3489 4436 3585 4504 τὴν
3603 4435 3834 4488 ἐκάστου

2281 4529 2504 4596 δοκιμὴν
2559 4527 2653 4578 καὶ
2697 4526 2988 4579 τελείωσιν.
3041 4525 3176 4577 Φασὶ
3219 4524 3275 4576 δὲ
3345 4522 3659 4591 Σολομῶντα
3712 4537 3835 4573 συν-

2281 4614 2556 4682 τεταχέναι
2582 4613 2675 4665 καὶ
2700 4612 2856 4664 τοῦτο
2892 4612 2952 4663 16
2979 4611 3199 4680 βιϐλίον,
3230 4611 3276 4662 εί
3309 4610 3380 4679 μὴ
3415 4610 3520 4678 ἄρα
3558 4607 3835 4668 Μωὺσέως

2283 4701 2397 4752 ἐστὶ
2428 4699 2779 4768 σύγγραμμα.
2830 4698 2892 4750 Ἠ
2920 4698 3016 4766 μὲν
3039 4697 3261 4766 περιοχὴ
3292 4694 3385 4746 τοῦ
3421 4692 3622 4762 βιϐλίου
3649 4691 3833 4744 τοῦτον

2283 4788 2391 4856 ἔχει
2436 4787 2524 4839 160
2573 4788 2786 4854 τρόπον.
2852 4787 2916 4838 Ἠ
2965 4785 3019 4837 δέ
3068 4780 3529 4850 ἀνακεφαλαίωσίς
3576 4781 3718 4833 ἐστιν
3776 4782 3833 4832 ἐν

2282 4874 2506 4934 τούτοις.
2553 4873 2639 4924 Ἑν
2679 4870 2982 4940 προοιμίοις
3013 4870 3129 4938 μὲν,
3177 4868 3250 4930 ὼς
3289 4863 3356 4936 ἦν
3399 4865 3514 4920 Ἰὼϐ
3562 4865 3720 4918 οίκῶν
3776 4867 3832 4916 ἐν

2282 4958 2433 5028 χώρᾳ
2487 4960 2552 5027 τῇ
2617 4955 2856 5007 Αὑσίτιδι
2895 4971 2908 4986 ’
2971 4950 3088 5006 εἶτα
3145 4952 3415 5023 μαρτυρία
3468 4952 3565 5020 τῆς
3611 4950 3832 5020 Γραιρῆς

2284 5045 2408 5111 περὶ
2445 5044 2539 5112 τῆς
2582 5040 2787 5110 ἀγαθῆς
2824 5038 2982 5091 αὑτοῦ
3014 5038 3312 5101 πολιτείας·
3360 5035 3453 5090 310.1
3483 5037 3561 5088 611
3599 5029 3735 5105 ἦσαν
3781 5037 3830 5088 οἱ

2284 5131 2386 5180 υἱοὶ
2423 5127 2568 5196 αὑτῴ
2599 5129 2670 5190 ζ’,
2713 5127 2804 5180 καὶ
2839 5125 3130 5195 θυγατέρες
3165 5130 3215 5190 ς’
3245 5140 3260 5156 ο
3304 5124 3396 5177 καὶ⁸
3428 5123 3555 5193 περὶ
3599 5121 3828 5191 ἀριθμοῦ

2281 5217 2388 5267 τῶν
2412 5214 2617 5283 κτηνῶν
2647 5212 2828 5266 αὑτοῦ.
2851 5211 2960 5264 Καὶ
2985 5212 3063 5263 ὅτι
3097 5210 3446 5280 πορευόμενοι
3466 5211 3512 5260 οἱ
3541 5208 3642 5260 υἱοὶ
3663 5205 3828 5259 αὑτοῦ

2283 5304 2415 5374 πρὸς
2449 5303 2722 5373 ἀλλήλους,
2768 5301 2981 5353 ἐποίουν
3011 5303 3169 5353 πότον
3197 5299 3316 5353 καθ’
3343 5299 3574 5365 ἐκάστην
3619 5295 3834 5365 ἡμέραν.

2285 5391 2378 5440 σὺν
2398 5391 2513 5450 ταῖς
2539 5388 2709 5456 τρισὶν
2742 5385 2992 5453 ἀδελφαῖς
3027 5385 3220 5438 αὑτῶν.
3250 5383 3350 5437 Καὶ
3379 5381 3659 5435 ἐπέστελλε
3708 5379 3830 5433 Ἰὼϐ

2283 5475 2377 5526 καὶ
2415 5472 2699 5541 ἐκαθάριζε
2739 5473 2864 5534 τοὺς
2913 5473 3061 5534 υίοὺς
3108 5471 3291 5533 αὑτοῦ,
3338 5468 3656 5538 προσφέρων
3700 5464 3830 5536 περὶ

2284 5559 2458 5610 αὐτῶν
2475 5558 2658 5609 θυσίαν
2674 5557 2749 5624 τῷ
2766 5557 2972 5626 Κυρίῳ.
3001 5554 3192 5624 Πρώτη
3219 5552 3486 5623 μαρτυρία
3506 5550 3597 5603 τοῦ
3622 5549 3832 5619 Κυρίου

2287 5646 2409 5711 περὶ
2437 5643 2528 5694 τοῦ
2568 5641 2685 5694 Ἰὼϐ
2715 5643 2847 5710 πρὸς
2883 5641 2973 5692 τὸν
3007 5639 3266 5702 διάϐολον,
3298 5637 3484 5707 πρώτη
3516 5635 3838 5705 φθονολογίι

2284 5728 2375 5778 τοῦ
2389 5726 2626 5779 διαϐόλου
2652 5728 2778 5795 περὶ
2799 5725 2916 5778 Ἰὼϐ
2939 5724 3070 5794 πρὸς
3088 5723 3177 5776 τὸν
3189 5723 3405 5795 Κύριον.
3427 5722 3661 5776 Ἔδωκεν
3683 5718 3840 5786 ἐξου-
