4096 6498
250 456 354 511 361

237 584 422 625 versus
447 582 575 621 vero
610 566 790 621 oculos
816 566 974 634 patris
1002 564 1120 619 felle
1158 564 1314 633 piscis
1337 564 1540 626 oblinit,
1572 574 1623 617 et
1651 563 1789 614 deei-

240 661 373 714 dunt
409 671 675 727 squamas.
713 664 766 710 et
815 670 934 709 mox
976 656 1141 707 visum
1192 654 1386 719 reci-pit
1424 666 1603 705 senex.
1638 650 1793 703 Tohit

244 762 403 817 porro
421 762 538 801 eum
558 754 849 800 exc:ccatus
865 752 942 799 est
956 756 1207 796 annorum
1226 750 1335 795 erat
1356 741 1448 806 58,
1464 756 1581 794 eum
1610 750 1784 793 autem

242 839 412 889 visum
429 837 625 903 recepit
652 848 905 888 annorum
923 833 1009 886 66.
1034 831 1163 884 Tum
1179 830 1385 883 demum
1413 844 1532 882 cum
1548 828 1699 881 Tobit
1716 830 1795 880 vi-

243 926 415 987 deret,
434 925 650 993 angelus
670 938 785 977 sese
804 921 1165 985 manifestavit,
1186 920 1321 986 quod
1343 920 1498 972 homo
1516 935 1615 971 non
1633 927 1789 981 esset,

248 1014 342 1067 sed
374 1029 402 1065 a
435 1013 541 1067 Deo
569 1014 779 1071 missus,
811 1022 865 1063 ut
894 1010 1016 1077 ipsis
1043 1019 1093 1061 et
1128 1010 1299 1062 Sarra:
1320 1024 1469 1076 opem
1494 1008 1671 1061 ferret.
1695 1007 1792 1060 Ubi

246 1115 375 1154 vero
414 1114 570 1154 senex
613 1098 775 1153 iactus
814 1107 951 1151 esset
978 1095 1147 1159 Tobit,
1181 1095 1544 1163 prtecepitﬁlio
1574 1108 1667 1148 suo
1693 1094 1796 1147 To-

246 1190 371 1255 biae,
411 1198 466 1243 ut
500 1192 550 1243 in
582 1188 799 1241 Mediam
840 1187 1026 1252 abiret,
1063 1185 1199 1253 quod
1230 1187 1453 1238 futurum
1472 1193 1682 1238 essetut
1712 1183 1798 1236 Ni-

246 1280 369 1331 nive
389 1278 670 1332 secundum
695 1278 907 1330 verbum
934 1275 1079 1329 Jonas
1105 1274 1371 1343 pr0phette
1388 1275 1793 1338 subverteretur,

246 1376 303 1421 et
343 1367 588 1420 deﬁciens
631 1373 864 1418 mortuus
912 1373 993 1416 est
1030 1378 1283 1415 annorum
1336 1365 1455 1417 155.
1488 1363 1651 1416 Filius
1674 1378 1798 1415 vero

247 1457 363 1523 ejus
387 1456 578 1510 Tobias
606 1456 653 1507 in
685 1454 901 1508 Mediam
931 1453 1186 1520 migravit,
1221 1452 1307 1505 ubi
1340 1452 1547 1505 tandem
1583 1451 1800 1519 sepultis

247 1557 437 1597 socero
460 1551 515 1596 et
543 1556 718 1607 socru,
746 1551 797 1595 et
821 1540 886 1594 de
920 1538 1122 1593 Ninivaa
1160 1540 1363 1593 excidio
1386 1546 1627 1607 percepta
1664 1537 1799 1591 fama

250 1641 490 1686 mortuus
515 1640 596 1685 est
618 1644 871 1684 annorum
906 1629 1023 1684 107.
1062 1628 1127 1681 Et
1164 1628 1214 1681 in
1244 1629 1353 1681 haec
1380 1627 1571 1681 desinit
1599 1626 1746 1679 liber.

777 1754 924 1793 LIBER
961 1753 1143 1793 wot'ru
1189 1738 1281 1806 (a).

326 1848 420 1903 llic
458 1849 587 1903 liber
615 1848 792 1902 Judith
822 1858 1055 1911 vocatur,
1094 1849 1213 1917 quia
1253 1848 1388 1902 ﬁlios
1416 1847 1572 1901 lsrael
1609 1847 1674 1899 ab
1701 1846 1807 1900 Ho-

251 1937 505 2006 lopherne
547 1938 871 2007 impugnatos
896 1946 949 1991 et
995 1937 1235 1991 obsessos
1258 1977 1271 2001 ,
1331 1937 1465 1989 Deus
1504 1936 1616 2004 ejus
1644 1950 1803 2003 opera

251 2027 524 2091 liberavit;
555 2027 1043 2097 Holophernemque
1071 2028 1346 2096 percussit.
1377 2028 1600 2081 Historia
1631 2036 1803 2080 autem

250 2117 358 2171 hoc
376 2132 432 2169 se
462 2117 618 2169 habet
645 2116 818 2171 modo.
841 2116 1315 2170 Nabuchodonosor
1338 2132 1427 2169 rex
1452 2116 1803 2185 Assyriorum,

250 2221 375 2259 cum
399 2206 589 2259 bellttm
615 2214 821 2276 gereret
848 2206 1099 2263 adversus
1124 2206 1401 2273 Arphaxad
1429 2221 1602 2274 regem
1633 2205 1809 2259 Medo-

249 2309 395 2356 rum,
422 2293 487 2346 ab
506 2294 748 2348 omnibus
776 2295 1013 2363 gentibus
1036 2309 1198 2362 usque
1223 2293 1287 2345 ad
1314 2293 1595 2363 IEgyptum
1618 2294 1805 2347 auxilia

250 2384 496 2451 petierat.
525 2382 653 2436 Cum
680 2392 851 2436 autem
880 2397 1033 2436 nemo
1059 2382 1302 2435 auxilium
1336 2384 1579 2445 misisset,
1607 2383 1698 2437 sed
1721 2397 1806 2437 rc-

254 2471 497 2523 nuissent
524 2486 725 2531 omnes,
759 2481 1091 2539 posteaquam
1121 2472 1325 2523 vicisset
1354 2480 1404 2523 et
1434 2470 1807 2537 Arphaxadum

254 2558 399 2611 bello
440 2567 767 2626 superasset.
809 2559 1000 2612 bellum
1046 2558 1216 2611 intulit
1254 2559 1315 2610 iis
1344 2559 1434 2626 qui
1482 2559 1605 2611 nihil
1632 2558 1809 2611 auxilii

252 2645 509 2697 miserant
542 2663 554 2697 :
583 2646 826 2714 misitque
867 2645 1250 2714 Holophernem
1279 2646 1530 2699 adversus
1571 2661 1661 2700 eos
1690 2662 1808 2700 cum

253 2748 448 2800 magno
477 2734 726 2786 exercitu.
756 2734 849 2787 llic
877 2734 1004 2787 alias
1032 2733 1241 2802 quidem
1261 2749 1443 2787 onmes
1465 2746 1646 2803 gentes
1673 2736 1811 2790 bello

253 2820 417 2889 cepit,
449 2831 499 2873 et
529 2821 664 2875 idola
691 2822 917 2890 ipsarum
939 2822 1211 2891 confregit.
1235 2821 1479 2877 Israelitae
1498 2831 1671 2877 autem
1694 2838 1811 2878 sese

254 2910 705 2975 communierant,
761 2926 859 2965 nec
906 2910 1224 2979 ilolopherni
1278 2911 1580 2980 obsequuti,
1643 2926 1812 2979 neque

257 2999 420 3052 minis
456 2999 592 3052 illius
629 3000 889 3068 perterriti
934 3010 1076 3054 sunt.
1120 2998 1343 3068 Scripsit
1372 3002 1542 3070 itaque
1569 3000 1812 3055 sacerdos

254 3085 464 3140 Joakim
490 3087 688 3140 civibus
714 3088 958 3156 Betylute,
990 3098 1043 3141 ut
1069 3089 1202 3140 viam
1232 3089 1548 3156 Holopherni
1576 3090 1815 3143 obstrue-

257 3186 410 3239 rent;
439 3178 603 3231 isthac
624 3179 761 3231 enim
792 3178 891 3232 iter
916 3179 1143 3232 facturus
1171 3188 1314 3241 erat;
1346 3190 1396 3231 et
1422 3181 1808 3234 obstruxerunt.

257 3268 623 3335 llolophernes
652 3268 808 3336 igitur
824 3269 987 3321 aciem
1008 3268 1247 3322 instruxit
1266 3268 1329 3321 ad
1358 3284 1600 3337 pugnam.
1620 3270 1814 3324 Aehior

257 3366 435 3410 autem
468 3356 708 3425 princeps
735 3359 1149 3412 Ammonitarum
1176 3368 1358 3411 auctor
1385 3368 1497 3412 erat
1525 3358 1813 3427 llolopher-

257 3445 335 3507 ni,
371 3459 435 3498 ne
457 3446 594 3513 genti
623 3444 957 3500 Hebraaorum
1000 3448 1189 3500 bellum
1222 3447 1451 3512 inferret,
1481 3463 1545 3502 eo
1570 3449 1708 3517 quod
1741 3450 1814 3503 illi

259 3546 290 3583 a
335 3531 440 3585 Deo
484 3542 897 3601 protegerentur.
942 3533 1239 3602 indignatus
1282 3536 1639 3603 llolophernes
1676 3537 1817 3591 misit

260 3634 386 3673 cum
425 3620 657 3674 Betulam
682 3663 695 3687 ,
745 3622 1007 3677 interitum
1050 3623 1121 3677 illi
1159 3625 1503 3679 comminatus
1534 3626 1577 3679 si
1613 3626 1815 3693 quando

259 3706 516 3760 Hebraeos
542 3709 793 3762 vinceret.
818 3710 1012 3763 Achior
1030 3712 1200 3779 itaque
1222 3712 1271 3764 in
1296 3712 1473 3765 Betula
1496 3714 1811 3781 quiescebat.

259 3794 627 3862 llolopherues
653 3811 778 3850 vero
807 3799 1068 3851 civitatem
1107 3799 1397 3863 obsidebat,
1434 3811 1486 3853 et
1522 3801 1629 3869 jam
1657 3817 1816 3870 aquas

260 3886 406 3938 illius
426 3896 786 3953 occupaverat.
818 3887 946 3940 Cum
975 3888 1058 3941 siti
1086 3888 1193 3957 jam
1228 3888 1544 3959 aﬂligerciur
1572 3894 1811 3960 populus,

258 3983 316 4026 et
342 3972 600 4039 principes
621 3973 882 4027 civitatem
908 3976 1142 4029 tradituri
1171 3988 1383 4043 essent,
1412 3979 1588 4032 Juditb
1610 3980 1816 4047 deposi-

258 4060 332 4112 tis
365 4059 623 4114 viduitatis
654 4062 881 4116 vestibus
902 4064 919 4124 (
935 4064 1173 4117 maritum
1202 4066 1337 4118 enim
1372 4076 1629 4119 mortuum
1672 4070 1815 4136 luge-

258 4147 375 4209 Lat,
401 4150 695 4217 etquotidie
721 4153 1026 4220 jejunabat),
1054 4155 1275 4223 seipsam
1308 4156 1471 4209 instar
1495 4172 1700 4224 sponsae
1724 4173 1813 4211 or-

260 4238 445 4303 navit,
490 4248 543 4293 et
594 4243 770 4294 multis
810 4242 1079 4296 adhortata
1132 4249 1386 4313 primores
1438 4247 1700 4313 civitatis,
1750 4264 1815 4303 ne

258 4328 526 4381 civitatem
573 4330 636 4383 ad
664 4344 828 4398 usque
858 4334 1083 4401 quinque
1119 4334 1230 4388 dies
1267 4336 1400 4389 hosti
1432 4336 1713 4402 traderent,
1749 4338 1813 4391 ad

260 4415 654 4485 liolophernem
686 4434 892 4487 egressa
927 4432 1028 4486 est,
1057 4432 1108 4475 ct
1134 4438 1249 4475 cum
1280 4438 1369 4476 sua
1399 4425 1538 4477 illum
1567 4426 1814 4494 sapientia

258 4506 560 4575 decepisset
584 4549 597 4572 ,
636 4511 784 4563 tertia
823 4511 940 4576 die,
983 4514 1336 4581 ignorantibus
1380 4517 1493 4583 ejus
1529 4517 1811 4581 militibus,

258 4596 435 4661 ipsum
466 4599 635 4665 capite
658 4601 933 4654 truncavit.
960 4602 1023 4654 Et
1048 4604 1122 4657 sic
1146 4604 1354 4657 demum
1379 4605 1538 4669 cives,
1564 4621 1816 4674 suspenso

260 4682 611 4749 IIOIOphernis
630 4690 821 4758 capite,
850 4689 1015 4755 ipsum
1056 4691 1167 4757 ejus
1208 4692 1425 4745 tribunis
1453 4695 1812 4748 ostenderunt.

259 4773 399 4827 llinc
451 4774 647 4844 Assyrii
695 4779 958 4847 fugerunt;
1008 4780 1255 4833 Israelita
1297 4797 1421 4834 vero
1472 4783 1815 4850 undequaque

257 4872 635 4916 concurrentes
671 4866 910 4936 Assyrios
950 4869 1288 4922 trucidarunt.
1337 4869 1559 4923 Liberali
1601 4872 1772 4938 itaque
1796 4913 1811 4939 ,

255 4950 587 5018 direptisque
629 4952 855 5007 hostium
902 4958 1122 5018 castris,
1172 4974 1287 5023 quae
1322 4957 1386 5010 ad
1430 4958 1813 5025 HOIOpbernem

259 5038 621 5105 pertinuerant
648 5041 819 5093 omnia
864 5042 1085 5097 Judithte
1125 5044 1397 5099 dederunt.
1430 5046 1540 5113 Ipsa
1570 5063 1692 5100 vero
1723 5049 1815 5101 Ju-

255 5126 374 5178 ditb
407 5126 782 5197 Jerosolymam
830 5132 1076 5198 profecta,
1124 5136 1296 5187 omnia
1344 5136 1563 5189 Domino
1604 5138 1810 5202 obtulit,

253 5214 579 5286 domumque
604 5234 830 5282 reversa,
864 5221 913 5273 in
952 5224 1135 5277 eodem
1178 5227 1383 5292 pietatis
1408 5229 1662 5281 exercitio
1691 5245 1812 5297 per-

252 5308 518 5359 severavit
540 5347 556 5371 ,
602 5323 665 5362 ac
700 5309 853 5362 vidua
890 5310 954 5363 ad
1004 5324 1221 5367 mortem
1254 5331 1416 5384 usque
1440 5319 1626 5371 mansit
1656 5356 1670 5382 ,
1714 5336 1811 5374 ne-

252 5411 451 5464 moque
502 5398 573 5451 illi
631 5401 841 5467 nuptias
888 5403 1201 5467 persuadere
1256 5408 1438 5471 potuit.
1486 5406 1682 5460 Mortua
1733 5420 1813 5462 est

249 5494 429 5539 autem
452 5528 465 5549 ,
494 5498 770 5558 postquam
812 5490 863 5543 in
898 5491 1145 5546 viduitate
1184 5494 1399 5549 honeste
1431 5498 1671 5561 vixisset,
1716 5516 1811 5553 an-

249 5590 354 5630 nos
372 5591 579 5633 emensa
598 5587 810 5633 centum
828 5588 880 5633 et
895 5582 1142 5651 quinque.
1163 5581 1228 5634 Et
1245 5584 1294 5635 in
1314 5584 1424 5637 haec
1450 5586 1638 5640 desinit
1660 5589 1807 5643 liber.

314 5739 385 5803 (α)
411 5739 589 5792 Iisdem
614 5739 724 5789 fere
748 5741 908 5790 verbis
928 5748 1110 5792 constat
1134 5741 1282 5792 altera
1307 5749 1537 5806 Synopsis.

1315 430 1629 489 SYNOPSIS
1665 429 2068 486 SCRIPTURA‘S
2104 430 2365 487 SACBE.

3357 449 3468 503 362

2498 556 2643 593 LiDMt
2665 554 2767 593 108.

1967 668 2084 737 (a).!
2095 669 2161 721 ob
2190 670 2463 735 inscriptus
2492 679 2572 722 est
2601 669 2685 723 hic
2710 670 2861 732 liber,
2890 672 3005 736 quia
3034 670 3147 740 ejus
3172 670 3443 725 historiam

1897 764 2279 828 cmnplectitur,
2328 776 2513 827 nempe
2552 776 2666 828 quae
2715 775 2990 828 perpessus
3032 765 3098 814 sit
3146 770 3373 816 tentatus
3417 778 3446 815 a

1897 849 2103 902 diabolo
2130 891 2144 914 ,
2188 861 2241 903 et
2283 850 2544 917 quomodo
2585 850 2795 911 vicerit,
2828 849 3099 917 illatasque
3140 851 3315 918 plagas
3364 852 3448 920 pie

1898 940 2195 991 toleraverit
2219 979 2234 1003 ,
2266 938 2579 1005 dcmnmque
2608 938 2782 990 omnia
2808 937 3029 1005 duplicia
3060 940 3308 1007 receperit
3336 980 3349 1001 ,
3383 940 3448 992 ii-

1900 1024 2235 1092 lustriorque,
2260 1042 2413 1093 quam
2442 1035 2614 1087 antea,
2644 1024 2811 1077 factus
2835 1026 2917 1077 sit.
2944 1027 3132 1079 Passus
3152 1036 3321 1080 autem
3346 1039 3446 1089 est,

1898 1128 2016 1164 cum
2042 1120 2181 1165 esset
2199 1128 2450 1166 annorum
2474 1114 2817 1181 septuaginta,
2842 1112 2968 1165 vixit
2990 1130 3111 1166 vero
3136 1126 3248 1181 pest
3273 1114 3453 1184 plagas

1900 1200 2049 1251 annis
2082 1208 2289 1254 centum
2320 1209 2369 1253 et
2399 1202 2721 1269 septuaginta
2748 1242 2761 1262 ,
2795 1201 2862 1252 ita
2893 1209 2947 1253 ut
2982 1216 3164 1254 omnes
3188 1205 3306 1256 vita:
3335 1204 3451 1270 ejus

1902 1290 2021 1340 anni
2053 1290 2154 1341 sint
2184 1289 2391 1342 ducenti
2433 1289 2793 1358 quadraginta.
2843 1289 2958 1342 Fuit
2986 1299 3158 1343 antem
3196 1290 3295 1344 Job
3330 1301 3451 1345 ante

1904 1376 2132 1445 Moysem
2153 1392 2167 1439 ;
2189 1385 2301 1429 erat
2326 1378 2462 1429 enim
2491 1378 2702 1445 quintus
2728 1378 2793 1429 ab
2818 1378 3115 1431 Abrahamo
3139 1393 3203 1431 ex
3232 1381 3457 1444 posteris

1905 1465 2058 1518 Esau.
2106 1464 2185 1518 Ob
2230 1466 2496 1533 plagarum
2537 1466 2880 1517 calamitatem
2909 1475 3164 1519 venerunt
3201 1467 3264 1520 ad
3308 1468 3451 1519 illum

1904 1552 2205 1605 consolandi
2233 1555 2392 1621 gratia
2422 1553 2595 1606 amici.
2633 1555 2801 1621 Atque
2827 1556 2893 1606 ita
2921 1555 3243 1608 contentiose
3267 1565 3317 1609 et
3340 1556 3454 1609 sine

1905 1642 2359 1694 commiseratione
2388 1656 2504 1693 cum
2535 1641 2624 1694 illo
2658 1642 2828 1695 verbis
2867 1651 3123 1711 egerunt,
3165 1654 3214 1697 ut
3248 1643 3369 1697 illud
3402 1645 3451 1697 in

1910 1740 2177 1796 peccatum
2208 1729 2334 1796 ipsis
2360 1738 2650 1795 reputatum
2682 1728 2855 1783 fuerit.
2892 1730 2991 1784 Job
3019 1746 3143 1785 vero
3172 1732 3330 1786 Deum
3361 1748 3460 1800 pro

1909 1816 2010 1869 illis
2050 1809 2293 1885 precatus
2329 1825 2444 1882 est,
2476 1826 2527 1868 et
2566 1818 2836 1870 remissum
2882 1819 3005 1887 ipsis
3045 1827 3125 1872 est
3162 1828 3451 1887 peccatum.

1908 1906 2040 1960 Sunt
2063 1906 2250 1975 dialogi
2281 1905 2400 1971 Job,
2430 1920 2562 1975 quos
2584 1921 2699 1959 eum
2730 1908 2909 1961 amicis
2932 1908 3129 1972 habuit,
3158 1918 3275 1962 octo
3303 1926 3315 1959 :
3346 1910 3453 1962 Eli-

1910 1996 2041 2063 phaz
2066 2009 2190 2048 vero
2219 1994 2283 2048 ad
2308 1994 2407 2049 Job
2438 2005 2542 2049 tres
2567 2037 2580 2060 ,
2613 1996 2817 2063 Sophar
2842 1996 2944 2050 duo
2966 2038 2979 2061 ,
3010 1997 3201 2051 Baldad
3232 2009 3355 2053 tres.
3389 1999 3453 2053 Et

1911 2085 2057 2139 Eliuz
2080 2100 2285 2155 quoque
2307 2085 2399 2139 ﬁlii
2433 2086 2702 2141 Barachiel
2738 2088 2928 2140 Buzitzn
2950 2103 3080 2141 unus
3100 2097 3178 2142 est
3196 2090 3453 2159 dialogus.

1910 2174 2127 2227 Demum
2174 2174 2422 2228 Dominus
2463 2174 2649 2229 Jobum
2678 2176 2956 2244 alloquitur
2985 2192 3079 2245 per
3104 2179 3363 2233 turbinem
3403 2189 3455 2234 et

1912 2262 2124 2315 nubem.
2158 2262 2457 2332 Respondet
2486 2280 2611 2318 vero
2642 2266 2894 2330 Domino,
2926 2278 2976 2320 et
3014 2267 3094 2322 bis
3127 2270 3291 2337 ipsum
3320 2271 3456 2323 allo-

1912 2354 2103 2419 quitur.
2135 2350 2322 2420 Sicque
2351 2354 2656 2407 terminatur
2680 2354 2833 2408 liber.

1984 2440 2180 2507 Sc0pus
2206 2450 2378 2493 autem
2405 2442 2518 2509 ejus
2549 2450 2685 2496 totus
2713 2453 2791 2496 est
2828 2443 2893 2496 ad
2931 2446 3228 2512 patientiam
3261 2447 3458 2503 hortari

1912 2544 2004 2583 eos
2029 2530 2115 2598 qui
2138 2530 2188 2582 in
2220 2531 2543 2585 calamitates
2570 2531 2823 2597 incidunt,
2856 2534 3058 2587 etiamsi
3085 2550 3325 2604 magnum
3354 2538 3459 2605 pie-

1914 2620 2034 2673 tatis
2074 2619 2421 2674 testimonium
2465 2636 2572 2689 pra:
2612 2636 2669 2675 se
2700 2622 2897 2687 ferant;
2946 2632 3001 2676 ut
3027 2624 3125 2679 hoc
3154 2626 3322 2694 ipsum
3352 2628 3455 2683 illis

1914 2707 2228 2761 oﬁ'endiculo
2258 2723 2359 2761 non
2390 2708 2489 2769 sit;
2520 2708 2609 2762 sed
2641 2710 2751 2762 hrec
2778 2711 3037 2777 proferant
3066 2730 3078 2765 :
3110 2712 3348 2769 Dominus
3374 2717 3461 2770 ἀρε

1915 2798 2006 2862 dit,
2030 2796 2274 2851 Dominus
2298 2797 2500 2851 abstuli!
2523 2814 2540 2850 :
2562 2798 2686 2850 sicut
2714 2798 2923 2852 Domino
2945 2801 3127 2869 placuit
3144 2844 3158 2867 ,
3183 2805 3251 2855 ita
3277 2808 3462 2873 factum

1914 2896 1983 2938 est
2002 2902 2020 2949 ;
2047 2887 2110 2939 sit
2135 2902 2315 2939 nomen
2343 2886 2541 2938 Domini
2564 2886 2867 2940 benedictum
2892 2906 2953 2941 ex
2974 2890 3065 2942 hoc
3089 2908 3220 2944 nunc
3243 2904 3286 2945 et
3310 2911 3463 2962 usque

1916 2976 1966 3027 in
1994 2976 2228 3028 iaculum
2279 2975 2413 3045 (Job
2452 2977 2501 3030 1.
2538 2977 2598 3029 21
2633 2978 2684 3045 );
2727 2979 3037 3048 insuperqtte
3066 2981 3189 3035 illud
3222 3001 3236 3035 :
3282 2984 3463 3039 Nudus

1915 3079 2137 3132 egressus
2176 3080 2283 3116 sunt
2326 3066 2386 3116 de
2424 3074 2558 3117 utero
2588 3067 2755 3118 matris
2798 3083 2945 3130 mete,
2977 3079 3022 3120 et
3065 3071 3226 3124 nudus
3253 3085 3467 3127 revertor

1916 3154 2036 3207 illuc
2062 3154 2296 3224 (Ibidem)
2320 3172 2333 3218 ;
2362 3166 2517 3225 atque
2544 3156 2661 3210 hinc
2687 3159 2895 3212 demum
2921 3161 3149 3216 ediscant
3182 3175 3371 3232 quanta
3397 3169 3465 3220 sit

1918 3245 2178 3311 patientiae
2222 3244 2415 3298 utilitas
2448 3262 2461 3298 :
2489 3246 2680 3299 etenim
2722 3247 2842 3300 inde
2881 3250 3172 3302 mercedem
3202 3258 3466 3320 accepturi

1917 3341 2038 3385 sunt
2066 3332 2198 3386 sicut
2223 3331 2339 3386 Job.
2370 3333 2433 3387 Ut
2459 3334 2613 3387 etiam
2642 3337 2886 3389 ostendat
2915 3338 3074 3390 Deum
3101 3340 3468 3397 intentatorem

1917 3423 2169 3475 malorum
2193 3438 2329 3488 esse,
2356 3424 2721 3493 neminemque
2747 3434 2978 3483 tentare:
3009 3429 3097 3481 sed
3122 3430 3227 3483 Deo
3250 3435 3467 3498 permit-

1919 3519 2060 3564 tente
2096 3513 2404 3566 tentationes
2450 3513 2746 3566 hominibus
2786 3530 2881 3584 per
2918 3515 3181 3569 daemonas
3211 3520 3461 3586 excitari,

1918 3600 1980 3653 ad
2010 3600 2331 3668 singulorum
2369 3602 2722 3668 probationem
2752 3604 3241 3673 perfecﬁonemque.
3272 3608 3467 3661 Narra-

1922 3697 2003 3740 tur
2030 3688 2361 3742 Salomonem
2392 3689 2528 3743 hunc
2555 3690 2890 3745 adornavisse
2934 3693 3120 3747 lihrunt
3146 3735 3160 3759 ,
3204 3697 3297 3748 nisi
3335 3696 3470 3752 forte

1920 3778 2080 3845 ipsius
2109 3778 2299 3849 Moysis
2325 3780 2397 3832 sit
2424 3795 2573 3849 opus.
2604 3781 2725 3834 llzec
2753 3785 3082 3837 continentur
3108 3786 3156 3838 in
3189 3786 3286 3839 hoc
3312 3789 3469 3854 libro,

1918 3868 2065 3935 cujus
2094 3870 2259 3935 capita
2292 3870 2367 3922 sic
2394 3872 2583 3922 resumi
2618 3882 2849 3939 possunt.
2884 3872 2935 3925 In
2963 3876 3177 3927 exordio
3206 3887 3466 3943 narratur,

1919 3957 2053 4025 quod
2079 3958 2176 4012 Job
2205 3959 2460 4013 habitaret
2480 3962 2530 4011 in
2557 3971 2691 4013 terra
2720 3963 2953 4015 Ausitide
2980 3982 2993 4016 :
3022 3965 3207 4019 deinde
3234 3969 3468 4035 sequitur

1921 4048 2268 4101 testimonium
2298 4048 2580 4117 Scriptura:
2617 4050 2682 4104 de
2713 4052 2874 4119 probo
2900 4054 3013 4122 ejus
3041 4057 3162 4109 vitae
3193 4058 3425 4114 instituto
3450 4079 3465 4124 ;

1918 4136 2055 4204 quod
2082 4137 2213 4190 ﬁlios
2246 4137 2459 4192 haberet
2488 4150 2709 4207 septem,
2738 4143 2974 4212 ﬁliasque
3003 4159 3127 4209 sex;
3158 4147 3222 4201 de
3250 4165 3471 4204 numero

1918 4240 2162 4293 pecorum
2191 4228 2323 4295 ejus.
2354 4229 2500 4295 Quod
2534 4230 2623 4283 ﬁlii
2654 4232 2766 4298 ejus
2790 4249 2887 4285 una
2915 4238 3310 4303 convenientes,
3338 4257 3468 4294 con-

1919 4315 2109 4368 vivium
2131 4317 2359 4385 quotidie
2375 4319 2701 4373 celebrarent
2720 4336 2834 4374 cum
2859 4324 3021 4377 tribus
3041 4328 3307 4381 sororibus
3327 4332 3466 4385 suis:

1920 4412 1971 4458 et
1998 4405 2133 4473 quod
2163 4406 2389 4459 mitteret
2414 4407 2511 4461 Job
2537 4419 2587 4461 et
2619 4411 2893 4465 mundaret
2920 4413 3051 4468 ﬁlios
3079 4431 3221 4481 suos,
3246 4418 3470 4473 oﬁ‘erens

1920 4507 2015 4559 pro
2056 4494 2159 4547 illis
2200 4496 2514 4548 sacriﬁcium
2559 4497 2795 4551 Domino.
2846 4500 3073 4555 Primum
3119 4505 3468 4562 teSIimonium

1921 4580 2123 4635 Domini
2163 4583 2427 4636 diabolum
2466 4585 2775 4653 alloquentis
2812 4588 2947 4642 circa
2975 4590 3161 4646 Jobum
3202 4596 3467 4661 :pritnum

1920 4669 2109 4721 invidia
2139 4670 2345 4737 plenum
2377 4671 2566 4724 diaboli
2596 4673 2908 4741 colloquium
2939 4692 3055 4731 cum
3086 4680 3307 4736 Domino
3332 4685 3468 4738 circa

1918 4756 2125 4810 Jobum.
2173 4758 2324 4812 Dedit
2361 4760 2609 4814 Dominus
2639 4772 2945 4830 potestatem
2974 4768 3183 4823 diabolo
3211 4774 3261 4826 in
3294 4778 3467 4829 omnia

1919 4861 2034 4912 qua:
2056 4846 2119 4899 ad
2143 4846 2329 4900 Jobum
2360 4851 2695 4915 pertinerent,
2722 4852 2833 4918 ipso
2854 4855 2983 4909 Jobo
3008 4867 3202 4912 tantum
3227 4878 3461 4929 excepto.

1922 4933 2094 4987 Primo
2133 4936 2358 4989 nuntiari
2389 4948 2536 4991 curat
2563 4939 2799 4994 diabolus
2826 4943 2958 4997 .Iobo
2982 4986 2995 5009 ,
3023 4962 3184 5015 equos
3214 4961 3265 5003 et
3295 4954 3470 5004 asinos

1919 5021 2031 5088 ejus
2059 5032 2237 5091 captos
2263 5066 2275 5083 .
2306 5040 2587 5095 servosque
2618 5044 2891 5095 percussos
2918 5033 3096 5089 fuisse.
3142 5038 3212 5091 De
3239 5044 3470 5094 secundo

1920 5113 2121 5174 nuntio,
2146 5113 2230 5180 qui
2253 5113 2384 5168 Jobo
2408 5116 2536 5169 dixit
2562 5136 2572 5167 :
2601 5118 2719 5186 Igne
2739 5133 3059 5190 consumptze
3077 5135 3199 5178 sunt
3218 5143 3346 5183 oves
3369 5140 3470 5184 tum

1918 5216 2037 5253 cum
2078 5205 2389 5269 pastoribus.
2425 5207 2496 5260 De
2527 5209 2681 5261 tertio
2711 5212 2892 5264 nuntio
2916 5253 2929 5275 ,
2957 5214 3042 5280 qui
3082 5219 3309 5271 narravit
3336 5220 3471 5275 Jobo

1918 5299 2095 5358 captos
2132 5294 2358 5347 camelos
2383 5334 2397 5359 ,
2438 5305 2491 5349 et
2529 5311 2693 5350 caesos
2732 5301 2976 5355 custodes
3021 5302 3198 5357 fuisse.
3245 5312 3471 5371 Quartus

1919 5381 2128 5433 nuntius
2157 5381 2345 5437 Jobum
2374 5383 2512 5445 adit,
2551 5397 2826 5455 narratque
2856 5392 3117 5447 corruisse
3143 5396 3352 5449 domum
3375 5438 3387 5460 ,
3417 5410 3470 5451 et

1918 5483 2194 5537 oppressos
2224 5488 2405 5526 omnes
2435 5474 2568 5527 ﬁlios
2598 5475 2709 5542 ejus
2748 5479 2925 5531 luiSse.
2970 5481 3023 5533 In
3054 5486 3291 5538 onmibus
3321 5486 3466 5542 hisce

1981 5627 2061 5695 (a)_
2076 5636 2183 5695 Quae
2202 5638 2465 5695 sequuntur
2481 5643 2630 5691 usque
2649 5631 2705 5679 ad
2724 5634 2885 5688 verba,
2904 5634 3179 5684 terminatur
3197 5637 3329 5695 liber,
3343 5642 3470 5689 simi-

1920 5689 2026 5735 liter
2052 5690 2285 5797 babetnbtur
2327 5692 2370 5735 in
2397 5690 2542 5739 altera
2554 5689 2753 5753 ‘synopsi
2771 5707 2781 5747 ;
2802 5703 2974 5742 cxtera
2997 5709 3109 5744 vero
3131 5702 3281 5747 ormtia
3307 5689 3366 5748 ab
3391 5701 3473 5750 illa

1919 5757 2049 5797 Svuot
2069 5762 2105 5795 Si
2131 5763 2154 5794 ιι
2207 5760 2319 5797 'uut.

1919 5762 2050 5808 hynol
2069 5762 2105 5795 Si
2131 5762 2319 5797 absunt.
