4096 6470
729 405 840 460 363

725 509 1232 562 calamitatibus'non
1255 505 1488 574 peccavit
1506 504 1603 558 Job
1624 517 1744 570 erga
1768 502 2063 555 Dominum.
2086 499 2277 552 Secun-

727 601 852 652 dum
879 597 1231 652 testimonium
1274 594 1478 647 Domini
1515 593 1776 645 diabolum
1806 589 2116 656 alloquentis
2137 626 2153 649 ,
2179 601 2280 653 quo

726 687 842 742 Jobi
873 688 1035 739 virtus
1062 684 1385 745 celebratur;
1425 691 1478 735 et
1515 679 1799 734 secundum
1840 677 2031 730 invidia
2069 677 2277 743 plenum

726 777 915 830 diaboli
939 774 1249 842 colloquium
1271 786 1388 824 cum
1413 771 1628 822 Domino
1650 769 1785 821 circa
1807 767 2016 820 Jobum.
2058 759 2122 814 Et
2144 776 2281 828 quo-

724 869 883 923 modo
900 867 1173 924 tradiderit
1199 864 1447 915 Dominus
1473 860 1683 919 Jobutn,
1715 873 1814 910 una
1848 865 2047 909 tantum
2077 863 2276 906 servata

726 958 898 1008 anima
933 970 1024 1008 seu
1055 954 1178 1005 vita.
1225 951 1479 1018 Egressus
1508 947 1746 1000 diabolus
1773 945 1958 998 Johum
1993 942 2211 1011 percutit
2249 955 2278 992 a

728 1046 946 1114 pedibus
974 1058 1134 1111 usque
1171 1041 1235 1094 ad
1263 1048 1451 1108 caput;
1496 1038 1788 1104 sedensque
1819 1035 1917 1088 Job
1958 1035 2006 1086 in
2047 1042 2278 1086 stercore

730 1135 939 1188 radebat
966 1133 1182 1186 saniem.
1213 1131 1406 1184 Suadet
1439 1129 1571 1182 Jobo
1603 1144 1733 1179 uxor
1767 1126 1879 1192 ejus
1904 1167 1917 1190 ,
1948 1135 2002 1177 ut
2039 1125 2279 1192 loquatur

723 1234 905 1279 contra
944 1224 1218 1277 Dominum
1246 1263 1259 1285 ,
1287 1232 1336 1275 et
1368 1219 1622 1272 moriatur
1652 1235 1663 1269 :
1693 1217 1938 1282 illamque
1970 1213 2067 1268 Job
2096 1229 2276 1281 repre-

725 1315 920 1370 hendit.
956 1315 1243 1368 Audierunt
1271 1321 1376 1364 tres
1403 1310 1552 1361 amici
1581 1307 1719 1368 Jobi,
1745 1306 1959 1374 Eliphaz
1983 1305 2279 1357 Thremani-

725 1415 892 1457 tarum
921 1419 1045 1464 rex.
1075 1400 1268 1455 Baldad
1308 1399 1625 1452 Sachcornm
1657 1405 1906 1464 tyrannus
1930 1433 1945 1459 ,
1985 1401 2038 1446 et
2077 1392 2278 1459 Sophar

725 1495 1039 1547 Menmorum
1073 1498 1372 1543 rexicuncta
1398 1502 1512 1554 qure
1543 1485 1638 1552 ipsi
1664 1483 1976 1537 acciderant.
2009 1482 2072 1534 Et
2098 1495 2275 1534 acces-

721 1591 904 1636 serunt
945 1582 1008 1633 ad
1052 1580 1192 1632 illum
1237 1577 1421 1644 singuli
1461 1591 1523 1628 ex
1572 1575 1782 1642 regione
1810 1586 1937 1632 sua.
1964 1579 2021 1624 ut
2046 1572 2278 1624 viserent

721 1674 864 1727 illum
887 1689 899 1725 :
920 1672 1111 1740 illoque
1128 1676 1411 1736 conspecto
1429 1665 1694 1719 sciderunt
1708 1663 1892 1732 singuli
1911 1671 2107 1716 vestem
2129 1675 2274 1713 suam

719 1765 788 1818 ob
816 1773 1008 1817 tantam
1039 1761 1408 1814 calamitatem.
1455 1757 1578 1809 Post
1605 1755 1806 1823 plagam
1840 1762 2012 1806 autem
2037 1751 2136 1805 Job
2169 1751 2275 1818 pri-

721 1869 836 1907 mus
863 1852 1068 1921 aperuit
1088 1864 1148 1902 ns
1174 1864 1346 1911 suunt,
1375 1856 1422 1899 et
1451 1845 1717 1898 maledixit
1737 1843 1837 1896 diei
1861 1857 1921 1895 ac
1943 1842 2079 1894 nocti
2103 1841 2150 1892 in
2177 1855 2274 1906 qua

720 1955 872 1998 natus
892 1953 1022 1995 erat.
1047 1941 1177 1994 Hinc
1200 1938 1325 1992 illud
1353 1954 1365 1989 :
1391 1937 1531 1990 Sicut
1551 1951 1716 1988 servus
1737 1936 1818 2001 qui
1845 1935 1977 1984 timet
1999 1933 2272 1992 dominum,

718 2035 790 2086 sic
816 2034 931 2084 data
955 2041 1025 2083 est
1047 2030 1133 2082 lux
1156 2030 1216 2082 iis
1239 2029 1322 2095 qui
1347 2029 1398 2078 in
1425 2025 1756 2077 amaritudine
1783 2030 2058 2084 versantur,
2081 2022 2164 2088 qui
2190 2020 2277 2072 de-

716 2126 936 2178 siderant
964 2132 1169 2174 mortem
1189 2161 1203 2184 ,
1229 2135 1316 2171 nec
1345 2117 1580 2170 obtinent.
1626 2114 1764 2167 Mors
1794 2114 1923 2166 enim
1958 2113 2062 2164 viro
2087 2112 2274 2178 requies

719 2215 836 2282 (Job
855 2214 1009 2268 5.19.
1023 2213 1110 2267 20.
1129 2211 1191 2264 2|
1205 2250 1217 2262 .
1234 2209 1345 2278 25).
1364 2208 1645 2275 Excipiens
1667 2206 1809 2257 illum
1838 2203 2036 2272 primus
2057 2202 2274 2270 Eliphaz

716 2305 1066 2360 Tltzemanites
1087 2302 1210 2354 dicit
1233 2299 1366 2353 Jobo
1397 2315 1408 2349 :
1445 2315 1462 2348 ε
1496 2297 1552 2350 1η
1585 2294 1888 2349 memoriam
1919 2305 2126 2354 revoca,
2159 2291 2274 2357 quis

717 2395 943 2448 mundus
991 2391 1237 2459 perierit,
1282 2398 1370 2441 aut
1415 2386 1743 2455 quandonam
1787 2395 2001 2436 veraces
2044 2380 2274 2433 funditus

716 2481 903 2550 perditi
926 2481 1048 2534 sint.
1093 2478 1302 2531 Ferocia
1327 2476 1608 2529 draconum
1631 2473 1885 2527 exstincta
1913 2479 1992 2524 est
2011 2487 2022 2521 :
2044 2483 2275 2538 myrme-

712 2571 898 2625 coleon
918 2578 1089 2622 autem
1110 2565 1282 2634 periit,
1303 2581 1364 2618 eo
1382 2564 1522 2633 quod
1545 2578 1645 2615 non
1666 2563 1882 2614 haberet
1897 2575 2068 2614 escam
2090 2560 2271 2612 :catuli

713 2661 921 2713 leonum
947 2672 1063 2712 sese
1087 2655 1305 2709 invicem
1332 2662 1662 2722 separarunt.
1697 2651 1783 2704 Sic
1810 2666 1910 2702 non
1939 2658 2020 2703 est
2040 2647 2273 2701 mortalis

715 2747 942 2802 mundus
970 2748 1019 2798 in
1047 2755 1328 2812 conspectu
1355 2741 1594 2805 Domini,
1623 2754 1792 2808 neque
1817 2754 1880 2793 ex
1903 2737 2146 2806 operibus
2168 2737 2274 2789 suis

714 2836 1007 2902 inculpatus
1030 2834 1109 2886 vir
1134 2851 1150 2882 ι
1174 2831 1288 2899 (Job
1312 2829 1542 2883 4.7.10.
1571 2829 1820 2894 11.17).‹
1844 2827 2020 2889 Stulti,
2047 2845 2064 2875 ι
2088 2825 2270 2892 inquit,

721 2946 738 2976 ι
753 2927 873 2979 licet
888 2923 1115 2978 radicem
1135 2921 1528 2990 ponant,statim
1543 2918 1876 2972 devorabitur
1890 2917 2054 2968 victus
2068 2929 2269 2976 eorum;

713 3015 955 3086 quoniam
975 3016 1110 3082 quod
1135 3014 1204 3066 illi
1225 3019 1622 3080 congregarunt,
1641 3010 1764 3076 justi
1783 3007 2058 3061 comedent
2084 3025 2100 3055 ›
2124 3004 2271 3075 (Cap.

713 3109 765 3162 5.
796 3124 842 3159 υ.
875 3107 926 3158 5.
957 3105 1032 3172 5).
1071 3122 1086 3153 t
1121 3102 1340 3166 Homo,»
1376 3101 1558 3169 inquit,
1593 3119 1610 3150 ι
1651 3099 1879 3150 nascitur
1906 3097 1968 3148 ad
2000 3097 2228 3149 laborent
2255 3134 2268 3153 .

712 3197 837 3264 pulli
895 3205 1065 3249 autem
1123 3195 1384 3246 vulturum
1437 3192 1541 3245 alte
1599 3190 1795 3243 volant.
1864 3186 2272 3255 Comprehendit

711 3296 882 3341 autem
924 3287 1170 3339 Dominus
1205 3283 1466 3351 sapientes
1505 3281 1557 3335 in
1593 3279 1862 3348 prudentia
1908 3294 2088 3332 eorum
2111 3319 2123 3340 ,
2155 3293 2272 3330 con-

712 3378 884 3433 lilium
935 3387 1106 3428 autem
1147 3373 1494 3440 versipellinm
1537 3371 1774 3437 dissipat.
1827 3369 2159 3422 lnnocentem
2205 3383 2268 3419 ex

713 3465 1111 3519 necessitatibus
1155 3463 1339 3528 eripiet
1380 3461 1629 3513 Dominus
1656 3501 1668 3520 ,
1711 3468 1762 3512 et
1806 3460 1854 3511 in
1899 3458 2123 3524 septimo
2165 3473 2266 3510 non

710 3562 886 3622 tanget
927 3569 1044 3606 emn
1087 3552 1300 3605 malum.
1341 3551 1418 3603 Tu
1453 3565 1578 3603 vero
1607 3559 1776 3603 tecum
1806 3560 1986 3617 reputa
2006 3590 2020 3614 ,
2051 3564 2117 3602 an
2145 3549 2266 3618 quid

712 3643 1100 3712 perpetraveris
1134 3659 1150 3691 ι
1185 3639 1339 3709 (Ibid.
1374 3657 1418 3692 υ.
1448 3640 1498 3691 7.
1537 3639 1619 3693 15.
1654 3639 1739 3692 19.
1766 3639 1880 3706 27).

781 3733 951 3786 Prima
996 3733 1111 3786 Jobi
1152 3732 1216 3784 ad
1263 3730 1475 3797 Eliphaz
1516 3731 1787 3798 responsio
1817 3748 1828 3782 :
1862 3749 1880 3780 ς
1915 3731 1967 3785 Si
1999 3747 2124 3785 vero
2154 3733 2268 3800 qttis

705 3821 1006 3890 appendcns
1031 3821 1350 3888 appenderet
1393 3821 1521 3874 iram
1562 3835 1728 3873 meam
1753 3861 1765 3881 ,
1793 3831 1843 3874 et
1880 3820 2087 3874 dolores
2123 3838 2267 3876 meos

706 3914 912 3966 tolleret
943 3913 991 3965 in
1022 3922 1214 3965 statera
1244 3913 1454 3980 pariter,
1486 3912 1662 3979 utique
1688 3926 1844 3964 arena
1873 3913 2033 3965 maris
2058 3912 2266 3980 gravior

702 4005 802 4057 erit
831 4023 847 4054 ι
869 4003 1014 4071 (Cap.
1037 4003 1086 4055 6.
1107 4019 1151 4055 υ.
1167 4001 1219 4055 2.
1241 4003 1316 4070 '5).
1340 4001 1464 4055 Item
1487 4002 1640 4055 illud;
1667 4020 1684 4050 ‹
1706 4002 1836 4056 Num
1858 4002 2047 4056 frustra
2069 4005 2264 4056 clama-

703 4094 777 4146 liit
803 4107 1024 4160 onager,
1052 4093 1148 4144 nisi
1172 4107 1320 4144 escas
1343 4093 1650 4160 requirens?
1672 4092 1929 4161 Numquid
1953 4102 2005 4147 et
2028 4105 2265 4161 erumpet

699 4184 750 4236 in
776 4197 954 4235 vocem
977 4181 1092 4245 bos,
1116 4197 1233 4234 cum
1259 4181 1446 4234 habeat
1468 4181 1516 4233 iri
1541 4197 1778 4250 praesepe
1803 4182 1983 4235 cibos?
2007 4183 2262 4252 Numquid

700 4272 947 4325 fortitudo
975 4271 1203 4340 lapidum
1229 4271 1478 4326 fortitudo
1504 4286 1642 4334 mea,
1669 4281 1759 4324 aut
1781 4287 1964 4326 carnes
1991 4289 2119 4326 mea:
2140 4284 2263 4326 sunt

696 4381 857 4420 tenete
884 4383 904 4416 ›
934 4363 1092 4433 (Ibid.
1113 4365 1226 4418 v.5.
1245 4363 1390 4431 l2)?t
1416 4363 1573 4430 Quasi
1593 4363 2015 4416 tentatioestvita
2035 4363 2261 4416 hominis

695 4471 855 4522 super
877 4465 1092 4519 terram,
1113 4463 1201 4507 aut
1222 4455 1356 4507 sicut
1371 4453 1656 4521 quotidiani
1676 4453 1982 4506 mercenarii
2004 4453 2104 4504 vita
2123 4453 2254 4520 ejus.

691 4551 745 4603 Si
779 4564 875 4616 ego
915 4549 1124 4617 peccavi
1148 4587 1161 4608 ,
1188 4547 1309 4615 quid
1339 4557 1518 4614 potero
1545 4546 1755 4600 facere?
1778 4545 1875 4610 Qui
1899 4545 2002 4597 scis
2031 4555 2255 4597 mentem

693 4641 959 4692 hominum
985 4681 997 4701 ,
1030 4653 1190 4704 quare
1232 4638 1447 4705 posuisti
1483 4653 1566 4691 me
1609 4645 1663 4689 ut
1700 4636 1948 4705 loquerer
1975 4634 2255 4689 adversum

693 4738 742 4781 te
781 4746 798 4778 ι
833 4727 981 4797 (Cap.
1013 4727 1061 4778 7.
1094 4743 1142 4780 υ.
1178 4727 1226 4780 1.
1257 4726 1389 4791 20)?

761 4817 886 4869 Post
910 4816 1121 4883 Eliphaz
1144 4817 1402 4869 secundus
1427 4816 1692 4886 excipiens
1715 4814 1906 4868 Baldad
1929 4814 2253 4869 Saucheotes

689 4906 877 4961 Jobum
902 4905 979 4957 sic
1003 4904 1285 4972 alloquitur
1313 4925 1324 4957 :
1361 4923 1377 4955 ι
1415 4905 1693 4973 Usquequo
1725 4905 1997 4974 loqueris?
2025 4905 2250 4973 Spiritus

688 4997 1026 5062 tnultiloquus
1051 4995 1099 5047 in
1124 5009 1216 5047 ore
1236 5006 1339 5048 tuo.
1367 4996 1626 5062 Numquid
1651 4997 1900 5048 Dominus
1923 4997 2112 5064 injuste
2133 5007 2250 5065 aget

683 5085 963 5156 judicans?
994 5095 1082 5136 ant
1107 5085 1192 5150 qui
1222 5085 1394 5136 omnia
1423 5085 1573 5146 facit,
1603 5100 1704 5137 non
1735 5085 2002 5138 exhibebit
2032 5085 2081 5138 id
2111 5087 2248 5153 quod

683 5177 878 5245 justum
900 5182 980 5227 est
1013 5190 1031 5223 ι
1065 5172 1212 5238 (Cap.
1233 5171 1284 5225 8.
1318 5188 1364 5224 v.
1383 5173 1438 5224 2.
1459 5173 1554 5240 5)?
1584 5172 1708 5225 ltcnt
1742 5172 1864 5224 illud
1889 5191 1900 5225 :
1927 5192 1943 5222 ‹
1971 5173 2115 5226 Sicut
2145 5188 2246 5226 non

684 5268 819 5319 viret
848 5278 1072 5333 papyrus
1103 5261 1215 5314 sine
1244 5276 1374 5329 aqua
1397 5301 1410 5324 ,
1445 5279 1540 5316 nec
1565 5263 1754 5316 crescit
1785 5265 1914 5331 prati
1945 5263 2105 5317 herba
2134 5266 2248 5320 sine

684 5365 844 5424 potu;
879 5369 996 5406 nam
1028 5351 1197 5405 adhuc
1225 5352 1275 5404 in
1306 5365 1398 5404 sua
1429 5352 1604 5405 radice
1633 5355 1872 5406 consistit
1896 5393 1911 5416 ,
1943 5369 2039 5408 nec
2060 5354 2244 5408 deine-

686 5454 821 5498 tetnr
841 5485 853 5503 ,
882 5453 934 5496 et
959 5451 1237 5508 antequam
1267 5440 1417 5493 cadat
1447 5440 1608 5494 herba
1637 5442 1917 5496 siccabitur
1949 5463 1960 5497 :
1989 5445 2064 5497 sic
2090 5455 2247 5498 erunt

686 5535 962 5588 novissima
987 5533 1158 5585 omnia
1182 5546 1385 5596 eorum,
1407 5531 1493 5600 qui
1518 5531 1898 5587 obliviscuntur
1926 5536 2015 5589 Dei
2045 5555 2060 5585 ι
2083 5535 2239 5605 (Ibid.

685 5637 729 5677 ν.
759 5625 812 5677 tt
850 5623 987 5689 45).

755 5713 926 5766 l'ritna
972 5708 1243 5778 responsio
1272 5707 1388 5762 Jobi
1433 5708 1496 5760 ad
1541 5708 1824 5765 Baldadum
1858 5730 1868 5765 :
1909 5731 1925 5763 t
1970 5714 2100 5770 \‘cre
2131 5717 2241 5770 scio

1449 391 1507 447 S.
1536 388 1809 445 JOANNIS
1845 384 2308 444 CHRYSOSTOMI
2346 384 2656 439 ARCHIEP.
2697 379 3214 438 (ZONSTANTINOP.

3845 377 3960 430 364

2390 495 2527 562 quod
2571 495 2638 547 ita
2678 495 2745 546 sit
2777 511 2789 545 :
2821 493 3080 562 quomodo
3107 493 3244 546 enim
3279 493 3382 548 erit
3419 492 3596 560 justus
3625 489 3785 542 homo
3814 483 3962 553 apud

2390 582 2662 634 Dominum
2688 597 2705 629 ι
2729 581 2873 650 (Cap.
2893 584 2946 635 9.
2968 598 3013 634 v.
3032 580 3127 649 2)?
3145 582 3416 649 Etiamque
3437 579 3586 640 illud.
3612 595 3631 627 ι
3655 576 3754 642 Qui
3776 584 3960 627 cxten-

2387 673 2459 723 dit
2479 673 2662 724 cretum
2687 673 2849 735 solus,
2882 681 2934 724 et
2963 671 3193 725 ambulat
3215 686 3372 739 super
3402 685 3546 723 mare
3577 680 3839 735 tamquam
3871 679 3961 717 sit-

2388 778 2478 830 per
2499 763 2977 830 pavimentum,qui
2995 761 3118 814 fecit
3137 761 3344 815 Pleiada
3369 769 3421 814 et
3437 760 3759 827 Hesperum»
3789 754 3958 817 (Ibid.

2385 853 2628 913 9.v.8.9).
2655 870 2673 901 ι
2697 852 3031 920 Quisjudicio
3049 852 3138 906 Dei
3153 851 3390 905 resistet?
3407 849 3553 916 Quod
3573 849 3787 901 sietiam
3803 845 3963 898 fuero

2381 943 2568 1010 justus,
2590 958 2648 996 os
2665 958 2838 997 meum
2859 943 3013 1011 impia
3035 944 3273 1009 loquetur
3297 961 3309 993 :
3333 942 3534 994 etiamsi
3558 939 3703 992 fuero
3719 937 3834 988 sine
3853 935 3965 986 cri-

2385 1034 2542 1095 mine,
2562 1047 2750 1099 pravus
2764 1033 2976 1086 evadatn
2993 1031 3176 1102 i(lbid.
3191 1031 3331 1084 v.19.
3348 1031 3456 1098 20).
3476 1030 3624 1083 Circa
3643 1026 3785 1087 illud,
3803 1044 3820 1076 t
3834 1023 3959 1076 Vita

2385 1137 2499 1174 mea
2519 1123 2682 1174 levior
2702 1131 2781 1174 est
2804 1136 3039 1174 cursore.
3059 1120 3317 1190 Numquid
3337 1120 3554 1172 navibus
3571 1126 3652 1171 est
3671 1115 3957 1183 vestigium

2385 1211 2501 1274 viae,
2525 1219 2617 1264 aut
2639 1211 2824 1280 aquilae
2850 1212 3090 1276 volantis,
3114 1212 3396 1281 quaerentis
3412 1225 3584 1264 escam
3607 1207 3765 1277 (Ibid.
3784 1224 3832 1259 υ.
3857 1205 3954 1260 25.

2382 1301 2509 1369 26)?
2539 1303 2797 1356 Memento
2820 1301 2955 1370 quod
2978 1303 3138 1356 lutum
3161 1302 3351 1356 tinxisti
3375 1316 3476 1364 me,
3500 1310 3551 1355 et
3575 1302 3622 1353 in
3644 1308 3839 1352 terram
3864 1312 3958 1350 me

2383 1396 2568 1447 iterum
2597 1404 2891 1448 convertes.
2939 1394 3124 1449 Nonne
3154 1395 3286 1448 sicut
3321 1395 3400 1447 lac
3434 1391 3658 1446 mulsisti
3684 1397 3802 1446 me?
3838 1399 3958 1442 etc-

2383 1483 2566 1537 Essem
2597 1493 2857 1550 tamquam
2888 1498 2990 1537 non
3021 1484 3255 1537 fuissem.
3283 1480 3387 1536 Cur
3412 1485 3476 1535 de
3502 1491 3652 1534 utero
3679 1481 3728 1532 in
3755 1493 3956 1530 monu-

2381 1586 2611 1628 mentum
2641 1591 2742 1628 non
2775 1590 2887 1627 sum
2921 1574 3202 1627 translatus
3225 1592 3241 1623 ι
3266 1572 3410 1641 (Cap.
3434 1571 3517 1625 10.
3546 1570 3661 1624 v.9.
3699 1568 3781 1622 10.
3812 1567 3955 1634 l9)?

2453 1666 2572 1718 Post
2623 1665 2834 1733 Eliphaz
2870 1663 3064 1717 Baldad
3091 1705 3104 1727 ,
3145 1672 3198 1716 et
3226 1672 3343 1732 post
3373 1661 3565 1714 Baldad
3597 1658 3803 1727 Sopbar
3832 1659 3951 1712 Me-

2382 1769 2546 1818 tuens,
2571 1753 2857 1807 secundum
2883 1754 2982 1807 sibi
3009 1753 3276 1823 proprium
3301 1752 3572 1813 ordinem;
3606 1742 3672 1802 it‘a
3702 1760 3755 1803 ut
3776 1766 3953 1802 unus-

2380 1843 2598 1912 quisque
2642 1858 2822 1896 eorum
2866 1854 3101 1911 speraret
3145 1857 3201 1896 se
3247 1842 3462 1896 meliora
3504 1841 3756 1894 dicturum
3783 1839 3950 1893 Joho.

2387 1950 2402 1980 ε
2428 1932 2524 1998 Qui
2543 1933 2702 1985 multa
2725 1932 2867 1996 dicit,
2897 1933 3123 1985 vicissim
3149 1931 3342 1985 audiet.
3375 1949 3393 1981 ι
3421 1931 3547 1984 Item
3573 1930 3730 1984 illud:
3765 1949 3784 1980 ι
3824 1930 3953 1984 Fnl-

2379 2022 2517 2088 gehit
2561 2023 2716 2075 facies
2761 2031 2846 2074 tua
2893 2032 3154 2088 tamquam
3194 2037 3326 2090 aqua
3369 2037 3515 2090 pura.
3566 2021 3733 2074 Exues
3760 2032 3951 2074 antem

2381 2111 2586 2163 θοι-δραι
2607 2152 2619 2172 ,
2651 2119 2703 2164 et
2733 2126 2834 2164 non
2869 2110 3090 2172 timebis,
3124 2119 3176 2165 et
3201 2110 3429 2164 laborem
3457 2111 3775 2165 Oblivisceris
3811 2120 3924 2162 tam
3944 2141 3956 2151 -

2380 2217 2532 2265 quam
2566 2204 2776 2253 tinctum
2806 2203 2890 2270 qtti
2923 2203 3173 2270 praeterit.
3203 2201 3381 2256 Oratio
3405 2202 3542 2256 enim
3567 2211 3649 2255 tua
3675 2211 3950 2271 tamquam

2379 2290 2586 2343 Lucifer
2611 2292 2706 2344 crit
2738 2309 2755 2341 ι
2780 2291 2922 2359 (ϐαρ.
2957 2294 3041 2348 11.
3069 2309 3114 2346 υ.
3137 2294 3189 2346 2.
3225 2292 3424 2362 15-17).

2450 2381 2618 2433 Prima
2661 2381 2774 2434 Jobi
2823 2383 2885 2434 ad
2929 2382 3217 2450 Supharem
3273 2385 3587 2452 responsio:
3622 2402 3639 2434 ι
3675 2383 3780 2438 Vos
3815 2400 3951 2450 ergo

2380 2469 2481 2522 soli
2508 2472 2633 2523 estis
2665 2470 2932 2532 homines;
2965 2481 3056 2525 ant
3077 2473 3341 2526 vobiscum
3374 2475 3624 2526 morietur
3647 2473 3951 2540 sapientia?

2379 2559 2443 2611 Et
2473 2559 2832 2627 mihiquidem
2863 2576 2956 2614 cor
2977 2561 3123 2629 juxta
3153 2577 3245 2614 vos
3275 2563 3372 2616 erit
3400 2582 3416 2613 ι
3444 2563 3607 2633 (ϐαρ.
3635 2564 3716 2616 12.
3749 2563 3804 2614 2.
3847 2563 3944 2622 5).

2379 2651 2526 2704 Circa
2559 2651 2682 2704 illud
2714 2671 2724 2704 :
2752 2670 2769 2702 ι
2798 2653 2924 2719 Quis
2949 2668 3050 2706 non
3073 2655 3315 2721 cognovit
3338 2655 3385 2706 in
3412 2655 3652 2707 omnibus
3674 2653 3769 2716 his,
3797 2658 3947 2722 quod

2381 2756 2564 2794 manus
2592 2741 2796 2794 Domini
2825 2741 2947 2796 fecit
2977 2742 3090 2796 hate
3106 2744 3135 2795 ?‘
3157 2743 3285 2809 Quia
3315 2745 3362 2796 in
3392 2759 3548 2796 manu
3577 2744 3685 2811 ejus
3714 2752 3794 2796 est
3823 2746 3947 2797 ani-

2379 2843 2460 2880 tna
2491 2831 2722 2883 omnium
2749 2832 3053 2898 viventium,
3089 2843 3142 2886 et
3167 2835 3382 2900 Spiritus
3410 2835 3580 2888 omnis
3605 2834 3855 2888 hominis.
3891 2835 3949 2891 Si

2378 2919 2698 2986 prohibuerit
2727 2936 2912 2990 aquam
2931 2963 2944 2983 .
2974 2924 3191 2976 siceahit
3218 2934 3409 2977 terram
3440 2967 3453 2985 .
3486 2935 3540 2978 et
3567 2925 3608 2978 si
3638 2925 3906 2979 dimiserit
3929 2968 3948 2991 ,

2378 3010 2604 3079 perdidit
2631 3023 2872 3066 evertens
2899 3029 3012 3066 eam
3039 3013 3222 3082 i(lbid.
3244 3031 3291 3068 υ.
3309 3016 3468 3069 9.10.
3493 3016 3598 3084 15).
3616 3015 3756 3068 Circa
3777 3017 3944 3070 illud:

2384 3117 2400 3148 ι
2430 3099 2557 3165 Quis
2583 3102 2682 3153 erit
2708 3102 2932 3155 mundus
2960 3117 2988 3154 a
3021 3102 3217 3156 sorde?
3247 3105 3311 3156 At
3339 3120 3513 3162 nemo.
3543 3106 3638 3159 etsi
3665 3121 3796 3158 unus
3827 3107 3947 3158 dies

2374 3189 2441 3242 sit
2475 3190 2575 3242 vita
2607 3191 2719 3257 ejus
2750 3206 2907 3258 super
2938 3199 3149 3244 terram.
3185 3192 3273 3244 Est
3301 3194 3475 3246 arbori
3536 3208 3672 3262 spes.
3706 3196 3760 3246 Si
3792 3197 3942 3247 enim

2377 3281 2549 3334 excisa
2598 3280 2782 3346 fuerit,
2815 3281 2984 3335 adhuc
3021 3282 3324 3352 pullulabit,
3357 3293 3410 3338 et
3449 3299 3655 3354 germen
3685 3285 3800 3352 ejus
3836 3302 3942 3338 non

2375 3373 2598 3424 deficiet.
2634 3371 2722 3425 Vir
2748 3387 2869 3426 vero
2887 3389 3003 3426 cum
3026 3383 3259 3426 mortuus
3285 3373 3458 3438 fuerit,
3483 3377 3636 3428 abiit:
3658 3386 3707 3428 et
3736 3388 3911 3429 morta
3929 3409 3942 3417 -

2373 3460 2436 3512 lis
2456 3475 2571 3513 cum
2593 3461 2858 3525 ceciderit,
2885 3476 2984 3514 non
3009 3464 3142 3516 ultra
3167 3471 3244 3515 est
3274 3482 3289 3513 ι
3315 3463 3938 3533 (ϐαρ.11.υ.ι1.5.7.10).

2446 3550 2648 3603 Initium
2707 3551 3014 3604 secundum.
3078 3553 3291 3620 Elipltaz
3346 3553 3535 3606 Jobttm
3592 3555 3934 3621 alloquitur:

2379 3657 2394 3688 ‹
2435 3639 2690 3707 Numquid
2720 3641 2930 3708 sapiens
2969 3643 3367 3708 responsionem
3394 3641 3537 3694 dabit
3564 3643 3796 3695 scientia:
3827 3646 3938 3710 Spi-

2376 3729 2545 3782 ritus?
2575 3732 2770 3798 Arguat
2801 3740 2851 3784 te
2877 3746 2937 3784 os
2967 3741 3109 3785 tuuni
3136 3772 3151 3797 ,
3183 3741 3233 3786 et
3261 3747 3364 3784 non
3395 3746 3510 3801 ego.
3556 3751 3573 3783 ι
3607 3731 3734 3784 illud
3767 3735 3894 3786 item
3918 3773 3935 3798 ,

2379 3843 2395 3872 ι
2433 3823 2558 3888 Quis
2593 3823 2732 3874 enim
2771 3836 2888 3875 cum
2919 3826 2987 3875 sit
3022 3823 3208 3885 homo,
3240 3823 3342 3876 erit
3380 3822 3709 3891 inculpatus?
3737 3837 3805 3876 an
3837 3826 3939 3878 crit

2366 3912 2537 3979 justus
2567 3920 2716 3963 natus
2741 3913 2806 3964 de
2832 3910 3052 3964 muliere
3088 3930 3107 3962 ›
3137 3912 3282 3980 (Cap.
3312 3912 3396 3966 15.
3421 3928 3467 3966 υ.
3498 3910 3551 3963 2.
3583 3911 3633 3964 6.
3663 3911 3793 3978 id)?

2441 4000 2682 4054 Secunda
2714 4002 2984 4068 responsio
3012 4000 3128 4054 Jobi
3159 4002 3222 4054 ad
3259 4001 3506 4070 Eliphaz:
3540 4020 3557 4051 ι
3591 4001 3778 4054 Audivi
3810 4004 3936 4056 talia

2371 4093 2531 4146 multa
2562 4110 2576 4148 :
2612 4094 2974 4146 consolatores
3005 4093 3261 4146 malorum
3296 4109 3499 4147 omnes.
3542 4093 3672 4146 Ecce
3704 4094 3757 4146 in
3788 4095 3936 4147 cmlis

2367 4193 2447 4236 est
2475 4184 2624 4236 testis
2655 4198 2822 4246 meus,
2857 4192 2908 4236 et
2931 4183 3175 4236 conscius
3203 4199 3350 4238 meus
3381 4185 3430 4237 in
3461 4183 3696 4238 excelsis.
3733 4183 3818 4235 Sit
3847 4201 3938 4236 an-

2369 4285 2469 4327 tem
2503 4274 2799 4342 redargutio
2838 4275 2950 4328 viro
2982 4289 3159 4328 coram
3205 4276 3423 4329 Domino
3461 4299 3478 4326 ι
3503 4275 3644 4347 (Cap.
3677 4276 3764 4328 16.
3797 4292 3849 4328 ιν.
3879 4277 3931 4330 2.

2363 4363 2450 4416 20.
2487 4362 2601 4432 22).
2627 4363 2758 4415 Illud
2788 4364 2930 4426 item,
2967 4381 2984 4413 ε
3014 4363 3230 4416 Noctem
3261 4366 3430 4433 posuit
3460 4366 3510 4418 in
3539 4365 3693 4419 diem.
3725 4365 3863 4419 Nam
3891 4369 3931 4421 si

2371 4453 2701 4518 suStinuero,
2734 4451 2966 4506 infernus
2995 4453 3095 4506 erit
3121 4453 3247 4506 mihi
3276 4453 3478 4508 domus.
3509 4453 3726 4507 Mortem
3761 4459 3932 4524 appel-

2363 4543 2462 4596 lavi
2486 4550 2707 4611 patrem,
2729 4551 2948 4595 matrem
2971 4553 3148 4596 autem
3172 4558 3340 4598 meam
3365 4552 3416 4598 et
3437 4557 3671 4597 sororem
3697 4546 3878 4599 tabem
3910 4566 3927 4596 ι

2363 4633 2512 4701 (ϐαρ.
2545 4634 2628 4686 17.
2658 4649 2704 4687 υ.
2737 4633 2942 4702 te-tt).

2436 4725 2677 4779 Secundo
2704 4740 2882 4779 rursus
2923 4725 3191 4792 excipiens
3232 4725 3424 4779 Baldad
3464 4726 3534 4778 ait
3575 4726 3640 4780 ad
3682 4726 3880 4780 Jobum
3915 4746 3928 4782 :

2370 4833 2386 4865 t
2420 4814 2702 4883 Quousque
2730 4830 2832 4867 non
2859 4815 3128 4868 cessabis?
3152 4814 3286 4880 Quid
3313 4815 3448 4868 enim
3475 4854 3489 4878 ,
3520 4816 3561 4868 si
3596 4825 3647 4868 tu
3688 4830 3931 4870 mortuus

2357 4904 2516 4958 fueris
2542 4945 2556 4967 ,
2605 4904 3022 4958 inhabitabilisne
3063 4905 3167 4956 erit
3207 4919 3266 4958 ea
3307 4920 3422 4973 qua:
3465 4907 3564 4959 sub
3609 4909 3740 4961 cado
3789 4920 3870 4962 est
3905 4930 3926 4960 ι

2359 4996 2520 5063 (Cap.
2548 4995 2628 5048 18.
2655 5011 2699 5049 υ.
2727 4997 2779 5048 2.
2813 4995 2909 5066 A)?
2937 4996 3239 5063 Respondet
3269 4996 3496 5049 secundo
3526 4997 3626 5049 Joh
3657 4998 3886 5051 Baldadu
3912 5018 3923 5051 :

2371 5107 2389 5139 ε
2419 5087 2699 5155 Usquequo
2728 5089 3014 5141 molestiam
3046 5087 3250 5140 facietis
3279 5088 3466 5141 anima-
3495 5106 3647 5154 niea-,
3675 5093 3924 5144 oocidetis

2357 5194 2441 5230 tne
2483 5178 2806 5230 ratiociniis?
2851 5178 3118 5245 loquimini
3163 5187 3343 5231 contra
3387 5194 3471 5231 me
3511 5179 3626 5231 sine
3672 5180 3872 5246 pudore
3901 5200 3919 5232 ι

2355 5268 2499 5337 (ϐαρ.
2538 5267 2618 5320 19.
2647 5284 2693 5320 υ.
2724 5266 2777 5318 2.
2807 5267 2838 5319 5
2873 5268 2932 5333 )‘I
2960 5267 3052 5320 llic
3082 5267 3234 5332 illud,
3267 5287 3284 5318 ι
3321 5267 3551 5322 Gloriam
3581 5284 3754 5321 meam
3785 5287 3813 5322 a
3844 5288 3926 5324 me

2351 5356 2562 5410 abstulit
2587 5397 2602 5419 ,
2629 5370 2876 5408 coronam
2905 5355 3115 5417 sustulit
3143 5356 3210 5409 de
3237 5357 3405 5423 capite
3437 5372 3554 5408 meo
3585 5397 3604 5418 ,
3633 5367 3687 5410 ct
3724 5361 3922 5415 excidit

2353 5454 2618 5512 tamquam
2646 5443 2887 5496 arborem
2919 5457 3066 5510 spem
3094 5459 3283 5496 meam.
3319 5463 3336 5493 ο
3363 5444 3488 5497 Item
3516 5445 3644 5497 illud
3670 5463 3684 5498 :
3716 5466 3736 5496 ι
3770 5452 3811 5502 Α
3840 5465 3922 5504 me

2353 5535 2540 5589 fratres
2583 5534 2684 5587 mei
2730 5541 3093 5597 recesserunt,
3139 5533 3342 5586 alienos
3381 5546 3712 5600 agnoverunt
3758 5542 3924 5608 magis

2351 5641 2504 5694 quam
2534 5639 2616 5677 me
2646 5639 2658 5673 :
2689 5622 2839 5675 amici
2868 5637 2992 5674 vero
3020 5623 3122 5674 mei
3153 5621 3596 5676 immisericordes
3623 5624 3747 5680 facti
3780 5640 3916 5682 sunt.

2352 5719 2572 5770 Servum
2604 5729 2774 5768 meum
2802 5711 3012 5776 vocavi,
3041 5719 3092 5765 et
3121 5726 3224 5764 non
3251 5711 3521 5779 respondit
3549 5729 3562 5767 :
3588 5724 3640 5770 et
3671 5718 3916 5787 rogabam
