4094 6480
221 415 329 469 363

206 519 327 575 σίαν
369 523 398 575 6
429 522 621 593 Κύριος
655 527 736 595 τᾷ
767 529 1013 596 διαϐόλῳ,
1061 532 1368 586 πάντα-ὅσα
1401 531 1467 603 ἦν
1499 535 1573 602 τῷ
1605 537 1741 603 Ἰὼϐ,

1242 421 1562 477 SYNOPSIS
1597 424 2006 481 SCRIPTURIE
2048 426 2306 482 SACIUE.

3281 430 3388 486 364

1844 539 2078 604 Πνεῦμα
2101 539 2479 607 πολυρρῆμον
2494 541 2559 592 ἐν
2580 541 2656 605 τῷ
2682 543 2926 610 στόματί
2945 557 3078 596 σου.
3101 540 3196 608 Μὴ
3225 543 3256 592 ό
3271 545 3381 595 Κύ-

202 607 360 668 ικτὸς
386 609 548 660 αὑτοῦ
587 612 763 678 μόνου.
803 615 1020 684 Πρῶτον
1040 617 1439 682 εὐαγγελίζεται
1457 622 1484 670 6
1506 621 1744 684 διάϐολος
1832 634 1963 682 ριος
1990 618 2258 684 ἀδικήσει
2293 622 2536 686 κρίνων;
2570 622 2605 686 ἢ
2645 625 2676 674 ό
2702 607 2996 676 ἵει-πάντα
3024 607 3276 689 ποιήσας
3306 627 3378 677 οὐ

201 691 274 759 τῷ
312 691 430 743 Ἰὼϐ
464 697 588 762 περὶ
622 698 721 765 τῆς
760 701 1127 768 αἰχμαλωσίας
1162 703 1268 754 τῶν
1316 705 1490 755 ἵππων
1515 707 1604 757 καὶ
1638 707 1742 758 τῶν

200 775 349 838 δνων,
379 780 472 829 καὶ
514 780 605 832 τοῦ
633 784 916 852 παταγμοῦ
958 785 1064 836 τῶν
1097 787 1314 839 παίδων.
1350 789 1480 857 Περὶ
1501 791 1592 841 τοῦ
1622 792 1740 843 δευ-⁹

199 859 351 929 τέρου
376 865 624 929 ἀγγέλου,
651 867 708 927 δς
731 864 846 919 εἷπε
873 869 1004 936 πρὸς
1039 871 1176 921 Ἰώϐ·
1207 872 1627 942 Ἐμπεπύρισταί
1648 893 1738 928 σου

199 947 261 997 τὰ
283 949 548 1014 πρόϐατα,
564 954 654 1004 καὶ
673 955 718 1004 οί
737 955 1104 1022 ποιμαίνοντες
1126 957 1280 1008 αὑτά.
1304 960 1432 1027 Περὶ
1454 959 1542 1010 τοῦ
1559 961 1737 1028 τρίτου

200 1031 449 1095 ἀγγέλου,
492 1035 548 1095 δς
584 1032 700 1087 εἷπε
750 1039 882 1105 πρὸς
922 1038 1037 1090 Ἰὼϐ
1069 1041 1194 1110 περὶ
1227 1043 1324 1110 τῆς
1373 1044 1737 1111 αἰχμαλωσίας

200 1113 299 1165 τῶν
331 1119 588 1186 καμήλων
611 1121 700 1171 καὶ
724 1121 813 1173 τοῦ
839 1123 1124 1191 παταγμοῦ
1152 1125 1257 1176 τῶν
1293 1127 1512 1179 παίδων.
1541 1128 1739 1198 Τέταρ-

198 1214 282 1260 τος
319 1201 543 1268 ἇγγελος
586 1205 798 1272 ἔρχεται
835 1206 968 1274 πρὸς
1001 1209 1189 1272 αὑτὸν,
1230 1211 1307 1262 ὅτι
1351 1213 1666 1282 Συνεπτώθη
1701 1217 1732 1283 ή

197 1285 354 1349 οἰκία,
391 1289 480 1339 καὶ
507 1290 912 1360 ἐθανατώθησαν
935 1294 1130 1356 πάντες
1153 1297 1199 1346 οί
1233 1297 1336 1348 υίοί
1357 1314 1466 1350 σου.
1498 1299 1584 1351 Ἐν
1605 1301 1734 1351 πᾶσι

196 1369 402 1433 τούτοις
432 1377 542 1434 τοῖς
570 1376 964 1445 συμϐεϐηκόσιν
1002 1379 1178 1448 αὐτῷ,
1217 1382 1336 1432 οὐδὲ
1368 1382 1576 1451 ἥμαρτε
1617 1383 1734 1436 Ἰὼϐ

197 1454 434 1508 ιναντίον
456 1460 677 1527 Κυρίου.
721 1463 825 1513 Καὶ
856 1463 1077 1532 δευτέρα
1119 1467 1388 1535 μαρτυρία
1410 1468 1500 1518 τοῦ
1531 1469 1730 1538 Κυρίου

195 1539 322 1606 πρὸς
349 1542 438 1592 τὸν
468 1543 722 1609 διάϐολον,
764 1549 1171 1615 ὲγκωμιάζουσα
1199 1550 1288 1601 τὸν
1328 1550 1462 1612 Ἰὼϐ,
1491 1555 1583 1604 καὶ
1616 1554 1733 1605 δευ-

194 1624 317 1691 τέρα
353 1625 664 1696 φθονολογία
694 1630 784 1682 τοῦ
841 1632 1080 1686 διαϐόλου
1112 1637 1235 1704 περὶ
1300 1636 1418 1688 Ἰὼϐ
1458 1638 1589 1707 πρὸς
1640 1639 1730 1691 τὸν

195 1708 411 1777 Κύριον.
438 1712 545 1764 Καὶ
574 1712 646 1775 ὡς
671 1715 892 1767 ἀπέδοτο
936 1717 1132 1788 Κύριος
1167 1721 1255 1771 τὸν
1291 1720 1429 1784 Ἰὼϐ,
1471 1723 1728 1790 φυλαττο-

196 1793 354 1861 μένης
375 1796 472 1862 τῆς
497 1797 689 1866 ψυχῆς.
728 1798 982 1862 Ἑξελθὼν
1015 1802 1068 1854 δὲ
1098 1806 1124 1854 6
1163 1803 1400 1866 διάϐολος
1427 1805 1612 1856 ἔπαισε
1642 1806 1730 1857 τὸν

204 1876 316 1928 Ἰὼϐ
337 1881 443 1932 ἀπὸ
470 1881 640 1933 ποδῶν
677 1884 777 1945 ἕως
803 1887 1055 1955 κεφαλῆς.
1088 1890 1192 1940 Καὶ
1223 1889 1447 1951 καθίσας
1488 1889 1606 1941 Ἰὼϐ
1640 1892 1729 1942 ἐπὶ

191 1965 284 2030 τῆς
330 1967 560 2033 κοπρίας
590 1967 702 2030 ἔξεε
728 1970 816 2022 τὸν
852 1972 1037 2041 ίχῶρα.
1075 1973 1398 2026 Ἐντέλλεται
1427 1975 1500 2043 τῷ
1534 1975 1651 2027 Ἰὼϐ
1694 1977 1726 2046 ή

192 2050 318 2120 γυνὴ
365 2051 527 2104 αὑτοῦ
572 2054 740 2106 εἰπεῖν
778 2057 856 2116 είς
893 2057 1111 2127 Κύριον,
1142 2062 1232 2112 καὶ
1262 2060 1606 2129 τελευτῆσαι·
1638 2063 1728 2114 καὶ

191 2137 409 2206 ἐπιτιμᾷ
448 2140 602 2210 αὐτῇ.
657 2143 923 2195 Ἤκουσαν
961 2145 1006 2196 οἱ
1055 2148 1199 2213 τρεῖς
1262 2146 1397 2212 φίλοι
1444 2146 1534 2197 τοῦ
1587 2147 1722 2210 Ἰὼϐ,

202 2221 418 2290 Ἐλιφὰς
443 2226 472 2277 6
512 2225 852 2294 Θαιμανιτῶν
881 2227 1128 2296 βασιλεὺς
1147 2269 1162 2292 ,
1193 2230 1394 2284 Βαλδὰδ
1422 2232 1449 2282 6
1482 2232 1727 2300 Σαυχέων

190 2310 460 2379 τύραννος,
509 2313 704 2383 Σωφὰρ
751 2317 776 2366 6
830 2316 1086 2384 Μηναίων
1143 2316 1389 2385 βασιλεὺς
1438 2321 1610 2370 πάντα
1657 2319 1727 2370 τὰ

189 2396 469 2449 ιπελθόντα
491 2397 652 2467 αὐτῷ.
669 2400 772 2451 Καὶ
794 2401 1144 2469 παρεγένοντο
1171 2403 1305 2472 πρὸς
1329 2404 1484 2455 αὐτὸν
1505 2404 1728 2466 ἕκαστος

190 2481 247 2530 ὲκ
271 2480 369 2548 τῆς
400 2482 532 2544 ἰδίας
562 2481 761 2552 χώρας,
791 2484 883 2536 τοῦ
940 2487 1331 2555 ἐπισκέψασθαι
1388 2489 1573 2549 αὑτὸν,
1633 2489 1723 2540 καὶ

189 2566 489 2631 ἐπιγνόντες
519 2569 696 2630 αὑτὸν,
723 2570 998 2640 διέρρηξεν
1019 2573 1242 2635 ἕκαστος
1278 2571 1372 2640 τὴν
1412 2573 1598 2642 στολὴν
1626 2575 1724 2625 αὑ-

189 2651 274 2703 τοῦ
303 2654 392 2704 ἐπὶ
417 2653 494 2722 τῷ
532 2655 706 2707 πάθει.
736 2656 886 2708 Μετὰ
914 2658 970 2709 δὲ
990 2659 1085 2727 τὴν
1109 2658 1315 2727 πληγὴν
1347 2659 1556 2729 πρῶτον
1583 2659 1725 2729 ἤνοι-

189 2737 270 2800 ξεν
314 2737 430 2789 Ἰὼϐ
449 2738 505 2791 τὸ
529 2739 699 2808 στόμα
714 2741 893 2805 αὐτοῦ,
925 2744 1015 2794 καὶ
1047 2743 1385 2812 κατηράσατο
1401 2744 1495 2814 τὴν
1516 2745 1724 2814 ἡμέραν

189 2822 274 2872 καὶ
311 2823 408 2890 τὴν
451 2821 616 2875 νύκτα
653 2819 776 2897 ὲνῇ
827 2826 1106 2895 ἐγεννήθη.
1159 2829 1290 2897 Περὶ
1338 2829 1447 2890 τοῦ,
1499 2831 1724 2898 ’Ὠσπερ

189 2906 444 2972 θεράπων
458 2907 732 2974 δεδοικὼς
754 2911 856 2963 τὸν
873 2913 1092 2978 κύριον,
1106 2914 1255 2965 οὕτω
1273 2914 1502 2969 δέδοται
1517 2916 1636 2980 τοῖς
1658 2917 1726 2967 ἐν

190 2993 382 3058 πικρίᾳ
413 2992 555 3061 φῶς,
592 2995 648 3046 οτ
688 2997 1001 3062 ίμείρονται
1033 2999 1138 3052 τοῦ
1181 2999 1468 3065 θανάτου,
1512 3003 1608 3054 καὶ
1653 3004 1722 3054 οὐ

186 3076 561 3144 τυγχάνουσι.
602 3079 747 3151 [368]
772 3082 1030 3148 Θάνατος
1050 3084 1157 3152 γὰρ
1174 3085 1343 3152 ἀνδρί
1363 3085 1720 3151 ἀνάπαυσις.

197 3159 501 3216 ’Υπολαϐὼν
530 3166 737 3236 πρῶτος
776 3169 994 3235 Ἐλιφὰζ
1010 3172 1037 3220 6
1066 3171 1394 3240 Θαιμανίτης
1419 3171 1560 3238 λέγει
1591 3172 1724 3241 πρὸς

197 3247 309 3300 Ἰώϐ
327 3265 340 3278 ο
373 3253 680 3318 Μνήσθητι
704 3255 791 3317 τίς
810 3255 1064 3321 καθαρὸς
1086 3255 1170 3308 ὢν
1204 3257 1489 3318 ἀπώλετο,
1513 3259 1550 3325 ἢ
1583 3260 1724 3310 πότε

186 3336 448 3402 ἀληθινοί
467 3340 746 3406 όλόρῤιζοι
768 3341 1092 3395 ἀπώλοντο.
1121 3344 1248 3396 ’Ὁτι
1271 3346 1560 3413 γαυρίαμα
1591 3346 1726 3413 δρα-

186 3425 405 3474 κόντων
448 3424 734 3492 ἐσϐέσθη·
769 3429 1194 3496 μυρμηκολέων
1239 3430 1308 3482 δὲ
1343 3431 1524 3484 ὤλετο
1570 3433 1725 3500 παρὰ

186 3509 247 3560 τὸ
277 3511 359 3578 μὴ
414 3513 577 3580 ἔχειν
618 3515 842 3580 ,βοράν-
896 3518 1150 3585 σκύμνοι
1198 3520 1457 3571 λεόντων
1515 3522 1724 3573 ἔλιπον

187 3594 508 3662 ἀλλήλους.
536 3599 628 3664 Ὠς
654 3603 764 3653 οὐκ
787 3600 916 3656 ἔστι
937 3603 1153 3670 ,βροτὸς
1183 3605 1432 3671 καθαρὸς
1454 3606 1724 3660 ἐναντίον

187 3681 418 3745 Κυρίου,
440 3683 535 3735 καί
554 3685 670 3737 ἀπὸ
691 3685 806 3736 τῶν
823 3687 1009 3754 ἔργων
1030 3689 1212 3742 αὐτοῦ
1230 3689 1527 3757 ἄμεμπτος
1550 3692 1719 3758 ἀνήρ.

183 3768 241 3817 οι
261 3767 531 3834 ἄφρονες,
565 3771 836 3839 φησὶ,κᾶν
852 3771 1015 3837 ῥίζας
1031 3774 1323 3837 βάλωσιν,
1345 3777 1721 3845 εὐθέωςβρω-

189 3851 420 3915 θήσεται
447 3855 482 3919 ἠ
504 3853 694 3906 δίαιτα
732 3855 945 3917 αὐτῶν,
964 3856 1106 3909 διότι
1136 3857 1173 3910 ά
1199 3859 1410 3911 ἐκεῖνοι
1457 3862 1719 3928 συνήγαο

191 3953 306 4002 γον,
339 3939 552 3991 δίκαιοι
585 3939 836 3994 ἔδονται.
880 3942 1226 4008 Ἀνθρωπος,
1271 3946 1423 4011 φησὶ,
1448 3946 1719 4012 γεννᾶται

187 4026 359 4088 κόπῳ,
385 4023 482 4077 καί
503 4025 742 4077 νεοσσοὶ
763 4024 963 4093 γυπῶν
982 4029 1187 4094 ὑψηλὰ
1214 4029 1504 4084 πέτονται.
1529 4030 1720 4084 Κατα-

188 4110 463 4177 λαμϐάνει
502 4110 568 4162 66
597 4114 806 4178 Κύριος
830 4113 966 4178 τοὺς
981 4115 1207 4181 σοφοὺς
1226 4115 1293 4167 6r
1313 4117 1596 4184 φρονήσει
1620 4122 1722 4174 αὐ-

191 4193 418 4258 τῶν,καὶ
437 4196 771 4261 τάςβουλὰς
802 4197 916 4250 τῶν
938 4202 1334 4252 πολυπλόκων
1361 4201 1582 4268 ἐξιστᾷ.
1618 4206 1724 4257 Τὸν

190 4278 370 4344 ἀθῷον
399 4282 466 4346 ἐξ
505 4281 778 4351 ἀναγκῶν
804 4283 1088 4346 ἐξελεῖται
1126 4285 1356 4353 Κύριος,
1399 4289 1497 4339 καί
1532 4290 1599 4342 ἐν
1643 4290 1722 4354 τῷ

189 4362 399 4433 ἑϐδόμῳ
423 4369 494 4419 οὑ
519 4367 604 4435 μὴ
635 4367 846 4434 ἅψεται
875 4370 1056 4423 αὑτοῦ
1082 4373 1284 4423 κακόν.
1317 4372 1398 4424 Σὺ
1442 4372 1509 4424 66
1547 4375 1721 4442 γνῶθι

190 4450 455 4512 σεαυτὸν,
485 4452 539 4502 ει
565 4467 618 4503 τι
645 4452 923 4520 ἔπραξας.

254 4542 440 4613 Πρώτη
465 4545 598 4614 πρὸς
633 4546 851 4614 Ἐλιφάξ
873 4547 965 4599 τοῦ
1004 4549 1121 4600 Ἰὼϐ
1154 4551 1410 4614 ἀντίλεξις
1430 4555 1585 4620 ’περὶ
1605 4553 1717 4617 τοῦ,

187 4621 247 4672 El
277 4622 382 4688 γάρ
411 4642 498 4690 τις
537 4624 717 4678 ίστῶν
749 4629 969 4691 στήσαι
1000 4648 1113 4697 μου
1142 4632 1252 4697 thr
1288 4631 1491 4699 ὀργὴν,
1525 4634 1627 4697 τὰς
1655 4633 1721 4684 δὲ

192 4701 396 4767 ὀδύνας
423 4723 541 4772 μου
567 4706 699 4772 ἆραι
717 4709 785 4760 6r
804 4707 950 4776 ζυγῷ
978 4712 1366 4779 ὁμοθυμαδὸν,
1400 4713 1492 4764 καί
1513 4713 1587 4779 6h
1614 4713 1720 4781 ἆμ-

188 4799 292 4863 μου
329 4787 620 4850 παραλίας
647 4789 943 4856 ,ϐαρύτερα
965 4791 1152 4847 ἔσται.
1183 4794 1313 4861 Περ)⁵
1339 4792 1454 4856 τοῦ,
1484 4794 1578 4860 Μὴ
1613 4795 1719 4863 γὰρ

191 4861 454 4931 διακενῆς
486 4867 824 4932 κεκράξεται
851 4872 987 4936 ὄνος
1008 4873 1225 4939 ἄγριος,
1252 4876 1388 4927 ἀλλ’
1408 4875 1444 4940 ἢ
1469 4875 1539 4928 τὰ
1559 4861 1720 4928 σιτία

191 4942 393 5010 ὀρτῶν;
420 4947 489 4998 El
517 4946 584 4997 66
616 4949 710 5000 καὶ
727 4951 898 5018 ῥήξει
915 4954 1122 5021 φωνὴν
1147 4956 1339 5024 (βοῦς)
1369 4957 1462 5008 ἐπὶ
1493 4956 1719 5024 φάτνης

191 5025 333 5090 ἔχων
350 5027 420 5080 τὰ
436 5027 714 5096 βρώματα
733 5047 747 5094 ;
765 5032 858 5097 Μὴ
882 5033 1055 5101 ἰσχὺς
1073 5038 1252 5088 λίθων
1275 5039 1369 5089 καί
1398 5039 1569 5105 ἰσχύς
1579 5056 1720 5105 μου;

192 5110 243 5158 αι
272 5108 487 5174 σάρκες
509 5113 624 5178 μού
647 5113 775 5188 εισι
788 5113 1062 5180 χάλκεαι;
1089 5119 1227 5182 Ὀτι,
1264 5120 1488 5188 ’Ὠσπερ
1520 5137 1721 5187 πειρασ

193 5189 380 5255 τήριόν
407 5192 577 5245 ἐστιν
615 5195 647 5246 ὁ
685 5184 822 5259 ,θῶς
859 5196 1167 5262 ἀνθρώπου
1195 5201 1290 5252 ἐπὶ
1323 5201 1432 5267 τῆς
1451 5184 1589 5268 γῆς,
1614 5184 1717 5254 καὶ

192 5269 375 5340 ὥσπερ
408 5275 651 5343 μισθίου
675 5278 1063 5343 αὑθημερινοῦ
1092 5283 1128 5347 ἠ
1159 5281 1267 5349 ζωὴ
1297 5284 1498 5336 αὐτοῦ’
1526 5286 1625 5341 ὅτι,
1651 5285 1719 5337 El

193 5350 294 5418 ἐγὼ
308 5354 585 5423 ἥμαρτον,
609 5357 664 5408 τί
677 5357 1004 5425 δυνήσομαι
1028 5361 1243 5425 πρᾶξαι
1262 5380 1279 5424 ;
1300 5365 1435 5426 Ὅτι,
1456 5363 1720 5417 Ἐπιστά·

191 5448 356 5499 μενος
393 5438 499 5490 τὸν
534 5437 683 5490 νοῦν
725 5438 839 5490 τῶν
877 5438 1214 5507 ἀνθρώπων,
1265 5444 1419 5497 διατί
1460 5445 1598 5498 ἔθου
1647 5461 1718 5512 με

197 5518 615 5593 κατεντευκτήν
629 5534 648 5581 ;

257 5608 471 5663 Μετὰδὲ
515 5612 735 5679 Ἐλιφὰζ
755 5614 999 5684 δεύτερος
1016 5615 1292 5669 ὑπολαϐὼν
1316 5619 1514 5672 Βαλδὰδ
1538 5623 1564 5671 6
1586 5622 1718 5672 Σαυ-

197 5687 382 5760 ιεώτης
427 5693 572 5759 λέγει
610 5695 742 5762 πρὸς
798 5695 948 5748 Ἰὼϐ·
981 5696 1158 5763 Μέχρι
1203 5699 1360 5763 τίνος
1395 5701 1683 5768 λαλήσεις
1696 5717 1716 5762 ;

1839 698 2075 761 παρέξει
2114 700 2178 749 τὸ
2209 698 2471 762 δι’καιον;
2506 702 2636 768 Περὶ
2662 703 2774 763 τοῦ,
2807 703 3032 770 ’Ὠσπερ
3065 706 3134 755 οὐ
3174 704 3378 756 θάλλει

1838 777 2108 844 πάπυρος
2135 779 2276 831 ἄνευ
2303 780 2533 842 ὕδατος,
2566 782 2601 846 ἢ
2629 783 2881 848 ὑψοῦται
2909 783 3205 848 ,βούτομος
3231 783 3376 836 ἀνευ

1837 860 2017 910 πότου
2035 875 2048 889 ·
2077 861 2161 912 ἔτι
2189 861 2295 924 γὰρ
2321 858 2402 910 ὢν
2425 861 2520 911 ἐπὶ
2545 861 2731 926 ῥίζαν,
2765 865 2834 915 οὺ
2858 863 2940 929 μὴ
2966 862 3226 928 θερισθῇ.
3258 863 3375 930 Πρὸ

1836 937 1941 989 τοῦ
1973 939 2081 1005 γὰρ
2115 939 2323 991 πεσεῖν
2365 938 2566 992 πᾶσαν
2606 942 2875 1008 ,βοτάνην
2908 943 3334 1008 ξηρανθήσεται
3357 959 3370 972 ⁸

1836 1018 2022 1082 οὕτως
2057 1019 2222 1070 ἔσται
2253 1021 2323 1071 τὰ
2354 1020 2579 1087 ἔσχατα
2617 1022 2809 1074 πάντα
2845 1024 2960 1074 τῶν
2991 1025 3373 1077 ἐπιλανθανο-

1829 1098 2025 1164 μένων
2060 1101 2163 1152 τοῦ
2192 1101 2355 1154 Θεοῦ.

1903 1190 2096 1260 Πρώτη
2122 1192 2211 1244 τοῦ
2257 1193 2371 1244 Ἰὼϐ
2401 1195 2532 1264 πρὸς
2561 1197 2760 1248 Βαλδὰδ
2794 1197 3080 1260 ἁντίλεξις·
3107 1200 3207 1260 ὅτι,
3250 1201 3371 1251 Ἐπ’

1832 1270 2110 1336 ἀληθείας
2137 1274 2282 1338 οῖδα,
2308 1275 2393 1326 ὅτι
2422 1278 2604 1341 οὕτως
2628 1279 2760 1328 ἐστί
2773 1296 2784 1308 σ
2818 1278 2940 1344 πῶς
2962 1281 3066 1346 γὰρ
3090 1279 3254 1332 ἔσται
3282 1281 3370 1331 δί-

1832 1366 1993 1414 καιος
2025 1350 2255 1422 [βροτὸς]
2287 1357 2442 1420 παρὰ
2470 1359 2698 1425 Κυρίῳ;
2731 1360 2863 1426 Περὶ
2883 1360 2995 1423 τοῦ,
3031 1361 3082 1410 '0
3110 1363 3370 1424 τανύσας

1831 1431 1935 1481 τὸν
1959 1434 2212 1497 οὐρανὸν
2230 1438 2429 1500 μόνος,
2461 1438 2556 1488 καὶ
2585 1439 2915 1504 περιπατῶν
2934 1439 3031 1490 ἐπὶ
3059 1441 3370 1505 θαλάσσης

1830 1510 1907 1573 ὡς
1925 1512 2013 1562 ἐπ’
2029 1512 2303 1579 ἐδάφους,
2333 1517 2516 1568 ποιῶν
2538 1519 2790 1570 Πλειάδα
2821 1518 2917 1570 καὶ
2935 1520 3240 1585 Ἕσπερον.
3279 1522 3370 1584 Τίς

1828 1593 2103 1660 κρίματος
2133 1596 2276 1647 Θεοῦ
2309 1598 2764 1663 ἀντιστήσεται;
2800 1598 2933 1651 Ἐάν
2971 1617 3032 1651 τε
3065 1601 3170 1666 γὰρ
3201 1596 3246 1652 ὦ
3285 1600 3370 1651 δί-

1828 1690 2009 1738 καιος,
2039 1676 2104 1727 τὸ
2123 1679 2310 1744 στόμα
2325 1695 2440 1745 μου
2459 1681 2762 1745 ἀσεϐήσει’
2786 1681 2897 1733 κάν
2913 1698 2973 1734 τε
2990 1677 3035 1734 ὦ
3054 1681 3366 1748 ἄμεμπτος,

1827 1759 2069 1821 σκολιὸς
2098 1759 2485 1827 ἀποϐήσομαι.
2519 1762 2652 1830 Περὶ
2677 1761 2767 1813 τοῦ
2786 1780 2798 1791 '
2835 1763 2894 1812 '0
2911 1763 3050 1826 ,ϐίος
3071 1763 3186 1829 μού
3205 1763 3369 1814 ἐστιν

1825 1836 2214 1902 ἐλαφρότερος
2246 1839 2518 1907 δρομέως.
2553 1844 2619 1893 El
2661 1842 2755 1893 καὶ
2783 1843 2909 1894 ἐστὶ
2955 1844 3172 1894 ναυσὶν
3201 1844 3368 1908 ῑχνος

1826 1917 1988 1978 ὀδοῦ,
2023 1919 2060 1983 ἣ
2088 1920 2262 1972 ἀετοῦ
2287 1921 2609 1987 πετομένου
2629 1921 2937 1987 ζητοῦντος
2951 1923 3141 1988 ,βοράν
3164 1940 3181 1985 ;
3208 1924 3368 1986 Μνή-

1826 2000 2018 2062 σθητι,
2035 1998 2120 2050 ὅτι
2151 2003 2347 2066 πηλόν
2361 2019 2436 2068 με
2456 2002 2746 2067 ἔπλασας,
2767 2006 2850 2068 είς
2875 2004 2941 2056 66
2962 2005 3076 2071 γῆν
3090 2022 3165 2072 με
3187 2005 3367 2057 πάλιν

1824 2077 2232 2147 ἀποστρέφεις.
2269 2082 2337 2134 Ἢ
2355 2085 2424 2134 οὐ
2429 2101 2464 2148 χ
2485 2082 2683 2150 ὥσπερ
2711 2086 2862 2152 γάλα
2877 2103 2951 2152 με
2971 2086 3249 2154 ἥμελξας,
3274 2087 3367 2140 καὶ

1822 2161 1888 2211 τὰ
1935 2159 2076 2228 ἑξῆς.
2119 2162 2338 2228 Ὠσπερ
2371 2164 2650 2230 ἐγινόμην
2683 2168 2790 2218 οὐκ
2828 2167 2928 2218 ὧν.
2957 2169 3115 2220 Διατί
3162 2168 3228 2220 ἐκ
3266 2184 3367 2235 γα-

1823 2240 2001 2304 στρὸς
2030 2244 2116 2305 εις
2136 2243 2340 2310 μνῆμα
2366 2246 2472 2296 οὐκ
2504 2245 2896 2312 ἀπηλλάγην;
2928 2249 3005 2300 ὅτι
3033 2246 3172 2318 [sic].

1893 2339 2046 2391 Μετὰ
2092 2340 2312 2408 Ἐλιφὰς
2337 2343 2559 2405 Βαλδὰδ,
2590 2345 2722 2412 μετὰ
2753 2345 2953 2398 Βαλδὰδ
2975 2347 3168 2417 Σωφὰρ
3193 2349 3220 2399 6
3248 2348 3367 2416 Μη-

1822 2423 1966 2482 ναῖος
2004 2423 2139 2474 κατὰ
2169 2423 2264 2492 τὴν
2298 2425 2497 2477 οίκείαν
2545 2427 2710 2490 τάξιν,
2761 2428 2890 2480 ὥσθ’
2919 2430 3141 2480 ἕκαστον
3185 2429 3363 2480 αὐτῶν

1823 2501 2131 2568 περιμένειν
2153 2502 2219 2554 τὰ
2247 2506 2523 2574 κρείττονα
2547 2507 2722 2574 λέγειν
2747 2509 2880 2578 πρὸς
2905 2510 2993 2562 τὸν
3025 2509 3162 2562 Ἰώϐ.
3206 2511 3264 2561 Ὀ
3293 2509 3362 2561 τὰ

1821 2581 2016 2633 πολλά
2053 2582 2262 2650 λέγων,
2300 2585 2396 2636 καὶ
2441 2587 2888 2642 ἀντακούσεται.
2939 2592 3066 2659 Περὶ
3100 2589 3192 2641 τοῦ
3218 2607 3230 2620 ·
3282 2593 3362 2642 ὃτι

1834 2662 2192 2730 Ἀναλάμψει
2211 2681 2323 2719 σου
2356 2667 2421 2718 τὸ
2445 2669 2763 2730 πρόσωπον
2784 2670 2980 2738 ὥσπερ
3008 2671 3156 2738 ὕδωρ
3189 2674 3364 2723 καθα-

1813 2747 1945 2808 ρόν.
2005 2745 2260 2812 Ἐκδύσῃ
2305 2747 2371 2799 66
2402 2749 2616 2815 ῥύπον,
2659 2752 2754 2803 καὶ
2788 2755 2857 2805 οὺ
2886 2753 3193 2820 φοϐηθήσῃ
3215 2792 3228 2813 ,
3264 2753 3359 2805 καὶ

1821 2823 1926 2874 τὸν
1954 2827 2140 2878 κόπον
2153 2826 2411 2894 ἐπιλήσῃ
2425 2827 2622 2898 ὥσπερ
2644 2832 2799 2900 κῦμα
2824 2836 3136 2900 παρελθόν.
3167 2835 3238 2886 Ἠ

1821 2909 1967 2975 εὐχή
2001 2921 2115 2961 σου
2143 2911 2221 2974 ὡς
2251 2911 2397 2982 [569]
2424 2913 2739 2983 ἑωσφόρος.

1892 3002 2083 3072 Πρώτη
2107 3003 2197 3055 τοῦ
2233 3004 2348 3056 Ἰὼϐ
2382 3006 2512 3074 πρὸς
2530 3009 2721 3077 Σωφὰρ
2742 3009 3018 3074 ἀντίλεξιςο
3048 3013 3148 3075 ὅτι,
3182 3013 3362 3080 Ὑμεῖς

1815 3085 1984 3151 μόνοι
2012 3084 2149 3135 ἐστὲ
2171 3086 2480 3150 ἅνθρωποι,
2510 3088 2545 3152 ἢ
2564 3092 2692 3154 μεθ’
2719 3089 2883 3157 ὑμῶν
2898 3094 3238 3158 τελευτήσει
3260 3111 3362 3146 σο-

1820 3163 1960 3229 Scia;
1988 3165 2165 3231 Κάμοὶ
2188 3165 2302 3230 μὲν
2327 3166 2535 3232 καρδία
2561 3168 2686 3221 καθ’
2711 3169 2862 3236 ὑμᾶς
2893 3173 3076 3224 ἔσται.
3103 3173 3359 3240 Περὶτοῦ,

1827 3246 1919 3310 Τίς
1963 3248 2070 3298 οὐκ
2097 3245 2246 3312 ἔγνω
2285 3248 2352 3297 ἐν
2384 3247 2530 3300 πᾶσι
2575 3251 2824 3314 τούτοις,
2860 3252 2946 3303 ὅτι
2981 3255 3106 3320 χείρ
3146 3255 3362 3321 Κυρίου

1820 3328 2067 3394 ἐποίησε
2089 3328 2305 3392 ταῦτα;
2328 3330 2451 3381 Ὅτι
2477 3331 2545 3382 6r
2571 3330 2643 3397 τῇ
2663 3334 2808 3399 χειρί
2834 3334 3012 3387 αὐτοῦ
3028 3335 3194 3402 ψυχὴ
3216 3335 3361 3387 πάν-

1823 3424 1938 3459 των
1968 3407 2083 3460 τῶν
2111 3408 2352 3470 ζώντων,
2395 3412 2490 3462 καί
2533 3412 2760 3480 πνεῦμα
2792 3415 3010 3479 παντὸς
3032 3416 3357 3483 ἀνθρώπου.

1835 3493 1985 3554 Ἐὰν,
2029 3493 2179 3559 φησὶ,
2212 3493 2276 3543 τὸ
2306 3493 2457 3560 ὕδωρ
2488 3497 2750 3562 κωλύσῃ,
2802 3498 3047 3564 ξηρανεῒ
3069 3498 3180 3552 τὴν
3211 3499 3326 3565 γῆν
3345 3517 3358 3529 -

1820 3575 1925 3626 ἐὰν
1949 3574 2016 3625 66
2055 3574 2252 3641 ἐπαφῇ
2275 3615 2289 3640 ,
2339 3576 2649 3629 ἀπώλεσεν
2689 3578 2880 3644 αὐτὴν
2930 3579 3355 3645 καταστρέψας.

1823 3655 1956 3723 Περὶ
1983 3654 2099 3716 τοῦ,
2141 3657 2230 3719 Τίς
2277 3656 2530 3721 καθαρὸς
2571 3657 2737 3710 ἔσται
2785 3659 2900 3712 ἀπὸ
2938 3661 3157 3725 ῥύπου;
3211 3661 3360 3712 Ἀλλ’

1821 3737 2032 3800 οὐθείς,
2066 3736 2172 3787 ἐὰν
2200 3734 2312 3788 κᾶν
2344 3737 2445 3803 μία
2480 3737 2667 3804 ήμέρα
2691 3742 2723 3791 ό
2760 3741 2897 3804 ,ϐίος
2921 3739 3103 3793 αὑτοῦ
3126 3740 3222 3793 ἐπὶ
3253 3739 3361 3806 τῆς

1821 3817 1950 3884 γῆς.
1983 3818 2108 3879 Καὶ,
2141 3817 2365 3883 Δένδρῳ
2393 3818 2561 3870 ἐστὶν
2588 3821 2760 3884 ἐλπίς
2783 3836 2797 3850 °
2826 3821 2933 3872 ἐὰν
2957 3821 3072 3887 μὲν
3109 3821 3356 3887 ἐκκοπῇ,

1821 3900 1916 3950 καὶ
1947 3899 2128 3950 πάλιν
2151 3899 2417 3962 ἀνθήσει,
2447 3900 2540 3950 καί
2564 3904 2595 3953 ό
2626 3901 2927 3969 ρἀαμνος
2953 3902 3136 3955 αὐτοῦ
3174 3905 3244 3956 οὐ
3273 3903 3358 3970 μὴ

1819 3980 2055 4044 ἐκλίπῃ.
2100 3980 2274 4044 Ἀνὴρ
2319 3979 2384 4031 δὲ
2428 3983 2790 4046 τελευτήσας
2816 3982 3028 4050 ᾧχετο’
3058 3985 3260 4035 πεσὼν
3293 3984 3361 4035 66

1813 4059 2050 4125 βροτὸς,
2083 4061 2276 4112 οὐκέτι
2306 4060 2414 4112 ἔνι.

1889 4153 2121 4222 Δευτέρα
2147 4153 2284 4223 ἀρχὴ
2315 4154 2491 4206 πάλιν.
2532 4153 2750 4221 Ἐλιφὰζ
2776 4155 2907 4224 πρὸς
2943 4154 3086 4208 Ἰώϐο
3119 4157 3217 4218 ὅτι,
3245 4161 3358 4210 Πό-

1822 4251 1989 4300 τερον
2014 4235 2203 4302 σοφὸς
2231 4235 2549 4302 ἀπόκρισιν
2572 4235 2745 4288 δώσει
2772 4235 3070 4303 συνέσεως
3096 4240 3358 4306 πνεῦμαξ

1834 4316 2094 4379 Ἑλέγξαι
2121 4333 2192 4369 σε
2223 4318 2330 4384 γὰρ
2361 4317 2426 4371 τὸ
2459 4320 2648 4385 στόμα
2680 4333 2813 4380 σου,
2839 4320 2934 4372 καὶ
2955 4318 3040 4386 μὴ
3065 4319 3195 4388 ἐγώ.
3225 4323 3358 4390 Περὶ

1819 4396 1931 4453 τοῦ.
1968 4399 2053 4460 Τίς
2081 4398 2186 4463 γὰρ
2214 4395 2298 4449 ὢν
2318 4398 2554 4463 βροτὸς,
2585 4399 2749 4452 ἕσται
2783 4398 3106 4468 ἄμεμπτος;
3129 4402 3164 4467 ἢ
3191 4403 3356 4454 ἔσται

1821 4475 2046 4540 δίκαιος
2073 4477 2359 4544 γεννητὸς
2377 4481 2654 4546 γυναικός
2673 4495 2690 4541 ἱ

1889 4571 2119 4640 Δευτέρα
2170 4570 2429 4635 ἀντίλεξις
2489 4570 2604 4624 Ἰὼϐ
2648 4572 2782 4643 πρὸς
2835 4571 3070 4640 Ἐλιφάζ.
3116 4574 3358 4638 Ἀκήκοα

1821 4651 1927 4717 γὰρ
1972 4650 2210 4701 τοιαῦτα
2257 4651 2468 4703 πολλά.
2520 4653 2967 4719 Παρακλήτορες
3004 4654 3110 4722 γὰρ
3161 4655 3359 4708 κακῶν

1820 4730 2052 4793 πάντες.
2096 4732 2236 4784 Ἰδοὺ
2264 4733 2331 4784 6r
2352 4733 2622 4798 οὐρανοῖς
2648 4738 2679 4786 ό
2693 4735 2918 4801 μάρτυς
2935 4753 3074 4802 μου·
3105 4740 3136 4788 ό
3153 4736 3221 4788 66
3245 4755 3354 4791 συ-

1818 4813 2034 4877 νίστωρ
2069 4829 2185 4878 μου
2228 4812 2296 4863 ἐν
2340 4815 2637 4880 ὑψίστοις.
2675 4817 2781 4880 Είη
2808 4815 2874 4867 66
2917 4817 3162 4882 ἐλεγχος
3189 4818 3355 4884 ἀνδρὶ

1819 4893 2093 4946 ἐναντίον
2117 4895 2352 4959 Κυρίου.
2379 4895 2511 4964 Περὶ
2533 4895 2645 4956 τοῦ,
2673 4896 2786 4961 Τὴν
2815 4897 2997 4948 νύκτα
3021 4900 3105 4960 είς
3133 4899 3357 4965 ἡμέραν

1820 4975 2054 5028 τέθεικε.
2094 4975 2231 5027 Ἐὰν
2275 4975 2379 5042 γὰρ
2420 4978 2732 5044 ὑπομείνω,
2768 4977 2914 5042 ᾅδης
2950 4995 3065 5044 μου
3104 4983 3135 5032 ό
3171 4976 3352 5044 οἶκος.

1824 5057 2084 5107 Θάνατον
2099 5058 2206 5122 γὰρ
2228 5056 2558 5108 ἐπεκάλεσα
2579 5057 2797 5123 πατέρα
2813 5077 2928 5126 μου
2953 5056 3118 5118 εἶναι,
3137 5062 3358 5130 μητέρα

1820 5136 1885 5187 66
1906 5135 2288 5202 καὶάδελφήν
2310 5153 2425 5203 μου
2458 5139 2734 5203 σαπρίαν.

1889 5231 2140 5299 Δεύτερος
2175 5231 2230 5281 δὲ
2271 5230 2424 5283 πάλιν
2464 5231 2743 5283 ὑπολαϐὼν
2780 5233 2996 5297 Βαλδὲιδ,
3045 5235 3188 5302 λέγει
3222 5239 3353 5305 πρὸς

1832 5311 1948 5362 Ἰώϐ
1965 5325 1976 5338 ο
2011 5310 2192 5377 Μέχρι
2221 5312 2380 5374 τίνος
2399 5312 2467 5363 οὐ
2488 5312 2692 5377 παύσῃ
2714 5328 2731 5374 ;
2757 5313 2819 5364 τί
2844 5314 2968 5380 γὰρ,
2990 5315 3094 5365 ἐὰν
3113 5315 3192 5368 σὺ
3213 5317 3352 5368 ἀπο-

1821 5393 2026 5456 θάνῃς.
2051 5393 2326 5455 ἀοίκητος
2346 5391 2381 5455 ἡ
2413 5391 2512 5444 ὑπ’
2543 5394 2819 5458 οὐρανόν;
2834 5395 3063 5461 Δευτέρα
3089 5394 3202 5446 Ἰὼϐ
3224 5397 3354 5464 πρὸς

1821 5472 2020 5525 Βαλδάδ
2037 5485 2049 5498 ’
2087 5473 2227 5534 Ἕως
2252 5471 2410 5535 τίνος
2438 5472 2692 5538 ἕγκοπον
2716 5473 2990 5538 ποιήσετε
3012 5475 3123 5540 τὴν
3149 5477 3354 5542 ψυχήν

1813 5571 1950 5619 μου,
1992 5551 2086 5602 καὶ
2119 5551 2440 5616 καθαιρεῖτὲ
2472 5569 2547 5618 με
2584 5553 2923 5620 λογισμοῖς;
2969 5557 3354 5610 καταλαλεῖτέ

1816 5651 1930 5701 μου
1957 5635 2064 5685 οὐκ
2095 5634 2546 5698 αἰσχυνόμενοις
2574 5635 2704 5702 Περὶ
2731 5633 2844 5695 τοῦ,
2881 5633 2995 5701 Thr
3034 5636 3218 5699 δόξαν
3236 5654 3352 5704 μου

1821 5716 1887 5776 ἐξ
1907 5715 2047 5782 ἐμοῦ
2077 5713 2282 5778 ἐξεῖλε,
2319 5715 2522 5782 ἀφεῖλε
2551 5715 2616 5767 δὲ
2635 5714 2929 5782 στέφανον
2945 5718 3060 5771 ἀπὸ
3090 5719 3351 5788 κεφαλῆς
