4096 6494
264 428 375 484 3ϋό

244 537 470 576 uxorem
509 536 682 577 meam
705 560 720 586 ,
765 530 819 574 et
859 534 960 574 non
999 521 1220 574 attendit
1252 537 1265 573 :
1296 520 1602 574 iuvocabam
1630 529 1803 573 autem

246 612 389 666 ﬁlios
408 611 820 666 concubinarum
845 625 1100 674 mearum,
1128 610 1199 662 illi
1222 626 1345 664 vero
1369 626 1452 664 me
1484 612 1533 663 in
1556 612 1805 663 sarculum

245 703 475 755 aversati
505 710 645 754 sunt.
676 701 989 753 Miseremini
1022 702 1153 760 mei,
1182 701 1530 763 miseremini,
1559 715 1591 752 o
1631 701 1803 753 amici.

241 795 422 857 Quare
465 808 549 847 me
586 794 956 861 persequimini
983 835 997 857 ,
1034 795 1167 846 sicut
1198 793 1484 854 Dominus?
1512 792 1637 856 Quis
1664 791 1803 844 enim

244 882 339 935 det
382 893 435 935 ut
477 884 772 937 scribantur
812 885 967 937 verba
1012 883 1169 936 mea?
1212 884 1254 936 A
1289 884 1509 935 Domino
1535 880 1661 934 mihi
1696 881 1807 932 ha‘c

243 983 608 1027 consummata
653 984 792 1027 sunt.
829 974 1023 1028 Oculus
1062 977 1199 1028 enim
1242 987 1389 1025 meus
1413 972 1579 1033 vidit,
1618 979 1669 1023 ct
1702 984 1803 1022 non

245 1063 403 1113 alios.
450 1061 697 1114 Radiccm
738 1062 994 1114 Sermonis
1036 1062 1360 1114 inveniemus
1397 1061 1446 1111 in
1484 1074 1590 1111 eo:
1624 1067 1803 1110 cavete

243 1152 409 1203 etiam
440 1166 531 1203 vos
560 1168 586 1203 a
616 1153 841 1218 tegmine
874 1170 890 1201 ι
920 1150 1065 1221 (Cap.
1096 1151 1181 1205 19.
1212 1168 1258 1204 υ.
1283 1151 1333 1204 9.
1373 1151 1452 1203 10.
1484 1150 1566 1201 15.
1600 1148 1804 1202 14.16-

246 1239 335 1293 18.
364 1239 541 1293 21-23.
576 1239 785 1307 26-29).

319 1327 559 1380 Scenndo
621 1340 801 1379 rursus
860 1327 1125 1394 excipiens
1185 1327 1388 1395 Sophar
1447 1326 1580 1379 .loho
1637 1326 1802 1378 dicit:

252 1434 272 1465 ε
305 1416 416 1468 Νοη
459 1416 533 1469 sic
583 1416 823 1483 putabam
872 1425 921 1469 te
968 1425 1148 1469 contra
1194 1432 1584 1485 responsurum.
1621 1435 1639 1466 ι
1674 1415 1805 1469 Hinc

244 1506 376 1559 illud
420 1520 433 1559 :
480 1524 497 1555 ι
556 1506 753 1559 Lmtitia
812 1507 1087 1575 impiorum
1148 1508 1293 1559 ruina
1354 1506 1570 1574 insignis
1615 1522 1629 1557 :
1675 1520 1804 1573 gau-

244 1595 392 1647 diuzu
424 1610 548 1647 vero
584 1595 879 1663 iniquorum
912 1604 991 1647 est
1022 1596 1261 1662 perditio.
1307 1595 1435 1647 Cum
1464 1603 1635 1646 autem
1666 1594 1804 1646 visus

243 1684 405 1737 fuerit
429 1686 533 1751 jam
564 1684 800 1737 firmatus
826 1699 958 1747 esse,
984 1693 1105 1737 tunc
1131 1686 1179 1735 in
1206 1684 1360 1737 finem
1387 1684 1594 1750 peribit.
1628 1702 1645 1733 ι
1673 1682 1803 1734 Illud

241 1774 403 1825 etiam
436 1791 448 1825 :
481 1790 499 1821 ς
534 1772 661 1825 Ossa
692 1772 805 1838 ejus
848 1772 1055 1839 impleta
1097 1781 1218 1824 sunt
1257 1772 1528 1839 juventute
1566 1770 1700 1837 ejus.
1746 1770 1799 1823 Si

240 1861 502 1913 dulcuerit
554 1860 605 1912 in
657 1876 747 1911 ore
789 1860 901 1926 ejus
955 1860 1288 1926 malignitas,
1340 1858 1631 1911 abscondet
1683 1872 1797 1909 eam

240 1950 345 2001 sub
376 1949 547 2016 lingua
576 1964 687 1999 sua.
738 1947 883 1999 Sicut
914 1948 978 2000 fel
1007 1948 1201 2016 aspidis
1242 1950 1289 1999 in
1320 1957 1503 2001 ventre
1545 1947 1655 2014 ejus
1681 1988 1693 2009 ,
1726 1946 1801 1999 sic

243 2039 445 2091 divitia:
493 2039 668 2107 inique
712 2046 1039 2106 congregatae
1080 2047 1408 2091 evomentur.
1451 2037 1504 2088 ln
1535 2053 1723 2089 vanum
1751 2045 1804 2089 et

240 2128 438 2181 frustra
470 2128 739 2190 laboravit,
766 2127 1015 2196 colligens
1040 2128 1248 2180 divitias
1272 2143 1333 2180 ex
1365 2128 1552 2194 quibus
1580 2143 1679 2179 non
1708 2142 1803 2195 gu-

240 2219 419 2271 stabit.
458 2217 732 2271 Multorum
762 2218 898 2271 enim
930 2218 1291 2286 impotentium
1322 2218 1505 2270 domos
1532 2220 1796 2270 contrivit.

243 2306 498 2359 Vulneret
527 2322 644 2359 eum
672 2322 826 2360 arcus
851 2321 1038 2370 aereus,
1068 2317 1121 2360 et
1148 2318 1471 2375 pertranseat
1500 2324 1591 2375 per
1613 2322 1800 2375 Corpus

238 2397 357 2463 ejus
378 2396 628 2463 jaculum.
658 2398 811 2449 Astra
834 2406 1007 2449 autem
1033 2397 1082 2449 in
1110 2397 1453 2449 tabernaculis
1474 2398 1587 2463 ejus
1608 2398 1758 2449 ambu
1775 2427 1792 2437 -

240 2486 444 2538 labunt.
482 2486 600 2538 llare
630 2505 646 2536 ι
668 2486 805 2539 enim
834 2504 850 2535 ι
880 2497 955 2538 est
983 2487 1159 2555 portio
1183 2486 1277 2538 viri
1307 2486 1446 2553 impii
1472 2502 1496 2536 a
1524 2488 1746 2538 Domino
1774 2504 1791 2535 ι

237 2573 1793 2644 (Cap.20.v.2.5.7.11.12.14.15.18.19.25.25.29).

312 2665 552 2719 Secunda
610 2668 883 2734 resp0usio
923 2666 1039 2718 Jobi
1096 2666 1159 2719 ad
1206 2666 1410 2733 Snphar
1458 2684 1469 2717 :
1522 2686 1541 2716 ι
1580 2667 1792 2728 Audite,

238 2756 419 2808 audite
446 2756 600 2808 verba
631 2771 766 2813 mea,
797 2765 851 2808 ut
877 2757 945 2807 sit
976 2756 1099 2808 mihi
1127 2757 1417 2808 consolatio
1445 2771 1546 2807 non
1568 2772 1593 2807 a
1624 2756 1793 2808 vobis.

242 2844 382 2909 Quid
436 2844 900 2911 enithumquid
938 2860 1055 2897 cum
1116 2846 1327 2899 homine
1379 2855 1460 2899 est
1502 2847 1798 2913 redargutio

239 2937 401 2989 mea?
425 2934 596 3001 Quare
628 2934 770 3002 impii
794 2936 991 2998 vivunt,
1022 2947 1409 3004 senueruutque
1451 2937 1500 2988 in
1529 2937 1723 2989 divitiis
1746 2947 1798 2990 et

241 3027 634 3095 prosperitate?
670 3026 823 3080 Salva
868 3027 1033 3078 evasit
1084 3042 1358 3094 prmgnans
1412 3027 1547 3093 apud
1600 3027 1731 3079 illos.
1774 3045 1791 3077 ι

237 3114 339 3168 Ubi
362 3132 381 3163 ι
412 3115 546 3168 Dicit
576 3134 591 3163 ι
614 3115 800 3180 impius
823 3132 841 3164 ε
876 3116 1122 3167 Domino:
1146 3116 1353 3168 Recede
1373 3131 1401 3167 a
1420 3131 1523 3167 me.
1555 3117 1659 3167 vias
1685 3125 1797 3166 tuas

237 3206 379 3258 scire
410 3205 549 3257 nolo.
600 3204 727 3269 Quis
778 3213 857 3257 est
898 3205 984 3257 ille
1029 3215 1231 3271 petens,
1260 3207 1377 3273 quia
1399 3205 1686 3259 serviemus
1707 3205 1797 3258 ei?

237 3295 429 3347 Annon
464 3294 711 3346 Dominus
742 3302 843 3357 ost,
874 3294 960 3362 qui
1005 3294 1159 3346 docet
1190 3295 1508 3347 intellectum
1540 3304 1594 3347 et
1623 3295 1794 3347 scien-

244 3386 421 3438 tiam?
453 3385 565 3453 Ipse
589 3401 713 3439 vero
772 3386 982 3438 labores
1016 3384 1286 3450 dijudical.
1336 3385 1511 3453 Itaque
1554 3386 1663 3437 scio
1704 3400 1797 3439 vos

238 3476 490 3529 audacter
520 3478 643 3528 milii
674 3477 933 3529 insistere.
978 3494 995 3527 ι
1030 3476 1153 3529 Item
1178 3475 1300 3528 illud
1322 3514 1336 3538 ,
1386 3494 1403 3525 ι
1445 3475 1542 3529 Ubi
1592 3484 1671 3528 est
1699 3474 1795 3527 d0-

239 3582 361 3621 mus
388 3567 711 3634 principum?
738 3566 792 3619 In
821 3567 958 3619 diem
990 3567 1295 3634 perditionis
1318 3568 1616 3619 sublevatur
1642 3567 1794 3618 mali-

237 3673 376 3727 gnus
405 3675 418 3709 :
445 3665 497 3710 et
528 3666 641 3724 post
671 3659 812 3710 illum
843 3658 1011 3711 omnis
1034 3657 1189 3711 homo
1219 3657 1383 3710 abibit
1414 3676 1430 3707 ›
1461 3657 1605 3725 (Cap.
1629 3656 1714 3709 21.
1748 3673 1793 3708 υ.

236 3748 293 3799 2.
330 3748 379 3799 4.
413 3747 464 3798 7.
502 3746 584 3797 10.
619 3746 701 3798 16.
729 3747 811 3798 15.
834 3745 923 3796 22.
952 3746 1038 3797 27.
1066 3747 1153 3799 28.
1178 3747 1263 3799 50.
1298 3745 1406 3815 55).

314 3836 491 3889 Tertio
512 3837 695 3889 iterum
714 3836 986 3902 excipiens
1004 3836 1217 3902 Eliphaz
1242 3837 1311 3887 ait
1341 3853 1352 3886 :
1383 3853 1399 3883 ε
1425 3835 1609 3887 Nonne
1634 3835 1799 3885 Domi-

240 3942 341 3980 nus
363 3937 459 3988 est,
482 3929 567 3995 qui
590 3926 741 3979 docet
767 3927 1083 3978 intellectum
1100 3936 1151 3979 et
1173 3926 1479 3978 scientiam?
1500 3926 1632 3989 Quid
1656 3928 1795 3977 enim

235 4026 390 4069 eurat
412 4015 659 4066 Dominus
681 4016 721 4067 si
750 4024 802 4066 tu
831 4014 965 4066 fuisti
987 4015 1036 4066 in
1054 4014 1298 4082 operibus
1319 4012 1625 4079 inculpatis?
1657 4031 1674 4063 ι
1704 4014 1797 4065 llic

236 4105 377 4159 Jobo
396 4106 520 4157 dicit
549 4105 763 4169 Eliphaz
795 4122 806 4155 :
838 4123 855 4154 ι
894 4104 1084 4157 Viduas
1105 4105 1343 4156 dimisisti
1377 4118 1597 4161 vacuas.
1629 4104 1797 4169 pupil-

239 4198 323 4250 los
360 4206 531 4249 autem
581 4196 831 4249 afflixisti.
888 4197 948 4248 Et
996 4196 1169 4249 dixisti
1202 4195 1371 4258 :Quid
1424 4195 1567 4246 novit
1612 4194 1797 4246 fortis?

237 4285 340 4349 Qui
367 4285 563 4346 dicunt,
588 4285 719 4351 Quid
750 4286 901 4338 faciet
930 4285 1079 4338 nobis
1110 4286 1391 4337 Dominus?
1416 4294 1467 4337 et
1498 4284 1619 4352 quid
1644 4284 1797 4336 indu-

238 4384 329 4430 cet
376 4375 527 4428 nobis
566 4375 949 4443 Omnipotens?
988 4394 1006 4425 ι
1073 4374 1200 4428 Item
1238 4374 1365 4428 illud
1397 4392 1411 4429 :
1452 4393 1469 4425 ι
1507 4375 1700 4427 Purum
1748 4384 1797 4427 te

238 4466 429 4519 reddet
464 4466 710 4518 Dominus
749 4467 883 4518 sicut
917 4476 1187 4534 argentum
1219 4468 1337 4536 igne
1363 4467 1655 4534 probatum.
1687 4466 1794 4519 Re—

238 4556 391 4624 spice
420 4556 468 4607 in
490 4556 671 4607 caelum
712 4554 968 4608 hilariter.
1013 4558 1142 4610 Cum
1175 4564 1415 4623 precatus
1441 4566 1613 4609 autem
1638 4556 1795 4608 fueris

238 4659 385 4702 eum,
422 4644 659 4696 exaudiet
692 4652 1206 4709 te,etservaberisin
1236 4645 1486 4698 munditia
1537 4659 1786 4697 manuum

242 4746 447 4787 tuarum
485 4750 504 4782 ι
544 4732 689 4801 (Cap.
717 4732 803 4786 22.
832 4750 877 4785 υ.
905 4734 956 4786 2.
991 4735 1043 4787 5.
1074 4736 1127 4787 9.
1154 4734 1238 4788 15.
1264 4734 1349 4786 17.
1378 4733 1567 4789 25-27.
1594 4734 1706 4801 50).

314 4822 486 4875 Tertia
538 4821 651 4873 Johi
702 4824 765 4875 ad
822 4824 1036 4891 Eliphaz
1081 4824 1393 4891 responsio:
1425 4841 1443 4873 ι
1477 4823 1542 4875 Ει
1583 4822 1795 4890 quidem

239 4912 375 4972 scio,
400 4910 515 4977 quia
543 4911 873 4980 eleemosyna
898 4912 963 4965 de
993 4927 1147 4964 manu
1198 4926 1312 4963 mea
1356 4920 1435 4964 est
1465 4930 1475 4963 :
1513 4920 1565 4964 et
1609 4926 1795 4964 manus

239 5001 359 5068 ejus
384 4999 552 5066 gravis
580 4998 708 5051 facta
737 5010 815 5051 est
840 5015 996 5067 super
1014 5002 1261 5070 gemitum
1288 5016 1483 5055 meum.
1502 4999 1554 5055 Si
1582 5002 1631 5053 in
1664 5001 1798 5053 mul-

241 5100 294 5144 ta
330 5090 515 5142 virtute
548 5090 914 5157 superveniant
942 5092 1066 5141 mihi
1090 5092 1318 5144 tenebrae
1347 5110 1363 5141 ι
1389 5090 1534 5158 (Cap.
1562 5090 1646 5143 25.
1668 5105 1713 5141 υ.
1738 5090 1791 5141 2.

241 5181 437 5249 6.17)!
475 5200 492 5231 ι
519 5180 663 5247 lmpii
714 5180 993 5233 terminum
1035 5182 1340 5250 transgressi
1388 5190 1598 5245 sunt,et
1628 5186 1794 5233 nudos

240 5273 437 5328 multos
462 5272 691 5327 dormire
714 5271 945 5324 fecerunt
980 5271 1094 5325 sine
1120 5272 1467 5325 vestimentis.
1494 5273 1793 5338 Appareant

239 5367 435 5436 planta:
475 5380 657 5417 eorum
698 5362 763 5416 de
798 5373 933 5416 terra
961 5363 1119 5415 aridie
1146 5384 1158 5417 :
1185 5366 1485 5418 fasciculum
1524 5366 1661 5417 enim
1695 5380 1791 5432 pu-

237 5454 483 5525 pillorum
512 5462 796 5521 rapuerunt
834 5471 852 5504 ι
883 5452 1027 5522 (Cap.
1058 5452 1144 5505 24.
1176 5470 1222 5505 υ.
1246 5454 1297 5505 2.
1328 5456 1462 5520 7-9).

308 5543 484 5596 Tertio
504 5541 775 5609 excipiens
797 5541 989 5595 Baldad
1017 5542 1143 5595 dicit
1167 5558 1179 5593 :
1212 5560 1228 5590 ι
1262 5542 1357 5607 Qui
1386 5543 1508 5595 facit
1538 5542 1792 5596 universi.

234 5642 393 5689 tatem
426 5635 477 5688 in
508 5634 795 5687 altissimo.
846 5634 921 5689 Ne
954 5634 1068 5703 quis
1108 5634 1403 5701 suSpicctur
1446 5648 1563 5686 esse
1590 5648 1791 5685 moram

230 5726 429 5797 piratis.
462 5724 745 5792 Quomodo
780 5726 919 5778 cnim
953 5724 1051 5779 erit
1076 5724 1246 5791 justus
1298 5724 1455 5777 homo
1482 5738 1656 5777 coram
1690 5723 1787 5775 Do-

1336 411 1652 467 SYNOI‘SIS
1688 411 2085 466 SCRlPTURz‘E
2122 414 2383 470 SAClUE.

3366 440 3476 490 366

1921 523 2093 575 mino?
2109 523 2161 576 Si
2186 540 2308 577 vero
2327 529 2481 579 homo
2498 523 2736 595 putredo,
2757 538 2810 583 et
2831 528 2966 584 filius
2983 528 3210 584 hominis
3228 532 3415 585 vermis
3442 551 3462 585 ι

1914 610 2061 681 (cap.
2090 612 2176 665 25.
2196 628 2241 664 υ.
2266 614 2385 667 2-4.
2404 614 2492 681 6)?

1982 699 2154 753 Tertia
2183 701 2299 755 Jobi
2321 703 2386 755 ad
2417 704 2612 757 Baldad
2647 707 2920 773 responsio
2954 724 2966 759 :
3005 726 3024 757 ‹
3053 709 3218 774 Quem
3250 712 3461 779 adjutu-

1912 803 2005 839 rus
2025 789 2117 841 es?
2138 798 2192 842 et
2225 807 2378 858 quem
2406 794 2684 860 sequeris?
2722 794 2903 848 Nonne
2938 811 3057 848 eum
3098 800 3179 851 cui
3236 802 3459 855 maxima

1912 880 2184 945 potestas?
2214 880 2389 934 Nudus
2421 900 2440 932 ο
2466 884 2604 936 enim
2634 901 2651 933 ‹
2689 894 2767 935 est
2798 885 3028 938 infernus
3056 902 3230 940 coram
3257 905 3339 942 eo.
3365 893 3462 955 Qui

1912 968 2182 1035 StISpendit
2212 978 2399 1022 terram
2426 972 2477 1024 in
2506 972 2745 1033 nihilum,
2772 974 2937 1040 ligans
2964 991 3147 1041 aquam
3168 978 3214 1028 iu
3233 978 3456 1034 nubibus

1911 1057 2037 1109 suis.
2061 1057 2329 1125 Praecepto
2350 1069 2521 1113 autem
2550 1063 2770 1129 peremit
2789 1063 3069 1116 draconem
3087 1064 3407 1119 desertorem
3441 1086 3459 1118 ι

1913 1148 2057 1213 (Cap.
2090 1147 2174 1199 26.
2197 1164 2241 1199 υ.
2266 1149 2317 1201 2.
2338 1152 2387 1203 5.
2415 1151 2523 1205 6-8.
2555 1152 2660 1221 15).

1981 1235 2108 1289 Cum
2141 1238 2343 1306 Sophar
2374 1241 2526 1293 tertio
2548 1242 2685 1308 loqui
2716 1257 2819 1294 non
2848 1243 3234 1311 aggrederetur,
3270 1247 3373 1299 imo
3406 1260 3458 1299 et

1911 1326 1998 1380 alii
2028 1328 2131 1380 duo
2176 1330 2379 1395 priores
2423 1340 2676 1396 tacerent,
2707 1345 2882 1401 utpme
2911 1336 2998 1399 qui
3043 1350 3143 1387 non
3198 1336 3452 1390 haberent

1911 1415 2033 1483 quid
2071 1418 2294 1485 amplius
2332 1418 2581 1481 dicerent,
2616 1435 2680 1473 eo
2723 1422 2860 1488 quod
2906 1422 3004 1475 Job
3042 1438 3098 1476 se
3123 1423 3317 1489 justum
3342 1440 3460 1480 esse

1912 1515 2161 1570 poneret,
2191 1506 2451 1559 subnectit
2496 1508 2723 1561 secundo
2768 1510 2867 1563 Job
2908 1512 3088 1565 eadem
3128 1513 3191 1565 de
3229 1529 3285 1565 re
3331 1529 3455 1581 pro-

1909 1594 2123 1647 oemium
2144 1612 2153 1643 :
2173 1594 2242 1646 illi
2262 1610 2384 1648 vero
2406 1611 2521 1648 cum
2540 1598 2745 1649 silentio
2773 1604 2937 1665 ipsum
2956 1602 3193 1663 audiunt,
3224 1616 3319 1654 nec
3342 1604 3455 1655 sine

1910 1683 2148 1735 utilitate.
2188 1683 2405 1748 «Vivit,»
2440 1685 2622 1752 inquit,
2654 1688 3032 1754 (Dominusqui
3062 1692 3136 1741 sic
3164 1691 3461 1757 mejudica-

1908 1773 2001 1834 vit,
2034 1781 2085 1825 et
2112 1772 2488 1839 Omnipotens,
2520 1775 2607 1842 qui
2640 1775 2810 1828 affecit
2838 1777 3180 1830 amaritudine
3231 1780 3459 1830 animam

1908 1877 2075 1914 meam
2109 1880 2121 1911 -.
2150 1876 2265 1915 cum
2286 1862 2455 1915 adhuc
2483 1864 2673 1916 halitus
2691 1880 2833 1917 meus
2852 1866 3118 1928 imiuauet,
3143 1868 3458 1936 Spiritusque

1907 1950 2113 2002 divinus
2148 1962 2388 2017 Superest
2436 1953 2484 2003 in
2508 1954 2724 2005 naribus
2746 1955 2908 2015 meis,
2942 1955 3071 2005 labia
3098 1972 3209 2006 mea
3242 1972 3342 2007 non
3384 1959 3459 2008 lo-

1906 2049 2129 2107 quentur
2157 2039 2348 2107 iniqua.
2380 2040 2715 2095 Annuntiabo
2758 2043 2904 2094 vobis
2949 2042 3070 2110 quid
3119 2044 3187 2095 sit
3221 2045 3270 2095 in
3304 2060 3458 2097 manu

1908 2135 2134 2187 Domini.
2167 2135 2299 2188 Ecce
2325 2152 2505 2189 omnes
2536 2138 2721 2200 nostis,
2748 2138 2864 2205 quia
2898 2153 3024 2189 vana
3046 2138 3193 2189 vanis
3212 2138 3459 2191 insidiose

1906 2224 2149 2289 adjicitis.
2186 2225 2306 2277 lla-c
2336 2227 2505 2293 portio
2548 2236 2625 2279 est
2678 2227 2902 2279 hominis
2945 2227 3087 2293 impii
3138 2242 3166 2278 a
3215 2228 3454 2280 Domino.

1904 2312 2050 2376 Quod
2079 2314 2120 2365 si
2146 2314 2292 2365 multi
2321 2314 2512 2367 fuerint
2545 2316 2634 2367 lilii
2666 2316 2801 2382 ejus,
2839 2317 2888 2367 in
2923 2317 3237 2368 occisionem
3269 2326 3453 2369 erunt:

1906 2401 2070 2452 viduis
2100 2412 2270 2454 autem
2302 2418 2481 2455 eorum
2528 2420 2681 2456 nemo
2703 2407 3030 2458 miserebitur
3064 2424 3081 2455 ι
3126 2404 3267 2475 (Cap.
3292 2405 3377 2457 27.
3408 2422 3453 2458 v.

1903 2491 2471 2561 2-4.11-15.14.15.).
2493 2514 2509 2543 c
2535 2494 2587 2548 Si
2606 2497 2871 2563 collegerit
2891 2497 3073 2563 impius
3096 2507 3148 2547 ut
3167 2506 3353 2548 tetram
3374 2513 3457 2549 ar—

1901 2592 2111 2651 gentum
2139 2600 2150 2634 :
2182 2584 2325 2635 locus
2347 2585 2481 2637 unde
2500 2586 2574 2651 fit,
2597 2587 2711 2654 quis
2728 2587 2843 2639 est?
2864 2588 2978 2653 quis
2997 2586 3137 2638 locus
3160 2586 3292 2650 auri,
3312 2587 3450 2639 unde

1905 2672 2241 2739 percolatur?
2272 2673 2484 2726 Ferrum
2511 2675 2717 2742 quidem
2749 2675 2811 2728 de
2838 2684 2971 2728 terra
2998 2675 3071 2732 fit.
3102 2690 3173 2727 ωδ
3198 2684 3367 2726 autem
3399 2684 3455 2727 ut

1905 2760 2033 2828 lapis
2061 2760 2294 2813 ca-ditur.
2319 2761 2484 2815 Omne
2512 2765 2815 2831 pretiosum,
2845 2784 2861 2811 ι
2886 2765 3067 2831 inquit,
3090 2782 3107 2813 ι
3130 2764 3457 2815 viditoculus

1906 2865 2071 2903 meus.
2094 2850 2359 2918 Sapientia
2388 2863 2558 2906 autem
2588 2854 2699 2921 ejus
2731 2855 2864 2907 unde
2901 2856 3105 2906 inventa
3136 2854 3252 2907 est?
3284 2854 3451 2921 Abys-

1904 2956 1990 2993 sus
2014 2942 2164 3004 dixit,
2185 2942 2293 2994 Non
2316 2952 2390 2994 est
2418 2945 2467 2995 in
2486 2958 2567 2995 me
2597 2938 2986 3003 ;etmarcdixit,
3003 2938 3113 2991 Non
3130 2948 3448 2994 estmeuun.

1907 3032 2123 3082 Attrahe
2176 3033 2481 3098 sapientiam
2538 3047 2696 3095 super
2747 3047 2804 3082 ea
2844 3049 2958 3098 qum.
3007 3033 3229 3084 maxime
3278 3033 3454 3084 intima

1901 3128 2040 3170 sunt.
2075 3119 2185 3171 Non
2205 3121 2496 3186 :rquabitur
2521 3122 2566 3171 ci
2599 3121 2854 3186 topazium
2881 3122 3163 3186 [Ethiopizu
3190 3162 3203 3182 ,
3238 3130 3290 3172 et
3320 3136 3449 3171 auro

1904 3224 2032 3276 puro
2071 3224 2169 3261 non
2198 3209 2515 3262 conferetur.
2552 3210 2801 3261 Dominus
2851 3210 2980 3261 bene
3010 3210 3277 3262 constituit
3317 3211 3452 3261 viam

1901 3298 2032 3365 ejus.
2071 3299 2181 3367 Ipse
2210 3300 2345 3351 cnim
2383 3314 2536 3351 omne
2581 3298 2719 3367 quod
2751 3299 2845 3351 sub
2875 3299 3005 3349 cu'lo
3050 3309 3128 3349 est
3179 3298 3445 3364 perspicit,

1906 3396 2023 3439 nota
2050 3386 2244 3439 habens
2272 3388 2441 3438 omnia
2473 3402 2586 3454 qua:
2610 3387 2659 3438 iu
2685 3396 2839 3445 terra,
2868 3394 3140 3439 ventorum
3172 3386 3423 3437 libramen

1904 3487 2033 3540 tum,
2060 3493 2307 3545 aquarum
2341 3492 2631 3530 mensuras.
2668 3476 2804 3528 Dixit
2834 3476 3028 3527 homini
3060 3492 3070 3524 :
3107 3476 3238 3529 licce
3283 3475 3451 3527 cultus

1906 3568 1991 3621 Dei
2024 3576 2103 3619 est
2132 3568 2380 3632 sapientia
2418 3586 2433 3616 ι
2460 3566 2602 3634 (Cap.
2630 3565 2714 3617 27.
2742 3582 2789 3619 υ.
2817 3566 2897 3617 16.
2928 3575 2970 3616 ει
3003 3564 3123 3628 Cap.
3152 3563 3239 3617 28.
3264 3563 3451 3615 v.1.2.

1906 3657 2104 3709 10.-12.
2144 3654 2450 3709 14.18.19.
2480 3655 2658 3709 25-25.
2688 3656 2801 3723 28).

1974 3747 2077 3797 Illis
2106 3756 2276 3798 autem
2303 3746 2467 3797 tribus
2499 3744 2788 3798 tacentibus
2824 3743 3074 3809 adjicicus
3108 3742 3205 3795 Job
3243 3742 3291 3793 in
3329 3756 3450 3809 pro-

1904 3837 2062 3893 (nmio
2088 3836 2215 3889 dicit
2244 3852 2255 3885 :
2291 3853 2307 3885 ι
2346 3835 2475 3898 Quis
2504 3851 2584 3888 me
2614 3844 2768 3902 ponat
2796 3835 2844 3885 in
2877 3848 3056 3885 mense
3088 3833 3310 3898 priorem
3341 3831 3451 3883 dic—

1904 3942 2039 3986 rum,
2072 3926 2259 3994 quibus
2303 3940 2384 3977 me
2418 3925 2551 3977 Deus
2581 3922 2945 3976 custodiebat?
2974 3922 3101 3975 Cum
3147 3920 3454 3987 Splendebat

1906 4018 2114 4070 lucerna
2144 4016 2255 4082 ejus
2301 4030 2459 4081 super
2507 4022 2661 4080 caput
2692 4028 2885 4074 meum,
2932 4012 3135 4064 exibam
3170 4010 3454 4061 matutinus

1905 4107 1953 4159 in
1972 4106 2201 4169 civitate,
2236 4106 2285 4157 in
2332 4105 2515 4172 plateis
2564 4113 2734 4154 autem
2790 4101 3077 4168 ponebatur
3126 4099 3250 4151 mihi
3302 4099 3450 4150 sella.

1903 4198 2115 4251 Servavi
2144 4198 2281 4249 enim
2313 4210 2595 4263 pauperem
2631 4193 2696 4246 de
2737 4209 2891 4244 manu
2939 4192 3245 4259 potentium.
3289 4189 3454 4243 Bene-

1903 4288 2060 4340 dictio
2092 4288 2419 4354 pereuntium
2452 4300 2610 4351 sulier
2635 4298 2716 4335 me
2746 4284 2937 4335 veniat.
2967 4282 3160 4335 Oculus
3188 4280 3255 4331 fui
3278 4294 3449 4333 caeco-

1903 4391 2038 4435 rum,
2066 4385 2117 4427 et
2147 4390 2236 4442 pes
2266 4374 2566 4427 claudorum
2590 4413 2603 4434 ,
2651 4383 2797 4440 pater
2840 4384 3010 4425 autem
3065 4370 3445 4437 impotentium.

1903 4466 2144 4535 Confregi
2170 4466 2332 4517 molas
2363 4466 2654 4531 iniquorum
2687 4462 2787 4515 :de
2810 4461 2979 4513 medio
3002 4460 3232 4512 dentium
3263 4472 3445 4509 eorum

1903 4559 2134 4624 rapinam
2165 4555 2350 4622 eripui.
2390 4553 2535 4607 Sicut
2581 4562 2716 4605 terra
2763 4550 2944 4601 sitiens
2992 4547 3280 4614 suscipiens
3338 4546 3453 4613 plu-

1901 4647 2057 4705 viam,
2088 4646 2161 4698 sic
2192 4644 2239 4695 hi
2268 4658 2439 4697 meum
2466 4655 2778 4694 sermonem.
2820 4637 3123 4689 llabitabam
3167 4637 3314 4704 quasi
3360 4651 3447 4689 rex

1903 4738 1953 4790 in
1983 4736 2227 4789 accinctis
2258 4754 2274 4784 ι
2310 4734 2457 4799 (Cap.
2488 4732 2574 4784 29.
2605 4746 2651 4782 υ.
2678 4729 2731 4780 2.
2763 4729 2812 4780 5.
2847 4730 2895 4778 7.
2927 4726 3010 4780 12.
3042 4727 3336 4780 15.15-17.
3361 4724 3422 4778 2?.

1900 4825 1968 4879 25
1992 4826 2031 4894 ).
2082 4844 2099 4874 ‹
2134 4824 2419 4877 Stultorum
2466 4820 2591 4883 filii,
2625 4820 2935 4887 nominequc
2980 4816 3233 4885 ignobiles
3271 4835 3281 4867 :
3314 4832 3452 4870 nunc

1899 4926 2071 4969 autem
2100 4915 2291 4965 cithara
2340 4912 2541 4963 illorum
2576 4925 2673 4977 ego
2704 4926 2846 4970 sum,
2880 4918 2931 4962 et
2976 4924 3059 4961 me
3089 4908 3311 4960 fabulam
3354 4907 3448 4959 ha-

1901 5008 2041 5060 bent.
2072 5004 2178 5057 Nec
2211 5004 2258 5055 in
2288 5003 2473 5055 faciem
2509 5017 2677 5055 meam
2719 5012 3063 5068 pepercerunt
3101 5014 3307 5067 spuere.
3342 4999 3445 5051 Re-

1902 5095 2090 5165 putasti
2134 5105 2306 5147 autem
2356 5110 2438 5146 me
2482 5096 2616 5147 sicut
2663 5094 2825 5146 lutum
2864 5111 2875 5145 :
2908 5094 2957 5145 in
3005 5102 3140 5145 terra
3182 5102 3234 5145 et
3272 5092 3449 5143 cinere

1901 5186 2071 5255 portio
2103 5199 2237 5236 mea.
2272 5184 2420 5235 Manu
2448 5194 2619 5235 autem
2654 5184 2849 5251 potenti
2881 5198 2962 5235 me
3001 5182 3289 5250 ﬂagellasti.
3327 5180 3450 5232 Fra-

1901 5286 1999 5339 ter,
2056 5274 2219 5341 inquit
2247 5313 2261 5337 ,
2304 5273 2373 5325 fui
2424 5275 2697 5336 Sirenum,
2742 5274 3017 5339 sociusque
3047 5273 3394 5323 struthiouum
3429 5293 3445 5317 ι

1902 5366 2074 5436 (Cap.
2133 5366 2218 5418 50.
2272 5364 2477 5419 8-10.
2523 5366 2607 5418 19.
2662 5365 2750 5417 21.
2799 5362 2937 5429 29
3000 5380 3017 5411 t
3072 5362 3123 5415 Si
3177 5370 3448 5427 Sequutuut

1898 5464 1977 5507 est
2026 5470 2117 5508 cor
2167 5470 2343 5507 meum
2392 5469 2608 5507 uxorem
2655 5454 2750 5505 viri
2800 5452 3034 5513 alterius,
3074 5452 3272 5519 placeat
3317 5462 3449 5514 quo-

1898 5559 1997 5611 que
2041 5559 2171 5596 uxor
2220 5560 2330 5597 mea
2379 5544 2550 5597 alteri.
2591 5543 2759 5597 Furor
2802 5543 2940 5596 enim
2998 5542 3092 5594 viri
3130 5538 3448 5601 indomitus,

1898 5633 2283 5687 commaculare
2338 5634 2437 5686 illis
2480 5648 2716 5687 uxorem.
2750 5633 2805 5687 Si
2836 5633 3047 5699 despexi
3090 5629 3282 5681 nudum
3325 5644 3446 5697 per-

1900 5732 2132 5789 euntem,
2165 5734 2217 5777 et
2242 5738 2345 5777 non
2390 5726 2567 5793 operui
2612 5740 2753 5789 cum,
2780 5732 2833 5777 et
2861 5723 2923 5776 de
2956 5732 3166 5773 tonsura
3196 5733 3445 5786 agnorunt
