4096 6488
674 383 784 437 367

670 492 910 535 meorum
933 490 1034 530 non
1060 473 1298 529 calefacti
1326 483 1447 527 sunt
1476 474 1680 527 humeri
1731 487 1910 526 eorum
1929 511 1942 532 ,
1984 469 2219 522 discedat

671 570 922 623 humerus
946 581 1092 619 meus
1114 580 1145 618 a
1168 563 1429 630 iunctura.
1461 563 1609 628 Quod
1653 561 1694 614 si
1736 562 1945 629 gavisus
2003 574 2116 611 sum
2159 557 2224 609 de

673 658 820 711 ruina
847 655 1174 708 inimicorum
1203 668 1461 717 meorum,
1492 661 1544 706 et
1573 652 1702 705 dixit
1727 667 1818 705 cor
1841 665 2036 712 meum,
2058 649 2220 716 Euge,

671 743 848 797 audiat
873 743 1014 796 auris
1041 757 1161 795 mea
1207 741 1625 794 maledictionem
1657 757 1846 793 meam.
1903 740 1984 801 Et,
2031 739 2074 791 si
2120 754 2222 790 non

670 832 914 888 scindens
943 847 1056 882 eam
1088 830 1309 889 reddidi.
1347 830 1474 882 nihil
1520 829 1782 896 accipiens
1818 843 1847 879 a
1892 827 2148 888 debitore,
2179 827 2222 880 si

670 937 830 989 super
855 935 937 974 me
963 936 1205 988 umquam
1240 930 1376 973 terra
1418 921 1616 988 gemuit
1640 960 1652 981 ,
1691 932 1785 985 pro
1821 916 2081 968 frumento
2108 931 2223 982 ger-

671 1013 832 1065 minet.
884 1012 1007 1064 mihi
1063 1013 1222 1065 urtica
1260 1032 1278 1062 ›
1329 1010 1469 1081 (Cap.
1507 1013 1592 1066 51.
1626 1028 1672 1064 υ.
1713 1011 1863 1063 9-11.
1897 1009 1982 1063 19.
2010 1009 2096 1062 20.
2128 1009 2212 1060 22.

670 1100 758 1154 29.
779 1102 864 1154 57.
897 1103 984 1156 '58.
1015 1102 1127 1169 ιο).

744 1193 816 1246 De
847 1192 1026 1244 Eliuzo
1065 1193 1170 1245 tilio
1209 1191 1474 1244 Baracliiel
1509 1190 1718 1244 Buzita:
1756 1187 2019 1256 quomodo
2060 1189 2222 1239 iratus

670 1281 828 1335 fuerit
857 1282 907 1333 in
939 1281 1124 1332 Jobum
1148 1321 1162 1344 ,
1192 1281 1326 1348 quod
1373 1296 1427 1334 se
1458 1280 1653 1332 diceret
1681 1277 1876 1345 justum
1909 1291 2084 1328 coram
2120 1277 2220 1327 Do-

669 1373 830 1424 mino.
875 1389 891 1419 ι
929 1371 1204 1438 Excipiens
1235 1373 1378 1423 liliuz
1407 1371 1543 1423 filius
1572 1369 1837 1422 Barachiel
1869 1368 2072 1420 Buzites
2092 1409 2105 1426 ,
2137 1366 2219 1418 di-

668 1461 743 1512 xit
777 1478 788 1510 :
818 1459 1003 1512 Junior
1033 1461 1239 1527 quidem
1271 1476 1385 1512 sum
1416 1469 1569 1512 aetate
1602 1476 1613 1510 :
1643 1472 1804 1525 quare
1833 1457 2001 1525 quievi
2035 1457 2221 1508 timens

668 1549 978 1601 annnatiare
1000 1549 1145 1600 vobis
1166 1550 1434 1601 scientiam
1459 1563 1646 1600 meam.
1672 1566 1691 1594 τι
1715 1547 1863 1614 (Cap.
1895 1546 2115 1598 52.0.2.
2142 1545 2217 1614 6).

669 1637 968 1705 Exsurgens
989 1637 1134 1689 Elim.
1165 1638 1491 1704 impudenter
1517 1647 1696 1689 contra
1738 1636 1924 1688 Jobuin
1958 1636 2216 1702 lOtlUillll‘,

668 1727 834 1779 tribus
864 1727 964 1779 illis
996 1727 1281 1779 tacentibus
1315 1744 1326 1778 :
1365 1727 1595 1778 «Rursus
1623 1727 1836 1792 loquar;
1871 1725 2052 1792 plenus
2082 1725 2220 1776 enim

668 1830 781 1868 sum
805 1815 977 1868 verbis
1003 1833 1021 1864 ι
1046 1814 1146 1884 (Ib.
1167 1831 1214 1868 υ.
1234 1816 1436 1879 17.18).
1467 1816 1599 1868 Dixit
1629 1815 1773 1867 Eliuz
1799 1814 1861 1866 ad
1891 1815 1988 1865 Job
2018 1832 2028 1864 :
2064 1833 2080 1862 ι
2105 1812 2222 1880 Spi-

667 1905 798 1956 ritus
819 1904 1026 1956 divinus
1041 1913 1124 1957 est
1140 1904 1225 1970 qui
1251 1921 1333 1956 me
1355 1905 1473 1956 fecit
1502 1921 1513 1953 :
1547 1905 1760 1969 spiratio
1780 1913 1952 1954 autem
1974 1903 2222 1969 Omnipo-

669 1993 824 2046 tentis
851 2008 970 2061 qum
1007 2008 1091 2046 me
1132 1994 1304 2046 docet.
1340 1994 1394 2047 Si
1425 1994 1635 2061 poteris,
1679 1993 1743 2045 da
1773 1994 1894 2045 mihi
1925 1996 2221 2061 responsio-

668 2097 806 2135 nem.
839 2085 1054 2134 Avertat
1085 2081 1350 2134 hominem
1382 2083 1447 2134 ab
1477 2082 1764 2149 iniquitate.
1786 2083 2022 2150 Pepercit
2048 2092 2220 2134 autent

665 2171 852 2224 animae
879 2173 992 2238 ejus
1021 2186 1048 2223 a
1079 2183 1266 2233 morte,
1285 2183 1334 2224 et
1362 2187 1427 2224 ne
1452 2171 1603 2224 cadat
1623 2172 1706 2225 ille
1737 2173 1787 2224 in
1807 2172 2222 2240 bello.Coai-guit

665 2271 840 2312 autem
870 2259 1013 2312 illum
1045 2261 1094 2312 in
1127 2261 1376 2328 languore
1401 2275 1559 2328 super
1587 2260 1762 2313 Cubili.
1808 2261 2096 2313 Renovabit
2123 2278 2219 2313 att-

668 2349 769 2392 tem
801 2340 915 2408 ejus
943 2356 1166 2409 corpus,
1199 2343 1334 2394 sicut
1363 2343 1634 2395 tectorium
1666 2343 1715 2394 in
1750 2347 1944 2410 pariete
1966 2384 1978 2403 .
2011 2354 2064 2396 et
2101 2359 2220 2396 ossa

666 2428 780 2496 ejus
801 2429 1036 2497 implebit
1053 2429 1294 2482 medulla.
1315 2431 1478 2494 Tunc,
1496 2451 1512 2482 ι
1534 2431 1716 2498 inquit,
1737 2450 1753 2481 ι
1778 2433 2040 2484 accusabit
2063 2432 2222 2486 homo

667 2520 898 2588 seipsum
929 2519 1110 2573 dicens
1141 2520 1358 2585 :Qualia
1387 2520 1714 2573 efficiebant?
1741 2536 1841 2574 non
1864 2521 2071 2589 dignam
2102 2537 2222 2590 pec-

667 2611 800 2662 catis
849 2610 978 2662 meis
1019 2611 1414 2679 castigationem
1463 2611 1654 2664 intulit.
1692 2630 1710 2660 ι
1747 2612 1930 2663 Adhuc
1975 2611 2220 2676 loquutus

668 2707 748 2751 est
775 2699 922 2752 Eliuz
951 2699 1013 2751 ad
1044 2700 1232 2752 Jobunt
1265 2719 1277 2753 :
1313 2719 1330 2750 r
1365 2702 1590 2755 Auribus
1620 2703 1846 2769 percipe,
1875 2702 1992 2763 Job,
2025 2713 2077 2756 et
2101 2703 2215 2756 audi

668 2803 753 2841 me
781 2807 793 2840 :
825 2790 1143 2853 obtutui-see,
1173 2802 1224 2844 et
1253 2793 1452 2861 loquar.
1477 2793 1530 2846 Si
1554 2804 1632 2845 est
1661 2794 1750 2844 tibi
1782 2807 1977 2857 sermo,
2003 2809 2215 2860 respon-

666 2878 735 2932 dc
763 2880 888 2932 mihi
922 2899 934 2933 :
963 2882 1080 2934 volo
1130 2883 1269 2934 enim
1315 2883 1600 2936 examinari
1650 2897 1678 2934 a
1723 2893 1773 2934 te
1811 2884 2060 2949 justitiam
2106 2899 2219 2936 ser-

667 2968 838 3022 monis
865 2970 962 3022 mei
1000 2988 1016 3020 r
1042 2971 1188 3041 (Cap.
1221 2973 1306 3025 55.
1329 2990 1372 3025 υ.
1394 2974 1444 3024 4.
1465 2974 1515 3026 5.
1548 2972 1730 3024 17-19.
1761 2973 1848 3024 24.
1868 2972 1954 3025 27.
1989 2975 2072 3026 51.
2107 2972 2212 3042 52).

669 3057 854 3112 Adhuc
879 3059 1131 3127 adjiciens
1160 3063 1302 3114 Elinz
1335 3062 1486 3115 tertio
1516 3062 1642 3114 dicit
1669 3079 1680 3113 :
1719 3081 1735 3110 ε
1774 3064 1960 3116 Audite
1988 3080 2070 3116 me
2092 3105 2104 3126 ,
2132 3082 2219 3117 sa-

669 3147 902 3216 pientes,
936 3150 1128 3202 bouuni
1161 3161 1240 3203 est
1269 3159 1323 3202 ut
1353 3151 1438 3218 qui
1469 3152 1739 3204 scientiam
1770 3151 1980 3216 habent,
2010 3154 2220 3206 auribus

667 3240 958 3307 percipiant
1003 3258 1016 3291 :
1063 3241 1183 3308 quia
1229 3241 1371 3291 auris
1413 3255 1689 3292 sermones
1737 3241 1938 3308 probat.
1987 3262 2004 3292 ι
2037 3243 2220 3296 Adhuc

666 3329 798 3382 dixit
842 3329 985 3381 Eliuz
1019 3345 1030 3380 :
1066 3347 1082 3379 ι
1116 3329 1243 3395 Quis
1280 3329 1358 3380 vir
1388 3337 1442 3380 ut
1469 3328 1588 3392 Job,
1634 3329 1816 3382 bibens
1851 3331 2217 3384 subsannatio-

669 3433 787 3472 nem
822 3419 956 3470 sicut
981 3419 1209 3486 aquam?
1253 3418 1339 3486 qui
1373 3435 1539 3487 neque
1569 3420 1831 3486 peccavit.
1863 3436 2031 3488 neque
2064 3423 2219 3488 impie

667 3511 812 3578 egit?
841 3509 1013 3579 [Absit
1039 3527 1065 3560 a
1099 3509 1201 3581 me]
1233 3525 1409 3562 coram
1441 3509 1809 3578 Oumipotente
1837 3513 2045 3564 turbare
2068 3513 2218 3580 justi-

670 3601 812 3652 tiam.
836 3600 935 3652 Sed
961 3596 1128 3652 reddit
1167 3600 1361 3652 Iiomiui
1385 3602 1572 3667 cuique
1593 3601 1877 3653 secundum
1902 3617 2059 3668 opera
2081 3603 2215 3670 ejus.

665 3692 859 3759 Impius
885 3699 962 3743 est
990 3691 1076 3759 qui
1108 3691 1229 3744 dicit
1255 3693 1360 3756 regi
1392 3708 1406 3744 :
1441 3691 1614 3760 Inique
1640 3694 1770 3760 agis.
1798 3713 1815 3743 ι
1843 3693 1926 3755 Ει,
1947 3711 1964 3741 «
1990 3695 2086 3758 Qui
2116 3709 2216 3746 non

666 3791 746 3833 est
775 3781 970 3834 veritus
999 3781 1181 3833 faciem
1210 3781 1260 3832 in
1288 3790 1572 3848 conspectu
1605 3797 1740 3834 meo.
1772 3783 2020 3838 Dominus
2047 3786 2217 3836 omnia

664 3872 894 3939 inspicit,
925 3871 1011 3938 qui
1043 3871 1442 3939 comprehendit
1470 3888 1573 3924 non
1601 3873 1942 3940 vestigabilia,
1972 3875 2216 3941 gloriosa,

665 3971 718 4015 et
743 3963 1015 4030 magnifica
1038 4001 1051 4024 ,
1084 3977 1307 4030 quorum
1345 3978 1447 4015 non
1479 3973 1558 4017 est
1586 3979 1854 4018 numerus.
1886 3965 1976 4018 Vir
2013 3967 2218 4033 sapiens

666 4053 865 4106 audivit
908 4054 1122 4106 verbum
1174 4069 1346 4106 meum
1381 4073 1392 4106 :
1426 4055 1524 4108 Job
1567 4067 1738 4109 autern
1785 4073 1888 4110 non
1936 4059 2219 4126 prudenter

669 4144 912 4212 loquutus
934 4154 1019 4196 est
1056 4163 1073 4193 ι
1103 4143 1248 4212 (ευρ.
1281 4147 1365 4198 si.
1399 4146 1520 4199 v.2.
1556 4148 1680 4199 5.7.
1713 4149 1764 4200 8.
1792 4149 1874 4200 to.
1912 4150 1992 4200 li.
2027 4149 2108 4201 18.
2134 4149 2214 4203 i9.

664 4236 752 4289 ει.
782 4236 866 4289 54.
897 4237 1217 4301 35).Quarto
1244 4235 1494 4304 adjiciens
1541 4239 1681 4290 I‘llittz
1720 4240 1844 4291 dicit
1886 4241 1947 4291 ad
1994 4239 2214 4293 Julnnn:

673 4345 692 4376 ς
727 4326 897 4388 Quare
929 4325 1024 4378 hoc
1053 4327 1358 4378 esiSIimasli
1391 4328 1439 4380 in
1466 4328 1706 4394 judicio?
1733 4329 1808 4380 Tu
1839 4330 1953 4396 quis
1979 4345 2035 4382 es
2055 4370 2066 4389 .
2100 4332 2216 4397 quia

669 4413 860 4477 dixisti,
876 4413 1054 4466 Justus
1067 4429 1178 4466 sum
1199 4416 1542 4482 inconspectu
1561 4417 1792 4469 Domini?
1813 4418 1988 4484 i((.‘ap.
2009 4418 2216 4487 35.12.52)

664 4503 910 4568 Quintum
933 4503 1107 4570 adjicit
1127 4504 1269 4556 Eliuz
1292 4506 1510 4557 orationi
1535 4522 1662 4569 suae,
1681 4516 1733 4559 et
1756 4523 1920 4574 neque
1936 4506 2033 4559 Job
2053 4524 2218 4575 neque

665 4607 770 4647 tres
800 4596 950 4647 amici
981 4605 1224 4647 accusant
1249 4609 1367 4648 eum
1400 4606 1452 4648 ut
1477 4595 1712 4648 atlteuni.
1743 4596 2066 4649 Manifestum
2095 4612 2218 4664 ergo

667 4687 788 4739 hinc
815 4696 915 4749 est,
945 4697 1048 4738 tres
1077 4686 1191 4738 illos
1216 4687 1519 4754 resipuisse.
1543 4688 1778 4755 Dicitque
1802 4687 1866 4738 ad
1889 4687 1985 4739 Job
2009 4704 2020 4740 :
2053 4706 2071 4737 ι
2095 4687 2220 4740 Sus-

665 4778 770 4828 tine
817 4791 899 4829 me
929 4777 1188 4842 paululum
1217 4777 1406 4836 adhuc.
1437 4786 1492 4829 ut
1518 4787 1565 4829 te
1589 4777 1803 4829 doceam
1830 4793 1843 4839 ;
1873 4776 2042 4828 adhuc
2078 4777 2216 4829 enim

659 4878 744 4920 est
789 4867 838 4919 in
879 4883 962 4920 me
990 4869 1066 4919 vis
1099 4869 1339 4936 loquendi
1375 4888 1390 4917 ι
1421 4867 1568 4934 (Cap.
1601 4870 1685 4922 56.
1716 4884 1761 4920 υ.
1792 4867 1826 4918 2
1852 4869 1888 4921 l.
1920 4869 2004 4918 Ait
2035 4867 2215 4920 Eliuz:

675 4974 692 5004 ι
733 4955 958 5008 Auribus
985 4955 1096 5008 haec
1124 4958 1351 5024 percipe,
1389 4957 1504 5008 Job.
1540 4957 1650 5019 Sta,
1680 4956 1822 5008 disce
1853 4955 2092 5007 virtutem
2123 4956 2218 5006 Do-

669 5045 813 5097 mini.
846 5045 1099 5112 Numquid
1135 5047 1264 5098 liber
1293 5057 1380 5098 aut
1423 5047 1592 5100 scriba
1637 5046 1837 5098 adstitit
1879 5045 2005 5106 tibi;
2039 5054 2126 5097 aut
2153 5045 2219 5096 ab

671 5135 910 5196 aquilone
939 5134 1101 5186 nubes
1118 5134 1307 5185 coloris
1332 5136 1474 5185 aurci
1508 5155 1524 5184 ι
1547 5133 1692 5200 (Cap.
1715 5135 1801 5186 57.
1823 5149 1867 5186 v.
1895 5134 1977 5186 14.
1997 5133 2084 5184 20.
2103 5133 2218 5199 22)?

739 5216 875 5273 Deus
899 5236 1012 5274 sese
1037 5221 1288 5273 exhibens
1308 5221 1490 5274 Jobum
1518 5223 1712 5290 justum
1736 5223 1982 5282 declarat.
2009 5223 2222 5276 docens-

671 5327 770 5379 qne
801 5314 1104 5380 mysterium
1131 5313 1344 5372 Christi,
1371 5315 1442 5365 ait
1463 5315 1524 5366 ad
1553 5315 1735 5366 Jobtun
1771 5333 1781 5367 :
1813 5334 1829 5365 ι
1859 5315 1984 5379 Quis
2010 5324 2086 5367 est
2115 5315 2216 5378 hic,

670 5403 754 5469 qui
802 5401 937 5454 celat
984 5418 1066 5455 me
1117 5404 1426 5464 consilium,
1476 5407 1809 5471 continetque
1854 5419 2124 5457 sermones
2169 5405 2218 5456 iu

669 5493 870 5547 corde?
920 5511 938 5542 ι
986 5493 1226 5560 Dialogus
1258 5494 1461 5545 Domini
1505 5512 1516 5545 :
1566 5513 1582 5543 t
1621 5495 1796 5562 Sepivi
1849 5510 1990 5546 ntare
2036 5495 2215 5560 portis.

673 5581 787 5635 Dixi
814 5592 989 5634 autem
1020 5581 1115 5645 illi,
1149 5583 1427 5649 llucnsqne
1458 5583 1652 5645 venies,
1689 5593 1739 5635 et
1767 5601 1869 5636 non
1898 5585 2217 5651 praeteribis:

669 5671 764 5728 sed
793 5671 844 5724 in
879 5673 1043 5736 teipso
1067 5670 1488 5722 comminuentur
1518 5670 1700 5724 ﬂuctus
1733 5673 1823 5724 tui.
1861 5691 1875 5721 ι
1911 5672 2092 5724 Sermo
2120 5672 2220 5723 Do-

1397 366 1457 421 S.
1495 365 1766 421 JOANNIS
1797 357 2259 416 CllliYSOSTOMl
2299 358 2609 416 ARCIIIEP.
2649 359 3174 418 CONSTAN'I'INOP.

3793 378 3914 432 368

2333 468 2458 520 mini
2490 487 2501 522 :
2536 487 2554 518 ‹
2588 471 2666 522 An
2697 480 2748 523 tu
2780 485 2994 525 sumens
3029 472 3194 525 lutum
3221 470 3456 526 formasti
3485 472 3725 526 animai?
3753 475 3900 543 Apeo

2330 559 2536 611 riuntur
2566 560 2656 613 tibi
2704 571 2847 615 metu
2876 571 3040 630 porta:
3071 563 3296 615 mortis?
3337 573 3427 616 aut
3459 565 3660 617 ostiarii
3705 564 3896 620 inferni

2330 647 2568 701 videntes
2611 659 2660 702 te
2711 650 3037 703 timuerunt?
3083 650 3215 703 Num
3269 652 3456 704 venisti
3504 653 3570 704 ad
3618 655 3895 706 tliesaums

2333 738 2466 790 nivis
2490 779 2504 801 ,
2537 747 2626 790 aut
2672 739 2947 793 thesauros
2975 741 3244 810 grandinis
3282 740 3499 794 vidisti?
3530 742 3679 796 Unde
3715 753 3892 796 autem

2330 831 2565 896 procedit
2619 832 2849 898 pruina?
2897 833 3024 896 Quis
3081 834 3398 898 praeparavit
3456 834 3652 886 fluxum
3702 835 3894 902 pluvia:

2329 920 2670 975 vehementi?
2704 942 2725 973 ο
2759 923 3101 991 lnsuperque.
3135 942 3154 973 ‹
3187 923 3315 989 Quis
3357 934 3437 976 est
3475 924 3664 992 pluviae
3697 923 3895 992 pater?

2329 1010 2404 1063 Ex
2437 1011 2585 1076 cujus
2616 1021 2764 1064 utero
2796 1013 3031 1078 procedit
3061 1012 3297 1080 glacies?
3325 1013 3568 1065 Pruinam
3598 1013 3646 1064 in
3671 1014 3808 1066 celo
3839 1022 3896 1065 et

2327 1100 2508 1167 glebas
2559 1101 2694 1153 roris
2741 1101 2858 1170 quis
2903 1101 3154 1170 peperit?
3201 1101 3423 1154 Vocabis
3468 1109 3642 1154 autem
3696 1103 3890 1155 nubem

2327 1206 2488 1254 voce,
2535 1201 2589 1245 et
2620 1203 2849 1245 tremore
2887 1207 3037 1259 aqua:
3066 1193 3251 1244 validm.
3293 1191 3501 1244 obediet
3541 1191 3670 1244 tibi?
3715 1192 3893 1245 Mittes

2328 1279 2542 1333 fulmina
2575 1290 2627 1334 et
2664 1282 2854 1333 ibunt?
2883 1281 3010 1346 Quis
3040 1281 3184 1335 dedit
3211 1281 3518 1333 mulieribus
3545 1291 3761 1334 textura:
3805 1297 3892 1333 sa-

2327 1371 2623 1438 pientiam?
2653 1370 2779 1434 Quis
2806 1372 3115 1438 prmparavit
3139 1385 3299 1424 corvo
3326 1369 3541 1422 escam?
3585 1369 3714 1421 Pulli
3744 1371 3888 1421 enim

2327 1459 2440 1526 ejus
2467 1461 2825 1511 clamaverunt
2849 1459 2911 1511 ad
2939 1459 3214 1510 Dominum
3241 1468 3497 1520 errantes,
3525 1457 3717 1509 cibaria
3745 1472 3890 1523 qua--

2327 1559 2502 1602 rentes
2523 1569 2538 1598 I
2573 1546 2719 1616 (Cap.
2747 1549 2836 1600 58.
2862 1564 2908 1600 υ.
2936 1547 2987 1600 2.
3019 1550 3068 1601 8.
3099 1548 3291 1600 11.14.
3327 1548 3408 1599 17.
3436 1546 3524 1599 22.
3553 1547 3642 1598 24.
3673 1545 3758 1600 25.
3793 1545 3886 1598 28.

2325 1639 2414 1691 29.
2438 1640 2522 1691 54.
2553 1639 2664 1705 41).
2704 1655 2720 1687 ‹
2759 1638 2930 1690 Penna
2975 1637 3157 1689 volans
3197 1636 3465 1703 procedet,
3502 1637 3544 1688 si
3587 1637 3891 1703 conceperit

2326 1729 2468 1780 asida
2487 1737 2538 1781 et
2568 1743 2742 1781 nessa.
2765 1727 3044 1794 Relinquet
3067 1726 3114 1778 in
3141 1736 3280 1779 terra
3305 1741 3396 1778 ova
3421 1742 3532 1778 sua.
3557 1725 3686 1780 Cum
3710 1737 3891 1780 tacere

2328 1818 2449 1871 lecit
2471 1820 2516 1871 ei
2545 1819 2680 1870 Dens
2705 1817 3034 1884 sapientiam,
3064 1816 3294 1868 irridebit
3317 1830 3532 1882 equum.
3563 1815 3638 1867 Ex
3664 1817 3889 1868 scientia

2327 1917 2410 1960 tua
2442 1909 2583 1960 stetit
2610 1909 2858 1975 accipiter
2879 1947 2894 1972 ,
2927 1907 3101 1958 vultur
3126 1918 3302 1958 autem
3341 1921 3499 1972 super
3530 1905 3705 1957 nidum
3731 1921 3889 1957 suum

2325 1999 2513 2050 sedens
2543 2009 2774 2050 moratur
2809 2017 2827 2049 ι
2858 1996 3003 2064 (Cap.
3027 1997 3114 2051 59.
3135 1997 3593 2051 υ.15.14.17.18.
3632 1997 3720 2050 26.
3741 1997 3859 2066 27).

2398 2085 2582 2139 Adhuc
2609 2087 2854 2154 loquutus
2874 2097 2956 2138 est
2977 2088 3228 2140 Dominus
3249 2087 3381 2139 Jobo
3401 2107 3414 2138 :
3437 2105 3454 2136 ε
3479 2086 3611 2139 Num
3630 2088 3891 2154 judicium

2327 2191 2442 2228 eum
2473 2176 2845 2244 Omnipotente
2871 2175 3170 2243 judicabis?
3197 2187 3247 2229 et
3267 2176 3354 2243 qui
3385 2177 3554 2244 arguit
3583 2176 3892 2240 Dominum,

2327 2266 2666 2334 respondebit
2690 2266 2830 2334 ipsi?
2867 2284 2885 2316 ι
2919 2266 3186 2334 Loquutus
3211 2275 3290 2319 est
3315 2265 3414 2318 Job
3447 2267 3699 2320 Domino:
3725 2284 3742 2316 ι
3773 2267 3895 2335 Ego

2325 2356 2532 2422 judicor
2559 2357 2934 2418 commonitus,
2967 2365 3018 2409 et
3051 2370 3278 2422 arguens
3310 2355 3612 2415 Dominum.
3645 2368 3760 2410 cum
3792 2370 3896 2407 ao-

2325 2448 2414 2501 dio
2436 2449 2556 2500 talia
2581 2448 2713 2517 i(lb.
2736 2465 2783 2502 v.
2805 2448 3018 2518 32.54).
3037 2448 3305 2516 Loquutus
3321 2457 3400 2501 est
3423 2449 3668 2501 Dominus
3696 2447 3756 2500 ad
3783 2447 3895 2502 Job

2326 2539 2392 2592 de
2419 2540 2556 2594 nube
2577 2540 2805 2593 secundo
2827 2555 3084 2609 apparens
3105 2541 3184 2594 ei:
3218 2559 3236 2590 ι
3261 2542 3488 2609 Acciuge
3506 2542 3643 2594 sicut
3659 2542 3734 2594 vir
3751 2542 3895 2593 Ium-

2326 2629 2449 2682 bum
2469 2638 2634 2684 tuum.
2656 2630 2995 2699 luterrogabo
3015 2641 3189 2685 autem
3209 2645 3276 2692 te,
3300 2642 3352 2684 tu
3377 2647 3502 2685 vero
3521 2631 3647 2684 mihi
3669 2647 3898 2700 respon-

2326 2720 2410 2773 de.
2446 2738 2466 2771 θ
2501 2720 2687 2774 Sermo
2726 2722 2969 2774 Domini:
3005 2739 3021 2772 ο
3044 2721 3347 2776 Confitebor
3385 2721 3523 2790 quod
3573 2723 3732 2789 possit
3756 2723 3896 2776 dex-

2327 2821 2436 2865 tera
2461 2823 2547 2864 tua
2570 2812 2792 2864 salvare.
2821 2811 3012 2865 Verum
3039 2812 3218 2880 utique
3239 2811 3420 2864 bestia:
3445 2812 3580 2878 apud
3611 2821 3658 2865 te
3682 2813 3894 2866 fcitum

2325 2900 2460 2952 sicut
2488 2901 2653 2953 boves
2683 2899 2984 2953 comedunt.
3021 2900 3196 2953 Virtus
3222 2909 3396 2953 autem
3428 2901 3544 2967 ejus
3584 2916 3739 2968 super
3768 2917 3900 2953 um-

2325 2989 2482 3043 bilico
2507 2992 2728 3043 ventris.
2756 2991 2935 3043 Erexit
2957 2991 3176 3044 caudam
3199 2992 3332 3044 sicut
3351 3006 3681 3059 cupressum.
3708 2990 3896 3044 Costa:

2324 3081 2473 3146 ejus,
2501 3089 2660 3134 costa:
2693 3097 2853 3133 reuere
2887 3100 2900 3134 :
2929 3083 3076 3148 Spina
3105 3093 3279 3134 autem
3309 3081 3421 3148 ejus
3463 3081 3657 3133 ferrum
3706 3079 3890 3133 fusile.

2325 3170 2435 3221 Sub
2479 3170 2620 3222 omni
2665 3184 2857 3236 genere
2901 3169 3145 3222 arborum
3192 3169 3400 3220 dormit.
3440 3169 3606 3220 Duces
3629 3179 3825 3231 autem,
3865 3186 3886 3218 ι

2327 3261 2528 3329 inquit,
2557 3279 2575 3312 ι
2609 3261 2817 3315 leonem
2861 3261 3050 3325 hamo,
3093 3270 3145 3313 et
3187 3259 3552 3328 circumpones
3599 3260 3889 3326 capistruiu

2326 3355 2463 3404 circa
2491 3368 2674 3405 nasum
2701 3352 2836 3420 ejus.
2883 3351 3050 3404 Omne
3086 3361 3260 3404 autem
3292 3352 3541 3416 navigans
3565 3349 3892 3402 conveniens

2329 3457 2430 3492 non
2460 3442 2628 3494 ferent
2653 3442 2842 3508 pellem
2876 3457 3028 3492 unatn
3055 3438 3236 3492 caudae
3256 3439 3369 3506 ejus
3391 3437 3540 3507 (Cap.
3568 3439 3656 3490 40.
3681 3454 3727 3491 υ.
3749 3437 3804 3490 2.
3829 3437 3893 3491 9-

2326 3533 2411 3586 15.
2441 3533 2518 3586 16.
2551 3532 2640 3586 20.
2673 3533 2762 3586 21.
2794 3531 2907 3599 26).
2935 3532 3079 3584 Putat
3109 3531 3315 3598 quidem
3347 3531 3544 3583 ferrum
3574 3531 3778 3596 paleas,
3809 3544 3891 3582 ωε

2323 3636 2495 3676 autem
2542 3627 2673 3676 sicut
2723 3625 2917 3691 lignum
2963 3623 3242 3690 putridum.
3293 3621 3404 3674 Non
3434 3621 3724 3674 vulnerabit
3758 3636 3889 3674 eum

2323 3729 2477 3767 arcus
2504 3728 2679 3765 arneus
2707 3733 2722 3762 ι
2753 3712 2898 3782 (Cap.
2928 3715 3013 3766 41.
3042 3729 3089 3765 υ.
3126 3713 3209 3765 18.
3242 3711 3352 3776 19).

2396 3805 2485 3857 llis
2507 3804 2728 3858 cessavit
2757 3805 2896 3872 loqui
2922 3803 3053 3856 Job:
3082 3822 3098 3852 ι
3126 3803 3256 3856 Novi
3279 3802 3415 3871 quod
3440 3802 3614 3856 omnia
3637 3813 3806 3872 potes,
3833 3814 3891 3857 et

2327 3896 2450 3948 nihil
2473 3896 2562 3948 tibi
2583 3896 2907 3963 impossibile
2925 3903 3023 3948 est.
3049 3895 3176 3960 Quis
3187 3895 3330 3948 enim
3349 3904 3427 3947 est
3443 3894 3528 3962 qui
3549 3903 3597 3946 te
3613 3895 3746 3947 celat
3765 3909 3891 3948 con-

2325 3986 2535 4040 silium?
2558 3987 2733 4037 l‘ntavi
2754 3995 2926 4037 autem
2947 4000 3030 4037 me
3049 3994 3242 4037 terram
3260 3984 3554 4037 etcinerem
3581 4004 3599 4034 ι
3623 3982 3765 4052 (Cap.
3789 3985 3886 4039 42.

2326 4091 2372 4128 υ.
2405 4075 2458 4126 2.
2495 4077 2546 4127 5.
2572 4076 2650 4139 6).
2692 4073 2938 4143 Coarguit
2965 4075 3212 4126 Dominus
3240 4073 3456 4140 Elipliaz
3477 4072 3884 4137 Thaemanitem,

2328 4167 2451 4232 quia
2484 4169 2720 4231 peccavit
2754 4167 2862 4232 ipse
2885 4173 2937 4216 et
2958 4163 3061 4215 duo
3089 4164 3240 4215 amici
3263 4162 3395 4230 ejus,
3422 4164 3539 4229 quia
3568 4178 3670 4214 non
3698 4162 3890 4230 loquu-

2328 4268 2411 4310 tus
2437 4267 2518 4309 est
2540 4272 2714 4309 coram
2745 4257 2854 4309 Deo
2883 4270 3082 4308 verum.
3102 4255 3193 4307 llic
3216 4255 3449 4321 expiatio
3481 4255 3536 4305 fit
3567 4255 3719 4306 trium
3747 4256 3890 4306 arni-

2324 4363 2506 4401 corum
2538 4363 2633 4415 per
2661 4347 2760 4400 Job
2799 4347 3125 4398 sacerdotem
3152 4346 3261 4398 Dei.
3293 4345 3440 4408 Quod
3468 4339 3668 4397 auXerit
3709 4346 3890 4398 Domi-

2327 4455 2424 4492 nus
2453 4438 2639 4491 Jobntn
2664 4477 2676 4498 ,
2705 4447 2756 4490 et
2788 4445 3035 4504 precante
3070 4437 3158 4488 illo
3187 4450 3278 4502 pro
3304 4435 3488 4486 amicis
3514 4434 3655 4495 suis,
3701 4433 3886 4486 Domi-

2327 4545 2426 4583 nus
2448 4529 2829 4582 condonaverit
2857 4526 2932 4578 eis
2963 4534 3254 4592 peccatum.
3286 4523 3354 4577 Ut
3379 4523 3656 4576 audierunt
3675 4534 3886 4586 omnes,

2325 4621 2414 4687 qui
2456 4635 2519 4671 ex
2557 4633 2749 4685 genere
2792 4615 2906 4668 Jobi
2939 4623 3124 4677 erant,
3165 4622 3502 4666 acci'sserunt
3541 4612 3604 4664 ad
3643 4627 3798 4673 cum,
3833 4624 3888 4667 et

2325 4710 2669 4762 comederunt
2699 4722 2761 4760 ac
2790 4707 3039 4760 biberunt
3067 4705 3204 4773 apud
3243 4720 3360 4758 eum
3382 4746 3397 4768 ,
3431 4705 3680 4772 illumque
3713 4705 3888 4758 admi-

2327 4800 2426 4851 rati
2457 4798 2716 4850 dederunt
2744 4796 2790 4849 ei
2819 4795 3007 4863 singuli
3037 4809 3228 4862 agnum
3253 4809 3430 4852 unum.
3473 4806 3526 4846 et
3561 4794 3889 4846 tetradracb-

2326 4903 2468 4940 munt
2522 4902 2758 4938 aureum.
2819 4885 3080 4950 Scriptum
3149 4892 3230 4936 est
3287 4898 3408 4936 eum
3467 4896 3887 4938 resurrecmrnm

2327 4991 2445 5030 esse
2483 4991 2601 5029 cum
2632 4977 2694 5027 iis
2737 4989 2866 5043 quos
2895 4973 3229 5026 resuscilabit
3263 4972 3538 5025 Dominus.
3570 4973 3624 5026 In
3653 4973 3734 5026 his
3757 4987 3890 5026 con-

2329 5068 2522 5118 tinetur
2547 5066 2623 5116 vis
2649 5065 2820 5116 omnis
2849 5062 2964 5114 libri
2990 5061 3106 5114 Job.

2803 5211 3069 5249 SAPIENTJA
3108 5208 3409 5248 SALOMONIS.

2400 5310 2664 5380 Sapientia
2693 5309 2989 5362 Salomonis
3019 5318 3234 5361 vocatur
3259 5306 3343 5360 hic
3367 5306 3499 5360 liber
3529 5323 3545 5361 :
3577 5322 3695 5360 nam
3726 5309 3888 5362 etiam

2331 5402 2468 5454 hunc
2496 5415 2522 5450 a
2550 5399 2833 5451 Salomone
2862 5397 3113 5464 scriptum
3144 5409 3260 5448 esse
3286 5395 3484 5448 dicunt.
3519 5395 3766 5449 Continet
3793 5411 3880 5449 διι-

2331 5500 2435 5545 tem
2483 5490 2774 5542 doctrinam
2811 5485 3026 5554 justitim
3047 5524 3059 5548 ,
3091 5494 3145 5537 et
3172 5498 3269 5552 qua
3301 5484 3502 5536 ratione
3532 5487 3886 5552 cognoscendi

2332 5583 2437 5636 sint
2481 5591 2602 5632 tunc
2633 5575 2890 5645 improbi,
2925 5583 3048 5627 tunc
3076 5573 3218 5640 probi
3251 5572 3343 5624 viri
3372 5589 3384 5624 :
3415 5573 3479 5624 ad
3512 5573 3624 5626 lucc
3652 5573 3889 5644 prophc-

2335 5681 2454 5722 nam
2484 5667 2546 5721 de
2573 5665 2801 5720 Christo.
2840 5665 2999 5718 Docet
3027 5663 3184 5718 etiam
3214 5661 3377 5715 multo
3401 5674 3522 5716 esse
3545 5675 3678 5731 opus
3704 5663 3889 5721 labore
