4094 6482
174 404 284 458 367

157 502 428 556 ἀπέδωκα
455 515 503 562 ι,
532 505 708 557 οὐθὲν
721 505 919 558 λαϐὼν
940 503 1057 556 άπὸ
1074 500 1523 570 χρεωφειλέτου,
1554 504 1603 553 εἰ
1623 502 1712 553 ἐπ’

157 584 283 651 ἐμοὶ
303 584 340 647 ἡ
372 583 444 652 γῆ
460 584 764 647 ἐστέναξε,
791 584 920 637 ἀντὶ
939 583 1128 650 πυροῦ
1150 581 1382 643 ἐξέλθοι
1400 597 1498 648 μοι
1521 581 1715 647 κνίδη.

227 684 310 736 Τὰ
339 685 465 753 περὶ
505 683 712 747 Ἐλιοὺζ
751 684 843 736 τοῦ
879 684 1154 754 Βαραχιὴλ
1196 682 1286 735 τοῦ
1317 682 1566 745 Βουζίτου
1591 699 1604 712 ⁶
1646 682 1720 745 ὼς

159 764 402 833 ὠργίσθη
431 764 506 832 τῷ
540 765 676 826 Ἰὼϐ,
707 767 788 817 δτι
817 766 1090 834 ἀπέφηνεν
1125 763 1318 816 ἑαυτὸν
1339 763 1542 814 δίκαιον
1572 764 1718 814 ἐναν-

160 849 267 898 τίον
312 847 534 915 Κυρίου.
587 847 899 899 ’Υπολαϐὼν
941 847 1151 909 Ἐλιοὶιζ
1180 848 1208 898 6
1248 845 1341 897 τοῦ
1389 844 1661 913 Βαραχιὴλ
1690 847 1717 897 6

161 928 437 996 Βουζίτης,
468 924 613 978 εἷπε’
638 929 927 994 Νεώτερός
949 931 1061 996 είμι
1091 927 1171 991 τῷ
1197 927 1391 994 χρόνῳ
1409 942 1422 955 ο
1456 925 1546 977 διὸ
1567 928 1717 991 ήσύ-

160 1025 338 1075 χασα,
392 1010 667 1077 φοϐηθείς
709 1012 812 1064 τοῦ
855 1010 995 1078 ὑμῖν
1032 1008 1374 1076 ἀναγγεῖλαι
1421 1008 1532 1072 τὴν
1569 1006 1720 1073 ἐμὴν

163 1091 516 1157 ἐπιστήμην.
559 1090 882 1154 Ἐξαναστὰς
909 1091 1119 1153 Ἐλιοὺζ
1145 1093 1200 1142 ὲν
1228 1089 1468 1156 ἀναιδείᾳ
1489 1089 1718 1142 ,καταλέ-

162 1190 240 1237 γει
287 1173 383 1224 τοῦ
427 1171 567 1234 Ἰὼϐ,
611 1175 718 1224 τῶν
761 1174 925 1241 τριῶν
959 1173 1489 1241 ἁποσιωπησάντων·
1532 1169 1718 1221 Πάλιν

159 1255 408 1318 λαλήσω
425 1274 436 1285 ·
458 1255 692 1322 πλήρης
715 1254 818 1323 γάρ
835 1259 948 1323 εἰμι
963 1254 1248 1322 ῥήματος.
1279 1249 1410 1304 Εἷπε
1427 1253 1481 1305 δὲ
1511 1253 1717 1315 Ἐλιοὺζ

163 1336 289 1404 πρὸς
329 1337 446 1389 Ἰώϐ
469 1353 480 1365 ·
510 1336 746 1404 Πνεῦμα
773 1337 930 1389 θεῖον
950 1335 1016 1388 τὸ
1043 1334 1308 1401 ποιῆσάν
1331 1351 1430 1402 με,
1462 1333 1618 1398 πνοὴ
1649 1332 1716 1384 δὲ

165 1415 637 1482 ιίαντοκράτορος
652 1418 688 1482 ή
715 1417 1088 1470 διδάσκουσά
1110 1435 1204 1484 με.
1249 1416 1380 1468 Ἐὰν
1413 1415 1582 1480 δύνῃ,
1613 1415 1716 1478 δός

156 1514 248 1561 μοι
272 1498 607 1564 ἀπόκρισιν.
642 1497 1034 1565 Ἀποστρέψαι
1055 1498 1359 1564 ἄνθρωπον
1374 1497 1441 1559 ἐξ
1461 1496 1712 1560 ἀδικίας·

171 1577 474 1644 ’Βερεῐσατο
502 1579 568 1630 δὲ
589 1578 697 1646 τῆς
720 1579 924 1647 ψυχῆς
945 1579 1126 1633 αὑτοῦ
1155 1580 1271 1632 άπὸ
1305 1576 1579 1638 θανάτου,
1616 1594 1714 1628 κί’.

156 1657 234 1724 μὴ
273 1661 484 1713 πεσεῖν
503 1662 690 1713 αὐτὸν
709 1663 778 1713 ἐν
807 1661 1058 1730 πολέμῳ.
1084 1662 1329 1729 Ἦλεγξε
1353 1660 1419 1712 δὲ
1439 1659 1618 1712 αὑτὸν
1649 1659 1716 1710 ἐν

155 1743 411 1806 μαλακίᾳ
431 1743 525 1794 ἐπὶ
541 1743 762 1806 κοίτης.
792 1744 1135 1795 Ἀνανεώσει
1154 1741 1414 1794 δέαὑτοῦ
1435 1741 1498 1793 τὸ
1523 1759 1550 1792 ι.
1567 1739 1711 1808 ῶμα,

159 1823 354 1891 ῶσπερ
377 1824 635 1890 ἀλοιφὴν
671 1823 819 1895 [572]
852 1825 946 1876 ἐπὶ
985 1826 1207 1893 τοίχου,
1244 1824 1313 1877 τὰ
1339 1823 1404 1875 δὲ
1434 1820 1581 1876 ὀστᾶ
1611 1825 1715 1874 αὑο

161 1906 259 1957 τοῦ
285 1906 583 1972 ἐμπλήσει
611 1906 859 1973 μυελοῦ.
902 1905 1054 1966 Τότε,
1095 1907 1276 1976 φησὶν,
1309 1905 1714 1973 άπομέμψεται

160 1987 334 2052 αὐτὸς
371 1986 559 2051 ἑαυτῷ
589 1987 812 2056 λέγων’
855 1983 957 2039 Οἷα
991 1987 1389 2048 συνετέλουν;
1426 1989 1544 2038 Οὐκ
1579 1986 1715 2048 ἄξια

162 2067 344 2133 ἥτασέ
364 2085 438 2136 με
462 2063 547 2121 ὧν
574 2069 853 2138 ἥμαρτον.
895 2070 1014 2121 Ἔτι
1059 2069 1312 2138 ἐλάλησεν
1347 2067 1553 2130 Ἑλιοὺξ
1581 2068 1714 2136 πρὸς

171 2149 286 2200 Ἰώϐ
308 2165 320 2176 ⁸
350 2149 677 2213 Ἐνωτίζου,
701 2150 716 2219 Ῐ
737 2149 900 2221 Ἱὼϐ],
926 2151 1022 2203 καί
1043 2151 1222 2203 ἄκουέ
1240 2168 1357 2218 μου
1377 2168 1387 2180 ·
1404 2150 1716 2218 κώφευσον

161 2231 249 2282 καὶ
275 2232 548 2300 λαλήσω.
575 2235 644 2286 El
677 2235 807 2286 ἔστι
833 2251 931 2286 σοι
971 2235 1168 2302 λόγος,
1200 2234 1554 2300 άποκρίθητί
1579 2250 1677 2301 μοι
1697 2249 1710 2262 ⁶

161 2312 304 2365 θέλω
355 2317 463 2380 γὰρ
533 2314 1054 2383 δικαιολογηθιῖναί
1095 2329 1227 2370 σοι.
1293 2316 1412 2367 Ἔτι
1462 2315 1714 2385 προσθεὶς

174 2395 378 2458 Ἐλιοὺζ
423 2397 602 2466 τρίτον
651 2396 828 2463 λέγει·
890 2397 1213 2450 Ἀκούσατέ
1247 2414 1385 2464 μου,
1436 2396 1715 2464 σοφοί,οί

160 2476 537 2544 ἐπιστάμενοι
563 2478 954 2532 ἐνωτίσασθαι
996 2481 1183 2531 καλόν
1203 2497 1215 2511 ·
1252 2479 1336 2531 ὅτι
1367 2474 1473 2544 οὖς
1497 2479 1714 2546 λόγους

161 2559 465 2628 δοκιμάζει.
510 2563 628 2613 Ἔτι
673 2557 822 2613 εἶπεν
882 2562 1125 2625 Ἐλιοῦξ·
1183 2564 1277 2625 Τίς
1321 2561 1473 2628 ἀνὴρ
1516 2561 1713 2626 ῶσπερ

173 2640 306 2699 Ἰὼϐ,
327 2645 517 2693 πίνων
537 2643 950 2709 μυκτηρισμὸν
979 2643 1176 2708 ῶσπερ
1196 2643 1348 2708 ὕδωρ
1371 2645 1516 2708 ;οὐχ
1541 2643 1715 2709 άμαρ⁴

164 2723 288 2784 τὼν,
311 2723 453 2776 οὐδὲ
473 2724 811 2789 ἁσεϐήσιις;
833 2723 946 2794 [Μή
958 2742 1054 2793 μοι
1083 2726 1196 2793 εἴη]
1223 2725 1317 2777 καὶ
1333 2726 1530 2778 ἔναντι
1547 2728 1714 2777 Παν-

164 2807 507 2874 τοκράτορος
559 2807 800 2875 ταράξαι
849 2809 914 2861 τὸ
962 2808 1210 2863 δίκαιον.
1266 2810 1415 2860 Ἀλλ’
1447 2805 1715 2860 ἀποδιδοῖ

163 2888 445 2954 ἀνθρώπῳ
477 2891 626 2941 καθὰ
669 2889 825 2941 ποιεῖ
859 2889 1115 2954 ἕκαστος
1153 2888 1372 2943 αὐτῶν.
1414 2889 1655 2954 Ἀσεϐὴς
1683 2889 1714 2940 ό

162 2968 346 3036 λέγων
368 2969 629 3031 βασιλεῖ,
661 2969 1018 3037 Πιιρανομεῖς
1049 2969 1420 3036 παρανομῶν.
1455 2969 1584 3031 Kal,
1619 2969 1709 3031 ’ος

164 3051 266 3101 οὐκ
303 3048 680 3116 ἐπαισχυνθῇ
712 3052 1030 3118 πρόσωπον
1072 3052 1347 3104 ἐναντίον
1406 3067 1541 3117 μου.
1589 3049 1715 3100 Ὀτι

165 3132 370 3196 Κύριος
406 3131 600 3183 πάντα
642 3131 843 3199 ἐφορᾷ,
887 3133 1352 3200 καταλαμϐάνων
1392 3129 1716 3196 ἀνεξιχνίαο

163 3228 290 3271 στα,
319 3212 536 3274 ἐνδοξά
554 3229 615 3264 τε
630 3214 724 3264 καὶ
744 3214 998 3278 ἐξαίσια,
1024 3208 1109 3265 ὧν
1135 3215 1243 3265 οὑκ
1265 3213 1434 3266 ἔστιν
1454 3211 1712 3279 ἀριθμός.

175 3292 336 3358 Ἀνὴρ
367 3293 551 3360 σοφὸς
603 3293 824 3359 άκήκοέ
849 3312 965 3362 μου
1006 3295 1069 3346 τὸ
1103 3293 1301 3361 ρῆμαο
1351 3293 1470 3345 ’1ὼό
1505 3293 1572 3344 δὲ
1605 3294 1713 3344 οὐκ

165 3370 228 3419 ἐν
268 3371 513 3423 συνέσει
575 3371 858 3438 ἐλάλησε.
905 3372 1172 3442 Τέταρτον
1211 3371 1463 3441 προσθεὶς
1509 3370 1714 3431 Ἐλιοὺξ

166 3453 300 3517 λέγει
331 3454 467 3523 πρὸς
495 3453 644 3506 Ίώϐσ
677 3457 735 3507 Τι’
767 3453 940 3506 τοῦτο
967 3453 1173 3521 ἡγήσω
1203 3454 1272 3506 ἐν
1298 3455 1486 3520 κρίσει
1501 3452 1604 3518 ;Σὺ
1628 3453 1715 3516 τίς

165 3531 230 3598 εἴ,
264 3536 350 3590 ὅτι
394 3535 586 3602 εἶπας,
619 3539 849 3602 Δίκαιος
885 3540 999 3606 εΙμι
1043 3538 1318 3590 ἐναντίον
1350 3537 1600 3601 Κυρίους
1644 3535 1714 3587 Τὸ

169 3621 404 3690 πέμπτον
447 3623 700 3692 προσθεὶς
752 3624 958 3686 Ἐλιοὺζ
989 3623 1066 3692 τῷ
1095 3624 1254 3692 λόγῳ,
1287 3623 1376 3675 καὶ
1412 3622 1532 3674 οὒτε
1571 3621 1709 3680 Ἰὼϐ,

167 3702 278 3755 οὔτε
330 3707 378 3757 οἱ
410 3708 556 3774 τρεῖς
605 3706 746 3772 φίλοι
786 3706 1203 3774 προσποιοῦνται
1241 3704 1400 3756 αὑτὸν
1426 3703 1500 3763 ὼς
1536 3703 1709 3755 ἄθεον.

169 3785 323 3852 Δῆλον
353 3784 446 3839 οὖν
470 3789 534 3838 ἐκ
559 3786 697 3845 τότε,
728 3787 808 3838 ὃτι
844 3787 1168 3855 μετενόησαν
1197 3787 1244 3837 οί
1274 3789 1440 3854 τρεῖς.
1490 3783 1593 3835 Kal
1628 3783 1713 3833 λέ-

167 3882 244 3930 ⁶ίει
274 3869 406 3936 πρὸς
443 3868 590 3920 Ίώϐο
629 3868 846 3922 Μεῒνόν
871 3885 945 3936 με
977 3868 1188 3936 μικρὸν
1217 3869 1322 3929 ἕτι,
1370 3868 1464 3918 ἵνα
1498 3865 1714 3926 διδάξω

167 3963 266 4000 σε’
298 3953 382 4003 ἐτι
428 3951 536 4018 γὰρ
565 3951 787 4020 ένέμοί
822 3951 947 4002 ἐστι
997 3953 1213 4017 λέγειν.
1255 3945 1419 4001 Εῐπεν
1473 3947 1709 4008 Ἑλιούζ·

180 4031 465 4093 Ὲνωτίζου
501 4033 702 4095 ταῦτα,
751 4034 882 4087 Ἰώϐ.
925 4034 1123 4100 Στῆθι,
1154 4032 1436 4087 νουθετοῦ
1463 4030 1716 4098 δύναμιν

169 4115 398 4181 Κυρίου.
438 4114 532 4180 Μὴ
563 4115 777 4179 βίϐλος
819 4115 856 4180 ἢ
904 4117 1357 4182 γραμματεύσας
1397 4129 1494 4165 σοι
1537 4113 1714 4180 παρέ-

169 4213 374 4263 ι’τηκε;
400 4197 438 4262 ἢ
469 4197 585 4250 ἀπὸ
609 4196 800 4263 ,ϐορρᾶ
822 4198 970 4263 νέφη
997 4196 1498 4264 χρυσαυγίζοντας

245 4301 622 4370 Ἐμφανισθεὶς
650 4303 677 4353 6
699 4301 828 4362 Θεὸς
844 4301 1037 4354 δικαιοῖ
1056 4302 1142 4353 τὸν
1173 4300 1312 4361 Ἰὼϐ,
1340 4301 1432 4352 καὶ
1453 4301 1714 4352 διδάσκων

171 4381 223 4432 τὺ
245 4387 534 4452 μυστήριον
559 4382 650 4434 τοῦ
674 4383 925 4453 Χριστοῦ,
955 4381 1070 4436 εἷπε
1093 4384 1222 4452 πρὸς
1251 4381 1368 4433 Ἰὼϐ
1391 4401 1400 4410 ·
1427 4383 1519 4445 Τίς
1538 4376 1712 4443 οὗτος

171 4466 197 4512 ό
229 4468 500 4530 κρύπτων
525 4483 642 4531 μου
675 4463 938 4530 βουλὴν,
985 4463 1258 4529 συνέχων
1293 4463 1361 4514 δὲ
1387 4463 1619 4529 ῥήματα
1648 4462 1714 4512 ἐν

174 4547 404 4612 καρδι¹ςι;
441 4548 691 4614 Διάλογος
721 4548 943 4616 Κυρίου,
977 4549 1057 4600 ὅτι
1091 4545 1357 4613 Ἐφριιξα
1396 4545 1714 4597 θάλασσαν

172 4630 398 4694 πύλαις.
434 4627 586 4680 Εἵπα
615 4629 680 4680 δὲ
700 4628 873 4694 αὐτῇ,
906 4629 1086 4696 Μέχρι
1120 4631 1330 4681 τούτου
1350 4629 1592 4693 ἐλεύσῃ,
1616 4627 1710 4678 καὶ

171 4713 270 4778 οὐχ
304 4711 638 4777 ὑπερϐήσῃ,
679 4711 815 4763 ἀλλ’
854 4711 922 4762 ἐν
961 4709 1185 4776 σεαυτῇ
1237 4708 1714 4776 διατριϐήσονταί

172 4808 273 4846 σου
300 4795 368 4846 τὰ
403 4796 650 4860 κύματα.
687 4793 854 4859 Λόγος
885 4793 1106 4861 Κυρίου,
1131 4793 1210 4843 ὃτι
1267 4792 1348 4844 Σὺ
1376 4792 1573 4843 λαϐὼν
1601 4807 1713 4855 πη-

171 4878 288 4935 λιέν,
319 4879 591 4940 ἔπλασας
623 4875 804 4938 ζῶον;
839 4875 1192 4942 Ἀνοίγονταί
1225 4888 1319 4926 σοι
1350 4876 1508 4940 φόϐῳ
1533 4875 1713 4925 πύλαι

173 4959 453 5017 Oara’tov;
492 4957 750 5024 πυλωροὶ
780 4957 846 5008 δὲ
874 4957 1020 5009 ἂδου
1058 4956 1285 5020 ίδόντες
1316 4973 1388 5007 σε
1419 4955 1712 5021 ἕπτηξιιι·;

178 5040 300 5099 Ἔτι,
331 5038 554 5103 Ἶιλθες
591 5039 686 5090 ἐπὶ
731 5039 1071 5106 θησαυροὺς
1115 5039 1333 5106 χιόνος,
1375 5038 1714 5104 θησαιφοὺς

175 5120 232 5172 δὲ
263 5121 520 5190 χαλάζης
544 5120 803 5188 ἑώρακας
823 5140 839 5185 ;
875 5124 1063 5176 Πόθεν
1091 5121 1158 5174 δὲ
1198 5123 1576 5188 ἐκπορεύεται
1613 5121 1714 5173 πάρ

175 5221 306 5269 χνη;
341 5206 434 5268 τίς
466 5205 533 5254 δὲ
568 5204 851 5270 ἡτοίμασε
895 5204 1046 5269 ὑετῷ
1083 5205 1279 5270 λάϐρῳ
1314 5207 1534 5270 ῥύσιν-ς
1572 5206 1710 5265 Ἔτι,

179 5287 260 5350 Τίς
292 5288 461 5339 ἐστιν
499 5285 671 5338 ὑετοῦ
721 5284 948 5352 πατήρ;
991 5287 1089 5338 Ἐκ
1145 5288 1397 5354 γαστρὸς
1443 5286 1508 5336 δὲ
1554 5287 1713 5350 τίνος

173 5367 579 5436 ἑκπορεύσεται
609 5369 1018 5434 κρύσταλλος;
1047 5368 1370 5435 Πάχνηνδὲ
1389 5370 1457 5419 ἐν
1483 5368 1712 5434 ούρανῴ

175 5446 255 5496 καί
278 5448 516 5511 βώλους
537 5445 757 5512 δρόσου
783 5449 871 5510 τίς
896 5447 1094 5499 τέτυκε
1110 5465 1127 5509 ;
1153 5446 1437 5510 Καλέσεις
1450 5447 1516 5498 δὲ
1534 5447 1703 5514 ’νέφος

175 5527 342 5596 φωνῇ,
383 5528 482 5582 καί
536 5527 724 5595 τρόμῳ
782 5527 996 5592 ὓδατος
1041 5529 1261 5596 λάϐρου
1317 5528 1712 5580 έπακούσετιιί

229 5725 262 5787 ⁸,
277 5724 310 5774 li
331 5727 501 5776 Bibliis
520 5725 694 5788 supple
716 5726 798 5782 τήν
819 5726 1094 5788 συγγραφή-ι.

1209 385 1538 441 SYNOPSIS
1577 385 1986 445 SCRIPTURE
2029 390 2296 447 SACRE.

3267 401 3377 456 368

1821 519 1976 568 σου;
2009 507 2377 572 Ἀποστελεῗς
2423 505 2748 573 κεραυνοὺς
2799 505 2894 557 καί
2949 503 3374 571 πορεύσονταις

1826 587 1918 648 Τίς
1954 586 2168 642 δέδωκε
2212 590 2487 656 γυναιξίν
2531 587 2879 655 ὑφάσματος
2925 586 3179 652 σοφίαν;
3234 586 3374 648 Ἔτι.

1823 664 1920 730 Τίς
1960 668 2243 736 ἡτοίμασε
2278 672 2478 736 κόρακι
2503 668 2732 735 βοράν;
2772 666 3027 720 Νεοσσοὶ
3055 665 3162 733 γὰρ
3193 667 3376 720 αὐτοῦ

1819 746 1965 812 πρὸς
1989 749 2205 814 Κύριον
2232 749 2549 816 κεκράγασι
2596 748 2987 815 πλανώμενοι,
3017 745 3088 797 τὰ
3118 744 3254 797 σῖτα
3284 745 3374 810 (n-

1819 827 2080 893 τοῦντες.
2113 831 2250 890 Ὀτι,
2279 829 2504 895 Πτέρυξ
2528 829 2817 894 πετομένη
2840 827 3062 886 ἐλάσει,
3089 826 3196 878 ἐὰν
3225 829 3375 878 συλο

1817 906 1969 973 λάϐῃ
2015 909 2194 960 άσιδα
2227 911 2325 961 καὶ
2366 908 2585 974 νῆσσα.
2632 909 2871 976 Ἀφήσει
2904 910 2988 970 εὶς
3039 907 3154 974 γῆν
3187 907 3258 958 τὰ
3293 906 3376 958 ὠὰ

1817 987 2019 1052 αὐτῆς.
2067 992 2200 1042 Ὅτε
2231 989 2639 1054 κατεσιώπησε
2677 989 2826 1054 αὐτῇ
2868 992 2899 1040 ό
2936 988 3077 1051 Θεὸς
3130 989 3371 1054 σοεοίαν,

1819 1070 1912 1120 καὶ
1935 1071 2395 1139 καταγελάσεται
2419 1073 2623 1123 ἵππου.
2647 1072 2772 1131 Kal.
2799 1073 2896 1122 Ἐκ
2923 1069 3027 1134 τῆς
3044 1069 3375 1135 ἐπιστήμης

1817 1150 2071 1216 ἕστηκεν
2105 1153 2287 1218 ίέραξ,
2320 1153 2445 1222 γὺψ
2473 1153 2540 1204 δὲ
2565 1154 2659 1205 ἐπὶ
2700 1151 2951 1216 νοσσιᾶς
2981 1151 3165 1204 αὐτοῦ
3204 1155 3375 1204 καθε-

1817 1233 1981 1296 σθείς
2011 1234 2320 1294 αὐλίζεται.

1891 1338 2008 1387 Ἔτι
2047 1338 2268 1406 ὲλάλησε
2313 1339 2512 1408 Κύριος
2545 1339 2622 1406 τῷ
2653 1337 2771 1390 Ἰώϐ
2803 1356 2814 1367 ’
2849 1336 2943 1400 Mi)
2984 1335 3186 1402 κρίσιν
3228 1336 3375 1403 μετὰ

1818 1419 2023 1471 ίκανοῦ
2053 1421 2293 1486 κρι’νῃς;
2322 1421 2584 1486 ἐλέγχων
2621 1419 2686 1470 δέ
2734 1419 2878 1470 Θεὸν
2911 1416 3373 1483 ἀποκριθήσεται

1817 1499 2000 1566 αὑτῆ;
2035 1502 2286 1570 Ἑλάλητε
2327 1501 2444 1554 Ἰὼϐ
2469 1501 2545 1568 τῷ
2571 1501 2773 1569 Κυρίῳ,
2797 1501 2896 1559 ὃτι,
2941 1497 3077 1565 Ἐγὼ
3107 1500 3375 1565 κρίνομαι

1816 1584 2300 1649 νουθετούμενος,
2351 1583 2445 1634 καὶ
2495 1582 2757 1648 ἐλέγχων
2809 1582 3064 1646 Κύριον,
3119 1580 3370 1632 ἀκούων.

1829 1663 2081 1732 Ἐλάλησε
2122 1663 2318 1732 Κύριος
2361 1663 2493 1733 πρὸς
2528 1662 2645 1715 Ἰὼϐ
2691 1665 2753 1714 ὲκ
2789 1661 2878 1712 τοῦ
2910 1662 3096 1728 νέφους
3128 1660 3373 1728 δεύτερον

1816 1746 2166 1814 ἐμφανισθεὶς
2209 1745 2355 1816 [575]
2387 1744 2567 1814 αὐτῷ·
2609 1744 2801 1797 Ζῶσαι
2841 1743 3038 1808 ὥσπερ
3079 1741 3229 1808 ἀνὴρ
3259 1741 3373 1806 τὴν

1816 1829 2014 1896 ὀσφύν
2030 1844 2166 1882 σου.
2207 1830 2513 1896 Ἐρωτήσω
2534 1830 2598 1881 δέ
2615 1845 2707 1890 σε,
2728 1828 2806 1881 σὺ
2831 1827 2893 1880 δέ
2921 1845 3015 1896 μοι
3037 1827 3368 1893 ἀπόκριναι.

1815 1910 1985 1976 Λόγος
2007 1911 2209 1980 Κυρίου
2236 1926 2249 1940 ·
2285 1912 2660 1979 Ὀμολογήσω
2691 1913 2801 1977 ἆρα
2825 1911 2910 1962 ὅτι
2934 1912 3178 1962 δύναται
3208 1909 3244 1973 ἠ
3281 1908 3374 1961 δε-

1816 1991 1912 2055 ξιά
1941 2007 2056 2043 σου
2097 1991 2358 2063 [σῶσαι].
2411 1994 2590 2045 Ἀλλὰ
2620 1992 2693 2058 δὴ
2725 1992 2850 2044 ιδοὺ
2878 1993 3048 2058 θηρία
3087 1991 3243 2056 παρὰ
3273 1990 3373 2043 σοὶ

1816 2075 2031 2141 χόρτον
2047 2073 2150 2124 lca
2170 2073 2726 2127 Βουσὶνέσθίουσιν.
2767 2074 2833 2126 Ἢ
2856 2073 2921 2124 δὲ
2952 2073 3199 2138 δύναμις
3215 2070 3373 2133 αὐτῷ

1813 2150 1910 2201 ἐπὶ
1945 2150 2213 2216 ὀμφαλοῦ
2240 2152 2510 2218 γαστρός.
2550 2152 2844 2216 Ἕστησεν
2875 2150 3057 2215 οὐρὰν
3075 2150 3152 2210 ὠς
3187 2147 3373 2199 κυπά-

1807 2245 2050 2297 ρισσον.
2085 2235 2151 2285 Al
2177 2232 2428 2300 πλευραὶ
2469 2233 2675 2294 αὑτοῦ,
2717 2230 2966 2295 πλευραὶ
2998 2229 3300 2297 χάλκειαν
3330 2227 3370 2292 ἡ

1813 2313 1880 2364 δὲ
1897 2313 2068 2380 ῥάχις
2095 2315 2277 2368 αὑτοῦ
2307 2314 2555 2380 σίδηρος
2585 2314 2785 2380 χυτός.
2823 2312 2966 2364 Ὑπὸ
2995 2311 3062 2364 δὲ
3089 2310 3280 2363 πάντα
3301 2312 3372 2362 τὰ

1814 2395 2027 2464 δένδρα
2055 2395 2342 2464 κοιμᾶται.
2377 2395 2562 2459 Ἀξεις
2581 2395 2667 2456 δέ,
2698 2395 2846 2463 φησὶ,
2879 2393 3094 2446 λέοντα
3115 2393 3183 2444 έν
3209 2393 3372 2461 ἀγκί-

1815 2495 2000 2544 στρῳ·
2044 2477 2383 2544 περιθήσεις
2414 2477 2482 2528 δέ
2513 2479 2798 2544 φορσαίαν
2817 2475 2943 2542 περὶ
2968 2475 3081 2540 τὴν
3102 2474 3239 2539 ῥῖνα
3267 2474 3372 2525 ai:-

1813 2561 1938 2611 τοῦ.
1980 2557 2108 2612 Πᾶν
2151 2559 2218 2610 δὲ
2265 2557 2502 2611 πλωτὸν
2533 2557 2834 2610 συνελθὸν
2872 2559 2942 2609 οὐ
2967 2555 3052 2624 μὴ
3082 2554 3368 2622 ἐνέγκωσι

1809 2643 2051 2710 ,βύρσαν
2077 2641 2222 2709 μιάν
2249 2639 2427 2708 οὐρᾶς
2456 2639 2639 2693 αὑτοῦ
2702 2639 2940 2707 Ἠτεῖται
2971 2638 3084 2706 μὲν
3119 2637 3370 2704 σίδηρον

1814 2724 2026 2792 ἄχυρα,
2068 2723 2299 2791 χαλκὸν
2345 2722 2412 2774 δὲ
2452 2721 2654 2790 ὥσπερ
2678 2721 2866 2785 ξύλον
2897 2721 3140 2788 σαθρόν.
3171 2721 3252 2772 Οὐ
3281 2718 3367 2788 μὴ

1813 2805 2008 2872 τρώσῃ
2032 2805 2218 2858 αὐτὸν
2244 2806 2422 2869 τόξον
2451 2805 2750 2873 χάλκειον.

1887 2908 2026 2970 Ἕως
2052 2901 2174 2969 ῶοε,
2203 2909 2292 2959 καί
2321 2907 2593 2960 ἐπαύσατο
2619 2908 2795 2973 λέγειν
2824 2905 2940 2959 ἰώϐ
2965 2922 2979 2936 ο
3011 2900 3151 2957 Οἶδα
3176 2902 3370 2958 πάντα

1815 2995 2090 3059 δύνασαι,
2121 2994 2404 3048 ἀδυνατεῖ
2427 2994 2492 3046 δέ
2521 3011 2616 3048 σοι
2649 2994 2844 3047 οὐδέν.
2881 2993 2976 3056 Τίς
3008 2989 3116 3060 γάρ
3145 2991 3314 3044 ἐστιν
3337 2991 3370 3043 ό

1815 3081 2091 3146 κρύπτων
2125 3095 2198 3131 σε
2236 3080 2518 3143 βουλήνς
2567 3081 2812 3147 Ἦγημαι
2859 3078 2926 3130 δέ
2959 3075 3216 3144 ἐμαυτὸν
3254 3074 3369 3144 γῆν

1814 3167 1911 3217 καὶ
1955 3165 2205 3219 σποδόν.
2242 3165 2468 3232 Ἤλεγξε
2499 3165 2696 3234 Κύριος
2744 3164 2961 3231 Ἑλιφὰζ
2987 3163 3074 3215 τὸν
3106 3158 3365 3230 Θαιμανίο

1812 3271 1909 3324 την
1933 3297 1947 3320 ,
1983 3255 2063 3306 ὅτι
2103 3254 2315 3322 ἥμαρτε
2360 3253 2518 3315 αὐτὸς
2549 3254 2640 3305 καὶ
2667 3253 2716 3304 οί
2758 3251 2849 3304 δύο
2884 3251 3023 3320 φίλοι
3054 3250 3214 3303 αὑτοῦ
3237 3291 3250 3313 ,
3288 3251 3369 3303 ὅτι

1813 3343 1912 3394 οὐκ
1951 3342 2210 3412 ἐλάλησεν
2245 3342 2470 3394 ἐνώπιον
2503 3341 2707 3410 Κυρίου
2753 3339 2977 3410 ἀληθὲς,
3021 3337 3141 3391 οὐδὲ
3184 3337 3370 3406 ὥσπερ

1815 3429 2064 3498 θεράπων
2103 3427 2266 3480 αὑτοῦ
2309 3427 2447 3480 Ἰώϐ.
2488 3426 2746 3479 Ἐνταῦθα
2783 3426 3004 3494 ίλασμὺς
3047 3424 3154 3480 τῶν
3199 3425 3368 3493 τριῶν

1815 3515 1980 3582 φίλων
2008 3515 2094 3566 διὰ
2126 3513 2243 3567 Ἰὼϐ
2271 3513 2360 3565 τοῦ
2394 3513 2580 3582 ἱερέως
2608 3512 2700 3564 τοῦ
2727 3510 2880 3563 Θεοῦ.
2917 3512 3003 3573 Ὠς
3029 3509 3230 3579 ηὔξησε
3253 3509 3336 3561 Κύ
3357 3540 3368 3548 -

1817 3618 1928 3668 ριος
1955 3601 2044 3652 τὸν
2089 3600 2204 3651 Ἰώϐ
2225 3617 2236 3629 ο
2265 3599 2558 3668 εὐξαμένου
2587 3599 2640 3650 δὲ
2672 3596 2833 3648 αὑτοῦ
2865 3597 2955 3647 καὶ
2981 3595 3108 3663 περὶ
3141 3594 3242 3647 τῶν
3277 3595 3370 3661 cpi-

1815 3688 1919 3738 λων
1965 3686 2164 3749 αὑτοῦ,
2217 3687 2421 3755 ἀφῆκεν
2479 3686 2658 3746 αὐτοῖς
2691 3683 2889 3752 Κύριος
2942 3682 3234 3752 ἁμαρτίαν.
3283 3681 3370 3744 Ὠς

1817 3774 2049 3842 ἥκουσαν
2081 3773 2278 3834 πάντες
2311 3775 2370 3824 ἐκ
2400 3771 2492 3823 τοῦ
2523 3771 2710 3837 γένους
2745 3770 2861 3821 Ἰὼϐ
2886 3810 2898 3831 ,
2929 3770 3020 3822 xal
3043 3764 3204 3838 ἦλθον
3235 3767 3370 3838 πρὸς

1818 3860 1993 3922 αὑτὸν,
2023 3861 2112 3912 καὶ
2151 3859 2347 3926 ἔφαγον
2373 3859 2464 3910 καὶ
2494 3857 2642 3908 ἔπιον
2677 3858 2805 3925 παρ’
2836 3855 2982 3923 αὐτῷ
3000 3893 3013 3915 ,
3041 3857 3132 3908 καὶ
3161 3854 3370 3923 θαυμά-

1820 3962 2004 4008 σαντες
2036 3946 2194 3998 αὑτὸν
2240 3944 2442 3996 ἔδωκαν
2495 3943 2640 4012 αὑτῷ
2670 3942 2896 4004 ἕκαστος
2949 3941 3161 4008 ἀμνάδα
3218 3944 3366 4008 μίαν,

1817 4031 1909 4082 καὶ
1963 4031 2367 4100 τετράδραχμον
2417 4027 2666 4097 χρυσοῦν.
2717 4028 2802 4087 Ὠς
2852 4026 3156 4094 γέγραπται
3209 4024 3370 4076 αὑτὸν

1816 4117 2207 4184 ἀναστήσεσθαι
2254 4107 2464 4182 μεθ’ῶν
2514 4114 2542 4162 6
2573 4112 2770 4182 Κύριος
2822 4111 3117 4180 ἀνίστησιν.
3159 4111 3244 4162 Ἐν
3288 4103 3368 4173 οἷς

1817 4205 1909 4254 καὶ
1939 4205 1969 4271 ἠ
2001 4201 2226 4270 δύναμις
2257 4201 2440 4254 ἆπασα
2468 4199 2560 4251 τοῦ
2595 4198 2793 4266 βιϐλίου
2830 4185 3034 4286 Ἰὼϐ]

2285 4420 2471 4488 Σοφία
2499 4416 2900 4486 Σολομῶντος.

1884 4591 2052 4658 Σοφία
2103 4588 2440 4658 Σολομῶντος
2498 4587 2740 4639 καλεῖται
2772 4585 2830 4636 τὸ
2882 4582 3112 4652 βιϐλίον·
3146 4583 3234 4634 καὶ
3265 4583 3368 4652 γὰρ

1817 4679 2081 4732 καὶτοῦτο
2101 4716 2113 4736 ,
2162 4675 2318 4743 φασὶ.
2350 4671 2592 4742 Σολομῶν
2622 4673 2766 4724 ἐστιν
2812 4672 2839 4722 ὁ
2874 4665 3102 4740 γράψας.
3134 4669 3283 4720 Ἐστι
3314 4669 3367 4720 δὲ

1816 4767 1871 4817 ὲν
1916 4763 2058 4832 αὑτῷ
2086 4760 2392 4814 διδασκαλία
2440 4757 2815 4826 δικαιοσύνης,
2849 4757 2942 4808 xal
2985 4755 3045 4806 τὸ
3089 4755 3370 4823 γνωρίζειν

1814 4852 1937 4914 τούς
1990 4868 2047 4900 τε
2093 4847 2322 4914 φαύλους
2363 4845 2556 4915 ἄνδρας
2607 4845 2697 4896 καὶ
2730 4843 2851 4904 τοὺς
2892 4841 3246 4902 σπουδαίους,
3278 4841 3370 4891 καὶ

1819 4935 2117 5007 προφητεία
2166 4934 2290 5004 περὶ
2318 4931 2570 5002 Χριστοῦ.
2610 4931 2718 4982 Καὶ
2744 4931 2822 4981 ὅτι
2857 4926 3032 4996 πολλῷ
3080 4928 3222 4993 πόνῳ
3277 4926 3369 4976 καὶ

1815 5024 1961 5092 πόθῳ
1985 5019 2336 5089 κατορθοῦται
2362 5018 2537 5085 σοφία.
2568 5018 2690 5068 Ἔτι
2718 5016 2772 5067 δὲ
2814 5016 2904 5067 καὶ
2939 5011 3249 5081 φυσιολογία
3277 5025 3370 5079 με-

1819 5110 1941 5180 ρική
1966 5127 1978 5139 ·
2018 5108 2111 5159 καὶ
2161 5105 2298 5158 κατὰ
2327 5103 2554 5156 εἰδώλων
2587 5104 2680 5154 xal
2713 5101 2820 5153 τῶν
2859 5099 2994 5152 αὐτὰ
3039 5097 3367 5164 γλυφόντων,

1817 5197 1908 5248 καὶ
1952 5195 2008 5245 ὲν
2059 5193 2238 5253 αὐτοῖς
2293 5189 2616 5252 ἐλπιζόντων
2645 5227 2657 5251 ,
2705 5189 2794 5241 καὶ
2843 5185 3200 5255 λατρευόντων
3226 5198 3238 5212 ·
3277 5185 3366 5234 καὶ

1818 5281 1981 5348 ῦμνος
2046 5279 2140 5330 σὺν
2217 5277 2594 5347 ἐξομολογήσει
2653 5273 2756 5326 τῶν
2825 5270 3201 5339 γεγενημένων
3259 5273 3366 5331 τοῖς

1829 5365 2180 5437 Ἰσραηλίταις
2207 5363 2518 5432 θαυμασίων
2546 5361 2770 5412 ἐνώπιον
2801 5359 2906 5410 τῶν
2938 5355 3140 5424 ἐχθρῶν
3169 5355 3366 5418 αὐτῶν,

1815 5453 1966 5522 παρὰ
1994 5452 2086 5505 τοῦ
2113 5452 2266 5504 Θεοῦ.
2298 5451 2360 5500 'H
2395 5450 2488 5517 μὲν
2517 5442 2608 5498 οὖν
2635 5445 2860 5516 περιοχὴ
2886 5442 2976 5496 τοῦ
3015 5441 3214 5511 βιϐλίου
3245 5438 3368 5490 τοῦ-

1812 5560 1900 5596 τον
1931 5541 2039 5610 ἔχει
2071 5539 2161 5592 τὸν
2203 5538 2419 5608 τρόπον.
2463 5535 2524 5586 Ἡ
2563 5534 2617 5585 δὲ
2643 5529 3110 5598 άνακεφαλαίωσίς
3138 5529 3280 5578 ἐστιν
3310 5525 3369 5576 ὲν

1813 5627 2036 5689 τούτοις.
2079 5626 2164 5677 Ἐν
2194 5622 2493 5692 προοιμίοις
2549 5620 2646 5688 μὲν
2697 5617 2974 5688 προτροπὴ
3031 5610 3234 5665 δικαίου
3289 5611 3367 5672 εἰς

1819 5713 2144 5775 θεοσέϐειαν,
2176 5711 2267 5763 καὶ
2296 5709 2509 5776 ἔλεγχος
2539 5705 2762 5766 ἀσεϐοῦς
2797 5703 3129 5771 βλασφήμου.
3159 5697 3252 5765 Μὴ
3275 5695 3368 5764 ζή-
