4094 6474
690 386 804 442 369

688 497 803 550 λου
826 494 956 566 γάρ,
988 495 1158 567 φησὶ,
1206 494 1345 562 τοὺς
1382 494 1797 563 ἁντιχρίστους
1819 531 1833 555 ,
1878 489 2090 555 οἵτινές
2121 489 2239 542 εἰσι

1416 376 1476 433 S.
1512 375 1792 434 JOANNIS
1826 369 2309 433 CHRYSOSTOM
2340 371 2659 430 ARCHIEP.
2696 366 3242 428 CONSTANTI‘NOP.

3794 374 3913 430 370

2345 490 2451 553 τοῖς
2480 489 2536 542 δὲ
2581 489 2746 551 ὁσίοις
2791 486 2955 541 αὐτοῦ
2992 486 3107 555 φῶς
3140 486 3197 537 ἑν
3248 480 3505 551 Αἰγύπτῳ
3530 518 3544 543 ,
3576 477 3670 532 καὶ
3722 476 3781 531 ιν
3830 482 3901 549 τῇ

690 562 944 645 θάνατος
992 562 1166 633 Πόθεν
1212 580 1261 633 οἰ
1291 562 1641 641 ἀσεϐεἶςῃὲπὶ
1676 576 1754 647 τῷ
1800 575 2108 645 σταυρῶσαι
2149 571 2242 625 τὸν
2341 574 2531 645 ιρήμῳ
2558 574 2746 627 στῦλον
2776 572 2941 642 πυρός
2963 586 2976 602 ⁸
3004 571 3098 624 καὶ
3129 569 3248 623 ἀντὶ
3292 567 3388 637 μὲν
3427 564 3654 620 θανάτου
3690 562 3905 634 νηπίων

691 663 897 737 Κύριον
924 665 1020 733 τῆς
1039 664 1194 733 δόξης
1228 659 1422 733 ἦλθον,
1454 664 1542 716 τὸν
1571 661 1737 715 αἰῶνα
1780 660 1968 713 τοῦτον
2017 655 2244 727 προκρί-

692 766 897 812 ναντες.
927 750 1042 803 Ὀτι
1068 751 1160 803 καὶ
1186 750 1310 812 τοὺς
1353 748 1679 808 ἀποστόλους
1707 745 1932 809 ἒδίωξαν
1973 744 2065 796 καὶ
2102 741 2244 795 ἀπέ-

694 851 927 889 κτειναν.
946 834 1067 887 Ὀτι
1094 834 1232 895 τινὲς
1249 833 1458 885 ἔσονται
1483 833 1532 883 οί
1554 829 1953 895 ἐξουθενοῦντες
1974 827 2062 881 τὸν
2084 826 2246 896 νόμον

694 917 787 970 τοῦ
808 918 1030 989 Κυρίου,
1057 918 1149 971 καὶ
1172 917 1313 980 τινὲς
1339 918 1387 970 οἰ
1415 914 1771 982 ὑποταγέντες
1796 910 1959 981 αύτῷ.

766 1004 887 1058 Ὀτι
913 1005 1029 1057 οὐδὲ
1060 1003 1292 1071 πλήθους
1331 1002 1662 1056 ἀσεϐούντων
1694 1001 1773 1060 εἰς
1801 999 2033 1067 Χριστὸν
2063 995 2242 1064 φείσε-

696 1107 785 1142 ται
834 1092 862 1143 6
897 1090 1046 1152 Θεός.
1092 1089 1237 1151 Ἐνὸς
1283 1088 1389 1157 γὰρ
1417 1086 1620 1139 δικαίου
1664 1082 2005 1144 πιστεύοντος
2028 1079 2247 1151 Χριστῷ

700 1174 849 1244 μίλει
873 1173 950 1243 τῷ
973 1173 1087 1243 Θεῷ
1105 1212 1119 1236 ,
1148 1172 1247 1225 κᾶν
1273 1174 1389 1234 νέος
1411 1170 1672 1242 ἀποθάνῃ.
1702 1167 1900 1237 Γῆρας
1927 1169 2035 1235 γὰρ
2055 1169 2249 1236 τίμιον

696 1262 769 1314 οὐ
805 1260 871 1313 τὸ
904 1259 1325 1326 πολυχρόνιον.
1360 1259 1423 1309 Εἰ
1476 1258 1569 1309 καὶ
1619 1254 1816 1324 ἀσεϐής
1863 1252 2114 1319 τελευτήν
2154 1249 2245 1303 τοῦ

697 1344 840 1418 [επ]
861 1344 1245 1405 πιστεύοντοςΧ
1257 1342 1418 1413 ριστῷ
1434 1340 1797 1404 ἐξουθένωσεν,
1813 1339 1924 1393 ἀλλ’
1942 1336 2248 1404 ἐκλέγονται

699 1429 805 1483 ἀπὸ
844 1426 1095 1499 Χριστοῦ.
1128 1428 1189 1480 Οἰ
1220 1426 1432 1488 ἀσεϐεῖς
1463 1425 1640 1494 ἀτίμῳ
1669 1422 1918 1493 πτώματι
1950 1420 2248 1491 παραδοθή-

702 1531 903 1575 σονται,
922 1516 1011 1567 καὶ
1033 1513 1238 1584 μεγάλῃ
1259 1512 1433 1583 κρίσει
1452 1510 1947 1581 καταϐληθήσονται
1964 1509 2010 1561 οἰ
2026 1506 2249 1559 διῶκται

698 1602 806 1654 τῶν
845 1600 938 1654 τοῦ
972 1598 1202 1671 Χριστοῦ
1227 1598 1423 1652 δούλων
1445 1638 1459 1662 ,
1490 1598 1548 1649 ἐν
1574 1600 1638 1667 τῇ
1674 1597 1883 1667 κρίσει,
1921 1594 2115 1656 ἰδόντες
2152 1591 2249 1661 τήν

699 1682 853 1749 δόξαν
884 1681 1046 1736 αὑτοῦ
1075 1682 1169 1734 καὶ
1200 1680 1377 1735 αὐτῶν
1400 1721 1416 1745 ,
1464 1680 1558 1732 καὶ
1611 1678 1833 1739 ἑαυτοὺς
1878 1676 1957 1739 εἰς
2008 1674 2245 1728 κόλασιν.

703 1763 823 1817 Ὀτι
849 1765 877 1816 ὁ
925 1763 1150 1825 πλοῦτος
1178 1761 1312 1832 μετά
1342 1760 1651 1823 ἀλαζονείας
1694 1756 2058 1828 συμϐέϐληται
2098 1756 2246 1825 ήμῖν.

699 1844 796 1908 Τίς
845 1844 980 1917 όργή
1026 1844 1133 1897 τῶν
1164 1843 1497 1897 ἀσεϐούντων
1545 1843 1622 1905 εἰς
1659 1839 1910 1907 Χριστόν.
1940 1836 2250 1907 Προτροπαὶ

698 1933 810 1993 τοίς
838 1931 1059 2002 ἄρχουσι
1092 1929 1183 1983 τοῦ
1224 1928 1437 1999 Ἰσραὴλ
1463 1968 1478 1992 ,
1514 1926 1651 1980 ὥστε
1692 1922 1963 1978 πιστεύειν
1993 1920 2209 1993 Χριστῷ
2232 1938 2246 1952 ·

699 2016 898 2087 μᾶλλον
921 2016 976 2069 δὶ
1003 2015 1298 2087 παράθεσις
1318 2017 1429 2077 τοῖς
1448 2014 1671 2083 ἄρχουσι
1697 2012 1795 2080 τῆς
1822 2008 2110 2078 καθολικῆς
2138 2008 2253 2059 Ἐκ-

698 2101 924 2171 κλησίας
947 2140 962 2167 ,
1002 2100 1115 2164 πῶς
1153 2101 1339 2171 άρχειν
1388 2099 1499 2162 δεῖ,
1539 2095 1973 2167 ἀποστραφέντος
2019 2092 2246 2147 ἐκείνου.

700 2188 795 2252 Τίς
817 2190 849 2258 ή
886 2188 1063 2257 σοφία,
1095 2189 1123 2241 ό
1144 2187 1268 2249 Υίδς
1288 2186 1381 2239 τοῦ
1402 2186 1557 2239 Θεοῦ.
1580 2187 1687 2239 Kal
1717 2184 1830 2248 πῶς
1860 2185 1889 2237 6
1914 2183 2084 2251 Λόγος
2115 2181 2249 2252 σάρξ

699 2271 889 2341 γέγονε
909 2313 924 2337 ,
950 2273 1043 2326 καὶ
1067 2273 1370 2341 ἐσκήνωσεν
1392 2273 1448 2325 ὲν
1474 2273 1623 2341 ήμῖν.
1649 2272 1767 2323 Ὀτι
1810 2267 1962 2336 κάγὼ
1994 2270 2252 2337 ὁμοιοπα-

699 2357 796 2427 θὴς
824 2358 949 2428 ὑμῖν
974 2356 1048 2410 ῶν
1075 2356 1357 2427 ἀνθρωπος
1389 2359 1451 2409 ὲκ
1476 2355 1773 2416 κελεύσεως
1795 2352 1928 2407 Θεοῦ
1960 2352 2251 2405 πεπαίδευ-

701 2462 819 2515 μαι.
851 2446 983 2515 Περὶ
1008 2443 1272 2515 Χριστοῦ-
1308 2447 1378 2513 τῇ
1414 2444 1574 2514 σοφία
1600 2442 1690 2496 τοῦ
1719 2441 1852 2495 Θεοῦ
1880 2480 1895 2503 ,
1926 2442 2007 2494 ὅτι
2034 2440 2251 2493 πάντων

698 2530 797 2601 τὴν
838 2531 1033 2597 γνῶσιν
1060 2530 1116 2595 ἑξ
1146 2531 1311 2599 αὐτῆς
1338 2530 1523 2598 [σχοψ
1568 2531 1663 2581 ἐν
1708 2529 1818 2597 γὰρ
1867 2526 2015 2595 χειρὶ
2067 2525 2251 2580 αὑτοῦ

700 2617 798 2670 καί
825 2616 994 2685 ἡμεῖς
1016 2616 1113 2670 καί
1144 2619 1195 2669 οἰ
1220 2617 1383 2685 λόγοι
1423 2614 1608 2684 ἡμῶν.
1631 2615 1724 2677 Τίς
1749 2616 1781 2683 ὴ
1814 2613 1989 2682 σοφία,
2015 2613 2107 2666 καὶ
2136 2611 2251 2676 πῶς

700 2705 781 2764 εἰς
814 2700 1126 2772 ἀνθρώπους
1157 2697 1305 2771 ἦλθε.
1338 2702 1455 2756 Μία
1484 2702 1594 2769 γὰρ
1637 2696 1794 2754 οὖσα
1841 2699 2034 2752 πάντα
2060 2698 2253 2752 δύνα-

699 2805 814 2849 ται.
847 2788 941 2841 καί
966 2786 1231 2856 μένουσα
1257 2786 1327 2839 ἐν
1352 2785 1504 2854 αὐτῇ
1530 2786 1600 2840 τὰ
1632 2784 1825 2838 πάντα
1853 2783 2106 2844 καινίζει.
2143 2783 2252 2853 Τήν

704 2873 914 2941 σοφίαν.
937 2873 1116 2942 φησὶν,
1139 2873 1201 2924 ὲκ
1228 2872 1473 2941 νεότητος
1496 2872 1723 2940 φιλήσας
1746 2908 1760 2931 ,
1785 2869 1960 2922 πάντα
1980 2868 2048 2920 τά
2075 2868 2254 2935 ἀγαθὰ

700 2957 762 3022 ἑξ
806 2959 973 3028 αὐτῆς
1015 2958 1169 3027 ἔσχον
1217 2957 1449 3025 σαρκικὰ
1490 2956 1585 3009 καὶ
1635 2955 1992 3025 πνευματικά.
2030 2953 2154 3009 Ὅτι
2194 2954 2255 3007 16

704 3045 927 3115 μέγεθος
959 3045 1054 3113 τῆς
1099 3043 1289 3112 σοφίας
1339 3042 1586 3111 ἐγνωκὼς
1642 3044 1885 3113 ἐνέτυχον
1932 3042 2008 3112 τῷ
2044 3042 2252 3113 Κυρίῳ,

700 3129 843 3183 ῶστε
870 3147 959 3199 μοι
988 3129 1203 3200 δοθῆναι
1248 3130 1308 3185 16
1361 3130 1513 3196 ἅγιον
1556 3129 1776 3199 Πνεῦμα
1808 3129 1867 3181 16
1916 3128 2146 3197 φωτίζον
2187 3144 2253 3196 με

702 3216 831 3286 περὶ
883 3216 1068 3286 αὐτῆς.
1104 3217 1210 3270 Kal
1266 3216 1558 3285 ἐπέμφθη,
1616 3216 1700 3267 ἵνα
1752 3215 2085 3285 συγκοπιάζῃ
2142 3231 2252 3284 μοι.

702 3302 985 3373 Λογισμοί
1030 3304 1135 3373 γὰρ
1165 3301 1393 3369 θνητῶν
1413 3302 1620 3356 δειλοί.
1644 3303 1776 3372 Περὶ
1802 3302 1909 3355 τῶν
1955 3302 2128 3373 ἔργων
2158 3300 2256 3371 τῆς

706 3389 916 3459 σοφίας.
951 3389 1069 3451 Πῶς
1091 3390 1180 3441 16v
1215 3388 1629 3459 πρωτόπλαστον
1660 3388 1992 3456 διεφύλαξεν,
2032 3387 2090 3450 ἐξ
2118 3388 2255 3441 ὅσων

702 3476 888 3529 κακῶν
928 3475 1086 3539 σώζει
1108 3475 1230 3537 τοὺς
1249 3474 1597 3537 πιστεύοντας
1629 3474 1773 3544 αύτῴ
1793 3474 1821 3525 6
1851 3473 1981 3537 Θεὸς
1999 3512 2013 3533 .
2039 3474 2131 3526 καὶ
2156 3474 2255 3525 ὅσα

704 3558 884 3626 ἀγαθά
908 3558 1151 3630 παρέχει.
1174 3553 1295 3612 Οἴον
1316 3558 1407 3610 τὸν
1427 3558 1571 3623 Νῶε,
1593 3558 1682 3611 τὸν
1710 3559 1975 3629 Ἁϐραάμ,
2000 3558 2091 3611 τὸν
2112 3558 2255 3619 Λὼτ,

703 3646 794 3697 τὸν
833 3643 1056 3708 Ἰακὼϐ,
1099 3644 1189 3697 τὸν
1230 3643 1457 3713 Ἰωσὴφ,
1486 3644 1611 3706 τοὺς
1659 3643 2025 3715 Ἰσραηλίτας,
2059 3643 2151 3707 οὓς
2192 3646 2256 3696 ὲκ

702 3729 882 3800 χειρός
913 3730 1021 3781 τῶν
1048 3730 1349 3796 Αἰγυπτίων
1378 3730 1701 3800 ὲξερῤύσατο
1738 3730 1823 3783 διὰ
1852 3730 2091 3793 Μωσέως
2115 3769 2131 3791 ,
2163 3730 2256 3783 καὶ

703 3817 773 3869 ἐκ
809 3816 1007 3885 πέτρας
1048 3816 1345 3885 ἀκροτόμου
1382 3816 1535 3884 ἐδόθη
1560 3817 1737 3879 αὐτοῖς
1765 3817 1925 3887 ὕδωρ.
1964 3818 2048 3880 '0;
2072 3819 2183 3879 τοῖς
2212 3815 2255 3880 ζ’

704 3902 913 3955 ἔθνεσιν
964 3900 1244 3954 ἀπέστειλε
1291 3905 1527 3971 σφῆκας,
1572 3900 1915 3972 μακροθυμίᾳ
1952 3901 2007 3954 δὲ
2044 3900 2259 3971 χρώμε-

705 4005 794 4051 νος
820 4026 835 4050 ,
870 3988 961 4041 καὶ
993 3987 1200 4051 τούτοις
1244 3988 1407 4040 ἐδίδου
1436 3988 1596 4041 τόπον
1633 3988 1914 4058 μετανοίας
1936 4025 1952 4049 .
1992 3988 2257 4042 παιδεύων

700 4074 793 4129 διά
821 4074 1020 4128 τούτων
1047 4074 1135 4128 τὸν
1173 4075 1299 4128 λαὸν
1330 4071 1468 4128 εἰναι
1501 4075 1890 4144 φιλάνθρωπον.
1921 4074 2075 4129 Κατά
2114 4092 2256 4129 στοι-

705 4160 1033 4232 χειολατρῶν
1059 4199 1073 4221 ,
1111 4160 1421 4231 βατράχων,
1462 4161 1683 4231 σφηκῶν
1708 4200 1722 4223 ,
1769 4160 1918 4231 μυῶν
1941 4201 1955 4225 ,
1999 4162 2253 4232 ἀκρίδων,

708 4246 965 4316 σκνιφῶν,
997 4246 1189 4315 ὄφεων.
1217 4246 1368 4299 Κατὰ
1402 4247 1811 4315 εἰδωλολατρῶν,
1838 4249 1899 4299 ἐκ
1933 4249 2129 4317 χρυσοῦ
2164 4249 2257 4300 καὶ

703 4334 969 4405 ἀργύρου,
1009 4333 1041 4403 ἢ
1071 4333 1248 4398 λίθων,
1291 4334 1323 4405 ἢ
1354 4333 1520 4399 ξύλων
1559 4333 1785 4387 εἰδώλων
1816 4336 2257 4404 κατεσκευασμέ-

646 4426 649 4432 ’
705 4438 831 4473 νων.
864 4422 984 4472 Ὀτι
1019 4420 1133 4472 ἐστὶ
1164 4420 1403 4489 σωτηρία
1446 4419 1534 4472 διά
1564 4419 1718 4483 ξύλου
1765 4421 1877 4483 τοῖς
1922 4420 2253 4473 πιστεύουσι.

706 4506 790 4557 Τά
821 4506 947 4575 περὶ
977 4504 1083 4557 τῶν
1118 4505 1541 4575 εἰδωλοποιῶν,ή
1578 4505 2001 4575 ζωγραφούντων
2046 4506 2254 4562 εἴδωλα.

711 4592 844 4661 Περὶ
873 4592 1084 4644 πάντων
1110 4590 1217 4644 τῶν
1250 4591 1433 4644 κακῶν
1463 4592 1567 4643 τῶν
1588 4592 1643 4643 ἐν
1666 4590 2089 4662 εἰδωλολατρείᾳ.
2125 4591 2262 4661 Περὶ

708 4678 935 4741 ἀσεϐοῦς
962 4677 1252 4749 θρησκείας
1270 4718 1283 4742 ,
1309 4680 1399 4731 καὶ
1425 4679 1524 4731 ὅσα
1552 4678 1609 4729 ἐν
1635 4679 1767 4749 αὐτῇ
1805 4678 1965 4731 κακά.
1997 4677 2129 4749 Περὶ
2164 4677 2255 4731 τοῦ

714 4764 1016 4833 κεραμέως,
1042 4765 1134 4817 καὶ
1152 4763 1259 4817 τῶν
1280 4781 1339 4817 κε
1349 4763 1591 4835 ραμικῶν
1611 4763 1858 4817 εἰδώλων.
1886 4765 2020 4835 Περί
2045 4764 2259 4817 πάντων

710 4848 819 4902 τῶν
865 4848 1093 4901 εἰδώλων
1136 4848 1233 4917 τῆς
1286 4850 1393 4902 τῶν
1438 4850 1603 4903 ἐθνῶν
1654 4850 1922 4920 λατρείας.
1972 4851 2103 4921 Περὶ
2153 4850 2259 4903 τῶν

713 4933 972 5003 ἐχθίστων
1004 4934 1155 4997 ζώων
1177 4974 1191 4996 ,
1214 4934 1386 5002 ϐφεων
1410 4975 1425 4998 ,
1454 4934 1743 5005 αἰλούρων,
1778 4935 1870 4987 καὶ
1905 4935 2011 4987 τῶν
2039 4936 2259 5005 ὁμοίων.

715 5020 842 5071 ’Ότι
869 5020 1226 5090 εὐηργέτησεν
1251 5022 1278 5072 6
1296 5021 1423 5082 Θεὸς
1447 5021 1533 5071 16v
1567 5020 1778 5091 Ἰσραήλ
1828 5021 1946 5073 ἀντὶ
1980 5020 2261 5091 βατράχων

713 5107 1137 5176 ὁρτυγομήτραν.
1170 5106 1291 5158 Ὅτι
1336 5107 1427 5158 καὶ
1460 5106 1549 5157 ἐπὶ
1578 5106 1847 5175 δήγματος
1879 5106 2053 5175 ὄφεων
2087 5124 2260 5177 σωτη-

718 5190 808 5261 ρία
835 5190 925 5243 τοῦ
953 5190 1080 5243 λαοῦ
1114 5208 1206 5243 σου
1252 5190 1317 5243 δι’
1343 5192 1514 5259 ὄφεως
1571 5190 1766 5260 χαλκοῦ
1799 5192 2209 5263 ἐσταυρωμένου
2243 5209 2257 5224 ·

714 5278 837 5338 τοὺς
862 5275 918 5327 δὲ
953 5275 1173 5346 ἐχθροὺς
1203 5277 1377 5331 αὐτῶν
1413 5277 1478 5329 δι’
1500 5276 1672 5345 ὄφεων
1713 5278 1804 5329 καὶ
1837 5278 1982 5347 μυῶν
2011 5280 2261 5332 ἀπέκτει-

716 5377 825 5415 νεν.
854 5362 975 5413 Ὀτι
1020 5361 1261 5429 ἀγγέλων
1287 5361 1487 5432 τροφήν
1536 5362 1775 5431 ὲψώμισε
1820 5362 1913 5415 16v
1950 5363 2075 5416 λαὸν
2124 5365 2262 5434 πρὸς

717 5448 893 5500 πᾶσαν
928 5446 1116 5517 ήδονὴν
1147 5445 1445 5515 ἰσχύουσαν,
1481 5450 1571 5500 καὶ
1608 5448 1742 5517 1196;
1787 5449 1962 5500 πᾶσαν
2001 5450 2260 5519 ἁρμονίας

716 5530 920 5599 γεῦσιν.
953 5534 1070 5585 Ὅτι
1096 5532 1331 5601 χάλαζαν
1354 5533 1663 5600 Αἰγυπτίοις
1695 5536 1827 5605 μετὰ
1853 5535 2020 5604 πυρὸς
2051 5536 2259 5605 ἔπεμψε

718 5617 853 5686 πρὸς
896 5618 1184 5690 διαφθοράν
1229 5622 1596 5689 γεννημάτων.
1630 5621 1747 5673 Ὀτι
1794 5623 1905 5683 τοῖς
1950 5622 2259 5687 Αἰγυπτίοις

720 5700 924 5771 επεμψε
957 5703 1269 5774 ψηλαφητὸν
1303 5708 1519 5769 σκότος,
1554 5706 1647 5758 xal
1684 5706 1751 5758 τὰ
1796 5707 1853 5757 ὲν
1882 5706 2028 5775 αύτῷ
2066 5709 2234 5760 κακά·

2355 658 2568 729 Ἰσραὴλ
2592 698 2607 721 ,
2642 657 2749 711 τῶν
2773 655 3080 723 Αἰγυπτίων
3132 651 3487 724 πρωτοτόκων
3534 648 3759 709 θάνατος
3804 648 3903 701 καὶ

2344 742 2773 810 καταποντισμός
2796 759 2809 772 ’
2849 740 2999 811 [575]
3028 740 3145 793 ἀντὶ
3164 739 3222 793 δὲ
3260 737 3486 791 θανάτου
3520 734 3901 806 πρωτοτόκων,

2346 828 2587 897 σωτηρία
2626 826 2837 896 Ἰσραὴλ
2866 826 2931 878 δι’
2960 826 3189 895 αἵματος
3219 822 3508 893 προϐάτου.
3537 820 3645 873 Kal
3676 819 3769 870 ιπὶ
3802 818 3902 886 μὲν

2346 912 2557 981 θανάτῳ
2584 912 2803 965 δικαίων
2836 913 2892 964 ἐν
2923 912 3111 981 ἐρήμῳ
3131 949 3145 971 .
3188 906 3396 977 Ἀαρὼν
3442 905 3755 969 ἐξιλάσατο,
3787 904 3905 956 Ku-

2350 1000 2449 1069 ρίῳ
2494 996 2925 1067 προσευξάμενος
2962 996 3055 1048 καὶ
3106 994 3405 1063 θυμιάσαςο
3449 991 3541 1043 ἐπὶ
3588 989 3643 1042 δὲ
3685 987 3905 1057 θανάτῳ

2345 1084 2653 1153 Αἰγυπτίων
2686 1084 2742 1136 ὲν
2764 1078 2995 1152 Ἐρυθρᾷ
3046 1080 3313 1150 θαλάσσῃ,
3343 1076 3651 1145 ἀνελεήμων
3690 1073 3861 1142 θυμὸς
3884 1113 3903 1134 ,

2346 1171 2439 1223 τοῦ
2460 1170 2515 1222 δὲ
2536 1168 2662 1221 λαοῦ
2688 1166 2981 1237 παράδοξος
3009 1163 3299 1235 ὁδοιπορία.
3336 1162 3456 1214 Ὅτι
3483 1160 3568 1212 διὰ
3599 1157 3907 1228 μισοξενίαν

2348 1256 2544 1308 ἔπαθον
2566 1254 2733 1306 ταῦτα
2764 1254 2812 1304 οἰ
2841 1250 3139 1316 Αἰγύπτιοι,
3161 1249 3236 1311 ώς
3261 1248 3351 1300 καὶ
3378 1248 3426 1299 οἰ
3453 1245 3751 1313 Σοδομῖται.
3778 1244 3906 1296 Ὀτι

2347 1342 2417 1395 16.
2444 1343 2679 1411 στοιχεῖα
2706 1339 2985 1392 ὑπόκειται
3014 1340 3077 1407 τῇ
3104 1336 3222 1406 θείᾳ
3250 1336 3427 1405 κρίσει
3464 1330 3695 1404 Χριστοῦ
3720 1369 3735 1392 ,
3764 1330 3909 1401 πρὸς

2348 1429 2377 1481 ὁ
2410 1428 2655 1498 βούλεται
2681 1425 3047 1497 ρυθμιζόμενα
3068 1462 3082 1487 ,
3110 1423 3185 1485 ώς
3214 1421 3399 1492 χορδαὶ⁸
3428 1418 3652 1487 κιθάρας
3698 1418 3775 1487 τῷ
3821 1434 3909 1469 κι-

2350 1512 2637 1585 θαρίζοντι.
2680 1512 2766 1563 Ἐν
2812 1505 2894 1573 οἷς
2930 1512 3076 1563 πᾶσα
3103 1508 3326 1577 δύναμις
3358 1506 3455 1576 τῆς
3500 1503 3696 1572 Σοφίας
3742 1502 3909 1556 Σολο-

2352 1601 2559 1672 μῶντος
2592 1598 2687 1663 τῆς
2716 1597 3016 1669 λεγομένης
3047 1595 3376 1667 Παναρέτου.

2756 1773 3060 1842 Παροιμίαι
3102 1770 3502 1840 Σολομῶντος.

2418 1894 2710 1967 Παροιμίαι
2742 1892 3078 1963 Σολομῶντος
3105 1892 3164 1945 16
3195 1890 3401 1962 βιϐλίον
3424 1888 3685 1953 καλεῖται,
3713 1888 3909 1960 ἐπειδὴ

2349 1983 2443 2037 καὶ
2482 1982 2683 2043 ταύτας
2711 1978 2957 2049 Σολομῶν
3003 1981 3145 2032 ἑστιν
3182 1978 3211 2030 6
3258 1976 3493 2047 λαλήσας
3519 1975 3612 2028 καὶ
3662 1974 3902 2044 γράψας.

2348 2064 2514 2131 Οὗτος
2549 2068 2605 2120 δὲ
2642 2066 3014 2135 διαδεξάμενος
3037 2062 3132 2135 τὴν
3163 2062 3435 2131 βασιλείαν
3461 2059 3621 2114 Δαυῒδ
3666 2059 3760 2113 τοῦ
3795 2076 3907 2112 πα·-

2349 2156 2473 2224 196;
2519 2152 2715 2215 αὑτοῦ,
2756 2152 2955 2221 ηῦξατο
3004 2150 3077 2219 τῷ
3123 2147 3241 2218 Θεῷ
3280 2146 3461 2200 λαϐεῖν
3514 2145 3701 2214 σοφίαν
3763 2146 3908 2215 ὑπὲρ

2350 2238 2576 2293 πλοῦτον
2602 2281 2616 2303 ,
2651 2239 2743 2291 καὶ
2774 2238 2910 2307 ὑπὲρ
2952 2236 3157 2305 ἄμυναν
3204 2232 3427 2304 ἐχθρῶν.
3476 2230 3663 2285 Λαϐὼν
3700 2231 3909 2293 τοίνυν,

2351 2328 2444 2380 καὶ
2472 2326 2755 2395 γενόμενος
2786 2324 2944 2392 σοφὸς
2985 2322 3121 2392 ὑπὲρ
3158 2322 3363 2382 πάντας
3408 2319 3533 2381 τοὺς
3584 2317 3690 2388 πρὸ
3736 2316 3910 2369 αὑτοῦ

2351 2413 2443 2465 καὶ
2478 2412 2594 2481 μετ’
2627 2411 2786 2465 αὐτὸν
2816 2408 3129 2480 ἀνθρώπους
3154 2445 3168 2468 ,
3196 2404 3522 2474 θαυμασθείς
3539 2421 3597 2457 τε
3623 2405 3712 2456 ἰπὶ
3738 2404 3913 2456 πᾶσιν

2349 2493 2431 2561 οἷς
2464 2498 2681 2567 ἐποίησε
2700 2496 2807 2549 -καὶ
2842 2496 3088 2565 ὲλάλησε,
3121 2491 3416 2563 τρισχιλίας
3463 2491 3558 2559 μεν
3595 2489 3912 2560 παραϐολὰς

2352 2579 2446 2632 καὶ
2479 2578 2913 2646 πεντακισχιλίας
2940 2576 3080 2645 ᾠδάς
3108 2573 3359 2644 ἐλάλησεο
3393 2572 3484 2625 καὶ
3520 2570 3911 2641 ὲφυσιολόγησε

2352 2666 2479 2737 περί¹
2523 2666 2735 2719 πάντων
2788 2664 2894 2716 τῶν
2940 2680 3001 2715 τε
3043 2664 3104 2715 ὲκ
3152 2661 3253 2731 γῆς
3292 2658 3609 2729 φυομένων,
3644 2659 3737 2711 καὶ⁵
3779 2658 3913 2727 περὶ

2352 2754 2566 2807 πάντων
2593 2753 2697 2805 τῶν
2725 2751 2892 2815 ζώων.
2912 2748 3219 2817 Συνέγραψε
3243 2747 3320 2812 δὲ,
3350 2746 3423 2809 ὡς
3458 2745 3556 2813 μέν
3585 2743 3722 2807 τινές
3751 2760 3910 2811 φασι,

2352 2839 2476 2909 τρία
2508 2839 2640 2908 μόνα
2671 2837 2869 2907 βιϐλία.
2908 2833 3076 2889 Τοῦτό
3104 2851 3182 2897 τε,
3212 2834 3305 2885 καὶ
3332 2833 3420 2885 τὸν
3456 2830 3907 2900 Ἐκκλησιαστήν,

2354 2925 2449 2977 καὶ
2471 2925 2531 2976 16
2563 2920 2751 2994 τᾼσμα
2792 2922 2897 2974 τῶν
2932 2922 3216 2991 ᾀσμάτωνο
3244 2919 3317 2981 ώς
3371 2917 3428 2970 δέ
3471 2932 3640 2978 τινες,
3678 2916 3774 2968 καὶ
3809 2916 3912 2985 τὴν

2356 3009 2552 3077 Σοφίαν
2578 3010 2676 3079 τὴν
2708 3005 3201 3076 ἀπογεγραμμένην
3232 3003 3326 3057 καὶ
3344 3002 3637 3070 λεγομένην
3664 3002 3912 3067 Πανάρεο

2354 3112 2444 3148 τον
2464 3111 2477 3126 ο
2509 3095 2734 3165 γνησίαν
2770 3096 2878 3165 γάρ
2910 3092 3072 3145 αὐτοῦ
3111 3092 3203 3145 καὶ
3232 3089 3431 3158 ταύτην
3469 3088 3712 3155 λέγουσιν
3746 3082 3911 3140 εἰναι.

2355 3177 2465 3230 Kal
2499 3175 2683 3229 τοῦτον
2723 3176 2818 3245 μὲν
2849 3173 3140 3244 Παροιμίαι
3179 3170 3499 3240 ἐπέγραψεν.
3552 3168 3671 3221 Εἰσὶ
3703 3168 3759 3220 δὲ
3806 3184 3915 3219 πα-

2357 3258 2562 3329 ροιμίαι
2590 3258 2735 3325 λόγοι
2770 3257 2940 3325 σοφοὶ,
2968 3256 3042 3319 ὡς
3076 3254 3393 3323 αἰνίγματα,
3424 3250 3577 3305 ἆτινα
3602 3251 3785 3319 ἕτερον
3810 3250 3913 3318 μέν

2355 3357 2408 3393 τι
2447 3340 2664 3392 αὐτόθεν
2715 3339 2973 3408 δηλοῦντα
3014 3340 3195 3396 ἐστιν,
3247 3337 3428 3403 ἕτερον
3478 3333 3533 3386 δὶ
3587 3334 3643 3384 ὲν
3684 3332 3913 3401 ὑπονοίᾳ

2357 3420 2790 3489 ἐπαγγέλλονται.
2826 3418 2945 3471 Τῶν
2977 3419 3031 3471 δὲ
3060 3418 3311 3470 τοιούτων
3356 3415 3491 3477 εἶδός
3534 3416 3669 3466 εἰσιν
3713 3414 3770 3465 αἱ
3810 3431 3913 3465 πα-

2358 3503 2586 3575 ροιμίαι.
2614 3501 2769 3554 υῦτω
2792 3502 2899 3569 γάρ
2925 3500 3017 3551 καὶ
3038 3500 3086 3550 οἰ
3117 3498 3352 3567 μαθηταὶ
3376 3495 3469 3549 τοῦ
3496 3495 3695 3565 Κυρίου
3728 3494 3915 3561 λέγου-

2358 3601 2442 3638 σιν
2465 3586 2522 3637 ὲν
2549 3582 2625 3653 τῷ
2650 3583 2788 3635 κατὰ
2828 3582 3076 3650 Ἰωάννην
3097 3578 3429 3649 Εύαγγελίῳ,
3462 3577 3549 3630 δτι
3576 3575 3668 3628 τοῦ
3707 3576 3912 3643 Κυρίου

2356 3667 2525 3720 πολλὰ
2552 3667 2828 3737 εἰρηκότος
2852 3704 2866 3726 ,
2904 3664 3162 3734 πρότερον
3213 3659 3632 3730 ὲγκεκρυμμένη
3680 3658 3910 3726 διανοίᾳ,

2358 3748 2577 3818 ὕστερόν
2628 3765 2789 3817 φασιν
2837 3744 3011 3814 αὐτῷ·
3052 3744 3162 3798 Ἴδε
3200 3742 3317 3796 νῦν
3357 3741 3659 3808 παρῤιιονίᾳ
3679 3739 3909 3803 λαλεῖς,

2357 3831 2454 3884 καί
2472 3831 2787 3897 παροιμίαν
2810 3826 3090 3893 οὐδεμίαν
3122 3822 3316 3891 λέγεις
3336 3839 3349 3853 ·
3372 3822 3447 3883 ὡς
3470 3820 3576 3873 τῶν
3606 3820 3911 3889 παροιμιῶν

2360 3914 2433 3983 μὴ
2458 3915 2519 3965 ὲκ
2544 3911 2795 3981 φανεροῦ,
2828 3908 2961 3962 ἀλλά
2992 3905 3384 3977 κεκρυμμένως
3402 3903 3730 3983 λεγομένων.
3758 3902 3912 3953 Ἐπεὶ

2356 3982 2449 4048 οὖν
2480 3996 2537 4046 ὲν
2566 3993 2642 4062 τῷ
2671 3991 2855 4061 βιϐλίῳ
2881 3989 3052 4058 τούτῳ
3076 3988 3307 4040 πλεῖστοι
3339 3984 3482 4052 λόγοι
3510 3982 3910 4047 τοιοῦτοίείσιν,

2355 4076 2443 4130 διὰ
2461 4061 2621 4127 τοῦτο
2646 4072 2943 4143 Παροιμίας
2971 4069 3171 4139 ἔγραψε
3205 4068 3264 4136 (ί.
3287 4064 3580 4134 ἐπέγραψε)
3603 4063 3663 4114 16
3686 4061 3907 4130 βιϐλίον.

2369 4154 2664 4225 Ὠνομάσθη
2706 4154 2761 4205 δὲ
2811 4153 3110 4222 παροιμία,
3158 4148 3341 4217 ἐπειδὴ
3376 4147 3523 4215 παρά
3561 4146 3738 4212 πάσης
3788 4143 3909 4196 ὁδοῦ

2357 4238 2670 4308 ἐγράφησαν
2694 4238 2741 4288 οἰ
2775 4235 3000 4287 τοιοῦτοι
3038 4234 3204 4299 λόγοι,
3245 4228 3378 4298 πρὸς
3405 4225 3683 4296 διόρθωσιν
3713 4226 3802 4308 καὶ
3830 4226 3910 4308 δι-

2356 4306 2648 4373 δασκαλίαν
2678 4316 2781 4370 τῶν
2812 4320 2867 4368 ὲν
2896 4319 3013 4376 ταῖς
3044 4314 3175 4375 ὁδοῖς
3208 4308 3597 4380 πορευομένων.
3624 4306 3779 4378 Παρά
3809 4307 3911 4369 τάς

2356 4401 2506 4461 ὁδοὺς
2530 4400 2584 4451 δὲ
2636 4400 2929 4469 ἐγράφοντο
2954 4438 2967 4460 ,
3011 4395 3128 4447 ἐπεὶ
3163 4393 3235 4463 μή
3274 4393 3468 4451 πάντες
3512 4389 3745 4459 ἐχώρουν
3786 4390 3910 4453 τοὺς

2357 4482 2457 4551 τῆς
2487 4481 2735 4550 ἀληθείας
2760 4480 2946 4546 λόγους
2968 4495 2979 4507 ·
3031 4478 3114 4530 ἵνα
3146 4476 3244 4529 κᾶν
3287 4472 3613 4543 διερχόμενοι
3653 4472 3744 4524 καὶ
3787 4472 3909 4540 βλέ-

2359 4580 2547 4625 ποντες
2580 4562 2883 4631 διερευνῶσι
2936 4560 3003 4612 τά
3056 4556 3407 4628 γεγραμμένα
3431 4595 3445 4617 ,
3491 4556 3582 4609 καὶ
3605 4553 3745 4608 οὕτω
3774 4572 3905 4607 παι-

2357 4643 2615 4697 δεύωνται
2652 4645 2700 4695 οί
2740 4642 3031 4711 ἄνθρωποι.
3065 4639 3218 4701 Τινὲς
3259 4637 3385 4706 γοῦν
3422 4636 3686 4707 ὁρίζονται
3735 4636 3905 4698 αὐτὰς

2357 4725 2556 4789 οὕτως,
2590 4725 2739 4796 ῥῆμα
2773 4724 3022 4794 παρόδιον
3047 4722 3153 4774 ἀπό
3186 4737 3325 4783 τινος
3357 4718 3469 4781 ἑνὸς
3502 4722 3578 4780 εἰς
3610 4717 3775 4769 πολλά
3812 4732 3909 4786 με·

2357 4808 2847 4878 ταλαμϐανόμενον.
2894 4807 3076 4857 Ἔστιν
3129 4800 3220 4857 οὖν
3270 4805 3326 4855 ἰν
3370 4800 3445 4871 τῷ
3496 4800 3680 4870 βιϐλίῳ
3735 4800 3910 4869 τούτῳ

2359 4892 2555 4959 γνῶσις
2603 4889 2788 4956 σοφίας
2819 4889 2910 4940 καὶ
2949 4886 3223 4947 παιδείας,
3268 4885 3446 4954 νόησις
3497 4882 3665 4950 λόγων
3709 4883 3909 4949 φρονή-

2362 4990 2496 5035 σεως
2515 5011 2529 5033 ,
2558 4971 2784 5039 στροφαὶ
2826 4969 3014 5035 λόγων,
3060 4966 3395 5035 δικαιοσύνης
3436 4965 3663 5035 ἀληθοῦς
3688 4964 3870 5031 νόησις
3889 4999 3907 5024 ,

2360 5055 2597 5124 κρίματα
2617 5051 2979 5114 κατευθύνειν,
3011 5047 3160 5121 [576]
3188 5049 3278 5101 καὶ
3315 5047 3603 5114 ἐπαγγελία
3630 5044 3725 5098 τοῦ
3755 5046 3906 5111 γινώ-

2363 5154 2508 5189 σκειν
2534 5139 2595 5188 ἐκ
2621 5135 2821 5187 τούτων
2846 5132 3184 5203 παραϐολὰς,
3215 5132 3396 5201 ῥήσεις
3427 5129 3619 5197 σοφῶν,
3651 5127 3907 5195 αἰνίγμα-

2359 5234 2448 5278 τα,
2486 5217 2785 5276 σκοτεινοὺς
2816 5215 3024 5280 λόγους.
3056 5214 3159 5265 Kal
3198 5212 3301 5265 εἰσί
3334 5210 3556 5280 γνώσεις
3598 5209 3780 5275 σοφίας
3809 5208 3906 5260 καὶ

2360 5299 2622 5361 παιδείας.
2665 5297 2878 5365 Ἐπειδὴ
2927 5296 3032 5365 γάρ
3080 5296 3332 5365 Ἕλληνες
3386 5293 3483 5364 μὲν
3531 5291 3717 5357 σοφίαν
3762 5291 3908 5359 ἔχειν

2360 5381 2797 5450 ἐπαγγέλλονται,
2830 5380 3085 5447 αἱρετικοί
3102 5378 3156 5429 δὲ
3173 5376 3445 5447 νομίζουσι
3472 5373 3715 5427 παιδείαν
3742 5372 3905 5442 ἔχειν,

2359 5465 2447 5517 διὰ
2485 5464 2641 5516 τοῦτο
2685 5454 2837 5522 οὗτος
2876 5462 2979 5531 τήν
3007 5461 3175 5531 ἀληθῆ
3220 5460 3407 5528 σοφίαν
3441 5458 3534 5510 καὶ
3562 5455 3802 5508 παιδείαν
3827 5454 3908 5508 δι-

2357 5548 2575 5608 δάσκει,
2608 5546 2691 5597 ἵνα
2732 5543 2805 5613 μὴ
2832 5548 2896 5614 τῇ
2926 5544 3207 5614 ὁμωνυμίᾳ
3242 5543 3337 5611 τῆς
3385 5539 3570 5607 σοφίας
3609 5540 3687 5600 εἰς
3721 5536 3789 5590 τά
3817 5554 3909 5589 σο-

2362 5630 2603 5699 φίσματα
2634 5628 2739 5679 τῶν
2779 5628 3040 5697 Ἐλλήνων
3085 5628 3177 5679 καὶ
3220 5625 3325 5677 τῶν
3362 5621 3647 5694 αἰρετικῶν
3690 5620 3907 5691 ἐμπέσῃ

2367 5728 2467 5772 τις.
2493 5712 2598 5763 Καὶ
2626 5709 2730 5779 γάρ
2762 5709 3013 5778 ’Έλληνες
3050 5709 3143 5777 μὲν
3176 5704 3406 5775 οἰόμενοί
3445 5719 3583 5765 τινες
3610 5699 3776 5769 εῖναι,
3808 5705 3909 5755 καὶ
