4096 6496
304 426 419 485 369

306 542 361 585 ct
387 532 655 589 desiderio
678 537 742 588 ad
773 536 1179 607 comparandam
1210 538 1539 606 sapientiam.
1567 537 1645 590 Ad
1671 537 1782 589 hinc
1805 536 1872 592 de

305 624 621 691 quibusdam
649 636 853 680 natura:
890 627 1123 695 partibus
1149 627 1462 694 disputatur,
1491 628 1721 694 itemque
1741 640 1871 679 conâ€”

307 720 389 765 tra
434 714 595 779 idola,
640 725 694 767 et
740 716 950 769 illorum
994 716 1306 784 sculptores,
1353 727 1407 771 et
1442 725 1625 770 contra
1664 730 1756 770 eos
1782 716 1871 783 qni

302 816 451 870 spem
493 804 544 855 in
576 804 676 857 illis
717 813 936 872 ponunt,
966 805 1185 874 ipsaque
1231 806 1428 859 colunt.
1463 806 1721 859 Praeterea
1775 806 1868 875 hy-

301 907 459 943 mnus
484 906 604 945 cum
635 893 965 947 confessione
994 893 1309 947 mirabilium
1336 894 1721 962 operationum,
1750 909 1868 963 qua:

302 981 556 1036 lsraclitis
600 998 777 1037 coram
825 985 1057 1053 ipsorum
1088 986 1313 1039 inimicis
1337 1002 1367 1038 a
1397 986 1505 1039 Deo
1551 986 1697 1040 facta:
1723 998 1864 1041 sunt.

302 1072 425 1125 llzec
469 1074 641 1140 itaque
670 1075 1034 1143 complectitur
1064 1075 1147 1128 hic
1166 1075 1317 1129 liber.
1350 1075 1729 1143 Recapitulatio
1770 1091 1867 1128 au-

301 1170 407 1214 tem
439 1162 515 1215 sic.
542 1162 719 1217 habet.
758 1163 813 1217 ln
844 1164 1111 1232 prommiis
1136 1164 1433 1218 adhortatio
1458 1163 1585 1232 justi
1611 1164 1677 1217 ad
1703 1164 1867 1233 pieta-

300 1260 430 1315 tem,
458 1261 511 1305 et
542 1252 884 1319 reprehensio
912 1254 1056 1323 impii
1087 1254 1403 1323 blasphemi.
1428 1254 1578 1319 Nam,
1603 1254 1686 1309 Ne
1708 1272 1865 1309 emu-

299 1340 437 1404 leris,
486 1342 681 1409 inquit,
723 1344 1077 1409 anticltristos,
1116 1344 1201 1413 qui
1227 1355 1343 1397 sunt
1372 1345 1484 1411 ipsa
1512 1361 1664 1398 mors.
1714 1344 1863 1401 Unde

299 1427 493 1483 factum
538 1431 626 1494 sit,
667 1431 806 1499 quod
852 1432 996 1501 impii
1024 1447 1090 1487 eo
1113 1432 1441 1499 devenerint,
1488 1442 1545 1487 ut
1586 1434 1863 1488 Dominum

298 1518 482 1583 gloria:
505 1520 893 1587 crucifigerent,
921 1520 1046 1575 dum
1075 1536 1309 1589 przesens
1336 1524 1586 1576 stnculum
1611 1523 1682 1575 illi
1708 1532 1858 1577 ante-

297 1606 519 1662 ferrent.
551 1609 701 1676 Quod
732 1612 890 1664 etiam
931 1612 1027 1680 ipsi
1058 1613 1326 1680 apostolos
1354 1614 1652 1682 persequuti
1678 1613 1782 1667 sint
1806 1622 1861 1667 et

295 1698 604 1751 occiderint.
632 1699 780 1765 Quod
828 1699 989 1753 futuri
1028 1701 1135 1755 sint
1169 1701 1380 1770 quidam
1417 1703 1504 1771 qui
1544 1702 1715 1771 legem
1751 1703 1857 1756 Do-

296 1788 423 1841 mini
449 1798 815 1855 contemnant,
844 1790 1058 1859 quidam
1085 1806 1209 1845 vero
1235 1793 1322 1845 alii
1350 1793 1458 1846 sint
1486 1793 1557 1847 illi
1584 1794 1857 1862 obtempe-

294 1878 477 1930 raturi.

363 1965 513 2031 Quod
558 1967 694 2021 Deus
738 1968 1054 2023 multitudini
1096 1983 1311 2032 eorum,
1357 1971 1446 2040 qui
1492 1971 1543 2025 in
1584 1970 1850 2027 Christum

293 2056 453 2125 impie
492 2066 686 2126 agunt,
732 2074 837 2113 non
877 2061 947 2113 sit
986 2062 1301 2129 parciturus.
1348 2061 1513 2116 Unius
1548 2063 1689 2116 enim
1725 2063 1853 2131 justi

288 2148 501 2201 Christo
520 2150 788 2203 credentis
815 2164 939 2203 cura
966 2159 1048 2204 est
1076 2151 1205 2219 Deo,
1232 2152 1439 2206 etiamsi
1468 2152 1520 2205 in
1550 2153 1855 2206 adolescen-

288 2238 359 2289 tia
384 2238 661 2291 moriatur.
689 2237 931 2293 Senectus
946 2242 1079 2293 enim
1100 2241 1389 2295 venerabilis
1408 2252 1478 2294 est
1498 2258 1596 2294 non
1617 2242 1852 2294 diuturna

287 2324 438 2396 (Cap.
463 2329 517 2381 4.
541 2328 618 2396 8).
651 2330 761 2383 Etsi
786 2331 978 2398 impius
1003 2341 1228 2386 mortem
1252 2334 1369 2401 ejus
1393 2335 1479 2402 qui
1503 2333 1717 2388 Christo
1736 2350 1852 2389 cre-

284 2419 363 2472 dit
390 2422 703 2484 contemnit,
726 2430 781 2474 at
806 2422 879 2474 illi
901 2423 1165 2491 eliguntur
1188 2424 1239 2476 in
1265 2424 1496 2479 Christo.
1528 2424 1675 2494 lmpii
1704 2426 1849 2495 igno-

282 2509 524 2563 miniosa:
565 2511 731 2564 ruina:
763 2512 1035 2567 tradentur
1055 2554 1069 2574 ,
1109 2524 1161 2567 et
1191 2527 1381 2583 magno
1404 2515 1602 2583 judicio
1632 2531 1691 2569 ac
1716 2532 1846 2570 con-

284 2600 613 2652 demnationi
642 2600 991 2668 subjicientur
1018 2602 1085 2667 ii,
1119 2603 1205 2669 qui
1232 2603 1423 2657 Christi
1453 2618 1639 2658 servos
1664 2619 1845 2672 persc-

281 2695 537 2755 quuntur,
566 2688 804 2742 videntes
830 2690 1052 2758 gloriam
1078 2690 1194 2758 ejus
1222 2701 1275 2745 et
1304 2692 1559 2760 ipsorum,
1591 2707 1752 2761 seque
1779 2694 1845 2747 ad

280 2778 599 2845 supplicium
628 2779 757 2846 rapi.
786 2779 937 2845 Quod
969 2780 1165 2833 divitiae
1193 2796 1313 2835 cum
1344 2784 1643 2852 arrogantia
1689 2785 1844 2839 nobis

278 2867 554 2921 accedant.
598 2868 726 2933 Qua:
769 2869 838 2923 sit
880 2871 956 2923 ira
992 2870 1085 2924 Dei
1120 2871 1171 2923 in
1200 2886 1294 2926 eos
1318 2873 1407 2941 qui
1439 2874 1597 2942 impie
1626 2884 1844 2943 egerunt

277 2954 332 3008 in
381 2954 670 3010 Christum.
729 2958 1084 3021 Adhortatio,
1132 2960 1237 3013 imo
1291 2962 1465 3029 potius
1515 2963 1842 3019 denuntiatio

275 3043 604 3112 principibus
646 3046 835 3111 lsrael,
883 3057 941 3101 ut
984 3047 1194 3103 Christo
1236 3050 1488 3115 credant;
1533 3052 1639 3105 imo
1666 3054 1841 3121 potius

274 3139 609 3209 denuntiatio
632 3142 957 3210 principibus
976 3143 1264 3198 Catholica:
1287 3145 1557 3209 Ecclesiae,
1576 3147 1839 3215 quomodo

273 3243 463 3298 regere
479 3229 706 3284 debeant
727 3240 843 3299 post
871 3232 1014 3285 illius
1031 3232 1359 3287 abscessum.
1387 3234 1515 3301 Qua:
1541 3235 1609 3288 sit
1633 3237 1833 3304 sapien-

271 3319 381 3384 tia,
427 3334 617 3388 nempe
663 3320 827 3375 Filius
873 3321 987 3376 Dei.
1033 3322 1099 3377 Et
1142 3323 1405 3392 quomodo
1440 3324 1669 3379 Verbum
1713 3341 1838 3382 caro

272 3409 477 3465 factum
505 3413 596 3478 sit,
622 3412 781 3481 inque
802 3413 955 3467 nobis
983 3410 1315 3470 habitaverit.
1344 3415 1476 3483 Quia
1502 3432 1620 3487 ego,
1647 3418 1833 3488 inquit,

270 3500 460 3555 eadem
511 3516 630 3571 qua:
680 3516 775 3557 vos
821 3517 1007 3571 passus
1051 3518 1204 3570 sum,
1231 3504 1392 3560 homo
1436 3521 1557 3561 cum
1605 3508 1739 3575 sim,
1769 3523 1835 3564 ex

263 3591 417 3659 jussu
482 3592 574 3645 Dei
637 3592 927 3662 disciplina:
990 3595 1250 3650 subditus.
1320 3597 1395 3652 De
1441 3597 1706 3652 Christo:
1753 3599 1833 3653 Ex

272 3684 535 3751 Sapientia
566 3685 696 3750 Dei,
728 3686 933 3753 inquit,
962 3688 1195 3742 omnium
1238 3691 1593 3758 cognitionem
1622 3691 1791 3745 habeo
1816 3710 1830 3745 :

267 3771 340 3826 In
370 3791 523 3827 manu
551 3776 682 3827 enim
712 3776 875 3840 illius,
906 3786 951 3829 et
978 3793 1068 3830 nos
1095 3794 1297 3843 sumus,
1330 3788 1377 3833 et
1403 3796 1653 3834 sermones
1678 3782 1833 3835 nostri

268 3862 434 3931 (Cap.
465 3864 517 3915 7.
544 3864 663 3933 i6).
692 3864 819 3932 Qua:
848 3867 917 3919 sit
944 3866 1200 3935 sapientia
1219 3908 1235 3934 ,
1268 3876 1322 3923 et
1350 3869 1615 3937 quomodo
1652 3870 1704 3924 in
1733 3870 1832 3925 bo-

266 3954 442 4006 mines
467 3954 693 4007 venerit.
736 3953 863 4009 Cum
890 3956 1020 4009 enim
1053 3957 1201 4009 unica
1229 3957 1329 4021 sit,
1356 3959 1524 4011 omnia
1562 3970 1753 4028 potest,
1782 3970 1831 4013 et

261 4057 384 4093 tum
403 4043 455 4095 in
475 4044 637 4112 seipsa
656 4054 871 4106 maneat,
891 4044 1058 4098 omnia
1078 4054 1241 4099 tamen
1260 4048 1460 4101 innovat
1481 4047 1530 4118 (Î™
1537 4048 1635 4101 bid.
1653 4049 1827 4119 v.27).

262 4131 610 4199 Sapientiam,
642 4133 830 4202 inquit,
856 4150 885 4187 a
911 4134 1183 4201 jnventute
1203 4138 1396 4200 amavi,
1420 4148 1472 4191 et
1496 4137 1668 4190 omnia
1692 4138 1827 4191 bona

263 4239 329 4275 es
365 4224 451 4276 illa
482 4226 691 4294 accepi,
736 4226 965 4279 carnalia
994 4233 1050 4280 et
1089 4224 1399 4295 spiritualia.
1445 4230 1661 4298 Cognita
1688 4230 1828 4283 enim

264 4315 625 4383 magnitudine
655 4316 959 4385 sapientiai,
991 4318 1247 4386 postulavi
1274 4334 1302 4371 a
1335 4319 1559 4373 Domino
1587 4328 1640 4373 ut
1675 4320 1826 4375 dare-

267 4415 354 4458 tur
381 4407 505 4459 mihi
533 4406 759 4476 Spiritus
781 4421 1014 4471 sanctus,
1043 4410 1129 4477 qui
1160 4425 1244 4465 me
1271 4410 1338 4464 de
1368 4411 1456 4464 illa
1484 4411 1823 4467 illuminarct.

264 4494 336 4548 Et
356 4498 547 4550 missus
570 4508 669 4564 est,
698 4509 753 4552 ut
780 4515 984 4554 mecum
1014 4501 1293 4555 laboraret.
1322 4500 1655 4571 Cogitationes
1680 4520 1827 4557 nam-

262 4600 367 4651 quc
393 4588 677 4639 mortalium
704 4589 891 4641 timida:
916 4602 1030 4643 sunt
1056 4589 1217 4660 (Cap.
1246 4590 1299 4645 9.
1329 4592 1393 4643 Î—
1411 4594 1449 4660 ).
1483 4592 1556 4645 De
1582 4590 1827 4660 operibus

262 4673 560 4741 sapientiae.
605 4676 882 4742 Quomodo
926 4680 1151 4746 primum
1183 4678 1450 4733 hominem
1496 4682 1823 4747 custodierit,

263 4778 329 4816 es
354 4765 560 4830 quantis
585 4767 738 4819 malis
762 4767 895 4821 Deus
916 4768 1195 4822 credentes
1226 4768 1322 4821 sibi
1346 4780 1538 4834 servet,
1562 4780 1616 4825 et
1634 4783 1823 4840 quanta

262 4854 371 4907 illis
403 4854 533 4906 bona
579 4864 791 4923 praestet
814 4896 828 4919 ,
858 4865 915 4910 ut
944 4857 1121 4911 videre
1162 4867 1244 4912 est
1281 4858 1330 4911 in
1359 4858 1503 4924 Noe,
1535 4860 1821 4926 Abraham,

261 4943 364 4998 Lot
384 4984 397 5004 ,
428 4942 623 5009 Jacob,
648 4944 846 5013 Joseph
870 4986 885 5010 ,
916 4954 969 5000 et
1012 4946 1066 4999 in
1105 4946 1347 5000 lsraelitis
1369 4988 1383 5008 ,
1416 4962 1549 5015 quos
1578 4964 1639 5001 ex
1667 4964 1824 5003 manu

261 5032 633 5101 IEgyptiorutn
661 5035 851 5102 eripuit
878 5049 968 5103 per
994 5035 1224 5106 Moysem
1244 5078 1258 5100 ,
1288 5046 1341 5091 et
1370 5052 1502 5104 aqua
1532 5054 1597 5091 ex
1626 5054 1824 5107 przetu-

262 5135 352 5194 pta
386 5134 525 5192 petra
558 5125 777 5192 potavit.
810 5125 1083 5191 Quomodo
1118 5137 1321 5195 septem
1359 5128 1603 5196 gentibus
1638 5144 1825 5197 vespas

261 5214 487 5277 miserit,
520 5224 574 5268 et
600 5214 815 5268 lenitate
845 5215 1305 5285 misericordiaque
1337 5232 1480 5280 usus,
1514 5218 1614 5270 illis
1644 5230 1823 5285 postea

257 5321 356 5373 per
387 5304 468 5358 illa
503 5306 755 5374 populum
788 5304 1034 5360 erudiens
1054 5347 1068 5370 ,
1100 5316 1158 5360 ut
1197 5308 1447 5375 benignus
1474 5318 1614 5360 esset
1642 5319 1694 5359 et
1723 5308 1823 5361 hu-

259 5409 469 5449 manus.
513 5395 707 5449 Contra
752 5395 1059 5448 adoratores
1096 5398 1512 5460 elementorum,
1549 5409 1817 5460 ranarum,

260 5486 584 5555 sciniphum,
614 5487 863 5551 murium,
893 5486 1211 5540 locustarum
1233 5528 1246 5550 ,
1277 5502 1576 5555 vesparum,
1608 5501 1824 5554 serpen-

257 5588 395 5633 tum.
427 5580 623 5631 Contra
654 5576 961 5631 adoratores
1003 5577 1260 5629 idolorum
1292 5592 1355 5631 ex
1388 5592 1549 5641 auro,
1581 5584 1819 5644 argento,

259 5668 425 5737 ligno,
460 5666 741 5736 lapidibus.
775 5666 924 5733 Quod
950 5680 1044 5733 per
1071 5666 1266 5731 lignum
1296 5666 1437 5717 salus
1467 5666 1535 5717 sit
1564 5664 1821 5717 credenti-

254 5757 379 5814 bus.
412 5760 484 5816 De
508 5760 865 5828 sculptoribus
884 5760 965 5812 vel
990 5758 1275 5827 pictoribus
1301 5758 1581 5812 idolorum.
1611 5758 1685 5811 De
1710 5772 1822 5813 om-

579 5848 845 5907 Î¡Î‘Ï„Î¹Î¹Î¿Î¹..
893 5846 1006 5903 Gn.
1056 5841 1206 5903 LVI.

1311 425 1619 484 SYNOPSIS
1654 424 2054 483 SCRIPTUR/E
2089 429 2355 486 SACRB.

1978 538 2131 592 nibus
2171 540 2477 594 idololatrias
2513 544 2677 596 malis.
2716 544 2787 598 De
2834 545 2990 615 impia
3020 549 3303 619 religione,
3334 566 3383 607 et
3412 466 3551 625 Â«3.7:

1978 625 2053 679 illi
2079 628 2241 681 insint
2269 630 2425 682 mala.
2471 631 2543 685 De
2571 633 2729 700 figulo
2753 644 2807 687 et
2838 635 3085 692 fictilibus
3111 641 3280 695 idolis.
3323 644 3397 697 De
3424 659 3539 701 om-

1974 715 2128 769 nibus
2154 716 2305 771 idolis
2322 759 2339 784 ,
2369 734 2485 787 qua:
2512 735 2540 773 a
2567 722 2808 788 gentibus
2835 724 3108 793 coluntur,
3137 730 3526 789 inimicissima-

1972 820 2088 859 rum
2134 806 2441 874 bestiarum,
2492 823 2796 880 serpentum
2823 857 2838 879 ,
2884 826 3214 883 catorum,et
3254 824 3526 881 similium.

1972 894 2121 961 Quod
2150 896 2329 951 lsraeli
2366 899 2503 953 Deus
2540 901 2849 957 beneï¬cium
2896 908 3213 972 contulerit,
3247 927 3340 979 pro
3384 918 3524 969 ranis

1970 988 2296 1042 coturnicem
2324 991 2556 1044 mittens.
2585 993 2733 1058 Quod
2761 1006 2942 1051 contra
2970 1014 3201 1055 morsum
3227 1016 3525 1072 serpentum

1969 1088 2067 1143 per
2092 1090 2298 1131 :eneum
2326 1090 2625 1148 serpentem
2657 1084 2707 1135 in
2739 1099 2898 1139 cruce
2925 1101 3240 1156 suspensum
3270 1094 3412 1147 salus
3437 1109 3523 1162 ÏÎ¿Î½

1968 1164 2092 1230 pulo
2135 1164 2268 1220 facta
2297 1167 2398 1233 sit;
2440 1170 2631 1223 inimici
2663 1188 2789 1226 vero
2825 1174 3055 1242 ipsorum
3094 1194 3189 1247 per
3217 1180 3448 1237 locustas
3472 1194 3521 1237 t-t

1968 1265 2144 1305 mures
2188 1255 2348 1309 occisi
2392 1257 2517 1310 sint.
2565 1258 2713 1324 Quod
2762 1264 3006 1331 populum
3044 1267 3349 1335 angelorum
3394 1273 3517 1325 cibo

1966 1341 2190 1405 aluerit,
2238 1358 2619 1417 quamcumque
2669 1351 2987 1419 voluptatem
3036 1353 3301 1421 habente,
3354 1369 3408 1412 et
3453 1363 3520 1413 ad

1964 1445 2347 1503 quemcumque
2372 1447 2578 1506 gustum
2600 1443 3013 1497 accommodato.
3043 1445 3190 1511 Quod
3214 1449 3521 1516 grandinem

1963 1536 2081 1575 cum
2112 1525 2230 1593 igne
2255 1527 2319 1579 ad
2342 1530 2754 1598 corrumpendas
2780 1532 2956 1603 fruges
2984 1536 3035 1587 in
3058 1536 3336 1607 Egyptios
3364 1542 3522 1595 mise-

1963 1614 2052 1666 rit.
2096 1614 2245 1680 Quod
2274 1608 2563 1686 palpabiles
2605 1621 2847 1676 tenebras
2892 1625 2941 1676 in
2982 1625 3258 1696 IEgyptios
3296 1629 3518 1693 miserit,

1960 1710 2015 1754 et
2032 1718 2147 1770 qua:
2170 1705 2219 1757 in
2247 1720 2309 1758 ea
2335 1720 2393 1760 re
2423 1707 2631 1762 inerant
2652 1710 2786 1763 mala
2810 1730 2824 1763 Î¹
2851 1716 3045 1767 sanctis
3065 1730 3189 1769 vero
3214 1720 3324 1772 suis
3350 1719 3520 1773 lucem

1961 1790 2013 1843 in
2038 1791 2288 1862 Egypto,
2315 1804 2370 1850 et
2397 1797 2695 1850 columnam
2718 1800 2851 1869 ignis
2881 1801 2931 1854 in
2956 1803 3274 1860 solitudine:
3304 1816 3359 1861 et
3378 1810 3518 1878 quod

1961 1890 2175 1948 propter
2203 1884 2369 1938 occidi
2391 1884 2568 1953 jussos
2591 1888 2943 1943 lsraelitarutn
2972 1893 3215 1959 infantes,
3242 1892 3519 1967 Egyptia-

1957 1986 2074 2025 rnm
2102 1974 2475 2044 primogenitos
2503 1992 2666 2044 mors,
2690 1990 2745 2033 et
2766 1981 2907 2049 ipsos
2926 1982 3201 2054 tEgyptios
3219 1988 3515 2043 submersio

1956 2065 2229 2118 sustulerit
2253 2082 2267 2118 :
2294 2076 2350 2119 ut
2372 2082 2466 2135 pro
2492 2078 2660 2123 morte
2681 2072 3145 2141 primogenitorum
3173 2077 3315 2131 salus
3334 2079 3516 2135 lsraeli

1957 2166 2050 2217 per
2078 2154 2384 2222 sanguinem
2415 2158 2533 2226 agni
2562 2174 2813 2215 concessa
2848 2164 2936 2217 sit.
2986 2165 3052 2217 Et
3081 2181 3177 2234 pro
3218 2176 3391 2223 morte
3424 2170 3513 2238 ju-

1954 2251 2156 2295 stornm
2201 2244 2251 2296 in
2290 2245 2606 2312 solitudine,
2655 2250 2828 2304 Aaron
2861 2252 3137 2307 Dominum
3180 2257 3421 2322 precibus
3459 2268 3516 2312 et

1952 2330 2170 2384 incenso
2220 2333 2436 2400 placarit
2466 2354 2477 2385 :
2512 2352 2608 2404 pro
2654 2348 2822 2393 morte
2876 2356 3001 2393 vero
3045 2342 3410 2413 Egyptiorum
3458 2348 3511 2401 in

1952 2421 2086 2474 mari
2114 2421 2328 2489 Rubro,
2358 2426 2513 2479 fuerit
2543 2427 2616 2480 ira
2652 2428 2742 2482 Dei
2787 2429 2984 2499 absque
3029 2434 3391 2489 misericordia
3410 2476 3427 2502 ,
3455 2448 3512 2491 ct

1950 2512 2051 2564 iter
2094 2513 2270 2581 pepuli
2316 2514 2565 2569 insolens.
2616 2518 2765 2580 Quod
2808 2531 3024 2588 pr0pter
3068 2522 3509 2580 inhumanitatetn

1949 2614 2072 2669 erga
2116 2601 2345 2656 advenas
2372 2606 2508 2657 mala
2539 2607 2635 2659 ista
2664 2609 2802 2674 passi
2832 2610 2939 2662 sint
2958 2610 3219 2681 Egyptii,
3251 2617 3507 2682 quemad-

1949 2688 2163 2742 modum
2190 2701 2243 2744 et
2276 2689 2580 2747 Sodomitas.
2612 2694 2762 2761 Quod
2804 2698 3063 2753 elementa
3092 2700 3272 2755 divino
3308 2702 3507 2759 Christi

1941 2779 2141 2847 judicio
2197 2783 2443 2849 subsint,
2488 2784 2552 2837 ad
2610 2786 2748 2839 illius
2809 2788 3088 2857 imperium
3132 2795 3505 2859 parata,sicut

1945 2869 2158 2924 chordae
2201 2872 2417 2926 cithara:
2458 2874 2710 2929 citliatam
2758 2879 3002 2945 pulsanti.
3048 2879 3103 2933 In
3147 2881 3231 2937 bis
3260 2898 3503 2954 compre-

1946 2959 2193 3015 henditur
2217 2963 2297 3017 vis
2338 2966 2511 3019 omnis
2538 2966 2821 3035 Sapientia:
2848 2968 3143 3025 Salomonis
3181 2989 3299 3042 qua:
3336 2975 3507 3030 Pana-

1944 3060 2086 3105 Iâ€˜CIOS
2113 3061 2349 3106 vocatur.

2185 3196 2449 3240 PAIKEIIE
2487 3200 2582 3241 ÎµÎµÎ¹]
2621 3204 2911 3247 Î½Î·Î¿Î½ÎµÎ¹Ï‰Î¹Î»
2950 3208 3252 3251 ÎµÎ»Î¹Î¿Î¹Î¹Î¿ÎºÎ¹Î´Î¹

2011 3319 2284 3375 Paruamiaa
2317 3337 2409 3375 seu
2438 3324 2716 3377 Proverbia
2756 3326 3053 3382 Salomonis
3082 3340 3297 3385 vocatur
3326 3330 3409 3387 hic
3439 3332 3501 3385 l3-

1941 3408 2034 3462 ber
2056 3450 2072 3473 ,
2097 3410 2217 3478 quia
2248 3410 2335 3463 illa
2361 3411 2609 3466 Salomon
2636 3422 2690 3467 et
2720 3413 2879 3479 dixit,
2911 3426 2965 3470 et
2993 3417 3225 3486 scripsit.
3255 3419 3351 3473 llic
3374 3436 3495 3474 vero

1937 3515 2057 3553 cum
2103 3516 2320 3569 regnum
2350 3503 2512 3556 David
2551 3505 2710 3571 patris
2752 3508 3105 3575 suscepisset,
3134 3520 3377 3578 precatus
3418 3522 3500 3566 est

1939 3589 2103 3643 Deum
2134 3600 2189 3642 ut
2217 3591 2525 3658 sapientiam
2569 3592 2832 3661 acciperet
2857 3595 3027 3663 potius
3049 3637 3063 3662 ,
3095 3613 3250 3666 quam
3290 3598 3500 3653 divitias

1936 3689 1989 3733 et
2018 3679 2246 3732 hostium
2288 3680 2559 3735 ultionem.
2592 3682 2736 3737 Hanc
2780 3699 2899 3737 cum
2941 3686 3269 3754 accepisset,
3295 3697 3350 3743 et
3389 3703 3499 3758 pne

1936 3769 2181 3822 omnibus
2204 3771 2516 3825 mortalibus
2544 3772 2631 3840 qui
2659 3782 2781 3826 ante
2804 3783 2859 3827 et
2899 3784 3015 3842 post
3053 3776 3220 3843 ipsum
3250 3775 3457 3832 fuerunt
3479 3819 3494 3839 .

1935 3857 2145 3925 sapiens
2196 3867 2379 3913 esset:
2410 3875 2472 3914 ac
2501 3875 2618 3914 cum
2663 3861 2715 3915 in
2769 3863 3014 3918 omnibus
3056 3864 3210 3919 dictis
3237 3865 3496 3937 factisque

1935 3949 2043 4003 suis
2071 3949 2403 4003 admirationi
2447 3960 2618 4016 esset,
2661 3954 2756 4006 tria
2805 3953 2964 4007 millia
3010 3956 3412 4024 parabolarum,
3441 3967 3497 4012 et

1933 4037 2162 4107 quinque
2204 4039 2367 4092 millia
2410 4041 2612 4093 cantica
2663 4042 3001 4110 proloquutus
3029 4054 3110 4097 est
3141 4060 3153 4097 :
3188 4045 3494 4114 disputavit-

1932 4143 2034 4196 que
2052 4128 2119 4182 de
2141 4130 2405 4192 omnibus,
2437 4138 2543 4182 tam
2573 4130 2639 4184 de
2670 4130 2732 4184 iis
2758 4147 2873 4200 quae
2901 4147 2967 4186 ex
2993 4141 3128 4186 terra
3155 4138 3466 4202 proveniunt

1931 4234 2088 4287 quam
2126 4220 2193 4274 de
2227 4221 2397 4273 omnis
2421 4222 2628 4290 generis
2653 4223 3021 4277 animantibus.
3053 4223 3270 4293 Scripsit
3293 4234 3487 4292 autem,

1933 4317 1987 4361 ut
2014 4309 2221 4377 quidam
2250 4311 2435 4373 aiunt,
2466 4319 2573 4365 tres
2599 4321 2797 4365 tantum
2840 4314 3002 4367 libros
3021 4355 3037 4378 ,
3066 4314 3203 4369 hunc
3228 4316 3489 4379 videlicet,

1932 4399 2303 4465 Ecclesiasten,
2330 4410 2383 4454 et
2404 4402 2679 4457 Canticum
2706 4404 3035 4458 Canticorum
3062 4423 3076 4470 ;
3105 4417 3162 4458 ut
3187 4418 3358 4461 autem
3378 4411 3492 4477 qui-

1931 4488 2049 4543 dam
2075 4490 2253 4543 dicunt
2283 4493 2439 4544 etiam
2468 4492 2807 4560 Sapientiam,
2839 4510 2955 4562 qua:
2982 4496 3058 4549 sic
3087 4496 3405 4562 inscribitur,
3439 4506 3495 4551 et

1931 4579 2218 4633 Panaretus
2263 4581 2637 4634 diciturznam
2688 4582 2788 4636 hoc
2827 4584 2985 4636 etiam
3024 4599 3331 4653 germanum
3375 4588 3493 4655 ejus

1931 4688 2047 4726 esse
2076 4688 2207 4741 Opus
2250 4672 2507 4726 dictitant.
2543 4672 2689 4727 llunc
2733 4689 2891 4743 porro
2928 4675 3200 4730 Parcetnim
3244 4690 3335 4731 seu
3362 4678 3493 4733 Pro-

1930 4764 2104 4815 verbia
2138 4763 2421 4829 inscripsit.
2451 4761 2582 4815 Sunt
2610 4775 2783 4816 autem
2813 4766 3079 4833 parcentia:
3102 4767 3256 4820 verba
3284 4768 3491 4836 sapien-

1932 4857 2015 4909 tia:
2036 4896 2050 4913 .
2078 4858 2219 4907 velut
2243 4856 2541 4922 tenigmata,
2572 4872 2687 4925 qua:
2717 4873 2781 4909 ex
2808 4873 2865 4909 se
2903 4859 3113 4925 quidem
3165 4860 3301 4912 aliud
3338 4861 3489 4913 exhi-

1927 4946 2084 5009 bent,
2117 4944 2254 4997 aliud
2300 4961 2423 4997 vero
2469 4962 2563 5013 per
2610 4948 2959 5013 suspicionem
3010 4949 3258 5000 indicant.
3288 4948 3484 5001 Horum

1928 5042 2103 5086 autem
2134 5033 2335 5099 Species
2362 5044 2483 5086 sunt
2508 5037 2804 5103 proverbia.
2833 5036 2918 5088 Sic
2946 5037 3084 5087 enim
3111 5036 3351 5105 discipuli
3380 5038 3487 5091 Do-

1930 5126 2057 5178 mini
2088 5126 2370 5193 loquuntur
2391 5127 2440 5178 in
2466 5126 2755 5193 Evangelio
2780 5125 3017 5191 Joannis,
3048 5127 3274 5195 quando,
3308 5129 3486 5181 Domi-

1929 5229 1997 5267 no
2035 5214 2194 5267 multa
2229 5214 2451 5268 obscure
2493 5216 2732 5277 dicente,
2763 5215 2972 5268 tandem
3016 5217 3196 5270 dicunt
3232 5218 3280 5270 ci
3313 5235 3326 5271 :
3356 5218 3486 5271 Ecca

1928 5320 2060 5357 nunc
2086 5304 2253 5371 palam
2278 5306 2510 5373 loqueris,
2532 5314 2577 5355 et
2598 5305 2906 5372 proverbium
2936 5306 3129 5357 nullum
3157 5308 3280 5359 dicis
3304 5308 3482 5376 (Joan.

1929 5394 2013 5446 16.
2039 5393 2149 5461 29),
2183 5402 2237 5445 ut
2264 5394 2521 5459 intelligas
2552 5393 2823 5460 proverbia
2848 5436 2859 5453 ,
2894 5410 2997 5447 non
3023 5404 3204 5463 aperto
3227 5437 3241 5460 ,
3269 5396 3361 5449 sed
3388 5398 3485 5450 ob-

1927 5496 2083 5535 scuro
2126 5496 2287 5536 sensu
2337 5481 2461 5533 dici.
2498 5481 2752 5546 Quoniam
2803 5483 2960 5551 igitur
3000 5484 3129 5537 tales
3176 5484 3485 5554 plerumque

1926 5585 2046 5627 sunt
2075 5576 2125 5627 in
2155 5576 2252 5632 hoc
2280 5575 2414 5627 libro
2439 5576 2741 5638 sententice,
2770 5574 2887 5629 ideo
2912 5575 3182 5629 Partemize
3211 5591 3304 5629 seu
3348 5578 3483 5630 Pro-

1926 5667 2103 5720 verbia
2151 5665 2432 5733 inscriptus
2458 5665 2543 5719 hic
2578 5664 2711 5719 liber
2738 5674 2837 5719 est.
2876 5665 2970 5719 Est
2991 5676 3164 5720 autem
3198 5668 3317 5722 inde
3343 5667 3482 5723 dicta

1928 5758 2219 5828 parcentia,
2248 5756 2387 5825 quod
2435 5773 2529 5827 per
2578 5757 2688 5811 vias
2736 5756 2865 5812 tales
2907 5757 3180 5811 sententia:
3226 5761 3482 5817 conscribi

3061 5850 3137 5907 23
