4096 6494
626 413 732 471 371

623 518 792 573 solitze
818 527 1018 583 essent,
1050 518 1114 573 ad
1144 518 1532 576 correctionem
1576 527 1630 572 ct
1656 519 1950 573 doctrinam
1977 530 2184 581 eorum,

623 608 710 676 qui
761 606 861 661 iter
912 607 1268 661 instituerent.
1296 607 1395 661 Per
1422 608 1534 661 vias
1579 615 1755 662 autem
1799 605 2182 668 scribebantur,

620 697 742 768 quia
769 713 873 752 non
897 712 1082 753 omnes
1109 698 1341 752 veritatis
1367 712 1640 753 sermones
1663 696 1942 766 capiebant
1975 712 1987 748 :
2021 704 2078 749 ut
2101 696 2184 748 vel

617 787 670 839 in
703 787 1020 842 transeundo
1040 796 1091 841 et
1110 788 1226 841 talia
1249 786 1641 856 conspiciendo,
1665 802 1781 855 qua:
1798 786 1991 855 scripta
2011 790 2188 839 essent

613 879 994 947 exquirerent,
1024 888 1178 947 atque
1210 879 1277 931 ita
1305 877 1637 933 erudirentur
1679 876 1937 930 homines.
1964 874 2186 941 Quidam

614 978 793 1022 autem
823 968 1103 1038 parmmias
1132 968 1195 1021 ad
1232 967 1370 1020 hunc
1401 967 1612 1021 modum
1654 965 1946 1018 deliniant:
1976 965 2183 1018 Dictum

616 1058 918 1129 parodium,
960 1073 1052 1114 seu
1082 1059 1135 1112 in
1184 1058 1264 1112 via
1292 1058 1550 1127 positum,
1578 1057 1644 1112 ab
1692 1072 1797 1112 uno
1846 1056 2071 1126 quodam
2118 1056 2185 1111 ad

619 1153 781 1206 multa
811 1150 1139 1205 translatum.
1166 1149 1262 1205 Est
1290 1151 1444 1221 igitur
1486 1150 1537 1203 in
1577 1149 1677 1205 hoc
1716 1150 1849 1204 libro
1874 1150 2058 1204 notitia
2095 1165 2184 1203 sa-

617 1242 828 1309 pientia:
856 1250 909 1296 et
936 1240 1244 1309 disciplinaa,
1276 1240 1574 1295 intellectus
1609 1254 1911 1295 sermonum
1949 1241 2182 1310 pruden—

616 1330 721 1396 tiaa,
752 1330 982 1399 strophae
1023 1330 1324 1397 verborum,
1362 1329 1579 1398 justitim
1607 1344 1748 1383 vera:
1773 1330 2091 1396 intellectus,
2117 1330 2183 1383 ad

616 1422 951 1493 dirigendum-
967 1422 1180 1493 judicia,
1206 1431 1261 1476 et
1282 1421 1586 1491 pollicitatio
1609 1422 2092 1491 cognoscendarum
2116 1436 2182 1475 ex

618 1514 731 1568 istis
762 1513 1145 1581 parabolarum,
1175 1512 1433 1567 dictorum
1459 1512 1796 1582 sapientium,
1825 1514 2177 1581 :enigmatum,

617 1605 1028 1659 ctohscurorum
1069 1619 1394 1660 sermonum.
1429 1606 1494 1658 Et
1527 1613 1650 1658 sunt
1686 1605 1887 1659 notitia:
1911 1605 2183 1675 sapientiae

617 1702 672 1750 et
697 1693 1005 1763 disciplima.
1036 1693 1164 1748 Cum
1193 1694 1331 1748 enim
1358 1701 1411 1749 et
1434 1693 1603 1748 Grzeci
1643 1694 1953 1763 sapientiam
1984 1694 2182 1749 habere

617 1786 985 1856 polliceantur,
1026 1794 1078 1840 et
1112 1785 1342 1840 hazretiei
1371 1785 1563 1839 habere
1593 1800 1651 1840 se
1680 1785 2013 1856 disciplinam
2042 1786 2182 1840 arbi-

613 1884 856 1941 trentur;
889 1874 1008 1931 ideo
1050 1875 1135 1930 hic
1166 1891 1339 1931 veram
1389 1877 1699 1945 sapientiam
1746 1891 1805 1932 ac
1849 1877 2177 1946 disciplinam

615 1969 768 2023 docet
791 1985 805 2035 ;
830 1985 895 2025 ne
918 1984 983 2024 ex
1003 1968 1343 2023 similitudine
1372 1968 1601 2024 nominis
1622 1967 1913 2038 sapientiae,
1929 1970 1979 2023 in
1999 1969 2179 2037 sephi-

613 2066 782 2114 smata
806 2058 1110 2115 Grecorum
1142 2070 1195 2113 et
1222 2058 1589 2115 haereticorum
1618 2060 1736 2129 quis
1762 2058 1975 2115 incidat.
2006 2059 2177 2115 Graeci

613 2149 752 2205 enim
783 2158 965 2218 putant
993 2164 1051 2204 se
1078 2149 1174 2203 hac
1200 2149 1253 2204 in
1285 2164 1341 2204 re
1367 2160 1639 2219 praestare,
1667 2164 1729 2204 ac
1758 2149 1988 2203 Diceam
2012 2166 2063 2203 se
2092 2166 2177 2202 sa-

611 2240 797 2309 pientes
826 2257 930 2294 esse
954 2282 967 2307 ,
994 2240 1140 2294 stulti
1172 2240 1290 2310 facti
1318 2250 1433 2294 sunt
1458 2240 1477 2311 (
1507 2240 1656 2294 Rom.
1690 2242 1740 2294 1.
1770 2240 1901 2310 22).
1935 2240 2176 2293 llaeretici

611 2343 740 2385 vero
766 2329 998 2384 eruditos
1027 2344 1145 2384 esse
1186 2345 1245 2384 se
1293 2330 1430 2394 rati,
1458 2331 1628 2385 aversi
1662 2339 1784 2385 sunt
1825 2340 1876 2384 et
1920 2338 2173 2398 peccant,

612 2420 827 2489 proprio
867 2419 1065 2488 judicio
1106 2418 1459 2475 condemnati.
1487 2420 1708 2489 Sapiens
1757 2435 1884 2473 vero
1922 2420 1965 2472 si
2003 2420 2177 2472 divina

613 2508 817 2576 eloquia
860 2508 1120 2572 audierit,
1150 2508 1437 2576 sapientior
1478 2509 1596 2562 erit.
1628 2509 1833 2562 Etenim
1865 2509 1907 2562 si
1949 2509 2176 2577 legitima

614 2598 705 2653 Dei
732 2597 951 2653 audierit
979 2608 1030 2653 et
1050 2598 1377 2661 custodierit,
1405 2608 1457 2653 et
1484 2600 1533 2653 in
1556 2599 1827 2669 disciplina
1854 2602 2055 2654 Domini
2086 2616 2178 2655 ne-

544 2678 552 2683 ’
611 2688 813 2757 gligens
840 2703 941 2742 non
964 2687 1140 2753 fuerit,
1160 2703 1256 2743 nec
1278 2687 1478 2743 fallacia
1503 2690 1725 2757 quadam
1756 2689 1974 2744 allectus
2000 2689 2173 2757 fuerit,

613 2779 751 2833 filius
776 2780 983 2848 sapiens
1009 2780 1211 2844 evadet,
1253 2788 1305 2835 ct
1334 2780 1569 2835 eruditus
1601 2782 1786 2845 factus,
1815 2782 1988 2835 statim
2018 2783 2176 2836 etiam

612 2868 967 2939 cegnitinnem
1008 2870 1102 2923 Dei
1130 2870 1366 2939 accipiet.
1402 2871 1511 2923 Hac
1554 2872 1692 2924 enim
1728 2872 1990 2941 sapientes
2030 2872 2179 2925 insti-

612 2968 849 3014 tuuntur.
880 2959 1191 3015 Sermonum
1222 2975 1346 3014 vero
1380 2960 1693 3030 prudentum
1724 2962 2021 3016 intellectus
2043 3003 2055 3025 ,
2083 2963 2178 3016 do-

612 3050 779 3102 ctrina
805 3057 886 3104 cst
913 3048 979 3103 de
1009 3049 1123 3103 solo
1152 3065 1278 3104 vero
1324 3050 1454 3104 Deo.
1486 3050 1788 3105 Graecorum
1832 3066 2059 3122 namque
2085 3052 2174 3106 alii

613 3153 806 3207 corpus
850 3153 968 3193 esse
1012 3139 1257 3194 dixerunt
1316 3140 1509 3205 Deum,
1541 3142 1627 3194 alii
1673 3142 1966 3196 simulacris
2018 3144 2175 3197 etiam

612 3229 785 3296 ipsum
809 3229 1185 3285 assimilarunt.
1216 3230 1456 3285 limretici
1488 3246 1613 3285 vero
1642 3241 1693 3285 et
1724 3234 1819 3300 ipsi
1851 3233 1901 3286 in
1949 3234 2055 3287 veri
2086 3248 2177 3288 co-

611 3321 844 3388 gnitione
890 3320 1248 3391 desipuerunt.
1277 3321 1559 3391 Propterea
1604 3323 1687 3377 hic
1714 3324 1780 3378 de
1831 3339 1953 3379 vera
1998 3325 2176 3393 cogni-

611 3413 755 3467 tione
782 3412 876 3467 Dei
922 3413 1034 3468 hmc
1062 3424 1274 3468 enarrat
1303 3430 1316 3466 :
1350 3414 1486 3483 quod
1519 3415 1727 3482 quidem
1760 3415 2035 3469 inelfabilis
2065 3416 2173 3469 sit:

617 3521 635 3554 ι
665 3502 845 3559 Gloria
868 3503 961 3558 Dei
980 3504 1255 3559 abscondit
1276 3504 1491 3558 verbum
1515 3520 1530 3571 ;
1571 3523 1587 3556 ι
1618 3505 1683 3559 de
1706 3505 2030 3574 providentia
2050 3519 2178 3558 vero

609 3596 725 3665 ejus
776 3596 853 3650 sic
915 3596 1193 3666 loquitur:
1232 3616 1249 3648 ι
1303 3594 1357 3649 In
1412 3597 1555 3650 omni
1609 3596 1726 3651 loco
1778 3596 1916 3650 oculi
1968 3596 2174 3650 Domini

608 3685 1034 3754 contemplantur
1073 3686 1240 3739 bonos
1281 3696 1333 3738 et
1367 3686 1532 3739 malos
1558 3704 1575 3736 ι
1615 3685 1793 3753 (Prov.
1817 3686 1905 3740 25.
1929 3687 1983 3739 2.
2010 3698 2055 3739 et
2087 3688 2172 3741 15.

609 3774 689 3846 5).
722 3776 789 3829 Et
834 3777 1058 3831 iterum:
1097 3793 1116 3826 r
1151 3777 1307 3831 Dives
1348 3786 1401 3832 et
1430 3793 1625 3846 panper
1646 3778 1779 3832 alter
1808 3778 1957 3831 alteri
1985 3792 2174 3831 occur-

609 3876 796 3923 rerunt
826 3886 836 3920 :
872 3879 1117 3936 utrosque
1156 3884 1280 3922 vero
1331 3868 1450 3923 fecit
1492 3869 1777 3923 Dominus»
1800 3867 1948 3938 (Cap.
1973 3868 2066 3922 22.
2092 3868 2171 3937 2).

613 3958 700 4023 Et,
730 3976 748 4009 ί
783 3958 910 4012 Dum
930 3959 1251 4013 conveniunt
1280 3958 1563 4013 fmuerator
1593 3974 1655 4013 ac
1674 3958 1899 4023 debitor,
1925 3970 2175 4028 utrosque

609 4046 911 4117 speculatur
941 4048 1192 4103 Dominus
1222 4068 1241 4100 ι
1278 4048 1427 4117 (Cap.
1456 4047 1546 4102 29.
1571 4047 1676 4115 15).
1708 4047 1794 4113 Et,
1823 4066 1840 4096 ‹
1872 4046 2003 4102 Sunt
2032 4048 2173 4101 enim

610 4140 662 4191 in
692 4146 975 4206 conspectu
1002 4122 1277 4193 oculorum
1304 4139 1393 4193 Dei
1420 4139 1516 4192 via:
1542 4137 1658 4202 viri,
1692 4146 1744 4191 et
1769 4153 1952 4192 omnes
1977 4136 2173 4192 orbitas

608 4228 725 4296 ejus
738 4228 1035 4297 speculatur
1061 4226 1173 4295 »(ϐ.
1198 4228 1374 4296 5.21).
1409 4228 1669 4283 iudicium
1689 4244 1894 4297 quoque
1908 4229 2021 4297 ejus
2037 4243 2173 4282 com-

610 4328 888 4384 memorat,
920 4320 1138 4375 dicens:
1175 4338 1192 4370 (
1224 4319 1486 4375 Sacrificia
1516 4320 1793 4387 impiorum
1821 4319 2171 4373 abominatio~

607 4426 702 4467 nes
750 4421 871 4467 sunt
910 4412 1155 4467 Domini:
1204 4420 1323 4466 vota
1370 4421 1545 4465 autem
1598 4420 1740 4465 recte
1792 4411 2170 4464 ambulantium

607 4511 819 4573 accepta
862 4510 985 4556 sunt
1013 4503 1147 4573 apud
1176 4518 1295 4559 eum
1328 4522 1345 4555 ι
1382 4502 1548 4573 (ϐαρ.
1586 4502 1671 4557 15.
1701 4504 1794 4570 8).
1830 4503 1897 4555 Ει
1937 4503 2121 4555 iterum
2154 4518 2167 4554 :

614 4613 633 4645 ι
668 4594 859 4648 Domos
888 4594 1302 4648 conviciatorum
1334 4592 1553 4661 dissipat
1579 4592 1851 4657 Dominus,
1878 4594 2049 4645 firmat
2079 4607 2171 4645 au-

608 4693 713 4737 tem
742 4684 1019 4738 terminum
1046 4684 1214 4737 vidua:
1242 4704 1259 4734 ι
1294 4683 1442 4752 (ϐαρ.
1478 4683 1562 4737 15.
1589 4681 1703 4751 23).
1736 4681 2013 4751 Opilicium
2046 4696 2170 4736 vero

609 4774 751 4830 illius
792 4790 897 4828 non
938 4774 1277 4842 simpliciter,
1311 4773 1402 4828 sed
1446 4788 1511 4827 eo
1552 4772 1691 4842 quod
1722 4787 1815 4841 per
1839 4772 2069 4827 Verbum
2108 4786 2170 4826 ac

606 4866 914 4936 sapientiam
957 4880 1105 4919 suam
1138 4874 1323 4919 cuneta
1361 4864 1548 4929 faciat;
1580 4865 1666 4933 qui
1707 4865 2011 4933 pmissimus
2060 4865 2168 4918 veri

606 4956 699 5012 Dei
737 4956 1013 5011 character
1039 4965 1157 5019 est,
1186 4955 1324 5025 quod
1368 4957 1433 5008 sit
1476 4955 1591 5007 Filii
1636 4956 1813 5009 Pater.
1846 4955 1934 5008 Ait
1972 4954 2165 5023 igitur:

613 5068 631 5100 ι
660 5048 928 5117 Sapientia
956 5048 1093 5101 Deus
1115 5046 1352 5103 fundavit
1376 5056 1570 5099 terram
1603 5064 1621 5095 ι
1657 5045 1825 5116 (Cap.
1848 5046 1902 5100 ‘5.
1936 5045 2067 5115 19).
2103 5045 2170 5099 Et

603 5140 794 5193 iterum
832 5152 843 5188 :
880 5154 897 5188 ‹
934 5137 1070 5190 Deus
1100 5136 1220 5191 fecit
1262 5138 1505 5205 regiones
1544 5146 1598 5191 ct
1638 5137 1842 5192 deserta
1874 5145 1926 5190 et
1953 5138 2170 5190 summi-

604 5240 738 5283 tates
786 5227 1045 5282 habitatas
1088 5228 1242 5296 ejus,
1289 5245 1408 5297 quae
1451 5229 1549 5283 sub
1610 5229 1739 5283 caelo
1791 5238 1890 5283 est.
1947 5228 2167 5294 Quando

603 5319 931 5389 praeparabat
971 5317 1179 5382 crelum,
1203 5316 1412 5372 aderam
1462 5320 1654 5387 ipsi,et
1702 5320 1978 5387 scparabat
2017 5320 2165 5372 thro-

602 5425 728 5463 num
780 5424 934 5463 suum
979 5424 1134 5477 supra
1182 5417 1385 5473 ventos,
1429 5408 1636 5473 quando
1683 5409 1881 5461 validas
1944 5407 2167 5463 faciebat

602 5500 830 5569 desuper
859 5500 1043 5565 nubes,
1072 5516 1187 5553 cum
1211 5515 1274 5554 eo
1300 5514 1443 5554 eram
1470 5507 1656 5552 cuncta
1682 5514 2023 5567 componens.
2056 5501 2165 5569 Ego

602 5604 746 5644 eram
770 5589 823 5642 in
845 5604 943 5655 qua
968 5580 1253 5653 laetabatur,
1284 5588 1501 5658 singulis
1523 5587 1707 5641 diebus
1726 5588 1940 5642 lrctabar
1962 5590 2011 5641 in
2038 5604 2164 5643 con-

601 5690 782 5746 spectu
813 5678 949 5732 illius
980 5698 996 5729 ι
1033 5677 1193 5746 (Cap.
1226 5678 1277 5731 8.
1311 5677 1380 5731 26
1402 5678 1507 5733 -50
1532 5677 1573 5747 ).
1603 5675 1843 5745 Strophm
1883 5680 2161 5739 verborum

599 5778 725 5825 sunt
752 5768 803 5821 in
836 5768 936 5823 isto
963 5769 1094 5824 libro
1126 5786 1137 5822 :
1169 5784 1291 5823 nam
1318 5769 1359 5821 si
1392 5769 1507 5838 quis
1536 5784 1596 5825 ea
1628 5776 1805 5824 mente
1834 5778 2040 5836 verset,
2074 5785 2159 5823 re-

1326 404 1380 462 S.
1420 403 1694 462 JOANNIS
1720 397 2191 462 CHRYSOSTOMI
2229 396 2539 457 ARCHIEP.
2579 401 3104 461 CONSTANTINOP.

3764 419 3876 473 372

2297 511 2493 568 serabit
2520 524 2573 569 et
2604 516 2837 570 inveniet
2864 518 3179 572 sententiam
3210 518 3263 573 in
3293 517 3419 587 ipsis
3460 519 3639 574 sitam.
3676 518 3863 586 Qualia

2288 602 2588 661 sunthaec:
2622 606 2949 661 «Incolumis
2991 610 3156 663 evasit
3196 609 3261 663 ab
3304 616 3435 663 testu
3483 609 3624 663 filius
3666 610 3862 664 intelli-

2287 707 2416 761 gens
2440 709 2454 759 ;
2486 697 2841 765 corrumpitur
2863 706 3039 752 autem
3068 714 3099 752 a
3126 708 3282 753 vento
3308 700 3361 753 in
3392 715 3567 754 messe
3592 700 3729 755 (ilius
3759 700 3831 755 ini
3853 732 3867 740 -

2286 798 2420 851 quus
2458 803 2476 835 ›
2512 784 2673 856 (Cap.
2708 786 2792 840 10.
2829 786 2861 841 6
2889 788 2926 856 ).
2977 787 3044 840 Et
3089 789 3277 841 iterum
3312 805 3324 840 :
3376 806 3396 839 ‹
3446 788 3685 843 Sollicito
3728 804 3855 844 cura

2286 889 2404 942 qua:
2434 874 2484 927 in
2515 888 2642 943 agro
2668 885 2791 929 sunt
2822 877 3028 941 viridia,
3059 886 3111 930 et
3140 877 3356 931 herbam
3388 878 3645 943 demetas,
3672 887 3726 933 et
3752 878 3853 933 fte—

2286 978 2409 1016 num
2436 975 2741 1019 montanum
2771 966 2976 1033 collige,
3003 975 3059 1020 ut
3084 981 3209 1020 oves
3234 966 3426 1022 habeas
3453 968 3519 1021 ad
3557 968 3801 1022 vestitum
3830 988 3848 1020 ι

2286 1052 2444 1122 (ϐαρ.
2487 1056 2574 1108 27.
2608 1056 2695 1111 25.
2736 1057 2864 1125 26).
2898 1058 2965 1112 Et
2994 1075 3178 1113 rursus
3209 1077 3222 1112 :
3261 1078 3279 1111 ι
3316 1059 3370 1114 Si
3399 1062 3618 1114 conviva
3652 1062 3855 1116 sederis

2284 1144 2349 1197 ad
2375 1160 2577 1199 acernam
2602 1146 2651 1199 in
2678 1162 2860 1201 mensa
2890 1157 3210 1218 magnatum,
3242 1159 3417 1204 mente
3447 1150 3709 1220 intelligas
3734 1167 3855 1221 qua:

2283 1246 2619 1305 apponuntur
2648 1239 2737 1293 tibi
2776 1258 2795 1291 ι
2841 1240 3006 1309 (Cap.
3037 1240 3125 1295 23.
3155 1242 3178 1294 1
3212 1242 3347 1310 ):et
3388 1242 3492 1295 alia
3532 1243 3850 1297 consimilia.

2285 1327 2436 1382 Vera:
2470 1328 2687 1397 justitize
2726 1330 2899 1384 dictus
2926 1339 3007 1384 est
3042 1331 3337 1387 intellectus
3370 1350 3383 1386 :
3415 1334 3663 1402 quoniam
3701 1332 3853 1388 dide-

2282 1428 2462 1472 renter
2506 1419 2717 1487 quidam
2755 1421 2972 1489 justitim
3016 1422 3330 1477 vocabulum
3378 1424 3684 1492 accipiunt;
3728 1424 3851 1478 aliis

2282 1509 2578 1565 dicentibus
2597 1512 2852 1579 justitiam
2880 1527 2998 1568 esse
3017 1555 3032 1579 ,
3066 1523 3123 1568 ut
3149 1515 3331 1569 reddat
3356 1515 3473 1583 quis
3502 1515 3641 1584 quod
3666 1524 3848 1570 custo—

2282 1599 2530 1655 diendum
2557 1601 2761 1669 accepit
2786 1619 2799 1654 :
2832 1602 2949 1657 aliis
2974 1617 3101 1657 vero
3124 1645 3139 1665 ,
3171 1605 3213 1657 si
3252 1603 3448 1658 malum
3478 1605 3728 1659 reddatur
3754 1621 3850 1675 pro

2282 1690 2421 1741 malo
2441 1730 2454 1752 ,
2485 1699 2539 1743 et
2575 1690 2769 1743 bonum
2800 1706 2897 1759 pro
2927 1692 3083 1746 bono.
3120 1693 3426 1761 llujusmodi
3453 1704 3632 1749 autem
3660 1694 3852 1749 delini-

2281 1779 2452 1834 tiones
2478 1791 2737 1835 accuratae
2768 1796 2874 1836 non
2905 1792 3046 1835 sunt.
3077 1782 3153 1837 Ne
3178 1782 3376 1838 dixeris
3398 1785 3572 1848 enim,
3606 1784 3719 1852 Quo
3759 1785 3849 1839 ille

2279 1885 2402 1940 erga
2433 1886 2517 1924 me
2542 1886 2667 1925 usus
2696 1880 2777 1925 est
2813 1872 2970 1925 modo
2992 1914 3006 1939 ,
3039 1872 3223 1927 eodem
3252 1881 3370 1927 utar
3393 1889 3492 1943 ego
3515 1915 3531 1939 ,
3568 1890 3751 1943 poenas
3781 1876 3851 1930 de

2280 1960 2371 2013 illo
2410 1974 2615 2013 sumam
2655 1974 2752 2029 pro
2787 1960 2975 2030 injuria
3015 1976 3117 2031 qua
3147 1977 3231 2015 me
3262 1962 3455 2017 affecit.
3489 1962 3851 2030 Quamobrem

2279 2051 2365 2104 hic
2388 2090 2400 2114 ,
2432 2065 2549 2119 qua:
2573 2065 2694 2105 vera
2741 2051 2810 2104 sit
2847 2050 3047 2120 justitia
3074 2092 3087 2116 ,
3119 2051 3274 2105 docet
3301 2068 3314 2105 :
3342 2067 3457 2106 eam
3487 2053 3732 2107 videlicet
3751 2067 3850 2106 ve-

2277 2154 2389 2193 ram
2416 2154 2534 2194 esse
2556 2139 2815 2209 justitiam
2842 2181 2857 2204 ,
2887 2140 2931 2194 si
2960 2140 3242 2208 unicuique
3262 2140 3401 2209 quod
3430 2156 3583 2194 suum
3612 2151 3694 2195 est
3720 2142 3852 2195 red-

2277 2230 2448 2284 datur.
2483 2249 2500 2282 ι
2530 2230 2849 2300 Cumprimis
2892 2231 3097 2286 honora
3138 2232 3415 2286 Dominum
3448 2234 3515 2286 de
3552 2234 3711 2302 justis
3745 2235 3850 2287 tuis

2278 2322 2564 2388 laboribus,
2586 2332 2638 2377 et
2659 2324 2917 2392 primitias
2932 2324 3004 2378 illi
3023 2324 3088 2377 da
3108 2324 3176 2379 de
3194 2325 3296 2379 tuis
3314 2325 3527 2394 justitice
3549 2325 3803 2380 fructibus
3825 2346 3845 2377 ι

2279 2414 2443 2481 (Cap.
2487 2416 2539 2468 5.
2571 2413 2603 2468 9
2625 2414 2665 2485 ).
2705 2415 2904 2469 Deinde
2941 2416 3140 2470 honora
3188 2432 3364 2485 regem
3393 2455 3408 2481 ,
3453 2424 3507 2470 et
3542 2418 3852 2486 parentibus

2279 2504 2511 2559 debitum
2540 2505 2733 2560 exhibe
2758 2506 2988 2561 officium
3010 2548 3024 2572 ,
3051 2508 3294 2563 omnibus
3321 2523 3446 2563 vero
3471 2509 3611 2578 quod
3638 2524 3851 2578 acquum

2277 2603 2376 2646 est.
2404 2594 2469 2647 Et
2490 2594 2575 2649 hic
2598 2596 2807 2664 quidem
2834 2612 2968 2651 unus
2994 2608 3076 2652 est
3103 2605 3274 2669 typus.
3304 2600 3451 2653 Alter
3475 2614 3623 2663 vero,
3649 2609 3707 2653 ut
3729 2600 3849 2653 ani-

2279 2698 2417 2735 mam
2462 2699 2610 2738 suam
2640 2686 2860 2755 quisque
2885 2687 3172 2755 justificet,
3206 2689 3616 2759 mquabilitatem
3660 2697 3850 2743 custo-

2278 2773 2489 2839 diendo,
2519 2776 2588 2829 ita
2619 2778 2750 2831 utin
2781 2778 3243 2848 inaequabilitatcm
3287 2796 3391 2835 non
3433 2781 3703 2846 declinet,
3751 2781 3851 2834 sed

2278 2867 2465 2919 rationi
2492 2868 2855 2937 obtemperet,
2891 2870 2971 2924 Ne
2999 2872 3133 2925 malo
3167 2873 3374 2925 consilio
3396 2913 3410 2937 ,
3440 2889 3539 2940 quo
3567 2874 3853 2941 juventutis

2278 2958 2505 3009 doctrina
2547 2960 2840 3027 repudiatur
2862 2998 2877 3024 ,
2924 2961 3139 3030 capiaris
3172 2961 3339 3031 (Cap.
3369 2962 3425 3014 2.
3455 2962 3538 3017 16.
3573 2964 3673 3031 17)
3707 2980 3721 3016 :
3752 2962 3851 3018 sed

2278 3062 2395 3101 cum
2422 3040 2644 3103 conSilio
2665 3050 2839 3104 omnia
2867 3050 3045 3116 iacias,
3073 3059 3126 3106 et
3146 3052 3489 3121 cogitationes
3517 3062 3619 3107 tua!
3643 3053 3855 3122 sintju-

2276 3138 2430 3204 dicia,
2458 3140 2527 3193 ita
2552 3150 2605 3194 ut
2634 3142 2864 3212 seipsum
2886 3142 3110 3212 quisque
3133 3143 3350 3213 judieet,
3377 3154 3429 3199 et
3458 3159 3615 3199 omne
3639 3145 3855 3200 deside-

2276 3230 2409 3282 rium
2438 3230 2660 3299 probum
2700 3232 2925 3286 habeat:
2963 3232 3122 3287 Omne
3148 3234 3341 3303 quippe
3368 3235 3625 3304 fastorum
3653 3236 3857 3291 deside-

2276 3320 2405 3371 rium
2435 3320 2614 3374 bonum
2638 3331 2709 3375 est
2731 3320 2883 3392 (Cap.
2907 3323 2993 3376 Η.
3012 3323 3082 3378 25
3102 3321 3152 3393 );
3181 3334 3252 3386 et,
3284 3323 3696 3392 Concupiscentia
3716 3327 3855 3394 justi

2279 3421 2481 3481 accepta
2513 3422 2584 3465 est
2627 3414 2786 3483 (Cap.
2824 3414 2909 3468 10.
2936 3414 3063 3482 24).
3112 3414 3264 3480 Quod
3301 3424 3475 3469 autem
3520 3415 3853 3469 iracundiam

2276 3513 2495 3571 spectat,
2523 3503 2607 3557 Ne
2632 3506 2700 3558 sis
2728 3507 2920 3559 amicus
2940 3547 2954 3571 ,
2996 3507 3197 3576 inquit,
3222 3506 3326 3559 viro
3361 3507 3583 3575 furioso,
3608 3516 3654 3559 et
3685 3508 3855 3561 amico

2276 3594 2518 3649 iracundo
2542 3612 2604 3649 ne
2627 3597 2875 3652 cohabites
2896 3597 3043 3667 (Cap.
3073 3597 3162 3651 22.
3190 3596 3302 3667 24).
3331 3598 3541 3651 Omnem
3562 3599 3694 3651 enim
3718 3599 3856 3652 iram

2276 3704 2420 3742 suam
2452 3689 2627 3741 emittit
2654 3688 2895 3757 insipiens
2929 3705 2947 3742 :
2976 3689 3174 3758 sapiens
3203 3705 3317 3742 vero
3344 3690 3483 3742 illam
3512 3704 3574 3742 ex
3598 3699 3740 3759 parte
3766 3706 3857 3742 re-

2276 3782 2444 3835 condit
2470 3780 2636 3851 (Cap.
2664 3780 2753 3836 29.
2785 3782 2843 3835 11
2869 3780 2908 3849 ).
2936 3780 3036 3848 Qui
3062 3782 3295 3851 seipsum
3318 3782 3383 3836 ad
3409 3780 3549 3836 hunc
3576 3783 3857 3850 componit

2276 3871 2489 3925 modum
2515 3912 2529 3937 ,
2559 3878 2615 3925 et
2651 3870 2885 3941 singulas
2915 3871 3169 3941 cujusque
3196 3871 3362 3941 partis
3390 3872 3581 3925 anima:
3609 3871 3857 3925 actiones

2277 3975 2431 4015 sanas
2450 3971 2503 4014 et
2524 3963 2774 4013 innocuas
2797 3959 3044 4024 custodit,
3074 3960 3118 4014 is
3138 3960 3349 4014 demum
3366 3974 3547 4013 veram
3571 3959 3857 4028 agniturus

2275 4063 2355 4107 est
2375 4051 2656 4118 justitiam.
2683 4051 2886 4106 Judicia
2912 4066 3039 4106 vero
3062 4051 3290 4122 dirigere
3318 4060 3401 4106 est
3426 4050 3682 4120 imprimis
3702 4051 3857 4117 justo

2274 4142 2561 4197 secundum
2585 4141 2757 4211 legem
2778 4140 2871 4196 Dei
2892 4141 3148 4211 judicare,
3175 4150 3231 4195 ut
3255 4144 3359 4194 ait:
3390 4158 3409 4190 ι
3432 4140 3590 4207 Aperi
3616 4152 3674 4193 os
3697 4148 3854 4195 tuum

2272 4232 2435 4289 verbo
2458 4232 2570 4299 Dei,
2588 4242 2639 4286 et
2666 4247 2793 4288 sane
2814 4232 2879 4287 de
2907 4232 3151 4288 omnibus
3168 4231 3365 4299 judiea.
3394 4231 3687 4297 Pauperem
3712 4245 3856 4285 vero

2272 4335 2324 4380 et
2345 4324 2661 4379 imbecillem
2682 4323 2910 4393 dijudica
2938 4343 2956 4376 ›
2985 4323 3133 4392 (Cap.
3153 4325 3240 4378 '51.
3268 4324 3321 4377 8.
3350 4322 3425 4391 9).
3450 4341 3467 4373 ι
3492 4321 3589 4389 Qui
3617 4336 3857 4391 namque

2272 4414 2401 4468 dicit
2424 4413 2493 4467 de
2516 4414 2699 4483 impio,
2726 4413 2906 4468 Justus
2933 4420 3033 4477 est,
3063 4412 3401 4467 exsecrabilis
3426 4421 3507 4466 est
3533 4411 3758 4480 pupulis,
3792 4423 3858 4467 et

2272 4503 2486 4557 odiosus
2510 4502 2647 4556 inter
2673 4511 2878 4571 gentes.
2906 4502 3191 4556 Personam
3220 4503 3359 4557 enim
3388 4502 3438 4555 in
3463 4501 3661 4570 judicio
3687 4514 3854 4556 revo-

2272 4592 2374 4647 reri
2402 4591 2593 4645 bonum
2626 4606 2731 4645 non
2758 4600 2839 4646 est
2867 4610 2887 4644 ι
2920 4591 3070 4661 (Cap.
3096 4592 3185 4645 ει.
3213 4591 3300 4645 24.
3330 4590 3459 4661 23).
3489 4590 3601 4645 Hoc
3624 4589 3849 4659 quidem

2270 4683 2443 4754 palam
2474 4693 2525 4738 et
2553 4692 2735 4753 aperte
2758 4683 3039 4738 dicendum
3067 4693 3146 4738 est
3172 4700 3184 4738 :
3211 4682 3421 4749 deinde,
3452 4692 3509 4736 ut
3534 4681 3671 4751 quod
3690 4681 3850 4750 judi-

2270 4778 2407 4829 cium
2440 4775 2490 4829 iu
2521 4776 2654 4830 alios
2683 4776 2940 4845 quispiam
2973 4774 3193 4844 profert,
3223 4774 3451 4843 idipsum
3480 4774 3531 4827 in
3562 4786 3678 4827 sese
3704 4772 3861 4826 ἀει-ἱ-

2271 4878 2390 4936 gat,
2423 4880 2584 4935 seque
2615 4867 2726 4934 ipse
2754 4866 3021 4920 examinet
3048 4883 3060 4918 :
3095 4864 3450 4933 corripiatque
3476 4863 3519 4916 si
3548 4862 3874 4917 excesserit

2273 4958 2346 5010 ira
2379 4974 2390 5009 :
2421 4956 2685 5021 cohibeat,
2717 4957 2759 5009 si
2787 4954 3152 5009 vehementior
3182 4953 3339 5008 fuerit
3366 4952 3799 5022 concupiscentia
3851 4966 3870 5004 :

2270 5050 2459 5104 excitet
2479 5090 2493 5114 ,
2523 5048 2567 5101 si
2593 5047 2867 5101 dormierit
2894 5046 2972 5099 vis
2999 5045 3283 5111 ratiocinii,
3313 5044 3492 5099 dicens
3523 5062 3535 5097 :
3570 5045 3866 5110 Quousque

2270 5139 2425 5207 piger,
2446 5142 2585 5206 jaces
2609 5135 2759 5205 (Cap.
2794 5135 2845 5189 6.
2871 5132 2981 5202 9)?
3012 5136 3083 5187 lta
3109 5135 3247 5188 enim
3275 5150 3333 5189 se
3352 5135 3493 5202 juste
3518 5146 3725 5202 gerens,
3748 5145 3863 5185 ac-

2269 5237 2580 5296 Cusalorque
2605 5229 2683 5281 sui
2709 5226 2896 5288 factus,
2921 5234 3124 5278 rectum
3138 5224 3389 5293 judicium
3416 5224 3653 5293 proferre
3672 5221 3821 5276 dicet
3847 5266 3867 5291 ,

2270 5333 2367 5372 nec
2392 5318 2567 5371 audiet
2590 5318 2658 5370 ab
2681 5316 2787 5368 alio
2814 5331 2826 5365 :
2862 5314 2959 5379 Qui
2984 5315 3136 5366 alium
3166 5315 3311 5367 doces
3335 5356 3349 5379 ,
3373 5313 3586 5381 teipsum
3613 5327 3712 5363 non
3738 5312 3835 5363 do-

2268 5409 2388 5463 ces?
2413 5411 2499 5477 qui
2520 5408 2615 5470 ais,
2647 5404 2765 5458 Non
2795 5404 3135 5470 inme/iuberis,
3164 5404 3426 5457 introituri:
3452 5402 3627 5469 (Rom.
3654 5399 3709 5453 2.
3742 5402 3839 5456 2|.

2267 5494 2880 5567 22)?Quemadmodum
2923 5496 3063 5549 enim
3107 5497 3195 5565 qui
3240 5497 3339 5550 iter
3390 5493 3549 5557 facit,
3598 5493 3642 5545 si
3692 5504 3849 5551 recta

2266 5589 2533 5661 gradiatur
2570 5586 2650 5637 via
2677 5626 2691 5651 ,
2738 5584 2803 5637 ad
2845 5584 3003 5639 finem
3030 5586 3127 5639 viae
3158 5583 3434 5654 pervenit:
3467 5581 3544 5635 sic
3573 5582 3660 5651 qui
3694 5594 3847 5639 recta

2266 5680 2467 5750 profert
2488 5677 2681 5747 judicia
2704 5718 2717 5741 ,
2759 5677 2930 5745 justus
2971 5686 3288 5747 aguoscetur
3327 5683 3379 5728 et
3408 5674 3642 5743 sapiens.
3672 5674 3848 5729 Para-

2266 5769 2401 5823 bol:e
2425 5777 2598 5822 autem
2627 5765 2874 5823 dicuntur
2893 5781 3181 5832 sermones,
3203 5763 3349 5835 quasi
3372 5764 3629 5833 imagines
3653 5777 3852 5826 eorum
