4094 6470
667 431 777 486 373

651 525 748 587 τὰς
788 526 956 595 ἀρχὰς
998 528 1103 581 τῶν
1157 529 1402 599 πράξεων
1455 533 1835 600 προλέγουσιν,
1871 533 1935 585 ἵν’
1964 532 2188 591 ἕκαστος

653 614 927 680 γινώσκων
973 617 1070 678 τάς
1102 618 1272 687 ἀρχὰς
1315 620 1420 672 τῶν
1463 622 1644 673 κακῶν
1682 621 2046 691 φυλάττηται,
2095 621 2188 673 καὶ

652 693 834 764 ῶσπερ
863 695 1122 765 σύμϐολον
1149 699 1254 750 τῶν
1282 701 1381 768 τῆς
1407 702 1579 770 ψυχῆς
1617 702 1929 770 κινημάτων
1977 717 2190 771 παραγ-

654 775 945 842 γέλλουσιν,
981 773 1066 830 οἶά
1097 780 1212 830 ἐστι
1242 780 1310 832 τά
1339 783 1699 852 προειρημένα
1723 799 1737 813 ·
1773 783 1960 847 Μσος
1985 783 2189 850 ἐγείρει

653 857 847 921 νεῖκος
870 896 883 919 ,
917 857 1138 924 πάντας
1169 859 1235 911 δέ
1279 863 1415 927 τοὺς
1441 863 1526 931 μὴ
1571 863 2052 932 φιλονεικοῦντας
2087 878 2188 915 κα-

652 937 858 989 λύπτει
889 941 1072 1004 φιλία.
1116 941 1170 991 'O
1210 943 1315 1012 γὰρ
1358 944 1564 1012 φίλερις
1603 946 1711 996 ἀπὸ
1739 945 1923 1013 μίσους
1956 944 2062 1012 ἔχει
2096 942 2189 1010 τὴν

653 1016 821 1086 ἀρχὴν
872 1019 966 1087 τῆς
1015 1020 1261 1089 τοιαύτης
1295 1024 1521 1088 κακίας,
1558 1027 1647 1078 καὶ
1689 1027 1786 1077 οὑκ
1818 1025 1881 1077 ἄν
1921 1041 2002 1086 τις
2051 1024 2190 1076 εῖποι

653 1099 866 1168 ἀγαπᾷν
899 1100 987 1152 τὸν
1019 1101 1431 1168 φιλονεικοῦντα.
1456 1106 1618 1157 Πάλιν
1647 1107 1702 1158 δὲ
1732 1110 1796 1158 ὲκ
1827 1106 1918 1158 τοῦ
1953 1106 2189 1158 ὲναντίου

653 1181 681 1230 ὁ
704 1180 775 1248 μὴ
802 1180 1130 1247 φιλονεικῶν,
1155 1183 1435 1254 γνώρισμα
1461 1188 1672 1256 ἀγάπης
1704 1187 1830 1256 ἔχει.
1866 1188 1972 1239 Καὶ
1999 1188 2096 1238 οὑκ
2128 1186 2192 1238 ἂν

653 1277 734 1323 τις
764 1261 900 1313 εἴποι
925 1263 1216 1328 φιλόνεικον
1239 1267 1325 1318 τὸν
1346 1269 1634 1334 ἀγαπῶντα
1655 1285 1666 1298 ο
1698 1271 1769 1332 ὼς
1797 1269 1955 1322 πάλιν
1985 1269 2064 1329 τὸ.
2094 1270 2193 1321 Ἐν

655 1341 981 1410 ἐπιθυμίαις
1024 1346 1150 1398 ἐστὶ
1183 1345 1298 1413 πᾶς
1337 1350 1570 1417 ἀερτόςο
1617 1351 1707 1403 καὶ
1751 1350 1866 1416 πᾶς
1899 1351 2192 1417 ὀξύθυμος

656 1424 907 1488 πράσσει
921 1426 1066 1492 μετὰ
1086 1427 1493 1495 ἀϐουλίας.Τοῦ
1513 1434 1617 1502 γὰρ
1633 1432 1824 1502 ἀεργοῦ
1847 1433 1940 1500 ὲσή
1950 1448 2080 1502 μανε
2097 1430 2194 1500 τὴν

655 1503 827 1574 ψυχὴν
846 1507 902 1558 ἐν
922 1507 1116 1570 πάσαις
1136 1510 1444 1579 ἐπιθυμίαις
1459 1513 1784 1581 βεϐυθίσθαι,
1801 1515 1996 1566 καὶτὸν
2014 1511 2196 1578 ὀξύθυο

659 1604 758 1679 μνον
781 1588 1042 1679 μηδεμίαν
1061 1590 1246 1679 έχοντα
1267 1593 1456 1679 βουλὴν
1485 1595 1640 1663 ὀρθὴν
1663 1597 1912 1665 ἐδήλωσε.
1935 1596 2042 1648 Καὶ
2061 1594 2194 1656 ὅλως

658 1669 799 1720 οὑτοι
825 1670 891 1720 τὰ
920 1669 1084 1738 ἠθικά
1114 1673 1309 1740 μᾶλλον
1338 1675 1751 1741 ἀπαγγέλλουσι,
1784 1678 1880 1746 τὴν
1900 1677 2070 1745 ἀρχὴν
2098 1676 2195 1743 τῆς

659 1749 1052 1818 πράξεως,ὅθεν
1072 1753 1425 1814 συνίστανται,
1440 1757 1705 1822 λέγοντες,
1727 1759 1804 1809 ὅτι
1823 1759 1919 1827 τῆς
1943 1759 2036 1826 μὲν
2057 1757 2198 1825 φιλο-

658 1832 859 1894 νεικίας
880 1837 1191 1902 προηγεῖται
1215 1839 1364 1904 μῖσος
1383 1854 1394 1867 ·
1420 1837 1511 1889 τοῦ
1534 1839 1586 1890 δὲ
1613 1839 1683 1908 μὴ
1702 1838 2016 1906 φιλονεικεῖν
2039 1855 2198 1908 προηο

660 1917 830 1979 γεῖται
851 1915 1058 1985 ἀγάπη.
1086 1919 1176 1969 καὶ
1206 1918 1304 1987 τῆς
1334 1920 1430 1989 μὲν
1455 1921 1674 1989 ἁεργίας
1700 1923 2010 1989 προηγεῖται
2039 1921 2194 1990 ἡδονὴ

661 1999 833 2066 κακή·
861 1998 949 2050 τοῦ
975 1999 1032 2051 δὲ
1062 1997 1325 2070 ὀξυθύμου
1356 2006 1666 2070 προηγεῖται
1696 2004 1942 2056 ἀϐουλία·
1978 2006 2070 2056 καὶ
2105 2003 2195 2055 τού

664 2081 760 2149 μὲν
793 2082 1201 2153 ἐξουθενημένου
1233 2087 1370 2155 ἀρχή
1405 2089 1516 2140 ἐστι
1548 2089 1606 2140 τὸ
1638 2092 1988 2158 καταφρονεῖν
2038 2088 2197 2140 αὑτὸν

661 2160 752 2214 τοῦ
791 2163 950 2232 νόμου
974 2178 989 2195 ο
1014 2163 1111 2233 τῆς
1148 2166 1204 2218 δὲ
1248 2167 1430 2233 ὑγείας
1482 2172 1792 2238 προηγεῖται
1839 2171 1867 2222 ὁ
1899 2168 2059 2236 φόϐος
2105 2167 2197 2219 τοῦ

662 2244 792 2296 (ί)εοῦ
817 2261 830 2274 ⁶
868 2247 957 2298 καὶ
984 2247 1078 2316 τῆς
1110 2248 1209 2316 μὲν
1241 2250 1506 2312 ἀπωλείας
1536 2251 1633 2320 τῆς
1663 2250 1837 2318 ψυχῆς
1874 2253 2018 2323 ἐστιν
2057 2249 2199 2318 ἀρχῆ

660 2326 720 2378 τὸ
757 2327 1055 2393 ἀφύλακτον
1094 2330 1233 2398 ἔχειν
1261 2330 1319 2383 τὸ
1342 2333 1510 2400 στόμα
1532 2349 1545 2364 ο
1575 2332 1664 2385 τοῦ
1701 2334 1752 2385 δὲ
1786 2332 2055 2386 πτοεῖσθαι
2082 2349 2199 2385 τινα

663 2411 976 2477 προηγεῖται
1002 2412 1034 2479 ἡ
1063 2412 1372 2481 προπέτεια.
1401 2413 1551 2467 Οὕτω
1571 2415 1624 2468 δὲ
1653 2416 1881 2484 ἑκάστην
1907 2417 2060 2486 ρἦιν
2081 2415 2202 2466 ἀνα-

663 2489 820 2550 λᾷων,
845 2492 1087 2559 εὑρήσεις
1112 2494 1400 2564 εἰρημένην
1420 2497 1510 2548 καὶ
1533 2497 1916 2566 γεγραμμένην
1947 2496 2082 2564 ὑπὲρ
2109 2494 2201 2548 τοῦ

664 2571 785 2631 τοὺς
810 2570 1100 2634 ἀκούοντας
1135 2576 1226 2625 καὶ
1260 2575 1617 2643 μανθάνοντας
1649 2577 1743 2638 τὰς
1767 2576 1936 2646 ἀρχὰς
1965 2576 2071 2628 τῶν
2105 2593 2203 2628 κα-

667 2649 775 2701 κῶν
810 2652 1024 2703 καὶτῶν
1057 2655 1292 2719 ἀγαθῶν,
1338 2657 1555 2724 φεύγειν
1589 2660 1684 2727 μὲν
1711 2659 1776 2710 τὰ
1804 2660 1997 2726 φαῦλα,
2029 2660 2201 2728 πράτ-

665 2748 776 2785 τειν
801 2734 855 2786 δὲ
887 2735 953 2787 τά
976 2736 1170 2803 ἀγαθά.
1215 2739 1516 2807 Αἰνίγματα
1538 2739 1591 2791 δὲ
1621 2741 1711 2793 καὶ
1749 2742 2003 2793 σκοτεινοὶ
2034 2742 2200 2808 λόγοι,

667 2815 853 2876 οἵτινες
887 2817 1138 2884 ἀσφαλεῖς
1170 2819 1267 2887 μὲν
1291 2819 1458 2883 οὑτως
1482 2821 1635 2884 εἰσὶν,
1663 2821 1798 2873 ὥστε
1829 2823 1979 2890 ἀνιᾷν
2003 2823 2091 2874 τὸν
2123 2824 2206 2873 ὲν-

667 2899 991 2966 τυγχάνοντα
1017 2899 1076 2952 τὸ
1112 2901 1272 2969 μηδὲν
1304 2903 1600 2970 ἐμφαίνειν,
1645 2905 1773 2972 μηδέ
1800 2921 1917 2955 τινα
1958 2905 2206 2956 ὑπόνοιαν

669 2979 955 3047 παρέχειν·
1006 2981 1356 3050 ὲρευνώμενοι
1399 2983 1455 3035 δὲ
1498 2985 1640 3052 ὅμως
1681 2984 1976 3038 δεικνύουσι
2017 2987 2105 3037 τὸν
2153 2988 2208 3037 ὲν

669 3062 846 3121 αὐτοῖς
878 3060 1019 3114 νοῦν.
1050 3057 1162 3115 Οἷοί
1190 3065 1322 3115 είσι·
1359 3063 1440 3130 Τῇ
1460 3066 1692 3132 βδέλλῃ
1723 3067 1873 3133 τρεῖς
1899 3069 2209 3135 θυγατέρες

669 3139 845 3210 ἦσαν,
896 3145 1187 3217 ἀγαπήσει
1235 3148 1635 3216 ἀγαπώμενοι·
1669 3151 1762 3201 κιιί
1816 3152 1874 3202 ai
1921 3151 2072 3217 τρεῖς
2101 3147 2209 3204 αὖ·

671 3240 759 3275 ται
786 3233 827 3288 ⁸,
869 3227 963 3278 καί
987 3227 1023 3293 η
1051 3226 1290 3295 τετάρτη
1314 3231 1422 3282 οὐκ
1448 3231 1706 3296 ἠρκέσθη
1731 3231 1932 3291 εἰπεῖν,
1965 3233 2206 3285 Ἱκανόν.

673 3304 874 3373 ᾍδης,
902 3308 995 3359 καὶ
1035 3308 1180 3374 ἔρως
1219 3312 1512 3377 γυναικὸς,
1545 3313 1640 3363 καί
1682 3313 1982 3379 τάρταρος,
2012 3315 2105 3364 καί
2133 3312 2207 3380 γῆ

671 3389 778 3440 οὐκ
805 3389 1212 3458 ἐμπιπλαμένη
1241 3389 1385 3460 [379]
1408 3392 1636 3456 ὓδατος,
1664 3393 1759 3444 καί
1789 3393 1941 3459 ὕδωρ
1971 3395 2063 3445 καί
2095 3394 2211 3460 πῦρ

670 3470 742 3520 οὺ
765 3467 849 3535 μὴ
880 3471 1145 3531 εἴπωσιν,
1184 3471 1383 3539 Ἀρκεῖ.
1419 3474 1525 3525 Καὶ
1563 3474 1746 3526 πάλιν·
1782 3475 1912 3540 Τρία
1950 3475 2012 3528 δέ
2049 3476 2213 3528 ἐστιν

667 3549 931 3604 ἀδύνατά
957 3564 1058 3619 μοι
1093 3551 1328 3619 νοῆσαι,
1357 3555 1452 3606 καί
1485 3554 1549 3606 τὸ
1582 3554 1857 3622 τέταρτον
1883 3558 1990 3609 οὐκ
2029 3559 2212 3624 ἐπιγιο

671 3632 877 3685 νώσκω
897 3650 913 3663 ·
946 3634 1082 3702 ίχνη
1120 3634 1294 3689 ἀετοῦ
1322 3635 1662 3704 πετομένου,
1692 3637 1787 3690 καὶ
1823 3637 1999 3703 όδοὺς
2031 3639 2215 3707 δφεως

667 3713 766 3764 ἐπὶ
791 3713 1026 3780 πέτρας,
1058 3716 1156 3768 καί
1182 3717 1412 3784 τρίϐους
1428 3717 1571 3785 νηὸς
1590 3721 2094 3786 ποντοπορούσης,
2118 3722 2215 3773 καὶ

671 3794 850 3859 όδοὺς
876 3796 1091 3863 ἀνδρὸς
1123 3797 1191 3850 ἐν
1237 3800 1498 3865 νεότητι·
1530 3800 1624 3852 καὶ
1665 3801 1762 3852 ὅσα
1803 3802 2022 3854 τοιαῦτά
2073 3804 2216 3854 ἐστιν

674 3880 966 3949 αἰνίγματα
989 3897 1001 3910 ·
1037 3882 1196 3952 ἕτερα
1215 3885 1319 3954 γάρ
1348 3901 1464 3936 τινα
1490 3884 1656 3954 δηλοῖ,
1679 3887 1769 3938 καὶ
1798 3887 1881 3938 ἑτέ
1891 3903 1995 3955 ρων
2018 3886 2218 3940 ἔννοιαν

675 3962 1001 4032 παρίστησιν
1048 3965 1141 4016 καὶ
1188 3965 1370 4034 ἀσαφῆ
1421 3967 1517 4035 μέν
1561 3968 1693 4028 ἐστι,
1746 3968 2117 4037 κεκρυμμένον
2165 3968 2220 4020 δὲ

673 4043 786 4113 εχει
824 4045 912 4097 τὸν
940 4045 1083 4098 νοῦν.
1127 4047 1232 4100 Καὶ
1263 4049 1294 4117 ή
1331 4048 1428 4117 μὲν
1472 4049 1694 4120 περιοχὴ
1741 4049 1833 4102 τοῦ
1867 4049 2068 4119 βιϐλίου
2111 4050 2220 4104 τῶν

676 4126 984 4196 Παροιμιῶν
1014 4129 1197 4182 τοῦτον
1229 4130 1338 4200 ἔχει
1372 4132 1459 4184 τὸν
1490 4132 1706 4202 τρόπον.

759 4209 822 4261 Ἦ
858 4209 912 4262 δὲ
939 4212 1396 4279 ἀνακεφαλαίωσις
1432 4215 1489 4265 ὲν
1530 4215 1753 4277 τούτοις.
1795 4216 1882 4268 Ἐν
1921 4215 2219 4285 προοιμίοις

677 4296 803 4365 περὶ
821 4295 996 4348 αὑτῶν
1016 4298 1120 4350 τῶν
1143 4298 1443 4368 παροιμιῶν
1464 4299 1843 4367 Σολομῶντος
1863 4301 1993 4354 υίοῦ
2020 4301 2218 4365 Δαυίδ,

677 4383 744 4448 ὃς
762 4383 1112 4438 ἐϐασίλευσε
1127 4384 1196 4436 ἐν
1221 4385 1629 4454 Ἰερουσαλὴμ,
1651 4386 1754 4439 τοῦ
1771 4385 1984 4455 γνῶναι
2002 4389 2223 4455 σοφίαν

675 4469 772 4522 καί
799 4469 1085 4523 παιδείαν.
1105 4470 1212 4523 Καὶ
1239 4471 1318 4524 ὅτι
1347 4471 1524 4540 Ἀρχὴ
1549 4472 1764 4540 σοφίας
1783 4472 1963 4539 φόϐος
1983 4473 2219 4539 Κυρίου.

677 4554 811 4624 Περὶ
839 4555 931 4608 τοῦ
962 4555 1176 4609 ἀκούειν
1206 4556 1400 4626 νόμους
1434 4557 1653 4628 πατρὸς,
1685 4557 1776 4609 καὶ
1805 4557 1877 4628 μὴ
1906 4556 2223 4612 ἀπώσασθαι

676 4639 905 4710 θεσμοὺς
936 4641 1154 4712 μητρός.
1186 4643 1319 4712 Περὶ
1339 4642 1430 4695 τοῦ
1459 4643 1530 4714 μὴ
1556 4641 1904 4713 πλανηθῆναι,
1929 4643 2063 4711 μηδὲ
2090 4660 2224 4712 συμ-

676 4726 996 4796 πορεύεσθαι
1039 4728 1189 4791 ὀδοὺς
1239 4728 1373 4800 μετά
1421 4729 1527 4782 τῶν
1581 4728 1965 4781 συντελούντων
2014 4728 2220 4798 ἄνομα·

676 4812 848 4865 κοινὸν
879 4813 985 4883 γάρ
1023 4813 1297 4882 βαλάντιον
1340 4815 1648 4885 κέκτηνται.
1685 4817 1805 4868 Ὅτι
1836 4815 1993 4884 σοφία
2027 4817 2083 4867 ὲν
2108 4813 2224 4878 ἐξόο

673 4899 781 4960 δοις
807 4899 1071 4968 ὑμνεῖται,
1107 4900 1319 4964 ἀσεϐεῖς
1346 4901 1401 4952 δὲ
1432 4902 1693 4971 ἐμίσησαν
1715 4901 1982 4972 αἴσθησιν.
2010 4902 2224 4972 Ἐπειδὴ

675 4983 917 5046 ἐκάλουν,
965 4984 1058 5036 καὶ
1107 4984 1202 5053 οὑχ
1236 4985 1546 5054 ὑπήκουσάν
1590 5004 1709 5057 μου,
1755 4985 1842 5039 διά
1878 4985 2054 5049 τοῦτο,
2099 4987 2225 5039 ὅταν

676 5069 1003 5122 καλέσωνταί
1042 5087 1129 5139 με,
1159 5071 1254 5140 οὑχ
1289 5073 1658 5141 ὑπακούσομαι
1703 5072 1897 5125 αὑτῶν.
1931 5074 2063 5142 Περὶ
2106 5071 2223 5135 τοῦ,

676 5155 860 5221 Δέχου
886 5157 1096 5221 ῥήσεις
1126 5155 1405 5220 ἐντολῶν,
1438 5156 1532 5210 καί
1567 5159 1976 5211 είσακούσεται
2010 5160 2227 5226 σοφίας

673 5239 738 5291 τὸ
760 5235 865 5304 οὖς
881 5257 1014 5302 σου,
1031 5242 1126 5292 ἶνα
1143 5242 1420 5309 συνήσῃς
1431 5241 1815 5307 δικαιοσύνην
1834 5244 1929 5296 καί
1943 5245 2134 5313 κρίμα.
2154 5241 2227 5296 Ὦ

675 5327 727 5377 οί
748 5327 1170 5389 καταλιπόντες
1203 5328 1376 5392 ὀδοὺς
1403 5328 1651 5391 εὐθείας,
1683 5326 1778 5379 καί
1808 5329 2112 5396 χαίροντες
2131 5331 2227 5382 ἐπὶ

675 5409 1005 5478 διαστροφῇ
1034 5409 1205 5477 κακῇ.
1231 5413 1360 5482 Περὶ
1377 5412 1488 5474 τοῦ,
1508 5417 1564 5466 Μ
1569 5411 1598 5475 ἠ
1619 5427 1691 5465 σε
1711 5413 2010 5480 καταλάϐῃ
2026 5416 2225 5482 βουλὴ

677 5497 850 5564 κακὴ,
876 5499 973 5552 ἵνα
998 5497 1178 5566 εὕρῃς
1206 5499 1436 5566 τρίϐους
1465 5497 1847 5566 δικαιοσύνης
1885 5499 2069 5564 λείας.
2097 5500 2227 5569 Περὶ

746 5768 768 5796 ο
785 5759 967 5829 Suppl:
992 5778 1019 5814 e
1045 5765 1167 5816 Bibl.
1192 5767 1277 5814 οὑκ
1303 5766 1644 5827 ἐνεπίμπλασαν
1667 5766 1827 5823 αὑτήν.

1323 420 1380 472 S.
1419 417 1696 474 JOANNIS
1733 416 2220 475 CHRYSOSTOHI
2253 415 2564 472 ARCHIEP.
2602 415 3142 473 CONSTANTINOP.

3748 428 3861 482 374

2294 529 2387 583 τοῦ
2419 531 2491 601 μὴ
2512 528 2953 585 ιπιλανθάνεσθαί
2976 545 3034 580 σε
3061 529 3287 596 τήρησιν
3316 524 3498 593 νόμου,
3525 524 3610 576 ἵνα
3642 540 3854 592 μακροο

2296 614 2497 687 ϐιώσῃς
2537 616 2594 667 ὲν
2626 615 2832 684 εἰρήνῃ.
2876 613 3010 682 Περὶ
3048 611 3140 664 τοῦ
3189 605 3324 662 εἶναί
3363 627 3421 661 σε
3456 609 3753 661 πεποιθότα
3791 610 3852 659 ὲν

2295 701 2388 771 ὅλῃ
2420 701 2611 770 καρδίᾳ
2638 702 2726 752 ἐπὶ
2745 698 2882 768 Θεῷ,
2905 699 2996 751 καὶ
3019 699 3091 766 μὴ
3117 694 3252 749 εἶναι
3278 696 3533 764 φρόνιμον
3561 697 3691 763 παρ’
3723 697 3852 746 ἑαυ-

2295 786 2390 855 τῷ,
2421 786 2554 839 ἀλλὰ
2587 787 2750 855 τιμᾷν
2776 785 2866 836 τὸν
2891 783 3090 853 Κύριον
3119 783 3224 835 ἀπὸ
3255 783 3358 833 τῶν
3397 781 3616 833 δικαίων
3649 781 3849 834 πόνων.

2296 872 2431 942 Περὶ
2460 873 2552 925 τοῦ
2602 871 2678 941 μὴ
2721 871 2996 940 ὀλιγωρεῖν
3025 868 3270 929 παιδείας
3313 866 3548 935 Κυρίου·
3589 868 3700 918 ’ον
3741 869 3852 934 γὰρ

2295 956 2492 1027 ἀγαπᾷ
2512 958 2742 1023 Κύριος,
2771 954 3050 1008 παιδεύει.
3083 953 3211 1017 Καὶ,
3232 951 3526 1018 Μακάριος
3541 951 3851 1017 ἄνθρωπος

2297 1045 2364 1111 δς
2395 1046 2538 1113 εὕρῃ
2590 1045 2830 1112 σοφίαν.
2868 1042 3001 1112 Περὶ
3043 1040 3137 1094 τοῦ
3189 1041 3262 1110 μὴ
3306 1038 3718 1109 παραρρύεσθαί
3763 1055 3848 1097 σε.

2297 1130 2431 1184 ἀλλά
2468 1132 2650 1201 τηρεῖν
2695 1127 2884 1197 βουλὴν
2922 1127 3016 1180 καὶ
3051 1126 3272 1186 ἔννοιαν,
3306 1125 3391 1177 ἵνα
3417 1124 3567 1176 ἔσται
3611 1123 3756 1186 ἴασις
3783 1123 3850 1192 τῇ

2300 1216 2458 1286 σαρκί
2497 1232 2610 1268 σου.
2640 1213 2775 1286 Περὶ⁸
2797 1211 2889 1265 τοῦ
2923 1210 2996 1282 μὴ
3033 1210 3360 1279 ἀποσχέσθαι
3390 1207 3448 1263 εὖ
3473 1212 3647 1261 ποιεῖν
3672 1209 3849 1276 ἐνδεῆ,

2298 1303 2456 1372 ἡνίκα
2486 1300 2551 1354 ἂν
2582 1300 2677 1368 ἔχῃ
2712 1299 2746 1368 ἠ
2787 1297 2906 1366 χείρ
2937 1313 3027 1348 σου
3056 1296 3286 1365 βοηθεῖν.
3320 1295 3446 1356 Καὶ,
3482 1296 3571 1364 Μὴ
3603 1295 3852 1346 τέκταινε

2301 1389 2390 1442 ἐπὶ
2416 1389 2493 1456 σῷ
2513 1387 2646 1456 φίλῳ
2665 1386 2826 1448 κακὰ,
2849 1386 2928 1437 ὅτι
2953 1383 3253 1451 ἀκάθαρτος
3272 1381 3496 1437 ἐνώπιον
3513 1381 3716 1450 Κυρίου
3743 1382 3853 1441 πᾶς

2300 1475 2628 1544 παράνομος.
2660 1472 2801 1534 Ὅτι,
2834 1471 3046 1536 Κύριος
3079 1465 3474 1536 ὑπερηφάνοις
3502 1466 3853 1519 ἀντιτάσσε-

2300 1578 2413 1622 ται,
2443 1558 2738 1623 ταπεινοῖς
2766 1557 2832 1609 δὲ
2857 1555 3211 1626 μεταδίδωσι
3238 1553 3428 1622 χάριν.
3462 1552 3569 1605 Καὶ
3603 1550 3729 1619 περὶ
3755 1549 3854 1600 τοῦ

2301 1645 2516 1699 ἀκούειν
2545 1645 2785 1706 παιδείας
2810 1642 3029 1712 πατρός.
3062 1639 3192 1710 Περὶ
3230 1637 3344 1703 τοῦ,
3376 1637 3486 1697 Υίέ,
3523 1635 3634 1704 ἐμῇ
3669 1635 3855 1702 ῥήσει

2304 1733 2578 1800 πρόσεχε,
2613 1729 2712 1784 καί
2759 1728 2922 1795 πάσῃ
2953 1723 3194 1796 φυλακῇ
3231 1724 3390 1792 τήρει
3427 1723 3550 1788 σὴν
3579 1721 3852 1787 καρδίαν,

2304 1820 2395 1871 καὶ
2423 1817 2623 1887 Κύριος
2658 1813 2822 1886 όρθάς
2848 1815 3057 1883 ποιήσει
3087 1811 3180 1873 τάς
3215 1809 3436 1878 τροχιὰς
3458 1826 3568 1860 σου.
3595 1808 3728 1873 Περὶ
3753 1804 3854 1857 τοῦ

2307 1904 2378 1973 μὴ
2417 1902 2695 1972 προσέχειν
2738 1898 2912 1968 φαύλῃ
2957 1896 3202 1965 γυναικίο
3236 1895 3428 1959 Ὁδοὺς
3468 1896 3573 1960 γὰρ
3601 1891 3740 1957 ζωῆς
3779 1891 3855 1944 οὐ

2299 1989 2655 2058 μετέρχεται.
2673 1985 2905 2054 μακρὰν
2933 1983 3186 2049 ποίησον
3211 1983 3313 2035 ἀπ’
3338 1981 3526 2046 αὐτῆς
3553 1977 3843 2031 σύνοδον.

2305 2076 2436 2144 Περὶ
2456 2074 2569 2134 τοῦ,
2613 2073 2751 2125 Πῖνε
2789 2070 2973 2123 ὕδατα
3011 2068 3125 2122 ἀπὸ
3165 2067 3291 2120 σῶν
3329 2066 3577 2134 ἀγγείων
3604 2079 3619 2095 ⁸
3657 2065 3751 2115 καὶ
3793 2063 3858 2114 Ἠ

2305 2161 2463 2228 πηγὴ
2498 2159 2601 2212 τοῦ
2635 2156 2849 2220 ὕδατός
2880 2171 2993 2208 σου
3015 2153 3166 2206 ἔστω
3186 2167 3281 2205 σοι
3309 2151 3496 2216 ἡδεῖα.
3533 2151 3632 2203 Ἔν
3651 2150 3758 2214 γὰρ
3778 2147 3856 2214 τῆ

2305 2248 2519 2311 ταύτης
2541 2244 2722 2312 σοφίᾳ
2742 2240 3335 2310 συμπεριφερόμενος,
3357 2234 3695 2299 πολλοστὸς
3713 2234 3852 2300 ἔσῃ.

2311 2334 2420 2386 Ἴθι
2470 2330 2618 2398 πρὸς
2666 2329 2772 2381 τὸν
2813 2328 3107 2395 μύρμηκα,
3161 2320 3208 2376 ὦ
3255 2321 3466 2388 όκνηρὲ
3506 2321 3708 2382 νεανία,
3755 2318 3856 2370 καί

2308 2418 2475 2486 γίνου
2513 2413 2878 2483 σοφὼτεροςο
2916 2411 3004 2464 ὅτι
3032 2410 3269 2476 πολλὴν
3299 2408 3366 2460 ὲν
3394 2403 3472 2470 τῷ
3502 2404 3702 2474 ἀμητῷ
3735 2420 3862 2455 ποι-

2308 2503 2452 2556 εῖται
2483 2501 2594 2567 τὴν
2627 2499 2964 2566 παράχυσιν
2985 2495 3034 2548 δ.
3074 2495 3204 2565 Περὶ
3240 2493 3328 2546 τοῦ
3369 2492 3681 2561 πορεύοντος
3721 2489 3860 2558 πρὸς

2309 2590 2403 2659 τὴν
2436 2589 2712 2657 μέλισσαν,
2734 2585 2839 2639 Καί
2863 2584 3010 2653 μάθε
3040 2583 3118 2649 ὡς
3139 2580 3368 2648 ἐργάτις
3395 2579 3542 2632 ἐστί.
3579 2579 3711 2642 Περὶ
3739 2576 3858 2639 τοῦ,

2313 2677 2462 2739 Ἕως
2477 2675 2638 2737 πότε,
2658 2671 2895 2738 ὀκνηρέ,
2919 2668 3289 2726 κατάκεισαι;
3311 2665 3516 2731 Ὀλίγον
3535 2663 3628 2732 μὲν
3649 2663 3857 2723 ὑπνοῖς,

2310 2759 2486 2825 ὀλίγον
2537 2757 2592 2810 δὲ
2638 2755 2890 2823 κάθησαι.
2937 2752 3033 2805 Διά
3077 2752 3232 2804 τοῦτο
3280 2749 3534 2818 ἐξαπίνης
3581 2748 3796 2816 ἔρχεται
3827 2748 3863 2814 ἡ

2314 2843 2556 2897 ἀπῶλειά
2595 2859 2706 2896 σου.
2760 2840 2893 2908 Περὶ
2935 2837 3175 2905 φυλακῆς
3229 2835 3406 2903 νόμων
3455 2832 3690 2901 πατρός·
3739 2832 3862 2882 Ὅτι

2313 2929 2539 2994 λύχνος
2564 2924 2822 2979 ἐντολῶν
2841 2924 2937 2976 καί
2956 2922 3078 2990 φῶς
3101 2922 3230 2973 ἐστι
3255 2919 3352 2971 καί
3375 2917 3520 2984 ζωῆς
3542 2916 3700 2980 όδός.
3727 2916 3865 2984 Περὶ

2315 3015 2429 3078 τοῦ,
2482 3012 2781 3067 Ἀποθέσει
2811 3020 2834 3049 θ
2867 3027 2955 3075 τις
2984 3007 3100 3074 πῦρ
3131 3008 3201 3059 ἐν
3221 3008 3442 3069 κόλπῳ,
3482 3004 3551 3056 τὰ
3580 3003 3645 3054 δὲ
3671 3001 3867 3069 ίμάτια

2316 3100 2498 3157 αὑτοῦ
2527 3101 2596 3152 οὐ
2631 3096 3019 3156 κατακαύσεις
3049 3096 3087 3160 ἢ
3116 3091 3494 3159 περιπατήσει
3526 3089 3616 3141 ἐπ’
3652 3087 3867 3153 ἀνθρά-

2316 3203 2436 3241 κων
2467 3184 2673 3252 πυρὸς,
2701 3182 2840 3247 τοὺς
2868 3181 2933 3233 δὲ
2961 3179 3147 3244 πόδας
3175 3181 3246 3232 οὐ
3276 3176 3630 3230 κατακαύσει
3653 3169 3865 3236 οὖτος;

2330 3273 2380 3324 Ὀ
2443 3270 2728 3324 εἰσελθὼν
2774 3267 2920 3337 [580]
2972 3268 3057 3330 είς
3107 3263 3359 3330 γυναῖκα
3409 3260 3710 3327 ὕπανδρον
3755 3259 3869 3310 οὐκ

2317 3358 2742 3422 ἀθωωθήσεται.
2785 3353 2915 3422 Περὶ
2944 3350 3060 3412 τοῦ,
3090 3352 3171 3404 Οὐ
3217 3347 3558 3416 θαυμαστὸν
3593 3346 3700 3397 ἐὰν
3739 3342 3872 3396 κλέ-

2320 3460 2480 3496 πτων
2521 3443 2645 3505 ἁλῷ
2687 3458 2769 3505 τις
2794 3455 2808 3468 ·
2840 3438 3079 3490 κλέπτει
3133 3436 3242 3505 γὰρ
3271 3435 3372 3488 ἵνα
3424 3431 3704 3501 ἐμπλήσῃ
3755 3429 3872 3493 τὴν

2320 3527 2528 3596 ψυχὴν
2561 3524 2742 3578 αὑτοῦ
2779 3522 3107 3576 πεινῶσαν·
3143 3523 3176 3575 ό
3202 3519 3269 3573 δὲ
3302 3518 3510 3587 μοιχὸς
3542 3517 3613 3568 δι’
3635 3514 3867 3569 ἔνδειαν

2322 3611 2551 3682 φρενῶν
2576 3609 2788 3665 ἀπολεῖ
2813 3609 2926 3675 τὴν
2953 3605 3162 3675 ψυχὴν
3194 3604 3399 3659 αὑτοῦ.
3427 3603 3556 3671 Περὶ
3585 3599 3700 3661 τοῦ,
3731 3600 3871 3666 Τίμα

2321 3701 2426 3752 τὸν
2457 3699 2620 3760 Θεὸν,
2668 3696 2741 3749 εαὶ
2776 3695 3063 3762 ίσχύσεις,
3092 3692 3186 3745 καί
3223 3691 3499 3759 φύλασσε
3528 3686 3673 3754 ἐμὰς
3702 3685 3874 3737 ἐντο-

2323 3791 2455 3855 λὰς,
2485 3787 2582 3842 καί
2632 3787 2961 3854 ἐπίγραψον
3010 3783 3192 3848 αὑτὰς
3236 3780 3331 3835 ἐπί
3373 3779 3438 3832 τὸ
3486 3776 3712 3840 πλάτος
3763 3773 3877 3838 τῆς

2326 3873 2568 3942 καρδίας
2593 3885 2727 3934 σου,
2757 3871 2855 3923 ἵνα
2879 3867 3181 3936 τηρήσωσί
3209 3883 3282 3920 σε
3312 3865 3425 3920 ἀπὸ
3455 3860 3738 3931 γυναικὸς
3770 3860 3878 3912 ἀλ-

2326 3961 2566 4026 λοτρίας
2603 3959 2698 4011 καί
2727 3957 2969 4024 πόρνης.
3007 3955 3141 4026 Περὶ
3179 3953 3273 4006 τοῦ
3303 3949 3530 4022 κηρῦξαι
3570 3965 3628 4000 σε
3662 3947 3874 4012 σοφίαν,

2327 4047 2404 4099 ὅτι
2430 4045 2514 4098 ἐπ’
2541 4045 2722 4115 άκρων
2740 4044 2846 4097 τῶν
2870 4043 3085 4113 ὑψηλῶν
3112 4044 3277 4104 ἐστιν,
3303 4040 3382 4093 ὃτι
3408 4037 3704 4106 τιμιωτέρα
3729 4033 3879 4084 ἐστὶν

2327 4131 2607 4201 ἀργυρίου.
2648 4130 2741 4182 καὶ
2787 4129 3128 4198 γνησιωτέρα
3163 4126 3302 4196 ὑπὲρ
3341 4122 3556 4193 χρυσίον
3597 4120 3880 4186 δεδοκιμαο

2330 4218 2539 4286 σμένον,
2560 4217 2651 4267 καὶ
2665 4217 2763 4278 ὅτι,
2781 4214 2944 4276 Φόϐος
2965 4213 3167 4282 Κυρίου
3191 4211 3335 4280 μισεῖ
3353 4206 3576 4260 ἀδικίαν.
3604 4203 3739 4273 Περὶ
3763 4202 3878 4262 τοῦ,

2329 4304 2539 4370 Κύριος
2568 4300 2770 4354 ἐκτισέ
2798 4316 2867 4365 με
2895 4297 3090 4366 ἀρχὴν
3113 4295 3267 4349 όδῶν
3289 4291 3472 4347 αὐτοῦ
3505 4293 3590 4356 είς
3612 4290 3754 4356 ἔργα
3777 4291 3883 4342 αὑ-

2331 4385 2454 4439 τοῦ.
2498 4386 2628 4454 Περὶ
2677 4383 2791 4446 τοῦ,
2841 4385 2920 4436 ὅτι
2969 4383 3038 4435 Ἠ
3085 4381 3266 4449 σοφία
3314 4377 3653 4444 ᾠκοδόμησε
3696 4373 3882 4441 ἑαυτῇ

2330 4467 2511 4526 οἷκον.
2563 4471 2694 4540 Περὶ
2721 4467 2851 4532 τοῦ,
2888 4469 3131 4535 Ἔλεγχε
3172 4467 3400 4533 σοφὸν,
3448 4463 3542 4515 καὶ
3583 4461 3882 4528 ἀγαπήσει

2331 4576 2421 4613 σε.
2465 4558 2605 4612 Ἐὰν
2632 4555 3006 4624 σοφὸςνγένῃ,
3037 4553 3264 4616 σεαυτῷ
3287 4554 3422 4619 ἔσῃ,
3456 4550 3549 4603 καί
3574 4550 3697 4612 τοῖς
3726 4552 3883 4614 πλη-

2331 4648 2469 4699 σίον
2488 4661 2602 4699 σου
2622 4659 2635 4673 ⁶
2668 4645 2775 4698 ἐὰν
2797 4643 2863 4696 δέ
2884 4641 3066 4707 κακὸς
3085 4638 3334 4707 ἀποϐᾖς,
3352 4640 3535 4707 μόνος
3559 4637 3884 4699 ἀντλήσεις

2331 4733 2401 4786 τὰ
2429 4731 2597 4786 κακά.
2635 4732 2753 4784 ’Ότι
2795 4731 2944 4799 γυνὴ
2984 4728 3183 4797 ἄφρων
3229 4727 3323 4780 καί
3370 4723 3629 4791 θρασεῖα,
3669 4721 3885 4786 ἐνδεὴς

2332 4821 2536 4890 ψωμοῦ
2587 4819 2825 4886 γίνεται.
2865 4818 3046 4870 Πενία
3085 4816 3270 4881 ἄνδρα
3317 4811 3612 4866 ταπεινοῖ·
3656 4810 3788 4874 υίὸς
3817 4809 3885 4861 δὲ

2331 4908 2794 4975 πεπαιδευμένος
2825 4906 3013 4974 σοφὸς
3037 4903 3224 4957 ἔσται.
3255 4899 3467 4968 Μνήμη
3499 4898 3732 4951 δικαίου
3757 4894 3882 4964 μετ’

2332 4999 2647 5068 ἐγκωμίων.
2685 4998 2788 5060 Ὃς
2824 4995 3124 5061 πορεύεται
3173 4989 3394 5055 ἁπλῶς,
3437 4990 3741 5056 πορεύεται
3787 5000 3886 5038 πε·

2334 5084 2561 5148 ποιθώς.
2597 5085 2700 5146 ’ος
2739 5083 2805 5133 ἐκ
2840 5079 3084 5148 χειλέων
3123 5077 3393 5145 προφέρει
3421 5076 3662 5142 σοφίαν,
3686 5071 3887 5139 ῥάϐδῳ

2334 5171 2534 5223 τύπτει
2576 5167 2760 5234 ἀνδρα
2791 5165 3091 5232 ἀκάρδιον.
3136 5163 3343 5227 Ὀδοὺς
3384 5159 3528 5228 ζωῆς
3582 5157 3886 5227 φυλάσσει

2335 5254 2598 5306 παιδεία·
2650 5252 3018 5304 καλύπτουσι
3064 5248 3130 5300 δὲ
3181 5249 3399 5318 ἔχθραν
3440 5245 3608 5313 χείλη
3663 5241 3882 5293 δίκαια.

2339 5343 2562 5408 Ἄφρων
2584 5338 2839 5405 πράσσει
2861 5334 3010 5388 κακά
3036 5350 3047 5364 ο
3076 5335 3266 5402 στόμα
3291 5333 3356 5385 δέ
3375 5331 3602 5385 δικαίου
3621 5327 3885 5382 ἀποστά-

2395 5581 2432 5652 ξξ
2449 5579 2572 5627 Bibl.
2598 5576 2864 5652 παρέθεσαν.
2889 5572 2995 5621 Mox
3022 5570 3286 5633 legendum
3310 5566 3498 5615 videtur
3527 5557 3758 5623 περὶτοῦ,
3786 5558 3884 5608 Πο-

2338 5642 2493 5705 ρεύθητ
2505 5656 2536 5687 ι.
2558 5636 2677 5685 (ῖυῐη⁷
2696 5636 2815 5684 Bibl.

2402 5705 2421 5730 ε
2449 5700 2601 5746 Selib.
2647 5697 2889 5751 ἀποθήσει.
2922 5691 3048 5742 Bibl.
3091 5690 3323 5752 ἀποδήσει
3359 5682 3682 5752 θξιάπρδέσει.
3723 5679 3880 5743 Supra

2340 5743 2923 5816 vers—(Iéﬁiﬁrcapilis'soxli
2947 5756 3087 5800 aliter
3110 5743 3288 5811 legit-ir
3311 5745 3358 5794 in
3385 5743 3566 5794 Bibliis.
