4096 6536
316 471 427 527 373

302 590 424 643 qum
454 574 723 627 dicuntur.
760 573 833 627 Ex
866 571 993 642 ipsis
1016 571 1158 626 enim
1187 586 1279 641 per
1312 570 1707 624 similitudinem
1733 566 1873 637 quod

305 665 499 718 dit-itur
528 664 857 730 intelligitur.
889 663 963 717 lta
992 676 1218 732 namque
1244 661 1496 715 Dominus
1519 703 1535 727 ,
1565 669 1622 714 ut
1642 661 1715 713 ait
1741 660 1874 713 Mar-

302 768 421 815 cus,
451 751 580 805 dicit
604 770 617 807 :
643 752 736 806 Cui
764 752 1049 805 assimilabo
1071 767 1277 821 regnum
1315 749 1413 804 Dei
1433 752 1458 804 ?
1484 760 1570 802 aut
1597 766 1696 819 qua
1725 765 1875 818 para-

301 845 419 897 bola
446 845 751 898 adumbrabo
772 845 900 899 illud
922 844 1113 912 (Marc.
1141 844 1195 897 4.
1214 841 1347 912 30)?
1376 851 1553 909 utpote
1575 856 1693 895 cum
1725 854 1874 908 para-

299 934 425 987 bula
447 933 517 987 sit
537 934 603 988 de
626 934 784 988 rebus
814 948 907 1004 per
930 932 1322 989 similitudinem
1352 930 1525 989 dictis.
1553 930 1684 985 Cum
1706 930 1873 984 dixis-

297 1033 387 1076 set
408 1024 551 1077 enim
585 1040 599 1077 :
633 1023 812 1077 Simile
834 1032 908 1077 est
935 1039 1140 1093 regnum
1166 1020 1279 1087 Dei,
1311 1019 1502 1075 deinde
1524 1020 1719 1085 intulit,
1748 1019 1873 1073 Ideo

297 1116 356 1166 in
383 1113 636 1184 parabolis
664 1115 837 1184 loquor
863 1115 964 1168 illis
990 1111 1198 1183 (Matth.
1231 1113 1316 1167 15.
1346 1113 1434 1166 51.
1461 1112 1531 1167 55
1555 1119 1602 1166 et
1631 1111 1739 1181 15).
1768 1110 1875 1164 Hu-

293 1206 533 1275 jusmodi
569 1207 744 1275 itaque
772 1214 899 1259 sunt
926 1204 1191 1275 parabolas
1223 1222 1236 1258 :
1275 1221 1294 1255 ι
1319 1203 1469 1257 Sicut
1492 1202 1707 1257 emissio
1736 1201 1874 1255 nivis

296 1313 355 1352 in
381 1312 553 1352 messe
576 1298 768 1351 allevat
789 1306 973 1351 aestum
998 1336 1012 1359 ,
1041 1296 1118 1349 sic
1142 1295 1354 1349 nuntius
1382 1292 1549 1348 fidelis
1575 1293 1638 1347 iis
1662 1293 1751 1363 qui
1776 1292 1873 1345 mi-

296 1396 489 1441 serunt
530 1402 652 1441 eum
682 1404 699 1437 ι
734 1384 935 1457 (Prov.
964 1385 1056 1439 25.
1086 1384 1207 1453 15).
1252 1382 1320 1437 Et
1358 1397 1568 1437 rursum
1601 1400 1615 1436 :
1668 1401 1686 1434 ε
1724 1381 1874 1437 Sicut

296 1480 469 1544 venti,
497 1488 551 1534 et
576 1479 752 1533 nubes
777 1487 831 1535 et
860 1478 1050 1549 pluvia:
1074 1517 1089 1543 ,
1118 1477 1194 1531 sic
1219 1476 1306 1545 qui
1334 1476 1628 1545 gloriantur
1653 1475 1704 1529 in
1732 1474 1873 1528 dono

297 1569 543 1626 mendaci
576 1588 594 1621 ι
628 1568 792 1640 (Ibid.
823 1585 872 1622 v.
906 1567 1046 1637 14),
1079 1575 1134 1621 et
1161 1566 1243 1620 his
1271 1566 1488 1620 similia.
1530 1566 1673 1619 Dicta
1713 1579 1873 1633 porro

294 1662 594 1728 sapientum
639 1668 794 1724 sunt,
843 1673 946 1713 non
989 1656 1314 1726 sophismata
1346 1655 1625 1710 verborum
1652 1695 1665 1718 ,
1701 1668 1872 1722 neque

295 1766 571 1805 Sermones
590 1749 973 1819 probabilitatis
994 1747 1170 1815 specie
1184 1746 1528 1814 decipieutes,
1559 1744 1653 1798 sed
1681 1744 1788 1799 veri
1818 1751 1873 1799 et

295 1841 564 1895 accurati:
592 1856 696 1894 non
719 1839 865 1909 quasi
892 1838 1130 1908 jussione
1149 1836 1421 1905 cujusdam
1450 1835 1632 1900 habiti,
1658 1833 1750 1889 sed
1778 1848 1870 1903 per

295 1946 356 1987 se
401 1931 512 1986 uoti
536 1972 552 1997 ,
591 1941 647 1986 et
684 1930 833 2000 quasi
877 1929 1157 1985 sententiae
1198 1943 1382 1982 eorum
1424 1926 1633 1996 prolati.
1672 1925 1868 1991 Quales

294 2033 459 2079 sunt:
493 2042 511 2075 ι
535 2023 709 2080 Corde
747 2025 993 2087 laetante,
1019 2021 1174 2076 ﬂoret
1197 2022 1402 2083 vultus;
1435 2034 1555 2073 cum
1595 2028 1771 2071 autem
1815 2017 1865 2070 in

295 2114 504 2169 tristitia
526 2123 630 2179 est,
654 2113 969 2183 deprimitur
990 2131 1008 2165 ι
1041 2110 1220 2181 (Prov.
1250 2111 1333 2165 15.
1361 2110 1481 2177 15).
1512 2110 1577 2162 Ει
1606 2126 1623 2159 ι
1657 2106 1760 2163 Cor
1785 2122 1868 2162 re-

291 2217 435 2264 ctum
463 2207 654 2275 quaerit
678 2220 922 2269 sensum;
953 2218 1014 2258 os
1037 2211 1213 2257 autem
1244 2200 1750 2270 indisciplinatorum
1777 2215 1866 2254 co-

290 2308 510 2364 gnoscet
537 2297 674 2349 mala
703 2314 721 2348 s
755 2294 894 2366 (Ibid
937 2310 983 2347 v.
1010 2295 1121 2364 14).
1154 2294 1238 2359 Ει,
1267 2310 1285 2344 ι
1309 2291 1500 2347 Odium
1525 2292 1719 2347 excitat
1738 2306 1865 2347 con-

293 2388 586 2442 tcutionem
621 2404 634 2440 :
677 2401 864 2441 omnes
901 2395 1080 2440 autem
1116 2398 1242 2448 eos,
1283 2385 1373 2454 qui
1410 2383 1727 2438 contentiosi
1759 2397 1861 2437 non

290 2489 433 2542 sunt,
458 2480 690 2548 contegit
710 2478 941 2532 amicitia
966 2495 984 2529 ι
1017 2476 1196 2548 (Prov.
1226 2476 1312 2532 10.
1339 2476 1449 2546 12).
1482 2474 1567 2541 Et,
1603 2492 1621 2527 ι
1649 2474 1746 2542 Qui
1770 2488 1863 2527 ne-

289 2571 487 2642 gotium
511 2572 805 2626 contemnit
820 2578 1190 2625 contemnetur
1209 2570 1277 2624 ab
1297 2568 1441 2638 ipso:
1460 2568 1547 2638 qui
1568 2581 1695 2621 vero
1715 2581 1861 2620 man-

287 2661 469 2714 datum
492 2670 723 2727 veretur,
756 2660 842 2714 ille
866 2675 1028 2715 sanus
1053 2670 1131 2713 est
1154 2678 1171 2710 ι
1205 2658 1354 2728 (Cap.
1379 2656 1597 2727 15.13).
1623 2657 1859 2711 Aliorum

290 2766 518 2821 namque
561 2751 831 2805 hominum
880 2764 1153 2804 sermones
1197 2756 1253 2804 ut
1300 2747 1582 2816 plttrimum
1628 2746 1856 2817 ambigui

288 2851 412 2893 sinit
442 2857 454 2892 :
485 2841 805 2909 sapientium
835 2855 980 2905 vero,
1009 2840 1190 2909 quales
1217 2847 1340 2893 sunt
1367 2837 1600 2902 isti,veri
1627 2846 1771 2903 sunt,
1805 2846 1858 2890 et

286 2931 431 2984 enini
459 2945 523 2984 ex
552 2944 698 3000 parte
725 2931 980 2994 accurati,
1014 2930 1082 2983 ita
1109 2939 1165 2982 ut
1192 2928 1406 2982 minime
1437 2928 1564 2995 ipsis
1588 2926 1857 2982 contradi-

285 3032 454 3075 catur.
488 3022 547 3076 Et
574 3022 661 3076 alii
688 3022 897 3092 quidem
930 3022 1171 3075 homines
1199 3037 1264 3075 ex
1297 3022 1399 3075 line
1424 3021 1601 3089 Operis
1627 3035 1737 3073 rem
1763 3019 1854 3073 de-

284 3114 528 3179 clarant;
558 3113 854 3183 cujusmodi
885 3122 966 3168 est
996 3112 1123 3166 illud
1155 3131 1167 3166 :
1202 3112 1416 3179 Iniquus
1443 3126 1528 3166 res
1558 3121 1639 3164 est
1669 3110 1806 3163 mala
1836 3127 1850 3172 ;

282 3216 337 3257 et
364 3204 603 3259 moechus
632 3219 847 3273 pravum
873 3203 998 3272 quid
1027 3212 1127 3269 est,
1154 3203 1291 3272 quod
1316 3202 1485 3257 cuivis
1515 3200 1850 3256 manifestum

279 3303 385 3350 est.
426 3294 705 3363 Sapientes
735 3302 907 3347 autem
947 3294 1150 3347 initium
1180 3307 1399 3362 operum
1437 3292 1769 3362 praedicunt,
1799 3300 1854 3346 et

278 3386 430 3454 quasi
457 3385 696 3456 symbola
722 3385 879 3439 animi
906 3394 1101 3438 motum
1128 3385 1498 3453 pramantiant,
1523 3394 1579 3437 ut
1607 3385 1849 3456 quisque,

278 3476 474 3543 agnitis
503 3475 761 3530 malorum
797 3476 1066 3545 principiis
1088 3516 1102 3541 ,
1135 3475 1236 3529 sibi
1269 3485 1450 3529 caveat
1477 3515 1491 3539 ,
1529 3475 1702 3544 qualia
1729 3484 1852 3529 sunt

276 3566 523 3633 superius
560 3565 698 3620 dicta
732 3581 744 3618 :
781 3564 966 3619 Odium
1004 3567 1211 3619 suscitat
1246 3567 1641 3631 contentionem,
1681 3583 1850 3621 omnes

279 3666 445 3709 autem
462 3696 475 3718 ,
506 3656 592 3724 qui
617 3672 716 3708 non
751 3656 1086 3718 contendunt,
1114 3657 1326 3725 contegit
1351 3656 1589 3709 amicitia.
1612 3656 1847 3712 Conten-

280 3748 446 3801 tiosus
473 3747 615 3801 enim
644 3762 707 3799 ex
736 3746 856 3801 odio
884 3748 1095 3800 malitiae
1126 3747 1281 3815 hujus
1308 3748 1621 3815 principium
1653 3748 1845 3813 habet,

283 3852 380 3896 nec
407 3838 665 3907 quispiam
687 3838 876 3892 dixerit
897 3838 1280 3891 contentiosum
1309 3851 1367 3891 se
1389 3837 1627 3905 diligere.
1650 3837 1847 3893 Contra

278 3929 367 3998 qui
394 3931 761 3983 contentiosus
793 3943 895 3981 non
921 3936 1001 3981 est
1025 3968 1040 3992 ,
1068 3926 1365 3982 dilectionis
1392 3928 1639 3982 indicium
1668 3929 1843 3984 habet.

277 4017 389 4076 Nec
417 4012 806 4073 contentiosum
849 4018 1109 4086 quispiam
1140 4017 1331 4072 dixerit
1359 4033 1479 4072 eum
1520 4020 1607 4088 qui
1636 4019 1804 4089 diligit
1828 4062 1843 4085 ,

274 4116 339 4163 ut
372 4122 583 4161 rursum
617 4105 835 4159 dicitur:
862 4105 927 4160 In
948 4110 1361 4178 concupiscentiis
1384 4118 1453 4162 est
1478 4111 1640 4163 omnis
1662 4111 1846 4165 otiosus

279 4194 464 4265 (Prov.
487 4197 571 4250 15.
592 4196 645 4265 4)
667 4213 680 4260 ;
699 4206 768 4256 et.
792 4196 1074 4251 Iracundus
1094 4202 1277 4268 absque
1296 4201 1504 4253 consilio
1533 4201 1635 4269 agit
1666 4200 1842 4271 (Prov.

281 4287 369 4343 14.
408 4285 535 4358 17).
577 4286 705 4340 Nam
749 4286 906 4340 otiosi
944 4289 1172 4341 animam
1211 4290 1471 4357 signillcat
1508 4290 1557 4343 in
1601 4291 1845 4345 omnibus

275 4376 721 4445 concupiscentiis
748 4391 867 4431 esse
895 4376 1190 4431 demersam
1213 4420 1226 4445 ,
1258 4390 1309 4433 et
1349 4379 1655 4433 iracundum
1680 4419 1692 4444 ,
1724 4380 1842 4435 nul-

266 4469 385 4522 lum
435 4478 635 4521 rectum
687 4467 881 4523 habere
934 4471 1209 4524 consilium
1262 4472 1510 4526 oSIeudit.
1563 4472 1624 4527 lli
1672 4473 1844 4544 itaque

274 4557 434 4622 plane
461 4573 636 4612 mores
660 4559 928 4613 declarant
952 4602 964 4624 ,
994 4573 1045 4614 et
1073 4563 1295 4615 actionis
1328 4563 1637 4632 principium
1662 4606 1676 4629 ,
1705 4564 1845 4620 unde

272 4648 536 4713 ordiatur,
564 4649 687 4702 dum
717 4652 895 4715 aiunt,
929 4653 1107 4705 odium
1153 4654 1459 4721 praecedere
1491 4657 1631 4709 rixas
1660 4673 1674 4709 :
1707 4658 1844 4711 cari-

269 4748 437 4796 tatem
466 4753 587 4793 esse
616 4740 927 4810 principium
958 4752 1009 4795 et
1040 4758 1251 4795 causam
1279 4784 1291 4799 .
1324 4759 1423 4812 qua
1458 4746 1689 4799 vitantur
1717 4761 1842 4801 con-

270 4844 315 4884 tr
332 4831 576 4884 titiones:
609 4833 718 4885 otio
746 4832 931 4901 przcire
965 4848 1174 4901 pravam
1205 4851 1246 4886 vi
1272 4835 1560 4903 luptatem;
1593 4839 1844 4893 iracundo

264 4921 466 4990 praeire
492 4921 697 4975 consilii
727 4923 953 4991 in0piaiu
988 4940 999 4975 :
1027 4934 1080 4977 et
1104 4939 1315 4978 causam
1338 4942 1502 4994 quare
1525 4928 1642 4994 quis
1668 4926 1843 4996 despi-

264 5011 463 5073 ciatur,
496 5023 617 5063 esse
642 5020 999 5077 contemptum
1034 5014 1162 5082 legis
1188 5032 1199 5068 :
1230 5014 1367 5082 quod
1398 5016 1678 5070 sanitatem
1706 5032 1844 5087 prac-

268 5097 430 5152 cedat
451 5100 607 5153 timor
633 5100 722 5154 Dei
746 5118 758 5153 ε
788 5102 909 5154 item
937 5102 1074 5171 quod
1106 5103 1417 5171 principium
1448 5107 1695 5173 perniciei
1724 5110 1840 5162 aui-

268 5197 378 5240 n~az
406 5183 499 5248 sit,
530 5199 632 5236 non
659 5184 924 5238 custodire
945 5199 1006 5239 os
1035 5202 1186 5239 suum
1210 5227 1225 5252 ,
1256 5186 1395 5255 quod
1427 5190 1613 5243 terrori
1648 5200 1844 5258 prmeat

259 5274 560 5328 temeritas.
591 5273 645 5327 Si
674 5288 739 5327 eo
765 5275 921 5328 modo
950 5276 1153 5345 singula
1180 5276 1321 5331 dicta
1351 5279 1668 5345 expendet-is
1697 5324 1709 5343 ,
1744 5283 1838 5337 de-

258 5365 572 5433 prehendes
596 5381 654 5421 ea
686 5366 805 5419 ideo
836 5381 963 5423 esse
983 5369 1172 5435 scripta
1206 5378 1362 5438 atque
1396 5372 1595 5438 prolata
1624 5414 1637 5435 ,
1669 5383 1724 5426 ut
1754 5376 1838 5441 qui

265 5457 536 5511 audierint
584 5457 843 5512 bonorum
898 5457 1262 5529 malorumque
1315 5461 1567 5529 principia
1619 5464 1790 5517 edocti
1823 5508 1836 5530 ,

267 5562 431 5620 prava
473 5549 672 5619 fugiant
695 5590 709 5612 ,
755 5547 889 5602 bona
934 5558 1238 5616 operentur.
1272 5549 1571 5621 Aﬁniginata
1604 5569 1761 5621 porro
1787 5566 1841 5609 et

266 5640 475 5695 obscuri
506 5654 818 5701 sermones.
850 5639 917 5693 ita
946 5649 1100 5693 caute
1130 5650 1250 5694 sunt
1282 5643 1471 5711 posita,
1505 5656 1561 5697 ut
1600 5660 1719 5698 eum
1751 5650 1836 5715 qui

264 5729 448 5797 legerit
476 5745 716 5788 mcerore
745 5729 997 5792 afﬁciant,
1027 5728 1167 5797 quod
1197 5731 1324 5785 nihil
1352 5734 1526 5786 statim
1556 5734 1840 5790 exhibeant

260 5823 567 5897 nullumque
600 5835 819 5879 sensum
847 5819 1183 5877 subindiccnt
1214 5838 1225 5876 ε
1260 5832 1491 5880 attamen
1521 5825 1644 5881 dum
1676 5842 1833 5881 accu-

1432 453 1751 511 SYNOPSIS
1787 452 2192 510 SCRIPTURIE
2230 454 2493 510 SACKE.

3452 479 3562 534 374

1982 575 2096 621 rate
2123 567 2513 636 expenduntur,
2547 583 2694 624 suam
2743 571 3061 626 sententiam
3090 573 3340 629 indicant.
3372 574 3555 640 Qualia

1981 667 2135 711 sunt:
2167 677 2184 709 ι
2208 656 2552 728 Sanguisugzr.
2568 671 2674 715 tres
2696 670 2847 715 erant
2870 661 2992 716 lilia:
3012 662 3295 718 admodum
3319 664 3550 727 dilectm;

1982 760 2036 805 ct
2056 750 2137 805 hze
2165 759 2272 805 tres
2299 761 2351 805 et
2377 761 2558 821 quarta
2592 767 2694 806 non
2720 753 2905 807 dicunt
2930 794 2945 820 ,
2974 755 3114 808 Satis
3134 765 3236 809 est.
3267 755 3509 810 infernus
3537 798 3553 822 ,

1982 848 2034 895 et
2058 855 2208 894 amor
2237 841 2474 896 mulieris
2505 851 2557 895 et
2585 851 2813 897 tartarus
2837 884 2852 908 ,
2881 852 2935 898 et
2961 854 3097 898 terra
3123 861 3241 915 quae
3270 860 3375 900 non
3403 856 3550 900 satu-

1981 942 2128 988 ratur
2148 948 2303 1003 aqua,
2328 949 2461 1002 aqua
2484 943 2537 988 et
2560 934 2694 1003 ignis
2712 950 2997 1005 numquam
3025 936 3228 1003 dicunt,
3256 937 3397 992 Satis
3423 945 3507 993 est
3528 956 3559 990 »-

1981 1023 2001 1094 (
2029 1023 2182 1078 Prov.
2213 1026 2301 1081 50.
2329 1027 2411 1081 15.
2443 1027 2563 1096 16).
2611 1027 2676 1080 Et
2702 1028 2891 1082 iterum
2923 1046 2935 1081 :
2975 1048 2994 1080 ι
3026 1030 3149 1083 Tria
3176 1039 3301 1084 sunt
3325 1045 3442 1099 quae
3469 1030 3552 1084 in-

1980 1115 2193 1170 tellectu
2222 1116 2349 1169 mihi
2387 1127 2509 1170 sunt
2546 1116 2892 1185 impossibilia
2914 1159 2929 1183 ,
2963 1128 3017 1173 et
3047 1129 3293 1188 quartttm
3324 1134 3428 1174 non
3456 1134 3551 1174 co.

1977 1220 2172 1274 gnosco
2203 1224 2217 1261 :
2249 1208 2467 1275 vestigia
2512 1208 2699 1276 aquila:
2738 1209 2963 1262 volantis
2987 1249 3000 1272 ,
3048 1218 3101 1264 et
3138 1212 3246 1265 vias
3285 1210 3550 1281 serpentis

1977 1307 2136 1362 supra
2161 1303 2364 1363 petram
2393 1335 2409 1359 ,
2450 1306 2501 1349 et
2531 1297 2642 1349 vias
2676 1296 2822 1352 navis
2854 1300 2903 1351 in
2938 1299 3069 1351 mari
3103 1300 3276 1353 euntis
3304 1342 3320 1365 ,
3351 1311 3403 1354 et
3433 1300 3550 1355 vias

1977 1384 2075 1438 viri
2106 1384 2156 1438 in
2181 1385 2535 1439 adolescentia
2571 1404 2590 1437 ι
2621 1386 2778 1455 (Ibid.
2800 1404 2846 1441 v.
2875 1389 3104 1460 18.19);
3131 1398 3185 1444 et
3204 1405 3548 1460 qumcumque

1979 1475 2240 1545 ejusmodi
2274 1486 2395 1531 sunt
2422 1478 2698 1547 mnigmata
2733 1496 2746 1531 :
2780 1479 2881 1532 alia
2927 1494 3153 1549 namque
3190 1480 3367 1535 statim
3409 1480 3545 1534 indi-

1975 1575 2099 1621 cant
2120 1607 2135 1631 ,
2167 1566 2327 1620 aliam
2357 1577 2529 1621 tamen
2562 1571 2878 1623 sententiain
2910 1570 3162 1625 exhibent
3196 1587 3207 1622 :
3238 1579 3292 1625 et
3316 1570 3542 1624 obscura

1974 1656 2186 1725 quidem
2222 1667 2345 1711 sunt
2369 1698 2382 1720 ,
2421 1659 2787 1712 absconditum
2830 1676 2958 1714 vero
2988 1676 3202 1715 sensum
3234 1660 3447 1716 habent.
3479 1661 3547 1714 Et

1973 1748 2341 1817 compendium
2373 1749 2584 1817 quidem
2623 1750 2737 1804 libri
2780 1750 3188 1805 Proverbiorum
3218 1750 3285 1805 ad
3317 1751 3456 1805 lumc
3483 1764 3543 1804 se

1974 1838 2131 1893 habet
2159 1840 2394 1895 modum.

2054 1930 2438 1999 Recapitulatio
2480 1942 2655 1985 autem
2694 1931 2809 2000 ejus
2842 1932 2921 1985 his
2966 1932 3452 2002 comprehenditur.
3486 1934 3542 1990 ln

1972 2022 2243 2089 prommiis
2264 2022 2433 2092 agitur
2454 2022 2518 2077 de
2540 2022 2667 2092 ipsis
2686 2023 2988 2078 Proverbiis
3009 2023 3297 2077 Salomonis
3320 2024 3411 2091 ﬁlii
3434 2024 3539 2077 Da-

1970 2111 2072 2176 vid,
2100 2112 2183 2179 qui
2208 2113 2430 2182 regnavit
2455 2113 2508 2166 in
2538 2110 2843 2179 Jerusalem,
2871 2113 2938 2165 ad
2962 2113 3213 2167 sciendum
3241 2113 3538 2183 sapientiam

1969 2212 2014 2255 et
2043 2202 2364 2272 disciplinam
2388 2203 2538 2273 (Cap.
2561 2203 2779 2271 1.1.2).
2813 2202 2963 2268 Quod
2995 2204 3303 2273 principium
3333 2204 3541 2273 sapien-

1970 2294 2055 2348 tia:
2081 2294 2148 2348 sit
2178 2295 2334 2349 timor
2361 2295 2564 2349 Domini
2589 2293 2747 2366 (Ibid.
2769 2313 2814 2350 v.
2842 2298 2918 2365 7).
2948 2296 3022 2351 De
3047 2296 3320 2351 audiendis
3338 2298 3540 2369 legibus

1969 2386 2151 2453 patris,
2175 2386 2320 2441 etde
2344 2400 2447 2440 non
2477 2387 2773 2455 respuenda
2796 2388 3072 2455 disciplina
3105 2388 3307 2441 matris.
3339 2389 3411 2443 De
3432 2402 3535 2442 non

1965 2476 2212 2543 errando,
2248 2484 2305 2531 et
2336 2476 2473 2546 quod
2507 2492 2609 2530 non
2637 2477 2705 2532 sit
2732 2477 2813 2530 via
2840 2477 3164 2547 capessenda
3202 2493 3320 2532 cum
3357 2479 3419 2532 iis
3446 2480 3534 2548 qui

1964 2578 2253 2635 operantur
2288 2567 2462 2638 iniqua
2497 2586 2510 2624 :
2551 2583 2834 2624 commune
2862 2583 3088 2637 namque
3110 2569 3432 2639 marsupium
3462 2568 3533 2622 illi

1966 2658 2253 2726 possident.
2278 2658 2545 2729 Sapientia
2598 2659 2649 2713 in
2691 2659 2921 2714 exitibus
2950 2659 3237 2729 pratdicat;
3269 2660 3411 2729 impii
3441 2676 3531 2713 au-

1965 2756 2068 2801 tem
2105 2747 2329 2803 oderunt
2354 2763 2589 2803 sensum.
2620 2748 2877 2817 Quoniam
2909 2765 2995 2804 me
3022 2758 3264 2813 vocante,
3303 2766 3407 2804 non
3437 2764 3533 2804 au-

1960 2835 2193 2904 dierunt,
2241 2837 2360 2892 ideo
2407 2854 2526 2893 cum
2576 2839 2844 2895 vocabunt
2891 2854 2997 2903 me,
3045 2854 3150 2894 non
3199 2839 3408 2893 audiam
3439 2857 3533 2895 eos

1961 2926 2121 2995 (Ibid.
2166 2945 2213 2982 v.
2253 2928 2341 2983 2.1.
2370 2928 2483 2998 28).
2514 2930 2641 2985 Item
2689 2930 2836 2993 illud,
2869 2931 3055 2998 Accipe
3098 2930 3231 2983 dictu
3260 2932 3529 2984 mandato-

1957 3035 2088 3080 rum,
2121 3029 2166 3072 et
2192 3020 2362 3073 audiet
2386 3022 2681 3089 sapientiam
2712 3022 2850 3074 auris
2880 3032 2983 3082 tua,
3015 3032 3067 3074 ut
3105 3023 3353 3091 intelligas
3370 3024 3527 3092 justi-

1957 3109 2075 3161 tiam
2114 3118 2157 3162 et
2173 3110 2420 3179 judicium
2446 3109 2595 3180 (Cap.
2622 3111 2675 3165 2.
2702 3113 2751 3165 1.
2782 3111 2836 3164 2.
2868 3111 2941 3182 9).
2971 3111 3055 3165 Vw
3073 3114 3157 3181 qui
3185 3114 3529 3181 derelinquunt

1955 3200 2059 3250 vias
2099 3209 2278 3265 rectas,
2308 3209 2355 3252 et
2400 3200 2707 3254 delectantur
2747 3202 2799 3254 in
2827 3202 3143 3255 subrersione
3186 3203 3319 3255 niala
3363 3203 3525 3271 (Ibid.

1955 3305 2001 3343 υ.
2029 3289 2113 3343 15.
2147 3288 2259 3360 14).
2290 3290 2419 3344 lllttd
2448 3292 2627 3357 etiam,
2661 3291 2742 3346 Ne
2780 3302 2826 3345 te
2872 3292 3216 3363 apprehendat
3262 3295 3526 3348 consilium

1954 3382 2161 3445 malum,
2188 3392 2242 3435 ut
2269 3384 2489 3438 invenias
2513 3384 2714 3438 semitas
2736 3385 2949 3454 justitite
2972 3386 3151 3455 planas
3172 3385 3336 3456 (Ibid.
3366 3402 3411 3440 v.
3438 3388 3523 3443 19.

1952 3471 2065 3544 20).
2091 3471 2241 3537 ltem,
2272 3473 2348 3528 Ne
2378 3474 2705 3529 obliviscaris
2736 3475 2866 3544 legis
2895 3476 3211 3542 custodiam,
3244 3486 3300 3530 ut
3326 3477 3523 3546 lougte-

1952 3579 2048 3618 vus
2070 3565 2144 3619 sis
2171 3564 2222 3617 iu
2268 3580 2415 3634 pace.
2450 3565 2600 3632 Quod
2632 3574 2742 3620 toto
2783 3566 2943 3621 corde
2985 3566 3179 3620 debeas
3209 3567 3257 3621 in
3299 3567 3525 3620 Domino

1950 3654 2241 3719 conlidere,
2276 3670 2372 3709 nec
2409 3670 2528 3709 esse
2556 3656 2786 3724 prudens
2814 3657 2864 3709 in
2900 3657 3201 3724 tcmetipso,
3228 3656 3321 3711 sed
3352 3656 3523 3711 hono-

1951 3760 2071 3799 rare
2107 3745 2382 3799 Dominum
2412 3761 2474 3800 ex
2513 3745 2668 3815 justis
2710 3746 2995 3799 laboribus.
3027 3746 3176 3813 Quod
3207 3761 3311 3800 non
3354 3749 3521 3817 negli-

1950 3837 2119 3908 genda
2142 3838 2211 3892 sit
2236 3837 2509 3906 disciplina
2539 3838 2781 3903 Domini;
2826 3837 2963 3891 Nam
2988 3854 3130 3908 quem
3151 3839 3314 3909 diligit
3342 3838 3520 3893 Domi-

1950 3944 2044 3982 nus
2073 3931 2282 3999 castigat
2312 3927 2462 3999 (Cap.
2496 3930 2547 3984 5.
2575 3928 2685 3996 12).
2720 3928 2805 3995 Et,
2835 3930 3026 3983 Beatus
3060 3929 3219 3982 homo
3242 3930 3332 3998 qui
3371 3931 3519 3985 inve-

1951 4019 2088 4073 nerit
2132 4020 2466 4087 sapientiam.
2498 4018 2649 4086 Quod
2700 4033 2804 4071 non
2837 4018 3033 4072 debeas
3061 4018 3284 4073 emolliri
3333 4034 3395 4072 ac
3420 4021 3521 4071 dii-

1950 4108 2137 4173 lluere,
2167 4109 2257 4163 sed
2307 4124 2519 4164 servare
2562 4109 2840 4163 consilium
2889 4118 2942 4163 et
2989 4109 3418 4179 intelligentiam;
3468 4122 3521 4165 ut

1950 4199 2017 4251 sit
2062 4198 2261 4252 medela
2288 4200 2431 4251 carni
2467 4207 2587 4252 tum.
2621 4198 2768 4263 Quod
2816 4212 2918 4251 non
2964 4198 3158 4253 debeas
3191 4198 3445 4253 desistere
3490 4218 3519 4251 n

1950 4290 2207 4345 beneﬁcio
2246 4290 2496 4359 indigenti
2539 4290 2857 4359 praestando,
2886 4306 3004 4344 cum
3051 4290 3295 4344 habuerit
3333 4308 3520 4345 manus

1952 4390 2036 4435 tua
2069 4380 2207 4434 unde
2237 4380 2331 4448 ipsi
2368 4394 2522 4448 opem
2550 4379 2701 4444 ferat,
2733 4395 2904 4449 neque
2933 4380 3219 4433 machinari
3267 4381 3400 4433 mala
3428 4382 3520 4433 ad-

1949 4483 2133 4523 versus
2159 4468 2385 4521 amicum
2419 4478 2585 4532 tuum,
2611 4468 2730 4536 quia
2762 4469 3063 4522 immundus
3092 4483 3266 4521 coram
3294 4470 3520 4523 Domino

1948 4557 2120 4611 omnis
2153 4557 2362 4625 iniquus
2406 4558 2526 4610 erit.
2575 4556 2704 4623 Quia
2753 4555 2999 4609 Dominus
3040 4558 3265 4623 superbis
3312 4558 3516 4624 resistit,

1949 4648 2218 4702 humilibus
2239 4657 2400 4700 autem
2422 4648 2507 4698 dat
2532 4648 2745 4717 gratiam
2772 4644 2933 4715 (Ibid.
2952 4661 2999 4699 υ.
3024 4647 3136 4716 54).
3164 4647 3235 4701 De
3259 4647 3517 4702 audienda

1948 4738 2225 4807 disciplina
2256 4736 2442 4805 patris.
2483 4736 2608 4790 Item
2639 4736 2789 4802 illud,
2826 4734 2951 4802 Fili,
2976 4738 3119 4789 dictis
3149 4738 3269 4791 meis
3299 4740 3514 4800 attende,

1947 4841 1993 4885 et
2020 4829 2157 4884 omni
2179 4829 2405 4882 custodia
2428 4844 2569 4881 serva
2598 4844 2683 4880 cor
2710 4838 2867 4892 tuum,
2889 4837 2943 4882 et
2973 4828 3225 4883 Dominus
3250 4839 3421 4884 rectas
3444 4830 3520 4884 fa-

1948 4922 2052 4976 ciet
2094 4920 2292 4974 orbitas
2316 4929 2431 4974 tuas
2466 4919 2612 4989 (Cap.
2642 4920 2694 4975 4.
2721 4920 2811 4975 90.
2852 4920 2941 4976 25.
2969 4920 3081 4991 9.7).
3122 4921 3269 4988 Quod
3298 4937 3402 4976 non
3433 4932 3519 4975 at-

1948 5012 2267 5068 tendendum
2299 5027 2471 5081 pravaa
2502 5012 2705 5066 mulieri
2730 5029 2743 5074 ;
2782 5012 2899 5065 Vias
2927 5014 3055 5065 enim
3086 5014 3195 5065 vine
3221 5029 3316 5065 non
3348 5013 3514 5083 ingre-

1948 5104 2119 5167 ditur;
2148 5103 2208 5155 ab
2235 5104 2343 5173 ejus
2370 5104 2615 5157 consortio
2661 5114 2705 5157 te
2746 5104 2923 5173 procul
2968 5119 3161 5156 remove
3194 5102 3343 5173 (Cap.
3374 5105 3424 5158 5.
3461 5105 3513 5160 6.

1946 5194 2021 5265 8).
2066 5193 2191 5248 Item
2234 5193 2397 5247 illud:
2434 5193 2555 5248 Bibe
2594 5211 2747 5262 aquas
2794 5209 2855 5246 ea:
2898 5194 3027 5246 vasis
3071 5194 3205 5259 tuis;
3248 5203 3333 5260 et,
3378 5194 3519 5249 Fons

1946 5300 2088 5353 aqua:
2115 5294 2210 5337 tua:
2234 5285 2295 5337 sit
2322 5283 2406 5336 tibi
2450 5285 2613 5337 suavis
2645 5281 2801 5354 (Ibid.
2834 5298 2882 5335 υ.
2917 5282 3134 5351 15.18).
3164 5280 3229 5335 In
3254 5284 3360 5352 ejus
3385 5286 3515 5336 enitr.

1946 5376 2191 5443 sapientia
2222 5392 2441 5440 versans,
2476 5375 2703 5426 diuturne
2727 5389 2842 5442 ages
2874 5372 3033 5441 (Ibid.
3062 5389 3108 5426 v.
3141 5373 3248 5439 19).
3288 5372 3427 5425 Vade
3451 5391 3482 5424 ιι
3516 5397 3523 5412 ι

1948 5466 2226 5534 formicam,
2263 5483 2290 5518 ο
2323 5466 2459 5533 piger
2488 5462 2816 5524 adolescens.
2843 5473 2887 5515 et
2919 5475 3021 5516 esto
3065 5462 3337 5530 sapientior
3358 5479 3375 5514 :
3401 5463 3526 5529 quia

1947 5558 2153 5609 multum
2194 5559 2242 5609 in
2281 5572 2434 5609 messe
2465 5569 2607 5621 parat
2641 5572 2887 5608 acervum.
2926 5556 2997 5609 De
3032 5570 3095 5608 co
3138 5555 3224 5622 qui
3259 5555 3402 5608 vadit
3449 5557 3515 5609 ad

1945 5664 2119 5713 apem,
2158 5649 2217 5700 Et
2249 5648 2381 5699 disce
2413 5646 2661 5715 quomodo
2702 5647 2957 5715 aperatrix
3002 5646 3063 5697 sit
3088 5644 3239 5713 (Cap.
3269 5644 3318 5698 6.
3354 5645 3405 5698 6.
3432 5647 3510 5713 8).

1947 5740 2075 5792 illud
2106 5741 2261 5793 ctiam
2293 5757 2303 5791 :
2330 5738 2611 5809 Usquequo,
2640 5739 2794 5806 piger,
2816 5738 2957 5806 jaccs
2985 5736 3144 5805 (Ibid.
3178 5752 3224 5790 v.
3254 5737 3351 5803 9)?
3383 5738 3515 5791 l’au-

1948 5828 2110 5883 lulum
2158 5830 2377 5893 domuis,
2426 5828 2687 5897 paululum
2734 5842 2861 5882 vero
2907 5826 3078 5881 sedes.
3126 5825 3249 5881 Ideo
3297 5840 3515 5898 repente
