4096 6468
652 416 763 472 375

647 529 821 580 veniet
866 518 1121 590 pernicies
1172 526 1255 569 tua
1305 513 1452 585 (Cap.
1486 506 1805 576 6.10.15).
1846 507 1918 559 De
1964 499 2200 558 custodia

649 615 822 680 legum
872 609 1034 678 patris
1063 626 1075 660 :
1111 605 1256 672 Quod
1286 604 1487 657 lucerna
1515 601 1863 654 mandatorum
1905 596 2000 650 sint
2041 601 2085 647 et
2116 593 2205 646 tua:

647 712 693 756 et
723 703 800 754 via
826 702 935 752 vitw
961 697 1132 769 (Ibid.
1167 712 1214 749 υ.
1245 693 1370 764 25).
1409 691 1539 746 Illud
1577 691 1733 744 etiam
1779 707 1792 742 :
1838 686 2060 754 Deponet
2093 683 2204 750 quis

634 797 810 864 ignem
852 792 902 842 in
945 790 1076 853 sinu,
1103 787 1389 840 vestimenta
1431 791 1592 835 autem
1638 796 1727 833 sua
1769 795 1868 831 non
1915 775 2206 829 comburet?

650 894 737 938 aut
779 879 1047 934 ambulabit
1076 894 1223 946 super
1251 875 1486 928 carbones
1514 873 1660 942 ignis,
1693 871 1839 939 pedes
1886 878 2052 920 autem
2089 880 2205 918 suos

647 990 748 1026 non
771 971 991 1024 incendat
1022 968 1178 1040 (Ibid.
1211 983 1258 1020 υ.
1288 966 1373 1018 27.
1405 963 1534 1033 28)?
1577 962 1673 1028 Qui
1706 959 1992 1028 ingreditur
2009 956 2072 1010 ad
2094 970 2207 1009 mu-

649 1062 832 1116 lierem
867 1059 1218 1126 conjugatam,
1247 1069 1350 1107 non
1383 1054 1633 1105 innocens
1663 1051 1763 1103 erit
1805 1046 1963 1116 (Ibid.
1999 1061 2044 1099 υ.
2074 1044 2142 1098 9.9
2164 1043 2204 1111 ).

651 1150 802 1211 Item,
837 1148 953 1200 Non
996 1144 1260 1221 mirumosi
1286 1143 1394 1211 quis
1425 1142 1610 1208 furtum
1649 1138 1834 1208 faciens
1864 1133 2208 1204 deprehenda-

649 1248 761 1300 tur;
793 1238 990 1303 furatur
1019 1235 1147 1286 enim
1171 1242 1221 1284 ut
1242 1231 1444 1300 impleat
1475 1232 1691 1282 animam
1718 1243 1860 1281 suam
1887 1228 2208 1279 esurientem:

648 1331 866 1381 nrmchus
901 1336 1064 1378 autem
1095 1325 1153 1377 ob
1179 1324 1398 1390 inopiam
1429 1321 1603 1374 mentis
1630 1320 1796 1390 perdet
1822 1318 2043 1370 animam
2067 1331 2209 1368 suam

651 1416 812 1486 (Ibid.
833 1431 880 1467 υ.
913 1413 999 1467 50.
1031 1412 1144 1479 52).
1171 1412 1320 1476 Item,
1353 1409 1470 1462 Cole
1493 1408 1777 1471 Dominum,
1809 1416 1854 1458 et
1886 1415 2054 1474 potens
2093 1405 2209 1469 eris,

649 1519 695 1562 et
735 1507 925 1561 custodi
965 1505 1200 1558 mandata
1240 1519 1367 1567 mea,
1398 1512 1443 1556 et
1479 1501 1696 1554 describe
1729 1500 1818 1552 illa
1848 1499 1900 1552 in
1945 1496 2211 1550 latitudine

652 1601 815 1653 cordis
846 1599 937 1662 tui,
959 1607 1011 1650 ut
1037 1596 1318 1650 custodiant
1342 1604 1387 1646 te
1413 1611 1442 1646 α
1471 1594 1674 1646 muliere
1703 1592 1865 1644 aliena
1894 1599 1938 1642 et
1963 1587 2214 1642 meretrice

653 1688 803 1758 (Cap.
824 1689 876 1740 7.
902 1686 956 1740 2.
979 1687 1031 1741 3.
1065 1684 1140 1756 5).
1171 1683 1320 1751 Quod
1349 1683 1543 1738 debeas
1574 1681 1859 1751 prtedicare
1879 1679 2210 1748 sapientiam,

653 1794 772 1848 qua:
799 1779 850 1832 in
882 1777 1104 1832 excelsis
1129 1775 1414 1828 verticibus
1443 1781 1542 1839 est,
1573 1772 1693 1841 quia
1721 1770 1995 1839 pretiosior
2025 1777 2106 1822 est
2131 1783 2215 1820 ar-

663 1878 844 1937 gento,
875 1877 928 1923 et
976 1867 1279 1937 generosior
1327 1879 1454 1918 auro
1499 1864 1717 1932 probato
1749 1881 1760 1915 :
1796 1870 1848 1915 et
1891 1861 2026 1930 quod
2059 1861 2215 1912 timor

657 1960 864 2014 Domini
912 1958 1033 2012 odio
1078 1956 1266 2010 habeat
1308 1955 1612 2023 injustitiam
1670 1951 1816 2020 (Cap.
1849 1951 1900 2006 8.
1935 1951 1983 2003 1.
2025 1949 2078 2001 ‘2.
2126 1950 2211 2002 11.

657 2051 770 2118 15).
805 2047 935 2102 Illud
977 2048 1120 2106 item,
1168 2044 1410 2098 Dominus
1441 2044 1620 2096 creavit
1661 2059 1738 2094 me
1783 2041 1978 2093 initium
2024 2041 2215 2091 viarum

657 2156 862 2193 suarum
888 2140 936 2190 in
961 2154 1111 2205 opera
1132 2153 1224 2189 sua
1243 2134 1400 2204 (Ibid.
1424 2151 1470 2186 υ.
1489 2133 1603 2200 22).
1625 2134 1751 2186 Item
1778 2131 1932 2184 illud:
1957 2130 2218 2200 Sapientia

657 2229 922 2296 wdiﬁcavit
943 2227 1033 2280 sibi
1053 2226 1249 2278 domum
1271 2224 1415 2294 (Cap.
1433 2225 1485 2278 9.
1504 2225 1575 2291 1).
1597 2223 1743 2284 Item,
1763 2224 1928 2290 Argue
1948 2222 2217 2288 sapientent

658 2328 703 2370 et
723 2328 767 2369 te
788 2318 973 2385 diliget.
999 2315 1056 2369 Si
1077 2317 1271 2384 sapiens
1299 2314 1471 2381 fueris,
1488 2312 1767 2379 tibimetipsi
1793 2311 1887 2363 eris
1913 2319 1959 2362 et
1982 2309 2218 2377 proximis

664 2407 793 2470 tuis;
825 2407 866 2457 si
906 2415 1068 2456 autem
1113 2404 1367 2469 improbus
1411 2401 1636 2462 evaseris,
1660 2401 1796 2452 solus
1839 2399 2036 2450 hauries
2065 2398 2214 2449 mala.

660 2495 845 2549 Mulier
882 2494 1032 2547 stulta
1071 2502 1114 2544 et
1147 2491 1314 2544 audax
1352 2491 1458 2543 cibo
1500 2489 1734 2556 indigebit
1789 2486 2018 2556 (Ibid.v.
2047 2486 2099 2539 8.
2134 2484 2216 2537 12.

662 2587 773 2652 15).
814 2585 1091 2654 Paupertas
1121 2584 1278 2634 virum
1297 2582 1522 2633 Itumiliat
1553 2597 1568 2631 .'
1601 2581 1733 2646 ﬁlius
1758 2588 1918 2629 autem
1946 2576 2221 2646 disciplinis

662 2676 902 2730 educatus
927 2676 1122 2743 sapiens
1151 2674 1258 2725 erit.
1291 2670 1672 2738 Memoriajusti
1701 2685 1812 2719 cum
1841 2667 2087 2720 laudibus.
2125 2665 2222 2730 Qui

663 2769 883 2820 ambulat
917 2766 1224 2834 simpliciter,
1249 2764 1467 2816 ambulat
1494 2760 1815 2822 conﬁdenter.
1843 2758 1939 2821 Qui
1979 2773 2039 2810 ex
2082 2755 2223 2810 labiis

665 2860 853 2928 profert
890 2859 1205 2925 sapientiam,
1233 2857 1370 2923 virga
1411 2856 1618 2922 percutit
1654 2854 1811 2904 virum
1839 2851 1986 2903 corde
2016 2850 2221 2902 destituo

664 2962 787 3002 tum.
824 2946 942 2999 Vitis
981 2947 1090 2998 vitta
1135 2946 1345 2997 custodit
1377 2943 1676 3011 disciplina;
1706 2950 1871 3008 tegunt
1923 2949 2086 2992 autem
2122 2938 2223 2990 ini-

665 3042 902 3094 micitiam
929 3040 1061 3093 labia
1092 3040 1252 3107 justa.
1283 3037 1482 3091 Stultus
1530 3043 1776 3104 perpetrat
1825 3033 1991 3093 mala;
2041 3047 2094 3083 os
2135 3045 2225 3082 au-

667 3143 763 3186 tent
795 3132 921 3202 justi
960 3133 1111 3184 stillat
1156 3130 1448 3197 sapientiam
1487 3127 1633 3195 (Cap.
1660 3126 1744 3179 10.
1777 3127 1828 3178 4.
1860 3124 1911 3177 7.
1935 3124 1986 3178 9.
2023 3123 2108 3176 10.
2136 3122 2220 3174 15.

668 3226 756 3277 17.
804 3225 890 3277 18.
941 3222 1029 3275 23.
1060 3219 1167 3289 51).
1201 3219 1394 3272 Contra
1448 3216 1782 3276 idololalras,
1826 3215 1912 3282 qui
1959 3228 2024 3265 ex
2073 3224 2221 3275 auro,

669 3323 722 3368 et
753 3322 988 3382 argento,
1023 3320 1110 3364 aut
1159 3309 1416 3378 lapidibus
1467 3316 1558 3360 aut.
1605 3307 1778 3375 lignis,
1827 3304 1962 3358 idola
2010 3302 2224 3356 faciunt.

669 3403 818 3467 Quod
858 3417 950 3470 per
982 3402 1177 3468 lignum
1208 3399 1347 3451 salus
1376 3399 1443 3449 sit
1472 3395 1824 3449 credentibus.
1843 3391 1992 3446 Circa
2021 3406 2113 3444 eos
2139 3392 2225 3459 qui

672 3491 809 3545 idola
837 3490 1085 3553 conflant,
1117 3497 1170 3540 ct
1190 3502 1307 3540 eum
1337 3486 1422 3553 qui
1452 3485 1586 3537 idola
1615 3482 1796 3551 pingit.
1833 3482 1907 3536 De
1933 3481 2086 3534 malis
2111 3494 2226 3532 om-

675 3581 829 3634 nibus
873 3593 964 3646 per
1016 3576 1362 3630 idololatriam
1411 3575 1589 3641 partis.
1641 3572 1712 3624 De
1761 3571 1919 3638 impio
1971 3570 2131 3631 cultu,
2179 3577 2231 3620 et

675 3681 867 3740 quanta
901 3671 949 3722 in
979 3684 1041 3722 eo
1066 3668 1219 3720 mala.
1251 3667 1321 3718 De
1347 3665 1524 3732 figulo,
1556 3671 1608 3716 et
1631 3661 1696 3716 de
1726 3661 1878 3714 idolis
1909 3659 2122 3729 figliuis.
2155 3657 2229 3712 De

679 3759 833 3812 idolis
877 3756 1118 3810 omnibus
1156 3769 1272 3822 quae
1317 3754 1591 3806 coluerunt
1617 3751 1856 3819 gentiles.
1887 3750 1962 3803 De
1999 3747 2231 3801 infestis-

676 3851 824 3902 simis
866 3845 1195 3908 animalibus,
1229 3844 1575 3910 serpentibus,
1611 3841 1815 3901 felibus,
1857 3848 1911 3893 et
1953 3837 2228 3891 similibus.

681 3939 831 4006 Quod
869 3938 1006 3991 Deus
1032 3934 1298 3990 beneficus
1331 3932 1504 3986 lsraeli
1553 3946 1645 3999 pro
1684 3929 1824 3982 ranis
1856 3928 1953 3997 ipsi
1997 3927 2231 3980 coturni-

678 4043 792 4083 cem
819 4027 1038 4082 dederit.

1035 4159 1218 4219 Multa,
1251 4167 1302 4209 ut
1327 4168 1480 4227 puto,
1523 4156 1884 4207 desiderantur.

1234 4323 1463 4362 SYNOPSIS
1502 4322 1687 4358 SIIMCI.

753 4472 829 4525 De
857 4471 1044 4524 timore
1071 4467 1183 4532 Dei,
1205 4466 1343 4535 quod
1373 4464 1524 4518 irasci
1553 4479 1654 4516 non
1681 4471 1941 4530 Oporteat,
1964 4460 2101 4530 quod
2128 4461 2240 4516 sine

687 4563 950 4634 hypocrisi
981 4560 1334 4616 accedendum
1362 4560 1427 4611 sit
1453 4558 1518 4610 ad
1547 4558 1742 4609 Deum:
1773 4555 1836 4608 de
1869 4553 2242 4608 tentationibus

686 4663 738 4708 et
768 4654 833 4706 de
859 4651 1146 4719 patientia:
1180 4649 1244 4702 de
1281 4646 1580 4716 parentibus
1618 4643 1955 4706 honorandis,
1991 4641 2055 4695 de
2081 4641 2243 4710 aequi-

686 4753 824 4797 tate:
849 4741 986 4810 quod
1008 4755 1112 4795 non
1139 4749 1376 4807 oporteat
1399 4752 1634 4805 qurererc
1660 4734 1994 4803 prol'uudiora
2019 4734 2101 4797 iis,
2125 4747 2242 4801 qua:

684 4833 830 4900 jussa
861 4838 1002 4893 sunt,
1033 4828 1099 4882 de
1133 4829 1464 4893 eleemosyna
1500 4834 1552 4877 et
1586 4823 1898 4892 pupillorum
1930 4821 2241 4889 patrocinio.

697 4924 769 4976 Ite
810 4919 1084 4988 sapientia,
1116 4917 1182 4970 de
1210 4917 1406 4984 pudore
1437 4916 1591 4968 noxio
1613 4924 1663 4966 et
1694 4913 1803 4965 utili
1832 4930 1844 4965 :
1878 4912 2036 4963 multa
2066 4912 2150 4964 hic
2179 4911 2245 4964 de

690 5013 847 5067 noxio
873 5011 1133 5065 edisserit.
1181 5007 1328 5074 Quod
1376 5020 1476 5058 non
1507 5012 1744 5071 oporteat
1787 5001 2052 5056 desiderio
2081 5016 2242 5068 pecu-

692 5104 896 5158 niarum
924 5115 980 5154 se
1008 5099 1223 5164 dedere,
1246 5111 1414 5164 neque
1440 5103 1618 5163 putare
1647 5108 1739 5146 nos
1770 5093 1981 5160 impune
2009 5106 2243 5160 peccare,

693 5193 902 5248 etiamsi
935 5205 1036 5244 non
1086 5190 1262 5243 statim
1308 5200 1491 5255 poenas
1518 5184 1732 5238 demus:
1767 5183 1970 5250 patiens
2000 5181 2137 5235 enim
2170 5189 2250 5234 est

693 5288 852 5350 Deus,
883 5290 1195 5353 oportetque
1225 5280 1368 5331 illum
1400 5278 1628 5345 placare.
1669 5275 1741 5327 De
1771 5271 2052 5327 verborum
2084 5271 2247 5325 futili-

694 5386 817 5440 tate,
848 5374 912 5429 de
939 5373 1201 5443 superbia,
1232 5370 1296 5422 de
1325 5367 1603 5435 probandis
1632 5365 1834 5428 amicis,
1855 5363 1920 5416 de
1954 5362 2246 5430 disciplina,

693 5468 758 5520 de
805 5467 960 5520 rebus
1009 5459 1221 5517 utilibus
1269 5458 1560 5512 audiendis.
1605 5458 1675 5510 De
1722 5471 1823 5508 non
1874 5453 2155 5522 peccando,
2185 5453 2250 5504 de

696 5571 798 5610 non
846 5551 1167 5616 mentiendo,
1199 5550 1264 5604 de
1307 5548 1536 5600 futilibus
1585 5561 1686 5596 non
1736 5541 1989 5602 dicendis,
2033 5541 2097 5593 de
2147 5555 2247 5591 non

698 5643 936 5698 iterando
967 5656 1210 5696 sermone
1241 5641 1290 5692 iu
1325 5637 1654 5706 precatione;
1697 5635 1746 5688 id
1777 5642 1876 5696 est,
1911 5645 2025 5698 qua:
2056 5632 2250 5696 promi-

699 5734 832 5787 seris
856 5733 985 5796 Deo,
1016 5746 1079 5783 nc
1118 5728 1346 5783 differas.
1380 5728 1450 5779 De
1483 5725 1718 5786 muliere,
1747 5723 1811 5776 de
1839 5718 2064 5784 famulis,
2094 5733 2247 5786 peco-

1338 401 1395 457 S.
1433 395 1705 454 JOANNIS
1739 383 2204 449 CHRYSOSTOMI
2230 379 2540 437 ARCHIEP.
2573 378 3074 436 CONSTANTINOP

3757 396 3868 449 3713

2308 499 2474 563 ribus,
2500 499 2566 555 de
2604 499 2745 569 filiis,
2772 499 2839 554 de
2879 509 3047 570 patre,
3075 499 3142 554 de
3177 500 3367 567 pietate
3396 510 3519 566 erga
3566 495 3751 557 Deum.
3797 495 3864 548 de

2309 589 2508 645 honore
2533 591 2892 645 sacerdotibus
2912 591 3229 654 exhibendo,
3249 589 3314 644 de
3335 590 3608 642 visitandis
3635 587 3861 649 afﬂictis,

2309 682 2383 737 De
2426 697 2528 735 non
2575 682 2843 750 litigando,
2875 680 2940 734 de
2970 695 3073 734 non
3105 679 3490 748 exprobrando,
3530 677 3598 731 de
3627 693 3729 730 non
3775 677 3868 729 de-

2307 771 2590 840 spiciendis
2627 770 3016 824 narrationibus
3045 785 3229 824 senum
3259 770 3592 838 sapientium.
3627 767 3701 821 De
3733 776 3867 820 tem-

2308 866 2563 930 perantia,
2595 861 2662 916 de
2692 862 2940 926 amicitia,
2968 861 3034 915 de
3067 876 3169 914 non
3216 858 3512 913 :cmulando
3542 867 3864 926 peccatores.

2312 951 2385 1004 De
2408 951 2584 1020 judice
2618 950 2871 1019 prudente
2897 958 2950 1004 et
2978 952 3160 1014 stulto,
3191 949 3257 1004 de
3300 949 3567 1016 superbia,
3599 947 3666 1001 de
3703 947 3867 1016 arqui-

2311 1049 2438 1105 tate,
2468 1041 2534 1096 de
2563 1056 2668 1094 non
2709 1042 3058 1111 vituperando
3099 1042 3215 1096 sine
3252 1041 3469 1110 judicio,
3502 1048 3555 1094 et
3593 1039 3708 1093 sine
3739 1052 3868 1096 exa-

2312 1131 2473 1185 mine.
2521 1131 2595 1184 De
2623 1130 2848 1184 vitandis
2888 1131 3099 1199 iniquis.
3136 1131 3210 1184 De
3247 1131 3466 1184 divitum
3514 1129 3676 1193 cultu,
3707 1128 3793 1196 qui
3832 1150 3866 1188 ει

2313 1219 2491 1273 multis
2521 1219 2819 1283 exhibetur,
2865 1228 2918 1272 et
2945 1219 3010 1273 de
3039 1219 3385 1288 quorumdam
3437 1220 3575 1272 inter
3603 1218 3718 1272 illos
3748 1231 3872 1268 ava-

2314 1309 2455 1363 ritia.
2497 1309 2570 1363 De
2606 1310 2799 1376 parcis,
2824 1323 2954 1378 quos
2989 1317 3156 1378 θρῖπας
3198 1308 3462 1377 appellant
3487 1307 3580 1374 (a),
3623 1307 3708 1375 qui
3753 1305 3873 1358 aliis

2319 1413 2421 1452 non
2455 1399 2778 1467 impertiunt.
2806 1399 2878 1452 De
2904 1400 3238 1467 possessione
3275 1397 3565 1468 sapientiae,
3596 1395 3663 1449 de
3703 1395 3873 1449 libero

2319 1491 2560 1544 arbitrio.
2604 1490 2786 1544 Melius
2839 1505 2957 1544 esse
3003 1491 3179 1544 liberis
3219 1505 3429 1554 carere,
3477 1503 3631 1558 quam
3677 1489 3875 1553 impro-

2318 1583 2412 1637 bos
2458 1583 2671 1636 habere.
2727 1583 2864 1636 Nihil
2903 1583 3068 1636 latere
3119 1583 3302 1635 Deum.
3358 1581 3430 1634 De
3470 1579 3759 1642 creaturis,
3807 1577 3875 1630 de

2318 1673 2543 1727 hominis
2585 1674 2916 1739 formatione,
2951 1674 3017 1728 de
3059 1675 3259 1726 honore
3301 1688 3403 1741 quo
3446 1679 3728 1724 exornatus
3769 1678 3870 1720 est.

2320 1762 2392 1816 De.
2425 1763 2536 1830 lege
2571 1763 2712 1826 data,
2741 1763 2807 1816 de
2846 1763 3178 1832 eleemosyna
3223 1772 3274 1814 et
3306 1759 3629 1829 pcenitentia,
3657 1758 3724 1811 de
3751 1756 3878 1810 luxu

2317 1867 2364 1912 et
2393 1857 2599 1910 lascivia
2625 1873 2726 1910 non
2749 1857 3131 1924 amplectenda.
3149 1857 3222 1910 De
3242 1855 3478 1909 custodia
3504 1851 3878 1923 mysteriorum

2318 1962 2410 2000 seu
2442 1961 2772 2010 arcanorum,
2792 1945 2859 1999 de
2887 1946 3031 1998 stulti
3062 1945 3258 2012 pudore
3287 1945 3463 1997 noxio.
3484 1941 3632 2007 Quod
3663 1941 3728 1994 de
3752 1955 3880 2008 pec-

2319 2037 2450 2089 catis
2483 2035 2789 2104 poenitentia
2827 2035 2895 2087 sit
2920 2033 3144 2102 agenda,
3177 2034 3240 2088 de
3268 2033 3551 2085 ambitione
3579 2039 3632 2084 et
3659 2029 3880 2082 avaritia

2322 2125 2601 2195 fugiendis,
2633 2125 2698 2179 de
2728 2125 2963 2192 sapiente
2992 2133 3044 2177 et
3074 2124 3252 2186 stulto,
3286 2123 3350 2176 de
3381 2122 3482 2174 filia
3516 2120 3792 2189 petulanti,
3818 2118 3881 2172 de

2321 2216 2762 2270 iuconsiderantia
2806 2215 2972 2278 stulti,
3003 2215 3068 2268 de
3113 2222 3287 2266 mente
3335 2213 3504 2272 firma,
3535 2210 3600 2264 de
3647 2224 3753 2262 non
3802 2209 3883 2261 lo-

2321 2304 2529 2373 quendo
2558 2306 2672 2357 sine
2710 2305 2932 2357 cautela.
2965 2304 3038 2356 De
3068 2302 3468 2370 compunctione
3514 2313 3609 2368 pro
3653 2299 3884 2366 peccatis

2323 2395 2581 2460 habenda,
2615 2395 2680 2448 de
2709 2409 2810 2447 non
2853 2393 3095 2462 jurando,
3131 2392 3197 2446 de
3239 2391 3512 2458 sapientia.
3561 2389 3633 2442 De
3662 2389 3884 2442 muliere

2323 2484 2459 2536 mala
2488 2493 2541 2537 et
2573 2485 2727 2548 bona,
2763 2484 2828 2537 de
2857 2483 3283 2552 negotiatoribus,
3311 2481 3378 2535 de
3423 2481 3487 2534 iis
3530 2479 3620 2548 qui
3648 2478 3886 2533 revelant

2325 2589 2535 2627 arcana.
2569 2575 2643 2628 De
2667 2576 2754 2627 illo
2780 2575 2864 2643 qui
2895 2577 2942 2627 in
2974 2575 3156 2627 faciem
3191 2572 3385 2637 laudat,
3418 2580 3561 2626 retro
3585 2570 3785 2624 irridet.
3809 2569 3886 2622 De

2325 2665 2682 2721 condonandis
2711 2667 2954 2734 proximo
2986 2665 3208 2718 delictis.
3255 2665 3326 2718 De
3369 2664 3542 2731 lingua
3582 2662 3785 2724 dolosa,
3819 2659 3888 2714 de

2327 2768 2508 2811 mutuo
2530 2758 2704 2811 dando
2729 2759 2978 2825 proximis
3000 2758 3112 2810 sine
3142 2773 3318 2821 usura,
3335 2757 3423 2810 sed
3449 2756 3722 2824 egentibus
3743 2768 3891 2807 com-

2328 2847 2608 2900 modando.
2639 2848 2709 2900 De
2736 2847 3020 2899 educandis
3059 2855 3299 2899 accurate
3341 2846 3537 2907 liberis,
3558 2845 3625 2898 dc
3657 2844 3887 2908 famulis,

2327 2935 2393 2990 de
2437 2936 2622 3001 brutis,
2654 2937 2719 2989 de
2749 2937 2987 2989 somniis.
3023 2937 3096 2990 De
3144 2936 3445 2990 timentibus
3492 2936 3677 3001 Deum,
3709 2935 3775 2990 de
3804 2949 3890 2987 sa-

2328 3023 2538 3078 crificiis
2564 3039 2627 3078 ex
2657 3024 2930 3092 iniquitate
2959 3026 3139 3092 partis,
3171 3025 3237 3078 de
3280 3024 3629 3077 oblationibus
3690 3041 3753 3079 ex
3807 3023 3893 3091 ju-

2329 3116 2487 3169 stitia.
2519 3117 2591 3170 De
2622 3131 2800 3170 amore
2832 3118 3087 3184 pecuniai,
3119 3117 3185 3171 de
3229 3117 3461 3185 crapula,
3504 3113 3570 3169 de
3611 3116 3889 3169 ebrietate.

2330 3208 2478 3273 Quod
2518 3208 2817 3262 hominibus
2850 3226 2949 3263 una
2989 3219 3188 3263 natura:
3227 3207 3564 3271 constitutio;
3609 3207 3895 3261 voluntatis

2329 3318 2454 3354 vero
2487 3303 2808 3369 propositum
2835 3303 3122 3365 diversum,
3158 3305 3288 3356 alios
3327 3302 3587 3364 benedici,
3617 3302 3747 3354 alios
3774 3315 3897 3354 ma-

2331 3391 2483 3444 ledici
2526 3401 2792 3459 procuret.
2828 3392 2898 3444 De
2924 3392 3199 3455 medicina,
3225 3392 3360 3460 quod
3404 3407 3506 3444 non
3537 3399 3782 3460 oporteat
3810 3391 3896 3442 ni-

2331 3480 2433 3534 mia
2467 3481 2671 3533 tristitia
2699 3482 2882 3535 teneri.
2916 3481 3064 3548 Quod
3087 3491 3318 3550 Oporteal
3349 3497 3375 3533 a
3400 3482 3512 3549 lege
3545 3490 3597 3533 et
3627 3495 3651 3532 a
3689 3481 3897 3547 legibus

2333 3572 2425 3626 Dei
2475 3574 2728 3626 cohiberi.
2784 3574 2857 3627 De
2903 3574 3149 3640 operibus
3199 3574 3320 3634 Dei,
3369 3573 3433 3626 de
3479 3571 3781 3639 suppliciis,
3831 3571 3900 3623 de

2335 3659 2558 3714 humana
2585 3671 2787 3724 natura,
2813 3661 2949 3729 quod
2971 3677 3031 3714 ea
3073 3662 3248 3715 multis
3275 3661 3468 3730 repleta
3495 3661 3563 3713 sit
3585 3660 3821 3713 cmdibus
3847 3667 3901 3713 et

2335 3753 2790 3807 sollicitudinibus.
2839 3753 2912 3806 De
2941 3753 3186 3820 operibus
3218 3752 3330 3804 Dei.

2433 3948 2666 3990 SYNOI‘SIS
2703 3947 2873 3989 EORUM
2913 3947 3027 3994 ρυλε
3067 3947 3129 3984 ΑΒ
3168 3945 3299 3984 ISAIA
3340 3943 3606 3982 PROPHETA
3646 3941 3806 3979 DIC'I'A

3041 4036 3191 4075 SU-N'I'.

2415 4183 2689 4244 Accusatio
2718 4179 2924 4235 lsraelis
2953 4177 3167 4246 ejusque
3189 4171 3486 4234 calamitas;
3515 4181 3574 4221 ac
3598 4167 3907 4235 reprobatio

2341 4277 2736 4337 sacrificiorum,
2761 4269 3161 4333 adhortatioqne
3187 4263 3251 4316 ad
3283 4261 3550 4314 meliorem
3575 4259 3760 4310 vitam.
3785 4256 3913 4312 Pro-

2342 4371 2514 4441 phetia
2537 4368 2602 4420 de
2631 4363 2880 4423 Ecclesia,
2903 4368 2955 4413 et
2975 4358 3040 4411 de
3061 4357 3233 4409 futura
3261 4367 3404 4421 pace.
3435 4347 3712 4403 Accusatio
3742 4346 3920 4401 Israe-

2344 4463 2430 4525 lis,
2462 4468 2512 4512 et
2540 4457 2707 4509 futura
2731 4450 2954 4504 obsidio.
2988 4444 3262 4501 Accusatio
3291 4441 3591 4495 deliciarum
3628 4451 3821 4490 eorum
3859 4444 3912 4490 et

2345 4524 2620 4616 superbiae.
2645 4538 2958 4609 Reprohatio
2977 4534 3180 4590 lsraelis
3198 4547 3291 4601 per
3306 4531 3469 4584 vinea:
3486 4524 3911 4580 similitudinem.

2348 4641 2663 4697 Criminatur
2689 4633 2950 4703 principes
2974 4627 3179 4681 lsraelis
3205 4625 3272 4678 ob
3300 4621 3568 4676 avaritiam
3599 4625 3651 4670 et
3670 4616 3909 4670 ebrieta-

2349 4743 2474 4796 tem,
2520 4730 2645 4798 ipsis
2688 4725 3062 4780 desolationem
3105 4716 3433 4771 vaticinatur.
3477 4711 3703 4764 Minatur
3731 4708 3798 4762 iis
3826 4705 3912 4775 qui

2348 4818 2829 4894 pseudOproplietas
2858 4810 3125 4881 prophetis
3168 4805 3470 4875 praeferunt.
3517 4802 3788 4853 Ascensus
3821 4797 3914 4850 ho-

2351 4887 2502 4972 stium
2533 4887 2759 4965 illorum.
2788 4905 3049 4957 Visionem
3092 4895 3368 4964 conspicit,
3408 4893 3458 4947 in
3490 4905 3590 4960 qua
3619 4890 3736 4958 ejus
3779 4887 3914 4941 labia

2352 5013 2563 5075 pingata
2588 5002 2750 5054 fuere.
2786 4993 3089 5048 Exercitum
3119 4987 3362 5041 admovet
3387 4984 3638 5053 Syrorum
3669 4994 3770 5033 rex
3796 4991 3916 5031 cum

2352 5068 2597 5150 Israelitis
2641 5098 2822 5142 contra
2870 5080 3181 5143 Jerusalem,
3229 5085 3281 5131 et
3320 5075 3630 5128 vaticinatur
3660 5069 3828 5123 Isaias
3853 5068 3918 5122 de

2352 5185 2581 5247 Christo,
2615 5191 2666 5233 et
2695 5177 2936 5230 vastitate
2956 5172 3266 5235 Jerusalem,
3293 5167 3460 5236 deque
3485 5177 3712 5218 ascensu
3740 5159 3919 5214 Nabu-

2353 5271 2751 5330 chodonosor-is.
2783 5263 3059 5332 Propltetia
3089 5262 3154 5316 de
3197 5262 3259 5315 iis
3289 5258 3376 5327 qui
3406 5257 3455 5310 in
3497 5253 3770 5308 Christum
3800 5267 3922 5306 cre-

2354 5367 2508 5423 dituri
2537 5372 2675 5418 sunt.
2701 5363 2773 5413 De
2799 5356 3121 5422 fortitudine,
3150 5352 3389 5423 superbia
3417 5359 3470 5405 et
3489 5345 3725 5417 pernicie
3757 5347 3928 5414 Assy-

2419 5541 2488 5600 (α)
2509 5548 2636 5587 ttunc
2662 5535 2813 5582 locum
2848 5531 3041 5592 reSpicit
3074 5529 3149 5586 14,
3223 5527 3520 5600 :tfirpparco
3543 5534 3634 5571 non
3659 5522 3798 5571 bona
3820 5529 3921 5571 sunt

2358 5591 2722 5653 airititm'arcos
2737 5603 2892 5642 autem
2918 5591 3037 5653 θρῖπας
3064 5591 3384 5653 νοςᾳιιηιιιλὲςι
3399 5597 3515 5633 vero
3534 5597 3617 5645 sui.
3632 5595 3797 5653 genus
3815 5595 3919 5653 ves-

2359 5643 2528 5712 iiiiéiili
2543 5643 2803 5706 secundum
2824 5643 3035 5708 Suidam,
3053 5651 3179 5711 quod
3203 5648 3329 5709 ligna
3351 5653 3399 5695 et
3412 5643 3918 5696 cornuaobrrodebzt.

2363 5727 2474 5772 ttiuc
2501 5733 2662 5782 parcus
2687 5725 2736 5766 ct
2766 5727 2930 5765 avaros
2962 5726 3082 5775 θρῖπας
3107 5715 3347 5760 vocarunt.
