4094 6516
235 445 349 501 375

240 558 318 617 ζει
374 560 624 625 σοφίαν.
683 555 834 610 Κατά
882 551 1293 616 εἰδωλολατρῶν,
1347 552 1410 600 ἐκ
1457 545 1655 616 χρυσοῦ
1712 542 1804 594 καὶ

239 643 510 712 ἀργύρου,
546 645 579 712 ἦ
629 643 809 702 λίθων,
845 641 876 707 ἢ
915 639 1082 702 ξύλων
1116 637 1343 688 εἰδώλων
1380 636 1437 701 (Ι.
1466 631 1676 699 εἴδωλα)
1707 645 1807 680 κα-

237 729 760 799 τασκευασαμένων.
791 728 915 780 Ὀτι
958 727 1075 776 ἐστὶ
1111 722 1347 792 σωτηρία
1391 719 1476 773 διά
1510 718 1665 785 ξύλου
1700 717 1811 774 τοῖς

239 814 586 869 πιστεύουσι.
616 815 696 866 Τὰ
746 815 870 883 περὶ
910 809 1283 870 είδωλοποιῶν,
1327 808 1358 876 ἢ
1400 804 1811 875 ζωγραφοῦντας

237 898 463 955 εἴδωλα.
515 902 647 970 Περὶ
673 902 885 954 πάντων
928 898 1033 951 τῶν
1064 896 1244 948 κακῶν
1289 895 1395 946 τῶν
1438 896 1494 945 ἐν
1534 891 1811 944 εἰδωλολα-

236 986 423 1056 τρείᾳ.
477 988 611 1056 Περὶ
657 986 882 1047 ἀσεϐοῦς
931 982 1245 1054 θρησκείας,
1295 971 1386 1032 κάὶ
1418 982 1517 1032 ὅσα
1562 980 1619 1030 ἐν
1673 977 1807 1047 αὑτῇ

237 1074 415 1127 κακά.
455 1073 589 1141 Περὶ
611 1071 703 1123 τοῦ
733 1069 1036 1139 κεραμέως,
1061 1069 1154 1120 καὶ
1179 1067 1282 1119 τῶν
1314 1064 1629 1135 κεραμικῶν
1660 1062 1807 1115 εἰδώ-

234 1157 371 1210 λων.
419 1158 555 1227 Περί¹
589 1158 800 1211 πάντων
827 1156 935 1207 τῶν
971 1154 1201 1206 εἰδώλων
1243 1154 1337 1221 τῆς
1374 1151 1478 1203 τῶν
1502 1150 1670 1203 ἐθνῶν
1713 1150 1809 1202 λα·

232 1245 453 1313 τρείας.
493 1244 626 1312 Περὶ
656 1243 762 1295 τῶν
803 1242 1061 1311 ἐχθίστων
1096 1239 1266 1304 ζώων,
1298 1239 1491 1305 ὄφεων,
1524 1237 1805 1303 αἰλούρων,

236 1329 331 1380 καὶ
368 1330 481 1380 τῶν
500 1328 717 1398 ὁμοίων.
746 1330 864 1379 Ὅτι
890 1328 1252 1396 εὐηργέτησεν
1271 1327 1297 1376 ό
1317 1324 1445 1386 Θεὸς
1474 1324 1562 1376 τὸν
1601 1321 1809 1390 Ἰσραὴλ

236 1416 363 1467 ἀντὶ
396 1415 679 1487 βατράχων
716 1416 1141 1486 ὀρτυγομήτραν.

704 1592 965 1659 Σύνοψις
1006 1591 1110 1644 τοῦ
1151 1591 1350 1659 Σιράχ.

307 1734 454 1803 Περὶ
482 1732 644 1800 φόϐου
683 1732 815 1785 Θεοῦ
842 1745 891 1796 ι,
924 1731 1168 1803 περὶτοῦ
1215 1731 1287 1801 μὴ
1330 1729 1646 1801 θυμοῦσθαι,
1682 1728 1808 1799 περὶ

233 1820 329 1871 τοῦ
365 1821 480 1871 δεῖν
507 1822 671 1889 χωρὶς
700 1820 1033 1890 ὑποκρίσεως
1063 1820 1339 1890 προσιέναι
1369 1818 1505 1887 Θεῷ,
1545 1818 1670 1887 περὶ
1699 1833 1807 1868 πει-

235 1907 475 1976 ρασμῶν
519 1908 611 1958 καὶ
645 1906 936 1975 ὑπομονῆς,
966 1905 1091 1973 7:591
1130 1906 1292 1974 τιμῆς
1325 1905 1421 1972 τῆς
1451 1906 1527 1967 εἰς
1558 1905 1683 1966 τοὺς
1714 1920 1806 1969 γο-

232 1997 375 2055 νεῖς,
401 1994 530 2061 7:591
570 1993 886 2056 ἐπιεικείας,
918 1993 1041 2061 περὶ
1065 1992 1157 2044 τοῦ
1190 1992 1261 2061 μὴ
1298 1991 1404 2043 δεῖν
1437 1991 1614 2061 ζητεῖν
1640 1990 1803 2059 βαθύ-

230 2096 373 2147 τερα
419 2079 529 2129 τῶν
574 2078 1079 2148 προστεταγμένων,
1130 2079 1254 2146 περὶ
1299 2077 1661 2146 ἐλεημοσύνης
1711 2076 1805 2128 καὶ

228 2164 493 2231 ὀρφανῶν
542 2170 888 2232 προστασίας.
941 2164 1073 2232 Περὶ
1130 2165 1338 2231 σοφίας,
1384 2163 1509 2233 περὶ
1548 2161 1803 2231 αἰσχύνης

232 2250 514 2317 βλαϐερᾶς
540 2249 631 2301 καὶ
658 2248 985 2317 ἐπωφελοῦς·
1007 2248 1171 2301 πολλά
1194 2250 1247 2301 δέ
1275 2249 1399 2317 7:591
1421 2250 1516 2317 τῆς
1542 2249 1803 2317 βλαϐερᾶς

230 2334 477 2387 ἐνταῦθα
507 2333 669 2401 λέγει.
718 2336 853 2405 Περὶ
886 2335 976 2386 τοῦ
1023 2336 1098 2403 μὴ
1130 2334 1236 2386 δεῖν
1268 2333 1508 2385 δεδόσθαι
1550 2334 1624 2403 τῷ
1655 2335 1803 2403 πόθῳ

227 2424 343 2474 τῶν
374 2422 697 2494 χρημάτων,
729 2424 860 2492 μηδέ
890 2422 1093 2476 οἴεσθαι
1114 2423 1417 2491 ἀτιμωρητὶ
1448 2423 1799 2492 ἁμαρτάνειν,

232 2509 339 2560 κᾶν
376 2508 690 2575 παραυτίκα
731 2510 805 2578 μὴ
847 2508 1023 2576 δῶμεν
1068 2508 1161 2577 τὴν
1192 2508 1457 2577 τιμωρίαν
1481 2525 1492 2536 ·
1530 2508 1801 2577 μακρόθυ-

231 2612 337 2663 μος
376 2596 490 2664 γάρ
518 2593 664 2647 ἐστιν
705 2597 733 2647 ὁ
765 2597 893 2656 Θεός
918 2612 930 2624 ·
956 2595 1065 2647 δεῖν
1094 2595 1149 2646 δὲ
1179 2595 1523 2660 ἐξιλάσασθαι
1561 2597 1585 2634 δ
1619 2597 1797 2649 αὑτόν.

230 2683 374 2749 Περὶ
391 2681 761 2750 φλυαρίας,πε
772 2687 819 2751 91
841 2682 1230 2751 ὑπερηφανίας,
1262 2684 1386 2750 περὶ
1410 2683 1573 2751 φίλων
1588 2684 1801 2752 δοκιμα-

228 2767 381 2831 σίας,
396 2767 527 2834 περὶ
547 2764 806 2829 παιδείας,
827 2784 890 2817 πε
902 2768 952 2834 91
972 2768 1284 2836 ἀκροάσεως
1307 2768 1637 2834 ἐπωφελοῦς.
1666 2770 1799 2836 Περὶ

225 2852 327 2904 τςῦ
365 2855 445 2921 μὴ
477 2853 825 2922 ἁμαρτάνειν,
862 2853 935 2924 μὴ
970 2854 1275 2923 ψεύδεσθαι,
1309 2856 1381 2925 μὴ
1410 2856 1684 2925 φλυαρεῖν,
1726 2855 1799 2925 μὴ

225 2939 521 3008 δευτεροῦν
552 2940 702 3006 λόγον
740 2941 797 2991 ἐν
836 2942 1145 3010 προσευχῇ·
1190 2942 1482 3003 τουτέστιν,
1525 2945 1581 2993 ἐν
1619 2936 1697 3004 οἷς
1736 2941 1800 2994 ἂν

224 3025 454 3095 ὑπόσχῃ
470 3024 603 3094 Θεῷ,
628 3026 701 3095 μὴ
722 3025 946 3097 ὑπέρθῃ.
965 3027 1101 3095 Περὶ
1124 3028 1395 3093 γυναικὸς,
1414 3045 1480 3079 πε
1491 3028 1540 3097 91
1558 3029 1797 3093 οἰκετῶν,

225 3110 388 3181 [581]
422 3112 550 3179 περὶ
578 3112 806 3180 κτηνῶν,
836 3112 961 3179 περὶ
994 3111 1215 3176 τέκνων,
1263 3114 1388 3181 7:591
1420 3114 1642 3182 πατρὸς,
1676 3115 1800 3182 περὶ

222 3198 327 3264 τῆς
380 3197 523 3249 κατά
556 3197 683 3248 Θεὸν
723 3196 1022 3259 εὐλαϐείας,
1072 3198 1198 3265 7:591
1242 3200 1337 3267 τῆς
1383 3200 1460 3260 είς
1489 3201 1612 3261 τοῦς
1640 3200 1797 3267 ίερεῖς

220 3282 420 3349 τιμῆς,
456 3282 581 3349 περὶ
616 3281 713 3350 τῆς
758 3283 834 3343 είς
866 3282 989 3343 τοὺς
1034 3283 1398 3351 κακουμένους
1445 3285 1796 3352 ἐπισκέψεως.

224 3369 369 3438 Περὶ
415 3367 509 3418 τοῦ
543 3369 616 3438 μὴ
669 3368 954 3437 μάχεσθαι,
987 3371 1060 3438 μὴ
1102 3370 1394 3433 ὀνειδίζειν,
1433 3372 1504 3439 μὴ
1557 3375 1799 3441 παρορᾷν

218 3456 585 3524 διηγημάτων
614 3457 788 3523 σοφῶν
813 3457 1093 3525 γερόντων.
1116 3458 1248 3524 Περὶ
1271 3458 1637 3527 σωφροσύνης,
1670 3462 1797 3529 περὶ

219 3542 437 3609 φιλίας,
471 3543 593 3611 περὶ
618 3542 707 3594 τοῦ
735 3544 806 3612 μὴ
836 3544 1026 3613 ζηλοῦν
1050 3544 1418 3613 ἁμαρτωλούς.
1450 3547 1581 3614 Περὶ
1612 3546 1795 3616 κριτοῦ

220 3627 455 3680 συνετοῦ
492 3630 580 3679 καὶ
613 3630 861 3696 ἄφρονος,
905 3632 1030 3699 περὶ
1060 3632 1451 3700 ὑπερηφανίας,
1480 3633 1605 3702 περὶ
1628 3635 1797 3685 ἐπιει-

218 3718 407 3776 κείας,
443 3717 569 3783 περὶ
600 3716 690 3767 τοῦ
724 3716 796 3785 μὴ
819 3718 1051 3785 ἀκρίτως
1080 3721 1170 3769 καὶ
1195 3719 1559 3783 ἀνεξετάστως
1590 3722 1793 3789 μέμφε-

218 3802 373 3854 σθαι.
421 3802 554 3868 Περὶ
582 3800 673 3852 τοῦ
700 3802 1052 3867 φυλάττεσθαι
1080 3806 1204 3865 τοὺς
1230 3804 1512 3872 πονηρούς.
1546 3806 1796 3874 ῘΙερὶοτῆς

214 3888 330 3940 τῶν
385 3887 655 3939 πλουσίων
700 3888 1009 3957 θεραπείας,
1043 3885 1108 3961 ἧς
1155 3892 1301 3960 παρά
1357 3891 1563 3943 πολλῶν
1596 3893 1796 3961 τυγχά-

214 3991 401 4037 νουσι,
440 3974 535 4024 καὶ
580 3974 833 4043 περὶτῆς
871 3975 1024 4027 ἐνίων
1070 3976 1249 4028 αὑτῶν
1293 3978 1618 4041 πλεονεξίας.
1664 3980 1796 4049 Περὶ

214 4059 590 4130 μικρολόγων,
622 4060 713 4121 οῦς
760 4060 953 4129 θρῖπας
983 4062 1202 4114 καλοῦσι
1228 4074 1274 4125 ο,
1305 4065 1427 4126 τοὺς
1456 4065 1529 4133 μὴ
1579 4066 1794 4133 μεταδι-

210 4148 414 4209 δόντας
438 4148 660 4217 ἐτέροις.
694 4149 825 4218 Περὶ
850 4150 1090 4219 κτήσεως
1122 4153 1328 4217 σοφίας,
1364 4152 1490 4221 περὶ
1518 4152 1609 4203 τοῦ
1639 4153 1794 4203 αὑτε-

211 4234 464 4299 ξουσίου.
519 4235 651 4303 Περὶ
700 4235 793 4287 τοῦ
840 4235 1039 4288 ἄπαιδα
1080 4233 1235 4303 εἶναι,
1287 4238 1318 4308 ἢ
1376 4239 1585 4307 πονηρά
1632 4240 1792 4290 τέκνα

208 4322 391 4391 ἔχειν.
423 4319 544 4371 Ὅτι
585 4320 733 4373 οὐδὲν
774 4320 1018 4375 λανθάνει
1057 4323 1147 4375 τὸν
1181 4324 1329 4376 Θεόν.
1362 4325 1496 4393 Περὶ
1528 4324 1633 4377 τῶν
1675 4342 1790 4376 κτι-

209 4409 474 4479 σμάτων,
501 4406 626 4473 περὶ
654 4407 751 4476 τῆς
780 4408 873 4461 τοῦ
906 4409 1188 4479 ἀνθρώπου
1217 4410 1483 4477 πλάσεως,
1507 4413 1598 4463 καὶ
1630 4413 1793 4481 τιμῆς

204 4494 278 4567 ἦς
309 4494 575 4564 ἐτιμήθη.
620 4496 753 4565 Περὶ
778 4497 875 4565 τῆς
900 4497 993 4549 τοῦ
1034 4498 1195 4567 νόμου
1236 4498 1452 4561 δόσεως,
1489 4500 1612 4567 περὶ
1642 4500 1793 4568 ἐλεη-

210 4581 471 4651 μοσύνης
505 4581 597 4631 καὶ
628 4582 930 4648 μετανοίας,
979 4586 1106 4653 περὶ
1150 4581 1243 4635 τοῦ
1278 4584 1350 4652 μὴ
1403 4583 1785 4637 ἀσωτεύεσθαι.

208 4669 357 4737 Περὶ
407 4666 651 4735 φυλακῆς
711 4669 1042 4737 μυστηρίων,
1091 4672 1217 4738 περὶ
1251 4671 1478 4739 ἄφρονος
1533 4672 1787 4739 αἰσχύνης

206 4752 517 4824 βλαϐερᾶς.
552 4753 685 4823 Περὶ
713 4753 805 4805 τοῦ
836 4757 1111 4823 μετανοεῖν
1136 4756 1227 4807 ἐπὶ
1258 4758 1629 4826 ἁμαρτήμασι,
1661 4759 1787 4826 7:291

204 4842 305 4894 τοῦ
349 4842 431 4909 μὴ
469 4840 821 4905 πλεονεκτεῖν,
852 4843 978 4911 7:591
1011 4842 1229 4894 συνετοῦ
1262 4846 1352 4896 καὶ
1384 4846 1633 4913 ἄφρονος,
1663 4846 1789 4915 περὶ

206 4926 495 4996 θυγατρὸς
549 4929 733 4991 θυσίας
772 4929 820 4991 ἀ,
876 4932 1002 4999 7:591
1046 4930 1371 5001 ἀπροσεξίας
1415 4931 1617 5002 μωροῦ,
1662 4932 1788 5002 7:591

203 5018 463 5074 διανοίας
489 5017 737 5084 στερρᾶς,
765 5020 890 5087 περὶ
914 5018 1006 5070 τοῦ
1032 5019 1104 5089 μὴ
1135 5018 1606 5088 ἀπαραφυλάκτως
1634 5020 1789 5087 φθέγο

206 5100 438 5169 γεσθαι.
476 5100 608 5169 Περὶ
652 5102 745 5154 τοῦ
786 5104 1204 5158 κατανύττεσθαι
1247 5107 1359 5168 τοῖς
1414 5108 1785 5175 ἁμαρτήμασι,

206 5190 349 5261 περὶ
382 5186 479 5241 τοῦ
530 5188 603 5257 μὴ
641 5190 885 5258 ὀμνύναι,
936 5196 1061 5262 περὶ
1107 5194 1313 5261 σοφίας.
1357 5196 1490 5265 Περὶ
1534 5194 1786 5262 γυναικὸς

204 5276 469 5345 πονηρᾶς
497 5275 588 5325 καὶ
622 5275 849 5342 ἀγαθῆς,
884 5281 1007 5347 7:591
1044 5280 1318 5349 ἐμπόρων,
1350 5281 1474 5349 7:591
1513 5280 1789 5334 ἐκλαλούν-

202 5380 322 5419 των
375 5363 667 5431 μυστήρια.
704 5363 836 5432 Περὶ
867 5363 959 5416 τοῦ
997 5368 1073 5428 είς
1104 5368 1389 5437 πρόσωπον
1424 5369 1784 5430 ἐπαινοῦντος,

207 5448 539 5520 ὕστερονδὲ
588 5448 954 5517 χλευάζοντος.
994 5453 1127 5522 Περὶ
1157 5452 1249 5505 τοῦ
1292 5454 1504 5522 ἀφιέναι
1535 5454 1610 5524 τῷ
1652 5455 1788 5523 πλη-

271 5699 299 5726 ιι
332 5695 424 5756 Sic
440 5693 540 5741 fere
566 5695 797 5756 Synopsis
822 5695 1080 5748 Athanasio
1107 5700 1295 5751 tributa,

272 5758 304 5799 ι
334 5755 487 5808 Coisl.
515 5755 849 5811 ἐξιλάσκεσθαι.

1304 430 1632 489 8ΥΝοΡ818
1669 424 2079 484 SCRIPTURA'I
2121 426 2390 481 SACM‘.

3351 444 3462 500 376

1911 539 2022 591 σίον
2053 540 2119 591 τὰ
2161 542 2237 600 είς
2266 541 2421 592 αὑτὸν
2466 541 2925 609 πλημμελούμενα
2960 558 2978 579 α
3001 581 3013 594 .
3048 542 3177 610 Περὶ
3216 544 3461 613 γλώσσης,

1907 627 2102 690 δολίας,
2148 628 2392 698 περὶτοῦ
2424 628 2682 690 δανείζειν
2714 629 2791 699 τῷ
2835 630 3078 697 πλησίον,
3114 630 3230 699 οὑχί
3274 631 3461 693 τόκους

1908 713 2107 771 λαϐεῖν,
2142 714 2275 765 ἀλλά
2307 717 2498 783 κιχρᾷν
2526 717 2602 783 τῷ
2639 714 2896 783 δεομένῳ.
2934 718 3065 785 Περὶ
3097 716 3185 767 τοῦ
3214 717 3463 785 ἐπιστρόο

1909 816 2025 866 φως
2076 800 2344 852 παιδεύειν
2383 800 2564 865 τέκνα,
2611 802 2738 870 περὶ
2782 802 3022 866 οἰκετῶν,
3059 804 3189 871 περὶ
3234 800 3460 869 ἀλόγων,

1909 888 2036 955 7:591
2061 888 2339 942 ἐνυπνίων.
2369 888 2501 959 11591
2526 889 2632 941 τῶν
2665 889 3011 959 φοϐουμένων
3041 889 3129 941 τὸν
3154 890 3303 951 Θεὸν,
3336 893 3461 960 7:591

1907 973 2011 1026 τῶν
2055 972 2114 1037 ἐξ
2145 974 2351 1037 ἀδικίας
2383 974 2601 1040 θυσιῶν,
2647 978 2773 1043 7:591
2806 976 3126 1046 προσφορῶν
3156 977 3261 1029 τῶν
3292 979 3355 1029 ἐκ
3386 978 3461 1028 δι-

1908 1062 2215 1131 καιοσύνης.
2243 1065 2377 1134 Περὶ
2407 1065 2786 1135 φιλαργυρίας,
2811 1067 2936 1134 7:591
2960 1066 3307 1136 λαιμαργίας,
3334 1068 3460 1136 περὶ

1912 1148 2098 1218 μέθης.
2135 1150 2255 1202 Ὅτι
2298 1153 2329 1219 ὴ
2364 1152 2461 1223 μὲν
2494 1152 2801 1221 κατασκευὴ
2847 1152 2943 1220 τῆς
2974 1153 3182 1219 φύσεως
3225 1157 3335 1217 τοῖς
3365 1155 3458 1207 ἀν-

1907 1236 2143 1305 θρώποις
2172 1237 2267 1305 μία
2290 1255 2303 1268 ·
2329 1238 2390 1289 τὸ
2420 1237 2475 1290 δέ
2507 1240 2603 1307 τῆς
2638 1238 3004 1310 προαιρέσεως
3033 1241 3301 1310 διάφορον,
3334 1243 3460 1305 τοὺς

1910 1324 2007 1392 μὲν
2036 1323 2389 1391 εὐλογεῖσθαι,
2420 1326 2542 1387 τοὺς
2574 1326 2629 1378 δέ
2657 1326 3025 1396 καταραθῆναι
3061 1328 3296 1395 ἐποίησε.
3326 1329 3459 1397 Περὶ

1910 1412 2163 1480 ἰατρείας,
2201 1414 2321 1481 περὶ
2352 1413 2441 1465 τοῦ
2474 1415 2545 1483 μὴ
2591 1414 2728 1481 ἀγαν
2768 1416 3078 1485 κρατεῖσθαι
3125 1416 3285 1486 λύπῃ.
3324 1414 3458 1485 Περὶ

1904 1498 1996 1548 τοῦ
2024 1498 2129 1549 δεῖν
2153 1499 2231 1568 τῷ
2268 1500 2413 1570 νόμῳ
2462 1502 2553 1553 καὶ
2592 1504 2701 1563 τοῖς
2728 1501 2818 1553 τοῦ
2855 1502 2987 1554 Θεοῦ
3032 1503 3209 1572 νόμοις
3241 1508 3458 1574 κρατεῖ-

1907 1584 2047 1636 σθαι.
2074 1586 2206 1653 Περὶ
2230 1586 2335 1638 τῶν
2362 1587 2455 1639 τοῦ
2481 1587 2612 1639 Θεοῦ
2652 1587 2844 1657 ἔργων,
2875 1590 3000 1659 7:591
3029 1590 3134 1641 τῶν
3161 1590 3453 1659 τιμωριῶν,

1903 1670 2030 1739 περὶ
2059 1673 2157 1739 τῆς
2185 1670 2522 1743 ἀνθρωπίνης
2553 1672 2782 1741 φύσεως,
2818 1676 2897 1727 ὅτι
2942 1674 3147 1727 πολλῶν
3173 1676 3454 1745 ἐμπέπληο

1905 1774 2025 1810 σται
2053 1759 2226 1827 φόνων
2251 1760 2342 1813 καὶ
2366 1762 2674 1831 φροντίδων.
2693 1763 2826 1833 Περὶ
2859 1762 2964 1815 τῶν
2989 1763 3079 1816 τοῦ
3102 1764 3230 1816 Θεοῦ
3259 1764 3453 1834 ἔργων.

1972 1927 2125 1977 Σύνο
2136 1929 2233 1993 55-5;-
2257 1926 2372 1980 τῶν
2398 1927 2476 1992 τῷ
2502 1929 2776 1998 προφήτῃ
2815 1930 3022 1996 Ἡσαΐᾳ
3046 1930 3383 1999 είρημένων.

1973 2073 2287 2142 Κατηγορία
2324 2074 2415 2126 τοῦ
2454 2073 2663 2144 Ἰσραήλ
2699 2076 2790 2128 καὶ
2820 2078 3090 2147 συμφορὰ,
3127 2079 3218 2130 καὶ
3256 2080 3454 2149 παραίο

1900 2175 2053 2228 τησις
2081 2159 2299 2222 θυσιῶν,
2338 2161 2430 2214 καὶ
2456 2162 2771 2233 παραίνεσις
2796 2162 3057 2231 βελτίονος
3080 2164 3215 2233 βίου.
3244 2168 3455 2237 Προφη-

1900 2246 2012 2297 τεία
2044 2247 2169 2315 περὶ
2194 2247 2294 2315 τῆς
2330 2248 2669 2318 Ἐκκλησίας,
2691 2250 2781 2302 καὶ
2801 2254 2897 2319 τῆς
2925 2252 3183 2321 ἐσομένης
3213 2255 3449 2323 εἰρήνης.

1901 2331 2212 2401 Κατηγορία
2237 2332 2327 2384 τοῦ
2364 2334 2596 2405 Ἰσραὴλ,
2621 2336 2712 2389 καὶ
2732 2336 3009 2406 πολιορκία
3035 2338 3281 2409 ἐσομένη.
3313 2342 3456 2393 Κατ-

1899 2418 2093 2485 ηγορία
2140 2421 2236 2488 τῆς
2284 2420 2493 2488 τρυφῆς
2545 2421 2719 2472 αὐτῶν
2774 2422 2864 2474 καὶ
2916 2424 3010 2491 τῆς
3062 2424 3450 2494 ὑπερηφανίας.

1913 2503 2170 2572 ’Λποϐολὴ
2223 2504 2312 2555 τοῦ
2356 2505 2565 2575 Ἰσραὴλ
2604 2506 2688 2557 διά
2735 2506 2829 2558 τοῦ
2876 2509 3311 2578 παραδείγματος
3358 2512 3450 2564 τοῦ

1897 2589 2233 2658 ἀμπελῶνος.
2268 2592 2549 2645 Διαϐἀλλει
2576 2594 2699 2654 τοὺς
2722 2593 2981 2663 ἄρχοντας
3007 2594 3096 2646 τοῦ
3140 2597 3350 2665 Ἰσραὴλ
3375 2599 3454 2659 εἰς

1898 2676 2207 2741 πλεονεξίαν
2241 2678 2332 2731 καὶ
2362 2680 2439 2741 είς
2488 2679 2675 2748 μέθην,
2711 2680 2800 2731 καλ⁵
2835 2680 3083 2750 προλέγει
3120 2682 3300 2745 αὑτοῖς
3329 2685 3455 2755 ἐρή-

1900 2779 2088 2831 μωσιν.
2107 2764 2215 2815 Καὶ
2230 2764 2441 2817 ἀπειλεῖ
2467 2768 2576 2828 τοῖς
2598 2766 2901 2834 προτιμῶσι
2927 2768 3052 2829 τοῦς
3080 2768 3452 2839 ψευδοπροφή-

1895 2866 1990 2910 τας
2026 2848 2171 2920 [582]
2202 2851 2309 2904 τῶν
2351 2853 2661 2922 προφητῶν.
2696 2855 2910 2916 Ἀνοδος
2933 2853 3038 2905 τῶν
3067 2855 3335 2924 πολεμίων
3361 2856 3455 2910 αύ-

1894 2937 2021 2988 τῶν.
2058 2937 2191 3006 Ὁρᾷ
2236 2938 2332 3007 τὴν
2383 2938 2669 3003 ὀπτασίαν,
2702 2941 2757 2991 ἐν
2860 2940 3133 3010 ἐκαθάρθη
3183 2942 3344 2995 αὑτοῦ
3386 2944 3453 2997 τὰ

1895 3023 2066 3093 χείλη.
2130 3025 2535 3094 Ἐπιστρατεύει
2567 3026 2595 3076 ὁ
2630 3026 2811 3095 Σύρων
2868 3026 3115 3094 βασιλεὺς
3164 3029 3298 3096 μετὰ
3346 3028 3453 3081 τῶν

1909 3109 2251 3179 Ἰσραηλιτῶν
2279 3110 2371 3162 ἐπὶ
2406 3110 2504 3179 τὴν
2544 3112 2913 3181 Ἰερουσαλὴμ,
2940 3113 3034 3164 καὶ
3064 3115 3389 3182 προφητεύει
3422 3118 3453 3169 ὁ

1906 3197 2129 3257 Ἡσαΐας
2158 3196 2281 3265 7:591
2309 3196 2402 3247 τοῦ
2440 3197 2693 3266 Χριστοῦ,
2723 3199 2813 3250 καὶ
2850 3199 2974 3269 περὶ
3002 3200 3098 3267 τῆς
3125 3200 3452 3269 ἐρημώσεως

1906 3282 2277 3351 Ἰερουσαλὴμ,
2312 3284 2557 3353 καὶπερὶ
2604 3285 2701 3353 τῆς
2741 3286 2924 3337 ἀνόδου
2971 3284 3448 3359 Ναϐουχοδονόσορ.

1895 3369 2204 3437 Προφητεία
2250 3369 2355 3421 τῶν
2384 3371 2461 3432 εἰς
2505 3371 2734 3439 Χριστὸν
2770 3372 3148 3427 πιστευόντων.
3189 3375 3322 3443 11591
3354 3375 3451 3445 τῆς

1897 3454 2073 3523 ἰσχύος
2099 3455 2191 3507 καὶ
2220 3455 2590 3525 ὑπερηφανίας
2616 3459 2706 3509 καὶ
2726 3458 2996 3521 ἀπωλείας
3016 3459 3106 3513 τοῦ
3147 3460 3447 3531 Ἀσσυρίου.
3548 3530 3557 3535 ι

1894 3541 2028 3607 Περὶ
2048 3541 2151 3591 τῶν
2182 3542 2537 3594 πιστευόντων
2568 3542 2806 3611 Χριστῷ,
2837 3546 2962 3613 περὶ
2991 3546 3086 3614 τῆς
3119 3547 3255 3598 κατὰ
3278 3548 3451 3616 σάρκα

1893 3630 2194 3694 γεννήσεως
2225 3626 2317 3678 τοῦ
2348 3628 2580 3696 Χριστοῦ
2603 3647 2615 3660 ι
2644 3630 2767 3699 περί
2799 3630 2897 3699 τῆς
2931 3631 3037 3684 τῶν
3071 3633 3148 3694 είς
3177 3633 3334 3685 αὑτὸν
3360 3651 3449 3686 πι-

1894 3715 2185 3766 στευόντων
2212 3715 2525 3775 ἐπιεικείας.
2572 3716 2863 3768 ’Λπώλειαν
2888 3716 3197 3782 Βαϐυλῶνος
3223 3723 3315 3772 καὶ
3342 3720 3449 3774 τῶν

1892 3800 2197 3868 ἀλλοφύλων
2239 3800 2584 3870 προφητεύει.
2646 3802 2911 3855 ’Λπώλεια
2954 3802 3269 3858 Μωαϐιτῶν.
3318 3808 3449 3878 Περὶ

1891 3887 2124 3956 Χριστοῦ
2182 3889 2502 3957 προφητεία.
2545 3888 2807 3942 ’Λπῶλεια
2858 3891 3166 3959 Δαμασκοῦ,
3214 3894 3305 3945 καὶ
3355 3895 3446 3947 τοῦ

1904 3973 2115 4041 Ἰσραὴλ
2150 3974 2400 4043 συμφορὰ
2434 3974 2526 4026 καὶ
2569 3975 2824 4043 σωτηρία.
2866 3976 3127 4029 Ἀπώλεια
3156 3979 3445 4045 Αἰγύπτου.

1908 4059 2216 4128 Ἀλληγορεῖ
2242 4060 2478 4111 κάκωσιν
2506 4061 2586 4121 εἰς
2623 4060 2689 4111 τά
2717 4060 2837 4129 ἔθνη
2877 4062 2944 4114 τά
2980 4062 3051 4131 μὴ
3093 4065 3447 4119 πιστεύσαντα

1890 4143 1967 4212 τῷ
1994 4145 2198 4213 Κυρίῳ,
2224 4146 2315 4195 καὶ
2339 4148 2416 4206 είς
2436 4145 2530 4214 τὴν
2557 4147 2829 4214 ἐρήμωσιν
2856 4147 2951 4215 τῆς
2972 4148 3221 4209 ἀσεϐείας
3247 4150 3442 4204 αὐτῶν.

1891 4231 2181 4283 Κελεύεται
2224 4232 2446 4293 Ἡσαΐας
2480 4232 2681 4300 γυμνὸς
2726 4234 3111 4303 περιπατῆσαι.
3157 4237 3443 4306 Ἐπιστρα-

1889 4318 2005 4370 τεία
2036 4317 2233 4386 Μήδων
2267 4319 2357 4369 καὶ
2408 4319 2755 4371 Βαϐυλωνίων
2801 4321 3060 4390 γενομένη
3103 4324 3239 4375 κατά
3290 4324 3443 4376 Ἰδου-

1892 4404 2055 4472 μαίας
2077 4405 2169 4456 καὶ
2198 4404 2471 4473 Ἀραϐίας.
2504 4405 2790 4475 Πολιορκία
2819 4407 3217 4475 Ἰερουσαλὴμή
3248 4412 3443 4478 ἐσχάτη

1889 4490 1990 4540 ὑπὸ
2024 4489 2507 4557 Ναϐουχοδονόσορ.
2535 4490 2842 4567 Πρόρρήσεις
2865 4491 2940 4559 τῷ
2968 4492 3159 4561 Σωμνᾷ
3184 4492 3258 4561 τῷ
3278 4496 3445 4565 ταμίᾳ

1888 4577 2013 4643 περὶ
2043 4576 2137 4643 τῆς
2184 4576 2471 4636 ἀπωλείας.
2504 4578 2565 4626 Οἱ
2595 4576 2650 4627 δὲ
2678 4576 2884 4644 ταμίαι,
2929 4578 3221 4642 τουτέστιν,
3258 4581 3304 4631 οί
3349 4581 3446 4648 φύ-

1886 4661 2044 4723 λακες
2074 4661 2180 4712 τῶν
2194 4663 2249 4711 ἐν
2268 4661 2342 4729 τῷ
2362 4660 2488 4729 ἱερῷ
2504 4662 2815 4731 χρημάτων,
2838 4663 2942 4713 ἀπὸ
2952 4664 3055 4715 τῶν
3082 4665 3268 4733 ἱερέων
3286 4662 3439 4735 ἦσαν.

1898 4746 2162 4798 ’Λπώλεια
2211 4746 2406 4814 Τύρου,
2448 4748 2540 4798 καὶ
2585 4750 2616 4816 ἡ
2660 4748 2796 4815 μετά
2848 4748 3014 4801 ταῦτα
3061 4754 3318 4822 σωτηρία,
3352 4758 3443 4807 καὶ

1886 4831 2144 4901 περὶτῶν
2190 4831 2519 4900 Ἐκκλησιῶν
2540 4832 2928 4903 ἀλληγορικῶς.
2979 4837 3242 4889 ’Λπώλεια
3279 4840 3446 4890 Βαϐυ-

1882 4920 2047 4983 λῶνος
2081 4919 2185 4973 ὑπὸ
2214 4921 2430 4990 Μήδων,
2454 4923 2546 4974 καὶ
2570 4922 2657 4973 ἐπ’
2696 4923 2830 4992 αὑτῇ
2866 4924 3176 4994 εὐχαριστία
3218 4927 3292 4990 τῷ
3326 4929 3443 4995 Θεῷ

1945 5099 1974 5166 °_
1996 5096 2134 5164 lium:
2156 5097 2311 5163 Iopum
2336 5098 2553 5157 respicit,
2585 5097 2657 5166 μ,
2688 5099 2716 5143 5
2750 5099 2910 5166 τάνδρί
2939 5101 3202 5166 μικρολόγῳ
3227 5102 3280 5149 οὑ
3302 5103 3442 5155 καλὸς

1882 5160 1907 5203 ὀ
1926 5156 2140 5220 πλοῦτος·
2167 5156 2270 5220 tjiro
2293 5156 2439 5220 parco
2462 5171 2553 5205 non
2580 5159 2710 5206 bona?
2729 5164 2835 5205 sunt
2854 5156 3050 5209 divitia}.
3079 5156 3254 5209 Pa'réos
3277 5169 3439 5211 autem

1882 5218 2041 5279 θρῖπας
2066 5218 2311 5265 vocabunt.
2340 5218 2424 5265 list
2450 5231 2563 5264 vero
2584 5220 2689 5279 Θρίψ
2709 5232 2863 5278 genus
2900 5222 3148 5270 vermivuli
3174 5225 3440 5270 secundum

1880 5280 2093 5335 Suidam,
2119 5281 2245 5339 quod
2270 5282 2397 5339 ligna
2420 5285 2469 5324 et
2509 5292 2685 5341 cornua
2710 5281 3012 5330 corrcdebat.
3039 5283 3163 5331 Hinc
3193 5296 3359 5341 parcos
3386 5291 3438 5331 οι

1883 5352 2050 5443 ἔνηφε
2092 5340 2252 5400 θρῖπας
2293 5347 2539 5387 vocarunt.
2589 5340 2893 5398 Hesychius:
2924 5344 3046 5404 θρὶψ,
3082 5346 3315 5404 γλίσχρος,
3341 5362 3435 5405 φει-

1889 5418 1949 5443 σω
1974 5412 2048 5443 ῖοε.

1883 5402 2048 5454 δωλός.

1942 5459 2273 5523 ιξιεεεῐιᾱιιῐη
2292 5460 2527 5523 θρασείας,
2551 5466 2603 5506 ut
2634 5463 2689 5523 in
2713 5459 2918 5523 Synopsi
2939 5476 3047 5523 quae
3070 5464 3331 5512 Athanasio
3354 5468 3436 5513 ad-

1882 5520 2125 5575 scribitur,
2152 5534 2259 5580 qua)
2283 5520 2515 5580 Syuopsis
2553 5523 2601 5567 iu
2633 5520 3017 5570 Ecclesiaélimim
3042 5526 3143 5569 sive
3178 5526 3436 5573 Sirmidmn

1886 5582 2076 5641 longior
2101 5583 2203 5635 hac.
2243 5595 2390 5641 pauca
2419 5580 2561 5628 habet
2588 5582 2645 5630 ad
2674 5582 2873 5629 verbum
2915 5584 2990 5630 his
3013 5583 3202 5630 similia.
3228 5587 3435 5631 ιῖειλιρτυ-

1886 5655 1989 5701 rimi
2013 5656 2131 5689 vero
2157 5643 2382 5689 librorum
2410 5644 2658 5701 Synopses
2682 5650 2781 5689 mlo
2804 5644 2921 5690 cwlo
2952 5644 3199 5691 diii’eruul.
3228 5645 3278 5690 In
3306 5648 3439 5694 Sira-

1884 5698 2212 5768 i'ide_l_egilur,
2238 5702 2371 5768 22,53,
2397 5698 2574 5768 πατέρα
2594 5706 2669 5751 καί
2697 5704 2838 5765 ἄνδρα
2864 5704 3163 5765 καταισχύνει
3183 5707 3434 5768 ἡθρασεία.

1953 5765 1976 5789 ι’
2005 5764 2147 5812 Forte
2171 5764 2608 5824 πεπλημμελημένα.
