4094 6508
1191 15 1532 29 _———__
1563 25 1662 31 ..η-ε.

646 423 757 478 377

638 544 746 604 ὑπὸ
765 540 858 595 τοῦ
897 541 1194 610 προφήτου.
1230 539 1338 590 Καὶ
1369 539 1493 609 1:591
1529 539 1636 590 τῶν
1673 537 1892 608 Χριστῷ
1918 535 2195 588 πιστευόν-

637 643 746 691 των
782 622 1102 694 προφητεία,
1135 622 1262 691 1:591
1285 623 1382 690 τῆς
1409 621 1502 672 τοῦ
1528 619 1770 672 διαϐόλου
1799 618 2070 679 ἀπωλείας
2099 619 2197 686 τῆς

639 711 741 762 ὑπὸ
773 709 1004 779 Χριστοῦ
1031 708 1320 776 γενομένης
1343 721 1356 734 ο
1391 707 1516 774 περὶ
1542 707 1640 774 τῆς
1665 706 1758 758 τοῦ
1791 704 2026 774 Χριστοῦ
2056 702 2197 760 κατά

639 798 817 864 σάρκα
848 795 1182 863 παρουσίαςο
1216 792 1343 861 περὶ
1395 791 1495 860 τῆς
1541 793 1617 852 είς
1668 790 1898 859 Χριστὸν
1941 790 2191 850 πίστεως.

649 880 986 947 Ἐγκαλεῖται
1014 881 1042 931 6
1077 879 1310 948 Ἰσραὴλ,
1339 878 1418 929 ὅτι
1450 878 1546 944 τὴν
1580 875 1766 928 ἐλπίδα
1784 875 1890 927 ἀπὸ
1916 874 2048 927 Θεοῦ
2064 876 2196 926 ἀποο

639 969 862 1038 στήσας,
905 967 997 1017 ἐπὶ
1038 966 1162 1026 τοὺς
1198 964 1525 1031 Αἰγυπτίους
1558 963 1725 1030 αὐτὴν
1766 962 2068 1031 μετήγαγε·
2103 961 2195 1012 καὶ

635 1051 1060 1122 προαγορεύεται
1085 1050 1231 1119 αὐτῷ
1265 1049 1428 1110 κακὰ,
1465 1049 1557 1100 καὶ
1588 1047 1809 1118 εῦθηνία
1836 1046 1974 1116 μετά
2000 1046 2190 1102 ταῦτα.

635 1138 1040 1208 Προφητεύεται
1079 1136 1135 1189 δὲ
1162 1136 1220 1185 ἐν
1246 1134 1323 1203 τῷ
1365 1133 1511 1202 αὺτῷ
1539 1133 1666 1203 περὶ
1699 1133 1796 1200 τῆς
1836 1130 1931 1183 τοῦ
1961 1131 2192 1201 Χριστοῦ

647 1225 988 1296 Ἐκκλησίας,
1021 1225 1148 1291 περὶ
1175 1221 1273 1289 τῆς
1302 1219 1630 1289 ἐπιστροφῆς
1665 1219 1772 1271 τῶν
1798 1217 1966 1270 ἐθνῶν
1993 1218 2092 1285 τῆς
2115 1218 2193 1279 είς

633 1313 883 1383 Χριστὸν,
917 1312 1010 1363 καὶ
1032 1310 1158 1379 περὶ
1177 1309 1275 1377 τῆς
1297 1307 1623 1376 ἐρημώσεως
1659 1305 2027 1375 Ἰερουσαλήμ.
2063 1306 2193 1373 Περὶ

631 1400 732 1469 τῆς
765 1396 1085 1466 Ἐκκλησίας
1122 1395 1348 1465 ἱστορία,
1371 1395 1442 1456 ὼς
1483 1393 1581 1461 μὲν
1611 1393 1751 1444 κατά
1783 1393 1881 1461 τὴν
1909 1393 2193 1460 πρόχειρον

631 1487 713 1550 είς
742 1483 841 1554 τὴν
873 1482 1172 1551 Ἰδουμαίαν
1197 1481 1290 1532 καὶ
1310 1480 1409 1548 τὴν
1443 1478 1811 1549 Ἰερουσαλὴμ,
1842 1478 1960 1529 κατ’
1983 1477 2193 1548 ἀναγω-

631 1569 814 1640 γὴνδὲ
856 1570 933 1630 είς
965 1567 1063 1637 τὴν
1109 1565 1339 1638 ἐρημίαν
1381 1564 1487 1615 τῶν
1530 1563 1812 1626 Ἰουδαίων,
1847 1562 1939 1615 καὶ
1971 1564 2050 1622 είς
2094 1563 2192 1628 τὴν

633 1653 930 1725 εὐπραγίαν
954 1654 1051 1722 τῆς
1075 1650 1168 1707 τοῦ
1191 1649 1422 1721 Χριστοῦ
1459 1649 1798 1717 Ἐκκλησίας.
1827 1649 1909 1700 Τὰ
1932 1648 2074 1700 κατὰ
2102 1648 2191 1698 τὸν

633 1741 989 1812 Σεναχηρείμ.
1040 1740 1351 1810 Προφητεία
1381 1739 1506 1808 περὶ
1556 1739 1800 1790 Ἰωάννου
1831 1737 1922 1788 τοῦ
1963 1735 2191 1806 Προδρό-

636 1847 760 1908 μου,
789 1828 884 1880 καὶ
909 1826 1015 1879 τῶν
1041 1828 1118 1887 είς
1141 1824 1373 1895 Χριστὸν
1400 1825 1776 1877 πιστευόντων,
1800 1823 1909 1891 Τῆς
1933 1822 2025 1873 τοῦ
2054 1820 2188 1873 Θεοῦ

630 1916 908 1986 δυνάμεως
951 1912 1192 1976 ἔνδειξις,
1223 1913 1317 1964 καὶ
1351 1912 1650 1980 κατηγορία
1693 1911 1786 1963 τοῦ
1837 1909 2068 1978 Ἰσραὴλ,
2114 1909 2189 1969 ώς

629 1998 1154 2070 είδωλολατροῦντος,
1194 1999 1288 2050 καὶ
1320 1997 1427 2049 τῶν
1463 1999 1542 2059 είς
1577 1996 1668 2047 τὸν
1697 1995 1822 2049 λαὸν
1868 1995 2188 2063 εὐεργεσιῶν

630 2088 952 2157 ὑπόμνησις.
991 2083 1127 2153 Περὶ
1152 2083 1250 2152 τῆς
1295 2081 1746 2151 ἐκκλησιαστικῆς
1788 2079 2186 2142 καταστάσεως,

628 2177 723 2229 καὶ
750 2174 981 2228 είδώλων
1001 2171 1296 2233 ἀσθενείας.
1326 2170 1460 2238 Περὶ
1485 2167 1720 2238 Χριστοῦ
1745 2167 2068 2237 προφητεία,
2095 2167 2187 2218 καὶ

624 2264 735 2316 τῶν
779 2265 859 2324 είς
907 2262 1067 2313 αὑτὸν
1110 2258 1486 2311 πιστευόντων.
1536 2257 1808 2319 Ὀνειδίζει
1854 2255 1932 2324 τῷ
1976 2255 2187 2324 Ἰσραὴλ

627 2349 908 2420 ἁμαρτιῶν
933 2350 1135 2400 ἕνεκεν.
1158 2346 1319 2424 Λέγει
1343 2343 1431 2398 διά
1448 2345 1546 2419 τὴν
1565 2343 1845 2414 παρακοήν
1864 2341 2041 2395 αὐτῶν
2062 2343 2186 2393 ἐπε-

625 2435 882 2505 νηνέχθαι
932 2435 1113 2495 αὐτοῖς
1143 2431 1242 2493 τὰς
1281 2430 1583 2500 συμφοράς.
1620 2429 1756 2498 Περὶ
1794 2429 1893 2497 τῆς
1937 2429 2016 2490 είς
2053 2428 2187 2496 Χρι-

627 2524 751 2576 στὸν
779 2522 1034 2584 πίστεως.
1060 2520 1182 2571 Ὀτι
1205 2519 1298 2569 καὶ¹
1327 2517 1401 2587 μὴ
1427 2517 1619 2568 θύοντα
1643 2517 1791 2568 είασε
1816 2514 1906 2566 τὸν
1925 2513 2070 2576 λαὸν,
2093 2515 2187 2566 καὶ

623 2610 724 2663 οὐκ
756 2608 950 2677 ἀπῄτει
992 2605 1090 2675 τήν
1121 2605 1210 2657 διά
1239 2603 1438 2656 θυσιῶν
1464 2603 1737 2672 λατρείαν.
1774 2603 1882 2655 Καὶ
1920 2600 2048 2671 περὶ
2077 2600 2185 2652 τῶν

623 2697 704 2758 είς
745 2692 976 2762 Χριστὸν
1017 2690 1378 2744 πιστευόντων
1430 2687 1754 2758 προφητεία.
1791 2687 2047 2756 Ἔλεγχος
2087 2689 2185 2756 τῆς

621 2781 733 2834 τῶν
758 2779 986 2832 είδώλων
1017 2775 1312 2839 ἀσθενείας,
1343 2776 1437 2826 καὶ
1466 2774 1683 2839 ἔνδειξις
1704 2774 1798 2843 τῆς
1819 2772 1912 2825 τοῦ
1938 2773 2070 2825 Θεοῦ
2098 2773 2186 2824 δυ-

622 2867 857 2938 νάμεως.
902 2863 1168 2916 Ἀπώλεια
1209 2861 1544 2923 Βαϐυλῶνος,
1575 2861 1669 2912 καὶ
1712 2863 1812 2929 τῆς
1847 2860 2184 2927 σκληροκαρ-

622 2953 740 3016 δίας
803 2949 1068 3003 Ἰουδαίων
1114 2947 1351 3017 ἐλεγχος,
1401 2947 1495 2999 καὶ
1548 2945 1795 3016 χρηστῶν
1851 2945 2185 3014 πραγμάτων

620 3037 949 3110 προφητεία.
985 3035 1120 3104 Περὶ
1148 3031 1382 3103 Χριστοῦ
1404 3033 1704 3102 προφητεία
1726 3032 1818 3083 καὶ
1848 3031 2185 3101 παράκλησις

634 3123 1005 3195 Ἰερουσαλήμ.
1040 3121 1174 3190 Περὶ
1194 3119 1302 3172 τῶν
1329 3118 1637 3171 ἀποστόλων
1670 3118 1762 3170 καὶ
1790 3119 1916 3187 περί
1949 3117 2182 3188 Χριστοῦ

622 3209 944 3284 προφητεία.
977 3209 1112 3279 Περὶ
1148 3207 1247 3275 τῆς
1279 3206 1372 3257 τοῦ
1413 3205 1646 3275 Χριστοῦ
1684 3208 1820 3257 κατά
1853 3206 2028 3275 σάρκα
2060 3222 2184 3273 γεν-

621 3300 850 3368 νήσεως,
884 3296 978 3349 καὶ
1002 3297 1129 3363 1:591
1157 3293 1378 3354 πάθους,
1403 3294 1496 3344 καὶ
1526 3293 1892 3354 ἀναστάσεως,
1927 3293 2018 3343 καὶ
2054 3291 2184 3359 πλή-

622 3387 749 3446 θους
775 3383 884 3435 τῶν
914 3383 993 3443 είς
1022 3382 1182 3434 αὑτὸν
1222 3381 1598 3432 πιστευόντων.
1642 3380 1775 3445 [1591
1812 3378 1904 3429 τοῦ
1951 3376 2182 3445 Χριστοῦ

620 3472 740 3540 ἅμα
766 3470 859 3522 καὶ
881 3469 1008 3538 περὶ
1209 3467 1302 3518 τοῦ
1343 3466 1555 3535 Ἰσραὴλ
1582 3465 1722 3517 κατά
1756 3465 2012 3534 ίστορίαν,
2045 3465 2185 3517 κατὰ

620 3557 911 3626 ἀναγωγὴν
940 3555 1066 3624 περὶ
1098 3554 1204 3606 τῶν
1227 3556 1304 3615 εις
1337 3554 1568 3621 Χριστὸν
1594 3554 1968 3604 πιστευόντων.
2004 3555 2184 3622 Κατη-

620 3645 781 3715 γορία
823 3643 1085 3695 Ἰουδαίων
1125 3640 1559 3710 εἰδωλολατρείας
1598 3641 1802 3699 ἕνεκεν,
1843 3641 2061 3710 καὶτῆς
2090 3659 2182 3709 νη-

624 3732 808 3792 στείας
842 3728 1019 3782 αὐτῶν
1048 3727 1395 3796 παραίτησις,
1430 3727 1520 3777 καὶ
1555 3727 1745 3793 ἐτέρας
1787 3728 2034 3795 νηστείας
2062 3727 2182 3794 βελ-

619 3819 793 3879 τίονος
818 3814 1104 3879 ὑπόδειξις.
1133 3810 1267 3866 Εἶτα
1289 3813 1589 3882 κατηγορία
1620 3813 1727 3864 τῶν
1752 3813 1979 3881 δολερῶν
2007 3815 2183 3866 αὐτῶν

622 3907 797 3975 ἔργων
831 3902 925 3955 καλ⁸
947 3900 1345 3970 βουλευμάτων,
1374 3900 1466 3952 καὶ
1495 3900 1796 3969 προφητεία
1824 3901 1950 3969 περὶ
1971 3901 2076 3951 τῶν
2105 3902 2182 3962 είς

621 3991 854 4058 Χριστὸν
887 3989 1262 4041 πιστευόντων.
1299 3989 1429 4056 Περὶ
1470 3987 1703 4056 Χριστοῦ
1737 3988 2057 4058 προφητεία,
2093 3990 2184 4040 καὶ

622 4079 752 4148 1:591
775 4076 882 4128 τῶν
912 4076 1102 4127 ίάσεων
1126 4073 1234 4125 τῶν
1258 4076 1334 4135 είς
1359 4073 1534 4142 ψυχὴν
1557 4076 1646 4126 καὶ
1674 4077 1751 4135 εἰς
1780 4075 1936 4143 σῶμα
1963 4076 2183 4142 γενομέ-

619 4181 727 4216 νων
759 4163 849 4213 ὑπ’
878 4160 1058 4222 αὑτοῦ,
1088 4161 1181 4211 καὶ
1207 4161 1333 4226 1:591
1356 4159 1461 4209 τῶν
1484 4161 1789 4211 ἀποστόλων
1817 4162 1906 4211 καὶ
1934 4162 2057 4229 περὶ
2078 4162 2184 4213 τῶν

621 4248 820 4302 λοιπῶν
839 4246 946 4298 τῶν
969 4247 1326 4296 πιστευόντων
1355 4245 1521 4311 αὐτῷ.
1551 4246 1684 4313 [1591
1711 4245 1802 4296 τοῦ
1827 4246 2047 4309 πάθους.
2077 4249 2183 4298 Καὶ

621 4337 772 4406 παρά
798 4333 890 4387 τοῦ
927 4333 1223 4402 προφήτου,
1256 4331 1330 4393 ώς
1362 4332 1509 4401 παρά
1541 4330 1634 4382 τοῦ
1670 4331 1818 4396 λαοῦ,
1866 4332 2184 4404 ἐξομολόγηυ

623 4442 726 4485 σις,
759 4423 854 4474 καὶ
874 4420 1030 4491 σταρά
1052 4418 1144 4474 τοῦ
1177 4418 1379 4488 Κυρίου
1409 4419 1624 4487 ἐλεγχος
1645 4418 1864 4471 ἐκείνων
1885 4420 2181 4484 ἀπειθείας,

623 4510 716 4569 καὶ
745 4507 1042 4577 πρόσληψις
1064 4506 1171 4556 τῶν
1191 4504 1550 4556 πιστευόντων
1576 4504 1743 4572 αὐτῷ,
1769 4506 1864 4557 καὶ
1888 4506 2183 4574 κατηγορία

621 4597 718 4664 τῆς
753 4594 1017 4646 Ἰουδαίων
1048 4590 1503 4658 εἰδωλολατρείας.
1536 4591 1670 4659 Περὶ
1687 4591 1795 4642 τῶν
1822 4592 2184 4643 πιστευόντων

625 4681 683 4746 ἐξ
727 4679 987 4731 Ἰουδαίων
1023 4680 1101 4739 είς
1139 4679 1230 4729 τὸν
1270 4677 1471 4747 Κύριον
1503 4677 1656 4745 ἡμῶν
1699 4678 1902 4745 Ἰησοῦν
1932 4678 2179 4747 Χριστόν.

624 4767 934 4835 Κατηγορία
963 4766 1068 4818 τῶν
1123 4765 1528 4832 ἀπειθησάντων
1572 4765 1698 4832 περὶ
1744 4765 1842 4832 τῆς
1889 4765 2183 4834 μελλούσης

624 4854 790 4922 ζωῆς.

670 4992 931 5057 Σύνοψις
963 4988 1079 5042 τῶν
1100 4988 1178 5052 τῷ
1207 4990 1483 5058 προφήτῃ
1515 4990 1759 5056 Ἱερεμίᾳ
1780 4989 2118 5056 εἰρημένων.

694 5109 1098 5180 Προαγόρευσις
1119 5111 1224 5161 τῶν
1249 5108 1519 5176 ἐσομένων
1542 5110 1723 5160 κακῶν
1739 5108 1815 5176 τῷ
1852 5109 2057 5180 Ἰσραὴλ
2081 5109 2184 5161 ὑπὸ

624 5198 716 5250 τοῦ
773 5195 1254 5264 Ναϐουχοδονόσορ.
1298 5195 1556 5262 Ἔλεγχος
1607 5196 1704 5262 τῆς
1751 5195 2184 5263 είδωλολατρείας

623 5283 716 5336 τοῦ
767 5281 1002 5351 Ἰσραὴλ,
1029 5281 1121 5332 καὶ
1147 5282 1450 5350 ὑπόμνησις
1477 5281 1572 5350 τῆς
1597 5281 1687 5332 τοῦ
1708 5281 1839 5331 Θεοῦ
1870 5282 2183 5351 εὐεργεσίας

625 5372 704 5431 είς
733 5369 948 5431 αὐτοὺς,
983 5367 1076 5419 καὶ
1105 5367 1212 5418 τῶν
1236 5368 1439 5432 κακῶν,
1469 5368 1503 5420 ὃ.
1538 5369 1600 5418 ἐκ
1623 5365 1714 5418 τοῦ
1759 5367 2069 5418 πεποιθέναι
2093 5369 2184 5418 Αἱ-

624 5455 873 5522 γυπτίοις
929 5455 1243 5524 ὑπέμειναν.
1302 5454 1411 5522 Τῆς
1470 5454 1576 5506 τῶν
1625 5453 1853 5505 εἰδώλων
1906 5454 2183 5515 ἀσθενείας

627 5541 867 5609 ἐλεγχος,
888 5541 981 5591 καὶ
1003 5541 1098 5609 τῆς
1128 5540 1305 5592 αὐτῶν
1332 5539 1438 5590 τῶν
1476 5540 1819 5607 Ἰσραηλιτῶν
1841 5540 2183 5609 ἀνθρωποθυ-

630 5628 750 5689 σίας
802 5627 1119 5694 κατηγορία.
1163 5627 1267 5678 Τοῦ
1313 5626 1521 5695 Ἰσραήλ
1573 5626 1888 5693 κατηγορία,
1938 5627 2029 5677 καὶ
2076 5627 2183 5678 ἀπὸ

631 5713 964 5783 συγκρίσεως
997 5714 1092 5782 τῆς
1126 5714 1258 5783 πρὸς
1294 5714 1453 5765 αὐτὸν
1488 5711 1710 5778 αύξησις
1742 5712 1848 5764 τῶν
1885 5712 1975 5764 τοῦ
2017 5714 2182 5764 Ἰούδα

635 5799 990 5869 τολμημάτων
1016 5818 1028 5830 ·
1049 5800 1138 5852 καὶ
1163 5803 1545 5868 προαγόρευσις
1569 5799 1814 5866 χρηστῶν
1837 5799 1910 5866 τῷ
1949 5799 2175 5869 Ἰσραὴλ,

1320 427 1376 481 S.
1416 422 1700 480 JOANMS
1733 418 2227 476 CHRYSOSTOMI
2261 420 2587 476 ARCHIEP.
2625 419 3174 479 CONSTANI‘INOI’.

3763 441 3872 493 378

2303 538 2350 588 εί
2384 539 2694 608 ἐπιστρέψει
2727 540 2863 609 πρὸς
2887 540 2975 592 τὸν
3003 541 3164 592 Θεόν·
3200 541 3291 593 καὶ
3315 541 3419 593 ὑπὸ
3449 539 3542 593 τοῦ
3569 542 3869 610 προφήτου,

2301 627 2375 688 ὼς
2409 625 2560 693 παρά
2588 626 2680 678 τοῦ
2707 626 2856 686 λαοῦ.
2883 626 3285 696 ἐξομολόγησις.
3329 628 3392 679 Ἱι
3427 627 3610 689 ἄνοδος
3635 627 3744 678 τῶν
3767 628 3871 679 Βα-

2301 711 2590 777 ϐυλωνίων,
2631 713 2723 765 καὶ
2746 713 2838 764 τοῦ
2861 715 3136 783 προφήτου
3159 714 3350 783 θρῆνος
3380 714 3473 764 ἐπὶ
3499 717 3565 782 τῇ
3603 713 3868 784 μελλούσῃ

2299 797 2594 865 ἐρημώσει,
2612 798 2704 849 καὶ
2724 798 2891 866 αὐτῆς
2913 798 3012 864 τῆς
3036 797 3365 867 ἐρημώσεως
3394 799 3705 868 ὑπο-γραφή.
3727 800 3869 851 Κατ-

2297 885 2494 952 ηγορία
2537 883 2630 935 τοῦ
2679 883 2830 946 λαοῦ,
2879 885 2960 935 ὅτι
3009 885 3198 936 οὐδένα
3243 884 3398 953 ἔσχεν
3453 884 3595 936 οὕτω
3640 884 3865 947 δίκαιον,

2298 968 2438 1023 ὥστε
2463 969 2658 1038 στῆσαι
2695 971 2788 1022 τοῦ
2821 970 2956 1022 Θεοῦ
3000 971 3098 1040 τὴν
3123 969 3312 1040 ὀργήν,
3342 971 3436 1022 καὶ
3478 971 3576 1039 τῆς
3608 971 3867 1042 πονηρίας

2299 1055 2476 1107 αὐτῶν
2527 1056 2764 1125 ἐλεγχος.
2803 1059 2922 1111 ὀτι
2957 1058 3019 1110 οὐ
3068 1060 3230 1127 μέχρι
3262 1057 3521 1126 θεμελίων
3555 1058 3668 1127 ἔχει
3698 1076 3866 1114 κατα-

2301 1141 2601 1210 στραφῆναι
2637 1143 2985 1212 Ἰερουσαλὴμ
3006 1144 3110 1196 ὑπὸ
3131 1143 3225 1195 τοῦ
3247 1143 3730 1214 Ναϐουχοδονόσορ.
3757 1146 3865 1196 Καὶ

2298 1226 2478 1289 ἄνοδος
2509 1227 2617 1281 τῶν
2663 1229 3032 1288 Βαϐυλωνίων,
3080 1230 3173 1282 καὶ
3207 1229 3508 1298 κατηγορία
3555 1233 3652 1298 τῆς
3707 1232 3862 1282 ἀπει-

2299 1309 2446 1375 θείας
2497 1313 2590 1365 τοῦ
2631 1315 2860 1384 Ἰσραὴλ,
2892 1315 2972 1367 ὅτι
3019 1315 3118 1366 οὐκ
3164 1308 3436 1384 ἠνείχοντο
3480 1314 3710 1367 ἀκοῦσαι
3769 1316 3864 1367 τοῦ

2298 1401 2594 1469 προφήτου.
2628 1401 2939 1470 Κατηγορία
2968 1400 3074 1452 τῶν
3092 1399 3545 1469 ψευδοπροφητῶν
3567 1402 3866 1471 παραλογι-

2299 1485 2537 1551 ζομένων
2569 1486 2657 1538 τὸν
2692 1485 2817 1537 λαόν
2838 1503 2850 1515 ·
2885 1486 2978 1538 τοῦ
3022 1485 3128 1556 γὰρ
3175 1485 3434 1554 Ἱερεμίου
3482 1484 3746 1552 λέγοντος,
3781 1487 3864 1539 ὄτι

2299 1566 2536 1637 Πόλεμος
2556 1566 2726 1627 ἔσται,
2755 1571 2914 1634 αὐτὸς
2933 1571 3299 1644 ἐλεγεν,οῦχὶ,
3319 1571 3451 1623 ἀλλά
3476 1573 3662 1642 εἰρήνη
3687 1573 3859 1626 ἔσται.

2298 1653 2628 1730 Παραίτησις
2658 1655 2880 1719 θυσιῶν,
2915 1657 3009 1710 καὶ
3040 1655 3222 1719 ἄνοδος
3250 1656 3342 1709 τοῦ
3377 1659 3732 1723 Βαϐυλωνίου,
3767 1662 3864 1712 καὶ

2295 1740 2395 1808 τῆς
2423 1741 2814 1810 ἀνεπιστρόφου
2842 1741 3079 1803 διανοίας
3133 1743 3399 1796 Ἰουδαίων
3444 1744 3679 1813 ἔλεγχος.
3711 1747 3860 1815 Παρ-

2295 1829 2434 1880 αινεῖ
2457 1827 2535 1896 τῷ
2581 1827 2750 1897 Ἰούδα
2791 1828 2929 1897 πρὸς
2961 1829 3022 1881 τὸ
3063 1830 3313 1896 γενέσθαι
3347 1833 3541 1895 αὐτοὺς
3570 1833 3859 1903 βελτίονας,

2295 1916 2388 1966 καὶ
2419 1913 2647 1976 ἀπειλεῖ,
2673 1915 2723 1965 εἰ
2755 1915 2828 1984 μὴ
2869 1914 3127 1982 γένοιντο,
3160 1916 3227 1969 τά
3270 1917 3406 1972 αὒτά
3447 1919 3726 1972 πείσεσθαι
3765 1923 3861 1973 αύ-

2292 2002 2418 2062 τοὺς
2453 1999 2532 2068 τῷ
2576 2000 2820 2069 Ἰσραήλ*
2850 2001 2944 2052 καὶ
2981 2001 3178 2055 κωλύει
3208 2002 3299 2055 τὸν
3336 2004 3599 2074 Ἰερεμίαν
3647 2007 3857 2060 δεῖσθαι

2295 2085 2434 2156 ὑπὲρ
2481 2087 2677 2139 αὐτῶν.
2744 2086 3077 2157 Παραίτησις
3123 2089 3350 2152 θυσιῶν,
3404 2092 3701 2160 κατηγορία
3761 2094 3859 2159 τῆς

2292 2173 2617 2242 ἀπροσεξίας
2639 2172 2838 2236 αὐτῶν,
2869 2174 2961 2226 καὶ
2991 2174 3085 2242 τῆς
3120 2174 3584 2244 ἀνθρωποθυσίας.
3615 2178 3680 2244 ἣν
3708 2179 3856 2230 ἐποι-

2292 2256 2447 2309 οῦντο
2501 2261 2612 2321 τοῖς
2661 2257 2898 2328 δαίμοσι.
2945 2260 3054 2311 Καὶ
3103 2261 3502 2329 προαγόρευσις
3547 2261 3640 2312 τοῦ
3690 2263 3858 2330 τάφον

2293 2344 2507 2397 ἔσεσθαι
2534 2346 2624 2397 τὸν
2656 2345 2817 2398 τόπον
2856 2345 2951 2398 τοῦ
2991 2345 3208 2398 εἰδώλου
3237 2347 3435 2408 αὐτῶν,
3476 2348 3568 2400 καὶ
3602 2347 3696 2400 τοῦ
3725 2351 3856 2418 μηδὲ

2292 2429 2481 2497 τάφοις
2522 2429 2670 2493 τινὰς
2718 2431 2826 2484 τῶν
2855 2431 3255 2502 ἀναιρουμένων
3297 2433 3698 2503 παραδίδοσθαι.
3739 2436 3856 2486 Ἔτι

2293 2517 2421 2585 περὶ
2445 2517 2543 2584 τῆς
2568 2517 2752 2568 ἀνόδου
2783 2517 2892 2568 τῶν
2925 2517 3216 2586 πολεμίων,
3251 2519 3343 2572 καὶ
3369 2519 3562 2589 θρῆνος
3596 2521 3856 2590 Ἱερεμίου

2291 2601 2385 2654 ἐπὶ
2416 2606 2535 2665 ταῖς
2582 2603 2799 2665 κακίαις
2841 2603 3036 2655 αὐτῶν.
3070 2605 3384 2674 Κατηγορία
3429 2607 3536 2658 τῶν
3572 2607 3856 2669 Ἰουδαίων,

2289 2688 2364 2750 ώς
2387 2690 2772 2760 ἀπεριτμήτων
2795 2692 2862 2760 τῇ
2905 2691 3118 2760 καρδίᾳ,
3162 2693 3255 2742 καὶ
3287 2692 3603 2761 παραίνεσις
3632 2694 3768 2762 πρὸς
3796 2693 3860 2744 τὸ

2293 2775 2369 2842 μὴ
2397 2773 2818 2845 εἰδωλολατρεῖν,
2845 2776 2938 2828 καὶ
2970 2777 3045 2838 ὡς
3083 2777 3235 2845 παρά
3263 2777 3354 2828 τοῦ
3381 2777 3507 2829 λαοῦ
3541 2777 3735 2847 θρῆνος
3765 2779 3858 2829 ἐπὶ

2289 2861 2402 2920 τοῖς
2431 2859 2680 2928 μέλλουσι
2707 2862 2914 2923 κακοῖς,
2946 2861 3039 2911 καὶ
3070 2862 3369 2931 κατηγορία
3397 2864 3548 2931 παρά
3573 2863 3666 2913 τοῦ
3701 2863 3856 2918 Θεοῦ..

2292 2944 2620 3013 Παραίνεσις
2645 2943 2739 2994 τοῦ
2776 2944 2989 3015 Ἰσραήλ
3022 2946 3153 3014 πρὸς
3183 2947 3244 2998 τὸ
3274 2948 3566 3000 ὑπακούειν
3593 2949 3730 3017 Θεῷ,
3761 2951 3855 3001 καὶ

2291 3029 2588 3099 κατηγορία
2619 3030 2728 3081 τῶν
2756 3031 3006 3101 πατέρων
3029 3031 3226 3092 αὐτῶν,
3256 3035 3350 3085 καὶ
3377 3034 3552 3086 αὐτῶν
3579 3037 3722 3086 κακά
3743 3036 3861 3086 ἐσό-

2292 3133 2447 3185 μενα.
2667 3117 2776 3169 Καὶ
2815 3117 3079 3170 κωλύεται
3118 3119 3275 3171 πάλιν
3327 3120 3589 3188 Ἱερεμίας
3629 3120 3860 3190 προσεύ-

2289 3202 2475 3271 χεσθαι
2503 3203 2642 3272 ὑπὲρ
2669 3202 2865 3257 αὐτῶν.
2899 3203 3249 3274 ’Λποδύρετσι
3278 3206 3306 3256 6
3337 3207 3618 3275 προφήτης
3641 3206 3860 3258 ἐπιϐου-

2289 3289 2568 3357 λευόμενος
2615 3289 2720 3342 ὑπὸ
2763 3290 3026 3342 Ἰουδαίων
3067 3292 3124 3341 ἐν
3163 3291 3422 3352 Ἀναθὼθ,
3469 3292 3564 3342 καὶ
3605 3293 3860 3360 προλέγει

2288 3376 2373 3430 διὰ
2398 3376 2553 3428 τοῦτο
2581 3377 2843 3445 ἑπόμενον
2869 3378 3049 3440 αὐτοῖς
3073 3377 3308 3446 ὄλεθρον.
3335 3379 3408 3429 Τὸ
3441 3379 3729 3448 περίζωμα
3759 3395 3860 3430 κε·-

2288 3462 2499 3515 λεύεται
2532 3461 2735 3530 κρύψαι
2777 3461 3061 3532 Ἱερεμίας,
3093 3464 3187 3515 καὶ
3214 3462 3467 3532 προλέγει
3502 3464 3861 3532 πληρωθήσεο

2291 3553 2412 3605 σθαι
2459 3553 2673 3616 αὐτοὺς,
2708 3553 2801 3606 καὶ
2836 3552 3265 3623 μεθυσθήσεσθαι
3317 3554 3422 3605 ἀπὸ
3468 3554 3671 3605 κακῶν.
3724 3555 3861 3623 Περὶ

2287 3640 2384 3708 τῆς
2423 3639 2712 3709 ἀϐροχίαςο
2747 3640 2838 3691 καὶ
2870 3639 3133 3692 κωλύεται
3169 3640 3565 3709 προσεύχεσθαι
3599 3641 3736 3710 ὑπὲρ
3761 3642 3862 3692 αὑ-

2286 3725 2395 3776 τῶν
2423 3727 2452 3776 6
2478 3728 2790 3795 προφήτης,
2822 3726 2916 3777 καὶ
2959 3728 3301 3794 παραιτεῖται
3326 3729 3354 3778 6
3379 3726 3510 3786 Θεὸς
3542 3725 3610 3778 τά
3636 3727 3863 3779 ὁλοκαυ-

2286 3811 2512 3881 τώματα
2560 3811 2758 3874 αὐτῶν,
2791 3813 2883 3862 καὶ
2914 3812 3011 3874 τάς
3052 3812 3324 3880 νηστείας,
3363 3814 3454 3863 καὶ
3504 3812 3717 3865 ἀπειλεῖ
3747 3816 3862 3876 τοῖς

2287 3897 2750 3966 ψευδοπροφήταις
2779 3898 2942 3959 κακά,
2972 3898 3155 3966 ἐπειδὴ
3185 3897 3366 3964 ἔλεγον
3395 3898 3475 3950 ὃτι
3511 3899 3611 3950 οῦκ
3643 3898 3863 3951 ἔσονται

2292 3985 2562 4053 συμφοραὶ
2609 3985 2685 4052 τῷ
2715 3984 2847 4052 λαῷ.
2891 3984 3144 4036 Ἱκετεύει
3175 3984 3264 4036 τὸν
3305 3985 3435 4037 Θεόν
3463 4002 3474 4013 '
3507 3988 3535 4037 6
3571 3985 3624 4035 δέ
3671 4001 3864 4052 φησιν,

2288 4073 2386 4122 οὐκ
2431 4070 2863 4134 είσακούσεσθαι,
2894 4071 3013 4123 οὐδὲ
3053 4071 3146 4123 ἐὰν
3189 4072 3427 4139 Μωῦσῆς
3469 4071 3560 4122 καὶ
3605 4071 3862 4139 Σαμουὴλ

2290 4157 2657 4227 πρεσϐεύωσιν
2707 4159 2846 4228 ὑπὲρ
2889 4158 3086 4226 αὐτῶν,
3136 4158 3271 4210 ἀλλά
3316 4157 3508 4208 δώσειν
3551 4158 3745 4218 αὐτοὺς
3783 4160 3864 4219 είς

2292 4247 2557 4315 μάχαιραν
2592 4247 2685 4300 καὶ
2717 4246 2966 4312 θάνατον,
2993 4247 3087 4299 καὶ
3125 4245 3280 4314 λιμὸν
3325 4245 3416 4296 καὶ
3460 4245 3862 4313 αἰχμαλωσίαν,

2291 4335 2382 4384 καὶ⁵
2408 4334 2486 4394 εἰς
2533 4333 2870 4403 διασπασμὸν
2915 4333 3121 4385 κακῶν.
3180 4331 3281 4383 Καὶ
3322 4332 3586 4400 Ἱερεμίας
3639 4331 3865 4400 εὔχεται

2287 4419 2656 4490 τιμωρηθῆναι
2680 4422 2803 4483 τοὺς
2823 4421 3178 4482 ὀνειδίζοντας
3197 4419 3357 4471 αὐτόν
3373 4437 3385 4448 ο
3411 4421 3439 4471 ὁ
3466 4420 3520 4472 δὲ
3538 4420 3667 4482 Θεός
3691 4438 3866 4491 φησιν

2289 4505 2434 4575 αῦτῷ
2451 4522 2466 4538 ο
2507 4507 2641 4557 Ἐοπ·
2661 4505 2887 4574 ἐξάγης
2914 4508 3110 4575 τίμιον
3128 4506 3245 4560 ἀπὸ
3267 4507 3536 4570 ἀναξίου,
3555 4507 3632 4571 ὠς
3661 4510 3865 4576 στόμα

2284 4610 2402 4661 μου
2433 4591 2571 4659 ἔσῃ.
2629 4591 2921 4649 Κελεύεται
2967 4593 3043 4661 μὴ
3096 4594 3269 4662 γῆμαι
3313 4595 3341 4645 ό
3383 4593 3668 4662 Ἱερεμίας,
3723 4596 3865 4662 μηδὲ

2291 4678 2526 4748 θρηνεῖν,
2567 4677 2702 4746 μηδὲ
2729 4676 2822 4729 τοῦ
2857 4679 3135 4747 γινομένου
3175 4680 3286 4740 τοῖς
3315 4678 3716 4746 ἀποθνήσκουσι
3750 4697 3863 4730 κοι-

2290 4769 2473 4819 νωνεῖν
2497 4768 2608 4826 τοῖς
2655 4765 3031 4834 Ἰσραηλίταις.
3071 4765 3207 4833 Περὶ
3230 4766 3338 4818 τῶν
3363 4767 3696 4827 ἀποστόλων,
3733 4785 3800 4818 πε
3811 4768 3867 4836 91

2290 4851 2522 4921 Χριστοῦ
2561 4852 2894 4920 προφητεῖαι
2935 4853 3058 4913 τοὺς
3102 4852 3292 4917 λόγους
3337 4852 3445 4905 τῶν
3483 4853 3867 4905 ἀπιστούντων

2289 4938 2434 5006 αὑτῴ
2466 4940 2494 4989 6
2542 4939 2822 5006 προφήτης
2856 4938 3124 5005 προλέγει,
3158 4939 3252 4989 καὶ
3296 4939 3612 5006 κατεύχεται
3651 4939 3861 4990 αὐτῶν.

2290 5027 2397 5077 Καὶ
2425 5027 2676 5094 παραινεῖ
2719 5027 2829 5084 τιῖς
2870 5023 3161 5084 Ἰουδαίοις,
3200 5023 3338 5076 ὥστε
3371 5023 3430 5076 τὺ
3459 5024 3728 5076 σάϐϐατον
3763 5042 3864 5092 τη·

2291 5116 2422 5181 ρείν.
2455 5114 2548 5175 Εἰς
2580 5113 2671 5163 τὸν
2701 5107 2846 5163 οἷκον
2894 5110 2987 5162 τοῦ
3032 5112 3316 5180 κεραμέως
3365 5112 3634 5181 πέμπεται
3658 5114 3687 5162 6
3728 5130 3865 5180 προς

2289 5200 2480 5266 φήτης.
2539 5197 2726 5264 Πέρας
2772 5195 3040 5261 λαλήσω,
3074 5199 3236 5266 φησὶν
3267 5198 3296 5249 6
3330 5198 3479 5260 Θεὸς,
3528 5198 3620 5250 ἐπὶ
3663 5199 3860 5258 βασι-

2287 5285 2472 5347 λείας,
2495 5283 2648 5335 ὥστε
2669 5281 2932 5347 ἀναιρεῖν
2947 5282 3139 5349 αὑτήν
3164 5299 3177 5312 ⁵
3199 5284 3293 5335 καὶ
3313 5285 3405 5337 ἐὰν
3427 5281 3857 5348 ἐπιστρέψωσιν,

2288 5371 2348 5421 οὐ
2383 5369 2455 5438 μὴ
2479 5369 2668 5421 άνέλω.
2701 5370 2806 5420 Καὶ
2831 5369 3013 5434 πέρας
3038 5369 3309 5433 λαλήσω,
3339 5370 3520 5436 φησὶν,
3550 5369 3643 5419 ἐπὶ
3674 5370 3863 5434 ἔθνος

2289 5455 2326 5517 ἢ
2352 5454 2693 5517 βασιλείαν,
2729 5453 2833 5506 τοῦ
2863 5454 3389 5522 (ἐνοικοδομεῖσθαι.
3425 5453 3527 5507 Καὶ
3569 5453 3660 5504 ἐὰν
3697 5460 3862 5524 ποιή-

2291 5557 2421 5590 σωσι
2449 5540 2507 5591 τὸ
2536 5539 2786 5606 πονηρὸν,
2822 5539 2881 5590 οὐ
2913 5541 3120 5608 ποιήσω
3157 5540 3308 5607 κάγὼ
3340 5539 3465 5608 1:591
3493 5539 3599 5589 τῶν
3628 5539 3863 5605 ἀγαθῶν

2285 5618 2358 5677 ὧν
2393 5625 2623 5693 ἐλάλησα
2649 5625 2866 5692 ποιῆσαι
2905 5627 3106 5686 αὐτοῖς.
3133 5626 3302 5677 Τοῦτο
3326 5625 3381 5676 δὲ
3409 5625 3677 5693 χρήσιμον
3720 5629 3862 5696 πρὸς

2303 5711 2581 5772 Ἰουδαίους
2614 5712 2674 5762 τὸ
2715 5711 3019 5778 κεφάλαιον,
3049 5713 3176 5763 ὃταν
3209 5712 3437 5778 λέγωσιν
3474 5711 3557 5761 ὅτι
3587 5711 3858 5780 ἐπηγγεί-

2290 5801 2413 5850 λατο
2441 5801 2619 5862 αὐτοῖς
2649 5800 2824 5867 ἀγαθά
2855 5803 2884 5852 6
2929 5800 3148 5871 Κύριος.
3196 5799 3608 5869 ’Λπειθήσαντςς
3639 5801 3756 5870 γάρ
3785 5805 3860 5869 τῷ
