4096 6496
208 409 324 467 377

206 513 294 567 rii.
328 513 409 567 De
441 512 505 566 iis
532 512 621 582 qui
650 511 702 566 in
731 510 997 567 Christum
1022 509 1274 567 credituri
1302 518 1445 575 sunt,
1468 508 1534 562 de
1561 520 1784 576 genera—

206 605 357 660 tione
381 604 579 659 Christi
604 603 892 659 secundum
909 618 1121 659 carnem
1141 603 1237 658 :de
1252 600 1654 656 mansuetudine
1669 614 1787 653 ere-

202 695 453 750 dentium
484 694 537 749 in
577 710 719 750 eum.
750 692 1042 749 Perniciem
1074 693 1358 762 Babylonis
1386 701 1439 746 et
1464 690 1788 760 alienigena-

201 802 323 842 rum
350 786 693 842 vaticinatur.
727 786 996 842 Pernicies
1042 786 1403 839 Moabitarum.
1458 785 1531 838 De
1576 782 1788 837 Christo

205 876 515 947 prophetia.
565 878 832 933 Pernicies
876 876 1136 939 Damasci,
1185 885 1239 928 ct
1277 874 1487 929 Israelis
1514 873 1786 928 calamitas

201 977 366 1037 atque
399 966 564 1022 salus.
590 967 854 1022 Pernicies
879 964 1112 1036 Egypti.
1141 965 1242 1018 Per
1268 964 1567 1033 allegoriam
1598 962 1785 1032 pra:di-

202 1059 272 1113 cit
295 1073 570 1113 mrumnas
600 1058 841 1126 gentibus
863 1072 979 1127 qua:
1005 1056 1226 1110 Domino
1245 1069 1347 1109 non
1370 1054 1711 1118 crediderint,
1732 1062 1787 1107 ct

202 1147 267 1203 de
298 1148 579 1217 impietate
621 1162 802 1202 eorum
836 1146 1175 1217 profliganda.
1222 1145 1440 1199 Jubctur
1478 1145 1639 1199 Isaias
1682 1159 1784 1198 nu-

204 1237 300 1292 dus
317 1238 619 1292 ambulare.
643 1237 843 1291 Bellum
866 1236 1136 1290 Medorum
1160 1245 1213 1289 et
1236 1234 1645 1304 Babyloniorum
1664 1248 1784 1288 con-

204 1338 279 1383 tra
311 1328 605 1383 ldummam
634 1337 687 1382 et
714 1328 979 1381 Arabiam.
1013 1328 1284 1381 POall‘Cﬂla
1328 1325 1532 1380 obsidio
1569 1324 1782 1379 Jeroso-

201 1421 359 1490 lyma:
387 1435 421 1474 a
450 1418 981 1473 Nabuchodonosore.
1003 1417 1280 1472 Prmdictio
1295 1416 1504 1470 Somnm
1526 1417 1782 1485 penuario

200 1510 265 1565 de
309 1509 553 1579 pernicie
594 1509 727 1577 ejus.
770 1508 1014 1563 Penuarii
1056 1517 1253 1571 autem,
1302 1507 1353 1561 id
1393 1516 1493 1568 est,
1533 1505 1780 1561 custodes

200 1603 549 1671 pecuniarum
582 1601 633 1655 in
664 1600 880 1669 templo,
903 1614 967 1653 ex
994 1598 1329 1653 sacerdotum
1356 1611 1578 1651 numero
1605 1604 1775 1650 erant.

200 1692 477 1747 Pernicies
508 1690 653 1762 Tyri,
680 1698 735 1744 et.
754 1689 895 1743 salus
917 1697 1118 1758 postea,
1150 1688 1320 1757 deque
1351 1687 1605 1743 Ecclesiis
1644 1686 1778 1741 alle-

198 1783 403 1851 gorice.
437 1780 704 1836 Pernicies
734 1778 1014 1849 Babylonis
1042 1793 1072 1832 a
1098 1778 1280 1842 Medis,
1316 1786 1371 1831 et
1400 1793 1493 1847 pro
1535 1778 1621 1831 illa
1652 1792 1777 1848 gra-

199 1873 395 1927 tiarum
438 1871 577 1926 actio
608 1870 715 1925 Deo
760 1885 851 1939 per
888 1868 1219 1939 prOphetam.
1258 1868 1537 1937 Prophetia
1560 1869 1627 1924 de
1654 1884 1775 1924 cre-

198 1961 449 2017 dentibus
469 1961 523 2017 in
542 1960 831 2026 Christum,
852 1960 919 2016 de
936 1960 1127 2015 diaboli
1148 1960 1378 2029 pernicie
1400 1974 1492 2028 per
1506 1957 1775 2013 Christum

197 2060 381 2119 parta:
414 2051 484 2107 de
508 2050 703 2107 Christi
734 2049 1025 2106 secundum
1052 2065 1267 2106 carnem
1296 2049 1556 2103 adventu:
1580 2048 1648 2103 de
1674 2048 1776 2104 fide

197 2143 247 2196 in
274 2141 576 2197 Christum.
609 2139 1096 2203 Accusaturlsrael,
1122 2140 1261 2210 quod
1278 2154 1425 2207 spem
1450 2154 1598 2193 suam
1618 2152 1647 2192 a
1666 2139 1775 2193 Deo

194 2232 458 2299 avellens,
493 2232 637 2286 illam
664 2232 716 2286 in
738 2230 1016 2302 Egyptios
1034 2230 1387 2285 transtulerit:
1414 2230 1616 2299 ipsique
1636 2229 1773 2283 mala

195 2321 641 2389 prmnuntiantur,
689 2336 752 2376 ac
793 2330 971 2390 postea
1003 2336 1088 2375 res
1116 2320 1382 2376 secundas.
1415 2318 1615 2374 Eodem
1656 2319 1774 2373 loco

196 2411 475 2479 prophetia
498 2411 719 2467 habetur
739 2411 806 2467 de
825 2410 1020 2467 Christi
1044 2412 1301 2475 Ecclesia,
1329 2411 1397 2465 de
1421 2410 1773 2466 conversione

194 2502 428 2569 gentium
453 2502 519 2556 ad
544 2500 832 2567 Christum,
860 2512 914 2556 et
933 2502 999 2556 de
1024 2502 1268 2556 vastitate
1294 2501 1765 2570 Jerosoiymorum.

198 2591 271 2645 De
300 2590 560 2646 Ecclesia:
584 2591 821 2655 historia,
846 2606 963 2660 qua:
991 2592 1160 2659 primo
1179 2600 1464 2658 conspectu
1488 2589 1768 2643 ldumzeam

193 2690 245 2734 et
271 2680 569 2737 Jerusalem
601 2682 835 2750 respicit,
881 2681 973 2735 sed
1019 2696 1112 2749 per
1152 2695 1423 2749 anagogen
1468 2680 1585 2735 sive
1609 2678 1769 2735 redu-

195 2772 446 2835 ctioncm,
500 2772 878 2827 desolationem
918 2770 1221 2826 Judmorum
1271 2782 1323 2825 et
1366 2770 1767 2839 prOSperitatem

196 2862 447 2918 Ecclesia:
472 2862 687 2918 Christi.
726 2862 953 2917 Historia
983 2862 1049 2915 de
1077 2860 1440 2915 Senacherim.
1484 2858 1767 2927 Propltetia

194 2953 257 3006 de
276 2953 483 3009 Joanne
514 2954 865 3015 Praecursore,
895 2961 949 3008 et
976 2952 1043 3007 de
1069 2952 1132 3007 iis
1157 2952 1244 3021 qui
1273 2953 1324 3005 in
1350 2951 1615 3006 Christum
1644 2965 1765 3005 cre-

194 3045 349 3100 dituri
382 3056 555 3101 erant.
593 3046 684 3100 Dei
713 3046 963 3115 potentia:
988 3044 1389 3108 demonstratio,
1420 3053 1467 3097 et
1500 3043 1767 3097 accusatio

199 3135 421 3199 lsraelis,
469 3144 525 3189 ut
565 3135 700 3190 idola
732 3136 976 3199 colentis,
1008 3134 1443 3189 commemoratio
1474 3134 1763 3188 beneﬁcio-

194 3239 302 3276 rum
324 3225 520 3293 populo
535 3225 868 3279 collatorum.
892 3226 965 3280 De
985 3226 1342 3280 ecclesiastica
1367 3225 1761 3291 constitutione,

193 3312 355 3381 deque
374 3315 636 3369 idolorum
671 3315 991 3370 infirmitate.
1020 3317 1095 3371 Dc
1119 3315 1330 3370 Christo
1360 3315 1651 3384 prephetia,
1671 3315 1764 3370 de-

192 3417 289 3469 que
317 3403 379 3457 iis
406 3403 497 3474 qui
528 3405 578 3457 ln
610 3405 779 3473 ipsum
807 3405 1055 3460 credituri
1083 3416 1250 3460 erant.
1271 3406 1449 3460 lsraeli
1480 3407 1764 3475 exprobrat

194 3504 526 3561 peccatorum
556 3510 737 3549 causa.
766 3496 855 3550 Ait
888 3496 956 3551 ob
983 3511 1163 3551 eorum
1191 3497 1641 3566 inobsequentiam
1669 3512 1762 3552 ca-

196 3579 450 3639 lamitates
470 3584 599 3654 ipsis
618 3586 789 3639 illatas
815 3586 993 3641 fuisse.
1021 3587 1094 3641 De
1109 3587 1210 3640 fide
1232 3588 1283 3640 in
1300 3586 1589 3641 Christum.
1609 3586 1761 3654 Quod

194 3672 437 3740 populum
468 3688 572 3727 non
604 3675 902 3730 sacrificare
942 3676 1261 3745 permiserit,
1304 3685 1359 3730 et
1393 3676 1531 3745 quod
1560 3676 1760 3731 cultum

197 3759 332 3815 illum
365 3778 459 3831 per
486 3763 744 3818 sacrificia
775 3779 878 3818 non
910 3765 1101 3833 exigat.
1130 3765 1259 3819 Item
1292 3766 1566 3834 prephctia
1607 3766 1673 3821 de
1696 3766 1761 3820 iis

193 3850 277 3918 qui
304 3853 353 3906 in
384 3852 656 3907 Christum
686 3853 934 3907 credituri
965 3866 1133 3907 erant.
1176 3855 1566 3908 Demonstratio
1594 3854 1761 3909 imbe-

194 3944 416 4000 cillitatis
441 3946 727 4009 idolorum,
753 3954 807 4001 et
826 3946 917 4002 Dei
936 3949 1182 4016 potentiae
1202 3949 1458 4016 probatio.
1490 3949 1759 4005 Pernicies

195 4034 490 4106 Babylonis.
523 4046 576 4092 et
600 4038 666 4092 de
690 4036 879 4092 duritia
904 4038 1077 4093 cordis
1100 4039 1400 4093 Judieorum
1424 4040 1757 4095 demonstra-

196 4123 280 4186 tio,
310 4140 370 4181 ac
392 4126 461 4183 de
494 4127 644 4184 bonis
671 4126 829 4182 rebus
867 4127 1159 4196 prophetia.
1195 4129 1267 4182 De
1295 4129 1502 4183 Christo
1533 4129 1759 4198 prophe-

198 4214 257 4265 tia
284 4224 337 4269 et
357 4216 653 4272 consolatio
669 4215 1029 4287 Jcrosolymzn.
1062 4219 1135 4273 De
1160 4219 1412 4286 apostolis
1434 4229 1488 4273 et
1515 4219 1582 4273 de
1602 4218 1759 4274 Citri-

196 4311 271 4355 sto
293 4306 590 4375 prophetia.
623 4307 698 4362 De
727 4305 917 4362 Christi
946 4310 1234 4363 sccundmn
1274 4325 1489 4363 carnem
1521 4319 1661 4373 ortu,
1689 4309 1756 4366 de

195 4395 447 4461 passione,
474 4398 878 4461 resurrectione,
910 4399 1047 4452 etde
1073 4400 1409 4454 multitudine
1429 4400 1754 4456 credentium

198 4480 245 4533 in
273 4483 455 4551 ipsum.
498 4486 574 4540 De
600 4484 814 4541 Christo
852 4488 1010 4542 simul
1050 4498 1104 4544 et
1133 4490 1199 4545 de
1244 4492 1438 4546 lsracle
1466 4493 1753 4546 secundum

196 4568 483 4642 historiam,
512 4577 797 4631 secundum
820 4594 1085 4649 anagogen
1107 4597 1232 4636 vero
1247 4583 1312 4636 de
1340 4582 1677 4637 credentibus
1704 4583 1754 4637 in

197 4660 468 4722 Christum.
507 4668 787 4722 Accusatio
809 4667 1113 4723 Judaent'um
1144 4673 1453 4727 idololatriae
1478 4674 1753 4741 causa,je-

194 4750 417 4826 juniique
443 4772 635 4814 eorum
664 4758 982 4827 reprobatio.
1023 4761 1264 4830 aliusque
1306 4762 1490 4829 jejunii
1521 4763 1753 4817 melioris

197 4845 496 4905 declaratio.
542 4850 741 4905 Deinde
769 4854 1034 4905 accusatio
1073 4852 1376 4907 dolosorum
1416 4869 1657 4923 operum,
1701 4864 1754 4909 et

197 4937 530 4994 consiliorum
557 4940 884 5006 earumdem,
907 4956 969 4995 ac
1001 4942 1270 5010 prophetia
1313 4942 1380 4997 de
1414 4944 1755 4999 credentibus

198 5021 244 5076 in
267 5025 556 5085 Christum.
588 5029 864 5098 PrOphetia
888 5031 954 5085 de
980 5032 1208 5095 Christo,
1234 5041 1286 5087 et
1309 5033 1375 5086 de
1396 5034 1754 5091 curationibus

198 5117 478 5176 animarum
515 5128 567 5176 et
592 5134 869 5189 corporum
908 5123 975 5177 ab
1011 5124 1125 5192 ipso
1155 5126 1398 5191 peractis,
1427 5125 1597 5196 deque
1625 5142 1754 5197 apo-

199 5208 331 5263 stolis
347 5221 491 5269 etde
511 5211 725 5281 reliquis
746 5212 797 5266 in
821 5215 988 5281 ipsum
1009 5215 1363 5270 credentibus.
1387 5216 1462 5270 De
1484 5218 1750 5287 passione.

203 5290 261 5348 Et
279 5302 537 5359 confessio
561 5302 851 5373 prophetae,
882 5305 1027 5371 quasi
1058 5319 1117 5361 ex
1147 5320 1369 5372 persona
1392 5306 1600 5375 populi:
1625 5322 1752 5362 con-

203 5381 368 5445 futatio
394 5408 421 5447 a
449 5392 681 5448 Domino
708 5391 939 5461 ipsorum
988 5392 1392 5459 incredulitatis,
1433 5400 1753 5465 assumptio-

205 5487 294 5542 Que
320 5483 640 5539 credentium
672 5482 722 5535 in
751 5481 917 5544 illum,
948 5491 999 5535 et
1024 5484 1289 5537 accusatio
1318 5485 1629 5540 idololatria:
1654 5486 1750 5540 Ju-

207 5562 441 5627 dmorum.
473 5576 546 5629 De
571 5572 911 5629 credentibus
937 5588 1000 5627 ex
1030 5573 1225 5627 Judznis
1251 5577 1300 5628 in
1344 5576 1620 5629 Dominum
1652 5590 1750 5629 no-

210 5662 354 5713 atrum
391 5662 567 5719 Jestnn
596 5664 885 5718 Christum.
934 5664 1215 5718 Accusatio
1241 5680 1421 5719 eorum
1448 5668 1533 5737 qui
1564 5666 1752 5721 futura:

211 5759 313 5805 tota:
340 5769 437 5811 non
468 5756 832 5813 crediderunt.

1307 394 1628 451 SYNOPSIS
1665 390 2070 449 SCRIPTUM
2104 394 2371 454 SACRIE.

3370 432 3481 485 378

2050 546 2280 587 δΥΝΟΡΒΙΒ
2318 552 2515 602 εοηυδι,
2557 554 2675 602 ουιΕ
2710 558 2758 594 ΙΝ
2789 559 3007 599 ,ΙΕΙῙΕΣΙΙΛ
3039 562 3303 607 ΡΗΟΙἮΕΤΔ

2540 624 2816 665 DlCUNTUR.

1964 754 2245 811 Praedictio
2288 759 2548 814 malorum
2596 779 2713 832 qua:
2756 780 2848 833 per
2894 767 3463 825 Nabuchodonosorem

1894 841 2070 898 Israeli
2103 856 2352 901 eventum
2384 859 2525 905 sunt.
2553 851 2870 923 Redargulio
2895 856 3208 914 idololatria:
3232 861 3460 927 lsraelis,

1892 940 1946 987 et
1972 940 2405 992 commemoratio
2434 940 2808 997 beneficiorum
2843 946 2934 1000 Dei
2964 964 3086 1017 erga
3116 949 3253 1013 illos,
3281 963 3330 1005 et
3353 970 3465 1005 ma-

1893 1021 2080 1089 lorum,
2109 1041 2225 1094 qua:
2245 1028 2385 1096 passi
2403 1040 2524 1083 sunt
2543 1032 2682 1099 quod
2704 1032 2963 1103 ngyptiis
2982 1036 3136 1092 fidem
3161 1040 3457 1098 habuerint.

1890 1112 2152 1168 Jdolorum
2197 1116 2515 1173 infirmitatis
2560 1121 2958 1192 demonStratio,
3013 1137 3066 1181 et
3120 1130 3464 1197 reprehensio

1891 1203 2239 1261 lsraelitarum
2270 1209 2338 1263 ob
2364 1209 2619 1266 humanas
2651 1216 2909 1270 victimas.
2939 1218 3145 1275 lsraelis
3170 1225 3458 1290 accusatio,

1888 1306 1940 1349 ct
1963 1312 2025 1350 ex
2054 1300 2448 1365 comparatione
2479 1318 2597 1357 cum
2633 1306 2726 1360 illo
2752 1307 2901 1361 Juda:
2930 1311 3188 1366 scelerum
3231 1330 3460 1385 exsupe-

1886 1387 2054 1439 rantia
2111 1390 2483 1461 prmdictioqne
2534 1394 2792 1450 bonorum
2843 1400 3041 1465 Israeli,
3087 1404 3131 1457 si
3174 1420 3460 1464 conversus

1886 1475 2043 1531 fuerit
2071 1478 2133 1532 ad
2166 1482 2329 1536 Deum
2365 1500 2377 1537 :
2424 1486 2549 1539 item
2592 1488 2858 1543 confessio
2888 1494 3176 1562 prophelm,
3208 1501 3357 1568 quasi
3386 1516 3453 1555 ex

1886 1579 2108 1655 persona
2140 1570 2338 1638 populi.
2369 1573 2633 1629 Ascensus
2667 1578 3093 1649 Babyloniorum,
3115 1596 3165 1639 et
3186 1588 3455 1655 propheta:

1883 1653 2189 1711 lamentatio
2217 1658 2282 1712 de
2322 1659 2494 1714 futura
2524 1667 2835 1730 vastatione,
2886 1670 3154 1740 ipsiusque
3187 1653 3455 1733 vastitatis

1882 1743 2185 1815 descriptio.
2223 1751 2503 1805 Accusatio
2550 1756 2749 1824 p0puli,
2782 1759 2919 1825 quod
2969 1761 3168 1815 nullum
3215 1764 3455 1821 habuerit

1881 1834 1950 1888 ita
1977 1835 2197 1904 justum,
2230 1848 2284 1893 ut
2314 1842 2443 1894 iram
2477 1843 2570 1898 Dei
2601 1846 2851 1913 placaret,
2887 1858 2940 1903 et
2967 1852 3210 1921 nequitia:
3241 1856 3449 1910 illorum

1880 1924 2279 1982 demonstratio.
2314 1930 2462 1996 Quod
2488 1933 2779 1990 Jerusalem
2809 1954 2910 1991 non
2942 1941 3131 1995 debeat
3157 1958 3250 2011 per
3276 1945 3449 2000 Nalm-

1879 2015 2298 2075 chodonosorcm
2330 2036 2358 2073 a
2386 2020 2742 2079 fundamentis
2764 2029 3016 2082 subverti.
3052 2033 3318 2089 Ascensus
3348 2038 3449 2089 Ba-

1880 2105 2297 2176 byloniorum,et
2326 2116 2593 2168 accusatio
2618 2116 3033 2187 inobsequentia:
3060 2122 3289 2193 lsraelis,
3309 2130 3447 2197 qoml

1878 2212 1982 2251 non
2006 2200 2351 2256 sustinuerint
2371 2203 2553 2259 audire
2576 2206 2905 2273 pr0phctam.
2928 2211 3203 2264 Accusatin
3226 2217 3451 2281 pseudo.

1877 2288 2253 2358 prophetarum
2278 2293 2361 2361 qui
2394 2294 2643 2362 pepulum
2660 2295 3026 2365 decipiebant:
3053 2299 3279 2356 Jercmia
3302 2320 3449 2358 nam-

1875 2394 1980 2448 que
2006 2380 2235 2445 dicente,
2285 2383 2480 2436 bellum
2511 2384 2645 2451 fore,
2694 2386 2794 2454 ipsi
2825 2387 3070 2443 dicebant
3098 2391 3210 2446 fore
3240 2409 3446 2459 pacem.

1874 2468 2197 2539 Reprobatio
2225 2474 2623 2538 sacrificiorum,
2652 2484 2705 2529 et
2728 2490 2977 2531 ascensus
3009 2479 3302 2550 Babylonii,
3330 2487 3443 2538 ani-

1875 2561 2053 2631 mique
2078 2562 2295 2618 rebellis
2322 2564 2625 2619 Judarorum
2646 2566 2955 2622 confutatio.
2986 2569 3232 2627 Hortatur
3254 2574 3443 2631 Judaut

1874 2660 1932 2704 ut
1959 2652 2023 2706 ad
2051 2654 2321 2709 meliorem
2367 2671 2425 2709 se
2457 2655 2656 2726 frugem
2688 2670 2930 2725 revocet;
2982 2661 3031 2715 id
3077 2663 3179 2717 nisi
3228 2666 3442 2733 faciant,

1874 2744 2017 2813 paria
2050 2758 2298 2813 passuros
2330 2746 2446 2801 illos
2474 2749 2824 2804 comminatur
2848 2751 2910 2805 iis
2930 2768 3046 2821 qua:
3073 2753 3229 2810 lsracl
3260 2772 3445 2825 passus

1871 2843 1985 2889 est:
2013 2835 2328 2907 cohibetque
2358 2838 2493 2893 Deus
2522 2838 2805 2894 Jeremiam
2838 2857 2904 2896 ne
2933 2855 3178 2911 precetur
3204 2862 3297 2915 pro
3320 2849 3441 2903 illis.

1872 2924 2193 2993 Ileprobatio
2222 2928 2621 2993 sacrificiorum,
2663 2940 2715 2984 et
2749 2935 3016 2986 accusatio
3045 2935 3444 2991 inconsideran-

1872 3015 1957 3067 tia:
1986 3030 2191 3079 eorum,
2219 3026 2272 3070 et
2297 3016 2643 3072 humanarum
2671 3020 3022 3089 victimarum,
3062 3041 3195 3092 quas
3236 3027 3438 3083 dmino-

1870 3106 2025 3159 nibus
2046 3106 2354 3161 offerebant.
2385 3108 2663 3163 Prmdictio
2687 3111 2795 3165 fore
2815 3121 2868 3165 ut
2894 3115 3039 3168 locus
3061 3116 3182 3170 idoli
3209 3120 3438 3187 ipsorum

1868 3196 2169 3263 sepulcrum
2202 3198 2308 3261 fiat,
2332 3206 2385 3251 et
2413 3208 2468 3251 ut
2506 3200 2663 3267 aliqui
2691 3202 2988 3257 occisorum
3021 3207 3302 3275 sepultum:
3335 3226 3436 3263 non

1869 3287 2160 3341 tradantur.
2194 3287 2387 3341 lterum
2420 3289 2485 3343 de
2511 3306 2733 3345 ascensu
2773 3292 3022 3358 hostium,
3055 3305 3107 3349 ct
3134 3298 3439 3352 lamentatio

1867 3376 2107 3432 Jeremia:
2129 3378 2195 3432 de
2222 3380 2465 3447 nequitiis
2485 3396 2689 3435 eorum.
2718 3384 2997 3437 Accusatio
3025 3386 3347 3450 Judmorum,
3381 3402 3437 3443 ιιι

1866 3469 2024 3523 corde
2062 3468 2572 3535 incircumcisorum,
2605 3480 2659 3525 et
2701 3472 2995 3529 admonitio
3025 3492 3091 3530 nc
3123 3478 3433 3533 idololatria:

1866 3561 1993 3615 dent
2035 3576 2274 3629 operam,
2305 3581 2366 3617 ac
2392 3566 2539 3633 quasi
2569 3582 2633 3620 cx
2662 3582 2889 3634 persona
2922 3570 3097 3637 populi
3131 3570 3433 3625 lamentatio

1865 3651 1931 3703 de
1958 3652 2145 3707 futuris
2176 3655 2348 3715 malis,
2380 3665 2432 3709 et
2458 3658 2721 3710 accusatio
2743 3673 2772 3709 a
2797 3658 2907 3712 Deo
2927 3660 3084 3713 facta.
3115 3660 3353 3715 liortatio
3370 3664 3431 3717 ad

1866 3743 2110 3797 lsraelem
2142 3757 2195 3798 ut
2220 3748 2326 3800 Dco
2352 3748 2619 3810 ohediant,
2636 3758 2689 3803 et
2710 3752 2974 3805 accusatio
3000 3762 3203 3820 patrum
3226 3769 3430 3819 corum,

1867 3840 2048 3898 etquae
2061 3833 2637 3905 malaipsisobvcntura
2652 3838 2777 3895 sint.
2799 3841 3087 3896 Cohibetor
3112 3860 3317 3897 rursum
3340 3845 3429 3899 Je-

1864 3927 2077 3987 remias,
2112 3942 2177 3982 ne
2206 3938 2448 3997 precetur
2489 3945 2583 3999 pro
2623 3931 2743 3985 illis.
2787 3932 3124 3987 Lamentatur
3153 3936 3429 4003 propheta,

1864 4014 2003 4082 quod
2034 4015 2235 4070 insidiis
2264 4028 2537 4086 appetatur
2565 4036 2591 4072 a
2623 4020 2819 4073 Jadmis
2845 4023 2893 4074 in
2919 4024 3208 4089 Anathoth,
3241 4027 3431 4093 pracdi-

1863 4107 1935 4161 cit
1977 4106 2095 4162 ideo
2126 4107 2355 4163 futurum
2387 4111 2513 4179 ipsis
2544 4128 2660 4166 esse
2691 4113 2980 4166 interitum.
3010 4115 3277 4169 Perimtna
3312 4118 3431 4171 abs-

1861 4197 2091 4253 Condcre
2117 4198 2335 4267 jubctur
2363 4200 2621 4255 Jeremias
2646 4244 2661 4268 ,
2690 4218 2751 4257 ac
2792 4204 3033 4273 praedicit
3060 4222 3203 4274 ipSDS
3228 4208 3428 4261 satian-

1861 4287 1959 4343 dos
2002 4289 2258 4359 malisque
2296 4291 2637 4346 inebriandos
2666 4307 2805 4346 esse.
2838 4294 2912 4346 De
2943 4295 3128 4360 plurim
3179 4295 3383 4349 defectu
3415 4314 3426 4345 :

1862 4377 2239 4448 cohibeturquc
2271 4379 2523 4448 propheta
2554 4398 2618 4434 nc
2650 4391 2895 4448 precetur
2920 4398 3011 4449 pro
3037 4384 3195 4452 ipsis:
3222 4393 3430 4435 recusat

1863 4469 2001 4523 Deus
2024 4468 2233 4522 illorum
2267 4469 2590 4535 holocausta,
2617 4481 2669 4523 et
2692 4472 2909 4538 jejunia,
2934 4473 3267 4541 minaturque
3294 4473 3427 4526 mala

1864 4558 2359 4629 pseudopmpltetis,
2388 4559 2508 4627 quia
2550 4559 2794 4612 dicebant
2838 4575 2939 4613 non
2984 4561 3301 4617 obvcntnras
3332 4578 3425 4630 po-

1861 4653 1987 4721 pqu
2014 4649 2357 4704 calamitates.
2391 4651 2659 4717 Supplicat
2691 4652 2829 4705 Deo:
2865 4651 2953 4706 ille
2981 4667 3104 4705 vero
3132 4652 3204 4705 ait
3232 4667 3289 4706 se
3316 4668 3423 4707 non

1861 4743 2227 4798 exauditurum
2260 4741 2609 4797 esse,etiamsi
2655 4742 2858 4812 Moyses
2881 4754 2934 4795 et
2960 4742 3170 4797 Samuel
3203 4743 3429 4798 interce-

1860 4834 2047 4887 derent
2076 4845 2169 4898 pro
2199 4830 2359 4898 ipsis:
2389 4831 2479 4885 sed
2509 4831 2751 4885 daturum
2781 4848 2839 4887 sc
2866 4834 2983 4887 illos
3015 4835 3063 4886 in
3107 4834 3333 4904 gladium
3374 4843 3429 4888 ct

1862 4932 2106 4984 mortem,
2133 4920 2343 4985 famem,
2371 4922 2747 4989 captivitatem.
2767 4935 2816 4976 et
2837 4925 3092 4977 malorum
3112 4925 3424 4992 discerptio-

1862 5028 2002 5067 nem.
2037 5010 2287 5064 Precatur
2316 5010 2573 5064 Jeremias
2615 5021 2669 5063 ut
2700 5013 2826 5065 ultio
2854 5024 3093 5065 sumatur
3137 5012 3203 5066 de
3231 5028 3426 5081 expro-

1861 5102 2135 5158 brantibus
2163 5101 2292 5161 sibi;
2326 5101 2463 5156 Deus
2500 5112 2676 5155 autem
2726 5102 2800 5154 ait
2842 5100 3032 5155 illi:Si
3059 5102 3287 5155 eduxeris
3314 5118 3426 5171 prc-

1861 5194 2038 5246 tiosum
2058 5207 2089 5243 α
2115 5192 2220 5258 vili,
2244 5192 2391 5262 quasi
2419 5208 2473 5245 os
2504 5208 2662 5243 mcum
2683 5193 2778 5244 eris
2802 5189 2931 5260 (Jer.
2959 5191 3044 5245 i5.
3076 5192 3183 5261 i9).
3206 5191 3427 5246 Jubctur

1864 5282 2115 5338 Jeremias
2136 5296 2350 5336 uxorem
2375 5298 2477 5335 non
2500 5282 2716 5345 ducere,
2746 5296 2915 5349 neque
2936 5281 3231 5345 lamentari,
3255 5296 3427 5349 neque

1861 5388 2042 5428 eorum
2069 5389 2184 5441 quze
2205 5374 2344 5428 circa
2371 5382 2607 5426 mortuos
2635 5372 2828 5425 ﬁebant
2849 5374 3153 5441 participem
3172 5386 3289 5425 esse
3304 5386 3424 5424 cum

1862 5463 2129 5517 Israelitis.
2161 5464 2237 5517 De
2278 5460 2551 5530 apostolis,
2594 5460 2660 5514 de
2688 5460 2897 5515 Christo
2929 5461 3200 5531 prophetia
3230 5478 3242 5513 :
3267 5459 3425 5513 verba

1861 5567 2065 5616 corum,
2097 5552 2184 5620 qui
2217 5552 2266 5603 iu
2297 5552 2467 5619 ipsum
2499 5550 2746 5603 credituri
2792 5567 2896 5604 non
2941 5560 3123 5613 erant,
3168 5548 3425 5617 pr0pheta

1862 5642 2196 5711 prmuuntiat,
2225 5649 2274 5695 cl
2301 5649 2480 5694 contra
2509 5641 2625 5693 illos
2652 5650 2914 5708 precatur.
2946 5640 3293 5707 Praccipitque
3330 5638 3426 5693 Ju-

1862 5732 2010 5799 dmis,
2035 5741 2086 5785 ut
2116 5732 2389 5786 sabbatum
2418 5740 2648 5788 servent.
2690 5730 2742 5782 in
2772 5731 2982 5783 donnun
3017 5730 3154 5798 figuli
3206 5729 3425 5784 mittitur
