4096 6492
673 380 785 434 379

651 476 923 546 propheta.
949 473 1149 540 Finem,
1193 474 1361 545 inquit
1398 474 1559 536 Deus,
1589 472 1765 540 loquar
1790 472 1852 525 de
1875 487 2047 541 regno,
2076 480 2132 526 ut
2159 475 2223 527 il-

650 568 738 619 lud
765 566 1029 632 aliferanz;
1059 576 1110 619 et
1136 566 1180 619 si
1205 565 1449 619 conversi
1475 562 1668 617 fuerint
1692 603 1707 626 ,
1742 577 1845 615 non
1872 562 2127 617 auferam.
2154 563 2223 616 Et

651 656 800 723 ﬁnem
846 656 1041 720 loquar,
1076 656 1264 723 inquit,
1303 654 1354 705 in
1380 660 1573 722 gentem
1596 660 1684 703 aut
1713 667 1937 720 regnum,
1967 661 2020 703 ut
2040 651 2221 705 readi-

651 746 847 811 ﬁcetur.
881 742 946 795 Et
976 743 1017 795 si
1047 744 1242 797 malum
1284 739 1525 804 fecerint,
1561 753 1664 791 non
1709 737 1896 791 faciam
1941 753 2039 806 ego
2085 738 2221 791 bona

645 850 765 903 qua:
811 834 1060 901 loquutus
1100 847 1214 885 sum
1245 841 1303 885 ut
1332 831 1557 884 facerem
1585 830 1687 883 illis
1731 827 1880 898 (Cap.
1908 829 1993 883 18.
2023 830 2053 882 7
2074 828 2214 896 -lO).

648 926 759 979 lloc
782 936 957 979 autem
974 932 1127 993 caput
1147 935 1329 977 contra
1357 923 1569 977 Judasos
1585 921 1712 974 utile
1730 921 1850 983 erit,
1879 935 1997 974 cum
2022 919 2218 984 dicent,

648 1016 933 1069 Dominum
964 1016 1091 1082 ipsis
1120 1015 1256 1067 bona
1287 1012 1623 1081 promisisse;
1653 1026 1771 1065 cum
1802 1010 1943 1064 enim
1973 1024 2077 1063 non
2101 1024 2219 1063 cre-

647 1106 879 1159 diderint
900 1100 1133 1158 Domino
1161 1113 1343 1158 nostro
1371 1103 1494 1157 Jesu
1523 1102 1752 1167 Christo,
1781 1101 1876 1169 ipsi
1904 1100 2002 1155 sibi
2025 1100 2150 1169 ipsis
2169 1100 2220 1154 in

649 1210 808 1248 causa
839 1194 984 1250 fuere
1010 1196 1350 1263 prmsentium
1379 1193 1657 1247 malorum.
1692 1192 1914 1245 Insidias
1944 1191 2043 1245 sibi
2074 1206 2102 1243 a
2130 1191 2222 1245 Ju-

648 1289 782 1343 dzeis
813 1290 1071 1358 parandas
1099 1288 1353 1357 pr0pheta
1386 1286 1640 1355 prcedicit,
1668 1294 1717 1337 et
1746 1296 1930 1338 contra
1955 1283 2072 1338 illos
2100 1298 2222 1352 pre-

650 1388 820 1442 catur,
847 1379 1093 1449 quoniam
1121 1379 1255 1432 mala
1286 1392 1379 1447 pro
1407 1378 1559 1431 bonis
1589 1376 1969 1430 retribuerunt.
1999 1373 2221 1428 Jubetur

651 1470 931 1535 Jeremias,
977 1476 1193 1537 accepta
1222 1468 1495 1536 laguncula
1527 1466 1724 1536 figlina,
1767 1465 1904 1518 mala
1937 1464 2113 1533 populi
2143 1473 2221 1519 te-

649 1558 927 1624 stiﬁcatus,
960 1558 1290 1627 lagunculam
1339 1566 1615 1611 conterere
1640 1564 1762 1609 ante
1792 1554 1975 1609 oculos
2009 1569 2216 1619 eorum,

648 1658 703 1704 et
732 1650 942 1705 dicere:
966 1650 1052 1704 Sic
1079 1658 1386 1703 conteretur
1427 1648 1745 1703 Jerusalem.
1786 1648 1850 1701 Et
1890 1647 2159 1715 conjectus
2188 1661 2218 1700 a

648 1740 915 1796 Pasehore
944 1741 997 1794 in
1025 1756 1267 1804 nervum,
1300 1740 1578 1808 prolihetat
1617 1738 1865 1792 Paschori
1916 1738 2053 1791 mala
2100 1752 2218 1806 quae

649 1833 819 1899 ipsum
839 1842 1120 1899 exceptura
1138 1840 1307 1883 erant.
1331 1829 1527 1883 Deinde
1544 1844 1681 1896 :egre
1702 1827 1799 1882 fert
1826 1842 1917 1881 eos
1943 1829 2028 1896 qni
2048 1827 2216 1894 ipsum

648 1921 950 1986 traducunt,
1006 1930 1352 1989 precaturque
1382 1919 1633 1972 adversus
1677 1918 1813 1980 illos,
1850 1918 2217 1987 maledicitqne

644 2013 747 2066 diei
777 2028 906 2067 sum.
939 2012 1093 2066 Mittit
1118 2010 1365 2067 Sedecias
1386 2028 1504 2073 rex,
1526 2022 1577 2064 ut
1603 2010 1771 2064 discat
1798 2025 1825 2061 a
1848 2010 2073 2063 Jeremia
2093 2025 2215 2063 num

642 2105 989 2159 abscessurus
1004 2119 1031 2157 a
1055 2119 1113 2157 se
1129 2108 1195 2156 sit
1218 2102 1720 2155 Nabuchodonosor.
1740 2101 1829 2154 llle
1851 2115 1975 2154 vero
1998 2116 2217 2168 respon-

644 2195 755 2256 det,
784 2193 948 2248 Demn
980 2194 1294 2247 bellaturum
1322 2208 1439 2246 esse
1468 2200 1649 2245 contra
1688 2190 1899 2245 Judmos
1939 2201 1990 2244 et
2032 2202 2215 2245 contra

644 2299 821 2352 regem
871 2283 1168 2337 Sedeciam.
1212 2283 1267 2336 Si
1317 2291 1491 2335 autem
1543 2281 1767 2335 voluerit
1796 2281 2019 2350 populus
2046 2280 2216 2335 libens

642 2376 869 2430 transire
906 2376 970 2429 ad
1000 2375 1589 2436 Nabuchodonosorem,
1628 2374 1798 2441 ipsum
1828 2374 2052 2427 salutem
2080 2388 2213 2426 con-

644 2476 1010 2535 sequuturum,
1042 2482 1328 2535 regemque
1359 2482 1460 2519 non
1497 2468 1781 2534 periturum
1812 2480 1950 2532 esse,
1981 2466 2022 2519 si
2056 2481 2084 2519 a
2115 2482 2209 2519 sua

641 2556 921 2611 discedens
950 2558 1203 2626 nequitia,
1242 2558 1328 2611 Dei
1359 2556 1635 2625 pra'ccptis
1656 2556 1931 2611 attendere
1960 2557 2205 2611 voluerit.

639 2648 835 2702 Contra
864 2648 1101 2703 Joachim
1134 2658 1185 2702 et
1210 2647 1516 2703 Jechoniam
1544 2657 1596 2701 et
1619 2658 1799 2701 contra
1828 2658 2065 2716 pastores
2090 2662 2212 2715 pro-

639 2739 816 2807 phetia
842 2739 907 2792 ad
938 2738 1236 2804 Dominum,
1267 2753 1328 2792 ac
1364 2737 1944 2807 pseudoprOphetarum
1989 2750 2209 2789 accusn-

640 2834 737 2883 tio.
771 2830 913 2884 Bona
943 2830 1093 2885 Judze
1138 2831 1450 2899 prophetat:
1479 2829 1667 2882 relicto
1708 2838 1884 2880 autem
1935 2827 2127 2896 populo
2158 2828 2207 2880 in

637 2921 929 2974 Jerusalem
961 2936 1079 2975 cum
1108 2920 1326 2974 Sedecia
1359 2934 1453 2987 per
1477 2920 1773 2986 exemplum
1805 2918 1993 2972 ficuum
2018 2933 2208 2971 ascen-

636 3025 755 3065 sum
780 3010 1311 3065 Nabuchodonosoris
1333 3010 1663 3073 vaticinatur,
1696 3009 2039 3077 omniumque
2076 3024 2207 3077 gen-

639 3103 769 3155 tium
803 3102 1087 3170 perniciem
1111 3117 1204 3171 per
1232 3101 1329 3155 hoc
1359 3101 1603 3170 poculum
1635 3102 1913 3169 significat.
1942 3100 2205 3170 Jerosoly-

636 3207 738 3245 tum
770 3192 1032 3246 excidium
1064 3192 1319 3261 prmdicit.
1348 3190 1930 3259 Comprehenditurqne
1952 3192 2206 3246 Jeremias

635 3280 957 3335 occidendus
983 3296 1010 3333 a
1042 3282 1425 3343 sacerdotibus,
1462 3282 1665 3347 hocque
1688 3282 1973 3347 periculum
2007 3283 2199 3336 evadit.

635 3372 857 3425 Jubetur
893 3372 1147 3441 propheta
1175 3387 1232 3427 se
1264 3373 1485 3426 vinculis
1531 3374 1879 3436 circumdare,
1924 3382 1974 3427 et
2022 3374 2206 3444 legatis

632 3462 1047 3531 alienigenarum
1070 3463 1299 3527 edicere,
1325 3472 1381 3516 ut
1397 3464 1707 3515 annuutient
1726 3462 1935 3531 regibus
1960 3463 2069 3517 suis
2090 3465 2206 3517 sub-

632 3550 719 3619 jici
749 3565 841 3605 eos
872 3561 1119 3620 eportcre
1144 3552 1680 3614 Nabuchodonosori;
1711 3554 2006 3622 minarique
2040 3554 2202 3607 Deum

631 3649 857 3694 mortem
880 3640 942 3693 iis
963 3641 1049 3709 qui
1080 3656 1138 3695 se
1165 3641 1260 3709 ipsi
1289 3656 1390 3693 non
1418 3640 1719 3709 subjiciunt.
1746 3641 1996 3695 Eamdem
2013 3643 2204 3696 exhor-

632 3730 884 3783 tationem
914 3729 1131 3784 adhibet
1152 3745 1274 3800 erga
1307 3730 1602 3793 Sedeciam,
1638 3739 1691 3784 et
1720 3732 1998 3799 populum,
2019 3740 2072 3785 et
2117 3746 2202 3786 sa-

630 3821 895 3876 cerd0tes.
947 3822 1178 3875 Ananias
1224 3836 1351 3875 vero
1398 3821 1857 3890 pseudopropheta
1916 3821 2205 3877 obsistebat

630 3909 874 3964 Jeremias
924 3912 1195 3980 prephetae
1241 3910 1444 3972 dicens,
1474 3926 1594 3965 vasa
1626 3925 1774 3965 sacra
1805 3910 2033 3965 reditura
2062 3926 2199 3977 esse,

630 4015 836 4055 necnon
862 4002 1193 4067 Jechoniam,
1226 4004 1313 4073 qui
1345 4012 1457 4057 erat
1482 4002 1615 4057 filius
1636 4002 1874 4057 Joachim
1904 4003 2080 4057 fratris
2108 4005 2203 4059 Se-

626 4091 813 4145 dccize.
858 4093 922 4145 Et
950 4094 1197 4145 contrivit
1238 4103 1451 4146 catenas
1497 4093 1784 4162 prophetae.
1827 4094 2047 4147 Mittitur
2075 4110 2201 4164 ergo

627 4183 886 4238 Jeremias
908 4192 964 4238 ut
987 4192 1210 4239 mortem
1240 4184 1337 4254 ipsi
1365 4186 1635 4254 praedicat,
1663 4186 1713 4237 in
1736 4199 1799 4238 eo
1828 4186 1940 4253 ipso
1964 4200 2101 4240 anno
2119 4187 2200 4240 fu-

629 4283 822 4341 turam,
848 4276 985 4345 quod
1026 4278 1182 4330 etiam
1215 4277 1408 4331 evenit.
1445 4276 1772 4331 Vaticinatur
1804 4278 1939 4331 mala
1969 4278 2199 4346 pseudo-

630 4363 905 4433 prophetis
949 4364 1218 4436 Babylone
1259 4366 1610 4431 versantibus,
1646 4365 1943 4435 populoque
1989 4366 2199 4435 longum

628 4453 946 4522 captivitatis
974 4464 1200 4523 tempus,
1224 4455 1316 4509 sed
1345 4463 1519 4509 tamen
1549 4455 1775 4509 reditum
1803 4470 1921 4509 esse
1945 4454 2196 4509 futurum.

630 4545 705 4598 De
729 4544 809 4597 his
833 4544 1198 4614 indignabatur
1216 4546 1453 4612 Sameas,
1479 4546 1566 4616 qui
1595 4546 2196 4615 increpatsacerdotem,

628 4632 768 4702 quod
799 4648 901 4686 non
926 4634 1222 4702 impedierit
1248 4635 1530 4705 quominus
1558 4635 1813 4690 Jeremias
1841 4636 1962 4689 talia
2004 4636 2195 4689 vatici-

629 4733 863 4778 naretur.
890 4723 1013 4778 ideo
1036 4726 1265 4780 minatur
1294 4727 1434 4781 Deus
1455 4742 1513 4781 se
1539 4726 1685 4781 illum
1708 4742 1826 4781 esse
1851 4727 2196 4796 perditurum.

633 4812 829 4866 Deinde
858 4828 1035 4868 sermo
1060 4816 1445 4871 consolatorius
1468 4817 1667 4873 lsraeli.
1707 4818 1939 4887 Tempus
1964 4818 2199 4872 declarat

626 4919 733 4972 quo
777 4903 1007 4958 futurum
1047 4916 1127 4961 est
1171 4916 1230 4961 ut
1271 4917 1604 4963 revertantur
1640 4925 1702 4963 ex
1737 4908 2022 4979 Babylone.
2067 4908 2197 4962 lllud

629 5009 757 5050 vero
786 5007 899 5049 erat
928 5005 1135 5067 tempus
1158 4998 1379 5062 Phasec,
1410 5014 1501 5053 seu
1529 4998 1743 5068 pascha,
1773 5007 1828 5053 ut
1856 4999 1906 5051 in
1932 4998 2098 5053 Esdra
2117 5014 2201 5053 re-

627 5085 805 5156 perire
832 5094 931 5149 est,
979 5088 1120 5155 ipsos
1151 5103 1339 5156 nempe
1369 5090 1419 5142 in
1452 5089 1583 5142 festo
1611 5090 1926 5157 Azymorum
1956 5102 2197 5143 reversos

626 5190 766 5230 esse.
803 5173 983 5245 Itaque
1010 5177 1282 5231 manifeste
1308 5176 1475 5231 Judaei
1507 5177 1763 5231 mendacii
1793 5176 2191 5231 convincuntur.

627 5266 759 5320 Nam
789 5266 925 5321 bona
952 5267 1038 5321 hic
1074 5267 1141 5321 de
1187 5268 1315 5334 ipsis
1356 5268 1619 5336 descripta
1659 5266 1829 5320 adhuc
1870 5275 2195 5335 exspectant,

629 5371 747 5423 quae
776 5355 880 5424 iam
908 5366 1188 5411 venerunt.
1224 5358 1296 5411 De
1326 5357 1616 5411 infantibus
1657 5357 1724 5410 ab
1752 5355 1960 5409 Herode
1987 5356 2194 5409 occisis.

630 5448 703 5500 De
721 5446 867 5501 Novo
893 5448 1234 5502 Testamento
1260 5448 1553 5516 prephetia.
1585 5447 1862 5517 Etiamque
1878 5445 2195 5514 descriptam

629 5540 729 5593 hoc
761 5539 880 5593 loco
909 5539 1055 5593 urbis
1080 5541 1545 5594 rcmdilicationem
1576 5539 1749 5592 adhuc
1776 5548 2084 5606 exspectant
2103 5537 2196 5591 Ju-

627 5629 748 5683 d;ei.
779 5630 847 5682 At
875 5629 961 5683 illa
989 5629 1147 5684 finem
1191 5630 1416 5700 accepit,
1452 5630 1586 5682 facta
1631 5628 1831 5680 scilicet
1874 5626 2085 5695 quando
2133 5642 2196 5681 ex

632 5720 898 5793 Babylone
942 5722 1227 5779 redierunt.
1277 5723 1495 5778 Jubetur
1523 5718 1779 5776 Jeremias
1818 5737 1989 5773 emere
2021 5736 2197 5789 agrum

1371 363 1427 419 S.
1467 358 1739 419 JOANNIS
1771 353 2239 413 CHRYSOSTOMI
2279 359 2591 415 ARClllEP.
2628 361 3157 423 CONSTANTINOP.

3800 377 3918 432 380

2333 472 2504 541 patrui
2531 474 2631 538 sui,
2664 484 2719 529 et
2761 490 2882 530 cum
2924 479 3179 541 emisset,
3200 478 3311 533 ait:
3337 474 3471 532 Urbs
3500 478 3693 533 tradita
3724 490 3821 542 est.
3853 494 3910 539 et

2326 564 2479 631 jubes
2499 579 2676 620 emere
2698 582 2902 636 agrum.
2924 569 3065 624 Deus
3085 578 3257 621 autem
3274 569 3347 621 ait
3366 569 3462 633 illi,
3488 571 3770 637 praesentia
3787 574 3905 640 qui-

2328 652 2448 706 dem
2472 654 2605 706 mala
2634 665 2851 724 propter
2870 667 3081 726 peccata
3109 659 3287 725 populi
3317 660 3562 713 evenire:
3592 668 3904 728 tempusque

2329 742 2459 806 fore,
2491 757 2610 796 cum
2639 760 2847 799 rursum
2881 747 3005 801 urbs
3033 747 3432 801 lnhabitabitur.
3466 748 3709 804 Pratdicit
3735 750 3899 805 Sede-

2328 830 2445 894 eius,
2492 833 2663 899 ipsum
2693 844 2903 902 captum
2936 837 3019 902 iri,
3065 847 3120 892 et
3151 838 3355 892 incusat
3396 853 3492 893 eos
3536 841 3674 910 quod
3714 856 3903 897 servos

2328 934 2461 986 quos
2488 920 2730 975 libertate
2757 923 3105 991 donaverant,
3138 941 3323 980 rursus
3362 929 3570 983 servire
3606 942 3861 1000 cogerent
3891 951 3905 983 :

2327 1009 2661 1079 minaturque
2688 1027 2933 1081 magnam
2964 1014 3075 1069 fore
3101 1016 3477 1070 calamitatem.
3510 1018 3633 1073 Ideo
3659 1022 3910 1090 praecipit

2328 1097 2451 1152 filiis
2478 1098 2734 1164 Jonadab,
2764 1112 2819 1155 ut
2839 1103 3053 1156 domum
3085 1114 3411 1159 construant.
3443 1107 3518 1161 llli
3544 1118 3718 1162 autem
3741 1123 3907 1163 recu-

2326 1197 2465 1241 sant.
2494 1188 2718 1245 Jubetur
2745 1192 3006 1248 Jeremias
3033 1210 3094 1249 ea
3125 1196 3358 1251 scribere
3384 1199 3581 1263 omnia,
3621 1216 3743 1269 qua:
3767 1202 3906 1254 vati-

2326 1280 2533 1334 cinatus
2553 1292 2665 1335 erat
2694 1297 2854 1352 super
2882 1286 3065 1349 Israel,
3099 1297 3155 1339 ut
3183 1289 3263 1341 vel
3294 1290 3371 1343 sic
3398 1289 3758 1356 formidarent,
3781 1310 3905 1347 rur-

2326 1386 2443 1425 sum
2472 1372 2747 1429 audientes
2768 1392 2849 1439 ea,
2873 1393 2991 1446 qua:
3020 1378 3161 1446 ipsos
3183 1379 3425 1434 invasura
3446 1393 3596 1435 erant
3616 1384 3751 1436 mala
3775 1386 3905 1439 :illc

2324 1474 2456 1515 vero
2481 1463 2721 1531 praecipit
2750 1465 3016 1533 liarucho,
3059 1478 3115 1521 ut
3151 1468 3251 1523 hoc
3281 1469 3457 1538 faciat,
3508 1472 3699 1541 illeque
3749 1473 3901 1528 fecit.

2325 1547 2393 1602 Et
2422 1564 2540 1603 cum
2571 1553 2890 1621 scripsisset,
2920 1554 3115 1609 Judzeis
3146 1557 3287 1625 legit.
3322 1558 3387 1613 Ut
3416 1559 3467 1613 id
3496 1560 3712 1617 audiere
3749 1566 3901 1633 prin-

2323 1640 2488 1709 cipes,
2519 1646 2967 1700 annuntiaverunt
2996 1649 3103 1717 regi
3132 1648 3392 1703 Joachim.
3421 1651 3513 1706 ille
3534 1663 3709 1709 autem
3741 1670 3901 1711 acce-

2324 1741 2471 1801 ptum
2504 1733 2695 1788 librum
2728 1737 3039 1791 combussit.
3073 1739 3399 1809 Jubeturque
3442 1742 3704 1799 Jeremias
3734 1746 3899 1799 alium

2324 1822 2559 1877 scribere
2590 1824 2780 1879 librum
2820 1827 3071 1882 similem.
3106 1829 3339 1899 Regiqne
3366 1835 3646 1901 prophetat
3675 1836 3900 1889 calami-

2324 1920 2458 1966 tates
2484 1912 2551 1966 ob
2575 1915 2676 1968 tale
2694 1914 2915 1970 facinus.
2941 1916 3266 1971 Vaticinatur
3283 1921 3545 1973 excidium
3572 1922 3897 1976 Jerusalem:

2322 2014 2374 2057 et
2390 2006 2876 2075 comprehenditur,
2899 2010 3234 2080 injiciturque
3257 2012 3306 2065 in
3329 2027 3595 2067 carcerem
3614 2015 3901 2080 Jeremias,

2324 2096 2548 2166 indeque
2565 2109 2814 2154 evocatus
2836 2116 2864 2153 a
2892 2100 3132 2167 Sedecia,
3153 2102 3281 2157 dicit
3297 2104 3367 2169 ei,
3385 2105 3700 2173 capiendum
3721 2107 3899 2174 ipsum

2323 2186 2456 2252 fore,
2486 2197 2738 2258 rogatque
2761 2205 2827 2245 ne
2850 2193 3150 2246 remittatur
3175 2197 3226 2247 in
3255 2209 3549 2249 carcerem.
3581 2198 3905 2266 Arreptum-

2320 2292 2423 2345 que
2450 2278 2596 2331 illum
2626 2280 2889 2349 principes
2912 2283 3153 2350 injiciunt
3178 2285 3227 2337 in
3251 2286 3420 2338 lacum
3442 2287 3605 2339 comi.
3631 2287 3694 2340 Et
3714 2286 3905 2343 eduxit

2321 2383 2440 2421 eum
2490 2369 2610 2423 inde
2656 2370 2998 2425 Abdamelec.
3045 2376 3120 2427 Ac
3162 2390 3346 2429 rursus
3372 2378 3663 2430 accersitus
3690 2392 3721 2430 ι
3749 2393 3899 2447 rege,

2322 2459 2545 2513 salutem
2573 2461 2669 2529 ipsi
2699 2466 3031 2530 praenuntiat,
3064 2466 3107 2518 si
3132 2466 3257 2520 velit
3279 2477 3467 2535 sponte
3493 2468 3559 2521 ad
3594 2468 3775 2524 hostes
3808 2486 3897 2525 εις

2320 2551 2426 2613 ire;
2456 2553 2534 2604 sin
2563 2554 2712 2619 nolit,
2747 2556 3029 2621 perniciem
3061 2557 3174 2611 urbi
3200 2558 3314 2622 toti,
3338 2567 3389 2611 et
3412 2560 3508 2626 ipsi
3533 2560 3764 2628 ingentia
3788 2578 3899 2615 nta-

2319 2640 2387 2694 la.
2417 2641 2548 2695 Cum
2576 2652 2750 2698 autem
2781 2659 2884 2699 non
2916 2648 3269 2715 persuasisset
3298 2650 3372 2703 illi
3404 2658 3460 2703 ut
3485 2652 3675 2715 exiret,
3701 2667 3897 2706 ascen-

2318 2731 2395 2783 dit
2417 2732 2689 2795 harbarus,
2712 2742 2765 2787 et
2785 2745 2934 2803 capta
2958 2746 3037 2789 est
3062 2737 3183 2790 urbs
3205 2752 3324 2791 cum
3349 2738 3589 2793 Sedecia.
3608 2740 3900 2794 Jeremiam

2320 2835 2445 2874 vero
2490 2820 2715 2889 benigne
2744 2834 3070 2891 exceperunt
3101 2826 3368 2894 principes
3408 2828 3901 2881 Nabuchodonoso-

2317 2909 2411 2963 ris.
2439 2908 2790 2965 Abdemeleco
2834 2914 3055 2967 salutem
3086 2915 3339 2982 pra‘dicit.
3374 2917 3505 2969 Cum
3535 2926 3713 2971 autem
3746 2918 3893 2986 prin-

2316 3014 2441 3069 ceps
2466 3015 2753 3069 coquorum
2775 3018 2940 3072 penes
2969 3005 3111 3073 ipsos
3134 3007 3454 3075 reliquisset,
3488 3016 3543 3061 ut
3568 3024 3673 3077 quo
3695 3009 3900 3063 vellent

2315 3091 2471 3157 irent,
2506 3093 2649 3147 venit
2690 3094 2756 3146 ad
2803 3094 3099 3161 Godoliam,
3132 3112 3287 3165 quem
3321 3099 3666 3153 constituerat
3697 3102 3893 3169 prim-

2316 3198 2432 3252 pem
2463 3199 2646 3238 eorum
2677 3186 2767 3253 qui
2814 3186 2983 3240 relicti
3033 3187 3240 3241 fuerant
3283 3189 3333 3240 in
3377 3188 3574 3243 Judwa.
3610 3190 3900 3244 Οοιινιαιιρ-

2313 3282 2437 3327 runt
2462 3273 2526 3327 ad
2554 3274 2827 3329 Godoliam
2854 3278 2940 3345 qui
2973 3292 3068 3345 per
3094 3294 3246 3346 agros
3270 3280 3491 3346 dispersi
3519 3290 3669 3337 erant
3693 3274 3887 3335 Judzﬁ'l-

2314 3364 2501 3417 lsmael
2554 3364 2747 3418 occidit
2793 3364 3068 3419 Godoliam
3100 3377 3152 3420 et
3178 3368 3433 3436 quosdam
3463 3370 3615 3433 alios,
3645 3380 3699 3424 et
3744 3376 3891 3424 accf-

2313 3457 2462 3525 piens
2486 3459 2736 3524 populum
2768 3457 3025 3523 Godoliee,
3059 3458 3187 3513 abiit
3218 3461 3268 3513 in
3300 3462 3570 3529 regionem
3602 3464 3887 3518 Ammoni-

2312 3557 2500 3602 tarum.
2526 3550 2592 3603 Ut
2618 3562 2792 3604 autem
2836 3551 2963 3604 vidit
2988 3566 3105 3604 eum
3137 3551 3399 3618 Joannan,
3434 3568 3568 3606 unus
3594 3554 3659 3606 de
3692 3553 3881 3621 princi~

2310 3639 2483 3707 pibus,
2514 3638 2647 3693 bene
2687 3640 2906 3694 allectus
2954 3656 3077 3710 erga
3117 3640 3416 3706 Godoliam,
3448 3641 3648 3710 aufugit
3694 3643 3889 3695 lsmaet

2310 3744 2429 3783 cum
2460 3739 2577 3783 octo
2609 3732 2735 3784 viris
2781 3740 3001 3795 tantum,
3058 3732 3413 3801 pupulumque
3460 3733 3667 3800 accepit
3717 3732 3884 3786 Joan~

2309 3833 2433 3872 nan.
2464 3819 2562 3885 Qui
2606 3828 2851 3887 precatus
2880 3829 2961 3874 est
2998 3820 3304 3885 Jeremiam,
3334 3830 3390 3874 ut
3433 3836 3525 3889 pro
3557 3822 3684 3890 ipsis
3717 3822 3887 3877 Deum

2309 3917 2550 3976 rogaret;
2583 3923 2703 3961 cum
2734 3909 3036 3964 consuleret
3063 3909 3189 3977 ipsis
3219 3909 3477 3964 Jeremias
3509 3926 3575 3963 ne
3619 3910 3672 3963 in
3714 3910 3854 3981 A'Zgy

2307 4008 2452 4067 ptum
2485 3998 2915 4068 ingrederentur;
2949 4010 3175 4055 mortem
3225 4003 3366 4055 enim
3413 4002 3602 4055 minari
3635 4003 3809 4057 Deum
3837 4004 3882 4059 si

2306 4102 2371 4141 eo
2398 4090 2846 4158 commigrarent:
2880 4090 2929 4143 id
2958 4091 3035 4145 eis
3063 4108 3167 4145 non
3210 4092 3491 4159 persuasio.
3521 4092 3654 4146 Cum
3700 4104 3884 4149 autent

2305 4178 2573 4232 venissent
2603 4180 2652 4231 in
2682 4180 2951 4247 'l‘aphnas,
2974 4180 3278 4234 cohortatus
3301 4191 3382 4234 est
3409 4198 3501 4235 eos
3528 4198 3593 4237 ne
3617 4183 3755 4237 idola
3789 4200 3883 4238 co-

2307 4268 2495 4321 lerent.
2537 4269 3026 4323 Contradicentibus
3050 4270 3154 4323 illis
3184 4273 3550 4339 pramuntiavit
3589 4276 3883 4343 perniciem

2307 4373 2570 4426 magnam,
2598 4369 2647 4411 et
2680 4359 2787 4427 regi
2809 4360 3177 4429 [Egyptiorum
3204 4362 3488 4429 perniciem
3508 4362 3722 4434 Egypti
3746 4381 3885 4433 prreo

2306 4446 2451 4509 dicit,
2488 4462 2690 4501 necnon
2729 4449 3160 4518 alienigenarum,
3192 4451 3318 4504 item
3348 4451 3715 4518 Moabitarum,
3749 4458 3884 4509 Am-

2306 4539 2641 4601 manitarum,
2677 4540 3048 4607 ldummorutn,
3082 4540 3343 4608 Damasci,
3384 4554 3439 4597 et
3469 4544 3640 4611 Elam,
3689 4548 3880 4600 etiam-

2304 4645 2407 4698 que
2434 4629 2735 4699 Bahylonis,
2766 4631 3096 4699 reditumque
3140 4632 3261 4688 inde
3285 4633 3586 4689 Judaeorum
3631 4651 3878 4705 praenun-

2308 4721 2416 4774 tiat.
2448 4720 2723 4787 Quomodo
2752 4723 2926 4776 excisa
2974 4725 3043 4776 sit
3086 4723 3377 4778 Jerusalem
3424 4735 3623 4791 narrat,
3671 4742 3881 4785 necnon

2304 4810 2567 4879 quomodo
2596 4826 2660 4864 ex
2690 4810 2898 4879 dejecto
2926 4822 3066 4866 statu
3095 4814 3146 4866 in
3176 4813 3433 4868 honorem
3460 4825 3747 4884 provectus
3770 4818 3870 4869 rue

2305 4903 2368 4955 rit
2400 4900 2659 4967 Joachint,
2690 4904 2777 4969 qui
2809 4911 2998 4971 Sponte
3025 4918 3084 4958 se
3108 4918 3229 4958 cum
3274 4915 3444 4961 matre
3483 4920 3576 4961 sua
3601 4906 3884 4963 dediderat

2304 4988 2825 5045 Nabuchodonosori.

2360 5137 2595 5177 SYNOPSJS
2630 5138 2807 5177 EORUI
2840 5137 2952 5186 QU£
2982 5140 3044 5178 ΑΒ
3074 5141 3361 5181 EZECBIBLE
3389 5142 3662 5182 PBOPBETA
3690 5143 3801 5182 DlC'l
3828 5144 3865 5180 Α

3011 5230 3157 5270 SUNT.

2382 5349 2535 5404 Videt
2566 5350 2824 5419 propheta
2851 5350 3106 5405 visionem
3137 5350 3603 5412 Cherubinorum,
3630 5348 3867 5415 iubetur-

2306 5460 2409 5513 que
2452 5459 2482 5497 a
2515 5443 2626 5496 Deo
2672 5443 2921 5497 lsraelitis
2956 5443 3121 5513 loqui.
3170 5444 3485 5511 Deportatur
3520 5455 3548 5493 a
3594 5438 3794 5507 Spiritu
3830 5443 3883 5494 in

2310 5534 2671 5603 Captivitatem
2706 5552 2718 5587 :
2751 5536 3113 5603 excitaturque
3142 5550 3171 5587 a
3209 5534 3339 5598 Deo,
3372 5542 3428 5585 ut
3449 5547 3570 5585 cum
3601 5530 3794 5583 fiducia
3829 5543 3886 5585 et

2311 5626 2529 5693 impigre
2556 5634 2664 5677 tum
2708 5624 2897 5693 iniquis
2923 5634 3030 5677 tum
3052 5623 3210 5691 justis
3231 5622 3368 5675 viam
3394 5622 3458 5675 ad
3490 5622 3648 5674 vitam
3677 5619 3884 5673 duccno

2313 5726 2414 5771 tem
2447 5716 2740 5780 annuntict,
2769 5725 2820 5769 ct
2845 5714 2935 5768 Dei
2964 5712 3206 5766 mandata
3227 5711 3473 5767 declaret.
3507 5709 3730 5766 Jubctur
3759 5722 3888 5765 sese
