4094 6474
223 410 349 463 379

215 498 423 566 Κυρίῳ
475 495 627 566 ἡμῶν
671 493 843 564 Ἰησοῦ
899 493 1134 564 Χριστῷ,
1172 495 1318 547 αὐτοὶ⁵
1366 496 1574 556 ἑαυτοῖς
1631 494 1786 546 αἴτιοι

213 584 478 651 ἐγένοντο
508 582 615 634 τῶν
642 582 917 652 παρόντων
947 580 1145 633 κακῶν.
1180 581 1288 650 Τὴν
1311 581 1425 632 κατ’
1452 579 1612 632 αὑτοῦ
1647 595 1789 644 γινοο

217 672 402 739 μένην
426 669 710 738 ἐπιϐουλὴν
735 668 836 720 ὑπὸ
868 666 1128 719 Ἰουδαίων
1150 667 1176 717 6
1209 667 1486 734 προφήτης
1514 665 1782 734 προλέγει,

211 759 312 809 καὶ
344 755 669 825 κατεύχεται
700 755 894 814 αὐτῶν,
925 755 1004 805 ὃτι
1036 753 1240 822 πονηρά
1268 753 1386 804 ἀντὶ
1411 751 1626 819 ἀγαθῶν
1655 753 1786 803 ἀπο-

208 840 513 894 δεδώκασι.
567 838 854 892 Κελεύεται
895 840 922 890 6
965 839 1225 907 Ἱερεμίας
1275 837 1421 908 βικδν
1471 837 1784 905 ὁστράκινον

210 926 430 990 λαϐὼν,
463 927 554 980 καὶ
587 925 1087 996 διαμαρτυράμενος
1113 924 1178 975 τὰ
1203 922 1346 975 κακά
1372 923 1464 975 τοῦ
1493 923 1642 984 λαοῦ,
1671 940 1785 973 συν-

208 1016 418 1083 τρῖψαι
451 1015 542 1066 τὸν
571 1013 716 1082 βικὸν
749 1014 866 1064 κατ’
899 1012 1202 1080 ὀφθαλμοὺς
1225 1009 1418 1068 αὐτῶν,
1454 1012 1546 1061 καὶ
1575 1011 1743 1060 εἰπεῖν
1766 1025 1778 1037 ·

208 1101 382 1154 Οῦτω
441 1100 847 1169 συντριϐήσεται
916 1095 1281 1166 Ἰερουσαλήμ.
1335 1097 1441 1146 Kal
1497 1095 1784 1163 ἐμϐληθεὶς

211 1186 323 1238 ὑπὸ
357 1186 458 1238 τοῦ
493 1183 722 1254 Πασχὼρ
745 1186 824 1246 είς
851 1183 938 1234 τὸν
960 1183 1323 1251 καταράκτην,
1356 1181 1678 1252 προφητεύει
1708 1181 1782 1250 τῷ

210 1270 464 1340 Πασχὼρ
493 1272 560 1324 τά
591 1269 906 1338 ἐκδεξόμενα
944 1267 1087 1336 αύτῷ
1117 1267 1256 1318 κακά
1285 1278 1331 1319 α.
1362 1263 1491 1319 Εἶτα
1533 1267 1782 1334 ἀσχάλλει

210 1359 307 1410 ἐπὶ
353 1360 474 1418 τοῖς
525 1355 859 1426 διασύρουσιν
900 1353 1077 1415 αὑτὸν,
1114 1354 1204 1404 καὶ
1243 1353 1556 1422 κατεύχεται
1586 1351 1776 1416 αὐτῶν,

210 1449 311 1498 καὶ
342 1446 650 1514 καταρᾶται
682 1445 746 1512 τῇ
775 1442 953 1511 ήμέρα
1002 1442 1065 1509 τῇ
1111 1440 1321 1493 ἐαυτοῦ.
1362 1442 1569 1509 Πέμπει
1626 1440 1779 1492 Σεδε-

209 1533 343 1593 κίας
376 1534 406 1582 6
437 1529 684 1599 βασιλεὺς
711 1528 897 1596 μαθεῖν
926 1527 1070 1596 παρα
1110 1527 1388 1594 Ἰερεμίου,
1417 1529 1462 1578 εί
1488 1525 1780 1578 ἀπελεύσε-

207 1635 304 1670 ται
341 1617 442 1669 ἀπ’
493 1613 652 1669 αὐτοῦ
701 1612 1177 1682 Ναϐουχοδονόσορ.
1222 1613 1278 1663 '0
1327 1612 1382 1663 δέ
1413 1629 1593 1680 φησιν,
1643 1613 1780 1664 ὅτιό

206 1706 353 1768 Θεὸς
388 1704 680 1773 πολεμήσει
721 1703 843 1762 τοὺς
881 1700 1176 1762 Ἰουδαίους,
1209 1717 1298 1751 και
1323 1699 1652 1768 τὸνβασιλέα
1683 1701 1778 1751 Σε-

207 1792 425 1844 δεκίαν.
457 1791 520 1842 El
552 1789 607 1842 δὲ
643 1786 876 1857 βούλοιτο
908 1788 934 1838 6
969 1785 1091 1847 λαὸς
1122 1786 1258 1837 ἐκὼν
1293 1787 1675 1854 προσχωρῆσαι
1704 1784 1778 1855 τῷ

207 1875 708 1945 Ναϐουχοδονόσορ,
745 1871 1078 1941 σωθήσεσθαι
1109 1871 1286 1936 αὑτὸν,
1317 1871 1521 1923 καὶτὸν
1561 1871 1779 1939 βασιλέα

207 1966 264 2018 δὲ
296 1966 406 2017 οὑκ
449 1959 780 2021 ἀπολεῖσθαι,
827 1960 873 2010 εί
910 1959 1006 2028 τῆς
1054 1958 1255 2020 οἰκείας
1296 1959 1532 2019 ἀποστάς
1564 1960 1775 2022 κακίας,

205 2055 326 2114 τοῖς
357 2049 455 2102 τοῦ
499 2047 630 2100 Θεοῦ
671 2045 1042 2116 προστάγμασι
1087 2045 1367 2114 προσέχειν
1407 2043 1594 2095 ἐθέλοι.
1625 2045 1776 2096 Κατὰ

205 2140 307 2193 τοῦ
361 2138 620 2206 Ἰωακεὶμ
663 2136 754 2187 καὶ
795 2133 885 2185 τοῦ
927 2131 1189 2202 Ἰεχονίου,
1223 2133 1314 2183 καὶ
1347 2131 1485 2182 κατὰ
1513 2132 1616 2183 τῶν
1663 2150 1779 2184 ποι-

209 2227 401 2297 μένων
430 2225 508 2286 είς
535 2223 619 2275 τὸν
648 2220 847 2290 Κύριον
879 2217 1198 2286 προφητεία,
1230 2217 1321 2269 καὶ
1351 2217 1455 2270 τῶν
1480 2217 1772 2289 ψευδοπροο

206 2310 408 2384 φητῶν
437 2307 753 2380 κατηγορία.
781 2303 1001 2373 Χρηστά
1025 2302 1100 2371 τῷ
1137 2302 1302 2372 Ἰούδα
1327 2304 1671 2372 προφητεύει.
1690 2304 1777 2372 Τῷ

204 2401 266 2453 δὲ
301 2394 684 2463 ὑπολειφθέντι
728 2391 841 2460 λαῷ
884 2393 939 2441 ἐν
977 2387 1321 2459 Ἰερουσαλὴμ
1362 2387 1496 2457 μετά
1533 2389 1776 2440 Σεδεκίου

203 2485 300 2537 διὰ
358 2483 456 2536 τοῦ
499 2479 884 2548 ύποδείγματος
933 2476 1037 2527 τῶν
1085 2473 1257 2526 συκῶν
1305 2474 1628 2544 προφητεύει
1684 2473 1775 2526 τοῦ

204 2567 684 2638 Ναϐουχοδονόσορ
700 2565 794 2632 τὴν
817 2562 1016 2622 ἄνοδον,
1037 2562 1124 2612 καὶ
1147 2562 1357 2611 πάντων
1377 2560 1482 2611 τῶν
1503 2560 1666 2610 ἐθνῶν
1683 2560 1775 2630 τήν

205 2658 498 2712 ἀπώλειαν
540 2654 625 2708 διὰ
651 2652 740 2705 τοῦ
790 2649 1044 2720 ποτηρίου
1085 2648 1270 2700 τούτου
1315 2648 1507 2710 δηλῶν.
1543 2649 1778 2716 [Ιροαγοο

205 2745 368 2815 ρεύει
398 2741 550 2816 [585]
577 2739 846 2793 ἀπώλειαν
871 2738 968 2806 τῆς
1008 2735 1376 2806 Ἰερουσαλήμ.
1409 2737 1515 2787 Kal
1553 2736 1778 2804 συλλαμ-

205 2833 445 2885 ϐάνεται
495 2829 584 2881 ἐπὶ
612 2826 820 2893 θανάτῳ
858 2823 1122 2893 Ἱερεμίας
1160 2821 1262 2874 67:6
1299 2822 1404 2873 τῶν
1435 2822 1639 2892 ἱερέων,
1686 2824 1776 2874 καὶ

207 2917 482 2986 ἐκφεύγει
513 2915 599 2966 τὸν
632 2912 891 2964 κίνδυνον.
937 2909 1228 2960 Κελεύεται
1268 2909 1294 2958 6
1325 2909 1601 2977 προφήτης
1629 2925 1778 2978 περι-

209 3006 392 3058 θεῖναι
429 3000 602 3070 ἐαυτῷ
627 2997 871 3068 δεσμοὺς,
904 2995 997 3047 καὶ
1021 2997 1128 3058 τοῖς
1151 2993 1405 3064 πρέσϐεσι
1433 2994 1537 3044 τῶν
1562 2993 1778 3061 ἀλλοφύ·

207 3092 324 3144 λων
359 3089 556 3148 εἰπεῖν,
592 3085 728 3137 ὥστε
768 3080 1092 3150 ἀπαγγεῖλαι
1125 3083 1233 3142 τοῖς
1272 3079 1572 3148 βασιλεῦσιν
1599 3080 1776 3140 αὐτοῖς

209 3176 561 3244 ὑποταγῆναι
604 3172 681 3240 τῷ
719 3168 1180 3236 Ναϐουχοδονόσορ
1207 3185 1220 3199 ’
1269 3167 1505 3219 ἀπειλεῖν
1541 3167 1646 3235 γάρ
1688 3168 1775 3218 τὸν

208 3265 348 3317 Θεὸν
372 3263 596 3315 θάνατον
621 3260 728 3320 τοῖς
756 3257 828 3327 μὴ
857 3254 1306 3323 ὑποτασσομένοις
1331 3254 1494 3322 αὐτῷ.
1522 3255 1777 3322 Παραινεῖ

207 3353 266 3404 δὲ
294 3350 506 3418 ταύτην
529 3346 623 3417 τὴν
645 3343 955 3414 παραίνεσιν
972 3343 1062 3394 καὶ
1077 3341 1151 3410 τῷ
1175 3340 1412 3410 Σεδεκίᾳ,
1437 3341 1527 3393 καὶ
1547 3340 1620 3408 τῷ
1641 3340 1771 3409 λαῷ,

209 3438 310 3491 καὶ
339 3438 453 3497 τοῖς
483 3431 731 3502 ἱερεῦσιν.
757 3429 812 3482 '0
838 3428 892 3481 δὲ
919 3427 1358 3496 ψευδοπροφήτης
1388 3426 1631 3488 Ἀνανίας
1653 3426 1776 3478 ἀνθ-

212 3524 406 3576 ίστατο
448 3517 680 3590 Ἱερεμίᾳ.
731 3516 809 3585 τῷ
854 3515 1122 3585 προφήτῃ,
1168 3513 1358 3580 λέγων,
1397 3511 1462 3563 τά
1504 3513 1666 3581 σκεύη
1707 3511 1774 3563 τὰ

212 3611 342 3682 ἱερά
389 3607 697 3675 ἐπανήξειν,
737 3605 828 3655 καὶ
856 3601 944 3656 τὸν
980 3601 1246 3669 Ἰεχονίαν,
1289 3600 1346 3662 ὃς
1377 3596 1442 3670 ἦν
1477 3601 1586 3662 υίὸς
1625 3601 1769 3652 Ἰωα-

208 3698 351 3764 κεὶμ
407 3689 634 3759 ἀδελφοῦ
691 3688 952 3742 Σεδεκίου.
1013 3687 1120 3740 Kal
1176 3685 1455 3754 συνέτριψε
1511 3687 1600 3736 καὶ
1649 3687 1772 3748 τοὺς

209 3783 434 3842 κλοιοῦς
463 3778 554 3833 τοῦ
601 3777 889 3848 προφήτου.
924 3774 1201 3843 Πέμπεται
1244 3773 1418 3825 τοίνυν
1444 3775 1470 3825 6
1511 3774 1772 3843 Ἱερεμίας

210 3870 450 3922 θάνατον
477 3863 624 3933 αὐτῷ
651 3861 923 3933 προλέγων
952 3862 1007 3913 ἐν
1029 3859 1173 3926 αὐτῷ
1203 3858 1392 3928 ἐκείνῳ
1418 3858 1492 3928 τῷ
1523 3860 1770 3928 ἐνιαυτῷ,

208 3959 290 4020 ὡς
321 3955 416 4009 καὶ
455 3951 666 4020 συνέϐη.
700 3949 779 4003 Τά
819 3948 961 4002 κακά
1001 3951 1108 4010 τοῖς
1141 3950 1196 3999 ἐν
1229 3947 1502 4000 Βαϐυλῶνι
1535 3948 1561 3986 δ
1590 3947 1772 4015 ψευδο·

209 4043 528 4114 προφήταις
556 4037 828 4110 προλέγει,
848 4035 940 4088 καὶ
962 4033 1036 4104 τῷ
1056 4033 1168 4103 λαῷ
1191 4034 1396 4104 μακρῦν
1413 4034 1502 4086 τὸν
1535 4034 1633 4102 τῆς
1655 4037 1772 4105 αίχ-

212 4127 500 4200 μαλωσίας
537 4124 744 4194 χρόνον,
783 4121 894 4174 ἀλλ’
920 4122 1065 4189 ὅμως
1091 4120 1301 4172 ἔσεσθαι
1340 4120 1612 4172 ἐπάνοδον.
1653 4121 1772 4172 Ἐπὶ

209 4217 428 4277 τούτοις
459 4213 751 4281 ἠγανάκτει
777 4209 1010 4280 Σαμέας,
1037 4209 1129 4261 καὶ
1161 4210 1383 4278 ἐπιτιμᾷ
1412 4209 1486 4277 τῷ
1518 4211 1667 4278 ἱερεῖ,
1692 4211 1770 4262 ὅτι

208 4302 316 4354 οὐκ
343 4298 579 4351 ἐκώλυσε
600 4297 686 4348 τὸν
719 4294 981 4364 Ἰερεμίαν
1012 4293 1230 4347 τοιαῦτα
1262 4295 1652 4364 προφητεῦσαι.
1677 4296 1770 4348 Διὰ

208 4389 375 4441 τοῦτο
415 4384 622 4438 ἀπειλεῖ
659 4383 686 4435 6
731 4381 860 4444 Θεὸς
913 4381 1192 4435 ἀπολέσειν
1220 4381 1399 4436 αὐτόν.
1439 4378 1569 4433 Εἶτα
1617 4383 1771 4451 λόγος

210 4470 621 4542 παρακλητικὸς
672 4467 748 4537 τῷ
788 4467 1018 4537 Ἰσραήλ.
1065 4466 1220 4535 Δηλοῖ
1257 4467 1344 4518 τὸν
1395 4467 1580 4535 καιρὸν
1606 4510 1619 4533 ,
1652 4469 1770 4522 καθ’

209 4559 271 4611 ὃν
303 4555 526 4626 ἔμελλον
549 4551 936 4622 ἐπανέρχεσθαι
965 4554 1028 4604 ἐκ
1068 4552 1394 4614 Βαϐυλῶνος.
1432 4548 1594 4616 Οὗτος
1623 4555 1675 4606 δὲ
1705 4551 1770 4624 ἦν

209 4647 242 4700 6
271 4644 364 4698 τοῦ
394 4642 588 4710 φασὲκ,
621 4638 800 4701 καθὼς
834 4640 924 4692 καὶ
961 4641 1017 4691 ἐν
1053 4639 1130 4708 τῷ
1168 4641 1368 4710 Ἔσδρᾳ
1407 4640 1546 4693 ἐστιν
1572 4644 1768 4712 εὑρεῖν,

209 4734 296 4784 ὅτι
330 4732 398 4800 τῇ
420 4729 572 4797 ἑορτῇ
611 4725 717 4778 τῶν
741 4723 960 4794 ἀζύμων
986 4725 1302 4793 ἐπανῆλθον.
1336 4729 1494 4778 Ὥστε
1527 4730 1771 4797 φανερῶς

210 4817 529 4886 ἐλέγχονται
554 4812 864 4883 ψευδόμενοι
904 4811 1158 4864 Ἰουδαῖοι.
1196 4811 1275 4864 Τά
1306 4813 1411 4882 γὰρ
1442 4814 1498 4865 ὲν
1530 4814 1605 4884 τῷ
1624 4816 1771 4886 τόπῳ

209 4902 390 4972 τούτῳ
422 4900 772 4968 γεγραμμένα
805 4896 930 4966 περὶ
966 4898 1138 4949 αὐτῶν
1171 4898 1346 4965 ἀγαθά
1376 4899 1451 4951 ἔτι
1478 4901 1772 4969 προσδοκῶ-

213 5006 322 5053 σιν,
352 4987 493 5056 ᾰπερ
519 4980 698 5054 ἦλθον.
727 4984 858 5052 Περὶ
883 4983 986 5035 τῶν
1010 4983 1394 5053 ἀναιρεθέντων
1426 4987 1647 5038 παιδίων
1671 4987 1770 5040 ὑπὸ

222 5073 488 5146 Ἡρώδου.
527 5070 657 5140 Περὶ
693 5067 788 5136 τῆς
835 5067 1274 5137 ΝέαςηΔιαθήκης
1314 5071 1630 5139 προφητεία.
1665 5073 1771 5125 Kal

211 5163 312 5232 την
332 5161 393 5210 ἐν
426 5156 501 5227 τῷ
523 5157 670 5224 τόπῳ
689 5155 745 5206 δὲ
769 5153 938 5222 τούτῳ
967 5154 1245 5223 οἰκοδομὴν
1269 5157 1650 5225 γεγραμμένην
1674 5159 1770 5225 τῆς

212 5249 424 5308 πόλεως
451 5245 529 5296 ἔτι
554 5239 916 5312 προσδοκῶσιν
951 5239 1203 5292 Ἰουδαῖοι.
1237 5243 1341 5292 Kal
1377 5241 1514 5310 αὕτη
1543 5242 1595 5293 δὲ
1622 5243 1769 5304 τέλος

212 5336 395 5401 ἐσχεν,
430 5332 516 5382 ὅτε
556 5326 779 5398 ἀνῆλθον
808 5327 870 5376 ἐκ
899 5325 1206 5388 Βαϐυλῶνος
1233 5327 1517 5397 γενομένη.
1551 5328 1770 5381 Κελεύεο

211 5437 306 5471 ται
327 5419 354 5469 ὁ
391 5414 654 5487 Ἱερεμίας
685 5414 944 5484 ἀγοράσαι
975 5413 1064 5464 τὸν
1096 5414 1259 5480 ἀγρὸν
1283 5413 1374 5466 τοῦ
1404 5415 1768 5484 πατραδέλφου

212 5502 404 5567 αὑτοῦ,
432 5503 526 5554 καὶ
549 5501 820 5570 ἀγοράσας
837 5499 1000 5566 λέγει,
1025 5499 1102 5551 ὅτι
1134 5502 1164 5568 ή
1190 5501 1336 5561 πόλις
1360 5502 1645 5571 παρεδόθη,
1679 5503 1769 5554 καὶ

280 5677 307 5706 ⁸
329 5674 508 5736 Melius
535 5675 785 5736 legeretur
802 5674 860 5721 τά
887 5673 1157 5736 ἐκδεξομενα
1178 5671 1315 5736 αὐτὸν
1353 5674 1493 5721 κακά.

275 5735 307 5778 1
327 5735 413 5785 Ms.
439 5734 730 5788 Coislfmale
755 5736 874 5784 κατά
899 5734 994 5790 τοῖς
1017 5735 1062 5781 ἐν
1094 5735 1349 5794 Βαϐυλῶνι,
1379 5743 1472 5783 etc.

1314 378 1640 436 SYNOPSIS
1678 376 2082 433 SCRIPTURA‘J
2124 381 2390 436 SACR/E.

3330 395 3441 448 380

1893 492 2130 544 κελεύειν
2167 504 2188 530 ο
2239 496 2501 564 ἀγοράσαι
2543 497 2725 564 ἀγρόν.
2768 497 2824 548 '0
2861 498 2915 550 δὲ
2963 497 3091 560 Θεός
3139 515 3268 566 φησι
3314 501 3447 568 πρὸς

1892 577 2052 629 αὐτόν
2076 595 2089 608 ο
2112 575 2186 628 Τὰ
2225 581 2320 646 μὲν
2360 581 2597 650 παρόντα
2633 584 2773 634 κακά
2803 584 2888 634 διά
2922 583 3018 644 τάς
3057 584 3325 651 ἁμαρτίας
3352 585 3442 635 τοῦ

1892 661 2018 714 λαοῦ
2045 680 2056 690 ·
2091 663 2239 715 ἔσται
2269 667 2473 734 καιρὸς,
2499 669 2584 718 ὅτε
2624 668 2780 720 πάλιν
2812 669 3255 738 κατοικηθήσεται
3291 671 3323 737 ή
3353 669 3444 718 πό-

1891 748 1990 810 λις.
2017 748 2270 818 ΙΙρολέγει
2299 752 2375 819 τῷ
2405 753 2642 822 Σεδεκία,
2675 756 2751 805 ὅτι
2784 756 3065 814 ἁλώσεται,
3107 755 3197 806 καὶ
3229 755 3444 819 ἐγκαλεῖ

1889 839 2014 899 τοῦς
2036 838 2270 900 δούλους,
2306 839 2397 900 οὓς
2429 840 2820 909 ἠλευθέρωσαν,
2851 844 3008 893 πάλιν
3039 842 3441 893 καταδουλωσα-

1894 924 2093 992 μένοις,
2127 925 2219 976 καὶ
2254 927 2460 977 ἀπειλεί
2501 928 2734 995 μεγάλην
2768 929 2980 979 ἔσεσθαι
3014 929 3309 996 συμφοράν.
3345 926 3440 976 Διὰ

1889 1010 2042 1061 τοῦτο
2073 1010 2278 1062 κελεύει
2317 1013 2440 1072 τοῦς
2483 1014 2627 1075 υἱοὺς
2668 1015 2913 1066 Ἰωναδαϐ
2963 1017 3127 1065 ποιεῖν
3173 1010 3334 1063 οἷκον.
3379 1014 3438 1061 Ol

1889 1096 1942 1147 δὲ
1971 1097 2374 1166 παραιτοῦνται.
2410 1099 2696 1151 Κελεύεται
2729 1103 2755 1151 6
2793 1101 3057 1168 Ἱερεμίας
3086 1099 3316 1168 γράψαι,
3340 1099 3438 1148 ὅσα

1890 1185 2284 1252 προεφήτευσεν
2312 1185 2400 1235 ἐπὶ
2427 1185 2653 1254 Ἰσραὴλ,
2679 1186 2762 1237 ἵνα
2788 1186 2927 1236 οὕτω
2953 1185 3080 1250 γοῦν
3112 1184 3435 1251 φοϐηθῶσιν,

1888 1269 2209 1330 ἀκούσαντες
2261 1271 2418 1321 πάλιν
2463 1272 2528 1322 τά
2581 1272 2835 1339 μέλλοντα
2874 1272 3063 1330 αὐτοὺς
3108 1270 3436 1338 διαδέχεσθαι

1888 1357 2030 1407 κακὰ
2079 1357 2136 1406 '0
2164 1356 2217 1406 δὲ
2247 1358 2571 1424 προστάσσει
2600 1357 2675 1425 τῷ
2706 1359 2934 1425 Βαροὺχ.
2960 1359 3048 1409 τοῦ
3078 1358 3314 1425 ποιῆσαι,
3346 1356 3438 1407 καὶ

1888 1442 2124 1510 ἐποίησε.
2155 1443 2260 1494 Kal
2290 1443 2502 1513 γράψας
2535 1443 2740 1508 ἀνέγνω
2779 1448 2887 1504 τοῖς
2935 1445 3218 1504 Ἰουδαίοις.
3263 1443 3347 1502 Ὠς
3382 1441 3437 1492 δὲ

1887 1529 2120 1596 ἥκουσαν
2151 1530 2194 1579 οἱ
2247 1529 2516 1596 ἄρχοντες,
2555 1530 2875 1596 ἀνήγγειλαν
2909 1529 2983 1597 τῷ
3035 1530 3240 1597 βασιλεῖ
3288 1529 3434 1580 Ἰωα-

1887 1616 2031 1684 κείμ.
2068 1618 2124 1667 '0
2151 1616 2205 1667 δὲ
2227 1615 2402 1668 λαϐὼν
2431 1617 2489 1667 τὸ
2510 1615 2704 1684 βιϐλίον
2737 1618 3053 1668 κατέκαυσε.
3097 1617 3200 1666 Kal
3226 1614 3436 1665 κελεύε-

1885 1719 1972 1753 ται
2009 1702 2268 1770 Ἱερεμίας
2315 1703 2496 1763 ἕτερον
2545 1702 2748 1771 γράψαι
2792 1703 2986 1769 βιϐλίον
3030 1700 3281 1752 τοιοῦτον.
3329 1700 3434 1751 Kal

1885 1787 2211 1857 προφητεύει
2260 1788 2335 1855 τῷ
2377 1788 2581 1856 βασιλεῖ
2613 1788 2889 1857 συμφορὰς
2935 1788 3019 1838 διὰ
3075 1787 3133 1838 τὸ
3184 1786 3434 1853 τόλμημα

1884 1875 2056 1927 τοῦτο.
2087 1877 2416 1944 Προφητεύει
2445 1876 2538 1944 τὴν
2564 1875 2758 1928 ἅλωσιν
2788 1875 3134 1944 Ἰερουσαλήμ
3155 1890 3168 1902 ·
3197 1874 3289 1924 καὶ
3314 1871 3434 1922 συλ-

1884 1961 2211 2030 λαμϐάνεται
2246 1963 2337 2012 καὶ
2370 1962 2688 2029 ἐμϐάλλεται
2721 1963 2796 2022 εἰς
2828 1963 3190 2029 δεσμωτήριον
3213 1962 3238 2011 6
3271 1960 3435 2028 Ἱερε-

1888 2049 2013 2118 μίας
2038 2087 2050 2110 ,
2077 2049 2168 2100 καί
2199 2048 2599 2116 μεταπεμφθεὶς
2641 2049 2842 2098 ἐκεῖθεν
2873 2047 2974 2098 ὑπὸ
2999 2047 3264 2104 Σεδεκίου,
3291 2046 3431 2111 λέγει

1885 2134 2066 2203 αὐτῷ,
2097 2135 2174 2186 ὅτι
2209 2133 2466 2185 ἁλώσεται
2491 2173 2504 2195 ,
2543 2134 2635 2185 καὶ
2680 2133 2817 2197 ἀξιοῖ
2861 2133 2996 2183 ὥστε
3035 2137 3108 2200 μὴ
3152 2147 3432 2200 παραπεμ-

1885 2221 2077 2290 φθῆναι
2125 2222 2202 2279 είς
2244 2219 2302 2271 τὸ
2361 2219 2744 2288 δεσμωτήριον.
2778 2219 2882 2269 Kal
2921 2218 3166 2278 λαϐόντες
3200 2217 3355 2267 αὑτὸν
3384 2217 3431 2266 οί

1883 2310 2135 2377 ἄρχοντες
2172 2307 2414 2360 ἐνέϐαλον
2447 2309 2521 2368 είς
2553 2307 2640 2357 τὸν
2670 2307 2864 2358 λάκκον
2896 2306 2985 2357 τοῦ
3020 2303 3292 2373 βορϐόρου.
3323 2304 3432 2355 Kal

1887 2396 2033 2467 [386]
2081 2396 2350 2463 ἀνήγαγεν
2398 2393 2556 2446 αὑτὸν
2611 2393 2812 2443 ἐκεῖθεν
2854 2395 2880 2442 6
2943 2391 3282 2458 Ἀϐδαμελέκ.
3325 2392 3432 2442 Kal

1888 2481 2288 2552 μεταπεμφθεὶς
2321 2480 2477 2531 πάλιν
2508 2478 2608 2530 ὑπὸ
2639 2477 2728 2528 τοῦ
2770 2476 3046 2544 βασιλέως,
3078 2475 3430 2546 προαγορεύει

1883 2569 2028 2636 αύτῷ
2075 2567 2369 2635 σωτηρίαν,
2411 2568 2457 2616 εί
2504 2564 2782 2633 βουληθείη
2828 2562 2964 2614 ἐκὼν
3014 2562 3242 2624 ἐξελθεῖν
3298 2561 3432 2630 πρὸς

1884 2657 2006 2717 τους
2064 2653 2345 2721 πολεμίους
2382 2667 2392 2678 ·
2427 2653 2472 2702 εί
2501 2651 2554 2702 δὲ
2597 2651 2668 2718 μή
2705 2648 2980 2717 βουληθείη
3003 2687 3016 2709 ,
3051 2648 3262 2716 ὄλεθρον
3287 2647 3431 2715 πάσῃ

1883 2745 1946 2812 τῇ
1976 2741 2160 2803 πόλει,
2195 2740 2284 2791 καὶ
2337 2738 2480 2807 αύτῷ
2530 2737 2735 2804 μεγάλα
2785 2736 2924 2787 κακά
2969 2733 3200 2786 ἔσεσθαι.
3249 2733 3333 2788 Ὠς
3376 2733 3430 2784 δὲ

1883 2830 1982 2880 ούκ
2010 2828 2219 2879 ἔπεισεν
2251 2825 2500 2888 ἐξελθεῖν,
2535 2823 2754 2892 ἀνῆλθεν
2787 2824 2814 2873 6
2845 2823 3129 2892 βάρϐαρος,
3167 2819 3256 2872 καὶ
3292 2819 3430 2870 ἐάλω

1884 2917 1916 2984 ή
1947 2913 2097 2976 πόλις
2132 2913 2263 2982 μετά
2288 2911 2549 2962 Σεδεκίου.
2574 2911 2677 2960 Kal
2697 2907 2770 2976 τῷ
2797 2907 3028 2976 Ἱερεμίᾳ
3054 2903 3109 2958 εῦ
3135 2907 3431 2974 ἐχρήσαντο

1883 3003 1929 3052 οί
1986 3000 2237 3068 ἄρχοντες
2293 2997 2383 3048 τοῦ
2439 2995 2919 3063 Ναϐουχοδονόσορ.
2977 2993 3064 3060 Τῷ
3115 2991 3428 3059 Ἀϐδεμελὲκ

1885 3084 2238 3157 προαγορεύει
2283 3083 2568 3151 σωτηρίαν.
2613 3081 2814 3142 Αὐτοὺς
2845 3080 2899 3130 δὲ
2941 3078 3193 3138 λαϐόντας
3225 3079 3428 3144 αἵρεσιν

1885 3175 2031 3244 παρὰ
2080 3173 2170 3225 τοῦ
2227 3170 2646 3240 ἀρχιμαγείρου,
2675 3168 2813 3218 ὥστε
2859 3166 3105 3219 ἀπελθεῖν
3153 3167 3279 3216 ὅπου
3310 3165 3428 3232 βού-

1882 3267 2070 3325 λοιντο,
2095 3262 2304 3333 ἔρχεται
2333 3260 2463 3329 πρὸς
2487 3256 2748 3316 Γοδολίαν,
2767 3256 2822 3305 ὃν
2852 3254 3175 3321 κατέστησεν
3197 3255 3430 3320 ἄρχοντα

1883 3353 1990 3411 τοῖς
2020 3347 2408 3414 ὑπολειφθεῖσιν
2443 3347 2499 3396 ἐν
2540 3347 2603 3412 τῇ
2651 3343 2891 3411 Ἰουδαία.
2928 3340 3268 3408 Συνήχθησαν
3299 3339 3428 3405 πρὸς

1883 3435 2127 3488 Γοδολίαν
2164 3435 2210 3485 οἱ
2255 3430 2636 3500 διεσπαρμένοι
2685 3431 2740 3479 ἐν
2783 3431 2891 3490 τοῖς
2929 3428 3114 3496 ἀγροῖς
3168 3425 3424 3477 Ἰουδαῖοι.

1895 3521 2111 3590 Ἰσμαὴλ
2142 3521 2349 3587 ἀναιρεῖ
2366 3519 2453 3570 τὸν
2485 3516 2745 3573 Γοδολίαν,
2774 3516 2863 3565 καὶ
2894 3513 3108 3579 ἐτέρους
3127 3511 3294 3570 τινάς,
3337 3512 3426 3560 καὶ

1881 3607 2054 3659 λαϐὼν
2085 3607 2170 3657 τὸν
2191 3605 2316 3655 λαὸν
2344 3601 2435 3653 τοῦ
2477 3600 2710 3651 Γοδολίου
2733 3637 2746 3658 ,
2780 3597 3040 3666 ἐπορεύθη
3069 3599 3144 3656 είς
3167 3598 3260 3661 τὴν
3301 3598 3427 3662 Ἀμ-

1885 3697 2101 3764 μωνῖτιν
2126 3691 2305 3759 χῶραν
2332 3689 2358 3738 6
2392 3686 2626 3755 Ἰσμαήλ.
2664 3685 2748 3745 Ὠς
2776 3683 2829 3734 δὲ
2855 3680 2992 3733 εἶδεν
3012 3682 3168 3732 αὑτὸν
3193 3684 3218 3732 6
3252 3682 3427 3732 Ἰωάν-

1881 3798 2007 3843 ναν,
2048 3773 2125 3838 εἷς
2172 3793 2249 3836 τις
2299 3774 2404 3825 τῶν
2461 3773 2759 3841 ἀρχόντων,
2791 3767 3043 3832 εὐνοϊκῶς
3097 3769 3426 3838 διακείμενος

1881 3867 2013 3936 πρὸς
2049 3863 2306 3922 Γοδολίαν,
2341 3861 2504 3929 ἔφυγε
2533 3861 2666 3930 μετά
2703 3859 2807 3910 τῶν
2835 3858 2974 3910 ὀκτὼ
3015 3858 3184 3926 μόνων
3223 3858 3426 3925 ἀνδρῶν

1880 3959 1908 4010 ὁ
1952 3953 2170 4024 Ἰσμαὴλ
2193 3994 2206 4016 ,
2239 3954 2331 4004 καὶ
2370 3951 2458 4002 τὸν
2493 3950 2616 4000 λαδν
2661 3948 2846 3999 ἐλαϐεν
2885 3949 2912 3998 6
2972 3946 3236 3997 Ἰωάνναν.
3268 3947 3424 3996 Ὥστε

1878 4043 2129 4111 δεηθῆναι
2159 4040 2249 4091 τοῦ
2284 4039 2414 4090 Θεοῦ
2446 4040 2572 4105 περὶ
2610 4035 2782 4088 αὐτῶν
2813 4033 3034 4102 δεηθεὶς,
3070 4035 3163 4086 καὶ
3192 4033 3424 4099 συμϐου-

1878 4129 2072 4189 λεύσας
2114 4127 2290 4186 αὑτοῖς
2341 4127 2413 4194 μὴ
2456 4123 2710 4175 εἰσελθεῖν
2757 4123 2834 4183 είς
2866 4123 3132 4187 Αἴγυπτον
3165 4121 3426 4188 (θάνατον

1878 4215 1985 4284 γάρ
2011 4213 2246 4266 ἀπειλεῖν
2276 4213 2363 4264 τὸν
2394 4211 2542 4273 Θεὸν,
2591 4210 2635 4260 εἰ
2689 4208 3059 4276 μετοικήσαιεν
3098 4205 3123 4244 ά
3147 4208 3302 4272 ἐκεῖ),
3329 4208 3425 4258 οὑκ

1879 4291 2118 4353 ἐπεισενί
2160 4296 2309 4349 Ἐπεὶ
2340 4297 2393 4348 δὲ
2420 4292 2579 4365 ἦλθον
2626 4295 2726 4356 ἕως
2772 4296 3005 4360 Τάφνας,
3055 4297 3302 4361 παραινεῖ
3329 4295 3424 4345 αύ-

1877 4389 1989 4448 τοῖς
2042 4384 2114 4453 μὴ
2158 4383 2576 4451 είδωλολατρεῖν.
2631 4381 2715 4442 Ὠς
2760 4380 2813 4431 δὲ
2848 4379 3144 4446 ἀντέλεγον,
3188 4397 3421 4446 προαγο-

1881 4471 2024 4542 ρεύει
2056 4471 2229 4531 αὐτοῖς
2255 4468 2467 4534 ϐλεθρον
2505 4467 2690 4535 μέγαν,
2724 4468 2812 4516 καὶ
2841 4465 2916 4533 τῷ
2963 4465 3168 4532 βασιλεῖ
3192 4465 3296 4515 τῶν
3329 4467 3421 4515 Λί-

1878 4556 2116 4626 γυπτίων
2159 4556 2254 4623 τὴν
2295 4555 2562 4605 ἀπώλειαν
2590 4551 2858 4616 Αἰγύπτου
2899 4550 3164 4619 προλέγει,
3195 4550 3286 4602 καὶ
3318 4551 3424 4601 τῶν

1878 4642 2202 4710 ἀλλοφύλων,
2233 4641 2326 4708 τὴν
2361 4639 2628 4690 ἀπώλειαν
2653 4636 2948 4690 Μωαϐιτῶν
2976 4636 3136 4703 λέγει,
3164 4637 3254 4688 καὶ
3296 4637 3422 4703 Ἀμ-

1881 4728 2113 4800 μανιτῶν
2159 4729 2250 4779 καὶ
2309 4725 2648 4794 Ἰδουμαίων,
2679 4724 2775 4790 τὴν
2819 4722 3086 4774 ἀπώλειαν
3133 4724 3420 4790 Δαμασκοῦ

1878 4817 1968 4869 καὶ
2010 4813 2177 4881 Ἐλάμ
2229 4811 2497 4879 προλέγει,
2527 4809 2616 4860 καὶ
2643 4809 2740 4878 τὴν
2787 4806 3053 4860 ἀπώλειαν
3089 4807 3417 4868 Βαϐυλῶνος,

1879 4902 1970 4953 καὶ
1995 4899 2088 4966 τὴν
2116 4897 2294 4950 ἄνοδον
2326 4896 2428 4947 τῶν
2463 4895 2717 4946 Ἰουδαίων
2754 4893 2848 4963 τὴν
2883 4894 3106 4945 ἐκεῖθεν.
3142 4893 3260 4952 Πῶς
3285 4894 3421 4945 ἑάλω

1889 4983 2237 5055 Ἰερουσαλὴμ
2285 4983 2569 5050 προλέγει,
2618 4981 2708 5032 καὶ
2753 4980 2859 5031 ἀπὸ
2893 4979 3108 5046 ἀτιμίας
3142 4979 3219 5038 είς
3261 4980 3424 5047 τιμὴν

1877 5068 2002 5140 ἦλθε
2037 5071 2305 5137 Ἰωακεὶμ,
2341 5070 2368 5119 6
2401 5068 2537 5120 ἑκὼν
2565 5066 2952 5137 προσχωρήσας
2987 5064 3062 5132 τῷ
3086 5065 3425 5134 Ναϐουχοδο-

1877 5160 2032 5227 νόσορ
2079 5157 2214 5226 μετὰ
2249 5156 2344 5224 τῆς
2399 5155 2597 5224 μητρὸς
2643 5151 2820 5204 αὑτοῦ.

1878 5273 2137 5337 Σύνοψις
2173 5269 2288 5322 τῶν
2321 5268 2399 5332 τῷ
2439 5267 2711 5334 προφήτῃ
2765 5265 3038 5333 Ἰεζεκιὴλ
3080 5266 3415 5334 εἰρημένων.

1957 5375 2085 5443 Ὁρᾷ
2117 5373 2210 5442 τὴν
2237 5371 2492 5423 ὀπτασίαν
2521 5370 2625 5421 τῶν
2651 5367 2924 5438 Χερουϐὶμ
2950 5371 2977 5420 6
3006 5371 3300 5437 προφήτης,
3329 5366 3418 5418 καὶ

1879 5460 2148 5511 κελεύεται
2187 5459 2409 5526 λαλῆσαι
2444 5459 2549 5518 τοῖς
2586 5455 2935 5525 Ἰσραηλίταις
2971 5456 3117 5523 παρά
3140 5454 3228 5504 τοῦ
3259 5452 3412 5505 Θεοῦ.

1942 5615 1962 5639 θ
1993 5611 2136 5658 Forte
2161 5611 2378 5667 κελεύεις,
2413 5623 2685 5670 quanquam
2719 5609 2919 5657 κελεύειν
2945 5608 3056 5656 ferri
3079 5611 3238 5668 potest
3263 5611 3314 5654 et
3339 5605 3410 5653 le-

1877 5674 2004 5733 gitur
2025 5675 2071 5718 in
2105 5670 2248 5720 Cois].

1937 5732 1962 5770 ά
1986 5733 2126 5782 Coisl.
2155 5729 2484 5790 μετοικήοειεν.
