  <div class='ocr_page' id='page_1' title='image "/cluster/home/n/w/nwhite01/storage/ocr_20150623/56/uva.x004697988/381.png"; bbox 0 0 4094 6474; ppageno 0'>
   <div class='ocr_carea' id='block_1_1' title="bbox 671 368 777 423">
    <p class='ocr_par' dir='ltr' id='par_1_1' title="bbox 671 368 777 423">
     <span class='ocr_line' id='line_1_1' title="bbox 671 368 777 423; baseline -0.019 0"><span class='ocrx_word' id='word_1_1' title='bbox 671 368 777 423; x_wconf 89' lang='grc'>381</span> 
     </span>
    </p>
   </div>
   <div class='ocr_carea' id='block_1_2' title="bbox 668 471 2219 546">
    <p class='ocr_par' dir='ltr' id='par_1_2' title="bbox 668 471 2219 546">
     <span class='ocr_line' id='line_1_2' title="bbox 668 471 2219 546; baseline -0.003 -19"><span class='ocrx_word' id='word_1_2' title='bbox 668 474 892 544; x_wconf 77' lang='grc' dir='ltr'>Φέρεται</span> <span class='ocrx_word' id='word_1_3' title='bbox 943 472 1045 525; x_wconf 80' lang='grc' dir='ltr'>ὑπὸ</span> <span class='ocrx_word' id='word_1_4' title='bbox 1090 474 1180 526; x_wconf 87' lang='grc' dir='ltr'>τοῦ</span> <span class='ocrx_word' id='word_1_5' title='bbox 1223 475 1531 545; x_wconf 84' lang='grc' dir='ltr'>Πνεύματος</span> <span class='ocrx_word' id='word_1_6' title='bbox 1572 477 1650 539; x_wconf 89' lang='grc' dir='ltr'>εἰς</span> <span class='ocrx_word' id='word_1_7' title='bbox 1690 475 1787 546; x_wconf 79' lang='grc' dir='ltr'>τὴν</span> <span class='ocrx_word' id='word_1_8' title='bbox 1827 471 2219 542; x_wconf 78' lang='grc' dir='ltr'>αἰχμαλωσίαν,</span> 
     </span>
    </p>
   </div>
   <div class='ocr_carea' id='block_1_3' title="bbox 668 560 2222 631">
    <p class='ocr_par' dir='ltr' id='par_1_3' title="bbox 668 560 2222 631">
     <span class='ocr_line' id='line_1_3' title="bbox 668 560 2222 631; baseline -0.004 -17"><span class='ocrx_word' id='word_1_9' title='bbox 668 561 766 614; x_wconf 77' lang='grc' dir='ltr'>καὶ</span> <span class='ocrx_word' id='word_1_10' title='bbox 792 561 1133 629; x_wconf 82' lang='grc' dir='ltr'>παρορμᾰται</span> <span class='ocrx_word' id='word_1_11' title='bbox 1165 560 1268 612; x_wconf 79' lang='grc' dir='ltr'>ὑπὸ</span> <span class='ocrx_word' id='word_1_12' title='bbox 1291 562 1383 613; x_wconf 91' lang='grc' dir='ltr'>τοῦ</span> <span class='ocrx_word' id='word_1_13' title='bbox 1417 562 1549 613; x_wconf 86' lang='grc' dir='ltr'>Θεοῦ</span> <span class='ocrx_word' id='word_1_14' title='bbox 1579 562 1714 631; x_wconf 82' lang='grc' dir='ltr'>πρὸς</span> <span class='ocrx_word' id='word_1_15' title='bbox 1743 560 1802 613; x_wconf 85' lang='grc' dir='ltr'>τὸ</span> <span class='ocrx_word' id='word_1_16' title='bbox 1837 561 1972 629; x_wconf 83' lang='grc' dir='ltr'>μετά</span> <span class='ocrx_word' id='word_1_17' title='bbox 2011 560 2222 629; x_wconf 77' lang='grc' dir='ltr'>παρρη-</span> 
     </span>
    </p>
   </div>
   <div class='ocr_carea' id='block_1_4' title="bbox 671 643 2224 716">
    <p class='ocr_par' dir='ltr' id='par_1_4' title="bbox 671 643 2224 716">
     <span class='ocr_line' id='line_1_4' title="bbox 671 643 2224 716; baseline -0.003 -17"><span class='ocrx_word' id='word_1_18' title='bbox 671 647 792 708; x_wconf 87' lang='grc' dir='ltr'>σίας</span> <span class='ocrx_word' id='word_1_19' title='bbox 813 647 905 699; x_wconf 70' lang='grc' dir='ltr'>καὶ</span> <span class='ocrx_word' id='word_1_20' title='bbox 936 644 1142 708; x_wconf 81' lang='grc' dir='ltr'>ἀόκνως</span> <span class='ocrx_word' id='word_1_21' title='bbox 1169 649 1279 710; x_wconf 86' lang='grc' dir='ltr'>τοῖς</span> <span class='ocrx_word' id='word_1_22' title='bbox 1305 664 1363 699; x_wconf 90' lang='grc' dir='ltr'>τε</span> <span class='ocrx_word' id='word_1_23' title='bbox 1396 647 1615 716; x_wconf 81' lang='grc' dir='ltr'>ἀνόμοις</span> <span class='ocrx_word' id='word_1_24' title='bbox 1635 647 1724 700; x_wconf 77' lang='grc' dir='ltr'>καὶ</span> <span class='ocrx_word' id='word_1_25' title='bbox 1747 649 1857 708; x_wconf 75' lang='grc' dir='ltr'>τοῖς</span> <span class='ocrx_word' id='word_1_26' title='bbox 1877 645 2101 706; x_wconf 90' lang='grc' dir='ltr'>δικαίοις</span> <span class='ocrx_word' id='word_1_27' title='bbox 2127 643 2224 714; x_wconf 81' lang='grc' dir='ltr'>τὴν</span> 
     </span>
    </p>
   </div>
   <div class='ocr_carea' id='block_1_5' title="bbox 669 728 2222 801">
    <p class='ocr_par' dir='ltr' id='par_1_5' title="bbox 669 728 2222 801">
     <span class='ocr_line' id='line_1_5' title="bbox 669 728 2222 801; baseline -0.003 -17"><span class='ocrx_word' id='word_1_28' title='bbox 669 733 750 794; x_wconf 83' lang='grc' dir='ltr'>εἰς</span> <span class='ocrx_word' id='word_1_29' title='bbox 781 731 878 801; x_wconf 79' lang='grc' dir='ltr'>τὴν</span> <span class='ocrx_word' id='word_1_30' title='bbox 899 730 1040 800; x_wconf 78' lang='grc' dir='ltr'>ζωὴν</span> <span class='ocrx_word' id='word_1_31' title='bbox 1068 731 1336 800; x_wconf 76' lang='grc' dir='ltr'>φέρουσαν</span> <span class='ocrx_word' id='word_1_32' title='bbox 1362 731 1714 799; x_wconf 89' lang='grc' dir='ltr'>διαγγέλλειν,</span> <span class='ocrx_word' id='word_1_33' title='bbox 1738 730 1945 793; x_wconf 78' lang='grc' dir='ltr'>καὶτὰς</span> <span class='ocrx_word' id='word_1_34' title='bbox 1971 730 2063 782; x_wconf 90' lang='grc' dir='ltr'>τοῦ</span> <span class='ocrx_word' id='word_1_35' title='bbox 2089 728 2222 781; x_wconf 85' lang='grc' dir='ltr'>Θεοῦ</span> 
     </span>
    </p>
   </div>
   <div class='ocr_carea' id='block_1_6' title="bbox 670 815 2225 886">
    <p class='ocr_par' dir='ltr' id='par_1_6' title="bbox 670 815 2225 886">
     <span class='ocr_line' id='line_1_6' title="bbox 670 815 2225 886; baseline -0.001 -18"><span class='ocrx_word' id='word_1_36' title='bbox 670 815 1001 886; x_wconf 82' lang='grc' dir='ltr'>προμηνύειν</span> <span class='ocrx_word' id='word_1_37' title='bbox 1022 816 1257 879; x_wconf 87' lang='grc' dir='ltr'>ἐντολάς.</span> <span class='ocrx_word' id='word_1_38' title='bbox 1289 816 1578 870; x_wconf 83' lang='grc' dir='ltr'>Κελεύεται</span> <span class='ocrx_word' id='word_1_39' title='bbox 1600 818 1872 884; x_wconf 87' lang='grc' dir='ltr'>ἐγκλεῖσαι</span> <span class='ocrx_word' id='word_1_40' title='bbox 1905 816 2112 878; x_wconf 85' lang='grc' dir='ltr'>ἐαυτὸν,</span> <span class='ocrx_word' id='word_1_41' title='bbox 2131 816 2225 868; x_wconf 81' lang='grc' dir='ltr'>καὶ</span> 
     </span>
    </p>
   </div>
   <div class='ocr_carea' id='block_1_7' title="bbox 666 900 2225 974">
    <p class='ocr_par' dir='ltr' id='par_1_7' title="bbox 666 900 2225 974">
     <span class='ocr_line' id='line_1_7' title="bbox 666 900 2225 974; baseline 0.001 -22"><span class='ocrx_word' id='word_1_42' title='bbox 666 902 766 970; x_wconf 82' lang='grc' dir='ltr'>τῆς</span> <span class='ocrx_word' id='word_1_43' title='bbox 799 901 1150 972; x_wconf 84' lang='grc' dir='ltr'>Ἰερουσαλὴμ</span> <span class='ocrx_word' id='word_1_44' title='bbox 1179 902 1486 972; x_wconf 78' lang='grc' dir='ltr'>πολιορκίαν</span> <span class='ocrx_word' id='word_1_45' title='bbox 1509 901 1848 974; x_wconf 82' lang='grc' dir='ltr'>προμηνῦσαι</span> <span class='ocrx_word' id='word_1_46' title='bbox 1873 902 1959 955; x_wconf 87' lang='grc' dir='ltr'>διά</span> <span class='ocrx_word' id='word_1_47' title='bbox 1981 900 2074 954; x_wconf 87' lang='grc' dir='ltr'>τοῦ</span> <span class='ocrx_word' id='word_1_48' title='bbox 2094 902 2225 954; x_wconf 77' lang='grc' dir='ltr'>ὁπο-</span> 
     </span>
    </p>
   </div>
   <div class='ocr_carea' id='block_1_8' title="bbox 665 987 2221 1059">
    <p class='ocr_par' dir='ltr' id='par_1_8' title="bbox 665 987 2221 1059">
     <span class='ocr_line' id='line_1_8' title="bbox 665 987 2221 1059; baseline -0.001 -19"><span class='ocrx_word' id='word_1_49' title='bbox 665 988 956 1057; x_wconf 86' lang='grc' dir='ltr'>δείγματος</span> <span class='ocrx_word' id='word_1_50' title='bbox 984 988 1084 1057; x_wconf 84' lang='grc' dir='ltr'>τῆς</span> <span class='ocrx_word' id='word_1_51' title='bbox 1117 987 1332 1040; x_wconf 83' lang='grc' dir='ltr'>πλίνθου</span> <span class='ocrx_word' id='word_1_52' title='bbox 1373 990 1466 1042; x_wconf 73' lang='grc' dir='ltr'>καὶ</span> <span class='ocrx_word' id='word_1_53' title='bbox 1507 989 1596 1042; x_wconf 92' lang='grc' dir='ltr'>τοῦ</span> <span class='ocrx_word' id='word_1_54' title='bbox 1635 990 1891 1059; x_wconf 88' lang='grc' dir='ltr'>τηγάνου.</span> <span class='ocrx_word' id='word_1_55' title='bbox 1930 987 2221 1041; x_wconf 81' lang='grc' dir='ltr'>Κελεύεται</span> 
     </span>
    </p>
   </div>
   <div class='ocr_carea' id='block_1_9' title="bbox 665 1072 2219 1145">
    <p class='ocr_par' dir='ltr' id='par_1_9' title="bbox 665 1072 2219 1145">
     <span class='ocr_line' id='line_1_9' title="bbox 665 1072 2219 1145; baseline -0.001 -20"><span class='ocrx_word' id='word_1_56' title='bbox 665 1073 723 1125; x_wconf 74' lang='grc' dir='ltr'>δὲ</span> <span class='ocrx_word' id='word_1_57' title='bbox 756 1074 849 1127; x_wconf 63' lang='grc' dir='ltr'>καὶ¹</span> <span class='ocrx_word' id='word_1_58' title='bbox 879 1075 970 1125; x_wconf 78' lang='grc' dir='ltr'>ἐπὶ</span> <span class='ocrx_word' id='word_1_59' title='bbox 1003 1073 1061 1125; x_wconf 84' lang='grc' dir='ltr'>ἒν</span> <span class='ocrx_word' id='word_1_60' title='bbox 1098 1074 1328 1143; x_wconf 73' lang='grc' dir='ltr'>πλευρὸν</span> <span class='ocrx_word' id='word_1_61' title='bbox 1369 1075 1691 1145; x_wconf 81' lang='grc' dir='ltr'>κοιμηθῆναι</span> <span class='ocrx_word' id='word_1_62' title='bbox 1717 1074 1938 1145; x_wconf 79' lang='grc' dir='ltr'>ἡμερῶν</span> <span class='ocrx_word' id='word_1_63' title='bbox 1971 1072 2219 1143; x_wconf 81' lang='grc' dir='ltr'>ἀριθμὸν,</span> 
     </span>
    </p>
   </div>
   <div class='ocr_carea' id='block_1_10' title="bbox 667 1158 2221 1231">
    <p class='ocr_par' dir='ltr' id='par_1_10' title="bbox 667 1158 2221 1231">
     <span class='ocr_line' id='line_1_10' title="bbox 667 1158 2221 1231; baseline -0.001 -21"><span class='ocrx_word' id='word_1_64' title='bbox 667 1160 912 1229; x_wconf 76' lang='grc' dir='ltr'>φανερῶν</span> <span class='ocrx_word' id='word_1_65' title='bbox 959 1162 1056 1230; x_wconf 80' lang='grc' dir='ltr'>τὴν</span> <span class='ocrx_word' id='word_1_66' title='bbox 1108 1162 1165 1212; x_wconf 81' lang='grc' dir='ltr'>ἐιν</span> <span class='ocrx_word' id='word_1_67' title='bbox 1202 1163 1267 1228; x_wconf 85' lang='grc' dir='ltr'>τῇ</span> <span class='ocrx_word' id='word_1_68' title='bbox 1313 1161 1652 1231; x_wconf 74' lang='grc' dir='ltr'>αἰχμαλωσίᾳ</span> <span class='ocrx_word' id='word_1_69' title='bbox 1693 1162 1953 1230; x_wconf 75' lang='grc' dir='ltr'>ἐσομένην</span> <span class='ocrx_word' id='word_1_70' title='bbox 1994 1159 2071 1228; x_wconf 85' lang='grc' dir='ltr'>τῷ</span> <span class='ocrx_word' id='word_1_71' title='bbox 2109 1158 2221 1228; x_wconf 86' lang='grc' dir='ltr'>λαῷ</span> 
     </span>
    </p>
   </div>
   <div class='ocr_carea' id='block_1_11' title="bbox 667 1246 2223 1317">
    <p class='ocr_par' dir='ltr' id='par_1_11' title="bbox 667 1246 2223 1317">
     <span class='ocr_line' id='line_1_11' title="bbox 667 1246 2223 1317; baseline 0 -20"><span class='ocrx_word' id='word_1_72' title='bbox 667 1246 864 1312; x_wconf 84' lang='grc' dir='ltr'>θλίψιν.</span> <span class='ocrx_word' id='word_1_73' title='bbox 908 1246 1166 1316; x_wconf 88' lang='grc' dir='ltr'>Προλέγει</span> <span class='ocrx_word' id='word_1_74' title='bbox 1209 1247 1294 1300; x_wconf 77' lang='grc' dir='ltr'>διά</span> <span class='ocrx_word' id='word_1_75' title='bbox 1343 1247 1448 1300; x_wconf 89' lang='grc' dir='ltr'>τῶν</span> <span class='ocrx_word' id='word_1_76' title='bbox 1481 1247 1686 1317; x_wconf 81' lang='grc' dir='ltr'>ἀρτων,</span> <span class='ocrx_word' id='word_1_77' title='bbox 1717 1247 1809 1309; x_wconf 79' lang='lat'><strong>0&#39;6;</strong></span> <span class='ocrx_word' id='word_1_78' title='bbox 1842 1249 1932 1299; x_wconf 75' lang='grc' dir='ltr'>ἐπὶ</span> <span class='ocrx_word' id='word_1_79' title='bbox 1967 1246 2223 1315; x_wconf 87' lang='grc' dir='ltr'>βολϐίτων</span> 
     </span>
    </p>
   </div>
   <div class='ocr_carea' id='block_1_12' title="bbox 665 1331 2221 1401">
    <p class='ocr_par' dir='ltr' id='par_1_12' title="bbox 665 1331 2221 1401">
     <span class='ocr_line' id='line_1_12' title="bbox 665 1331 2221 1401; baseline 0.001 -20"><span class='ocrx_word' id='word_1_80' title='bbox 665 1333 826 1396; x_wconf 82' lang='grc' dir='ltr'>ποιεί,</span> <span class='ocrx_word' id='word_1_81' title='bbox 860 1331 952 1383; x_wconf 73' lang='grc' dir='ltr'>καὶ</span> <span class='ocrx_word' id='word_1_82' title='bbox 985 1331 1070 1384; x_wconf 76' lang='grc' dir='ltr'>διὰ</span> <span class='ocrx_word' id='word_1_83' title='bbox 1111 1331 1197 1382; x_wconf 80' lang='grc' dir='ltr'>τοῦ</span> <span class='ocrx_word' id='word_1_84' title='bbox 1243 1331 1506 1401; x_wconf 87' lang='grc' dir='ltr'>μερισμοῦ</span> <span class='ocrx_word' id='word_1_85' title='bbox 1535 1331 1640 1384; x_wconf 89' lang='grc' dir='ltr'>τῶν</span> <span class='ocrx_word' id='word_1_86' title='bbox 1669 1332 1864 1401; x_wconf 83' lang='grc' dir='ltr'>τριχῶν</span> <span class='ocrx_word' id='word_1_87' title='bbox 1887 1331 1976 1384; x_wconf 81' lang='grc' dir='ltr'>τὸν</span> <span class='ocrx_word' id='word_1_88' title='bbox 1996 1331 2221 1384; x_wconf 88' lang='grc' dir='ltr'>θάνατον</span> 
     </span>
    </p>
   </div>
   <div class='ocr_carea' id='block_1_13' title="bbox 665 1416 2218 1488">
    <p class='ocr_par' dir='ltr' id='par_1_13' title="bbox 665 1416 2218 1488">
     <span class='ocr_line' id='line_1_13' title="bbox 665 1416 2218 1488; baseline 0.001 -22"><span class='ocrx_word' id='word_1_89' title='bbox 665 1416 845 1468; x_wconf 80' lang='grc' dir='ltr'>αὐτῶν</span> <span class='ocrx_word' id='word_1_90' title='bbox 865 1417 956 1468; x_wconf 74' lang='grc' dir='ltr'>καὶ</span> <span class='ocrx_word' id='word_1_91' title='bbox 977 1416 1070 1486; x_wconf 76' lang='grc' dir='ltr'>τὴν</span> <span class='ocrx_word' id='word_1_92' title='bbox 1101 1417 1396 1486; x_wconf 71' lang='grc' dir='ltr'>διασπορὰν</span> <span class='ocrx_word' id='word_1_93' title='bbox 1416 1433 1428 1447; x_wconf 66' lang='grc' dir='ltr'>ι</span> <span class='ocrx_word' id='word_1_94' title='bbox 1452 1419 1545 1469; x_wconf 77' lang='grc' dir='ltr'>καὶ</span> <span class='ocrx_word' id='word_1_95' title='bbox 1573 1417 1668 1488; x_wconf 80' lang='grc' dir='ltr'>τὴν</span> <span class='ocrx_word' id='word_1_96' title='bbox 1688 1419 1964 1488; x_wconf 74' lang='grc' dir='ltr'>ἐρήμωσιν</span> <span class='ocrx_word' id='word_1_97' title='bbox 1997 1418 2095 1486; x_wconf 80' lang='grc' dir='ltr'>τῆς</span> <span class='ocrx_word' id='word_1_98' title='bbox 2122 1417 2218 1469; x_wconf 70' lang='grc' dir='ltr'>πόα</span> 
     </span>
    </p>
   </div>
   <div class='ocr_carea' id='block_1_14' title="bbox 663 1499 2220 1574">
    <p class='ocr_par' dir='ltr' id='par_1_14' title="bbox 663 1499 2220 1574">
     <span class='ocr_line' id='line_1_14' title="bbox 663 1499 2220 1574; baseline 0.002 -24"><span class='ocrx_word' id='word_1_99' title='bbox 663 1499 797 1560; x_wconf 87' lang='grc' dir='ltr'>λεως</span> <span class='ocrx_word' id='word_1_100' title='bbox 834 1502 924 1553; x_wconf 80' lang='grc' dir='ltr'>καὶ</span> <span class='ocrx_word' id='word_1_101' title='bbox 945 1502 1050 1552; x_wconf 88' lang='grc' dir='ltr'>τῶν</span> <span class='ocrx_word' id='word_1_102' title='bbox 1072 1501 1298 1553; x_wconf 80' lang='grc' dir='ltr'>εἰδώλων</span> <span class='ocrx_word' id='word_1_103' title='bbox 1321 1502 1687 1572; x_wconf 87' lang='grc' dir='ltr'>προστίθησιν.</span> <span class='ocrx_word' id='word_1_104' title='bbox 1722 1503 1852 1574; x_wconf 79' lang='grc' dir='ltr'>Ὁρᾷ</span> <span class='ocrx_word' id='word_1_105' title='bbox 1881 1503 1977 1556; x_wconf 79' lang='grc' dir='ltr'>τὰς</span> <span class='ocrx_word' id='word_1_106' title='bbox 1997 1502 2220 1572; x_wconf 75' lang='grc' dir='ltr'>ἀνομίας</span> 
     </span>
    </p>
   </div>
   <div class='ocr_carea' id='block_1_15' title="bbox 661 1589 2220 1660">
    <p class='ocr_par' dir='ltr' id='par_1_15' title="bbox 661 1589 2220 1660">
     <span class='ocr_line' id='line_1_15' title="bbox 661 1589 2220 1660; baseline 0.002 -21"><span class='ocrx_word' id='word_1_107' title='bbox 661 1589 755 1640; x_wconf 90' lang='grc' dir='ltr'>τοῦ</span> <span class='ocrx_word' id='word_1_108' title='bbox 790 1589 917 1641; x_wconf 90' lang='grc' dir='ltr'>λαοῦ</span> <span class='ocrx_word' id='word_1_109' title='bbox 953 1590 1044 1642; x_wconf 67' lang='grc' dir='ltr'>καλ⁸</span> <span class='ocrx_word' id='word_1_110' title='bbox 1081 1589 1176 1659; x_wconf 80' lang='grc' dir='ltr'>τὴν</span> <span class='ocrx_word' id='word_1_111' title='bbox 1216 1590 1672 1660; x_wconf 81' lang='grc' dir='ltr'>είδωλολατρείαν.</span> <span class='ocrx_word' id='word_1_112' title='bbox 1705 1590 1860 1644; x_wconf 86' lang='grc' dir='ltr'>Μετά</span> <span class='ocrx_word' id='word_1_113' title='bbox 1887 1589 2054 1643; x_wconf 85' lang='grc' dir='ltr'>ταῦτα</span> <span class='ocrx_word' id='word_1_114' title='bbox 2095 1591 2220 1653; x_wconf 84' lang='lat'><strong>106;</strong></span> 
     </span>
    </p>
   </div>
   <div class='ocr_carea' id='block_1_16' title="bbox 661 1674 2219 1746">
    <p class='ocr_par' dir='ltr' id='par_1_16' title="bbox 661 1674 2219 1746">
     <span class='ocr_line' id='line_1_16' title="bbox 661 1674 2219 1746; baseline 0.001 -20"><span class='ocrx_word' id='word_1_115' title='bbox 661 1674 764 1736; x_wconf 73' lang='grc' dir='ltr'>ἕως</span> <span class='ocrx_word' id='word_1_116' title='bbox 791 1675 1009 1744; x_wconf 77' lang='grc' dir='ltr'>ὀλέθρου</span> <span class='ocrx_word' id='word_1_117' title='bbox 1039 1675 1136 1744; x_wconf 84' lang='grc' dir='ltr'>τῆς</span> <span class='ocrx_word' id='word_1_118' title='bbox 1169 1676 1373 1738; x_wconf 81' lang='grc' dir='ltr'>πόλεως</span> <span class='ocrx_word' id='word_1_119' title='bbox 1406 1675 1672 1738; x_wconf 88' lang='grc' dir='ltr'>ἐλθόντας.</span> <span class='ocrx_word' id='word_1_120' title='bbox 1709 1676 1838 1746; x_wconf 79' lang='grc' dir='ltr'>Ὁρᾷ</span> <span class='ocrx_word' id='word_1_121' title='bbox 1869 1676 1925 1729; x_wconf 78' lang='grc' dir='ltr'>δὲ</span> <span class='ocrx_word' id='word_1_122' title='bbox 1959 1675 2118 1730; x_wconf 85' lang='grc' dir='ltr'>πάλιν</span> <span class='ocrx_word' id='word_1_123' title='bbox 2150 1677 2219 1728; x_wconf 82' lang='grc' dir='ltr'>τά</span> 
     </span>
    </p>
   </div>
   <div class='ocr_carea' id='block_1_17' title="bbox 661 1760 2218 1832">
    <p class='ocr_par' dir='ltr' id='par_1_17' title="bbox 661 1760 2218 1832">
     <span class='ocr_line' id='line_1_17' title="bbox 661 1760 2218 1832; baseline 0.001 -20"><span class='ocrx_word' id='word_1_124' title='bbox 661 1760 960 1830; x_wconf 66' lang='grc' dir='ltr'>Χερουϐὶμ,</span> <span class='ocrx_word' id='word_1_125' title='bbox 985 1761 1076 1812; x_wconf 74' lang='grc' dir='ltr'>καὶ</span> <span class='ocrx_word' id='word_1_126' title='bbox 1102 1760 1355 1829; x_wconf 83' lang='grc' dir='ltr'>προλέγει</span> <span class='ocrx_word' id='word_1_127' title='bbox 1379 1764 1445 1831; x_wconf 84' lang='grc' dir='ltr'>τῇ</span> <span class='ocrx_word' id='word_1_128' title='bbox 1481 1761 1631 1814; x_wconf 84' lang='grc' dir='ltr'>πόλει</span> <span class='ocrx_word' id='word_1_129' title='bbox 1671 1762 1832 1814; x_wconf 85' lang='grc' dir='ltr'>κακά.</span> <span class='ocrx_word' id='word_1_130' title='bbox 1852 1762 1985 1832; x_wconf 76' lang='grc' dir='ltr'>Περὶ</span> <span class='ocrx_word' id='word_1_131' title='bbox 2007 1762 2114 1814; x_wconf 92' lang='grc' dir='ltr'>τῶν</span> <span class='ocrx_word' id='word_1_132' title='bbox 2141 1763 2218 1824; x_wconf 90' lang='grc' dir='ltr'>εἰς</span> 
     </span>
    </p>
   </div>
   <div class='ocr_carea' id='block_1_18' title="bbox 605 1845 2217 1918">
    <p class='ocr_par' dir='ltr' id='par_1_18' title="bbox 605 1845 2217 1918">
     <span class='ocr_line' id='line_1_18' title="bbox 605 1845 2217 1918; baseline 0.003 -22"><span class='ocrx_word' id='word_1_133' title='bbox 605 1891 607 1894; x_wconf 12' lang='grc' dir='ltr'>ι</span> <span class='ocrx_word' id='word_1_134' title='bbox 660 1845 894 1915; x_wconf 85' lang='grc' dir='ltr'>Χριστὸν</span> <span class='ocrx_word' id='word_1_135' title='bbox 933 1848 1308 1901; x_wconf 87' lang='grc' dir='ltr'>πιστευόντων.</span> <span class='ocrx_word' id='word_1_136' title='bbox 1354 1847 1660 1918; x_wconf 79' lang='grc' dir='ltr'>Προμηνύει</span> <span class='ocrx_word' id='word_1_137' title='bbox 1700 1847 1798 1917; x_wconf 79' lang='grc' dir='ltr'>τὴν</span> <span class='ocrx_word' id='word_1_138' title='bbox 1845 1847 2217 1916; x_wconf 80' lang='grc' dir='ltr'>αἰχμαλωσίαν</span> 
     </span>
    </p>
   </div>
   <div class='ocr_carea' id='block_1_19' title="bbox 657 1930 2219 2003">
    <p class='ocr_par' dir='ltr' id='par_1_19' title="bbox 657 1930 2219 2003">
     <span class='ocr_line' id='line_1_19' title="bbox 657 1930 2219 2003; baseline -0.001 -19"><span class='ocrx_word' id='word_1_139' title='bbox 657 1930 815 1992; x_wconf 79' lang='grc' dir='ltr'>αὖθις</span> <span class='ocrx_word' id='word_1_140' title='bbox 856 1932 948 1984; x_wconf 89' lang='grc' dir='ltr'>τοῦ</span> <span class='ocrx_word' id='word_1_141' title='bbox 977 1931 1104 1985; x_wconf 86' lang='grc' dir='ltr'>λαοῦ</span> <span class='ocrx_word' id='word_1_142' title='bbox 1138 1933 1235 2003; x_wconf 79' lang='grc' dir='ltr'>τὴν</span> <span class='ocrx_word' id='word_1_143' title='bbox 1273 1933 1364 1985; x_wconf 86' lang='grc' dir='ltr'>ἐπί</span> <span class='ocrx_word' id='word_1_144' title='bbox 1390 1933 1658 1996; x_wconf 86' lang='grc' dir='ltr'>Σεδεκίου,</span> <span class='ocrx_word' id='word_1_145' title='bbox 1686 1933 1777 1986; x_wconf 80' lang='grc' dir='ltr'>καὶ</span> <span class='ocrx_word' id='word_1_146' title='bbox 1806 1933 1904 2002; x_wconf 80' lang='grc' dir='ltr'>τὴν</span> <span class='ocrx_word' id='word_1_147' title='bbox 1942 1931 2101 1984; x_wconf 88' lang='lat'><strong>06106</strong></span> <span class='ocrx_word' id='word_1_148' title='bbox 2130 1933 2219 1984; x_wconf 78' lang='grc' dir='ltr'>Σεο</span> 
     </span>
    </p>
   </div>
   <div class='ocr_carea' id='block_1_20' title="bbox 658 2016 2218 2088">
    <p class='ocr_par' dir='ltr' id='par_1_20' title="bbox 658 2016 2218 2088">
     <span class='ocr_line' id='line_1_20' title="bbox 658 2016 2218 2088; baseline 0.001 -19"><span class='ocrx_word' id='word_1_149' title='bbox 658 2017 834 2070; x_wconf 87' lang='grc' dir='ltr'>δεκίου</span> <span class='ocrx_word' id='word_1_150' title='bbox 851 2017 1118 2085; x_wconf 81' lang='grc' dir='ltr'>τύφλωσιν</span> <span class='ocrx_word' id='word_1_151' title='bbox 1142 2018 1239 2088; x_wconf 84' lang='grc' dir='ltr'>τὴν</span> <span class='ocrx_word' id='word_1_152' title='bbox 1259 2017 1362 2070; x_wconf 82' lang='grc' dir='ltr'>ὑπὸ</span> <span class='ocrx_word' id='word_1_153' title='bbox 1385 2018 1476 2079; x_wconf 83' lang='grc' dir='ltr'>τοῦ</span> <span class='ocrx_word' id='word_1_154' title='bbox 1513 2017 1975 2088; x_wconf 85' lang='grc' dir='ltr'>Ναϐουχοδονόσορ</span> <span class='ocrx_word' id='word_1_155' title='bbox 1997 2016 2218 2088; x_wconf 84' lang='grc' dir='ltr'>γενομέ-</span> 
     </span>
    </p>
   </div>
   <div class='ocr_carea' id='block_1_21' title="bbox 659 2100 2217 2173">
    <p class='ocr_par' dir='ltr' id='par_1_21' title="bbox 659 2100 2217 2173">
     <span class='ocr_line' id='line_1_21' title="bbox 659 2100 2217 2173; baseline -0.001 -17"><span class='ocrx_word' id='word_1_156' title='bbox 659 2121 778 2173; x_wconf 86' lang='grc' dir='ltr'>νην.</span> <span class='ocrx_word' id='word_1_157' title='bbox 813 2103 1091 2173; x_wconf 82' lang='grc' dir='ltr'>Προλέγει,</span> <span class='ocrx_word' id='word_1_158' title='bbox 1119 2103 1192 2173; x_wconf 84' lang='grc' dir='ltr'>μὴ</span> <span class='ocrx_word' id='word_1_159' title='bbox 1221 2105 1300 2166; x_wconf 83' lang='grc' dir='ltr'>εἰς</span> <span class='ocrx_word' id='word_1_160' title='bbox 1333 2102 1540 2173; x_wconf 82' lang='grc' dir='ltr'>μακρὸν</span> <span class='ocrx_word' id='word_1_161' title='bbox 1568 2102 1754 2172; x_wconf 90' lang='grc' dir='ltr'>χρόνον</span> <span class='ocrx_word' id='word_1_162' title='bbox 1791 2102 2113 2172; x_wconf 83' lang='grc' dir='ltr'>ἐκϐήσεσθαι</span> <span class='ocrx_word' id='word_1_163' title='bbox 2149 2100 2217 2155; x_wconf 81' lang='grc' dir='ltr'>τὰ</span> 
     </span>
    </p>
   </div>
   <div class='ocr_carea' id='block_1_22' title="bbox 659 2186 2214 2261">
    <p class='ocr_par' dir='ltr' id='par_1_22' title="bbox 659 2186 2214 2261">
     <span class='ocr_line' id='line_1_22' title="bbox 659 2186 2214 2261; baseline -0.001 -16"><span class='ocrx_word' id='word_1_164' title='bbox 659 2192 824 2256; x_wconf 82' lang='grc' dir='ltr'>κακά,</span> <span class='ocrx_word' id='word_1_165' title='bbox 851 2193 961 2244; x_wconf 83' lang='grc' dir='ltr'>ἀλλ’</span> <span class='ocrx_word' id='word_1_166' title='bbox 977 2193 1142 2259; x_wconf 83' lang='grc' dir='ltr'>ἐγγὺς</span> <span class='ocrx_word' id='word_1_167' title='bbox 1164 2186 1320 2246; x_wconf 74' lang='grc' dir='ltr'>εἶναι.</span> <span class='ocrx_word' id='word_1_168' title='bbox 1339 2191 1572 2244; x_wconf 83' lang='grc' dir='ltr'>Ἀπειλεῖ</span> <span class='ocrx_word' id='word_1_169' title='bbox 1603 2193 1712 2253; x_wconf 87' lang='grc' dir='ltr'>τοίς</span> <span class='ocrx_word' id='word_1_170' title='bbox 1731 2190 2214 2261; x_wconf 78' lang='grc' dir='ltr'>ψευδοπροφήταις,</span> 
     </span>
    </p>
   </div>
   <div class='ocr_carea' id='block_1_23' title="bbox 661 2274 2212 2352">
    <p class='ocr_par' dir='ltr' id='par_1_23' title="bbox 661 2274 2212 2352">
     <span class='ocr_line' id='line_1_23' title="bbox 661 2274 2212 2352; baseline -0.003 -18"><span class='ocrx_word' id='word_1_171' title='bbox 661 2279 806 2352; x_wconf 75' lang='lat'>[587]</span> <span class='ocrx_word' id='word_1_172' title='bbox 842 2283 934 2333; x_wconf 73' lang='grc' dir='ltr'>καὶ</span> <span class='ocrx_word' id='word_1_173' title='bbox 985 2279 1328 2348; x_wconf 82' lang='grc' dir='ltr'>ἀπαραίτητα</span> <span class='ocrx_word' id='word_1_174' title='bbox 1379 2278 1557 2331; x_wconf 87' lang='grc' dir='ltr'>αὐτῶν</span> <span class='ocrx_word' id='word_1_175' title='bbox 1591 2295 1724 2346; x_wconf 85' lang='grc' dir='ltr'>φησι</span> <span class='ocrx_word' id='word_1_176' title='bbox 1761 2277 1831 2330; x_wconf 90' lang='grc' dir='ltr'>τά</span> <span class='ocrx_word' id='word_1_177' title='bbox 1873 2279 2017 2331; x_wconf 88' lang='grc' dir='ltr'>κακά</span> <span class='ocrx_word' id='word_1_178' title='bbox 2055 2274 2212 2342; x_wconf 84' lang='grc' dir='ltr'>εἶναι,</span> 
     </span>
    </p>
   </div>
   <div class='ocr_carea' id='block_1_24' title="bbox 655 2363 2214 2435">
    <p class='ocr_par' dir='ltr' id='par_1_24' title="bbox 655 2363 2214 2435">
     <span class='ocr_line' id='line_1_24' title="bbox 655 2363 2214 2435; baseline 0 -16"><span class='ocrx_word' id='word_1_179' title='bbox 655 2367 801 2435; x_wconf 75' lang='grc' dir='ltr'>ἅπερ</span> <span class='ocrx_word' id='word_1_180' title='bbox 827 2366 1214 2435; x_wconf 81' lang='grc' dir='ltr'>ύποστήσονται</span> <span class='ocrx_word' id='word_1_181' title='bbox 1234 2383 1247 2396; x_wconf 90' lang='grc'><strong>·</strong></span> <span class='ocrx_word' id='word_1_182' title='bbox 1283 2365 1358 2427; x_wconf 86' lang='grc' dir='ltr'>ὠς</span> <span class='ocrx_word' id='word_1_183' title='bbox 1395 2364 1529 2435; x_wconf 86' lang='grc' dir='ltr'>μηδὲ</span> <span class='ocrx_word' id='word_1_184' title='bbox 1569 2365 1705 2428; x_wconf 88' lang='grc' dir='ltr'>Ἰὼϐ,</span> <span class='ocrx_word' id='word_1_185' title='bbox 1734 2363 1765 2434; x_wconf 76' lang='grc' dir='ltr'>ἢ</span> <span class='ocrx_word' id='word_1_186' title='bbox 1798 2363 2013 2434; x_wconf 81' lang='grc' dir='ltr'>Δανιὴλ,</span> <span class='ocrx_word' id='word_1_187' title='bbox 2040 2364 2214 2434; x_wconf 74' lang='grc' dir='ltr'>ἢΝῶι</span> 
     </span>
    </p>
   </div>
   <div class='ocr_carea' id='block_1_25' title="bbox 655 2449 2214 2522">
    <p class='ocr_par' dir='ltr' id='par_1_25' title="bbox 655 2449 2214 2522">
     <span class='ocr_line' id='line_1_25' title="bbox 655 2449 2214 2522; baseline -0.001 -18"><span class='ocrx_word' id='word_1_188' title='bbox 655 2453 780 2514; x_wconf 83' lang='lat'><strong>106;</strong></span> <span class='ocrx_word' id='word_1_189' title='bbox 809 2453 952 2513; x_wconf 78' lang='grc' dir='ltr'>υίοῦς</span> <span class='ocrx_word' id='word_1_190' title='bbox 984 2450 1158 2505; x_wconf 82' lang='grc' dir='ltr'>αὐτῶν</span> <span class='ocrx_word' id='word_1_191' title='bbox 1186 2450 1442 2507; x_wconf 84' lang='grc' dir='ltr'>δύνασθαι</span> <span class='ocrx_word' id='word_1_192' title='bbox 1476 2449 1760 2521; x_wconf 73' lang='grc' dir='ltr'>ῥύσασθαιο</span> <span class='ocrx_word' id='word_1_193' title='bbox 1791 2451 1882 2503; x_wconf 79' lang='grc' dir='ltr'>καὶ</span> <span class='ocrx_word' id='word_1_194' title='bbox 1899 2451 1998 2522; x_wconf 78' lang='grc' dir='ltr'>τὴν</span> <span class='ocrx_word' id='word_1_195' title='bbox 2019 2453 2097 2514; x_wconf 86' lang='grc' dir='ltr'>είς</span> <span class='ocrx_word' id='word_1_196' title='bbox 2126 2450 2214 2503; x_wconf 85' lang='grc' dir='ltr'>τέ-</span> 
     </span>
    </p>
   </div>
   <div class='ocr_carea' id='block_1_26' title="bbox 657 2535 2216 2609">
    <p class='ocr_par' dir='ltr' id='par_1_26' title="bbox 657 2535 2216 2609">
     <span class='ocr_line' id='line_1_26' title="bbox 657 2535 2216 2609; baseline -0.001 -19"><span class='ocrx_word' id='word_1_197' title='bbox 657 2539 745 2602; x_wconf 81' lang='grc' dir='ltr'>λος</span> <span class='ocrx_word' id='word_1_198' title='bbox 774 2539 1048 2609; x_wconf 74' lang='grc' dir='ltr'>ἐρήμωσιν</span> <span class='ocrx_word' id='word_1_199' title='bbox 1077 2536 1252 2591; x_wconf 85' lang='grc' dir='ltr'>αὐτῶν</span> <span class='ocrx_word' id='word_1_200' title='bbox 1271 2536 1360 2589; x_wconf 90' lang='grc' dir='ltr'>διά</span> <span class='ocrx_word' id='word_1_201' title='bbox 1383 2537 1481 2606; x_wconf 81' lang='grc' dir='ltr'>τῆς</span> <span class='ocrx_word' id='word_1_202' title='bbox 1505 2536 1827 2605; x_wconf 86' lang='grc' dir='ltr'>κληματίδος</span> <span class='ocrx_word' id='word_1_203' title='bbox 1851 2536 1950 2605; x_wconf 85' lang='grc' dir='ltr'>τῆς</span> <span class='ocrx_word' id='word_1_204' title='bbox 1972 2535 2216 2605; x_wconf 82' lang='grc' dir='ltr'>ἀμπέλου</span> 
     </span>
    </p>
   </div>
   <div class='ocr_carea' id='block_1_27' title="bbox 655 2621 2214 2695">
    <p class='ocr_par' dir='ltr' id='par_1_27' title="bbox 655 2621 2214 2695">
     <span class='ocr_line' id='line_1_27' title="bbox 655 2621 2214 2695; baseline -0.001 -19"><span class='ocrx_word' id='word_1_205' title='bbox 655 2625 826 2694; x_wconf 75' lang='grc' dir='ltr'>δηλοῖ.</span> <span class='ocrx_word' id='word_1_206' title='bbox 877 2628 1148 2695; x_wconf 85' lang='grc' dir='ltr'>Διηγεῖται</span> <span class='ocrx_word' id='word_1_207' title='bbox 1177 2623 1272 2694; x_wconf 84' lang='grc' dir='ltr'>τὴν</span> <span class='ocrx_word' id='word_1_208' title='bbox 1301 2621 1682 2692; x_wconf 82' lang='grc' dir='ltr'>ἀσχημοσύνην</span> <span class='ocrx_word' id='word_1_209' title='bbox 1728 2621 1821 2674; x_wconf 88' lang='grc' dir='ltr'>τοῦ</span> <span class='ocrx_word' id='word_1_210' title='bbox 1868 2621 1996 2675; x_wconf 91' lang='grc' dir='ltr'>λαοῦ</span> <span class='ocrx_word' id='word_1_211' title='bbox 2027 2622 2124 2692; x_wconf 78' lang='grc' dir='ltr'>τὴν</span> <span class='ocrx_word' id='word_1_212' title='bbox 2155 2623 2214 2689; x_wconf 77' lang='grc' dir='ltr'>ἐξ</span> 
     </span>
    </p>
   </div>
   <div class='ocr_carea' id='block_1_28' title="bbox 655 2707 2215 2782">
    <p class='ocr_par' dir='ltr' id='par_1_28' title="bbox 655 2707 2215 2782">
     <span class='ocr_line' id='line_1_28' title="bbox 655 2707 2215 2782; baseline -0.002 -17"><span class='ocrx_word' id='word_1_213' title='bbox 655 2713 831 2782; x_wconf 80' lang='grc' dir='ltr'>ἀρχῆς</span> <span class='ocrx_word' id='word_1_214' title='bbox 854 2753 870 2777; x_wconf 92' lang='grc'>,</span> <span class='ocrx_word' id='word_1_215' title='bbox 900 2713 1026 2782; x_wconf 75' lang='grc' dir='ltr'>πρὶν</span> <span class='ocrx_word' id='word_1_216' title='bbox 1067 2711 1100 2781; x_wconf 76' lang='grc' dir='ltr'>ἦ</span> <span class='ocrx_word' id='word_1_217' title='bbox 1144 2709 1540 2780; x_wconf 89' lang='grc' dir='ltr'>προσλαϐέσθαι</span> <span class='ocrx_word' id='word_1_218' title='bbox 1587 2708 1746 2760; x_wconf 83' lang='grc' dir='ltr'>αὑτὸν</span> <span class='ocrx_word' id='word_1_219' title='bbox 1791 2708 1879 2760; x_wconf 78' lang='grc' dir='ltr'>τὸν</span> <span class='ocrx_word' id='word_1_220' title='bbox 1917 2707 2084 2770; x_wconf 79' lang='grc' dir='ltr'>Θεὸν,</span> <span class='ocrx_word' id='word_1_221' title='bbox 2120 2709 2215 2762; x_wconf 84' lang='grc' dir='ltr'>καὶ</span> 
     </span>
    </p>
   </div>
   <div class='ocr_carea' id='block_1_29' title="bbox 655 2795 2212 2872">
    <p class='ocr_par' dir='ltr' id='par_1_29' title="bbox 655 2795 2212 2872">
     <span class='ocr_line' id='line_1_29' title="bbox 655 2795 2212 2872; baseline -0.004 -17"><span class='ocrx_word' id='word_1_222' title='bbox 655 2802 754 2870; x_wconf 75' lang='grc' dir='ltr'>τὴν</span> <span class='ocrx_word' id='word_1_223' title='bbox 777 2800 1102 2872; x_wconf 85' lang='grc' dir='ltr'>εὐπρέπειαν</span> <span class='ocrx_word' id='word_1_224' title='bbox 1138 2797 1234 2870; x_wconf 75' lang='grc' dir='ltr'>τὴν</span> <span class='ocrx_word' id='word_1_225' title='bbox 1267 2797 1402 2868; x_wconf 89' lang='grc' dir='ltr'>μετά</span> <span class='ocrx_word' id='word_1_226' title='bbox 1437 2797 1496 2850; x_wconf 85' lang='grc' dir='ltr'>τὸ</span> <span class='ocrx_word' id='word_1_227' title='bbox 1525 2795 1920 2868; x_wconf 88' lang='grc' dir='ltr'>προσλαϐέσθαι</span> <span class='ocrx_word' id='word_1_228' title='bbox 1944 2811 1958 2826; x_wconf 80' lang='grc'><strong><em>⁸</em></strong></span> <span class='ocrx_word' id='word_1_229' title='bbox 1995 2796 2089 2849; x_wconf 81' lang='grc' dir='ltr'>καὶ</span> <span class='ocrx_word' id='word_1_230' title='bbox 2115 2796 2212 2868; x_wconf 76' lang='grc' dir='ltr'>τὴν</span> 
     </span>
    </p>
   </div>
   <div class='ocr_carea' id='block_1_30' title="bbox 656 2880 2213 2954">
    <p class='ocr_par' dir='ltr' id='par_1_30' title="bbox 656 2880 2213 2954">
     <span class='ocr_line' id='line_1_30' title="bbox 656 2880 2213 2954; baseline -0.004 -15"><span class='ocrx_word' id='word_1_231' title='bbox 656 2886 1090 2954; x_wconf 85' lang='grc' dir='ltr'>είδωλολατρείαν</span> <span class='ocrx_word' id='word_1_232' title='bbox 1134 2882 1297 2937; x_wconf 80' lang='grc' dir='ltr'>αὐτοῦ</span> <span class='ocrx_word' id='word_1_233' title='bbox 1325 2923 1341 2948; x_wconf 94' lang='grc'>,</span> <span class='ocrx_word' id='word_1_234' title='bbox 1378 2883 1471 2934; x_wconf 67' lang='grc' dir='ltr'>καὶ</span> <span class='ocrx_word' id='word_1_235' title='bbox 1508 2881 1606 2950; x_wconf 81' lang='grc' dir='ltr'>τὴν</span> <span class='ocrx_word' id='word_1_236' title='bbox 1649 2881 1735 2933; x_wconf 87' lang='grc' dir='ltr'>διά</span> <span class='ocrx_word' id='word_1_237' title='bbox 1786 2881 1989 2952; x_wconf 89' lang='grc' dir='ltr'>ταύτην</span> <span class='ocrx_word' id='word_1_238' title='bbox 2019 2880 2213 2942; x_wconf 79' lang='grc' dir='ltr'>αὐτοὺς</span> 
     </span>
    </p>
   </div>
   <div class='ocr_carea' id='block_1_31' title="bbox 655 2964 2211 3043">
    <p class='ocr_par' dir='ltr' id='par_1_31' title="bbox 655 2964 2211 3043">
     <span class='ocr_line' id='line_1_31' title="bbox 655 2964 2211 3043; baseline -0.004 -18"><span class='ocrx_word' id='word_1_239' title='bbox 655 2971 1036 3043; x_wconf 80' lang='grc' dir='ltr'>διαδεξαμένην</span> <span class='ocrx_word' id='word_1_240' title='bbox 1070 2969 1286 3034; x_wconf 85' lang='grc' dir='ltr'>ἀλωσιν,</span> <span class='ocrx_word' id='word_1_241' title='bbox 1319 2968 1412 3022; x_wconf 73' lang='grc' dir='ltr'>καὶ</span> <span class='ocrx_word' id='word_1_242' title='bbox 1465 2965 1702 3037; x_wconf 83' lang='grc' dir='ltr'>μεγάλας</span> <span class='ocrx_word' id='word_1_243' title='bbox 1746 2966 2010 3018; x_wconf 88' lang='grc' dir='ltr'>δείκνυσιν</span> <span class='ocrx_word' id='word_1_244' title='bbox 2042 2964 2211 3035; x_wconf 80' lang='grc' dir='ltr'>αὐτῆς</span> 
     </span>
    </p>
   </div>
   <div class='ocr_carea' id='block_1_32' title="bbox 654 3052 2207 3128">
    <p class='ocr_par' dir='ltr' id='par_1_32' title="bbox 654 3052 2207 3128">
     <span class='ocr_line' id='line_1_32' title="bbox 654 3052 2207 3128; baseline -0.006 -16"><span class='ocrx_word' id='word_1_245' title='bbox 654 3059 751 3121; x_wconf 86' lang='grc' dir='ltr'>τάς</span> <span class='ocrx_word' id='word_1_246' title='bbox 766 3058 994 3128; x_wconf 81' lang='grc' dir='ltr'>ἀνομίας</span> <span class='ocrx_word' id='word_1_247' title='bbox 1019 3055 1126 3110; x_wconf 76' lang='grc' dir='ltr'>ἀπὸ</span> <span class='ocrx_word' id='word_1_248' title='bbox 1151 3054 1482 3126; x_wconf 82' lang='grc' dir='ltr'>συγκρίσεως</span> <span class='ocrx_word' id='word_1_249' title='bbox 1508 3052 1751 3124; x_wconf 88' lang='grc' dir='ltr'>Σοδόμων</span> <span class='ocrx_word' id='word_1_250' title='bbox 1771 3052 1862 3105; x_wconf 77' lang='grc' dir='ltr'>καὶ</span> <span class='ocrx_word' id='word_1_251' title='bbox 1877 3052 2207 3122; x_wconf 83' lang='grc' dir='ltr'>Σαμαρείας,</span> 
     </span>
    </p>
   </div>
   <div class='ocr_carea' id='block_1_33' title="bbox 654 3138 2210 3212">
    <p class='ocr_par' dir='ltr' id='par_1_33' title="bbox 654 3138 2210 3212">
     <span class='ocr_line' id='line_1_33' title="bbox 654 3138 2210 3212; baseline -0.004 -14"><span class='ocrx_word' id='word_1_252' title='bbox 654 3145 820 3206; x_wconf 78' lang='grc' dir='ltr'>οὔσας</span> <span class='ocrx_word' id='word_1_253' title='bbox 849 3145 942 3200; x_wconf 74' lang='grc' dir='ltr'>καὶ</span> <span class='ocrx_word' id='word_1_254' title='bbox 979 3145 1098 3198; x_wconf 76' lang='grc' dir='ltr'>καθ’</span> <span class='ocrx_word' id='word_1_255' title='bbox 1130 3142 1325 3204; x_wconf 82' lang='grc' dir='ltr'>ἐαυτάς</span> <span class='ocrx_word' id='word_1_256' title='bbox 1361 3139 1617 3212; x_wconf 84' lang='grc' dir='ltr'>μεγάλας.</span> <span class='ocrx_word' id='word_1_257' title='bbox 1653 3139 1883 3192; x_wconf 86' lang='grc' dir='ltr'>Δύναται</span> <span class='ocrx_word' id='word_1_258' title='bbox 1905 3138 1959 3192; x_wconf 77' lang='grc' dir='ltr'>δὲ</span> <span class='ocrx_word' id='word_1_259' title='bbox 1981 3139 2050 3191; x_wconf 87' lang='grc' dir='ltr'>τά</span> <span class='ocrx_word' id='word_1_260' title='bbox 2077 3155 2210 3209; x_wconf 86' lang='grc' dir='ltr'>χρη-</span> 
     </span>
    </p>
   </div>
   <div class='ocr_carea' id='block_1_34' title="bbox 655 3222 2208 3300">
    <p class='ocr_par' dir='ltr' id='par_1_34' title="bbox 655 3222 2208 3300">
     <span class='ocr_line' id='line_1_34' title="bbox 655 3222 2208 3300; baseline -0.004 -16"><span class='ocrx_word' id='word_1_261' title='bbox 655 3231 774 3296; x_wconf 90' lang='grc' dir='ltr'>στά,</span> <span class='ocrx_word' id='word_1_262' title='bbox 798 3230 833 3283; x_wconf 78' lang='grc' dir='ltr'>ἀ</span> <span class='ocrx_word' id='word_1_263' title='bbox 853 3229 1121 3300; x_wconf 84' lang='grc' dir='ltr'>προλέγει,</span> <span class='ocrx_word' id='word_1_264' title='bbox 1149 3229 1228 3292; x_wconf 88' lang='lat'><strong>16,</strong></span> <span class='ocrx_word' id='word_1_265' title='bbox 1265 3224 1603 3291; x_wconf 79' lang='grc' dir='ltr'>Ἀναστήσω</span> <span class='ocrx_word' id='word_1_266' title='bbox 1641 3225 1755 3293; x_wconf 77' lang='grc' dir='ltr'>τὴν</span> <span class='ocrx_word' id='word_1_267' title='bbox 1779 3222 2068 3291; x_wconf 75' lang='grc' dir='ltr'>διαθήκην</span> <span class='ocrx_word' id='word_1_268' title='bbox 2090 3242 2208 3295; x_wconf 75' lang='grc' dir='ltr'>μου</span> 
     </span>
    </p>
   </div>
   <div class='ocr_carea' id='block_1_35' title="bbox 647 3314 2209 3392">
    <p class='ocr_par' dir='ltr' id='par_1_35' title="bbox 647 3314 2209 3392">
     <span class='ocr_line' id='line_1_35' title="bbox 647 3314 2209 3392; baseline -0.006 -17"><span class='ocrx_word' id='word_1_269' title='bbox 647 3323 796 3392; x_wconf 79' lang='grc' dir='ltr'>μετὰ</span> <span class='ocrx_word' id='word_1_270' title='bbox 832 3319 980 3384; x_wconf 87' lang='grc' dir='ltr'>σοῦ,</span> <span class='ocrx_word' id='word_1_271' title='bbox 1011 3321 1137 3390; x_wconf 76' lang='grc' dir='ltr'>περὶ</span> <span class='ocrx_word' id='word_1_272' title='bbox 1167 3318 1275 3371; x_wconf 87' lang='grc' dir='ltr'>τῶν</span> <span class='ocrx_word' id='word_1_273' title='bbox 1304 3318 1381 3378; x_wconf 83' lang='grc' dir='ltr'>εἰς</span> <span class='ocrx_word' id='word_1_274' title='bbox 1411 3315 1641 3386; x_wconf 81' lang='grc' dir='ltr'>Χριστὸν</span> <span class='ocrx_word' id='word_1_275' title='bbox 1675 3315 2030 3369; x_wconf 84' lang='grc' dir='ltr'>πιστευόντων</span> <span class='ocrx_word' id='word_1_276' title='bbox 2057 3314 2209 3381; x_wconf 85' lang='grc' dir='ltr'>λέγε-</span> 
     </span>
    </p>
   </div>
   <div class='ocr_carea' id='block_1_36' title="bbox 655 3399 2208 3475">
    <p class='ocr_par' dir='ltr' id='par_1_36' title="bbox 655 3399 2208 3475">
     <span class='ocr_line' id='line_1_36' title="bbox 655 3399 2208 3475; baseline -0.004 -18"><span class='ocrx_word' id='word_1_277' title='bbox 655 3405 797 3458; x_wconf 90' lang='grc' dir='ltr'>σθαι.</span> <span class='ocrx_word' id='word_1_278' title='bbox 833 3404 945 3475; x_wconf 87' lang='grc' dir='ltr'>Τὴν</span> <span class='ocrx_word' id='word_1_279' title='bbox 966 3404 1147 3457; x_wconf 84' lang='grc' dir='ltr'>ἀνοδον</span> <span class='ocrx_word' id='word_1_280' title='bbox 1177 3402 1268 3455; x_wconf 88' lang='grc' dir='ltr'>τοῦ</span> <span class='ocrx_word' id='word_1_281' title='bbox 1285 3399 1746 3469; x_wconf 86' lang='grc' dir='ltr'>Ναϐουχοδονόσορ</span> <span class='ocrx_word' id='word_1_282' title='bbox 1775 3399 2047 3469; x_wconf 88' lang='grc' dir='ltr'>προλέγει.</span> <span class='ocrx_word' id='word_1_283' title='bbox 2070 3399 2208 3470; x_wconf 83' lang='grc' dir='ltr'>Πρὸς</span> 
     </span>
    </p>
   </div>
   <div class='ocr_carea' id='block_1_37' title="bbox 651 3485 2207 3559">
    <p class='ocr_par' dir='ltr' id='par_1_37' title="bbox 651 3485 2207 3559">
     <span class='ocr_line' id='line_1_37' title="bbox 651 3485 2207 3559; baseline -0.004 -14"><span class='ocrx_word' id='word_1_284' title='bbox 651 3492 777 3554; x_wconf 86' lang='grc' dir='ltr'>τοὺς</span> <span class='ocrx_word' id='word_1_285' title='bbox 806 3491 1062 3559; x_wconf 83' lang='grc' dir='ltr'>λέγοντας</span> <span class='ocrx_word' id='word_1_286' title='bbox 1099 3504 1114 3520; x_wconf 76' lang='grc' dir='ltr'><strong>ο</strong></span> <span class='ocrx_word' id='word_1_287' title='bbox 1148 3492 1210 3543; x_wconf 80' lang='grc' dir='ltr'>οι</span> <span class='ocrx_word' id='word_1_288' title='bbox 1255 3488 1503 3554; x_wconf 79' lang='grc' dir='ltr'>πατέρες</span> <span class='ocrx_word' id='word_1_289' title='bbox 1545 3487 1768 3554; x_wconf 68' lang='grc' dir='ltr'>ἔφαγον</span> <span class='ocrx_word' id='word_1_290' title='bbox 1810 3485 1915 3538; x_wconf 86' lang='grc' dir='ltr'>τὸν</span> <span class='ocrx_word' id='word_1_291' title='bbox 1953 3486 2207 3554; x_wconf 69' lang='grc' dir='ltr'>ὄμφακα,</span> 
     </span>
    </p>
   </div>
   <div class='ocr_carea' id='block_1_38' title="bbox 655 3571 2209 3642">
    <p class='ocr_par' dir='ltr' id='par_1_38' title="bbox 655 3571 2209 3642">
     <span class='ocr_line' id='line_1_38' title="bbox 655 3571 2209 3642; baseline -0.003 -13"><span class='ocrx_word' id='word_1_292' title='bbox 655 3577 752 3630; x_wconf 74' lang='grc' dir='ltr'>καί</span> <span class='ocrx_word' id='word_1_293' title='bbox 792 3578 845 3630; x_wconf 87' lang='grc' dir='ltr'>οί</span> <span class='ocrx_word' id='word_1_294' title='bbox 877 3574 1114 3640; x_wconf 83' lang='grc' dir='ltr'>ὀδόντες</span> <span class='ocrx_word' id='word_1_295' title='bbox 1142 3573 1258 3628; x_wconf 77' lang='grc' dir='ltr'>τῶν</span> <span class='ocrx_word' id='word_1_296' title='bbox 1278 3573 1501 3626; x_wconf 83' lang='grc' dir='ltr'>τέκνων</span> <span class='ocrx_word' id='word_1_297' title='bbox 1543 3571 1905 3640; x_wconf 82' lang='grc' dir='ltr'>ώμοδιάσαν.</span> <span class='ocrx_word' id='word_1_298' title='bbox 1940 3572 2072 3640; x_wconf 75' lang='grc' dir='ltr'>Περὶ</span> <span class='ocrx_word' id='word_1_299' title='bbox 2114 3573 2209 3642; x_wconf 81' lang='grc' dir='ltr'>τῆς</span> 
     </span>
    </p>
   </div>
   <div class='ocr_carea' id='block_1_39' title="bbox 656 3657 2210 3731">
    <p class='ocr_par' dir='ltr' id='par_1_39' title="bbox 656 3657 2210 3731">
     <span class='ocr_line' id='line_1_39' title="bbox 656 3657 2210 3731; baseline 0 -21"><span class='ocrx_word' id='word_1_300' title='bbox 656 3662 860 3731; x_wconf 80' lang='grc' dir='ltr'>μητρὸς</span> <span class='ocrx_word' id='word_1_301' title='bbox 891 3662 998 3715; x_wconf 80' lang='grc' dir='ltr'>τῶν</span> <span class='ocrx_word' id='word_1_302' title='bbox 1027 3661 1152 3731; x_wconf 81' lang='grc' dir='ltr'>περὶ</span> <span class='ocrx_word' id='word_1_303' title='bbox 1201 3659 1445 3717; x_wconf 82' lang='grc' dir='ltr'>Σεδεκίαν</span> <span class='ocrx_word' id='word_1_304' title='bbox 1489 3658 1580 3710; x_wconf 83' lang='grc' dir='ltr'>τὸν</span> <span class='ocrx_word' id='word_1_305' title='bbox 1625 3657 1862 3727; x_wconf 77' lang='grc' dir='ltr'>βασιλέα.</span> <span class='ocrx_word' id='word_1_306' title='bbox 1904 3657 2210 3729; x_wconf 89' lang='grc' dir='ltr'>Διαμαρτύ-</span> 
     </span>
    </p>
   </div>
   <div class='ocr_carea' id='block_1_40' title="bbox 655 3743 2208 3818">
    <p class='ocr_par' dir='ltr' id='par_1_40' title="bbox 655 3743 2208 3818">
     <span class='ocr_line' id='line_1_40' title="bbox 655 3743 2208 3818; baseline -0.001 -20"><span class='ocrx_word' id='word_1_307' title='bbox 655 3765 806 3818; x_wconf 86' lang='grc' dir='ltr'>ρεται</span> <span class='ocrx_word' id='word_1_308' title='bbox 859 3750 967 3809; x_wconf 85' lang='grc' dir='ltr'>τοίς</span> <span class='ocrx_word' id='word_1_309' title='bbox 1018 3746 1402 3816; x_wconf 86' lang='grc' dir='ltr'>πρεσϐυτέροις</span> <span class='ocrx_word' id='word_1_310' title='bbox 1432 3743 1530 3806; x_wconf 84' lang='grc' dir='ltr'>τὰς</span> <span class='ocrx_word' id='word_1_311' title='bbox 1556 3743 1784 3813; x_wconf 89' lang='grc' dir='ltr'>ἀνομίας</span> <span class='ocrx_word' id='word_1_312' title='bbox 1819 3743 1926 3795; x_wconf 91' lang='grc' dir='ltr'>τῶν</span> <span class='ocrx_word' id='word_1_313' title='bbox 1958 3743 2208 3815; x_wconf 81' lang='grc' dir='ltr'>πατέριον</span> 
     </span>
    </p>
   </div>
   <div class='ocr_carea' id='block_1_41' title="bbox 651 3829 2207 3898">
    <p class='ocr_par' dir='ltr' id='par_1_41' title="bbox 651 3829 2207 3898">
     <span class='ocr_line' id='line_1_41' title="bbox 651 3829 2207 3898; baseline -0.003 -11"><span class='ocrx_word' id='word_1_314' title='bbox 651 3834 850 3887; x_wconf 84' lang='grc' dir='ltr'>αὐτῶν.</span> <span class='ocrx_word' id='word_1_315' title='bbox 872 3833 942 3885; x_wconf 85' lang='grc' dir='ltr'>Τὸ</span> <span class='ocrx_word' id='word_1_316' title='bbox 957 3833 1030 3898; x_wconf 87' lang='grc' dir='ltr'>δὲ,</span> <span class='ocrx_word' id='word_1_317' title='bbox 1047 3833 1198 3887; x_wconf 85' lang='grc' dir='ltr'>Διότι</span> <span class='ocrx_word' id='word_1_318' title='bbox 1213 3831 1308 3884; x_wconf 79' lang='grc' dir='ltr'>ἐπὶ</span> <span class='ocrx_word' id='word_1_319' title='bbox 1333 3831 1437 3885; x_wconf 87' lang='grc' dir='ltr'>τοῦ</span> <span class='ocrx_word' id='word_1_320' title='bbox 1463 3832 1636 3898; x_wconf 78' lang='grc' dir='ltr'>ὄρους</span> <span class='ocrx_word' id='word_1_321' title='bbox 1659 3847 1776 3897; x_wconf 84' lang='grc' dir='ltr'>μου</span> <span class='ocrx_word' id='word_1_322' title='bbox 1791 3829 1893 3882; x_wconf 86' lang='grc' dir='ltr'>τοῦ</span> <span class='ocrx_word' id='word_1_323' title='bbox 1914 3831 2100 3898; x_wconf 71' lang='grc' dir='ltr'>ἁγίου,</span> <span class='ocrx_word' id='word_1_324' title='bbox 2122 3830 2207 3882; x_wconf 85' lang='grc' dir='ltr'>ἐπ’</span> 
     </span>
    </p>
   </div>
   <div class='ocr_carea' id='block_1_42' title="bbox 652 3917 2215 3994">
    <p class='ocr_par' dir='ltr' id='par_1_42' title="bbox 652 3917 2215 3994">
     <span class='ocr_line' id='line_1_42' title="bbox 652 3917 2215 3994; baseline -0.004 -18"><span class='ocrx_word' id='word_1_325' title='bbox 652 3925 808 3993; x_wconf 76' lang='grc' dir='ltr'>ὄρους</span> <span class='ocrx_word' id='word_1_326' title='bbox 843 3922 1042 3991; x_wconf 83' lang='grc' dir='ltr'>ὑψηλοῦ</span> <span class='ocrx_word' id='word_1_327' title='bbox 1085 3921 1296 3994; x_wconf 81' lang='grc' dir='ltr'>Ἰσραὴλ</span> <span class='ocrx_word' id='word_1_328' title='bbox 1335 3920 1512 3988; x_wconf 85' lang='grc' dir='ltr'>λέγει·</span> <span class='ocrx_word' id='word_1_329' title='bbox 1559 3918 1822 3981; x_wconf 82' lang='grc' dir='ltr'>Ἀδωναῒ,</span> <span class='ocrx_word' id='word_1_330' title='bbox 1866 3919 2058 3984; x_wconf 81' lang='grc' dir='ltr'>Κύριε,</span> <span class='ocrx_word' id='word_1_331' title='bbox 2089 3917 2215 3970; x_wconf 80' lang='grc' dir='ltr'>ἐκεῖ</span> 
     </span>
    </p>
   </div>
   <div class='ocr_carea' id='block_1_43' title="bbox 651 4002 2210 4075">
    <p class='ocr_par' dir='ltr' id='par_1_43' title="bbox 651 4002 2210 4075">
     <span class='ocr_line' id='line_1_43' title="bbox 651 4002 2210 4075; baseline -0.003 -16"><span class='ocrx_word' id='word_1_332' title='bbox 651 4008 1055 4062; x_wconf 79' lang='grc' dir='ltr'>δουλεύσουσί</span> <span class='ocrx_word' id='word_1_333' title='bbox 1069 4025 1169 4075; x_wconf 83' lang='grc' dir='ltr'>μοι</span> <span class='ocrx_word' id='word_1_334' title='bbox 1192 4005 1308 4070; x_wconf 85' lang='grc' dir='ltr'>πᾶς</span> <span class='ocrx_word' id='word_1_335' title='bbox 1327 4002 1485 4070; x_wconf 73' lang='grc' dir='ltr'>οἶκος</span> <span class='ocrx_word' id='word_1_336' title='bbox 1527 4004 1763 4071; x_wconf 83' lang='grc' dir='ltr'>Ἰσραὴλ</span> <span class='ocrx_word' id='word_1_337' title='bbox 1790 4007 1875 4068; x_wconf 83' lang='grc' dir='ltr'>εἰς</span> <span class='ocrx_word' id='word_1_338' title='bbox 1906 4004 2075 4068; x_wconf 85' lang='grc' dir='ltr'>τέλος</span> <span class='ocrx_word' id='word_1_339' title='bbox 2099 4043 2113 4066; x_wconf 90' lang='grc'>,</span> <span class='ocrx_word' id='word_1_340' title='bbox 2131 4006 2210 4068; x_wconf 86' lang='grc' dir='ltr'>εἰς</span> 
     </span>
    </p>
   </div>
   <div class='ocr_carea' id='block_1_44' title="bbox 651 4087 2206 4161">
    <p class='ocr_par' dir='ltr' id='par_1_44' title="bbox 651 4087 2206 4161">
     <span class='ocr_line' id='line_1_44' title="bbox 651 4087 2206 4161; baseline -0.004 -15"><span class='ocrx_word' id='word_1_341' title='bbox 651 4097 776 4156; x_wconf 71' lang='grc' dir='ltr'>τοὺς</span> <span class='ocrx_word' id='word_1_342' title='bbox 825 4094 1168 4156; x_wconf 78' lang='grc' dir='ltr'>πιστεύοντας</span> <span class='ocrx_word' id='word_1_343' title='bbox 1221 4091 1296 4161; x_wconf 81' lang='grc' dir='ltr'>τῷ</span> <span class='ocrx_word' id='word_1_344' title='bbox 1328 4089 1544 4160; x_wconf 83' lang='grc' dir='ltr'>Χριστῷ</span> <span class='ocrx_word' id='word_1_345' title='bbox 1582 4087 1834 4141; x_wconf 84' lang='grc' dir='ltr'>δύνασθαι</span> <span class='ocrx_word' id='word_1_346' title='bbox 1871 4101 1896 4128; x_wconf 76' lang='grc' dir='ltr'>ι</span> <span class='ocrx_word' id='word_1_347' title='bbox 1942 4089 2206 4158; x_wconf 85' lang='grc' dir='ltr'>λαμϐάνε-</span> 
     </span>
    </p>
   </div>
   <div class='ocr_carea' id='block_1_45' title="bbox 653 4175 2208 4247">
    <p class='ocr_par' dir='ltr' id='par_1_45' title="bbox 653 4175 2208 4247">
     <span class='ocr_line' id='line_1_45' title="bbox 653 4175 2208 4247; baseline -0.004 -13"><span class='ocrx_word' id='word_1_348' title='bbox 653 4181 796 4234; x_wconf 87' lang='grc' dir='ltr'>σθαι.</span> <span class='ocrx_word' id='word_1_349' title='bbox 854 4181 974 4233; x_wconf 77' lang='grc' dir='ltr'>Ἐπὶ</span> <span class='ocrx_word' id='word_1_350' title='bbox 1004 4178 1205 4247; x_wconf 84' lang='grc' dir='ltr'>Θεμάν,</span> <span class='ocrx_word' id='word_1_351' title='bbox 1236 4179 1327 4229; x_wconf 70' lang='grc' dir='ltr'>καὶ</span> <span class='ocrx_word' id='word_1_352' title='bbox 1361 4178 1451 4228; x_wconf 71' lang='grc' dir='ltr'>ἐπὶ</span> <span class='ocrx_word' id='word_1_353' title='bbox 1497 4175 1709 4245; x_wconf 81' lang='grc' dir='ltr'>Ἰσραὴλ</span> <span class='ocrx_word' id='word_1_354' title='bbox 1731 4214 1744 4236; x_wconf 90' lang='grc'>,</span> <span class='ocrx_word' id='word_1_355' title='bbox 1779 4176 1870 4228; x_wconf 61' lang='grc' dir='ltr'>καὶ¹</span> <span class='ocrx_word' id='word_1_356' title='bbox 1919 4177 2010 4227; x_wconf 73' lang='grc' dir='ltr'>ἐπὶ</span> <span class='ocrx_word' id='word_1_357' title='bbox 2061 4177 2208 4239; x_wconf 75' lang='grc' dir='ltr'>υἰοὺς</span> 
     </span>
    </p>
   </div>
   <div class='ocr_carea' id='block_1_46' title="bbox 665 4260 2206 4335">
    <p class='ocr_par' dir='ltr' id='par_1_46' title="bbox 665 4260 2206 4335">
     <span class='ocr_line' id='line_1_46' title="bbox 665 4260 2206 4335; baseline -0.002 -18"><span class='ocrx_word' id='word_1_358' title='bbox 665 4265 907 4335; x_wconf 75' lang='grc' dir='ltr'>Ἄμμων.</span> <span class='ocrx_word' id='word_1_359' title='bbox 957 4264 1066 4316; x_wconf 81' lang='grc' dir='ltr'>Καὶ</span> <span class='ocrx_word' id='word_1_360' title='bbox 1111 4262 1206 4324; x_wconf 79' lang='grc' dir='ltr'>τὰς</span> <span class='ocrx_word' id='word_1_361' title='bbox 1249 4261 1474 4330; x_wconf 87' lang='grc' dir='ltr'>ἀνομίας</span> <span class='ocrx_word' id='word_1_362' title='bbox 1505 4260 1600 4312; x_wconf 70' lang='grc' dir='ltr'>καὶ</span> <span class='ocrx_word' id='word_1_363' title='bbox 1637 4261 1733 4321; x_wconf 88' lang='grc' dir='ltr'>τάς</span> <span class='ocrx_word' id='word_1_364' title='bbox 1763 4261 2030 4331; x_wconf 83' lang='grc' dir='ltr'>ἁμαρτίας</span> <span class='ocrx_word' id='word_1_365' title='bbox 2063 4260 2206 4328; x_wconf 89' lang='grc' dir='ltr'>λέγει</span> 
     </span>
    </p>
   </div>
   <div class='ocr_carea' id='block_1_47' title="bbox 651 4346 2208 4420">
    <p class='ocr_par' dir='ltr' id='par_1_47' title="bbox 651 4346 2208 4420">
     <span class='ocr_line' id='line_1_47' title="bbox 651 4346 2208 4420; baseline -0.003 -18"><span class='ocrx_word' id='word_1_366' title='bbox 651 4351 743 4403; x_wconf 85' lang='grc' dir='ltr'>τοῦ</span> <span class='ocrx_word' id='word_1_367' title='bbox 791 4350 1023 4420; x_wconf 82' lang='grc' dir='ltr'>Ἰσραὴλ,</span> <span class='ocrx_word' id='word_1_368' title='bbox 1049 4349 1142 4401; x_wconf 76' lang='grc' dir='ltr'>καὶ</span> <span class='ocrx_word' id='word_1_369' title='bbox 1187 4348 1292 4398; x_wconf 90' lang='grc' dir='ltr'>τῶν</span> <span class='ocrx_word' id='word_1_370' title='bbox 1319 4347 1526 4417; x_wconf 76' lang='grc' dir='ltr'>ἱερέων,</span> <span class='ocrx_word' id='word_1_371' title='bbox 1567 4346 1658 4398; x_wconf 68' lang='grc' dir='ltr'>καὶ</span> <span class='ocrx_word' id='word_1_372' title='bbox 1688 4346 1796 4396; x_wconf 91' lang='grc' dir='ltr'>τῶν</span> <span class='ocrx_word' id='word_1_373' title='bbox 1826 4347 2095 4414; x_wconf 80' lang='grc' dir='ltr'>ἀρχόντων</span> <span class='ocrx_word' id='word_1_374' title='bbox 2117 4347 2208 4400; x_wconf 74' lang='grc' dir='ltr'>καὶ</span> 
     </span>
    </p>
   </div>
   <div class='ocr_carea' id='block_1_48' title="bbox 648 4431 2209 4506">
    <p class='ocr_par' dir='ltr' id='par_1_48' title="bbox 648 4431 2209 4506">
     <span class='ocr_line' id='line_1_48' title="bbox 648 4431 2209 4506; baseline -0.003 -18"><span class='ocrx_word' id='word_1_375' title='bbox 648 4435 1117 4506; x_wconf 77' lang='grc' dir='ltr'>ψευδοπροφητῶν.</span> <span class='ocrx_word' id='word_1_376' title='bbox 1149 4433 1255 4486; x_wconf 80' lang='grc' dir='ltr'>Καὶ</span> <span class='ocrx_word' id='word_1_377' title='bbox 1291 4433 1553 4499; x_wconf 72' lang='grc' dir='ltr'>ἐζήτουν,</span> <span class='ocrx_word' id='word_1_378' title='bbox 1609 4436 1792 4501; x_wconf 79' lang='grc' dir='ltr'>φησὶν.</span> <span class='ocrx_word' id='word_1_379' title='bbox 1834 4431 2020 4500; x_wconf 76' lang='grc' dir='ltr'>ἄνδρα</span> <span class='ocrx_word' id='word_1_380' title='bbox 2069 4432 2209 4484; x_wconf 83' lang='grc' dir='ltr'>ἀνα-</span> 
     </span>
    </p>
   </div>
   <div class='ocr_carea' id='block_1_49' title="bbox 649 4516 2211 4589">
    <p class='ocr_par' dir='ltr' id='par_1_49' title="bbox 649 4516 2211 4589">
     <span class='ocr_line' id='line_1_49' title="bbox 649 4516 2211 4589; baseline -0.005 -14"><span class='ocrx_word' id='word_1_381' title='bbox 649 4524 1052 4589; x_wconf 74' lang='grc' dir='ltr'>στρεφόμενον</span> <span class='ocrx_word' id='word_1_382' title='bbox 1079 4517 1281 4588; x_wconf 76' lang='grc' dir='ltr'>ὀρθῶς,</span> <span class='ocrx_word' id='word_1_383' title='bbox 1309 4519 1402 4569; x_wconf 70' lang='grc' dir='ltr'>καὶ</span> <span class='ocrx_word' id='word_1_384' title='bbox 1439 4516 1663 4570; x_wconf 79' lang='grc' dir='ltr'>ἑστῶτα</span> <span class='ocrx_word' id='word_1_385' title='bbox 1689 4518 1758 4569; x_wconf 84' lang='grc' dir='ltr'>ἐν</span> <span class='ocrx_word' id='word_1_386' title='bbox 1789 4517 2044 4582; x_wconf 56' lang='lat' dir='ltr'>amcam&quot;;</span> <span class='ocrx_word' id='word_1_387' title='bbox 2073 4533 2211 4582; x_wconf 62' lang='grc' dir='ltr'>φρα-</span> 
     </span>
    </p>
   </div>
   <div class='ocr_carea' id='block_1_50' title="bbox 647 4601 2208 4681">
    <p class='ocr_par' dir='ltr' id='par_1_50' title="bbox 647 4601 2208 4681">
     <span class='ocr_line' id='line_1_50' title="bbox 647 4601 2208 4681; baseline 0.002 -28"><span class='ocrx_word' id='word_1_388' title='bbox 647 4607 799 4681; x_wconf 68' lang='grc' dir='ltr'>γμοῦ</span> <span class='ocrx_word' id='word_1_389' title='bbox 843 4605 955 4674; x_wconf 82' lang='grc' dir='ltr'>πρὸ</span> <span class='ocrx_word' id='word_1_390' title='bbox 993 4602 1311 4672; x_wconf 80' lang='grc' dir='ltr'>προσώπου</span> <span class='ocrx_word' id='word_1_391' title='bbox 1344 4621 1462 4671; x_wconf 85' lang='grc' dir='ltr'>μου</span> <span class='ocrx_word' id='word_1_392' title='bbox 1500 4604 1566 4655; x_wconf 81' lang='grc' dir='ltr'>ἐν</span> <span class='ocrx_word' id='word_1_393' title='bbox 1606 4602 1783 4673; x_wconf 75' lang='grc' dir='ltr'>καιρῷ</span> <span class='ocrx_word' id='word_1_394' title='bbox 1809 4601 1918 4670; x_wconf 81' lang='grc' dir='ltr'>τῆς</span> <span class='ocrx_word' id='word_1_395' title='bbox 1946 4601 2078 4670; x_wconf 79' lang='grc' dir='ltr'>γῆς,</span> <span class='ocrx_word' id='word_1_396' title='bbox 2107 4603 2208 4656; x_wconf 84' lang='grc' dir='ltr'>τοῦ</span> 
     </span>
    </p>
   </div>
   <div class='ocr_carea' id='block_1_51' title="bbox 645 4684 2205 4774">
    <p class='ocr_par' dir='ltr' id='par_1_51' title="bbox 645 4684 2205 4774">
     <span class='ocr_line' id='line_1_51' title="bbox 645 4684 2205 4774; baseline -0.004 -27"><span class='ocrx_word' id='word_1_397' title='bbox 645 4695 729 4774; x_wconf 72' lang='grc' dir='ltr'>μὴ</span> <span class='ocrx_word' id='word_1_398' title='bbox 768 4695 852 4757; x_wconf 82' lang='grc' dir='ltr'>εἰς</span> <span class='ocrx_word' id='word_1_399' title='bbox 897 4694 1067 4756; x_wconf 87' lang='grc' dir='ltr'>τέλος</span> <span class='ocrx_word' id='word_1_400' title='bbox 1103 4689 1412 4755; x_wconf 72' lang='grc' dir='ltr'>ἐξαλεῖψαι</span> <span class='ocrx_word' id='word_1_401' title='bbox 1455 4690 1638 4742; x_wconf 82' lang='grc' dir='ltr'>αὐτόν</span> <span class='ocrx_word' id='word_1_402' title='bbox 1670 4706 1680 4718; x_wconf 92' lang='grc'><strong>·</strong></span> <span class='ocrx_word' id='word_1_403' title='bbox 1717 4689 1813 4742; x_wconf 84' lang='grc' dir='ltr'>καὶ</span> <span class='ocrx_word' id='word_1_404' title='bbox 1850 4691 1960 4755; x_wconf 82' lang='grc' dir='ltr'>οὐχ</span> <span class='ocrx_word' id='word_1_405' title='bbox 2009 4684 2205 4754; x_wconf 81' lang='grc' dir='ltr'>εὖρον.</span> 
     </span>
    </p>
   </div>
   <div class='ocr_carea' id='block_1_52' title="bbox 652 4774 2209 4849">
    <p class='ocr_par' dir='ltr' id='par_1_52' title="bbox 652 4774 2209 4849">
     <span class='ocr_line' id='line_1_52' title="bbox 652 4774 2209 4849; baseline -0.004 -19"><span class='ocrx_word' id='word_1_406' title='bbox 652 4778 786 4849; x_wconf 74' lang='grc' dir='ltr'>Περὶ</span> <span class='ocrx_word' id='word_1_407' title='bbox 825 4779 919 4846; x_wconf 79' lang='grc' dir='ltr'>τῆς</span> <span class='ocrx_word' id='word_1_408' title='bbox 971 4774 1403 4845; x_wconf 84' lang='grc' dir='ltr'>είδωλολατρείας</span> <span class='ocrx_word' id='word_1_409' title='bbox 1454 4775 1546 4827; x_wconf 89' lang='grc' dir='ltr'>τοῦ</span> <span class='ocrx_word' id='word_1_410' title='bbox 1578 4774 1702 4827; x_wconf 84' lang='grc' dir='ltr'>λαοῦ</span> <span class='ocrx_word' id='word_1_411' title='bbox 1738 4774 1948 4844; x_wconf 79' lang='grc' dir='ltr'>Ἰσραὴλ</span> <span class='ocrx_word' id='word_1_412' title='bbox 2007 4776 2104 4843; x_wconf 83' lang='grc' dir='ltr'>τῆς</span> <span class='ocrx_word' id='word_1_413' title='bbox 2152 4776 2209 4824; x_wconf 87' lang='grc' dir='ltr'>ἐν</span> 
     </span>
    </p>
   </div>
   <div class='ocr_carea' id='block_1_53' title="bbox 649 4859 2206 4935">
    <p class='ocr_par' dir='ltr' id='par_1_53' title="bbox 649 4859 2206 4935">
     <span class='ocr_line' id='line_1_53' title="bbox 649 4859 2206 4935; baseline -0.002 -19"><span class='ocrx_word' id='word_1_414' title='bbox 649 4864 928 4933; x_wconf 72' lang='grc' dir='ltr'>Αἰγύπτῳ,</span> <span class='ocrx_word' id='word_1_415' title='bbox 963 4862 1176 4930; x_wconf 73' lang='grc' dir='ltr'>καὶτῆς</span> <span class='ocrx_word' id='word_1_416' title='bbox 1215 4863 1348 4931; x_wconf 90' lang='grc' dir='ltr'>μετά</span> <span class='ocrx_word' id='word_1_417' title='bbox 1387 4859 1576 4922; x_wconf 87' lang='grc' dir='ltr'>ταῦτα,</span> <span class='ocrx_word' id='word_1_418' title='bbox 1616 4862 1708 4912; x_wconf 80' lang='grc' dir='ltr'>καὶ</span> <span class='ocrx_word' id='word_1_419' title='bbox 1749 4861 1855 4913; x_wconf 74' lang='grc' dir='ltr'>τῶν</span> <span class='ocrx_word' id='word_1_420' title='bbox 1896 4860 2206 4935; x_wconf 85' lang='grc' dir='ltr'>συμφορῶν.</span> 
     </span>
    </p>
   </div>
   <div class='ocr_carea' id='block_1_54' title="bbox 652 4946 2209 5016">
    <p class='ocr_par' dir='ltr' id='par_1_54' title="bbox 652 4946 2209 5016">
     <span class='ocr_line' id='line_1_54' title="bbox 652 4946 2209 5016; baseline -0.003 -14"><span class='ocrx_word' id='word_1_421' title='bbox 652 4952 760 5008; x_wconf 75' lang='grc' dir='ltr'>Καὶ</span> <span class='ocrx_word' id='word_1_422' title='bbox 792 4949 870 5002; x_wconf 78' lang='grc' dir='ltr'>ἔτι</span> <span class='ocrx_word' id='word_1_423' title='bbox 913 4946 1035 5000; x_wconf 75' lang='grc' dir='ltr'>οὔτε</span> <span class='ocrx_word' id='word_1_424' title='bbox 1086 4948 1275 5010; x_wconf 82' lang='grc' dir='ltr'>πένθος</span> <span class='ocrx_word' id='word_1_425' title='bbox 1315 4948 1536 5015; x_wconf 85' lang='grc' dir='ltr'>ποιῆσαι</span> <span class='ocrx_word' id='word_1_426' title='bbox 1562 4946 2069 5016; x_wconf 79' lang='grc' dir='ltr'>συγχωρηθήσονται</span> <span class='ocrx_word' id='word_1_427' title='bbox 2117 4947 2209 4999; x_wconf 82' lang='grc' dir='ltr'>ἐπὶ</span> 
     </span>
    </p>
   </div>
   <div class='ocr_carea' id='block_1_55' title="bbox 649 5032 2209 5103">
    <p class='ocr_par' dir='ltr' id='par_1_55' title="bbox 649 5032 2209 5103">
     <span class='ocr_line' id='line_1_55' title="bbox 649 5032 2209 5103; baseline -0.003 -15"><span class='ocrx_word' id='word_1_428' title='bbox 649 5039 760 5102; x_wconf 73' lang='grc' dir='ltr'>τοῖς</span> <span class='ocrx_word' id='word_1_429' title='bbox 802 5034 1153 5103; x_wconf 84' lang='grc' dir='ltr'>συμϐαίνουσι</span> <span class='ocrx_word' id='word_1_430' title='bbox 1207 5034 1475 5103; x_wconf 87' lang='grc' dir='ltr'>χαλεποῖς.</span> <span class='ocrx_word' id='word_1_431' title='bbox 1533 5034 1686 5085; x_wconf 85' lang='grc' dir='ltr'>Κατά</span> <span class='ocrx_word' id='word_1_432' title='bbox 1737 5033 2077 5102; x_wconf 84' lang='grc' dir='ltr'>Ἀμμανιτῶν</span> <span class='ocrx_word' id='word_1_433' title='bbox 2116 5032 2209 5084; x_wconf 83' lang='grc' dir='ltr'>καὶ</span> 
     </span>
    </p>
   </div>
   <div class='ocr_carea' id='block_1_56' title="bbox 663 5118 2208 5192">
    <p class='ocr_par' dir='ltr' id='par_1_56' title="bbox 663 5118 2208 5192">
     <span class='ocr_line' id='line_1_56' title="bbox 663 5118 2208 5192; baseline -0.005 -16"><span class='ocrx_word' id='word_1_434' title='bbox 663 5123 989 5192; x_wconf 82' lang='grc' dir='ltr'>Ἰδουμαίων,</span> <span class='ocrx_word' id='word_1_435' title='bbox 1013 5122 1103 5174; x_wconf 67' lang='grc' dir='ltr'>καὶ</span> <span class='ocrx_word' id='word_1_436' title='bbox 1143 5120 1451 5189; x_wconf 81' lang='grc' dir='ltr'>ἀλλοφύλων</span> <span class='ocrx_word' id='word_1_437' title='bbox 1471 5159 1485 5182; x_wconf 91' lang='grc'>,</span> <span class='ocrx_word' id='word_1_438' title='bbox 1513 5121 1605 5172; x_wconf 73' lang='grc' dir='ltr'>καὶ</span> <span class='ocrx_word' id='word_1_439' title='bbox 1631 5119 1726 5187; x_wconf 80' lang='grc' dir='ltr'>τῆς</span> <span class='ocrx_word' id='word_1_440' title='bbox 1761 5118 1900 5189; x_wconf 84' lang='grc' dir='ltr'>Σὼρ,</span> <span class='ocrx_word' id='word_1_441' title='bbox 1937 5121 2002 5189; x_wconf 76' lang='grc' dir='ltr'>ἣν</span> <span class='ocrx_word' id='word_1_442' title='bbox 2035 5118 2208 5188; x_wconf 88' lang='grc' dir='ltr'>Τύρον</span> 
     </span>
    </p>
   </div>
   <div class='ocr_carea' id='block_1_57' title="bbox 651 5203 2206 5294">
    <p class='ocr_par' dir='ltr' id='par_1_57' title="bbox 651 5203 2206 5294">
     <span class='ocr_line' id='line_1_57' title="bbox 651 5203 2206 5294; baseline -0.005 -32"><span class='ocrx_word' id='word_1_443' title='bbox 651 5209 893 5294; x_wconf 88' lang='grc' dir='ltr'>λέγουσιν</span> <span class='ocrx_word' id='word_1_444' title='bbox 939 5203 1105 5294; x_wconf 59' lang='grc' dir='ltr'>εἶναιἶ</span> <span class='ocrx_word' id='word_1_445' title='bbox 1131 5205 1713 5294; x_wconf 13' lang='grc' dir='ltr'>,Προλέγειᾉσυμφοράς</span> <span class='ocrx_word' id='word_1_446' title='bbox 1750 5204 2020 5294; x_wconf 76' lang='grc' dir='ltr'>μεγάλας,</span> <span class='ocrx_word' id='word_1_447' title='bbox 2069 5204 2206 5294; x_wconf 81' lang='grc' dir='ltr'>κατά</span> 
     </span>
    </p>
   </div>
   <div class='ocr_carea' id='block_1_58' title="bbox 648 5289 2209 5365">
    <p class='ocr_par' dir='ltr' id='par_1_58' title="bbox 648 5289 2209 5365">
     <span class='ocr_line' id='line_1_58' title="bbox 648 5289 2209 5365; baseline -0.004 -19"><span class='ocrx_word' id='word_1_448' title='bbox 648 5289 742 5347; x_wconf 79' lang='grc' dir='ltr'>τοῦ</span> <span class='ocrx_word' id='word_1_449' title='bbox 772 5296 1024 5365; x_wconf 76' lang='grc' dir='ltr'>ἄρχοντος</span> <span class='ocrx_word' id='word_1_450' title='bbox 1068 5293 1242 5363; x_wconf 87' lang='grc' dir='ltr'>Τύρου</span> <span class='ocrx_word' id='word_1_451' title='bbox 1273 5293 1365 5345; x_wconf 69' lang='grc' dir='ltr'>καὶ</span> <span class='ocrx_word' id='word_1_452' title='bbox 1407 5291 1650 5351; x_wconf 82' lang='grc' dir='ltr'>Σιδῶνος.</span> <span class='ocrx_word' id='word_1_453' title='bbox 1675 5290 1772 5348; x_wconf 71' lang='grc' dir='ltr'>,καὶ</span> <span class='ocrx_word' id='word_1_454' title='bbox 1797 5289 2087 5355; x_wconf 80' lang='grc' dir='ltr'>Αἰγύπτου,</span> <span class='ocrx_word' id='word_1_455' title='bbox 2121 5289 2209 5341; x_wconf 76' lang='grc' dir='ltr'>καὶ</span> 
     </span>
    </p>
   </div>
   <div class='ocr_carea' id='block_1_59' title="bbox 653 5375 2207 5448">
    <p class='ocr_par' dir='ltr' id='par_1_59' title="bbox 653 5375 2207 5448">
     <span class='ocr_line' id='line_1_59' title="bbox 653 5375 2207 5448; baseline -0.005 -15"><span class='ocrx_word' id='word_1_456' title='bbox 653 5381 741 5433; x_wconf 80' lang='grc' dir='ltr'>τοῦ</span> <span class='ocrx_word' id='word_1_457' title='bbox 797 5380 1104 5448; x_wconf 81' lang='grc' dir='ltr'>Αἰγυπτίων</span> <span class='ocrx_word' id='word_1_458' title='bbox 1141 5377 1418 5447; x_wconf 74' lang='grc' dir='ltr'>βασιλέως.</span> <span class='ocrx_word' id='word_1_459' title='bbox 1475 5377 1707 5429; x_wconf 81' lang='grc' dir='ltr'>ἈπειλΞί</span> <span class='ocrx_word' id='word_1_460' title='bbox 1754 5375 1829 5444; x_wconf 82' lang='grc' dir='ltr'>τῷ</span> <span class='ocrx_word' id='word_1_461' title='bbox 1884 5377 2066 5446; x_wconf 77' lang='grc' dir='ltr'>σκοπῷ</span> <span class='ocrx_word' id='word_1_462' title='bbox 2115 5375 2207 5426; x_wconf 91' lang='grc' dir='ltr'>τοῦ</span> 
     </span>
    </p>
   </div>
   <div class='ocr_carea' id='block_1_60' title="bbox 660 5459 2209 5536">
    <p class='ocr_par' dir='ltr' id='par_1_60' title="bbox 660 5459 2209 5536">
     <span class='ocr_line' id='line_1_60' title="bbox 660 5459 2209 5536; baseline -0.005 -18"><span class='ocrx_word' id='word_1_463' title='bbox 660 5466 800 5527; x_wconf 61' lang='lat' dir='ltr'>lL006,</span> <span class='ocrx_word' id='word_1_464' title='bbox 826 5470 875 5518; x_wconf 81' lang='grc' dir='ltr'>εί</span> <span class='ocrx_word' id='word_1_465' title='bbox 899 5468 972 5536; x_wconf 77' lang='grc' dir='ltr'>μὴ</span> <span class='ocrx_word' id='word_1_466' title='bbox 996 5465 1240 5536; x_wconf 86' lang='grc' dir='ltr'>προείποι</span> <span class='ocrx_word' id='word_1_467' title='bbox 1263 5463 1336 5532; x_wconf 86' lang='grc' dir='ltr'>τῷ</span> <span class='ocrx_word' id='word_1_468' title='bbox 1356 5462 1487 5531; x_wconf 81' lang='grc' dir='ltr'>λαῷ,</span> <span class='ocrx_word' id='word_1_469' title='bbox 1518 5459 1576 5515; x_wconf 81' lang='lat'>06</span> <span class='ocrx_word' id='word_1_470' title='bbox 1599 5463 1829 5514; x_wconf 85' lang='grc' dir='ltr'>τέθειται</span> <span class='ocrx_word' id='word_1_471' title='bbox 1854 5463 2048 5525; x_wconf 76' lang='grc' dir='ltr'>σκοπὸς</span> <span class='ocrx_word' id='word_1_472' title='bbox 2077 5461 2209 5530; x_wconf 76' lang='grc' dir='ltr'>πρὸς</span> 
     </span>
    </p>
   </div>
   <div class='ocr_carea' id='block_1_61' title="bbox 641 5533 2210 5625">
    <p class='ocr_par' dir='ltr' id='par_1_61' title="bbox 641 5533 2210 5625">
     <span class='ocr_line' id='line_1_61' title="bbox 641 5533 2210 5625; baseline -0.007 -14"><span class='ocrx_word' id='word_1_473' title='bbox 641 5533 747 5616; x_wconf 49' lang='grc' dir='ltr'>λης</span> <span class='ocrx_word' id='word_1_474' title='bbox 789 5533 938 5625; x_wconf 82' lang='grc' dir='ltr'>παρά</span> <span class='ocrx_word' id='word_1_475' title='bbox 962 5533 1070 5605; x_wconf 23' lang='lat' dir='ltr'><strong>V106</strong></span> <span class='ocrx_word' id='word_1_476' title='bbox 1124 5550 1257 5604; x_wconf 87' lang='grc' dir='ltr'>Θεοῦ</span> <span class='ocrx_word' id='word_1_477' title='bbox 1306 5551 1699 5621; x_wconf 77' lang='grc' dir='ltr'>ἐπιφερομένας</span> <span class='ocrx_word' id='word_1_478' title='bbox 1756 5549 2055 5618; x_wconf 82' lang='grc' dir='ltr'>συμφοράς.</span> <span class='ocrx_word' id='word_1_479' title='bbox 2101 5549 2210 5600; x_wconf 77' lang='grc' dir='ltr'>Καὶ</span> 
     </span>
    </p>
   </div>
   <div class='ocr_carea' id='block_1_62' title="bbox 712 5722 1122 5773">
    <p class='ocr_par' dir='ltr' id='par_1_62' title="bbox 712 5722 1122 5773">
     <span class='ocr_line' id='line_1_62' title="bbox 712 5722 1122 5773; baseline -0.015 1"><span class='ocrx_word' id='word_1_480' title='bbox 712 5726 739 5754; x_wconf 80' lang='grc'><strong><em>⁸</em></strong></span> <span class='ocrx_word' id='word_1_481' title='bbox 763 5724 910 5773; x_wconf 74' lang='lat' dir='ltr'>Forte</span> <span class='ocrx_word' id='word_1_482' title='bbox 936 5722 1122 5772; x_wconf 76' lang='grc' dir='ltr'>δύναται</span> 
     </span>
    </p>
   </div>
   <div class='ocr_carea' id='block_1_63' title="bbox 1299 353 3141 417">
    <p class='ocr_par' dir='ltr' id='par_1_63' title="bbox 1299 353 3141 417">
     <span class='ocr_line' id='line_1_63' title="bbox 1299 353 3141 417; baseline 0.001 -2"><span class='ocrx_word' id='word_1_483' title='bbox 1299 360 1356 415; x_wconf 91' lang='lat' dir='ltr'>S.</span> <span class='ocrx_word' id='word_1_484' title='bbox 1394 359 1674 416; x_wconf 82' lang='lat' dir='ltr'>JOANNIS</span> <span class='ocrx_word' id='word_1_485' title='bbox 1709 356 2194 416; x_wconf 68' lang='lat' dir='ltr'>CIIRYSOSTOMI</span> <span class='ocrx_word' id='word_1_486' title='bbox 2233 353 2555 412; x_wconf 79' lang='lat' dir='ltr'>ARCIIIEP.</span> <span class='ocrx_word' id='word_1_487' title='bbox 2595 357 3141 417; x_wconf 76' lang='lat' dir='ltr'>CONSTANTINOP.</span> 
     </span>
    </p>
   </div>
   <div class='ocr_carea' id='block_1_64' title="bbox 3779 372 3906 427">
    <p class='ocr_par' dir='ltr' id='par_1_64' title="bbox 3779 372 3906 427">
     <span class='ocr_line' id='line_1_64' title="bbox 3779 372 3906 427; baseline 0 -1"><span class='ocrx_word' id='word_1_488' title='bbox 3779 372 3906 427; x_wconf 77' lang='lat'>382</span> 
     </span>
    </p>
   </div>
   <div class='ocr_carea' id='block_1_65' title="bbox 2333 468 3896 544">
    <p class='ocr_par' dir='ltr' id='par_1_65' title="bbox 2333 468 3896 544">
     <span class='ocr_line' id='line_1_65' title="bbox 2333 468 3896 544; baseline 0.005 -24"><span class='ocrx_word' id='word_1_489' title='bbox 2333 468 2494 537; x_wconf 88' lang='grc' dir='ltr'>λέγει,</span> <span class='ocrx_word' id='word_1_490' title='bbox 2529 471 2602 533; x_wconf 84' lang='grc' dir='ltr'>ὡς</span> <span class='ocrx_word' id='word_1_491' title='bbox 2634 472 2769 541; x_wconf 88' lang='grc' dir='ltr'>μήτε</span> <span class='ocrx_word' id='word_1_492' title='bbox 2791 471 2987 541; x_wconf 82' lang='grc' dir='ltr'>ἄνομον</span> <span class='ocrx_word' id='word_1_493' title='bbox 3011 472 3342 528; x_wconf 87' lang='grc' dir='ltr'>ἀπόλλυσθαι</span> <span class='ocrx_word' id='word_1_494' title='bbox 3370 471 3458 526; x_wconf 76' lang='grc' dir='ltr'>διά</span> <span class='ocrx_word' id='word_1_495' title='bbox 3494 473 3592 536; x_wconf 89' lang='grc' dir='ltr'>τάς</span> <span class='ocrx_word' id='word_1_496' title='bbox 3622 475 3896 544; x_wconf 69' lang='grc' dir='ltr'>προτέρας</span> 
     </span>
    </p>
   </div>
   <div class='ocr_carea' id='block_1_66' title="bbox 2328 556 3894 628">
    <p class='ocr_par' dir='ltr' id='par_1_66' title="bbox 2328 556 3894 628">
     <span class='ocr_line' id='line_1_66' title="bbox 2328 556 3894 628; baseline 0.001 -20"><span class='ocrx_word' id='word_1_497' title='bbox 2328 556 2571 624; x_wconf 81' lang='grc' dir='ltr'>ἀνομίας,</span> <span class='ocrx_word' id='word_1_498' title='bbox 2618 558 2712 609; x_wconf 81' lang='grc' dir='ltr'>ἐὰν</span> <span class='ocrx_word' id='word_1_499' title='bbox 2759 557 3057 627; x_wconf 77' lang='grc' dir='ltr'>ἐπιστρέψῃ</span> <span class='ocrx_word' id='word_1_500' title='bbox 3096 556 3189 611; x_wconf 90' lang='grc' dir='ltr'>τοῦ</span> <span class='ocrx_word' id='word_1_501' title='bbox 3235 558 3454 628; x_wconf 83' lang='grc' dir='ltr'>ποιῆσαι</span> <span class='ocrx_word' id='word_1_502' title='bbox 3481 557 3548 610; x_wconf 87' lang='grc' dir='ltr'>τά</span> <span class='ocrx_word' id='word_1_503' title='bbox 3581 556 3783 628; x_wconf 84' lang='grc' dir='ltr'>ἀρεστά</span> <span class='ocrx_word' id='word_1_504' title='bbox 3811 558 3894 626; x_wconf 82' lang='grc' dir='ltr'>τῷ</span> 
     </span>
    </p>
   </div>
   <div class='ocr_carea' id='block_1_67' title="bbox 2326 641 3894 714">
    <p class='ocr_par' dir='ltr' id='par_1_67' title="bbox 2326 641 3894 714">
     <span class='ocr_line' id='line_1_67' title="bbox 2326 641 3894 714; baseline 0.001 -21"><span class='ocrx_word' id='word_1_505' title='bbox 2326 641 2442 712; x_wconf 83' lang='grc' dir='ltr'>Θεῷ</span> <span class='ocrx_word' id='word_1_506' title='bbox 2464 657 2478 671; x_wconf 74' lang='grc' dir='ltr'><strong><em>ο</em></strong></span> <span class='ocrx_word' id='word_1_507' title='bbox 2509 644 2642 713; x_wconf 79' lang='grc' dir='ltr'>μήτε</span> <span class='ocrx_word' id='word_1_508' title='bbox 2673 643 2880 698; x_wconf 87' lang='grc' dir='ltr'>δίκαιον</span> <span class='ocrx_word' id='word_1_509' title='bbox 2911 644 3172 708; x_wconf 77' lang='grc' dir='ltr'>σώζεσθαι</span> <span class='ocrx_word' id='word_1_510' title='bbox 3194 682 3210 707; x_wconf 92' lang='grc'>,</span> <span class='ocrx_word' id='word_1_511' title='bbox 3240 643 3329 696; x_wconf 88' lang='grc' dir='ltr'>διά</span> <span class='ocrx_word' id='word_1_512' title='bbox 3367 644 3465 705; x_wconf 84' lang='grc' dir='ltr'>τὰς</span> <span class='ocrx_word' id='word_1_513' title='bbox 3499 645 3765 714; x_wconf 82' lang='grc' dir='ltr'>προτέρας</span> <span class='ocrx_word' id='word_1_514' title='bbox 3806 643 3894 695; x_wconf 89' lang='grc' dir='ltr'>δι-</span> 
     </span>
    </p>
   </div>
   <div class='ocr_carea' id='block_1_68' title="bbox 2327 727 3896 800">
    <p class='ocr_par' dir='ltr' id='par_1_68' title="bbox 2327 727 3896 800">
     <span class='ocr_line' id='line_1_68' title="bbox 2327 727 3896 800; baseline 0.005 -22"><span class='ocrx_word' id='word_1_515' title='bbox 2327 727 2633 791; x_wconf 81' lang='grc' dir='ltr'>καιοσύνας,</span> <span class='ocrx_word' id='word_1_516' title='bbox 2663 729 2759 781; x_wconf 89' lang='grc' dir='ltr'>ἐάν</span> <span class='ocrx_word' id='word_1_517' title='bbox 2788 730 3139 799; x_wconf 80' lang='grc' dir='ltr'>μεταϐληθεὶς</span> <span class='ocrx_word' id='word_1_518' title='bbox 3167 731 3387 800; x_wconf 86' lang='grc' dir='ltr'>γένηται</span> <span class='ocrx_word' id='word_1_519' title='bbox 3420 731 3616 799; x_wconf 81' lang='grc' dir='ltr'>ἀνομος</span> <span class='ocrx_word' id='word_1_520' title='bbox 3642 731 3732 782; x_wconf 75' lang='grc' dir='ltr'>καὶ</span> <span class='ocrx_word' id='word_1_521' title='bbox 3773 731 3896 786; x_wconf 77' lang='grc' dir='ltr'>ἀδι-</span> 
     </span>
    </p>
   </div>
   <div class='ocr_carea' id='block_1_69' title="bbox 2326 811 3896 888">
    <p class='ocr_par' dir='ltr' id='par_1_69' title="bbox 2326 811 3896 888">
     <span class='ocr_line' id='line_1_69' title="bbox 2326 811 3896 888; baseline 0.004 -22"><span class='ocrx_word' id='word_1_522' title='bbox 2326 830 2440 877; x_wconf 92' lang='grc' dir='ltr'>κος.</span> <span class='ocrx_word' id='word_1_523' title='bbox 2470 811 2642 868; x_wconf 67' lang='grc' dir='ltr'>*Ηλθέ</span> <span class='ocrx_word' id='word_1_524' title='bbox 2680 833 2764 880; x_wconf 92' lang='grc' dir='ltr'>τις</span> <span class='ocrx_word' id='word_1_525' title='bbox 2790 817 2925 887; x_wconf 82' lang='grc' dir='ltr'>πρὸς</span> <span class='ocrx_word' id='word_1_526' title='bbox 2959 817 3050 870; x_wconf 81' lang='grc' dir='ltr'>τὸν</span> <span class='ocrx_word' id='word_1_527' title='bbox 3095 819 3374 888; x_wconf 76' lang='grc' dir='ltr'>προφήτην</span> <span class='ocrx_word' id='word_1_528' title='bbox 3405 818 3777 884; x_wconf 83' lang='grc' dir='ltr'>ἀπαγγέλλων,</span> <span class='ocrx_word' id='word_1_529' title='bbox 3802 819 3896 872; x_wconf 81' lang='grc' dir='ltr'>ὅτι</span> 
     </span>
    </p>
   </div>
   <div class='ocr_carea' id='block_1_70' title="bbox 2325 900 3892 974">
    <p class='ocr_par' dir='ltr' id='par_1_70' title="bbox 2325 900 3892 974">
     <span class='ocr_line' id='line_1_70' title="bbox 2325 900 3892 974; baseline 0.003 -21"><span class='ocrx_word' id='word_1_530' title='bbox 2325 900 2466 954; x_wconf 78' lang='grc' dir='ltr'>ἑάλω</span> <span class='ocrx_word' id='word_1_531' title='bbox 2492 901 2843 974; x_wconf 88' lang='grc' dir='ltr'>Ἰερουσαλήμ</span> <span class='ocrx_word' id='word_1_532' title='bbox 2859 917 2873 931; x_wconf 80' lang='grc'><strong><em>⁸</em></strong></span> <span class='ocrx_word' id='word_1_533' title='bbox 2889 903 3109 972; x_wconf 84' lang='grc' dir='ltr'>λέγειδέ</span> <span class='ocrx_word' id='word_1_534' title='bbox 3131 906 3223 957; x_wconf 73' lang='grc' dir='ltr'>καὶ</span> <span class='ocrx_word' id='word_1_535' title='bbox 3250 905 3376 974; x_wconf 78' lang='grc' dir='ltr'>περὶ</span> <span class='ocrx_word' id='word_1_536' title='bbox 3401 904 3590 956; x_wconf 88' lang='grc' dir='ltr'>τούτου</span> <span class='ocrx_word' id='word_1_537' title='bbox 3615 905 3892 971; x_wconf 84' lang='grc' dir='ltr'>ἐγκαλῶν,</span> 
     </span>
    </p>
   </div>
   <div class='ocr_carea' id='block_1_71' title="bbox 2321 987 3898 1061">
    <p class='ocr_par' dir='ltr' id='par_1_71' title="bbox 2321 987 3898 1061">
     <span class='ocr_line' id='line_1_71' title="bbox 2321 987 3898 1061; baseline 0.006 -23"><span class='ocrx_word' id='word_1_538' title='bbox 2321 987 2404 1039; x_wconf 81' lang='grc' dir='ltr'>ὅτι</span> <span class='ocrx_word' id='word_1_539' title='bbox 2436 987 2510 1058; x_wconf 77' lang='grc' dir='ltr'>μὴ</span> <span class='ocrx_word' id='word_1_540' title='bbox 2542 991 2847 1059; x_wconf 86' lang='grc' dir='ltr'>προσέχωσι</span> <span class='ocrx_word' id='word_1_541' title='bbox 2869 994 2980 1053; x_wconf 78' lang='grc' dir='ltr'>τοῖς</span> <span class='ocrx_word' id='word_1_542' title='bbox 3015 991 3522 1060; x_wconf 86' lang='grc' dir='ltr'>προφητευομένοις.</span> <span class='ocrx_word' id='word_1_543' title='bbox 3548 992 3898 1061; x_wconf 78' lang='grc' dir='ltr'>Προφητεύει</span> 
     </span>
    </p>
   </div>
   <div class='ocr_carea' id='block_1_72' title="bbox 2322 1072 3898 1147">
    <p class='ocr_par' dir='ltr' id='par_1_72' title="bbox 2322 1072 3898 1147">
     <span class='ocr_line' id='line_1_72' title="bbox 2322 1072 3898 1147; baseline 0.006 -24"><span class='ocrx_word' id='word_1_544' title='bbox 2322 1072 2378 1124; x_wconf 88' lang='grc' dir='ltr'>δὲ</span> <span class='ocrx_word' id='word_1_545' title='bbox 2429 1074 2523 1127; x_wconf 80' lang='grc' dir='ltr'>καὶ</span> <span class='ocrx_word' id='word_1_546' title='bbox 2559 1074 2700 1127; x_wconf 90' lang='grc' dir='ltr'>κατά</span> <span class='ocrx_word' id='word_1_547' title='bbox 2733 1074 2840 1127; x_wconf 91' lang='grc' dir='ltr'>τῶν</span> <span class='ocrx_word' id='word_1_548' title='bbox 2866 1075 3135 1143; x_wconf 85' lang='grc' dir='ltr'>ποιμένων</span> <span class='ocrx_word' id='word_1_549' title='bbox 3175 1075 3272 1129; x_wconf 90' lang='grc' dir='ltr'>τοῦ</span> <span class='ocrx_word' id='word_1_550' title='bbox 3311 1077 3555 1147; x_wconf 81' lang='grc' dir='ltr'>Ἰσραήλ·</span> <span class='ocrx_word' id='word_1_551' title='bbox 3591 1078 3684 1130; x_wconf 73' lang='grc' dir='ltr'>καὶ</span> <span class='ocrx_word' id='word_1_552' title='bbox 3712 1079 3898 1146; x_wconf 81' lang='grc' dir='ltr'>ἐπαγ-</span> 
     </span>
    </p>
   </div>
   <div class='ocr_carea' id='block_1_73' title="bbox 2323 1158 3894 1232">
    <p class='ocr_par' dir='ltr' id='par_1_73' title="bbox 2323 1158 3894 1232">
     <span class='ocr_line' id='line_1_73' title="bbox 2323 1158 3894 1232; baseline 0.004 -22"><span class='ocrx_word' id='word_1_553' title='bbox 2323 1158 2566 1224; x_wconf 77' lang='grc' dir='ltr'>γέλλεται</span> <span class='ocrx_word' id='word_1_554' title='bbox 2606 1159 2796 1212; x_wconf 85' lang='grc' dir='ltr'>δώσειν</span> <span class='ocrx_word' id='word_1_555' title='bbox 2834 1160 3016 1222; x_wconf 81' lang='grc' dir='ltr'>αὐτοῖς</span> <span class='ocrx_word' id='word_1_556' title='bbox 3058 1161 3153 1217; x_wconf 83' lang='grc' dir='ltr'>ἐνα</span> <span class='ocrx_word' id='word_1_557' title='bbox 3198 1161 3427 1230; x_wconf 82' lang='grc' dir='ltr'>ποιμένα</span> <span class='ocrx_word' id='word_1_558' title='bbox 3449 1178 3462 1191; x_wconf 84' lang='lat'><strong><em>°</em></strong></span> <span class='ocrx_word' id='word_1_559' title='bbox 3497 1163 3630 1232; x_wconf 85' lang='grc' dir='ltr'>ὅπερ</span> <span class='ocrx_word' id='word_1_560' title='bbox 3669 1163 3760 1215; x_wconf 80' lang='grc' dir='ltr'>ἐπὶ</span> <span class='ocrx_word' id='word_1_561' title='bbox 3787 1165 3894 1217; x_wconf 81' lang='grc' dir='ltr'>τοῦ</span> 
     </span>
    </p>
   </div>
   <div class='ocr_carea' id='block_1_74' title="bbox 2321 1245 3894 1316">
    <p class='ocr_par' dir='ltr' id='par_1_74' title="bbox 2321 1245 3894 1316">
     <span class='ocr_line' id='line_1_74' title="bbox 2321 1245 3894 1316; baseline 0.003 -20"><span class='ocrx_word' id='word_1_562' title='bbox 2321 1245 2621 1314; x_wconf 88' lang='grc' dir='ltr'>Ζοροϐάϐελ</span> <span class='ocrx_word' id='word_1_563' title='bbox 2652 1246 2902 1314; x_wconf 87' lang='grc' dir='ltr'>γέγονεν,</span> <span class='ocrx_word' id='word_1_564' title='bbox 2941 1248 3077 1315; x_wconf 83' lang='grc' dir='ltr'>ὅπερ</span> <span class='ocrx_word' id='word_1_565' title='bbox 3121 1247 3213 1300; x_wconf 61' lang='grc' dir='ltr'>καὶ⁵</span> <span class='ocrx_word' id='word_1_566' title='bbox 3249 1247 3376 1299; x_wconf 85' lang='lat'><strong>0616</strong></span> <span class='ocrx_word' id='word_1_567' title='bbox 3409 1247 3894 1316; x_wconf 79' lang='grc' dir='ltr'>ἀναισχυντοῦντες</span> 
     </span>
    </p>
   </div>
   <div class='ocr_carea' id='block_1_75' title="bbox 2335 1331 3894 1405">
    <p class='ocr_par' dir='ltr' id='par_1_75' title="bbox 2335 1331 3894 1405">
     <span class='ocr_line' id='line_1_75' title="bbox 2335 1331 3894 1405; baseline 0.003 -23"><span class='ocrx_word' id='word_1_568' title='bbox 2335 1331 2572 1383; x_wconf 83' lang='grc' dir='ltr'>Ἰουδαῖοι</span> <span class='ocrx_word' id='word_1_569' title='bbox 2599 1331 2752 1383; x_wconf 82' lang='grc' dir='ltr'>οῦπω</span> <span class='ocrx_word' id='word_1_570' title='bbox 2773 1331 3099 1400; x_wconf 79' lang='grc' dir='ltr'>γεγενῆσθαί</span> <span class='ocrx_word' id='word_1_571' title='bbox 3133 1349 3284 1401; x_wconf 84' lang='grc' dir='ltr'>φασι·</span> <span class='ocrx_word' id='word_1_572' title='bbox 3310 1333 3496 1401; x_wconf 86' lang='grc' dir='ltr'>γέγονε</span> <span class='ocrx_word' id='word_1_573' title='bbox 3513 1333 3589 1394; x_wconf 82' lang='grc' dir='ltr'>δὲ,</span> <span class='ocrx_word' id='word_1_574' title='bbox 3619 1335 3695 1396; x_wconf 73' lang='lat'>(&#39;6;</span> <span class='ocrx_word' id='word_1_575' title='bbox 3715 1335 3894 1405; x_wconf 71' lang='grc' dir='ltr'>ἔφην,ι</span> 
     </span>
    </p>
   </div>
   <div class='ocr_carea' id='block_1_76' title="bbox 2321 1417 3890 1489">
    <p class='ocr_par' dir='ltr' id='par_1_76' title="bbox 2321 1417 3890 1489">
     <span class='ocr_line' id='line_1_76' title="bbox 2321 1417 3890 1489; baseline 0.004 -22"><span class='ocrx_word' id='word_1_576' title='bbox 2321 1417 2412 1470; x_wconf 68' lang='grc' dir='ltr'>ἐπὶ</span> <span class='ocrx_word' id='word_1_577' title='bbox 2427 1417 2745 1488; x_wconf 83' lang='grc' dir='ltr'>Ζοροϐάϐελ.</span> <span class='ocrx_word' id='word_1_578' title='bbox 2769 1418 3100 1488; x_wconf 77' lang='grc' dir='ltr'>Προφητεύει</span> <span class='ocrx_word' id='word_1_579' title='bbox 3125 1419 3262 1472; x_wconf 83' lang='grc' dir='ltr'>κατὰ</span> <span class='ocrx_word' id='word_1_580' title='bbox 3294 1419 3601 1489; x_wconf 77' lang='grc' dir='ltr'>Ἰδουμαίων</span> <span class='ocrx_word' id='word_1_581' title='bbox 3647 1421 3741 1473; x_wconf 80' lang='grc' dir='ltr'>καὶ</span> <span class='ocrx_word' id='word_1_582' title='bbox 3768 1425 3890 1484; x_wconf 85' lang='grc' dir='ltr'>τοῖς</span> 
     </span>
    </p>
   </div>
   <div class='ocr_carea' id='block_1_77' title="bbox 2332 1503 3889 1576">
    <p class='ocr_par' dir='ltr' id='par_1_77' title="bbox 2332 1503 3889 1576">
     <span class='ocr_line' id='line_1_77' title="bbox 2332 1503 3889 1576; baseline 0.003 -22"><span class='ocrx_word' id='word_1_583' title='bbox 2332 1503 2688 1572; x_wconf 86' lang='grc' dir='ltr'>Ἰσραηλίταις</span> <span class='ocrx_word' id='word_1_584' title='bbox 2733 1504 2972 1573; x_wconf 86' lang='grc' dir='ltr'>χρηστά,</span> <span class='ocrx_word' id='word_1_585' title='bbox 3015 1504 3158 1573; x_wconf 84' lang='grc' dir='ltr'>άπερ</span> <span class='ocrx_word' id='word_1_586' title='bbox 3204 1505 3365 1572; x_wconf 71' lang='grc' dir='ltr'>φησὶν</span> <span class='ocrx_word' id='word_1_587' title='bbox 3394 1506 3422 1556; x_wconf 93' lang='lat'>6</span> <span class='ocrx_word' id='word_1_588' title='bbox 3458 1505 3586 1568; x_wconf 82' lang='grc' dir='ltr'>Θεὸς</span> <span class='ocrx_word' id='word_1_589' title='bbox 3633 1508 3889 1576; x_wconf 80' lang='grc' dir='ltr'>ποιήσειν</span> 
     </span>
    </p>
   </div>
   <div class='ocr_carea' id='block_1_78' title="bbox 2334 1589 3887 1662">
    <p class='ocr_par' dir='ltr' id='par_1_78' title="bbox 2334 1589 3887 1662">
     <span class='ocr_line' id='line_1_78' title="bbox 2334 1589 3887 1662; baseline 0.003 -23"><span class='ocrx_word' id='word_1_590' title='bbox 2334 1589 2619 1649; x_wconf 84' lang='grc' dir='ltr'>Ἰουδαίοις.</span> <span class='ocrx_word' id='word_1_591' title='bbox 2634 1589 2731 1642; x_wconf 87' lang='grc' dir='ltr'>οὑκ</span> <span class='ocrx_word' id='word_1_592' title='bbox 2754 1590 2939 1660; x_wconf 74' lang='grc' dir='ltr'>ἐπειδὴ</span> <span class='ocrx_word' id='word_1_593' title='bbox 2957 1589 3092 1654; x_wconf 80' lang='grc' dir='ltr'>ἄξιοί</span> <span class='ocrx_word' id='word_1_594' title='bbox 3121 1590 3277 1650; x_wconf 86' lang='grc' dir='ltr'>είσιν,</span> <span class='ocrx_word' id='word_1_595' title='bbox 3292 1590 3403 1642; x_wconf 83' lang='grc' dir='ltr'>ἀλλ’</span> <span class='ocrx_word' id='word_1_596' title='bbox 3417 1590 3502 1643; x_wconf 82' lang='grc' dir='ltr'>ἴνα</span> <span class='ocrx_word' id='word_1_597' title='bbox 3528 1591 3603 1662; x_wconf 76' lang='grc' dir='ltr'>μὴ</span> <span class='ocrx_word' id='word_1_598' title='bbox 3624 1592 3684 1644; x_wconf 85' lang='grc' dir='ltr'>τὸ</span> <span class='ocrx_word' id='word_1_599' title='bbox 3707 1594 3887 1661; x_wconf 76' lang='grc' dir='ltr'>ὄνομα</span> 
     </span>
    </p>
   </div>
   <div class='ocr_carea' id='block_1_79' title="bbox 2323 1674 3883 1750">
    <p class='ocr_par' dir='ltr' id='par_1_79' title="bbox 2323 1674 3883 1750">
     <span class='ocr_line' id='line_1_79' title="bbox 2323 1674 3883 1750; baseline 0.005 -25"><span class='ocrx_word' id='word_1_600' title='bbox 2323 1674 2486 1727; x_wconf 88' lang='grc' dir='ltr'>αὑτοῦ</span> <span class='ocrx_word' id='word_1_601' title='bbox 2545 1674 2838 1745; x_wconf 81' lang='grc' dir='ltr'>βεϐηλωθῇ.</span> <span class='ocrx_word' id='word_1_602' title='bbox 2870 1677 3090 1742; x_wconf 82' lang='grc' dir='ltr'>’Δγεται</span> <span class='ocrx_word' id='word_1_603' title='bbox 3132 1677 3160 1728; x_wconf 97' lang='lat'>6</span> <span class='ocrx_word' id='word_1_604' title='bbox 3191 1677 3473 1746; x_wconf 86' lang='grc' dir='ltr'>προφήτης</span> <span class='ocrx_word' id='word_1_605' title='bbox 3518 1679 3597 1739; x_wconf 86' lang='grc' dir='ltr'>εἰς</span> <span class='ocrx_word' id='word_1_606' title='bbox 3635 1677 3695 1729; x_wconf 81' lang='grc' dir='ltr'>τὸ</span> <span class='ocrx_word' id='word_1_607' title='bbox 3725 1677 3883 1750; x_wconf 81' lang='grc'>[388]</span> 
     </span>
    </p>
   </div>
   <div class='ocr_carea' id='block_1_80' title="bbox 2319 1761 3884 1834">
    <p class='ocr_par' dir='ltr' id='par_1_80' title="bbox 2319 1761 3884 1834">
     <span class='ocr_line' id='line_1_80' title="bbox 2319 1761 3884 1834; baseline 0.005 -23"><span class='ocrx_word' id='word_1_608' title='bbox 2319 1761 2518 1823; x_wconf 84' lang='grc' dir='ltr'>πεδίον,</span> <span class='ocrx_word' id='word_1_609' title='bbox 2545 1762 2637 1815; x_wconf 71' lang='grc' dir='ltr'>καὶ</span> <span class='ocrx_word' id='word_1_610' title='bbox 2669 1761 2995 1831; x_wconf 83' lang='grc' dir='ltr'>προφητεύει</span> <span class='ocrx_word' id='word_1_611' title='bbox 3028 1761 3118 1815; x_wconf 75' lang='grc' dir='ltr'>ἐπὶ</span> <span class='ocrx_word' id='word_1_612' title='bbox 3137 1763 3201 1814; x_wconf 90' lang='grc' dir='ltr'>τά</span> <span class='ocrx_word' id='word_1_613' title='bbox 3232 1763 3365 1816; x_wconf 78' lang='grc' dir='ltr'>όστᾶ</span> <span class='ocrx_word' id='word_1_614' title='bbox 3389 1762 3456 1815; x_wconf 89' lang='grc' dir='ltr'>τά</span> <span class='ocrx_word' id='word_1_615' title='bbox 3485 1763 3637 1833; x_wconf 74' lang='grc' dir='ltr'>ξηρά.</span> <span class='ocrx_word' id='word_1_616' title='bbox 3659 1765 3884 1834; x_wconf 83' lang='grc' dir='ltr'>Προφη-</span> 
     </span>
    </p>
   </div>
   <div class='ocr_carea' id='block_1_81' title="bbox 2316 1843 3881 1921">
    <p class='ocr_par' dir='ltr' id='par_1_81' title="bbox 2316 1843 3881 1921">
     <span class='ocr_line' id='line_1_81' title="bbox 2316 1843 3881 1921; baseline 0.004 -25"><span class='ocrx_word' id='word_1_617' title='bbox 2316 1845 2461 1899; x_wconf 85' lang='grc' dir='ltr'>τεύει</span> <span class='ocrx_word' id='word_1_618' title='bbox 2487 1847 2542 1900; x_wconf 84' lang='grc' dir='ltr'>δέ</span> <span class='ocrx_word' id='word_1_619' title='bbox 2564 1847 2654 1900; x_wconf 76' lang='grc' dir='ltr'>καὶ</span> <span class='ocrx_word' id='word_1_620' title='bbox 2686 1846 2922 1917; x_wconf 75' lang='grc' dir='ltr'>περὶτοῦ</span> <span class='ocrx_word' id='word_1_621' title='bbox 2952 1847 3272 1921; x_wconf 86' lang='grc' dir='ltr'>Ζοροϐάϐελ,</span> <span class='ocrx_word' id='word_1_622' title='bbox 3305 1849 3384 1900; x_wconf 83' lang='grc' dir='ltr'>ὅτι</span> <span class='ocrx_word' id='word_1_623' title='bbox 3409 1843 3488 1911; x_wconf 73' lang='grc' dir='ltr'>εἷς</span> <span class='ocrx_word' id='word_1_624' title='bbox 3518 1850 3700 1919; x_wconf 76' lang='grc' dir='ltr'>ἄρχων</span> <span class='ocrx_word' id='word_1_625' title='bbox 3723 1851 3881 1904; x_wconf 77' lang='grc' dir='ltr'>ἔσται</span> 
     </span>
    </p>
   </div>
   <div class='ocr_carea' id='block_1_82' title="bbox 2329 1930 3880 2005">
    <p class='ocr_par' dir='ltr' id='par_1_82' title="bbox 2329 1930 3880 2005">
     <span class='ocr_line' id='line_1_82' title="bbox 2329 1930 3880 2005; baseline 0.003 -22"><span class='ocrx_word' id='word_1_626' title='bbox 2329 1930 2628 1985; x_wconf 89' lang='grc' dir='ltr'>Ἰουδαίων·</span> <span class='ocrx_word' id='word_1_627' title='bbox 2659 1931 2878 1985; x_wconf 91' lang='grc' dir='ltr'>δύναται</span> <span class='ocrx_word' id='word_1_628' title='bbox 2909 1932 2966 1984; x_wconf 85' lang='grc' dir='ltr'>δέ</span> <span class='ocrx_word' id='word_1_629' title='bbox 3001 1933 3081 1995; x_wconf 83' lang='grc' dir='ltr'>είς</span> <span class='ocrx_word' id='word_1_630' title='bbox 3115 1933 3204 1986; x_wconf 77' lang='grc' dir='ltr'>τδν</span> <span class='ocrx_word' id='word_1_631' title='bbox 3239 1935 3438 2004; x_wconf 82' lang='grc' dir='ltr'>Κύριον</span> <span class='ocrx_word' id='word_1_632' title='bbox 3465 1934 3619 2004; x_wconf 80' lang='grc' dir='ltr'>ἡμῶν</span> <span class='ocrx_word' id='word_1_633' title='bbox 3669 1936 3880 2005; x_wconf 79' lang='grc' dir='ltr'>Ἰησοῦν</span> 
     </span>
    </p>
   </div>
   <div class='ocr_carea' id='block_1_83' title="bbox 2315 2017 3883 2090">
    <p class='ocr_par' dir='ltr' id='par_1_83' title="bbox 2315 2017 3883 2090">
     <span class='ocr_line' id='line_1_83' title="bbox 2315 2017 3883 2090; baseline 0.003 -21"><span class='ocrx_word' id='word_1_634' title='bbox 2315 2017 2547 2086; x_wconf 76' lang='grc' dir='ltr'>Χριστὸν</span> <span class='ocrx_word' id='word_1_635' title='bbox 2573 2017 2959 2088; x_wconf 90' lang='grc' dir='ltr'>λαμϐάνεσθαι.</span> <span class='ocrx_word' id='word_1_636' title='bbox 2995 2019 3327 2089; x_wconf 83' lang='grc' dir='ltr'>Προφητεύει</span> <span class='ocrx_word' id='word_1_637' title='bbox 3363 2020 3457 2073; x_wconf 78' lang='grc' dir='ltr'>καὶ</span> <span class='ocrx_word' id='word_1_638' title='bbox 3486 2019 3611 2090; x_wconf 87' lang='grc' dir='ltr'>περί</span> <span class='ocrx_word' id='word_1_639' title='bbox 3638 2021 3758 2089; x_wconf 89' lang='grc' dir='ltr'>Γὼγ</span> <span class='ocrx_word' id='word_1_640' title='bbox 3781 2023 3883 2074; x_wconf 80' lang='grc' dir='ltr'>καὶ</span> 
     </span>
    </p>
   </div>
   <div class='ocr_carea' id='block_1_84' title="bbox 2316 2101 3877 2175">
    <p class='ocr_par' dir='ltr' id='par_1_84' title="bbox 2316 2101 3877 2175">
     <span class='ocr_line' id='line_1_84' title="bbox 2316 2101 3877 2175; baseline 0.004 -21"><span class='ocrx_word' id='word_1_641' title='bbox 2316 2101 2527 2171; x_wconf 86' lang='grc' dir='ltr'>Μαγὼγ</span> <span class='ocrx_word' id='word_1_642' title='bbox 2553 2102 2886 2157; x_wconf 83' lang='grc' dir='ltr'>ἐπελθόντων</span> <span class='ocrx_word' id='word_1_643' title='bbox 2907 2105 3019 2165; x_wconf 74' lang='grc' dir='ltr'>τοῖς</span> <span class='ocrx_word' id='word_1_644' title='bbox 3043 2103 3310 2166; x_wconf 82' lang='grc' dir='ltr'>Ἰουδαίοις</span> <span class='ocrx_word' id='word_1_645' title='bbox 3335 2106 3470 2174; x_wconf 86' lang='grc' dir='ltr'>μετά</span> <span class='ocrx_word' id='word_1_646' title='bbox 3503 2105 3597 2175; x_wconf 78' lang='grc' dir='ltr'>τὴν</span> <span class='ocrx_word' id='word_1_647' title='bbox 3617 2107 3877 2160; x_wconf 76' lang='grc' dir='ltr'>ἐπάνοδον</span> 
     </span>
    </p>
   </div>
   <div class='ocr_carea' id='block_1_85' title="bbox 2315 2187 3876 2264">
    <p class='ocr_par' dir='ltr' id='par_1_85' title="bbox 2315 2187 3876 2264">
     <span class='ocr_line' id='line_1_85' title="bbox 2315 2187 3876 2264; baseline 0.003 -24"><span class='ocrx_word' id='word_1_648' title='bbox 2315 2187 2410 2260; x_wconf 74' lang='grc' dir='ltr'>τὴν</span> <span class='ocrx_word' id='word_1_649' title='bbox 2438 2190 2501 2241; x_wconf 89' lang='grc' dir='ltr'>ἐκ</span> <span class='ocrx_word' id='word_1_650' title='bbox 2529 2188 2861 2252; x_wconf 88' lang='grc' dir='ltr'>Βαϐυλῶνος,</span> <span class='ocrx_word' id='word_1_651' title='bbox 2889 2189 2982 2240; x_wconf 76' lang='grc' dir='ltr'>καὶ</span> <span class='ocrx_word' id='word_1_652' title='bbox 3010 2189 3345 2259; x_wconf 79' lang='grc' dir='ltr'>ἡττηθέντων</span> <span class='ocrx_word' id='word_1_653' title='bbox 3372 2229 3385 2242; x_wconf 95' lang='grc'>.</span> <span class='ocrx_word' id='word_1_654' title='bbox 3419 2190 3571 2254; x_wconf 86' lang='grc' dir='ltr'>Τινές</span> <span class='ocrx_word' id='word_1_655' title='bbox 3612 2191 3669 2244; x_wconf 84' lang='grc' dir='ltr'>δὲ</span> <span class='ocrx_word' id='word_1_656' title='bbox 3707 2192 3876 2264; x_wconf 85' lang='grc' dir='ltr'>ἀλλη-</span> 
     </span>
    </p>
   </div>
   <div class='ocr_carea' id='block_1_86' title="bbox 2314 2273 3878 2348">
    <p class='ocr_par' dir='ltr' id='par_1_86' title="bbox 2314 2273 3878 2348">
     <span class='ocr_line' id='line_1_86' title="bbox 2314 2273 3878 2348; baseline 0.005 -23"><span class='ocrx_word' id='word_1_657' title='bbox 2314 2273 2548 2348; x_wconf 90' lang='grc' dir='ltr'>γορικῶς</span> <span class='ocrx_word' id='word_1_658' title='bbox 2583 2273 2943 2344; x_wconf 91' lang='grc' dir='ltr'>λαμϐάνουσιν</span> <span class='ocrx_word' id='word_1_659' title='bbox 2971 2274 3049 2336; x_wconf 84' lang='grc' dir='ltr'>είς</span> <span class='ocrx_word' id='word_1_660' title='bbox 3077 2275 3177 2336; x_wconf 87' lang='grc' dir='ltr'>τάς</span> <span class='ocrx_word' id='word_1_661' title='bbox 3205 2275 3542 2345; x_wconf 83' lang='grc' dir='ltr'>Ἐκκλησίας,</span> <span class='ocrx_word' id='word_1_662' title='bbox 3565 2277 3657 2328; x_wconf 77' lang='grc' dir='ltr'>καὶ</span> <span class='ocrx_word' id='word_1_663' title='bbox 3685 2279 3764 2340; x_wconf 84' lang='grc' dir='ltr'>είς</span> <span class='ocrx_word' id='word_1_664' title='bbox 3784 2280 3878 2333; x_wconf 83' lang='grc' dir='ltr'>τὸν</span> 
     </span>
    </p>
   </div>
   <div class='ocr_carea' id='block_1_87' title="bbox 2314 2357 3874 2432">
    <p class='ocr_par' dir='ltr' id='par_1_87' title="bbox 2314 2357 3874 2432">
     <span class='ocr_line' id='line_1_87' title="bbox 2314 2357 3874 2432; baseline 0.004 -22"><span class='ocrx_word' id='word_1_665' title='bbox 2314 2357 2573 2420; x_wconf 91' lang='grc' dir='ltr'>διάϐολον,</span> <span class='ocrx_word' id='word_1_666' title='bbox 2605 2360 2695 2412; x_wconf 75' lang='grc' dir='ltr'>καὶ</span> <span class='ocrx_word' id='word_1_667' title='bbox 2722 2360 2845 2422; x_wconf 82' lang='lat'><strong>106;</strong></span> <span class='ocrx_word' id='word_1_668' title='bbox 2882 2358 3023 2412; x_wconf 88' lang='grc' dir='ltr'>κατά</span> <span class='ocrx_word' id='word_1_669' title='bbox 3044 2359 3233 2428; x_wconf 84' lang='grc' dir='ltr'>καιρὸν</span> <span class='ocrx_word' id='word_1_670' title='bbox 3259 2360 3527 2430; x_wconf 81' lang='grc' dir='ltr'>διωγμοὺς</span> <span class='ocrx_word' id='word_1_671' title='bbox 3555 2364 3874 2432; x_wconf 83' lang='grc' dir='ltr'>ἐπενεχθέν-</span> 
     </span>
    </p>
   </div>
   <div class='ocr_carea' id='block_1_88' title="bbox 2313 2445 3875 2516">
    <p class='ocr_par' dir='ltr' id='par_1_88' title="bbox 2313 2445 3875 2516">
     <span class='ocr_line' id='line_1_88' title="bbox 2313 2445 3875 2516; baseline 0.005 -19"><span class='ocrx_word' id='word_1_672' title='bbox 2313 2461 2410 2509; x_wconf 89' lang='grc' dir='ltr'>τας</span> <span class='ocrx_word' id='word_1_673' title='bbox 2450 2446 2552 2498; x_wconf 82' lang='grc' dir='ltr'>ὑπὸ</span> <span class='ocrx_word' id='word_1_674' title='bbox 2594 2445 2805 2499; x_wconf 85' lang='grc' dir='ltr'>ἀσεϐῶν</span> <span class='ocrx_word' id='word_1_675' title='bbox 2855 2445 3133 2515; x_wconf 85' lang='grc' dir='ltr'>βασιλέων.</span> <span class='ocrx_word' id='word_1_676' title='bbox 3161 2446 3490 2516; x_wconf 84' lang='grc' dir='ltr'>Προφητεύει</span> <span class='ocrx_word' id='word_1_677' title='bbox 3533 2449 3588 2502; x_wconf 77' lang='grc' dir='ltr'>δὲ</span> <span class='ocrx_word' id='word_1_678' title='bbox 3619 2451 3711 2503; x_wconf 86' lang='grc' dir='ltr'>τοῦ</span> <span class='ocrx_word' id='word_1_679' title='bbox 3741 2452 3875 2505; x_wconf 80' lang='grc' dir='ltr'>ναοῦ</span> 
     </span>
    </p>
   </div>
   <div class='ocr_carea' id='block_1_89' title="bbox 2313 2531 3876 2608">
    <p class='ocr_par' dir='ltr' id='par_1_89' title="bbox 2313 2531 3876 2608">
     <span class='ocr_line' id='line_1_89' title="bbox 2313 2531 3876 2608; baseline 0.007 -27"><span class='ocrx_word' id='word_1_680' title='bbox 2313 2532 2412 2599; x_wconf 80' lang='grc' dir='ltr'>τὴν</span> <span class='ocrx_word' id='word_1_681' title='bbox 2454 2531 2757 2602; x_wconf 80' lang='grc' dir='ltr'>οίκοδομὴν,</span> <span class='ocrx_word' id='word_1_682' title='bbox 2792 2532 2886 2584; x_wconf 80' lang='grc' dir='ltr'>καὶ</span> <span class='ocrx_word' id='word_1_683' title='bbox 2915 2531 3013 2600; x_wconf 80' lang='grc' dir='ltr'>τὴν</span> <span class='ocrx_word' id='word_1_684' title='bbox 3040 2531 3476 2587; x_wconf 79' lang='grc' dir='ltr'>ἀποκατάστασιν</span> <span class='ocrx_word' id='word_1_685' title='bbox 3499 2533 3600 2604; x_wconf 84' lang='grc' dir='ltr'>τῆς</span> <span class='ocrx_word' id='word_1_686' title='bbox 3638 2539 3876 2608; x_wconf 84' lang='grc' dir='ltr'>νομικῆς</span> 
     </span>
    </p>
   </div>
   <div class='ocr_carea' id='block_1_90' title="bbox 2313 2615 3875 2689">
    <p class='ocr_par' dir='ltr' id='par_1_90' title="bbox 2313 2615 3875 2689">
     <span class='ocr_line' id='line_1_90' title="bbox 2313 2615 3875 2689; baseline 0.004 -21"><span class='ocrx_word' id='word_1_687' title='bbox 2313 2615 2593 2689; x_wconf 85' lang='grc' dir='ltr'>λατρείας·</span> <span class='ocrx_word' id='word_1_688' title='bbox 2627 2618 2769 2687; x_wconf 80' lang='grc' dir='ltr'>άπερ</span> <span class='ocrx_word' id='word_1_689' title='bbox 2801 2618 2895 2670; x_wconf 75' lang='grc' dir='ltr'>καὶ</span> <span class='ocrx_word' id='word_1_690' title='bbox 2928 2617 3065 2672; x_wconf 85' lang='grc' dir='ltr'>αὺτά</span> <span class='ocrx_word' id='word_1_691' title='bbox 3112 2619 3446 2689; x_wconf 87' lang='grc' dir='ltr'>προσδοκῶσι</span> <span class='ocrx_word' id='word_1_692' title='bbox 3473 2621 3571 2689; x_wconf 78' lang='grc' dir='ltr'>μὲν</span> <span class='ocrx_word' id='word_1_693' title='bbox 3608 2621 3686 2675; x_wconf 74' lang='grc' dir='ltr'>ἔτι</span> <span class='ocrx_word' id='word_1_694' title='bbox 3740 2624 3875 2677; x_wconf 69' lang='grc' dir='ltr'>Ἰουι-</span> 
     </span>
    </p>
   </div>
   <div class='ocr_carea' id='block_1_91' title="bbox 2311 2702 3877 2778">
    <p class='ocr_par' dir='ltr' id='par_1_91' title="bbox 2311 2702 3877 2778">
     <span class='ocr_line' id='line_1_91' title="bbox 2311 2702 3877 2778; baseline 0.004 -23"><span class='ocrx_word' id='word_1_695' title='bbox 2311 2702 2479 2755; x_wconf 84' lang='grc' dir='ltr'>δαῖοι·</span> <span class='ocrx_word' id='word_1_696' title='bbox 2517 2703 2675 2773; x_wconf 81' lang='grc' dir='ltr'>ἐξέϐη</span> <span class='ocrx_word' id='word_1_697' title='bbox 2712 2703 2770 2755; x_wconf 78' lang='grc' dir='ltr'><strong>δέ</strong></span> <span class='ocrx_word' id='word_1_698' title='bbox 2819 2704 2912 2755; x_wconf 85' lang='grc' dir='ltr'>ἐπὶ</span> <span class='ocrx_word' id='word_1_699' title='bbox 2943 2704 3144 2774; x_wconf 78' lang='grc' dir='ltr'>Ἐσδρα</span> <span class='ocrx_word' id='word_1_700' title='bbox 3188 2705 3282 2758; x_wconf 81' lang='grc' dir='ltr'>καὶ</span> <span class='ocrx_word' id='word_1_701' title='bbox 3312 2706 3627 2778; x_wconf 85' lang='grc' dir='ltr'>Ζοροϐάϐελ.</span> <span class='ocrx_word' id='word_1_702' title='bbox 3659 2710 3770 2778; x_wconf 75' lang='grc' dir='ltr'>Τὴν</span> <span class='ocrx_word' id='word_1_703' title='bbox 3814 2711 3877 2762; x_wconf 76' lang='grc' dir='ltr'>δὲ</span> 
     </span>
    </p>
   </div>
   <div class='ocr_carea' id='block_1_92' title="bbox 2310 2788 3876 2864">
    <p class='ocr_par' dir='ltr' id='par_1_92' title="bbox 2310 2788 3876 2864">
     <span class='ocr_line' id='line_1_92' title="bbox 2310 2788 3876 2864; baseline 0.003 -22"><span class='ocrx_word' id='word_1_704' title='bbox 2310 2788 2591 2859; x_wconf 80' lang='grc' dir='ltr'>οίκοδομὴν</span> <span class='ocrx_word' id='word_1_705' title='bbox 2630 2791 2728 2860; x_wconf 85' lang='grc' dir='ltr'>τῆς</span> <span class='ocrx_word' id='word_1_706' title='bbox 2759 2790 2981 2854; x_wconf 85' lang='grc' dir='ltr'>πόλεως,</span> <span class='ocrx_word' id='word_1_707' title='bbox 3009 2790 3077 2860; x_wconf 75' lang='grc' dir='ltr'>ἢν</span> <span class='ocrx_word' id='word_1_708' title='bbox 3105 2791 3376 2861; x_wconf 88' lang='grc' dir='ltr'>προλέγει,</span> <span class='ocrx_word' id='word_1_709' title='bbox 3417 2793 3508 2844; x_wconf 75' lang='grc' dir='ltr'>καὶ</span> <span class='ocrx_word' id='word_1_710' title='bbox 3546 2794 3606 2846; x_wconf 77' lang='lat'>16</span> <span class='ocrx_word' id='word_1_711' title='bbox 3638 2794 3783 2864; x_wconf 77' lang='grc' dir='ltr'>ὕδωρ</span> <span class='ocrx_word' id='word_1_712' title='bbox 3809 2795 3876 2846; x_wconf 81' lang='lat'>16</span> 
     </span>
    </p>
   </div>
   <div class='ocr_carea' id='block_1_93' title="bbox 2311 2874 3873 2945">
    <p class='ocr_par' dir='ltr' id='par_1_93' title="bbox 2311 2874 3873 2945">
     <span class='ocr_line' id='line_1_93' title="bbox 2311 2874 3873 2945; baseline 0.003 -19"><span class='ocrx_word' id='word_1_713' title='bbox 2311 2874 2452 2926; x_wconf 82' lang='grc' dir='ltr'>κατά</span> <span class='ocrx_word' id='word_1_714' title='bbox 2487 2876 2678 2945; x_wconf 84' lang='grc' dir='ltr'>μικρὸν</span> <span class='ocrx_word' id='word_1_715' title='bbox 2720 2875 3142 2945; x_wconf 85' lang='grc' dir='ltr'>ἐκπορευόμενον</span> <span class='ocrx_word' id='word_1_716' title='bbox 3171 2876 3262 2928; x_wconf 73' lang='grc' dir='ltr'>καὶ</span> <span class='ocrx_word' id='word_1_717' title='bbox 3302 2877 3679 2945; x_wconf 79' lang='grc' dir='ltr'>αὐξανόμενον,</span> <span class='ocrx_word' id='word_1_718' title='bbox 3708 2878 3873 2931; x_wconf 83' lang='grc' dir='ltr'>δύνα-</span> 
     </span>
    </p>
   </div>
   <div class='ocr_carea' id='block_1_94' title="bbox 2309 2959 3874 3032">
    <p class='ocr_par' dir='ltr' id='par_1_94' title="bbox 2309 2959 3874 3032">
     <span class='ocr_line' id='line_1_94' title="bbox 2309 2959 3874 3032; baseline 0.004 -22"><span class='ocrx_word' id='word_1_719' title='bbox 2309 2975 2396 3012; x_wconf 89' lang='grc' dir='ltr'>ται</span> <span class='ocrx_word' id='word_1_720' title='bbox 2429 2961 2521 3014; x_wconf 65' lang='grc' dir='ltr'>ἐπὶ⁵</span> <span class='ocrx_word' id='word_1_721' title='bbox 2559 2962 2682 3022; x_wconf 81' lang='grc' dir='ltr'>τοὺς</span> <span class='ocrx_word' id='word_1_722' title='bbox 2715 2961 3134 3030; x_wconf 74' lang='grc' dir='ltr'>ἐπιστρέφοντας</span> <span class='ocrx_word' id='word_1_723' title='bbox 3165 2961 3256 3011; x_wconf 76' lang='grc' dir='ltr'>ἐπὶ</span> <span class='ocrx_word' id='word_1_724' title='bbox 3283 2959 3371 3012; x_wconf 81' lang='grc' dir='ltr'>τὸν</span> <span class='ocrx_word' id='word_1_725' title='bbox 3400 2962 3628 3031; x_wconf 74' lang='grc' dir='ltr'>Χριστὸν</span> <span class='ocrx_word' id='word_1_726' title='bbox 3668 2963 3874 3032; x_wconf 84' lang='grc' dir='ltr'>λαμϐά-</span> 
     </span>
    </p>
   </div>
   <div class='ocr_carea' id='block_1_95' title="bbox 2309 3045 3875 3118">
    <p class='ocr_par' dir='ltr' id='par_1_95' title="bbox 2309 3045 3875 3118">
     <span class='ocr_line' id='line_1_95' title="bbox 2309 3045 3875 3118; baseline 0.002 -20"><span class='ocrx_word' id='word_1_727' title='bbox 2309 3046 2514 3108; x_wconf 86' lang='grc' dir='ltr'>νεσθαι,</span> <span class='ocrx_word' id='word_1_728' title='bbox 2546 3047 2770 3115; x_wconf 81' lang='grc' dir='ltr'>νεκροὺς</span> <span class='ocrx_word' id='word_1_729' title='bbox 2793 3045 2950 3108; x_wconf 77' lang='grc' dir='ltr'>ὄντας</span> <span class='ocrx_word' id='word_1_730' title='bbox 2987 3045 3115 3115; x_wconf 80' lang='grc' dir='ltr'>πρὶν</span> <span class='ocrx_word' id='word_1_731' title='bbox 3147 3045 3179 3115; x_wconf 73' lang='grc' dir='ltr'>ἢ</span> <span class='ocrx_word' id='word_1_732' title='bbox 3217 3045 3523 3114; x_wconf 87' lang='grc' dir='ltr'>πιστεῦσαι,</span> <span class='ocrx_word' id='word_1_733' title='bbox 3552 3049 3692 3118; x_wconf 80' lang='grc' dir='ltr'>μετά</span> <span class='ocrx_word' id='word_1_734' title='bbox 3718 3049 3778 3104; x_wconf 81' lang='grc' dir='ltr'>δέ</span> <span class='ocrx_word' id='word_1_735' title='bbox 3809 3050 3875 3104; x_wconf 72' lang='grc' dir='ltr'>τὸ</span> 
     </span>
    </p>
   </div>
   <div class='ocr_carea' id='block_1_96' title="bbox 2307 3133 3100 3202">
    <p class='ocr_par' dir='ltr' id='par_1_96' title="bbox 2307 3133 3100 3202">
     <span class='ocr_line' id='line_1_96' title="bbox 2307 3133 3100 3202; baseline 0 -15"><span class='ocrx_word' id='word_1_736' title='bbox 2307 3133 2594 3188; x_wconf 88' lang='grc' dir='ltr'>πιστεῦσαι</span> <span class='ocrx_word' id='word_1_737' title='bbox 2619 3133 3100 3202; x_wconf 75' lang='grc' dir='ltr'>ζωοποιουμένους.</span> 
     </span>
    </p>
   </div>
   <div class='ocr_carea' id='block_1_97' title="bbox 2375 3253 3831 3329">
    <p class='ocr_par' dir='ltr' id='par_1_97' title="bbox 2375 3253 3831 3329">
     <span class='ocr_line' id='line_1_97' title="bbox 2375 3253 3831 3329; baseline 0.003 -18"><span class='ocrx_word' id='word_1_738' title='bbox 2375 3258 2640 3325; x_wconf 73' lang='grc' dir='ltr'>Σύνοψις</span> <span class='ocrx_word' id='word_1_739' title='bbox 2669 3253 2787 3308; x_wconf 87' lang='grc' dir='ltr'>τῶν</span> <span class='ocrx_word' id='word_1_740' title='bbox 2825 3253 2905 3320; x_wconf 85' lang='grc' dir='ltr'>τῷ</span> <span class='ocrx_word' id='word_1_741' title='bbox 2937 3257 3208 3325; x_wconf 68' lang='grc' dir='ltr'>προφήτῃ</span> <span class='ocrx_word' id='word_1_742' title='bbox 3242 3255 3462 3325; x_wconf 84' lang='grc' dir='ltr'>Δανιὴλ</span> <span class='ocrx_word' id='word_1_743' title='bbox 3493 3260 3831 3329; x_wconf 69' lang='grc' dir='ltr'>εἰρημένων.</span> 
     </span>
    </p>
   </div>
   <div class='ocr_carea' id='block_1_98' title="bbox 2389 3377 3874 3450">
    <p class='ocr_par' dir='ltr' id='par_1_98' title="bbox 2389 3377 3874 3450">
     <span class='ocr_line' id='line_1_98' title="bbox 2389 3377 3874 3450; baseline 0.003 -17"><span class='ocrx_word' id='word_1_744' title='bbox 2389 3379 2729 3446; x_wconf 81' lang='grc' dir='ltr'>Ἐκλέγονται</span> <span class='ocrx_word' id='word_1_745' title='bbox 2761 3377 2810 3430; x_wconf 77' lang='grc' dir='ltr'>οἰ</span> <span class='ocrx_word' id='word_1_746' title='bbox 2840 3377 2966 3448; x_wconf 79' lang='grc' dir='ltr'>περὶ</span> <span class='ocrx_word' id='word_1_747' title='bbox 2997 3377 3089 3430; x_wconf 80' lang='grc' dir='ltr'>τὸν</span> <span class='ocrx_word' id='word_1_748' title='bbox 3123 3378 3338 3446; x_wconf 76' lang='grc' dir='ltr'>Δανιὴλ,</span> <span class='ocrx_word' id='word_1_749' title='bbox 3358 3378 3450 3431; x_wconf 84' lang='grc' dir='ltr'>καὶ</span> <span class='ocrx_word' id='word_1_750' title='bbox 3491 3382 3874 3450; x_wconf 84' lang='grc' dir='ltr'>παραδίδονται</span> 
     </span>
    </p>
   </div>
   <div class='ocr_carea' id='block_1_99' title="bbox 2306 3463 3871 3538">
    <p class='ocr_par' dir='ltr' id='par_1_99' title="bbox 2306 3463 3871 3538">
     <span class='ocr_line' id='line_1_99' title="bbox 2306 3463 3871 3538; baseline -0.001 -16"><span class='ocrx_word' id='word_1_751' title='bbox 2306 3467 2382 3538; x_wconf 85' lang='grc' dir='ltr'>τῷ</span> <span class='ocrx_word' id='word_1_752' title='bbox 2415 3464 2798 3537; x_wconf 85' lang='grc' dir='ltr'>ἀρχιευνούχῳ,</span> <span class='ocrx_word' id='word_1_753' title='bbox 2819 3464 2911 3516; x_wconf 79' lang='grc' dir='ltr'>καὶ</span> <span class='ocrx_word' id='word_1_754' title='bbox 2939 3463 3206 3518; x_wconf 82' lang='grc' dir='ltr'>σιτοῦνται</span> <span class='ocrx_word' id='word_1_755' title='bbox 3230 3465 3515 3535; x_wconf 82' lang='grc' dir='ltr'>σπέρματα</span> <span class='ocrx_word' id='word_1_756' title='bbox 3535 3483 3548 3496; x_wconf 88' lang='grc'><strong>·</strong></span> <span class='ocrx_word' id='word_1_757' title='bbox 3569 3469 3661 3521; x_wconf 73' lang='grc' dir='ltr'>καὶ</span> <span class='ocrx_word' id='word_1_758' title='bbox 3687 3486 3871 3538; x_wconf 79' lang='grc' dir='ltr'>παρα-</span> 
     </span>
    </p>
   </div>
   <div class='ocr_carea' id='block_1_100' title="bbox 2309 3551 3868 3625">
    <p class='ocr_par' dir='ltr' id='par_1_100' title="bbox 2309 3551 3868 3625">
     <span class='ocr_line' id='line_1_100' title="bbox 2309 3551 3868 3625; baseline 0.001 -18"><span class='ocrx_word' id='word_1_759' title='bbox 2309 3554 2529 3616; x_wconf 88' lang='grc' dir='ltr'>στάντες</span> <span class='ocrx_word' id='word_1_760' title='bbox 2551 3551 2627 3621; x_wconf 85' lang='grc' dir='ltr'>τῷ</span> <span class='ocrx_word' id='word_1_761' title='bbox 2657 3551 2877 3621; x_wconf 79' lang='grc' dir='ltr'>βασιλεῖ,</span> <span class='ocrx_word' id='word_1_762' title='bbox 2913 3551 3126 3604; x_wconf 87' lang='grc' dir='ltr'>πάντων</span> <span class='ocrx_word' id='word_1_763' title='bbox 3150 3551 3528 3623; x_wconf 87' lang='grc' dir='ltr'>ἀνεδείχθησαν</span> <span class='ocrx_word' id='word_1_764' title='bbox 3550 3554 3868 3625; x_wconf 78' lang='grc' dir='ltr'>σοφώτεροι.</span> 
     </span>
    </p>
   </div>
   <div class='ocr_carea' id='block_1_101' title="bbox 2319 3635 3870 3711">
    <p class='ocr_par' dir='ltr' id='par_1_101' title="bbox 2319 3635 3870 3711">
     <span class='ocr_line' id='line_1_101' title="bbox 2319 3635 3870 3711; baseline 0 -17"><span class='ocrx_word' id='word_1_765' title='bbox 2319 3641 2449 3711; x_wconf 83' lang='grc' dir='ltr'>Ὁρᾷ</span> <span class='ocrx_word' id='word_1_766' title='bbox 2480 3639 2541 3692; x_wconf 81' lang='grc' dir='ltr'>τὸ</span> <span class='ocrx_word' id='word_1_767' title='bbox 2573 3637 2817 3691; x_wconf 85' lang='grc' dir='ltr'>ἐνύπνιον</span> <span class='ocrx_word' id='word_1_768' title='bbox 2849 3635 3341 3708; x_wconf 85' lang='grc' dir='ltr'>Ναϐουχοδονόσορ,</span> <span class='ocrx_word' id='word_1_769' title='bbox 3377 3639 3469 3692; x_wconf 63' lang='grc' dir='ltr'>καὶ⁵</span> <span class='ocrx_word' id='word_1_770' title='bbox 3497 3641 3622 3703; x_wconf 69' lang='grc' dir='ltr'>τοὺς</span> <span class='ocrx_word' id='word_1_771' title='bbox 3660 3642 3870 3710; x_wconf 89' lang='grc' dir='ltr'>μάγους</span> 
     </span>
    </p>
   </div>
   <div class='ocr_carea' id='block_1_102' title="bbox 2306 3719 3869 3799">
    <p class='ocr_par' dir='ltr' id='par_1_102' title="bbox 2306 3719 3869 3799">
     <span class='ocr_line' id='line_1_102' title="bbox 2306 3719 3869 3799; baseline 0.001 -20"><span class='ocrx_word' id='word_1_772' title='bbox 2306 3727 2685 3799; x_wconf 86' lang='grc' dir='ltr'>ἀπορήσαντας</span> <span class='ocrx_word' id='word_1_773' title='bbox 2736 3723 2997 3793; x_wconf 81' lang='grc' dir='ltr'>γνωρίσαι</span> <span class='ocrx_word' id='word_1_774' title='bbox 3043 3723 3136 3776; x_wconf 78' lang='grc' dir='ltr'>καὶ</span> <span class='ocrx_word' id='word_1_775' title='bbox 3183 3719 3432 3776; x_wconf 75' lang='grc' dir='ltr'>ἐπιλῦσαι</span> <span class='ocrx_word' id='word_1_776' title='bbox 3477 3724 3606 3778; x_wconf 83' lang='lat'><strong>0616</strong></span> <span class='ocrx_word' id='word_1_777' title='bbox 3657 3727 3869 3782; x_wconf 88' lang='grc' dir='ltr'>κελεύει</span> 
     </span>
    </p>
   </div>
   <div class='ocr_carea' id='block_1_103' title="bbox 2309 3807 3869 3884">
    <p class='ocr_par' dir='ltr' id='par_1_103' title="bbox 2309 3807 3869 3884">
     <span class='ocr_line' id='line_1_103' title="bbox 2309 3807 3869 3884; baseline 0.001 -19"><span class='ocrx_word' id='word_1_778' title='bbox 2309 3812 2599 3880; x_wconf 79' lang='grc' dir='ltr'>σφαγῆναι.</span> <span class='ocrx_word' id='word_1_779' title='bbox 2647 3807 3101 3870; x_wconf 85' lang='grc' dir='ltr'>Κινδυνεύσαντας</span> <span class='ocrx_word' id='word_1_780' title='bbox 3136 3809 3190 3861; x_wconf 84' lang='grc' dir='ltr'>δέ</span> <span class='ocrx_word' id='word_1_781' title='bbox 3235 3815 3328 3862; x_wconf 77' lang='grc' dir='ltr'>καὶ</span> <span class='ocrx_word' id='word_1_782' title='bbox 3364 3811 3488 3874; x_wconf 78' lang='grc' dir='ltr'>τοὺς</span> <span class='ocrx_word' id='word_1_783' title='bbox 3517 3813 3643 3880; x_wconf 78' lang='grc' dir='ltr'>περὶ</span> <span class='ocrx_word' id='word_1_784' title='bbox 3672 3814 3869 3884; x_wconf 71' lang='grc' dir='ltr'>Δανιὴλ</span> 
     </span>
    </p>
   </div>
   <div class='ocr_carea' id='block_1_104' title="bbox 2305 3895 3870 3969">
    <p class='ocr_par' dir='ltr' id='par_1_104' title="bbox 2305 3895 3870 3969">
     <span class='ocr_line' id='line_1_104' title="bbox 2305 3895 3870 3969; baseline -0.001 -19"><span class='ocrx_word' id='word_1_785' title='bbox 2305 3899 2504 3951; x_wconf 76' lang='grc' dir='ltr'>ἔσωσεν</span> <span class='ocrx_word' id='word_1_786' title='bbox 2530 3899 2556 3949; x_wconf 87' lang='lat'>6</span> <span class='ocrx_word' id='word_1_787' title='bbox 2583 3897 2731 3959; x_wconf 79' lang='grc' dir='ltr'>Θεὸς,</span> <span class='ocrx_word' id='word_1_788' title='bbox 2752 3895 3102 3962; x_wconf 77' lang='grc' dir='ltr'>ἀποκαλύψας</span> <span class='ocrx_word' id='word_1_789' title='bbox 3123 3895 3269 3965; x_wconf 87' lang='grc' dir='ltr'>αύτῷ</span> <span class='ocrx_word' id='word_1_790' title='bbox 3288 3895 3364 3966; x_wconf 83' lang='grc' dir='ltr'>τῷ</span> <span class='ocrx_word' id='word_1_791' title='bbox 3394 3897 3589 3967; x_wconf 73' lang='grc' dir='ltr'>Δανιὴλ</span> <span class='ocrx_word' id='word_1_792' title='bbox 3611 3899 3709 3966; x_wconf 73' lang='grc' dir='ltr'>τὴν</span> <span class='ocrx_word' id='word_1_793' title='bbox 3727 3900 3870 3969; x_wconf 79' lang='grc' dir='ltr'>εἰδη-</span> 
     </span>
    </p>
   </div>
   <div class='ocr_carea' id='block_1_105' title="bbox 2309 3980 3867 4050">
    <p class='ocr_par' dir='ltr' id='par_1_105' title="bbox 2309 3980 3867 4050">
     <span class='ocr_line' id='line_1_105' title="bbox 2309 3980 3867 4050; baseline 0 -14"><span class='ocrx_word' id='word_1_794' title='bbox 2309 4001 2391 4036; x_wconf 88' lang='grc' dir='ltr'>σιν</span> <span class='ocrx_word' id='word_1_795' title='bbox 2425 3983 2517 4035; x_wconf 91' lang='grc' dir='ltr'>τοῦ</span> <span class='ocrx_word' id='word_1_796' title='bbox 2543 3981 2812 4035; x_wconf 83' lang='grc' dir='ltr'>ἐνυπνίου.</span> <span class='ocrx_word' id='word_1_797' title='bbox 2861 3981 2918 4032; x_wconf 87' lang='lat'>&#39;0</span> <span class='ocrx_word' id='word_1_798' title='bbox 2963 3981 3158 4050; x_wconf 82' lang='grc' dir='ltr'>Δανιὴλ</span> <span class='ocrx_word' id='word_1_799' title='bbox 3188 3980 3456 4049; x_wconf 71' lang='grc' dir='ltr'>εἰσαχθεὶς</span> <span class='ocrx_word' id='word_1_800' title='bbox 3488 3981 3633 4048; x_wconf 90' lang='grc' dir='ltr'>λέγει</span> <span class='ocrx_word' id='word_1_801' title='bbox 3655 3983 3714 4034; x_wconf 85' lang='lat'>16</span> <span class='ocrx_word' id='word_1_802' title='bbox 3744 3983 3867 4036; x_wconf 82' lang='grc' dir='ltr'>ἐνύ-</span> 
     </span>
    </p>
   </div>
   <div class='ocr_carea' id='block_1_106' title="bbox 2307 4067 3868 4140">
    <p class='ocr_par' dir='ltr' id='par_1_106' title="bbox 2307 4067 3868 4140">
     <span class='ocr_line' id='line_1_106' title="bbox 2307 4067 3868 4140; baseline -0.001 -17"><span class='ocrx_word' id='word_1_803' title='bbox 2307 4088 2459 4124; x_wconf 88' lang='grc' dir='ltr'>πνιον</span> <span class='ocrx_word' id='word_1_804' title='bbox 2487 4069 2564 4140; x_wconf 82' lang='grc' dir='ltr'>τῷ</span> <span class='ocrx_word' id='word_1_805' title='bbox 2597 4067 2802 4137; x_wconf 84' lang='grc' dir='ltr'>βασιλεί</span> <span class='ocrx_word' id='word_1_806' title='bbox 2842 4068 2933 4120; x_wconf 81' lang='grc' dir='ltr'>καὶ</span> <span class='ocrx_word' id='word_1_807' title='bbox 2962 4068 3058 4137; x_wconf 79' lang='grc' dir='ltr'>τὴν</span> <span class='ocrx_word' id='word_1_808' title='bbox 3090 4067 3370 4138; x_wconf 86' lang='grc' dir='ltr'>σύγκρισιν</span> <span class='ocrx_word' id='word_1_809' title='bbox 3397 4067 3581 4121; x_wconf 88' lang='lat'><strong>06106.</strong></span> <span class='ocrx_word' id='word_1_810' title='bbox 3614 4069 3671 4120; x_wconf 88' lang='lat'>&#39;0</span> <span class='ocrx_word' id='word_1_811' title='bbox 3699 4069 3756 4121; x_wconf 79' lang='grc' dir='ltr'>δὲ</span> <span class='ocrx_word' id='word_1_812' title='bbox 3788 4071 3868 4122; x_wconf 80' lang='grc' dir='ltr'>λί-</span> 
     </span>
    </p>
   </div>
   <div class='ocr_carea' id='block_1_107' title="bbox 2307 4153 3868 4226">
    <p class='ocr_par' dir='ltr' id='par_1_107' title="bbox 2307 4153 3868 4226">
     <span class='ocr_line' id='line_1_107' title="bbox 2307 4153 3868 4226; baseline -0.001 -16"><span class='ocrx_word' id='word_1_813' title='bbox 2307 4159 2396 4220; x_wconf 89' lang='grc' dir='ltr'>θος</span> <span class='ocrx_word' id='word_1_814' title='bbox 2421 4160 2447 4210; x_wconf 86' lang='grc' dir='ltr'>ὁ</span> <span class='ocrx_word' id='word_1_815' title='bbox 2467 4156 2689 4226; x_wconf 74' lang='grc' dir='ltr'>τμηθεὶς</span> <span class='ocrx_word' id='word_1_816' title='bbox 2709 4156 2834 4208; x_wconf 80' lang='grc' dir='ltr'>ἄνευ</span> <span class='ocrx_word' id='word_1_817' title='bbox 2868 4154 3061 4224; x_wconf 85' lang='grc' dir='ltr'>χειρῶν</span> <span class='ocrx_word' id='word_1_818' title='bbox 3093 4155 3120 4206; x_wconf 88' lang='lat'>6</span> <span class='ocrx_word' id='word_1_819' title='bbox 3141 4153 3371 4223; x_wconf 83' lang='grc' dir='ltr'>Χριστός</span> <span class='ocrx_word' id='word_1_820' title='bbox 3401 4155 3512 4206; x_wconf 87' lang='grc' dir='ltr'>ἐστι</span> <span class='ocrx_word' id='word_1_821' title='bbox 3539 4171 3553 4184; x_wconf 88' lang='grc'><strong>·</strong></span> <span class='ocrx_word' id='word_1_822' title='bbox 3578 4156 3636 4207; x_wconf 85' lang='grc' dir='ltr'>τὺ</span> <span class='ocrx_word' id='word_1_823' title='bbox 3658 4155 3712 4208; x_wconf 88' lang='grc' dir='ltr'>δὲ</span> <span class='ocrx_word' id='word_1_824' title='bbox 3735 4157 3868 4210; x_wconf 78' lang='grc' dir='ltr'>ἄνευ</span> 
     </span>
    </p>
   </div>
   <div class='ocr_carea' id='block_1_108' title="bbox 2307 4242 3868 4316">
    <p class='ocr_par' dir='ltr' id='par_1_108' title="bbox 2307 4242 3868 4316">
     <span class='ocr_line' id='line_1_108' title="bbox 2307 4242 3868 4316; baseline 0.001 -20"><span class='ocrx_word' id='word_1_825' title='bbox 2307 4247 2520 4316; x_wconf 83' lang='grc' dir='ltr'>χειρῶν,</span> <span class='ocrx_word' id='word_1_826' title='bbox 2551 4245 2610 4295; x_wconf 82' lang='grc' dir='ltr'>τὸ</span> <span class='ocrx_word' id='word_1_827' title='bbox 2655 4242 2821 4312; x_wconf 76' lang='grc' dir='ltr'>χωρὶς</span> <span class='ocrx_word' id='word_1_828' title='bbox 2858 4243 3142 4303; x_wconf 86' lang='grc' dir='ltr'>συνουσίας</span> <span class='ocrx_word' id='word_1_829' title='bbox 3173 4243 3235 4294; x_wconf 82' lang='grc' dir='ltr'>ἐκ</span> <span class='ocrx_word' id='word_1_830' title='bbox 3276 4242 3373 4311; x_wconf 81' lang='grc' dir='ltr'>τῆς</span> <span class='ocrx_word' id='word_1_831' title='bbox 3399 4242 3670 4312; x_wconf 89' lang='grc' dir='ltr'>Παρθένου</span> <span class='ocrx_word' id='word_1_832' title='bbox 3702 4244 3868 4298; x_wconf 81' lang='grc' dir='ltr'>αὐτὸν</span> 
     </span>
    </p>
   </div>
   <div class='ocr_carea' id='block_1_109' title="bbox 2305 4327 3868 4399">
    <p class='ocr_par' dir='ltr' id='par_1_109' title="bbox 2305 4327 3868 4399">
     <span class='ocr_line' id='line_1_109' title="bbox 2305 4327 3868 4399; baseline 0.001 -17"><span class='ocrx_word' id='word_1_833' title='bbox 2305 4331 2577 4399; x_wconf 76' lang='grc' dir='ltr'>τεχθῆναι.</span> <span class='ocrx_word' id='word_1_834' title='bbox 2605 4330 2811 4396; x_wconf 79' lang='grc' dir='ltr'>Στήσας</span> <span class='ocrx_word' id='word_1_835' title='bbox 2832 4327 2926 4396; x_wconf 79' lang='grc' dir='ltr'>τὴν</span> <span class='ocrx_word' id='word_1_836' title='bbox 2948 4328 3126 4380; x_wconf 79' lang='grc' dir='ltr'>εἰκόνα</span> <span class='ocrx_word' id='word_1_837' title='bbox 3152 4327 3628 4397; x_wconf 85' lang='grc' dir='ltr'>Ναϐουχοδονόσορ,</span> <span class='ocrx_word' id='word_1_838' title='bbox 3656 4329 3868 4384; x_wconf 79' lang='grc' dir='ltr'>κελεύει</span> 
     </span>
    </p>
   </div>
   <div class='ocr_carea' id='block_1_110' title="bbox 2307 4411 3867 4486">
    <p class='ocr_par' dir='ltr' id='par_1_110' title="bbox 2307 4411 3867 4486">
     <span class='ocr_line' id='line_1_110' title="bbox 2307 4411 3867 4486; baseline 0.002 -21"><span class='ocrx_word' id='word_1_839' title='bbox 2307 4417 2628 4484; x_wconf 79' lang='grc' dir='ltr'>προσκυνεῖν</span> <span class='ocrx_word' id='word_1_840' title='bbox 2677 4415 2901 4474; x_wconf 83' lang='grc' dir='ltr'>πάντας,</span> <span class='ocrx_word' id='word_1_841' title='bbox 2934 4411 3178 4473; x_wconf 74' lang='grc' dir='ltr'>καὶτοὺς</span> <span class='ocrx_word' id='word_1_842' title='bbox 3228 4414 3371 4481; x_wconf 76' lang='grc' dir='ltr'>τρεῖς</span> <span class='ocrx_word' id='word_1_843' title='bbox 3421 4413 3611 4474; x_wconf 81' lang='grc' dir='ltr'>παῖδας</span> <span class='ocrx_word' id='word_1_844' title='bbox 3650 4415 3728 4474; x_wconf 82' lang='grc' dir='ltr'>εἰς</span> <span class='ocrx_word' id='word_1_845' title='bbox 3766 4415 3867 4486; x_wconf 78' lang='grc' dir='ltr'>τὴν</span> 
     </span>
    </p>
   </div>
   <div class='ocr_carea' id='block_1_111' title="bbox 2308 4497 3867 4572">
    <p class='ocr_par' dir='ltr' id='par_1_111' title="bbox 2308 4497 3867 4572">
     <span class='ocr_line' id='line_1_111' title="bbox 2308 4497 3867 4572; baseline 0.001 -19"><span class='ocrx_word' id='word_1_846' title='bbox 2308 4501 2534 4569; x_wconf 85' lang='grc' dir='ltr'>κάμινον</span> <span class='ocrx_word' id='word_1_847' title='bbox 2563 4498 2817 4568; x_wconf 82' lang='grc' dir='ltr'>ἐμϐάλλει</span> <span class='ocrx_word' id='word_1_848' title='bbox 2850 4497 2923 4566; x_wconf 80' lang='grc' dir='ltr'>μὴ</span> <span class='ocrx_word' id='word_1_849' title='bbox 2945 4497 3440 4566; x_wconf 81' lang='grc' dir='ltr'>προσκυνήσαντας.</span> <span class='ocrx_word' id='word_1_850' title='bbox 3469 4497 3555 4560; x_wconf 88' lang='grc' dir='ltr'>Ὠς</span> <span class='ocrx_word' id='word_1_851' title='bbox 3577 4497 3633 4550; x_wconf 85' lang='grc' dir='ltr'>δὲ</span> <span class='ocrx_word' id='word_1_852' title='bbox 3666 4500 3867 4572; x_wconf 77' lang='grc' dir='ltr'>οἱπερὶ</span> 
     </span>
    </p>
   </div>
   <div class='ocr_carea' id='block_1_112' title="bbox 2307 4582 3866 4655">
    <p class='ocr_par' dir='ltr' id='par_1_112' title="bbox 2307 4582 3866 4655">
     <span class='ocr_line' id='line_1_112' title="bbox 2307 4582 3866 4655; baseline 0.001 -18"><span class='ocrx_word' id='word_1_853' title='bbox 2307 4587 2403 4655; x_wconf 84' lang='grc' dir='ltr'>τὴν</span> <span class='ocrx_word' id='word_1_854' title='bbox 2435 4585 2659 4653; x_wconf 80' lang='grc' dir='ltr'>κάμινον</span> <span class='ocrx_word' id='word_1_855' title='bbox 2691 4583 3051 4651; x_wconf 84' lang='grc' dir='ltr'>ἀνῃρέθησαν,</span> <span class='ocrx_word' id='word_1_856' title='bbox 3087 4582 3179 4635; x_wconf 72' lang='grc' dir='ltr'>καὶ</span> <span class='ocrx_word' id='word_1_857' title='bbox 3230 4582 3426 4651; x_wconf 77' lang='grc' dir='ltr'>ὕμνουν</span> <span class='ocrx_word' id='word_1_858' title='bbox 3463 4586 3510 4635; x_wconf 88' lang='grc' dir='ltr'>οί</span> <span class='ocrx_word' id='word_1_859' title='bbox 3559 4587 3746 4649; x_wconf 84' lang='grc' dir='ltr'>παῖδες</span> <span class='ocrx_word' id='word_1_860' title='bbox 3773 4587 3866 4639; x_wconf 72' lang='grc' dir='ltr'>τὸν</span> 
     </span>
    </p>
   </div>
   <div class='ocr_carea' id='block_1_113' title="bbox 2307 4663 3866 4728">
    <p class='ocr_par' dir='ltr' id='par_1_113' title="bbox 2307 4663 3866 4728">
     <span class='ocr_line' id='line_1_113' title="bbox 2307 4663 3866 4728; baseline 0.001 -10"><span class='ocrx_word' id='word_1_861' title='bbox 2307 4667 2438 4718; x_wconf 78' lang='grc' dir='ltr'>Θεὸν</span> <span class='ocrx_word' id='word_1_862' title='bbox 2458 4706 2471 4727; x_wconf 92' lang='grc'>,</span> <span class='ocrx_word' id='word_1_863' title='bbox 2505 4665 2732 4726; x_wconf 80' lang='grc' dir='ltr'>καλέσας</span> <span class='ocrx_word' id='word_1_864' title='bbox 2763 4665 2974 4728; x_wconf 78' lang='lat'><strong>06106;,</strong></span> <span class='ocrx_word' id='word_1_865' title='bbox 3007 4665 3098 4715; x_wconf 73' lang='grc' dir='ltr'>καὶ</span> <span class='ocrx_word' id='word_1_866' title='bbox 3146 4663 3266 4716; x_wconf 78' lang='grc' dir='ltr'>ἰδὼν</span> <span class='ocrx_word' id='word_1_867' title='bbox 3309 4664 3496 4725; x_wconf 82' lang='grc' dir='ltr'>σώους.</span> <span class='ocrx_word' id='word_1_868' title='bbox 3522 4665 3610 4717; x_wconf 85' lang='grc' dir='ltr'>τόν</span> <span class='ocrx_word' id='word_1_869' title='bbox 3639 4683 3695 4718; x_wconf 89' lang='grc' dir='ltr'>τε</span> <span class='ocrx_word' id='word_1_870' title='bbox 3730 4668 3866 4720; x_wconf 75' lang='grc' dir='ltr'>Θεὸν</span> 
     </span>
    </p>
   </div>
   <div class='ocr_carea' id='block_1_114' title="bbox 2309 4749 3865 4822">
    <p class='ocr_par' dir='ltr' id='par_1_114' title="bbox 2309 4749 3865 4822">
     <span class='ocr_line' id='line_1_114' title="bbox 2309 4749 3865 4822; baseline -0.007 -17"><span class='ocrx_word' id='word_1_871' title='bbox 2309 4754 2576 4822; x_wconf 77' lang='grc' dir='ltr'>ἐξεπλάγη</span> <span class='ocrx_word' id='word_1_872' title='bbox 2601 4791 2614 4815; x_wconf 90' lang='grc'>,</span> <span class='ocrx_word' id='word_1_873' title='bbox 2648 4753 2740 4804; x_wconf 77' lang='grc' dir='ltr'>καὶ</span> <span class='ocrx_word' id='word_1_874' title='bbox 2781 4751 2973 4813; x_wconf 68' lang='grc' dir='ltr'>αὐτοὺς</span> <span class='ocrx_word' id='word_1_875' title='bbox 3003 4752 3141 4821; x_wconf 75' lang='grc' dir='ltr'>ἀρχῇ</span> <span class='ocrx_word' id='word_1_876' title='bbox 3188 4753 3254 4820; x_wconf 77' lang='grc' dir='ltr'>τῇ</span> <span class='ocrx_word' id='word_1_877' title='bbox 3302 4749 3407 4803; x_wconf 88' lang='grc' dir='ltr'>τῶν</span> <span class='ocrx_word' id='word_1_878' title='bbox 3453 4751 3714 4805; x_wconf 86' lang='grc' dir='ltr'>Ἰουδαίων</span> <span class='ocrx_word' id='word_1_879' title='bbox 3755 4754 3865 4806; x_wconf 84' lang='grc' dir='ltr'>ἐτί-</span> 
     </span>
    </p>
   </div>
   <div class='ocr_carea' id='block_1_115' title="bbox 2313 4837 3865 4912">
    <p class='ocr_par' dir='ltr' id='par_1_115' title="bbox 2313 4837 3865 4912">
     <span class='ocr_line' id='line_1_115' title="bbox 2313 4837 3865 4912; baseline -0.001 -18"><span class='ocrx_word' id='word_1_880' title='bbox 2313 4860 2470 4912; x_wconf 89' lang='grc' dir='ltr'>μησε,</span> <span class='ocrx_word' id='word_1_881' title='bbox 2503 4842 2594 4893; x_wconf 83' lang='grc' dir='ltr'>καὶ</span> <span class='ocrx_word' id='word_1_882' title='bbox 2632 4839 2803 4908; x_wconf 84' lang='grc' dir='ltr'>δόγμα</span> <span class='ocrx_word' id='word_1_883' title='bbox 2841 4839 3000 4906; x_wconf 74' lang='grc' dir='ltr'>ἔθηκε</span> <span class='ocrx_word' id='word_1_884' title='bbox 3029 4877 3043 4900; x_wconf 93' lang='grc'>,</span> <span class='ocrx_word' id='word_1_885' title='bbox 3072 4837 3161 4889; x_wconf 81' lang='grc' dir='ltr'>τὸν</span> <span class='ocrx_word' id='word_1_886' title='bbox 3210 4837 3626 4906; x_wconf 82' lang='grc' dir='ltr'>βλασφημοῦντα</span> <span class='ocrx_word' id='word_1_887' title='bbox 3658 4841 3738 4902; x_wconf 84' lang='grc' dir='ltr'>είς</span> <span class='ocrx_word' id='word_1_888' title='bbox 3773 4841 3865 4893; x_wconf 81' lang='grc' dir='ltr'>τὸν</span> 
     </span>
    </p>
   </div>
   <div class='ocr_carea' id='block_1_116' title="bbox 2307 4924 3868 4995">
    <p class='ocr_par' dir='ltr' id='par_1_116' title="bbox 2307 4924 3868 4995">
     <span class='ocr_line' id='line_1_116' title="bbox 2307 4924 3868 4995; baseline -0.003 -12"><span class='ocrx_word' id='word_1_889' title='bbox 2307 4931 2436 4983; x_wconf 84' lang='grc' dir='ltr'>Θεὸν</span> <span class='ocrx_word' id='word_1_890' title='bbox 2457 4927 2801 4982; x_wconf 87' lang='grc' dir='ltr'>ἀπόλλυσθαι.</span> <span class='ocrx_word' id='word_1_891' title='bbox 2833 4926 2963 4994; x_wconf 85' lang='grc' dir='ltr'>Ὁρᾷ</span> <span class='ocrx_word' id='word_1_892' title='bbox 2986 4926 3229 4976; x_wconf 80' lang='grc' dir='ltr'>ἐνύπνιον</span> <span class='ocrx_word' id='word_1_893' title='bbox 3255 4924 3712 4995; x_wconf 85' lang='grc' dir='ltr'>Ναϐουχοδονόσορ</span> <span class='ocrx_word' id='word_1_894' title='bbox 3737 4943 3751 4956; x_wconf 79' lang='lat'><strong><em>°</em></strong></span> <span class='ocrx_word' id='word_1_895' title='bbox 3770 4929 3868 4980; x_wconf 76' lang='grc' dir='ltr'>καὶ</span> 
     </span>
    </p>
   </div>
   <div class='ocr_carea' id='block_1_117' title="bbox 2307 5010 3868 5081">
    <p class='ocr_par' dir='ltr' id='par_1_117' title="bbox 2307 5010 3868 5081">
     <span class='ocr_line' id='line_1_117' title="bbox 2307 5010 3868 5081; baseline -0.001 -15"><span class='ocrx_word' id='word_1_896' title='bbox 2307 5015 2411 5073; x_wconf 83' lang='grc' dir='ltr'>τῶν</span> <span class='ocrx_word' id='word_1_897' title='bbox 2443 5012 2617 5081; x_wconf 88' lang='grc' dir='ltr'>σοφῶν</span> <span class='ocrx_word' id='word_1_898' title='bbox 2643 5010 2954 5071; x_wconf 84' lang='grc' dir='ltr'>Βαϐυλῶνος</span> <span class='ocrx_word' id='word_1_899' title='bbox 2980 5010 3136 5062; x_wconf 84' lang='grc' dir='ltr'>πάλιν</span> <span class='ocrx_word' id='word_1_900' title='bbox 3166 5010 3623 5080; x_wconf 86' lang='grc' dir='ltr'>διαπορησάντων.</span> <span class='ocrx_word' id='word_1_901' title='bbox 3656 5011 3868 5064; x_wconf 81' lang='grc' dir='ltr'>ἐπιλύει</span> 
     </span>
    </p>
   </div>
   <div class='ocr_carea' id='block_1_118' title="bbox 2308 5095 3868 5167">
    <p class='ocr_par' dir='ltr' id='par_1_118' title="bbox 2308 5095 3868 5167">
     <span class='ocr_line' id='line_1_118' title="bbox 2308 5095 3868 5167; baseline -0.003 -13"><span class='ocrx_word' id='word_1_902' title='bbox 2308 5101 2438 5154; x_wconf 83' lang='lat'><strong>0616</strong></span> <span class='ocrx_word' id='word_1_903' title='bbox 2463 5101 2491 5151; x_wconf 89' lang='lat'>6</span> <span class='ocrx_word' id='word_1_904' title='bbox 2523 5098 2737 5167; x_wconf 84' lang='grc' dir='ltr'>Δανιὴλ,</span> <span class='ocrx_word' id='word_1_905' title='bbox 2771 5095 3119 5164; x_wconf 81' lang='grc' dir='ltr'>συμϐουλεύει</span> <span class='ocrx_word' id='word_1_906' title='bbox 3153 5113 3213 5147; x_wconf 91' lang='grc' dir='ltr'>τε</span> <span class='ocrx_word' id='word_1_907' title='bbox 3245 5097 3319 5165; x_wconf 84' lang='grc' dir='ltr'>τῷ</span> <span class='ocrx_word' id='word_1_908' title='bbox 3361 5096 3587 5165; x_wconf 84' lang='grc' dir='ltr'>βασιλεῖ,</span> <span class='ocrx_word' id='word_1_909' title='bbox 3615 5099 3712 5159; x_wconf 79' lang='grc' dir='ltr'>τὰς</span> <span class='ocrx_word' id='word_1_910' title='bbox 3741 5098 3868 5149; x_wconf 84' lang='grc' dir='ltr'>ἀνο-</span> 
     </span>
    </p>
   </div>
   <div class='ocr_carea' id='block_1_119' title="bbox 2311 5181 3864 5256">
    <p class='ocr_par' dir='ltr' id='par_1_119' title="bbox 2311 5181 3864 5256">
     <span class='ocr_line' id='line_1_119' title="bbox 2311 5181 3864 5256; baseline -0.003 -18"><span class='ocrx_word' id='word_1_911' title='bbox 2311 5187 2438 5256; x_wconf 89' lang='grc' dir='ltr'>μίας</span> <span class='ocrx_word' id='word_1_912' title='bbox 2479 5184 2641 5237; x_wconf 84' lang='lat'><strong>06106</strong></span> <span class='ocrx_word' id='word_1_913' title='bbox 2686 5185 2741 5235; x_wconf 89' lang='grc' dir='ltr'>ἐν</span> <span class='ocrx_word' id='word_1_914' title='bbox 2791 5181 3172 5251; x_wconf 74' lang='grc' dir='ltr'>ἐλεημοσύναις</span> <span class='ocrx_word' id='word_1_915' title='bbox 3209 5182 3600 5252; x_wconf 88' lang='grc' dir='ltr'>λυτρώσασθαι.</span> <span class='ocrx_word' id='word_1_916' title='bbox 3656 5182 3763 5234; x_wconf 76' lang='grc' dir='ltr'>Καὶ</span> <span class='ocrx_word' id='word_1_917' title='bbox 3801 5185 3864 5235; x_wconf 89' lang='lat'>06</span> 
     </span>
    </p>
   </div>
   <div class='ocr_carea' id='block_1_120' title="bbox 2311 5269 3866 5344">
    <p class='ocr_par' dir='ltr' id='par_1_120' title="bbox 2311 5269 3866 5344">
     <span class='ocr_line' id='line_1_120' title="bbox 2311 5269 3866 5344; baseline -0.001 -19"><span class='ocrx_word' id='word_1_918' title='bbox 2311 5274 2425 5344; x_wconf 85' lang='grc' dir='ltr'>μετ’</span> <span class='ocrx_word' id='word_1_919' title='bbox 2465 5273 2524 5325; x_wconf 84' lang='grc' dir='ltr'>ού</span> <span class='ocrx_word' id='word_1_920' title='bbox 2570 5272 2733 5324; x_wconf 81' lang='grc' dir='ltr'>πολὺν</span> <span class='ocrx_word' id='word_1_921' title='bbox 2771 5270 2956 5339; x_wconf 89' lang='grc' dir='ltr'>χρόνον</span> <span class='ocrx_word' id='word_1_922' title='bbox 2997 5269 3151 5340; x_wconf 75' lang='grc' dir='ltr'>ἐξέϐη</span> <span class='ocrx_word' id='word_1_923' title='bbox 3180 5270 3238 5322; x_wconf 85' lang='grc' dir='ltr'>τὸ</span> <span class='ocrx_word' id='word_1_924' title='bbox 3278 5269 3523 5322; x_wconf 86' lang='grc' dir='ltr'>ἐνύπνιον</span> <span class='ocrx_word' id='word_1_925' title='bbox 3548 5285 3562 5300; x_wconf 80' lang='grc'><strong>⁸</strong></span> <span class='ocrx_word' id='word_1_926' title='bbox 3589 5271 3679 5323; x_wconf 75' lang='grc' dir='ltr'>καὶ</span> <span class='ocrx_word' id='word_1_927' title='bbox 3707 5271 3866 5339; x_wconf 70' lang='grc' dir='ltr'>ᾔνεσε</span> 
     </span>
    </p>
   </div>
   <div class='ocr_carea' id='block_1_121' title="bbox 2308 5355 3864 5425">
    <p class='ocr_par' dir='ltr' id='par_1_121' title="bbox 2308 5355 3864 5425">
     <span class='ocr_line' id='line_1_121' title="bbox 2308 5355 3864 5425; baseline -0.003 -13"><span class='ocrx_word' id='word_1_928' title='bbox 2308 5360 2396 5412; x_wconf 84' lang='grc' dir='ltr'>τὸν</span> <span class='ocrx_word' id='word_1_929' title='bbox 2423 5360 2552 5412; x_wconf 74' lang='grc' dir='ltr'>Θεὸν</span> <span class='ocrx_word' id='word_1_930' title='bbox 2601 5361 2629 5410; x_wconf 92' lang='lat'>6</span> <span class='ocrx_word' id='word_1_931' title='bbox 2667 5355 3149 5424; x_wconf 86' lang='grc' dir='ltr'>Ναϐουχοδονόσορ.</span> <span class='ocrx_word' id='word_1_932' title='bbox 3178 5355 3296 5409; x_wconf 89' lang='grc' dir='ltr'>Τῶν</span> <span class='ocrx_word' id='word_1_933' title='bbox 3340 5355 3548 5407; x_wconf 88' lang='grc' dir='ltr'>σκευῶν</span> <span class='ocrx_word' id='word_1_934' title='bbox 3580 5356 3683 5406; x_wconf 89' lang='grc' dir='ltr'>τῶν</span> <span class='ocrx_word' id='word_1_935' title='bbox 3716 5357 3864 5425; x_wconf 84' lang='grc' dir='ltr'>ίερα-</span> 
     </span>
    </p>
   </div>
   <div class='ocr_carea' id='block_1_122' title="bbox 2306 5441 3866 5513">
    <p class='ocr_par' dir='ltr' id='par_1_122' title="bbox 2306 5441 3866 5513">
     <span class='ocr_line' id='line_1_122' title="bbox 2306 5441 3866 5513; baseline -0.003 -15"><span class='ocrx_word' id='word_1_936' title='bbox 2306 5449 2471 5499; x_wconf 90' lang='grc' dir='ltr'>τικῶν</span> <span class='ocrx_word' id='word_1_937' title='bbox 2514 5443 2895 5513; x_wconf 80' lang='grc' dir='ltr'>ἐξενεχθέντων</span> <span class='ocrx_word' id='word_1_938' title='bbox 2946 5443 3083 5494; x_wconf 85' lang='grc' dir='ltr'>κατά</span> <span class='ocrx_word' id='word_1_939' title='bbox 3130 5442 3418 5512; x_wconf 79' lang='grc' dir='ltr'>πρόσταξιν</span> <span class='ocrx_word' id='word_1_940' title='bbox 3466 5442 3555 5494; x_wconf 83' lang='grc' dir='ltr'>τοῦ</span> <span class='ocrx_word' id='word_1_941' title='bbox 3605 5441 3866 5510; x_wconf 78' lang='grc' dir='ltr'>βασιλέως</span> 
     </span>
    </p>
   </div>
   <div class='ocr_carea' id='block_1_123' title="bbox 2308 5528 3871 5598">
    <p class='ocr_par' dir='ltr' id='par_1_123' title="bbox 2308 5528 3871 5598">
     <span class='ocr_line' id='line_1_123' title="bbox 2308 5528 3871 5598; baseline -0.001 -14"><span class='ocrx_word' id='word_1_942' title='bbox 2308 5533 2423 5584; x_wconf 79' lang='grc' dir='ltr'>υἱοῦ</span> <span class='ocrx_word' id='word_1_943' title='bbox 2465 5529 2960 5598; x_wconf 78' lang='grc' dir='ltr'>Ναϐουχοδονόσορ,</span> <span class='ocrx_word' id='word_1_944' title='bbox 2997 5529 3088 5581; x_wconf 66' lang='grc' dir='ltr'>κα)⁸</span> <span class='ocrx_word' id='word_1_945' title='bbox 3122 5529 3230 5581; x_wconf 91' lang='grc' dir='ltr'>τῶν</span> <span class='ocrx_word' id='word_1_946' title='bbox 3252 5528 3589 5596; x_wconf 80' lang='grc' dir='ltr'>ἑστιωμένων</span> <span class='ocrx_word' id='word_1_947' title='bbox 3617 5530 3694 5591; x_wconf 89' lang='grc' dir='ltr'>είς</span> <span class='ocrx_word' id='word_1_948' title='bbox 3728 5529 3871 5582; x_wconf 69' lang='grc' dir='ltr'>αὐτὰ</span> 
     </span>
    </p>
   </div>
   <div class='ocr_carea' id='block_1_124' title="bbox 2313 5615 3869 5686">
    <p class='ocr_par' dir='ltr' id='par_1_124' title="bbox 2313 5615 3869 5686">
     <span class='ocr_line' id='line_1_124' title="bbox 2313 5615 3869 5686; baseline -0.001 -15"><span class='ocrx_word' id='word_1_949' title='bbox 2313 5620 2591 5676; x_wconf 76' lang='grc' dir='ltr'>πινόντων,</span> <span class='ocrx_word' id='word_1_950' title='bbox 2619 5618 2833 5686; x_wconf 74' lang='grc' dir='ltr'>ἐξῆλθεν</span> <span class='ocrx_word' id='word_1_951' title='bbox 2874 5617 3210 5686; x_wconf 87' lang='grc' dir='ltr'>ἀστράγαλος</span> <span class='ocrx_word' id='word_1_952' title='bbox 3254 5615 3465 5685; x_wconf 82' lang='grc' dir='ltr'>χειρὸς,</span> <span class='ocrx_word' id='word_1_953' title='bbox 3495 5616 3586 5667; x_wconf 76' lang='grc' dir='ltr'>καὶ</span> <span class='ocrx_word' id='word_1_954' title='bbox 3633 5617 3869 5685; x_wconf 75' lang='grc' dir='ltr'>ἔγραψεν</span> 
     </span>
    </p>
   </div>
   <div class='ocr_carea' id='block_1_125' title="bbox 2313 5701 3879 5775">
    <p class='ocr_par' dir='ltr' id='par_1_125' title="bbox 2313 5701 3879 5775">
     <span class='ocr_line' id='line_1_125' title="bbox 2313 5701 3879 5775; baseline -0.005 -17"><span class='ocrx_word' id='word_1_955' title='bbox 2313 5707 2371 5758; x_wconf 77' lang='grc' dir='ltr'>ἐν</span> <span class='ocrx_word' id='word_1_956' title='bbox 2399 5705 2475 5775; x_wconf 80' lang='grc' dir='ltr'>τῷ</span> <span class='ocrx_word' id='word_1_957' title='bbox 2512 5705 2670 5774; x_wconf 81' lang='grc' dir='ltr'>τοίχῳ</span> <span class='ocrx_word' id='word_1_958' title='bbox 2690 5706 2924 5774; x_wconf 79' lang='grc' dir='ltr'>γραφὴν,</span> <span class='ocrx_word' id='word_1_959' title='bbox 2956 5704 3021 5773; x_wconf 83' lang='grc' dir='ltr'>ἢν</span> <span class='ocrx_word' id='word_1_960' title='bbox 3054 5704 3146 5756; x_wconf 74' lang='grc' dir='ltr'>καὶ</span> <span class='ocrx_word' id='word_1_961' title='bbox 3169 5702 3335 5772; x_wconf 74' lang='grc' dir='ltr'>αὐτὴν</span> <span class='ocrx_word' id='word_1_962' title='bbox 3363 5701 3465 5754; x_wconf 88' lang='grc' dir='ltr'>τῶν</span> <span class='ocrx_word' id='word_1_963' title='bbox 3494 5702 3673 5770; x_wconf 84' lang='grc' dir='ltr'>σοφῶν</span> <span class='ocrx_word' id='word_1_964' title='bbox 3697 5702 3879 5756; x_wconf 70' lang='lat'>8166-.</span> 
     </span>
    </p>
   </div>
  </div>
