4096 6502
230 448 339 503 381

218 564 506 634 includere,
526 577 582 626 et
599 571 942 644 Jerosolymte
964 578 1286 633 obsidionem
1316 583 1667 649 praenuntiare
1686 597 1777 651 per

216 656 517 724 exemplum
544 659 723 715 lateris
744 671 797 716 et
824 666 1115 733 sartaginis.
1141 666 1360 722 Jubetur
1387 670 1509 723 item
1539 670 1591 723 in
1615 685 1774 723 unum

218 742 359 796 latus
380 745 611 803 dormire
640 761 784 804 certo
804 751 1010 807 dierum
1047 771 1287 823 numero,
1319 757 1592 811 declarans
1630 759 1772 810 cala-

219 834 455 888 mitatem
489 839 679 906 populo
701 840 922 895 futuram
950 844 1001 896 in
1030 846 1351 913 captivitate.
1396 847 1636 901 Przedicit
1680 862 1773 915 per

218 936 404 989 panes,
433 940 565 994 quos
590 943 652 981 ex
677 939 906 985 stercore
932 932 1089 986 boum
1109 933 1246 995 facit,
1276 944 1329 987 et
1354 950 1447 1004 per
1464 936 1771 989 divisionem

219 1013 528 1079 capillorum
555 1025 774 1072 mortem
785 1036 966 1076 eorum
977 1037 1037 1076 ac
1061 1021 1457 1089 dispersionem;
1477 1023 1619 1078 urbis
1638 1024 1765 1076 item

220 1110 383 1170 atque
415 1106 669 1160 idolorum
714 1110 1122 1165 devastationem
1165 1112 1361 1180 adjicit.
1388 1114 1543 1168 Videt
1582 1115 1769 1182 iniqui-

218 1200 357 1246 tates
390 1196 595 1262 populi,
627 1206 679 1251 et
706 1198 1070 1254 idololatriam.
1114 1203 1313 1257 Deinde
1354 1218 1446 1258 eos
1474 1206 1560 1273 qui
1606 1221 1770 1273 usque

219 1281 287 1334 ad
319 1282 537 1337 exitium
559 1285 701 1340 urbis
727 1287 1071 1343 devenerunt.
1100 1290 1254 1345 Videt
1276 1307 1486 1346 rursum
1509 1294 1767 1348 Cherubi-

216 1384 317 1423 nos
336 1409 351 1434 ,
382 1380 434 1425 et
459 1373 593 1428 mala
620 1376 731 1429 urbi
759 1380 1092 1445 praenuntiat.
1116 1380 1189 1434 De
1215 1381 1278 1433 iis
1308 1384 1395 1450 qui
1425 1383 1475 1435 in
1505 1383 1767 1438 Christum

218 1460 470 1515 credituri
496 1472 664 1518 erant.
689 1466 928 1521 Prmdicit
955 1485 1161 1523 rursum
1188 1472 1539 1539 captivitatem
1567 1475 1764 1542 populi,

218 1565 341 1619 qnze
368 1552 466 1605 sub
491 1552 707 1608 Sedecia
732 1558 956 1623 accidit,
981 1567 1033 1613 et
1071 1558 1341 1615 Sedeciam
1365 1572 1678 1617 exemeatum
1707 1565 1767 1619 iri

214 1655 244 1693 a
277 1640 805 1699 Nabuchodonosore.
835 1646 1075 1701 Praedicit
1101 1651 1235 1703 mala
1279 1666 1381 1704 non
1417 1661 1530 1718 post
1565 1652 1767 1707 diutur-

214 1744 341 1782 num
376 1739 577 1799 tempus
601 1742 867 1799 eventura,
897 1736 988 1789 sed
1021 1752 1180 1805 prope
1205 1753 1339 1793 esse.
1372 1740 1594 1794 Minatur
1614 1756 1767 1809 pseu-

213 1820 574 1890 doprophetis,
606 1825 835 1893 ipsisque
855 1825 1252 1895 indeprecabilia
1275 1843 1392 1883 esse
1421 1846 1535 1898 qum
1565 1834 1765 1901 passuri

213 1918 336 1961 sunt
361 1910 497 1962 mala
525 1909 830 1970 denuntiat:
862 1914 929 1966 ita
956 1924 1013 1967 ut
1057 1930 1153 1969 nec
1192 1916 1290 1969 Job
1319 1932 1416 1971 nec
1462 1919 1639 1974 Daniel
1668 1936 1766 1976 nec

214 1996 328 2051 Noe
355 2000 587 2067 ipsorum
621 2000 754 2055 filios
781 2005 981 2071 possint
1002 2019 1191 2059 eruere
1220 2023 1233 2059 :
1263 2017 1314 2060 et
1340 2020 1627 2064 extremam
1652 2013 1766 2066 illo-

212 2103 328 2140 rum
360 2090 655 2144 vastitatem
680 2106 773 2159 per
791 2094 981 2159 lignum
1001 2095 1118 2148 vitis
1144 2095 1389 2149 declarat.
1423 2099 1643 2153 Enarrat
1670 2116 1762 2168 po-

211 2175 317 2243 puli
348 2178 719 2244 turpitudinem
738 2179 805 2232 ab
824 2181 988 2243 initio,
1016 2191 1292 2251 antequam
1316 2185 1476 2239 Deum
1493 2190 1763 2257 amplexus

208 2264 680 2327 esset,etdecorem
700 2277 967 2335 postquam
984 2285 1064 2321 am
1073 2270 1250 2337 plexos
1262 2281 1372 2325 est:
1397 2275 1765 2331 idololatrian:-

208 2366 312 2419 que
333 2352 469 2421 ejus,
492 2363 544 2408 et
563 2356 819 2409 excidium
845 2359 982 2426 quod
1011 2369 1222 2427 propter
1245 2377 1359 2415 eam
1383 2364 1569 2417 invasit
1586 2367 1758 2434 ipsos;

212 2458 431 2511 magnas
477 2446 708 2499 ostendit
749 2447 863 2515 ejus
914 2449 1211 2517 iniquitates
1258 2466 1319 2505 ex
1370 2457 1759 2523 comparatione

210 2531 562 2586 Sodomorum
592 2544 645 2589 et
673 2534 942 2601 Samarize,
970 2554 1086 2607 qua:
1108 2540 1262 2593 etiam
1288 2557 1381 2608 per
1399 2545 1597 2611 seipsas
1613 2557 1761 2599 erant

211 2619 471 2687 ingentes.
499 2621 723 2676 Possunt
748 2634 919 2679 autem
946 2626 1100 2691 bona,
1123 2644 1238 2696 qua:
1262 2632 1514 2698 praedicit,
1546 2650 1755 2703 nempe,

210 2707 475 2762 Suscitabo
500 2719 838 2765 testamentum
864 2731 1025 2766 meum
1056 2725 1209 2769 tecum
1238 2718 1257 2785 (
1286 2717 1470 2773 Ezech.
1500 2723 1583 2776 16.
1626 2725 1693 2777 62
1713 2724 1754 2795 ),

209 2798 275 2851 de
302 2798 644 2854 credentibus
683 2803 733 2855 in
767 2802 1035 2857 Christum
1076 2806 1315 2876 intelligi.
1344 2810 1630 2865 Ascensum
1653 2813 1757 2867 Na-

212 2887 670 2944 buchodonosoris
696 2894 1029 2960 prmnuntiat.
1057 2894 1322 2950 Adversus
1353 2912 1443 2953 eos
1485 2901 1571 2968 qui
1606 2901 1749 2956 dice-

210 2976 339 3030 bant
370 2996 383 3029 :
428 2978 606 3033 Patres
629 2982 941 3034 comederunt
964 2999 1106 3035 uvam
1132 2986 1377 3049 acerbam,
1418 2998 1461 3041 et
1495 2989 1662 3043 dentes
1691 2992 1757 3058 [i-

209 3067 392 3119 liorum
420 3068 810 3141 obstupuernnt(
843 3072 1026 3127 Ezcclt.
1060 3074 1143 3128 18.
1168 3074 1201 3126 2
1224 3075 1263 3145 ).
1299 3077 1370 3131 De
1397 3088 1563 3134 matre
1596 3080 1758 3135 Sede-

209 3155 301 3208 cia:
333 3157 492 3223 regis.
534 3158 863 3213 Testiticatur
890 3163 1188 3216 senioribus
1225 3165 1520 3234 iniquitates
1552 3180 1755 3238 patrum

210 3256 446 3296 suorum.
479 3245 608 3299 Illud
661 3257 832 3301 autem
860 3290 873 3311 ,
924 3250 1053 3313 Quia
1098 3268 1247 3320 super
1274 3265 1487 3307 montem
1532 3269 1755 3311 sanctum

208 3351 391 3399 meum,
412 3335 476 3390 de
495 3346 673 3392 monte
700 3339 906 3393 excelso
930 3342 1087 3397 lsrael
1113 3342 1263 3395 dicit:
1283 3343 1493 3411 Adonai,
1521 3346 1751 3415 Domine,

209 3422 313 3474 illic
336 3425 545 3477 servient
570 3427 688 3478 mihi
716 3431 873 3481 omnis
900 3430 1075 3483 domus
1105 3429 1267 3484 Israel
1290 3433 1342 3485 in
1367 3435 1513 3502 linem
1547 3436 1751 3505 (Ezeclt.

205 3508 292 3562 20.
342 3511 434 3565 40.
482 3514 533 3565 in
598 3513 795 3584 (ἐπες.)
824 3557 838 3581 ,
894 3517 960 3572 de
1011 3520 1343 3577 credentibus
1389 3524 1442 3576 in
1491 3524 1752 3579 Clu-istum

207 3608 379 3665 potest
397 3602 581 3668 accipi.
608 3603 683 3657 De
711 3603 966 3672 Theman,
990 3607 1054 3662 de
1094 3608 1251 3663 Israel
1276 3651 1290 3673 ,
1323 3620 1375 3665 et
1402 3611 1468 3665 de
1491 3613 1608 3665 filiis
1639 3615 1754 3666 Am-

206 3702 347 3742 mon.
386 3688 690 3756 iniquitates
717 3702 768 3746 et
816 3706 1027 3763 peccata
1059 3697 1263 3753 lsraelis
1290 3710 1547 3765 recenset,
1577 3716 1754 3755 sacer—

204 3774 407 3838 dotum,
434 3777 731 3847 principum
758 3792 811 3834 et
839 3784 1436 3853 pseudOprOphetarum.
1465 3787 1534 3841 Et
1562 3806 1754 3858 qurere-

208 3862 339 3930 bant,
369 3867 559 3934 inquit,
586 3868 744 3921 virum
787 3880 916 3924 recte
959 3882 1230 3927 versantem
1256 3886 1301 3927 et
1326 3885 1535 3930 stantem
1563 3879 1614 3930 in
1642 3883 1751 3947 fra-

203 3965 343 4007 ctura
368 3957 600 4011 maceria:
627 3956 702 4027 (a)
725 3968 838 4012 ante
864 3961 1041 4029 faciem
1063 3978 1222 4015 meam
1254 3964 1304 4016 in
1332 3975 1547 4033 tempore
1569 3976 1711 4019 terra:
1734 4008 1749 4033 ,

203 4054 253 4095 ut
281 4061 342 4097 ne
360 4047 413 4098 in
444 4047 594 4113 ﬁnem
613 4047 821 4101 delerem
838 4066 952 4102 eum
986 4067 1003 4104 :
1032 4061 1077 4103 et
1106 4069 1203 4106 non
1228 4054 1388 4107 inveni
1413 4056 1431 4125 (
1454 4056 1637 4111 Ezeclt.
1660 4059 1747 4115 22.

202 4133 310 4201 30).
340 4136 416 4189 De
442 4136 734 4190 idololatria
751 4140 925 4207 pepuli
954 4140 1113 4195 israel
1145 4143 1195 4195 in
1220 4141 1448 4213 Egypto
1471 4156 1524 4200 et
1547 4158 1747 4217 postea,

202 4237 260 4275 ac
308 4224 373 4277 de
424 4224 828 4280 calamitatibus.
883 4230 1054 4298 Atque
1099 4232 1312 4301 insuper
1357 4251 1522 4304 neque
1558 4237 1750 4291 luctum

202 4326 353 4381 agere
383 4313 753 4381 permittentur
776 4331 933 4385 super
955 4320 1374 4389 contingentibus
1416 4325 1585 4378 malis.
1607 4326 1749 4379 Con-

204 4412 275 4454 tra
296 4400 631 4458 Ammanitas
648 4410 702 4456 et
726 4405 981 4461 Idumaeos
1011 4449 1025 4472 ,
1074 4419 1125 4462 et
1156 4410 1476 4481 alienigenas
1501 4453 1515 4476 ,
1547 4425 1597 4466 et
1628 4415 1744 4479 Sor,

202 4505 349 4557 quam
372 4493 560 4547 dicunt
578 4506 695 4547 esse
709 4493 923 4563 Tyrum.
949 4496 1187 4551 Praedicit
1202 4500 1523 4554 calamitates
1538 4519 1749 4572 magnas

202 4591 377 4633 contra
416 4582 709 4651 principem
753 4584 875 4654 Tyri
926 4596 977 4639 et
1024 4587 1263 4651 Sidonis,
1317 4600 1371 4644 et
1420 4591 1700 4661 Egyptum
1732 4636 1745 4660 ,

202 4667 674 4739 Egyptiorumque
704 4687 900 4741 regem.
932 4675 1157 4729 Minatur
1181 4680 1498 4744 speculatori
1528 4685 1702 4751 populi
1731 4725 1745 4748 ,

202 4759 294 4812 nisi
335 4760 641 4828 prmdixerit
683 4765 873 4832 populo
894 4806 909 4831 ,
937 4767 1084 4833 cujus
1122 4770 1432 4823 constitutus
1458 4780 1537 4824 est
1565 4786 1749 4841 specu-

200 4846 327 4899 lator
354 4848 418 4902 ad
446 4847 770 4907 calamitates
789 4868 817 4905 a
847 4854 953 4908 Deo
980 4855 1166 4908 illatas.
1201 4859 1274 4911 Ac
1302 4858 1627 4929 dicit,neque
1651 4864 1748 4916 ini-

200 4949 350 5000 quum
382 4936 562 5005 perire
586 4938 654 4991 ob
680 4940 879 5006 priores
908 4943 1223 5011 iniquitates,
1255 4947 1297 4999 si
1325 4962 1611 5004 conversus
1628 4950 1744 5004 fue-

200 5023 261 5077 rit
284 5024 349 5079 ad
379 5025 677 5081 faciendum
706 5042 767 5081 ea
797 5044 911 5097 qua:
938 5032 1046 5085 Deo
1072 5044 1186 5087 sunt
1219 5036 1443 5104 placita;
1477 5055 1643 5108 neque
1662 5042 1746 5109 ju-

256 5208 322 5268 (η)
376 5209 531 5283 Illud,
569 5209 757 5283 νήει,
806 5209 854 5258 in
904 5213 1117 5274 fractura
1159 5230 1382 5266 maceria:
1424 5217 1493 5277 (ἐν
1537 5220 1739 5283 etaiam

198 5280 584 5349 impoo),__non
624 5288 699 5349 est.
741 5281 787 5349 in
834 5288 1193 5349 exemplaribus
1231 5289 1512 5349 hodiernis,
1559 5294 1645 5341 sed
1678 5280 1739 5342 ex

196 5338 423 5413 origettis
454 5342 690 5413 lienxaplis
713 5338 1013 5413 adjunctum;
1030 5346 1204 5413 fuerat,
1227 5356 1280 5395 ut
1319 5338 1743 5413 nosdin'llexapiis

197 5399 482 5461 addidimus.
522 5399 672 5448 Totus
713 5404 844 5450 locus
889 5404 935 5450 in
979 5404 1284 5452 Editionihns
1325 5408 1573 5458 bodiernis
1594 5399 1741 5461 1:er

199 5458 266 5542 sic!
283 5461 536 5542 liabetur‘:
565 5464 655 5533 Κριὶ
688 5462 873 5542 ἐζήτξιυν
906 5466 950 5517 ἐξ
984 5465 1137 5539 σξύτῶν
1169 5468 1742 5542 ἇνδρεεὶᾶναστεεφόμενο]

200 5516 351 5578 ὀρθῶς,
385 5523 465 5567 καί
490 5516 814 5594 ⁸ἑστῶτιίι-τςρὸ
855 5516 1109 5594 πρόσὼπρυ
1154 5516 1265 5594 pou.
1291 5516 1566 5594 ὁλοσχερῖὒξ
1591 5516 1637 5578 έν
1672 5535 1739 5591 τῷ

202 5583 342 5639 καιρῷ
372 5588 455 5637 τῆς
484 5582 639 5642 ὀργῆς.
669 5582 840 5631 Melius
870 5582 1124 5644 exemplar
1156 5582 1507 5647 Chrysosto't'ni,
1544 5582 1590 5638 ἕν
1614 5609 1653 5637 τ.
1690 5583 1735 5638 κ’.

200 5651 275 5700 τῆς
291 5654 388 5706 γῆς.
418 5650 470 5697 In
500 5649 709 5698 Hebraeo
726 5658 889 5699 autem
908 5651 1107 5713 legitur,
1129 5653 1290 5725 vam
1324 5660 1451 5715 m,
1478 5671 1567 5720 pro
1589 5666 1719 5709 terra

198 5726 512 5797 Septuaginta
534 5747 657 5785 vero
681 5735 910 5797 legerunt
944 5739 1079 5794 ηνι,
1112 5735 1160 5787 in
1182 5743 1405 5799 tempore.

1298 444 1617 505 SYNOPSIS
1651 446 2055 506 SCRIPTURIE
2091 452 2355 510 SACRE.

3324 477 3442 533 382‘

1887 571 2025 616 stum
2054 565 2278 620 salutem
2303 569 2553 638 consequi
2581 570 2650 624 ob
2675 572 2900 640 priorem
2922 573 3177 642 justitiam
3201 620 3216 644 ,
3247 581 3291 635 si
3325 599 3440 635 mn-

1886 659 2023 706 tatus
2046 693 2060 717 ,
2094 655 2299 723 iniquus
2330 656 2655 727 injustusquc
2697 664 2940 717 evaserit.
2984 665 3139 721 Venit
3173 670 3435 739 quispiam

1884 739 1948 791 ad
1980 741 2289 809 prophetam
2312 784 2327 807 ,
2358 746 2607 801 nuntians
2652 759 2851 817 captam
2899 751 3061 809 fuisse
3096 755 3389 813 Jerusalem
3418 776 3433 818 :

1883 828 2010 881 dicit
2036 839 2211 883 autem
2243 832 2341 886 bac
2369 834 2435 887 de
2460 851 2519 889 re
2556 837 2827 905 incusans,
2856 843 2991 910 quod
3022 860 3126 899 non
3162 850 3433 904 attendant

1880 915 1943 968 iis
1982 932 2098 985 quae
2134 933 2161 969 a
2207 921 2475 989 prophetis
2509 925 2880 991 praedicuntur.
2916 931 3244 990 Vaticinatur
3271 955 3429 1007 porro

1879 1015 2060 1058 contra
2116 1017 2356 1074 pastores
2385 1011 2588 1066 lsraelis
2618 1030 2632 1064 :
2662 1019 3020 1089 promittitque
3051 1025 3281 1079 dandum
3314 1045 3432 1084 esse

1879 1103 2139 1159 pastorem
2172 1113 2327 1149 unum
2352 1115 2366 1162 ;
2399 1101 2446 1152 id
2471 1102 2608 1169 quod
2637 1105 2733 1157 sub
2757 1106 3079 1166 Zorobabele
3106 1112 3296 1169 factum
3323 1128 3423 1183 est,

1882 1182 1931 1235 id
1961 1184 2098 1252 quod
2127 1187 2283 1239 etiam
2313 1188 2477 1243 Judmi
2509 1191 2842 1261 impudenter
2860 1197 3038 1253 dicunt
3057 1203 3284 1259 nondum
3309 1182 3428 1262 eve.

1876 1271 2053 1337 uisse;
2087 1276 2260 1328 evenit
2292 1286 2462 1331 tamen
2485 1318 2498 1342 ,
2544 1289 2600 1331 ut
2625 1280 2753 1345 dixi,
2777 1284 2876 1337 sub
2913 1285 3255 1345 Zorobabele.
3286 1294 3429 1349 Vati-

1875 1360 2078 1413 cinatur
2097 1374 2278 1415 contra
2313 1364 2588 1430 ldummos,
2621 1378 2675 1421 et
2704 1369 2954 1425 lsraelitis
2982 1374 3117 1431 bona
3162 1381 3418 1448 prmdieil,

1875 1462 1990 1513 qua:
2014 1449 2152 1502 Deus
2182 1451 2299 1506 ideo
2327 1467 2383 1507 se
2403 1454 2597 1508 Judzeis
2619 1458 2931 1513 collaturum
2957 1464 3118 1532 dicit,
3153 1483 3255 1523 non
3283 1474 3422 1539 quod

1875 1535 1946 1588 illi
1972 1537 2112 1605 digni
2143 1541 2372 1604 sint,sed
2396 1558 2463 1597 ne
2494 1559 2686 1600 nomen
2714 1547 2828 1614 ejus
2856 1551 3176 1617 profanetur.
3206 1535 3419 1614 Ducitur

1877 1626 2132 1693 prepheta
2164 1630 2214 1681 in
2242 1644 2501 1697 catnpum,
2531 1642 2581 1685 et
2612 1636 2893 1702 prepbetat
2931 1654 3088 1709 super
3111 1659 3229 1697 ossa
3254 1649 3418 1702 arida.

1876 1716 2156 1783 l’rophetat
2177 1720 2300 1774 item
2328 1720 2393 1775 de
2423 1722 2768 1793 Zorobabele,
2797 1731 2935 1798 quod
2966 1733 3168 1790 futurus
3197 1738 3264 1791 sit
3287 1755 3418 1795 unus

1871 1804 2168 1860 Judazorum
2192 1810 2432 1879 princeps
2456 1826 2470 1863 :
2494 1822 2666 1881 potest
2696 1825 2869 1871 autem
2899 1819 2967 1874 de
2993 1821 3211 1877 Domino
3240 1839 3421 1881 nostro

1869 1894 1990 1948 Jesu
2007 1894 2217 1951 Christo
2229 1900 2414 1968 accipi.
2433 1901 2924 1963 Vaticinaturetiam
2937 1911 3003 1965 de
3021 1912 3130 1983 Gog
3141 1926 3193 1970 et
3208 1918 3417 1989 Magog,

1871 1985 1958 2050 qui
1987 1984 2196 2041 Judmos
2222 1988 2449 2043 invasuri
2477 2003 2625 2045 erant
2654 2005 2767 2061 post
2789 1998 3013 2053 reditum
3039 2018 3102 2057 ex
3130 1984 3416 2077 Babylone,

1869 2075 2063 2143 quique
2092 2077 2212 2130 victi
2248 2078 2474 2134 fuerunt.
2506 2082 2725 2148 Quidam
2750 2096 2921 2141 autem
2947 2091 2994 2143 id
3022 2075 3299 2162 allegorice
3324 2116 3415 2154 ac-

1868 2165 2069 2233 cipiunt
2093 2167 2158 2221 de
2182 2167 2451 2237 Ecclesiis,
2484 2181 2536 2226 et
2563 2173 2629 2228 de
2657 2176 2863 2232 diabolo
2890 2220 2905 2245 ,
2938 2181 3105 2251 deque
3143 2201 3420 2259 persequu-

1871 2258 2098 2312 tionibus
2124 2276 2239 2328 qua:
2270 2263 2415 2316 vario
2440 2274 2673 2333 tempore
2703 2268 2858 2322 illata:
2888 2285 3009 2326 sunt
3028 2275 3094 2327 ab
3116 2277 3289 2346 impiis
3314 2258 3419 2336 lm-

1871 2350 2216 2415 peratoribus.
2248 2353 2567 2408 Vaticinatur
2591 2366 2713 2410 item
2753 2363 2928 2428 templi
2955 2370 3417 2442 constructionem,

1867 2448 1917 2493 et
1940 2442 2325 2497 restitutionem
2352 2445 2530 2514 legalis
2551 2449 2754 2501 cultus:
2775 2466 2891 2518 qua:
2911 2454 3069 2507 etiam
3108 2472 3419 2527 exspectant

1864 2528 2025 2583 Judzei
2052 2547 2065 2594 ;
2096 2533 2186 2585 sed
2213 2549 2271 2586 ea
2293 2547 2576 2590 evenerunt
2603 2548 2834 2606 tempore
2863 2543 3039 2599 Esdrm
3057 2556 3106 2599 et
3125 2548 3419 2607 Lorobabe-

1867 2620 1949 2672 lis.
1990 2621 2323 2677 Constructio
2366 2636 2541 2680 autem
2590 2632 2808 2698 templi,
2855 2647 3008 2701 quam
3054 2639 3322 2708 praedicit,
3365 2654 3419 2697 et

1863 2722 1995 2776 aqua
2025 2726 2141 2779 qua:
2169 2713 2416 2779 paulatim
2444 2716 2806 2784 egrediebatur
2838 2734 2888 2774 et
2916 2728 3215 2793 augebatur,
3246 2742 3418 2798 potest

1863 2797 2028 2867 accipi
2057 2799 2123 2853 de
2144 2801 2206 2854 iis
2227 2802 2314 2869 qui
2341 2804 2403 2855 ad
2433 2803 2701 2860 Christum
2729 2813 2965 2863 conversi
2989 2826 3129 2876 sunt,
3156 2797 3412 2884 quiimor-

1865 2885 1936 2937 tui
1968 2896 2120 2940 erant
2151 2898 2428 2958 antequam
2470 2894 2778 2960 crederent,
2807 2897 3044 2953 viventes
3073 2915 3245 2957 autem
3291 2908 3413 2965 facti

1863 2986 1985 3029 sunt
2012 2988 2286 3047 postquam
2308 2980 2664 3038 crediderunt.

1968 3141 2195 3184 SYNOPSIS
2221 3145 2390 3185 EORUM
2421 3146 2533 3193 ρυλε
2561 3150 2591 3187 Δ
2617 3149 2840 3188 ωκιειε
2868 3152 3136 3192 ΡΠΟΡΙΙΕῪΑ
3165 3157 3319 3198 DICTA

2562 3238 2714 3275 SUNT.

1937 3336 2215 3405 Eliguntur
2238 3338 2417 3393 Daniel
2447 3349 2501 3395 et
2530 3343 2686 3406 socii,
2726 3353 2779 3398 et
2800 3346 3072 3400 traduntur
3095 3350 3413 3407 archiettnu-

1863 3423 1987 3487 cbo,
2017 3435 2172 3494 atque
2203 3426 2553 3495 leguminibus
2582 3445 2863 3485 vescuntur
2893 3453 2905 3487 :
2930 3447 2976 3487 et
3005 3436 3270 3495 adstantes
3301 3446 3408 3513 regi

1859 3514 2090 3567 omnium
2143 3516 2514 3583 sapientissimi
2549 3520 2862 3588 deprehensi
2909 3533 3047 3578 suit.
3079 3526 3231 3582 Videt
3275 3547 3414 3585 som-

1860 3606 2003 3660 nium
2043 3607 2545 3674 Nabuchodonosor,
2574 3624 2628 3667 et
2668 3630 2848 3683 magos
2872 3658 2885 3679 ,
2915 3620 2999 3685 qui
3034 3635 3136 3674 non
3166 3631 3410 3691 poterant

1860 3697 2122 3750 somnium
2152 3698 2387 3755 indicare
2417 3711 2469 3754 et
2500 3703 2855 3771 interpretari,
2882 3706 3031 3773 jubet
3056 3711 3245 3763 occidi.
3268 3712 3412 3767 Peri-

1860 3785 2099 3840 clitantes
2116 3802 2320 3856 quoque
2340 3790 2600 3845 Danielem
2615 3805 2665 3847 et
2687 3795 2857 3848 socios
2874 3800 3100 3852 servavit
3119 3800 3273 3868 Deus,
3292 3817 3410 3856 cum

1859 3874 2056 3929 Danieli
2072 3877 2257 3930 somnii
2274 3879 2503 3933 notitiam
2519 3897 2609 3949 per
2627 3884 2993 3939 revelatiouem
3007 3886 3164 3942 dedit.
3178 3889 3415 3943 Introdu-

1856 3974 1969 4018 ctus
1993 3966 2171 4022 Daniel
2194 3971 2452 4023 somnium
2480 3973 2587 4041 regi
2612 3973 2741 4028 dixit
2776 3976 2991 4045 ejusque
3028 3978 3412 4047 interpretatio-

1859 4070 2004 4108 nem.
2046 4056 2198 4124 Lapis
2225 4070 2399 4112 autem
2436 4062 2550 4114 sine
2574 4065 2814 4116 manibus
2839 4059 3409 4132 cxcisustristuseSt;

1855 4145 1970 4199 sine
1997 4147 2232 4202 manibus
2254 4164 2396 4212 vero,
2423 4151 2540 4218 quia
2564 4150 2676 4205 sine
2701 4154 2977 4208 concubitu
3004 4171 3068 4211 ex
3080 4158 3280 4227 virgine
3310 4176 3408 4213 na-

1858 4240 1943 4287 tus
1970 4244 2067 4288 est.
2120 4236 2359 4290 Erectam
2392 4253 2419 4290 a
2442 4254 2501 4293 se
2521 4248 2742 4294 statuam
2764 4241 3241 4301 Nabuchodonosor
3256 4249 3404 4313 jubet

1857 4339 2039 4380 omnes
2054 4328 2294 4392 adorare,
2316 4339 2367 4383 et
2395 4340 2499 4385 tres
2523 4347 2710 4399 pueros
2730 4335 2814 4402 qui
2844 4336 3063 4392 adorare
3090 4339 3336 4394 nolebant
3357 4342 3406 4394 in

1856 4414 2116 4470 fornacem
2140 4418 2398 4486 injicit.Ut
2418 4431 2590 4475 autem
2621 4423 2690 4475 illi
2708 4428 2793 4491 qui
2822 4426 2956 4479 circa
2974 4427 3235 4484 fornacem
3258 4445 3409 4486 erant

1856 4504 2110 4558 interfecti
2138 4516 2334 4570 sunt,et
2363 4509 2510 4575 pueri
2534 4510 2693 4562 Deum
2718 4514 2932 4566 canticis
2953 4516 3396 4580 celebrarent,nhi

1855 4592 1995 4659 ipsos
2018 4596 2253 4649 evocavit
2277 4611 2365 4650 rex
2388 4606 2438 4651 et
2468 4599 2755 4653 incolumes
2785 4602 2928 4665 vidit,
2959 4603 3024 4657 de
3055 4604 3145 4659 Dei
3170 4611 3398 4673 potentia

1854 4692 2067 4751 stupore
2095 4686 2383 4752 perculsus,
2417 4688 2555 4754 ipsos
2584 4688 2871 4756 principatu
2904 4691 3207 4747 Judzeorum
3232 4697 3398 4750 hono-

1852 4772 2004 4836 ravit,
2029 4772 2400 4843 decretumque
2430 4776 2608 4841 dedit,
2659 4789 2713 4832 ut
2738 4780 2970 4849 quisquis
2999 4784 3047 4835 in
3096 4784 3255 4839 Deum
3287 4789 3395 4842 hla-

1850 4860 2166 4929 Spbemaret,
2198 4873 2363 4918 morte
2394 4866 2728 4933 plecteretur.
2760 4869 2911 4923 Videt
2936 4874 3195 4927 seninlum
3227 4876 3396 4929 Nabu-

1849 4950 2213 5004 chodonosor:
2242 4963 2294 5007 et
2322 4969 2438 5008 cum
2467 4956 2730 5023 sapientes
2760 4958 3039 5027 Babylonis
3066 4978 3269 5016 rursum
3296 4966 3408 5017 lae-

1852 5049 2048 5105 rerent,
2083 5041 2248 5109 ipsum
2280 5044 2437 5097 solvit
2485 5045 2663 5098 Daniel
2690 5086 2704 5110 ,
2737 5047 2949 5115 regique
2987 5060 3169 5103 auctor
3197 5062 3274 5106 est
3304 5100 3316 5121 ,
3346 5065 3415 5109 ut

1851 5130 2148 5198 iniquitates
2175 5147 2296 5187 suas
2321 5134 2672 5204 eleemosynis
2708 5137 2948 5191 redimat.
2980 5139 3084 5194 Nec
3105 5140 3191 5194 diu
3219 5155 3399 5213 postea

1850 5220 2037 5271 somnii
2070 5222 2244 5274 exitus
2285 5224 2490 5284 evenit;
2534 5224 2867 5293 laudavitque
2915 5228 3399 5289 Nabuchodonosor

1850 5308 2036 5361 Deum.
2072 5310 2248 5364 Sacris
2280 5312 2455 5379 templi
2485 5312 2623 5365 vasis
2644 5314 2796 5380 jussu
2828 5315 3109 5370 Baltasaris
3139 5322 3273 5387 regis
3310 5322 3398 5377 filii

1848 5396 2384 5452 Nabuchodonosoris
2412 5400 2635 5465 eductis,
2664 5417 2780 5455 cum
2810 5404 2860 5455 in
2893 5405 2993 5459 illis
3012 5416 3401 5474 potarentcon—

1849 5488 1997 5549 vivae,
2041 5488 2166 5542 exiit
2203 5490 2454 5545 articulus
2492 5506 2677 5546 manus
2703 5535 2716 5555 ,
2750 5496 2836 5562 qui
2883 5496 3117 5549 exaravit
3165 5498 3215 5549 in
3246 5514 3399 5553 muro

1850 5578 2189 5643 scripturam,
2219 5594 2372 5646 quam
2405 5582 2560 5634 etiam
2589 5597 2705 5635 eum
2738 5598 2841 5635 non
2874 5595 3086 5651 possent
3127 5588 3399 5656 sapientes

1848 5666 2127 5734 Babylonis
2150 5669 2432 5735 explicare,
2468 5672 2649 5725 Daniel
2682 5674 2801 5740 legit
2823 5682 2876 5725 et
2901 5674 3397 5743 interpretatusosu

1849 5756 2163 5820 indutosque
2190 5769 2270 5814 est
2291 5774 2516 5829 purpura
2540 5804 2552 5829 ,
2580 5764 3170 5838 circumposueruutque
3206 5772 3253 5824 ei
3289 5781 3392 5825 tor-
