4096 6480
701 418 810 474 383

700 529 854 585 quem
877 526 1094 567 aureum
1117 550 1131 575 ,
1174 508 1688 578 prtedicaveruntque
1727 521 1845 560 eum
1877 517 1996 559 esse
2025 501 2237 556 tertium

701 602 991 670 principem
1022 601 1071 652 in
1103 612 1283 666 regno.
1312 598 1438 651 Cum
1459 604 1700 665 regnaret
1728 594 1908 647 Darius
1933 591 2128 651 Medus,
2150 590 2246 642 Da-

704 690 840 744 niele
869 689 1102 756 principe
1129 686 1431 746 constituto,
1465 687 1670 752 cogitur
1694 699 1722 735 a
1749 681 1974 734 tribunis
2001 690 2051 732 et
2077 686 2246 730 satra-

702 779 782 845 pis
812 777 1079 829 decretum
1111 775 1435 841 promulgare
1464 812 1478 835 ,
1523 782 1577 823 ut
1609 771 1925 838 quicumque
1983 768 2115 819 intra
2157 765 2249 817 tri-

705 865 846 933 ginta
895 864 1008 916 dies
1049 862 1242 931 aliquid
1281 863 1359 915 vel
1384 861 1449 913 ab
1479 860 1688 912 homine
1715 858 1956 925 quopiam
1984 855 2064 907 vel
2093 869 2122 905 a
2149 853 2248 906 deo

703 962 925 1022 peteret,
949 964 1294 1019 praeterquam
1318 966 1346 1001 a
1371 963 1512 1016 rege,
1549 949 1601 1001 in
1629 949 1797 1000 lacum
1826 947 2038 1000 leonum
2068 943 2249 1010 injice-

707 1053 873 1096 retur.
902 1042 1016 1108 Quo
1060 1041 1226 1104 facto,
1265 1054 1382 1092 cum
1421 1040 1791 1092 observassent
1837 1037 2102 1089 Danielem
2134 1049 2250 1102 pre-

705 1127 815 1178 cari
832 1127 1014 1189 Deum,
1044 1125 1213 1192 ipsum
1240 1121 1639 1183 calumniantur,
1671 1128 1963 1189 coguntque
1993 1131 2164 1186 regem
2186 1116 2250 1169 ad

707 1215 1044 1285 injiciendum
1072 1214 1218 1266 illum
1251 1214 1302 1264 in
1347 1213 1537 1264 lacum.
1583 1211 1711 1264 Cum
1754 1209 2021 1276 injecisset
2048 1215 2246 1266 autem,

713 1308 801 1362 ubi
832 1314 1009 1376 postea
1030 1306 1248 1358 accessit
1275 1313 1327 1356 et
1351 1303 1557 1356 salvum
1587 1301 1799 1368 reperit,
1827 1299 1970 1351 illum
2015 1296 2192 1351 eduxit
2218 1311 2249 1349 e

707 1394 861 1448 lacu:
901 1394 1018 1446 illos
1056 1401 1225 1445 autem
1260 1391 1345 1459 qui
1389 1390 1558 1456 ipsum
1589 1389 1638 1440 in
1669 1388 1836 1440 lacum
1869 1385 2007 1452 injici
2038 1397 2253 1438 curave-

713 1491 832 1536 rant
861 1496 981 1534 cum
1012 1462 1262 1534 uxoribus
1292 1478 1554 1546 perdidit,
1607 1475 1840 1529 leonibus
1867 1474 2119 1541 objectos.
2152 1473 2252 1524 De-

716 1581 1020 1638 cretumque
1068 1567 1446 1637 promulgavit,
1477 1575 1531 1618 ut
1558 1579 1741 1618 omnes
1787 1565 1948 1618 Deum
1987 1563 2251 1615 timerent.

725 1662 875 1716 Vidct
906 1662 1127 1714 ferarum
1158 1658 1430 1718 visionem,
1465 1671 1556 1723 per
1579 1656 1814 1717 leaenam,
1853 1666 2068 1722 regnum
2094 1650 2256 1718 Assy-

717 1753 931 1813 riorum,
964 1763 1055 1817 per
1081 1761 1278 1811 ursum,
1314 1744 1577 1797 Medorum
1606 1753 1658 1797 et
1689 1743 1984 1804 Persarum,
2015 1755 2108 1808 per
2138 1754 2256 1807 par-

714 1841 861 1902 dum,
890 1836 1249 1898 Macedonum,
1279 1849 1369 1901 per
1397 1841 1634 1900 quartam
1663 1830 1844 1893 feram,
1876 1830 2253 1882 Romanorum.

720 1930 1044 1982 Vaticinatur
1070 1927 1225 1979 etiam
1257 1925 1321 1977 de
1348 1923 1578 1987 Christo,
1602 1930 1654 1975 et
1698 1921 1763 1974 de
1791 1918 2049 1973 Antiocho
2071 1918 2253 1985 impio.

726 2020 821 2072 llic
846 2020 984 2071 enim
1012 2026 1090 2070 est
1112 2031 1273 2069 cornu
1291 2028 1522 2082 parvum,
1541 2011 1678 2081 quod
1702 2011 1930 2064 excussit
1949 2010 2042 2063 tria
2060 2008 2254 2077 priora.

729 2110 1044 2162 Vaticinatur
1068 2105 1326 2175 quomodo
1354 2103 1644 2157 Alexander
1666 2101 1876 2154 Macedo
1905 2114 2119 2168 regnum
2135 2099 2258 2152 Per-

723 2213 897 2251 sarum
937 2196 1123 2258 solvit;
1153 2195 1367 2248 arietem
1393 2193 1570 2246 dicens
1597 2207 1772 2258 regem
1796 2190 2068 2244 Persarum
2093 2229 2110 2256 ,
2153 2189 2259 2242 hir-

721 2303 838 2341 cum
870 2285 1220 2339 Alcxandrum
1268 2283 1620 2335 Macedonem.
1672 2281 1860 2334 Ultima
1888 2281 2016 2333 visio
2071 2280 2155 2332 hic
2196 2279 2260 2332 de

729 2377 909 2445 regina
932 2374 1096 2428 austri
1126 2373 1313 2427 dicitur
1334 2374 1384 2425 in
1420 2373 1553 2425 libro
1577 2362 1989 2424 Machabzeorum
2022 2370 2257 2439 reperiri.

718 2467 902 2520 Belum
932 2464 1128 2518 decutit
1168 2472 1219 2516 et
1258 2462 1538 2515 draconem
1569 2460 1794 2526 occidit;
1842 2460 1893 2513 in
1936 2461 2102 2514 lacum
2144 2474 2262 2528 pro-

721 2557 894 2611 iicitur
944 2564 998 2607 et
1042 2563 1316 2615 servatur,
1368 2560 1420 2603 et
1463 2551 1549 2618 qui
1602 2550 1651 2602 in
1699 2563 1851 2602 causa
1904 2558 2082 2615 erant,
2125 2548 2263 2616 quod

717 2644 988 2711 conjectus
1023 2641 1244 2704 fuisset,
1290 2639 1593 2707 injiciuntur
1631 2647 1687 2693 et
1733 2638 2048 2692 devorantur
2083 2652 2112 2690 a
2157 2637 2265 2690 leo—

724 2734 896 2786 uibus.

1419 2853 1564 2891 OSEE.

793 2954 1011 3009 Jubetnr
1040 2954 1275 3021 accipere
1299 2965 1512 3006 uxorem
1543 2950 1890 3014 meretricem,
1917 2958 1970 3002 ct
1996 2958 2266 3002 nascentes

722 3045 947 3100 infantes
970 3059 1158 3096 vocare
1186 3041 1404 3105 Jezrael,
1441 3038 1557 3092 Non
1583 3040 1964 3092 miscricordiam
1998 3055 2267 3107 consequu-

725 3147 846 3201 tam,
875 3144 928 3189 et
959 3134 1073 3186 Non
1101 3134 1313 3202 populus
1342 3148 1475 3184 meus
1529 3131 1678 3198 (Osee
1721 3133 1770 3183 i.
1806 3132 1858 3183 4.
1891 3132 1941 3183 6.
1973 3130 2048 3198 9).
2081 3131 2145 3182 Et
2177 3145 2264 3183 ac-

722 3234 872 3280 cusat
913 3225 1155 3292 populum
1194 3223 1257 3275 de
1288 3221 1646 3283 fornicatione,
1678 3220 2010 3288 przedicitque
2050 3219 2118 3271 illi
2148 3235 2266 3286 per-

723 3315 945 3376 niciem,
996 3322 1049 3364 et
1103 3326 1229 3379 opes
1283 3311 1532 3379 quasdam
1598 3318 1714 3377 post
1777 3310 2080 3376 perniciem.
2139 3308 2268 3362 Illud

721 3413 918 3463 autem,
954 3401 1223 3468 Disponam
1251 3408 1587 3452 testamentum
1615 3415 1725 3450 cum
1753 3399 1914 3450 bestiis
1943 3395 2051 3466 agri
2069 3439 2083 3462 ,
2107 3408 2152 3450 et
2182 3399 2265 3450 de‘

723 3489 968 3559 sponsalia
988 3489 1038 3540 in
1067 3488 1163 3553 fide
1191 3487 1337 3554 (Osee
1366 3487 1419 3538 2.
1455 3487 1563 3553 18),
1590 3495 1759 3554 potest
1783 3486 1946 3553 accipi
1965 3486 2029 3538 de
2054 3485 2272 3538 creden-

724 3581 864 3634 tibus
897 3581 947 3632 in
977 3579 1260 3631 Christum.
1294 3577 1512 3630 Jubetur
1536 3577 1772 3644 accipere
1803 3591 2017 3628 uxorem
2045 3575 2270 3627 fornica-

724 3672 876 3735 riam,
922 3669 1217 3723 Judmorum
1263 3667 1640 3720 desolationem
1684 3665 1975 3727 declarans,
2029 3666 2271 3732 ipsosque

726 3767 941 3813 accusat
965 3758 1030 3811 de
1058 3757 1232 3809 multis
1259 3756 1561 3823 magnisque
1591 3753 1836 3822 peccatis,
1872 3761 1974 3806 tant
2003 3755 2270 3821 populum,

728 3862 885 3914 quam
914 3845 1231 3900 sacerdotes.
1259 3844 1577 3897 Criminatur
1607 3857 1812 3910 quoque
1841 3856 2021 3896 eomm
2052 3841 2273 3894 ebrieta-

728 3949 852 4001 tctn,
873 3935 1282 3997 fornicationem,
1308 3941 1360 3986 et
1381 3931 1717 3985 iracundiam.
1742 3931 1947 3983 incusat
1963 3930 2097 3998 quod
2126 3944 2271 3996 spem

727 4039 754 4077 a
787 4025 892 4077 Deo
921 4021 1310 4086 transferentes,
1335 4021 1384 4074 in
1413 4021 1654 4089 Assyrios
1675 4020 2006 4084 contulerint,
2029 4027 2082 4072 et
2109 4018 2270 4087 ngy-

729 4115 848 4182 ptiis
886 4113 1069 4164 confisi
1109 4111 1232 4163 sint.
1283 4110 1707 4177 Vaticinaturque
1735 4109 1811 4161 eis
1841 4108 2108 4162 ultionem.
2145 4109 2275 4161 Dicit

729 4203 1067 4272 Ephraimum
1093 4215 1211 4253 cum
1242 4216 1333 4267 per
1363 4202 1549 4252 auxilia
1579 4200 1675 4252 sibi
1709 4200 1932 4266 praestita
1965 4198 2112 4251 fortis
2148 4213 2274 4251 eva-

727 4296 916 4358 sisset,
965 4292 1121 4345 rebus
1167 4289 1408 4344 secundis
1457 4291 1587 4342 citra
1642 4288 1888 4340 decorum
1938 4303 2085 4340 usum
2134 4303 2272 4340 esse.

727 4384 965 4439 Ostendit
996 4384 1130 4436 Deus
1171 4396 1316 4435 suam
1360 4382 1497 4434 circa
1552 4381 1807 4434 lsraelitas
1850 4381 2272 4441 sollicitudinem,

730 4475 1041 4540 illorumque
1074 4486 1194 4539 erga
1222 4487 1279 4525 se
1310 4471 1564 4539 ingratum
1609 4471 1839 4523 animum
1885 4487 1896 4522 :
1930 4479 1982 4523 et
2012 4470 2277 4523 calamita-

729 4573 805 4616 tes
837 4561 962 4629 ipsis
987 4560 1237 4630 prazdicit.

1430 4683 1570 4724 JOEL.

799 4802 1202 4868 Corruptionem
1234 4799 1493 4853 fructuum
1525 4808 1679 4853 terra:
1718 4809 1912 4865 narrat,
1953 4809 2006 4853 et
2044 4798 2280 4854 hortatur

730 4901 786 4944 ut
814 4892 976 4944 Deum
1017 4890 1114 4942 sibi
1147 4890 1425 4956 propitium
1467 4890 1707 4942 reddant.
1752 4891 2072 4944 Vaticinatur
2099 4905 2281 4943 ascen-

730 4997 846 5036 sum
876 4982 1074 5049 Assyrii
1110 5000 1120 5034 :
1157 4988 1333 5047 postea
1358 4995 1480 5033 vero
1508 4981 1640 5034 bona
1668 4982 1908 5048 quaedam
1942 4981 2274 5048 praenuntiat.

732 5069 881 5135 Quod
907 5068 1153 5136 apostolis
1194 5067 1383 5122 accidit
1421 5069 1559 5120 circa
1589 5069 1758 5121 varias
1788 5070 1988 5138 linguas
2024 5070 2277 5136 praedicit.

729 5159 1054 5211 Vaticinatur
1084 5158 1237 5209 etiam
1266 5157 1497 5225 gentium
1528 5157 1833 5224 perniciem,
1878 5173 1992 5225 quae
2021 5167 2135 5224 post
2159 5159 2278 5210 red-

729 5251 857 5302 itum
884 5265 951 5302 cx
981 5247 1242 5316 Babylone
1268 5249 1362 5300 sub
1389 5246 1712 5301 Zorobabele
1740 5248 1973 5316 contigit.
2003 5247 2098 5302 llic
2128 5263 2282 5317 porro

728 5338 876 5392 locus
899 5338 1201 5405 allegoriam
1236 5337 1482 5390 continet.

1437 5482 1568 5520 AIOS

801 5573 1042 5628 Prmdicit
1086 5573 1382 5640 iniquitates
1437 5575 1710 5640 Damasci,
1759 5578 1930 5642 Cazre,
1974 5579 2118 5649 Tyri,
2162 5581 2281 5633 ldu-

732 5675 1004 5729 niatorum,
1032 5660 1462 5729 Ammanitarum,
1493 5661 1849 5731 Moabitarum,
1875 5665 2018 5722 Judtc
2046 5678 2094 5722 et
2116 5669 2279 5725 Israe-

1390 395 1448 451 S.
1488 393 1757 451 JOANNIS
1780 385 2248 448 CHRYSOSTOMI
2288 385 2597 444 ARCHIEP.
2638 391 3168 451 CONSTANTINOP.

3800 419 3902 474 384

2352 500 2436 566 lis,
2466 511 2518 555 et
2539 519 2722 573 ptenas
2746 521 2862 575 qua:
2897 508 3012 563 illos
3049 516 3343 576 exceptum
3381 517 3521 564 sunt.
3553 509 3918 567 Numerantur-

2350 591 2598 645 beneficia
2625 608 2652 646 a
2681 596 2786 648 Deo
2816 596 2868 648 in
2903 596 3112 650 Iudaeos
3136 597 3348 662 collata,
3388 600 3701 670 illorumque
3735 602 3896 670 negli-

2349 683 2522 747 gentia
2583 690 2637 736 et
2711 694 3088 754 contemptus,
3129 694 3285 754 atque
3312 701 3562 743 aerumnae
3621 703 3738 758 qua:
3785 691 3897 744 illos

2351 780 2673 837 exspectant.
2708 773 2948 828 Praedicit
2993 776 3130 829 circa
3174 776 3421 830 mulieres
3463 775 3740 843 Samariaa,
3787 779 3899 832 illas

2351 858 2615 913 ebrietatis
2661 872 2714 913 et
2751 864 2947 929 rapinae.
2983 877 3254 919 accusans.
3285 864 3605 920 Vaticinatur
3633 866 3820 921 famem
3849 878 3900 922 et

2351 945 2744 1001 dissolutionem
2775 965 2837 1002 eo
2865 951 3003 1018 quod
3042 966 3145 1004 non
3188 961 3634 1019 converterentur,
3675 965 3726 1010 et
3762 957 3900 1025 quod

2354 1037 2528 1088 multis
2558 1036 2729 1090 affecti
2764 1038 2931 1106 plagis
2955 1055 3057 1094 non
3098 1043 3342 1096 meliores
3368 1044 3670 1098 evaderent.
3697 1044 3902 1099 Incusat

2355 1121 2628 1189 lsraelcm,
2678 1126 2814 1193 quod
2869 1142 2961 1180 eos
3009 1130 3094 1196 qui
3143 1144 3200 1183 se
3253 1130 3634 1201 redarguebant
3681 1134 3904 1188 moleste

2356 1212 2595 1267 ferrent:
2636 1225 2688 1268 et
2715 1215 2951 1270 hortatur
2995 1227 3050 1271 ut
3092 1229 3458 1274 convertantur
3483 1222 3545 1275 ad
3588 1222 3771 1278 Deum.
3813 1224 3903 1278 lno

2355 1300 2582 1352 credulis
2617 1304 2962 1357 comminatur
2988 1304 3153 1358 futura
3185 1311 3338 1360 mala.
3370 1308 3443 1362 De
3471 1309 3574 1363 illis
3601 1325 3754 1378 porro
3784 1311 3856 1365 ait
3886 1330 3898 1363 :

2364 1387 2450 1440 Va:
2485 1391 2568 1457 qui
2592 1390 2872 1444 desiderant
2896 1392 3025 1446 diem
3053 1393 3253 1447 Domini
3284 1396 3465 1465 (Amor
3491 1398 3542 1452 5.
3573 1399 3636 1452 18
3658 1399 3700 1468 ).
3727 1400 3901 1468 Aliqui

2354 1494 2478 1531 vero
2514 1479 2562 1532 id
2592 1481 2885 1534 retulerunt
2922 1481 2987 1534 ad
3025 1481 3256 1538 futurum
3285 1485 3536 1552 judicium
3567 1504 3580 1539 :
3608 1498 3664 1542 ut
3689 1487 3900 1556 quidam

2357 1567 2738 1620 incredulorum
2766 1585 2903 1623 nunc
2929 1571 3106 1625 dicunt
3135 1589 3147 1625 :
3179 1573 3290 1627 Non
3330 1575 3431 1628 erit
3453 1576 3737 1643 judicium;
3763 1579 3901 1648 quod

2357 1658 2398 1707 si
2430 1657 2656 1709 futurum
2686 1665 2788 1723 est,
2817 1659 3009 1713 veniat.
3042 1660 3356 1730 Reprobatio
3383 1663 3632 1719 festorum
3672 1667 3900 1733 illorum,

2359 1745 2732 1800 sacrificiorum
2763 1758 2814 1801 et
2844 1752 3228 1816 psalteriorum.
3256 1753 3472 1808 Stellam
3517 1756 3600 1811 dei
3647 1758 3859 1826 ilaphan
3885 1762 3900 1791 ι

2357 1835 2636 1890 Saturnum
2665 1837 2792 1891 dicit
2838 1856 2850 1891 :
2901 1843 3141 1907 quoniam
3183 1845 3403 1910 gentiles
3445 1846 3526 1900 dei
3571 1848 3651 1900 sui
3695 1846 3904 1903 Saturni

2360 1926 2560 1978 stellam
2591 1941 2707 1980 esse
2735 1927 2913 1981 dicunt
2954 1932 3003 1981 in
3039 1931 3185 1997 cazlo,
3226 1948 3380 2000 quam
3423 1937 3577 1990 etiam
3625 1937 3902 1992 Saturnum

2360 2023 2564 2068 vocant.
2596 2017 2728 2069 Dicit
2755 2029 2950 2082 autem,
2983 2018 3124 2071 Num
3152 2022 3367 2075 victimas
3408 2035 3452 2077 et
3488 2028 3735 2094 sacriﬁcia
3761 2030 3902 2081 obtu-

2361 2103 2484 2154 listi;
2531 2104 2654 2155 milii
2687 2106 2832 2158 armis
2872 2106 3199 2176 quadraginta
3244 2109 3410 2178 (Amos
3451 2113 3504 2166 5.
3546 2114 3673 2184 25)?
3728 2116 3904 2186 Neque

2362 2194 2499 2245 enim
2538 2197 2756 2262 populus
2786 2196 2990 2259 obtulit,
3037 2199 3128 2251 sed
3172 2201 3268 2252 soli
3301 2203 3576 2272 principes,
3606 2219 3724 2259 cum
3765 2209 3907 2261 stetit

2365 2284 2774 2337 tabernaculum.
2804 2285 2896 2338 llic
2922 2286 2989 2339 de
3020 2295 3127 2341 toto
3159 2291 3347 2357 populo
3392 2293 3638 2360 loquitur.
3685 2297 3906 2350 Accusat

2362 2375 2516 2427 etiam
2547 2375 2661 2428 illos
2691 2375 2756 2429 de
2787 2376 3131 2432 immoderato
3160 2380 3297 2445 cibo,
3339 2393 3392 2435 et
3427 2382 3748 2438 calamitates
3785 2386 3907 2454 ipsis

2367 2466 2618 2533 prredicit.
2652 2466 2751 2521 Per
2776 2468 3024 2525 locustas.
3068 2478 3121 2524 et
3158 2479 3544 2539 testamentum,
3587 2484 3641 2528 et
3665 2475 3907 2530 adaman-

2367 2563 2489 2618 tem,
2519 2569 2700 2607 eorum
2730 2571 2910 2611 necem
2934 2556 3277 2614 vaticinatur:
3302 2575 3524 2631 cumque
3549 2562 3661 2617 bzec
3689 2566 3908 2619 Amesize

2365 2646 2473 2711 regi
2507 2646 2869 2712 signiﬁcasset,
2903 2648 2987 2702 hic
3013 2650 3318 2718 prophetam
3347 2653 3394 2706 vi
3421 2655 3613 2722 repulit
3640 2663 3694 2709 et
3720 2656 3907 2726 abegit.

2367 2732 2458 2787 llle
2483 2749 2606 2788 vero
2633 2736 2729 2804 ipsi
2756 2745 2809 2790 et
2843 2739 3032 2806 populo
3071 2740 3205 2793 mala
3246 2742 3495 2810 przcdicit.
3537 2744 3602 2798 Et
3643 2746 3786 2799 videt
3823 2761 3910 2800 vas

2367 2828 2613 2892 aucupis;
2645 2842 2738 2893 per
2761 2827 2858 2882 hoc
2884 2839 3056 2882 autem
3085 2829 3224 2898 ipsos
3249 2833 3532 2900 capiendos
3557 2849 3675 2890 esse
3697 2835 3906 2890 indicat.

2370 2912 2669 2980 lniquitates
2709 2924 2762 2968 et
2809 2915 3080 2970 violentias
3119 2932 3298 2972 eorum
3336 2931 3626 2988 enumerat,
3677 2933 3731 2978 et
3781 2926 3910 2977 mala

2372 3001 2511 3068 ipsos
2530 3004 2789 3056 invasura.
2811 3004 2940 3058 Illud
2963 3014 3134 3060 autem
3156 3023 3168 3060 :
3194 3007 3391 3063 Occidet
3415 3011 3490 3064 sol
3515 3013 3717 3066 meridie
3743 3013 3913 3081 (Amos

2369 3091 2421 3144 8.
2451 3089 2528 3158 9),
2560 3091 2625 3146 de
2654 3101 2884 3162 tempore
2913 3096 3170 3163 passionis
3192 3097 3384 3154 Christi
3415 3101 3742 3159 vaticinatur.
3772 3104 3913 3158 Prac-

2371 3180 2492 3235 dicit
2518 3183 2672 3235 etiam
2699 3183 2764 3237 de
2791 3184 3122 3239 credentibus
3153 3187 3203 3240 in
3229 3187 3511 3244 Christum.

3047 3312 3238 3351 ABDIAS.

2445 3402 2699 3457 Ultionem
2742 3405 2810 3460 de
2850 3406 3087 3460 ldumzeis
3123 3409 3425 3463 sumendam
3471 3410 3722 3478 praedicit,
3765 3428 3914 3482 quam

2373 3494 2599 3556 subiere,
2634 3495 2752 3560 quia
2778 3509 2894 3548 cum
2921 3496 3135 3565 reliquis
3163 3497 3401 3554 hostibus
3427 3500 3733 3556 invaserunt
3757 3502 3916 3558 Israe-

2375 3579 2509 3633 litas.
2539 3581 2611 3635 De
2640 3581 2891 3636 Ecclesia.

3067 3709 3235 3750 JONAS.

2445 3804 2600 3859 Jonas
2637 3805 2890 3874 propheta
2928 3817 3104 3861 narrat
3131 3808 3302 3877 fugam
3344 3810 3395 3863 in
3435 3809 3668 3874 Tharsis,
3713 3821 3914 3884 tempe-

2375 3904 2583 3960 statem,
2608 3897 2912 3965 deglutitum
2939 3913 2994 3953 se
3018 3912 3046 3950 a
3067 3907 3202 3963 ceto,
3225 3908 3280 3954 et
3298 3899 3538 3968 ejectum,
3561 3902 3917 3969 paenitentiam

2376 3983 2740 4046 Ninivitarum.
2795 3996 3053 4041 servatam
3099 3988 3443 4054 cucurbitam,
3492 4001 3822 4048 crescentem
3873 4001 3920 4047 et

2375 4084 2678 4140 pereuntem
2709 4077 3091 4146 complectitur.

3021 4222 3274 4264 IllCHAIAS.

2449 4344 2696 4397 Futuram
2750 4344 3123 4398 desolationem
3179 4345 3426 4398 Samaria:
3481 4351 3535 4399 et
3586 4343 3922 4415 Jerosolynta:

2379 4433 2632 4500 praedicit,
2665 4447 2978 4502 causamque
3005 4433 3200 4502 adjicit.
3232 4434 3507 4502 Subjungit
3547 4435 3706 4488 etiam
3747 4448 3919 4488 eorum

2380 4523 2602 4575 reditum
2629 4538 2692 4575 ex
2720 4523 3005 4593 Babylone,
3045 4524 3262 4577 crimina
3301 4531 3356 4577 et
3381 4524 3743 4578 accusationes
3783 4525 3921 4593 prin-

2383 4613 2555 4680 cipum
2594 4612 2769 4680 papuli
2797 4623 2849 4666 et
2878 4613 3227 4676 sacerdotum,
3253 4623 3412 4680 atque
3450 4612 3923 4681 pseudopropheta-

2382 4720 2516 4758 rum.
2555 4705 2624 4757 De
2653 4704 2883 4758 Ecclesia
2912 4705 3158 4758 credente
3197 4706 3249 4757 in
3289 4704 3562 4758 Dominum
3589 4712 3847 4765 nostrum,
3878 4709 3924 4754 et

2382 4793 2444 4846 de
2469 4791 2614 4845 Novo
2640 4793 2973 4846 Testamento
3001 4809 3013 4845 :
3039 4807 3156 4846 nam
3181 4795 3319 4860 prior
3334 4793 3414 4846 lex
3435 4792 3762 4860 prmteritura
3785 4800 3920 4845 erat:

2383 4891 2434 4934 et
2475 4881 2539 4934 de
2587 4897 2731 4949 pace.
2779 4881 2906 4934 Mala
2953 4896 3159 4936 rursum
3203 4880 3398 4938 Judaeis
3444 4881 3818 4950 pmdicuntur.
3859 4881 3924 4932 Dc

2384 4970 2573 5023 Christi
2599 4971 2889 5025 secundum
2913 4985 3120 5023 carnem
3154 4971 3508 5040 generatione,
3547 4978 3599 5026 et
3637 4971 3705 5025 de
3746 4971 3809 5023 iis
3847 4969 3924 5036 qui

2387 5061 2436 5111 in
2466 5060 2630 5127 ipsum
2659 5060 2904 5113 credituri
2933 5069 3070 5112 sunt.
3104 5059 3169 5113 Et
3192 5061 3280 5112 erit
3301 5061 3548 5114 residuum
3568 5059 3728 5113 Jacob
3750 5058 3922 5127 (Mida.

2386 5151 2436 5204 5.
2468 5151 2517 5218 7)
2553 5169 2562 5202 :
2589 5149 2725 5217 quod
2754 5150 2826 5202 ait
2852 5149 3040 5202 Paulus
3080 5152 3368 5217 apostolus,
3399 5150 3545 5214 Quod
3586 5151 3813 5202 relictum
3846 5150 3924 5199 erit

2386 5241 2650 5293 salvabitur
2681 5239 2851 5306 (Rom.
2900 5239 2950 5291 9.
2990 5240 3100 5306 27).
3127 5239 3385 5293 Iudicium
3424 5238 3642 5292 Domino
3685 5237 3925 5290 adversus

2388 5331 2630 5398 populum
2660 5345 2833 5395 suum,
2862 5339 2914 5381 et
2941 5329 3313 5383 beneficiorum
3339 5329 3452 5398 ejus
3474 5329 3822 5386 enumeratio,
3852 5341 3922 5378 re-

2449 5463 2463 5492 ¹
2500 5461 2553 5508 In
2599 5460 2715 5508 Edit.
2763 5467 2921 5518 noun,
2968 5458 3212 5522 Raipltan,
3253 5458 3452 5523 legitur.
3496 5458 3552 5508 In
3581 5459 3810 5508 ttelnieo
3845 5465 3925 5539 ττι

2387 5554 2686 5612 exprimitur.
2714 5554 3020 5613 meronymus
3042 5562 3158 5600 vero
3176 5557 3350 5602 CtthN.
3388 5551 3632 5613 ahenea:
3655 5561 3845 5613 quoque
3865 5547 3924 5594 di-

2385 5609 2578 5662 cit'esse
2601 5620 2862 5668 Saturnum,
2889 5609 2941 5659 ut
2962 5611 3359 5672 Chrysostomns._
3385 5609 3437 5658 In
3472 5609 3577 5660 Act.
3608 5609 3926 5672 Apostownttu

2391 5676 2581 5738 legitur,
2607 5674 2654 5733 7,
2678 5674 2753 5733 43,
2778 5674 2915 5725 sidus
2935 5671 3014 5723 dei
3035 5669 3175 5722 mm
3200 5669 3469 5732 Rempltam.
