4096 6476
671 410 781 466 385
1314 400 1371 452 S.
1424 398 1704 456 JOANNIS
1743 392 2226 453 CIIRYSOSTOSII
2258 388 2576 447 ARCHIEP.
2623 388 3164 448 CONSTANTINOP.

679 503 982 565 ἀπόστολος,
1023 502 1094 556 Τὸ
1115 506 1543 576 ἐγκατάλειμμα
1571 510 1921 576 σωθήσεται.
1942 506 2133 577 Κρίσις
2146 505 2223 578 τῷ

683 582 863 652 Κυρίῳ
889 585 1021 654 πρὸς
1039 586 1128 637 τὸν
1152 586 1274 638 λαὸν
1297 589 1481 651 αὑτοῦ,
1516 592 1607 641 καὶ
1634 590 1739 642 τῶν
1766 589 2084 658 εὐεργεσιῶν
2124 589 2222 641 αὑ·
2403 585 2536 656 Περὶ
2559 587 2657 655 τῆς
2673 583 2764 638 τοῦ
2790 584 2925 637 Θεοῦ
2952 586 3231 655 δυνάμεως
3256 584 3556 653 διαλέγεται
3572 597 3588 613 ⁸
3619 584 3751 654 περὶ
3782 584 3898 638 τῶν

677 664 770 716 τοῦ
818 665 1211 735 ἀπαρίθμησις,
1246 670 1340 719 καὶ
1373 671 1697 741 παραίτησις
1734 670 1949 723 θυσιῶν.
2007 668 2226 723 Ἀποδύ-
2331 666 2640 719 ἀποστόλων
2670 667 2942 738 προλέγει.
2990 667 3316 737 Προστίθησι
3356 666 3411 719 δὲ
3438 666 3531 719 καὶ
3565 664 3665 734 τὴν
3713 665 3898 719 ἄνοδον

683 762 829 812 ρεται
854 747 882 798 ὁ
903 748 1181 816 προφήτης
1207 749 1281 811 ὼς
1297 750 1404 801 τῶν
1432 751 1651 803 δικαίων
1678 752 1768 804 καὶ
1783 751 1999 818 ἀγαθῶν
2023 750 2226 821 ἀνδρῶν
2334 748 2683 801 Βαϐυλωνίων
2716 749 2854 801 κατὰ
2891 749 3180 801 Νινευῖτῶν
3230 748 3565 818 κατακράτος
3617 748 3899 817 αίχμαλω-

683 825 1052 881 ἐκλειπόντων.
1082 830 1192 881 Καὶ
1216 831 1347 898 πρὸς
1375 831 1453 899 τῷ
1489 832 1630 884 τέλει
1664 832 1800 901 μετὰ
1842 833 1906 885 τὸ
1942 832 2227 899 ἐγκαλέσαι
2336 830 2473 882 σίαν.
2492 830 2653 897 Λέγει
2674 830 2731 882 δὲ
2758 831 2849 883 καὶ
2873 831 2969 898 τὴν
2984 830 3205 900 δύναμιν
3229 830 3396 901 αὑτῆς
3425 828 3627 883 καὶτὸν
3646 829 3900 896 πλοῦτον,

682 907 773 959 καὶ
794 908 1081 979 ἀπειλῆσαι
1112 913 1394 982 συμφοράς
1426 914 1686 984 μεγάλας,
1704 912 1913 983 χρηστὰ
1934 913 2233 984 προμηνύει
2336 911 2395 965 δν
2418 906 2529 979 εἶχε
2560 912 2687 982 πρὶν
2711 912 3234 981 αίχμαλωτευθῆναι.

680 985 758 1053 τῷ
794 988 1024 1063 Ἰσραήλ,
2646 992 2799 1060 Ἕως
2823 988 2936 1046 ὦδε
2964 989 3086 1062 εἶχε
3118 994 3183 1047 τὸ
3205 995 3587 1065 ἀντίγραφον.

3789 400 3902 453 386

2994 504 3215 573 Ναούμ.

2093 1644 2465 1711 MONITUM

746 1896 889 1951 inter
916 1897 1101 1964 spuria
1146 1894 1427 1951 Athanasii
1456 1910 1620 1966 opera
1655 1890 1941 1951 Homiiiam
1982 1896 2227 1953 dedimus

2353 1937 2366 1950 .
2402 1892 2526 1963 410,
2569 1898 2725 1968 cujus
2764 1897 2976 1952 initium
3027 1906 3111 1955 est
3151 1899 3357 1967 Grazce,
3392 1902 3705 1976 Μυστήριον
3750 1905 3901 1970 ξένον

672 2010 875 2082 βλέπω,
900 2019 1001 2075 hoc
1026 2034 1126 2087 est,
1159 2023 1462 2093 Mystermm
1491 2040 1676 2077 novum
1706 2023 1852 2075 video
1875 2060 1890 2085 ,
1920 2035 2040 2075 cum
2080 2019 2240 2084 titulo1

2349 2020 2389 2081 ίς
2426 2018 2523 2089 τὴν
2551 2019 2802 2090 γέννησιν
2846 2022 2940 2075 τοῦ
2976 2023 3231 2093 Χριστοῦ,
3268 2024 3370 2078 hoc
3417 2033 3535 2088 est,
3565 2020 3628 2077 In
3677 2040 3903 2096 genera-

676 2134 865 2189 tionem
893 2139 1105 2197 Christi.
1138 2142 1351 2197 Initium
1390 2157 1553 2211 porro
1599 2140 1725 2194 illud
1769 2139 1999 2210 idipsum
2042 2147 2124 2193 est
2154 2138 2297 2206 quod
2329 2136 2525 2206 huius,
2560 2152 2680 2207 qure
2714 2137 3084 2209 Chrysostomi
3118 2137 3336 2193 nomine
3364 2138 3762 2205 circumfertur,
3798 2139 3903 2195 bo-

676 2246 831 2301 milia:
865 2264 877 2300 :
906 2265 1008 2306 nec
1035 2250 1242 2306 initium
1270 2255 1450 2318 modo,
1479 2252 1572 2307 sed
1607 2252 1766 2306 etiam
1801 2252 1900 2304 alia
1931 2266 2039 2304 non
2089 2265 2256 2320 pauca
2297 2249 2425 2305 hinc
2451 2257 2507 2303 et
2534 2248 2661 2303 inde
2695 2263 2761 2303 ex
2792 2250 2893 2303 hac
2928 2250 3145 2305 homilia
3192 2250 3466 2321 decerpsit
3510 2251 3573 2317 is,
3614 2250 3705 2321 qui
3753 2249 3905 2305 illam

673 2360 953 2415 Athanasii
991 2362 1210 2417 nomine
1241 2361 1653 2416 consarcinavit.
1703 2361 1827 2415 llaec
1861 2370 2039 2414 autem
2083 2360 2150 2415 de
2195 2374 2298 2429 qua
2335 2373 2479 2415 nunc
2514 2359 2724 2429 agimus
2770 2360 2989 2415 homilia
3020 2376 3137 2416 aevo
3173 2362 3477 2416 certissime
3530 2360 3903 2432 ειη-γεοειοωί

670 2474 871 2529 emissa
908 2473 1009 2531 fuit
1038 2490 1199 2528 :nam
1239 2474 1467 2544 Cyrillus
1500 2476 1635 2530 libro
1683 2476 1750 2528 ad
1793 2474 2044 2544 Reginas,
2066 2474 2157 2542 qui
2187 2473 2327 2527 inter
2360 2472 2647 2541 Ephesina:
2694 2472 2896 2544 Synodi
2935 2472 3069 2526 Acta
3110 2487 3272 2529 cusus
3312 2473 3474 2528 etiam
3508 2474 3797 2543 reperitur,
3832 2488 3903 2528 ex

674 2591 775 2647 hac
820 2593 1038 2647 homilia
1083 2593 1326 2662 quaedam
1377 2592 1746 2662 Chrysostomi
1796 2589 2012 2645 nomine
2068 2588 2275 2659 profert
2332 2588 2657 2655 testimonia,
2709 2603 2937 2657 quorum
2990 2588 3224 2656 primum
3275 2586 3361 2643 his
3415 2588 3596 2643 verbis
3635 2587 3900 2643 effertur:

680 2726 700 2758 ι
731 2707 953 2761 Joannis
1009 2707 1247 2776 episcopi
1297 2705 1877 2774 Constantinopolitani
1931 2706 1998 2759 de
2051 2703 2229 2758 divina
2276 2704 2641 2776 generatione.
2677 2722 2696 2755 ι
2757 2702 3017 2765 Loquitur
3065 2711 3245 2757 autem
3304 2702 3372 2758 de
3421 2711 3608 2759 sancta
3657 2700 3900 2771 Virgine.

675 2841 699 2877 ι
733 2823 875 2877 Loco
910 2822 1061 2887 solis,
1102 2821 1295 2890 inquit,
1346 2820 1568 2891 iustitiae
1606 2820 1784 2875 solem
1832 2821 2295 2892 incircumscripte
2329 2821 2603 2891 complexa
2640 2820 2761 2874 fuit.
2812 2821 2889 2874 Ae
2926 2834 2996 2874 ne
3027 2834 3235 2889 quaras
3283 2818 3585 2888 quomodo;
3615 2819 3707 2874 ubi
3754 2820 3906 2873 enim

672 2934 787 2988 vult
829 2933 1003 2995 Deus,
1055 2929 1128 2982 ibi
1176 2937 1386 2984 naturae
1434 2930 1567 2983 ordo
1596 2929 1852 2984 vincitur.
1900 2929 2082 2984 Voluit
2128 2930 2292 2997 enim,
2330 2931 2525 3001 potuit,
2567 2930 2867 2996 descendit,
2920 2929 3174 2994 salvavit;
3216 2930 3400 2984 omnia
3444 2932 3536 2986 Dei
3593 2942 3786 2987 nutum
3814 2947 3908 2988 se.

673 3052 932 3113 quuntur.
980 3042 1151 3096 Hodie
1178 3040 1270 3110 qui
1300 3047 1384 3095 est
1434 3041 1696 3111 gignitur,
1742 3052 1796 3095 et
1827 3041 1919 3110 qui
1949 3051 2066 3108 est,
2116 3041 2175 3097 fit
2202 3042 2255 3098 id
2291 3044 2433 3113 quod
2464 3058 2573 3097 non
2627 3051 2773 3105 erat;
2816 3057 2939 3094 nam
2981 3056 3103 3095 eum
3136 3041 3277 3096 Deus
3309 3051 3473 3107 esset,
3513 3042 3573 3097 ﬁt
3602 3044 3796 3111 homo;
3828 3044 3906 3098 ab

671 3172 737 3212 ea
767 3169 969 3220 tamen,
995 3172 1155 3225 quam
1185 3155 1446 3220 habebat,
1478 3155 1675 3211 deitate
1708 3172 1815 3211 non
1865 3157 2080 3211 excidit.
2112 3156 2297 3227 Neque
2327 3157 2471 3212 enim
2501 3172 2622 3212 cum
2665 3157 2883 3211 deitalis
2918 3157 3127 3225 jactura
3174 3154 3347 3211 factus
3392 3162 3475 3212 est
3505 3156 3691 3222 homo,
3722 3173 3908 3228 neque

675 3286 772 3341 per
794 3270 1089 3341 proiectum
1129 3286 1194 3325 ex
1220 3271 1440 3326 homine
1472 3270 1645 3326 factus
1680 3281 1764 3327 est
1802 3272 1981 3328 Deus:
2010 3273 2105 3328 sed
2139 3271 2282 3328 Deus
2317 3271 2583 3330 exsistens
2628 3281 2849 3342 propter
2878 3270 3388 3342 impassibi‘litatem,
3432 3287 3558 3328 caro
3590 3272 3765 3330 iactus
3797 3284 3907 3342 est,

1239 3866 1343 3931 Εἰς
1370 3865 1437 3919 τὸ
1476 3860 1783 3936 γενέθλιον
1843 3870 1949 3923 τοῦ
2002 3867 2269 3938 Σωτῆρος
2312 3866 2479 3939 ἡμῶν
2546 3869 2738 3937 Ἰησοῦ
2770 3871 3059 3941 Χριστοῦ,
3104 3875 3354 3944 Λόγος-ι.

752 4371 1063 4444 Μυστήριον
1102 4370 1248 4436 ξένον
1276 4368 1368 4423 καὶ
1409 4367 1704 4438 παράδοξον
1747 4368 1958 4437 βλέπω·
1987 4368 2237 4438 ποιμένες

683 4469 786 4523 μου
807 4456 1121 4525 περιηχοῦσι
1154 4453 1223 4505 τὰ
1251 4446 1382 4513 ὦτα,
1408 4452 1507 4504 οὑκ
1536 4450 1737 4520 ἔρημον
1767 4449 1887 4519 (sic)
1934 4448 2237 4518 συρίζοντες

684 4536 864 4605 μέλος,
903 4536 1015 4587 ἀλλ’
1044 4535 1287 4605 οὐράνιον
1317 4533 1531 4603 ᾄδοντες
1570 4532 1757 4602 ὕμνον.
1795 4530 2045 4599 ’Ἄγγελοι
2086 4530 2240 4601 ᾄδου-

2343 4373 2601 4435 τίκτεται,
2635 4373 2725 4425 καὶ
2779 4375 2807 4426 ὁ
2861 4374 2935 4427 ὣν
2982 4374 3189 4441 γίνεται
3226 4376 3358 4449 ὅπερ
3408 4379 3505 4434 οὑκ
3545 4376 3643 4453 ἦν’
3676 4380 3751 4437 ὢν
3804 4387 3919 4457 γάρ

2345 4458 2495 4522 Θεὸς,
2526 4459 2732 4525 γίνεται
2770 4461 3072 4529 ἄνθρωπος,
3106 4463 3204 4515 οὑκ
3241 4465 3438 4530 ἐκστὰς
3467 4467 3557 4521 τοῦ
3590 4468 3727 4523 εἶναι
3754 4471 3913 4535 Θεός.

2347 4539 2478 4592 Οὑδὲ
2516 4540 2622 4609 γὰρ
2644 4542 2762 4593 κατ’
2792 4542 3043 4595 ἔκστασιν
3077 4543 3324 4616 θεότητος
3350 4549 3567 4617 γέγονεν
3599 4551 3911 4622 ἄνθρωπος,

682 4634 787 4680 σιν,
807 4617 1127 4686 άρχὰγγελοι
1163 4616 1469 4685 μέλπουσιν,
1505 4615 1661 4685 ὑμνεῖ
1688 4615 1754 4669 τὰ
1776 4613 2067 4685 Χερουϐὶμ,
2100 4613 2241 4678 δοξο·

680 4698 827 4766 λογεῖ
861 4699 930 4751 τὰ
977 4698 1243 4768 Σεραφὶμ,
1270 4698 1465 4759 πάντες
1507 4696 1818 4767 ἑορτάζουσι
1848 4695 1977 4747 Θεὸν
2010 4696 2100 4748 ἐπὶ
2141 4697 2241 4765 γῆς

681 4781 933 4850 δρῶντες,
965 4780 1058 4833 καὶ
1097 4779 1373 4848 ἄνθρωπον
1413 4779 1470 4831 ὲν
1498 4780 1773 4847 οὑρανοῖςο
1813 4776 1902 4830 τὸν
1940 4778 2049 4831 ἄνω
2094 4777 2243 4832 κάτω

679 4864 747 4916 δι’
770 4861 1097 4931 οἰκονομίαν,
1124 4860 1327 4913 καὶτὸν
1352 4859 1502 4912 κάτω
1524 4859 1634 4911 ἄνω
1661 4859 1746 4912 διὰ
1771 4859 2172 4929 φιλανθρωπίαν
2190 4860 2238 4913 ι’.

683 4943 933 5022 Σήμερον
971 4942 1216 5012 Βηθλεὲμ
1243 4941 1333 4993 τὸν
1370 4940 1590 5010 οὐρανὸν
1621 4942 1957 5011 ἐμιμήσατο·
1991 4941 2109 4993 ἀντὶ
2145 4942 2243 5010 μὲν

682 5026 926 5096 ἀστέρων
958 5024 1217 5093 ἀγγέλους
1240 5022 1539 5093 ὑμνοῦντας
1557 5023 1842 5092 δεξαμένη,
1872 5024 1991 5075 ἀντὶ
2011 5024 2066 5075 δὲ
2096 5024 2242 5093 ἡλίου

682 5108 774 5161 τὸν
821 5110 919 5177 τῆς
951 5104 1294 5174 δικαιοσύνης
1322 5103 1747 5173 ἀπεριγράπτως
1784 5106 2095 5174 χωρήσασα.
2137 5106 2243 5158 Καὶ

685 5189 762 5259 μὴ
787 5188 936 5257 ζήτει
966 5189 1108 5251 πῶς·
1140 5189 1269 5240 ὅπου
1302 5186 1409 5254 γάρ
1444 5185 1688 5255 βούλεται
1718 5186 1867 5251 Θεὸς,
1902 5187 2117 5239 νικᾶται
2146 5185 2247 5254 φύ-

686 5288 821 5333 σεως
875 5268 1042 5333 τάξις.
1107 5269 1409 5338 Ἠὅουλήθη
1475 5266 1603 5336 γὰρ,
1645 5266 1902 5337 ἠδυνήθη,
1956 5266 2241 5337 κατῆλθεν,

682 5355 853 5408 ισωσε
872 5370 885 5383 ·
920 5352 1190 5422 σύνδρομα
1217 5351 1287 5404 τὰ
1318 5352 1493 5404 πάντα
1538 5348 1614 5418 τῷ
1658 5349 1797 5418 Θεῷ.
1847 5351 2089 5420 Σήμερον
2115 5351 2142 5402 ὁ
2170 5348 2245 5402 ὢν

745 5552 772 5582 ι
794 5552 906 5617 Cod;
932 5552 1053 5617 Reg.
1089 5549 1537 5617 1833,Asic_Utuiu_m
1581 5548 1746 5606 habet,
1772 5549 1922 5611 Λόγος
1944 5550 2007 5605 εἰς
2048 5551 2101 5599 τὸ
2120 5554 2247 5613 γενέ-

681 5616 813 5675 θλιον
824 5611 908 5675 τοῦ
926 5611 1099 5675 Κυρίου
1126 5612 1203 5657 καὶ
1227 5611 1349 5657 Ε)εοῦ
1373 5611 1701 5675 καὶ-Σωτῆρος.

746 5676 772 5714 b
798 5673 913 5721 Haec
952 5670 1022 5719 sic
1040 5676 1349 5734 invertuntur
1372 5672 1422 5734 in
1453 5672 1574 5734 μοις.
1600 5670 1802 5734 raram
1822 5670 1952 5718 κάτω
1977 5672 2053 5719 διὰ
2086 5674 2247 5734 φιλαν-

682 5735 908 5799 θρωπίαν,
931 5735 1010 5779 καὶ
1034 5734 1113 5779 τον
1137 5732 1267 5778 κάτω
1285 5731 1380 5777 ἀνω
1406 5732 1463 5778 δι’
1490 5732 1772 5792 οἰκονομίαν.

2345 4622 2465 4674 οὑδὲ
2488 4622 2646 4674 πάλιν
2671 4622 2807 4676 κατὰ
2836 4626 3113 4696 προκοπὴν
3137 4628 3194 4694 ἑξ
3217 4630 3500 4700 ἀνθρώπου
3530 4636 3721 4701 γέγονε
3749 4636 3913 4698 Θεὸς·

2346 4704 2483 4787 άλλὰ
2512 4704 2681 4772 Λόγος
2701 4704 2796 4766 ὢν.
2840 4706 2927 4759 διὰ
2954 4706 3015 4760 τὸ
3043 4710 3250 4773 ἀπαθὲς
3276 4711 3411 4782 σὰρξ
3444 4713 3673 4781 ἐγένετο,
3707 4716 3917 4787 ἀμετα-

2348 4786 2542 4856 ϐλήτου
2576 4787 2839 4857 μενούσης
2874 4789 2973 4858 τῆς
3005 4790 3234 4859 φύσεως.
3274 4792 3410 4846 Ἀλλ’
3436 4796 3525 4849 ὅτε
3562 4796 3661 4867 μὲν
3690 4798 3914 4869 ἐτέχθη,

2361 4870 2594 4921 Ἰουδαῖοι
2646 4870 2901 4939 ἠρνοῦντο
2956 4872 3046 4924 τὸν
3079 4873 3226 4938 ξένον
3273 4876 3458 4941 τόκον,
3502 4878 3596 4931 καὶ
3626 4881 3918 4949 Φαρισαῖοι

2348 4954 2768 5022 παρηρμήνευον
2810 4954 2908 5016 τὰς
2944 4953 3093 5016 θείας
3138 4955 3378 5023 Βίδλους,
3419 4959 3512 5013 καὶ
3568 4966 3921 5033 γραμματεῖς

2351 5034 2642 5087 ὑπεναντία
2670 5033 2761 5085 τοῦ
2795 5035 2956 5103 νόμου
2984 5035 3222 5090 ἐλάλουν.
3260 5038 3501 5112 Ἡρώδης
3537 5042 3628 5097 τὸν
3656 5043 3921 5113 τεχθέντα

2350 5116 2549 5184 ἐζήτει,
2568 5116 2665 5183 οὑχ
2691 5116 2772 5167 ἴνα
2798 5117 2957 5168 αὑτὸν
2974 5119 3200 5191 τιμήσῃ,
3217 5120 3331 5173 ἀλλ’
3356 5122 3439 5175 ἵνα
3468 5123 3629 5178 αὑτὸν
3651 5124 3919 5198 ἀπολέσῃ.

2352 5200 2593 5267 Σήμερον
2619 5198 2723 5267 γὰρ
2754 5209 2775 5237 ε
2828 5198 3003 5250 πάντα
3026 5202 3315 5255 ὑπεναντία
3354 5202 3512 5259 εἶδον.
3547 5207 3668 5258 οὐκ
3698 5206 3921 5275 ἐκρύϐη

2352 5280 2481 5350 γὰρ,
2522 5281 2661 5332 κατὰ
2708 5281 2796 5334 τὸν
2840 5280 3143 5350 ψαλμῳδὸν,
3172 5282 3326 5358 [595]
3382 5286 3496 5340 ἀπὸ
3535 5286 3653 5340 τῶν
3695 5288 3922 5344 τέκνων

2353 5362 2548 5415 αὐτῶν
2574 5365 2657 5426 εις
2687 5362 2898 5429 γενεὰν
2922 5364 3145 5431 ἑτέραν.
3172 5368 3418 5434 Βασιλεῖς
3452 5370 3548 5440 μὲν
3592 5369 3698 5441 γὰρ
3734 5364 3921 5440 ἦλθον,

2353 5444 2441 5496 τὸν
2488 5445 2802 5513 ἐπουράνιον
2849 5443 3070 5513 βασιλέα
3118 5447 3506 5520 θαυμάζοντες,
3556 5452 3638 5504 ὅτι
3686 5452 3805 5516 πῶς
3832 5455 3926 5508 ἐπὶ

2354 5526 2455 5597 γῆς
2484 5522 2645 5595 ἦλθεν
2675 5526 2772 5580 οὑκ
2801 5528 3062 5596 ἀγγέλους
3111 5530 3268 5602 ἔχων,
3302 5532 3402 5586 οὐκ
3430 5532 3826 5603 ἁρχαγγέλους,
3861 5536 3924 5588 οὐ

2418 5737 2438 5765 ε
2471 5735 2619 5784 Savil.
2658 5736 2725 5785 δέ.
