4096 6540
253 514 363 567 385
1378 492 1442 546 ΙΝ
1482 490 1805 547 NATALEM
1841 490 2107 545 CHRISTI
2150 491 2331 544 DIEM.
3375 510 3485 563 386

1926 600 2115 668 Adjicit
2142 611 2317 655 autem
2349 601 2669 655 invasionem
2696 603 3100 673 Babyloniorum
3131 615 3311 658 contra
3344 607 3489 660 Nini-

1927 693 2080 753 vitas,
2112 691 2297 743 horum
2326 692 2707 757 captivitatem.
2737 693 2961 746 Enarrat
2985 697 3098 761 ejus
3129 697 3412 764 potentiam
3437 708 3490 751 et

1922 782 2148 848 divitias,
2181 797 2308 850 quas
2341 782 2520 834 habuit
2555 792 2839 850 antequam
2867 796 3167 853 caperetur.

249 606 594 683 probatioque
638 602 1035 658 sacriﬁciorum.
1063 602 1231 671 Luget
1266 602 1521 671 propheta
1555 602 1700 669 quasi
1728 601 1814 668 ju-

249 694 344 747 stis
374 703 427 746 et
455 693 607 746 bonis
636 694 764 747 viris
799 691 1186 746 deﬁcientibus.
1217 691 1280 744 Et
1309 692 1360 744 in
1391 693 1491 744 line
1520 700 1636 759 post
1660 705 1815 743 accu-

247 783 506 836 sationem
534 792 588 836 et
611 782 1073 836 comminationem
1102 796 1407 850 magnarum
1434 782 1811 841 calamitatum,

247 871 383 923 bona
413 874 728 939 praenuntiat
758 872 960 926 lsraeli-
2258 890 2513 945 Hactenus
2538 893 2792 960 exemplar
2819 892 3023 946 habebat
3052 894 3151 962 (η).

932 1014 1126 1055 manu.
1982 1021 2057 1090 (ιι)
2092 1027 2200 1070 Hzec
2215 1028 2291 1090 est
2312 1021 2489 1090 librarii
2530 1022 2713 1071 Codicis
2737 1022 3008 1090 Coisliniaui
3049 1034 3158 1073 nota
3194 1041 3285 1090 qua
3309 1030 3492 1090 signiti-

1920 1088 2054 1128 catur
2076 1093 2197 1141 opus
2220 1081 2552 1143 imperfectum
2577 1096 2705 1144 esse,
2733 1091 2784 1131 et
2808 1086 3057 1147 exemplar
3093 1081 3230 1134 suum
3256 1088 3337 1136 illo
3355 1081 3492 1138 desi-

320 1132 394 1186 De
421 1133 654 1201 potentia
700 1133 791 1187 Dei
835 1131 1046 1187 disserit
1093 1148 1107 1183 :
1156 1130 1224 1185 de
1268 1130 1521 1201 apostolis
1551 1131 1804 1200 prredicit.
1924 1153 2061 1189 nere.

972 1768 1080 1827 AD
1135 1763 1550 1826 HOMILIAM
1592 1763 1673 1822 IN
1728 1763 2108 1825 NATALEM
2164 1761 2476 1823 CHRISTI
2542 1765 2763 1825 DIEM.

255 2022 537 2077 immutata
590 2030 843 2075 manente
900 2030 1114 2075 natura.
1144 2039 1162 2072 ι
1202 2019 1297 2072 llis
1344 2032 1505 2087 porro
1560 2017 1839 2088 subiungit
1878 2019 1978 2072 alia
2027 2019 2304 2086 quaedam,
2347 2035 2465 2088 quae
2496 2035 2643 2072 num.
2684 2018 2718 2071 Ξ
2762 2020 3011 2087 leguntur
3051 2038 3063 2072 :
3106 2019 3203 2085 Qui
3256 2023 3311 2074 in
3352 2024 3483 2076 solio

253 2139 466 2191 καί)ίὶΜὶ
502 2139 844 2207 praecisoque
883 2138 1131 2200 considet,
1171 2138 1215 2189 is
1249 2136 1301 2187 in
1332 2136 1581 2204 pra'scpio
1620 2136 1867 2203 ponitur:
1907 2134 2281 2202 impalpabilis,
2318 2136 2559 2204 simplex,
2593 2136 2943 2202 incorporeus,
2972 2138 3213 2191 Immanis
3248 2138 3483 2190 manibus

255 2262 606 2306 contrectatur
629 2271 647 2307 :
672 2256 758 2324 qui
785 2264 1113 2324 peccatorum
1137 2252 1341 2305 vincula
1381 2252 1676 2318 disrumpit,
1732 2252 1908 2319 fasciis
1943 2252 2330 2320 constringitur.

328 2368 424 2421 llis
458 2370 762 2437 conspectis
814 2367 1132 2423 testimoniis
1179 2375 1338 2435 atque
1380 2366 1509 2419 locis
1534 2406 1549 2429 ,
1603 2365 1723 2433 quis
1765 2381 1873 2418 non
1907 2366 2091 2419 credat
2131 2383 2241 2420 rem
2288 2380 2407 2419 esse
2445 2364 2779 2426 confectam,
2828 2364 3213 2433 homiliamquc
3251 2363 3484 2435 Chryso-

254 2494 432 2537 stomo
460 2484 834 2537 incunctanter
865 2483 1034 2537 fuisse
1068 2482 1465 2551 adjudicatam?
1498 2482 1693 2535 Verum
1727 2496 1882 2534 secus
1922 2496 2007 2533 res
2038 2481 2218 2535 cessit.
2261 2480 2392 2533 Nam
2450 2481 2680 2533 Savilius
2728 2496 2845 2533 eam
2888 2480 3026 2534 inter
3066 2483 3220 2533 dubia
3265 2482 3479 2534 locavit.

254 2591 458 2645 Fronto
513 2591 737 2648 Duczeus
795 2593 937 2648 inter
992 2592 1173 2661 spuria
1231 2592 1420 2646 edidit.
1464 2591 1835 2645 Tillemontius
1883 2606 2011 2643 vero
2050 2601 2201 2659 putat
2239 2592 2506 2643 laudatam
2554 2606 2583 2643 a
2623 2590 2821 2660 Cyrillo
2860 2592 3225 2661 Chrysostomi
3262 2594 3481 2647 nomine

252 2707 529 2760 homiliam
554 2748 567 2769 ,
607 2706 975 2775 Chrysdstomi
1019 2721 1137 2760 esse
1189 2714 1479 2773 oportere:
1518 2704 1610 2756 sed
1640 2703 1935 2755 arbitratur
1964 2704 2122 2767 banc,
2154 2718 2317 2771 quam
2361 2718 2508 2756 nunc
2558 2704 2837 2767 habemus,
2883 2703 3157 2757 homiliam
3187 2721 3306 2759 esse
3349 2722 3480 2760 ceu-

253 2830 473 2885 tonem,
510 2821 602 2874 ubi
638 2821 683 2873 is
712 2820 800 2889 qui
838 2820 980 2872 illam
1027 2818 1191 2871 variis
1223 2833 1287 2871 ex
1335 2818 1465 2871 locis
1507 2815 1935 2877 consarcinavit,
1971 2826 2029 2868 ut
2059 2816 2267 2869 facilius
2302 2815 2481 2868 fucum
2512 2815 2744 2880 faceret,
2793 2818 2899 2870 duo
2942 2818 3028 2871 illa
3068 2819 3179 2872 loca
3213 2835 3239 2871 a
3288 2820 3483 2890 Cyrillu

251 2938 418 2992 allata
468 2937 774 2991 inseruerit.
833 2936 1093 3005 Quodque
1145 2937 1431 2989 observatu
1483 2934 1700 3003 dignum
1752 2940 1865 2995 est,
1904 2910 2243 3001 ait‘Cyrillus
2284 2932 2335 2985 in
2370 2932 2486 2986 loco
2524 2933 2771 3001 superius
2812 2934 3010 2998 allato,
3059 2935 3281 3002 justitia:
3322 2938 3482 2991 solun

251 3056 699 3123 incircumscripte
750 3055 1014 3122 complexa
1069 3056 1186 3125 fuit,
1234 3054 1338 3109 dici
1380 3055 1446 3108 de
1492 3062 1675 3107 sancta
1735 3052 1989 3121 Virgine,
2034 3052 2121 3106 hic
2162 3062 2340 3106 autem
2386 3055 2451 3108 dc
2494 3053 2806 3111 Bethlehem
2850 3056 3129 3121 dicuntur;
3173 3060 3316 3127 quod
3355 3074 3482 3113 sane

253 3176 542 3221 centonem
586 3180 705 3219 esse
733 3167 981 3232 suadeat,
1022 3166 1182 3220 modo
1212 3163 1528 3225 Athanasio,
1560 3163 1717 3217 modo
1753 3161 2137 3232 Chrysostomo
2171 3162 2453 3214 tributum.

326 3282 708 3350 lnterpretatio
739 3282 923 3336 Latina
956 3293 1039 3337 est
1074 3282 1359 3337 Frontonis
1388 3280 1585 3334 Ducaei.

251 3596 3479 3620 ww

815 3887 877 3931 IN
913 3887 1292 3931 SALVATORIS
1335 3889 1561 3932 NOSTBI
1610 3890 1755 3933 JESU
1790 3890 1811 3932 ί

1920 3890 2040 3934 tsrt
2091 3888 2521 3934 NATIVITATEII
2562 3886 2794 3931 ORATIO
2828 3868 2933 3948 (a).

314 4311 390 4382 (ὁ)
417 4310 726 4381 Mysterium
746 4327 935 4366 novum
954 4322 1007 4367 et
1025 4314 1333 4369 admirabile
1348 4314 1499 4370 video
1516 4333 1527 4368 :
1543 4323 1809 4384 pastorum

237 4403 463 4456 vocibus
481 4417 637 4455 aures
654 4419 786 4457 mea:
800 4404 1207 4470 circumsonant,
1222 4407 1309 4474 qui
1329 4422 1431 4458 non
1455 4406 1558 4459 leni
1576 4417 1727 4460 cantu
1747 4408 1817 4460 si-

239 4493 431 4560 bilant,
446 4493 539 4545 sed
552 4494 816 4547 czelestem
831 4494 1079 4564 hymnum
1093 4498 1583 4566 concinunt.Angcli
1598 4509 1810 4566 canunt,

235 4582 549 4651 archangeli
570 4583 922 4649 modulantur,
938 4585 1221 4639 Cherubim
1241 4587 1489 4657 hymnum
1508 4589 1705 4653 dicunt,
1720 4590 1813 4643 Se-

237 4674 452 4738 rnpbim
485 4672 776 4741 gloriﬁcant
797 4715 810 4736 ,
838 4690 1019 4728 omnes
1046 4676 1233 4729 festum
1270 4678 1575 4742 celebrant,
1606 4680 1729 4733 dum
1763 4681 1811 4733 in

239 4762 400 4814 torris
442 4762 607 4814 Deum
630 4803 644 4825 ,
673 4775 723 4816 et
755 4763 1020 4817 hominem
1049 4766 1098 4817 in
1128 4766 1269 4819 crelis
1296 4780 1519 4821 cernunt
1543 4786 1555 4820 :
1576 4784 1694 4822 eum
1723 4770 1812 4837 qui

234 4864 456 4901 sursum
482 4861 583 4914 est,
610 4864 821 4920 propter
845 4853 1287 4923 dispensationem
1315 4855 1558 4909 deorsum
1581 4859 1809 4922 versari;

236 4953 359 4991 cum
394 4939 486 5007 qui
515 4939 762 4995 deorsum
787 4957 934 5006 erat,
963 4954 1174 5012 propter
1204 4945 1573 5013 benignitatem
1601 4962 1809 5000 sursum

237 5043 380 5080 nunc
414 5029 615 5079 versari
648 5030 684 5079 ¹.
719 5030 883 5085 Hodie
922 5032 1186 5087 Bethleem
1239 5036 1423 5088 cadum
1465 5036 1660 5089 imitata
1688 5049 1769 5092 est
1797 5060 1809 5094 :

237 5132 358 5185 qua:
388 5117 665 5170 stellarum
691 5122 898 5187 quidem
922 5124 1037 5178 loco
1065 5126 1278 5194 angelos
1302 5138 1549 5181 canentes
1575 5134 1809 5198 excepit,

237 5209 373 5260 solis
398 5217 578 5260 autem
614 5208 958 5277 locojustitia:
998 5215 1161 5269 solem
1194 5218 1645 5287 incircumscripte
1668 5236 1814 5274 com-

237 5300 393 5367 plexa
424 5296 543 5351 fuit.
570 5297 748 5368 Neque
775 5302 858 5355 hic
885 5306 1174 5373 quzesieris,
1203 5309 1466 5376 quomodo
1492 5309 1591 5363 hoc
1618 5310 1811 5364 factum

301 5495 317 5524 ³
356 5491 887 5571 ψεξέξξὲιίιξγξτψηωι·
911 5496 957 5542 in
980 5504 1116 5571 ᾕρει,
1145 5514 1258 5568 eum
1282 5503 1363 5563 qui
1384 5519 1572 5571 summi
1591 5514 1675 5565 est,
1700 5521 1810 5571 pro-

234 5560 344 5614 ρων
367 5552 953 5628 Ρεῇιζῖτξιρέςῖζιβεονδωη
975 5552 1176 5618 ιέιέὲάνῡ
1197 5552 1305 5612 cuni
1332 5552 1809 5628 manassias,

236 5604 439 5675 propter
459 5604 852 5673 dispensationem
875 5604 1071 5665 sursum
1083 5604 1423 5674 @5635er

302 5694 402 5772 to)-
420 5691 1055 5772 (:lplhtg‘qctttnqgodiceneg.
1080 5701 1215 5772 εθξε,
1241 5708 1323 5772 qui
1344 5710 1411 5755 sic
1435 5708 1620 5772 titulum
1646 5711 1809 5772 habet,

237 5762 405 5819 sermo
428 5759 481 5819 in
505 5759 791 5819 natiuitatem
808 5759 993 5806 Domini
1012 5766 1056 5807 et
1080 5763 1163 5810 Dei
1180 5773 1225 5811 et
1247 5759 1514 5819 Satratoris.

303 5814 377 5876 (ο)
411 5814 595 5862 Citatur
620 5815 695 5862 hic
718 5815 849 5866 locus
872 5820 917 5866 in
940 5821 1144 5869 Concilio
1166 5814 1411 5883 Ephesiae.

569 5894 834 5959 PATROL.
877 5903 994 5965 Gn.
1043 5902 1193 5967 LVI.

1920 4309 2021 4364 sit:
2044 4307 2133 4362 ubi
2161 4309 2301 4362 enim
2330 4309 2469 4365 Deus
2486 4313 2616 4378 vult,
2646 4313 2717 4369 ibi
2746 4329 2946 4377 natura!
2967 4324 3099 4380 ordo
3126 4329 3284 4387 cedit.
3307 4331 3488 4392 Voluit

1917 4398 2057 4451 enim
2084 4438 2098 4460 ,
2125 4399 2332 4467 potuit,
2365 4399 2669 4470 descendit,
2693 4406 2942 4473 salvavit;
2968 4417 3143 4470 omnia
3176 4419 3266 4474 Dei
3301 4433 3483 4481 nutum

1917 4500 2225 4556 sequuntur.
2252 4489 2419 4544 llodie
2446 4494 2532 4561 qui
2559 4506 2655 4555 est,
2685 4499 2931 4567 gignitur,
2952 4514 3005 4559 et
3034 4522 3241 4564 rursum
3265 4516 3353 4581 qui
3382 4528 3483 4581 est,

1918 4578 1974 4630 tit
1998 4580 2047 4631 id
2100 4581 2237 4649 quod
2268 4595 2371 4634 non
2398 4595 2510 4635 erat
2536 4602 2549 4641 :
2580 4601 2697 4638 nam
2727 4605 2843 4643 cum
2872 4592 3011 4647 Deus
3036 4609 3192 4659 esset,
3223 4578 3485 4674 tit'homng

1918 4667 1983 4720 ab
2008 4683 2067 4721 ea
2096 4678 2290 4735 tamen,
2312 4686 2466 4739 quam
2501 4675 2708 4742 habeat,
2730 4678 2922 4736 deitate
2943 4700 3046 4740 non
3075 4692 3286 4745 excidit.
3308 4667 3486 4765 Neque

1917 4756 2058 4808 enim
2108 4772 2225 4809 cum
2272 4759 2479 4812 deitatis
2524 4762 2723 4829 jactura
2769 4768 2935 4824 factus
2974 4785 3057 4828 est
3086 4777 3277 4846 homo,
3311 4756 3483 4853 neque

1919 4859 2127 4898 rursum
2161 4862 2251 4913 per
2280 4850 2610 4904 succedentia
2642 4855 2961 4916 incrementa
2986 4880 3049 4918 ex
3080 4867 3292 4927 homine
3315 4850 3483 4933 factus

1917 4943 1997 4987 est
2027 4935 2191 4998 Deus;
2222 4937 2315 4990 sed
2344 4938 2573 4994 Verbum
2614 4947 2873 5004 exsistens
2894 4993 2907 5016 ,
2940 4965 3119 5010 natura
3170 4966 3378 5031 propria
3418 4971 3486 5021 ob

1918 5024 1994 5077 Sui
2044 5025 2479 5092 impatibilitatcm
2528 5044 2771 5089 manente
2819 5038 3127 5109 immutata,
3161 5024 3351 5106 iactum
3399 5068 3481 5111 cst

1916 5128 2058 5167 caro.
2091 5114 2311 5181 Quando
2336 5130 2511 5173 autem
2550 5135 2703 5178 natus
2728 5137 2842 5191 est,
2873 5130 3038 5187 Judaei
3066 5139 3277 5205 quidem
3320 5145 3484 5200 inusi-

1918 5212 2081 5256 tatum
2106 5216 2307 5272 partum
2340 5211 2629 5276 negabant,
2658 5214 2909 5273 Pharisaii
2940 5238 3065 5277 vero
3094 5242 3366 5297 perperam
3398 5250 3485 5289 sa-

1915 5306 2033 5345 cros
2060 5295 2219 5347 libros
2250 5297 2745 5367 interpretabantur,
2773 5316 2826 5360 ct
2850 5311 3035 5365 scriba:
3062 5295 3304 5389 qum—legi
3329 5336 3479 5378 erant

1915 5384 2173 5437 contraria
2202 5387 2580 5455 loquebantur;
2611 5393 2843 5450 Herodes
2874 5414 2993 5453 eum
3023 5406 3113 5471 qui
3154 5384 3306 5461 natus
3333 5422 3442 5465 erat
3478 5453 3494 5478 ,

1914 5474 2182 5541 qua-rebat
2202 5518 2216 5540 ,
2240 5492 2342 5529 non
2385 5487 2442 5530 ut
2466 5496 2584 5533 eum
2614 5482 2814 5540 honore
2854 5488 3116 5557 alliceret,
3141 5497 3232 5549 sed
3262 5510 3317 5551 ut
3360 5518 3479 5556 eum

1916 5561 2251 5618 interficeret.
2274 5566 2437 5621 Hodie
2456 5585 2681 5641 namque
2697 5580 2955 5632 contraria
2975 5592 3158 5636 cuncta
3176 5589 3488 5643 cernebant.

1917 5650 2034 5704 Non
2059 5655 2188 5706 enim
2214 5657 2459 5710 occultata
2501 5673 2616 5715 sunt
2640 5704 2653 5728 ,
2683 5676 2738 5717 ut
2762 5682 2879 5719 cum
2912 5669 3240 5729 Psalmorum
3269 5692 3487 5736 auctore

1915 5741 2118 5811 loquar,
2146 5761 2177 5795 α
2206 5746 2325 5811 ﬁliis
2352 5764 2523 5802 eorum
2553 5755 2606 5805 in
2644 5760 3005 5822 generationem
3048 5764 3258 5818 alteram
3298 5768 3482 5839 (Psal.

1918 5831 2002 5883 77.
2033 5834 2106 5902 4).
2132 5833 2400 5902 Siquidem
2429 5855 2577 5912 reges
2606 5856 2879 5915 venerunt,
2911 5858 2965 5903 et
2992 5853 3257 5910 c:elestem
3288 5831 3483 5929 liegem

3048 5947 3121 6005 2b
