4096 6528
622 436 732 492 387

616 553 1004 614 suspexerunt,
1034 546 1172 614 qttod
1221 546 1270 600 in
1309 556 1504 601 terram
1550 550 1788 614 venerit,
1820 564 1920 602 non
1964 551 2181 620 angelos

616 648 794 688 secum
838 634 1066 703 habens,
1096 652 1198 690 non
1226 637 1570 707 archangelos
1595 677 1609 702 ,
1643 653 1744 691 non
1787 640 2003 692 thronos
2032 681 2045 704 ,
2080 655 2183 692 non

617 723 1024 789 dominationes,
1060 742 1163 778 non
1193 726 1432 791 virtutes,
1463 743 1566 780 non
1597 736 1900 796 potestates,
1929 727 2022 782 sed
2051 743 2184 782 nova

613 824 666 866 et
705 815 922 869 minime
955 817 1071 868 trita
1116 816 1364 871 incedens
1393 819 1473 871 via
1517 834 1579 872 ex
1627 819 1824 873 illibato
1870 821 2186 888 processerit

614 915 762 958 utero
788 925 798 958 :
825 922 922 960 nec
948 920 1122 960 tamen
1153 917 1366 977 angelos
1394 927 1500 962 suae
1525 909 1917 978 gubernationis
1947 919 2184 965 exsortes

608 996 919 1064 dereliquit,
947 1013 1116 1067 neque
1146 1009 1358 1066 propter
1384 1001 1796 1053 incarnationem
1829 1015 1976 1054 suam
2017 1016 2046 1054 a
2088 1015 2182 1054 sua

608 1086 808 1141 excidit
834 1088 1026 1141 deitate
1055 1106 1065 1139 :
1095 1090 1186 1142 sed
1216 1105 1364 1159 reges
1392 1090 1602 1158 quidem
1631 1101 1919 1156 venerunt,
1946 1101 2000 1145 ut
2026 1092 2183 1146 etule-

606 1186 742 1230 slem
770 1177 964 1247 [legem
987 1179 1167 1248 gloria:
1187 1180 1487 1241 adorarent,
1512 1181 1702 1234 milites
1729 1189 1925 1247 autem,
1951 1190 2008 1235 ut
2031 1182 2182 1235 Prin-

607 1266 774 1335 cipi‘m
805 1271 1066 1322 exercitus
1094 1270 1328 1323 colerent
1353 1288 1363 1322 :
1392 1271 1640 1324 mulieres
1660 1312 1673 1333 ,
1697 1286 1818 1324 eum
1849 1273 1934 1340 qui
1966 1288 2030 1327 ex
2061 1288 2184 1329 mu-

603 1357 733 1416 liere
758 1368 914 1413 natus
938 1369 1036 1422 est,
1084 1369 1139 1413 ιιι
1168 1361 1401 1414 mulieris
1436 1362 1646 1416 dolores
1676 1362 1726 1416 in
1757 1363 1989 1417 laetitiam
2029 1378 2178 1417 eom-

606 1457 767 1499 tnutet
791 1465 802 1500 :
827 1450 1072 1518 virgines,
1101 1450 1262 1503 filium
1288 1450 1534 1518 Virginis,
1559 1451 1878 1505 admirantes
1904 1453 1990 1520 qtti
2015 1453 2104 1504 fiat
2126 1462 2180 1505 ιιι

601 1536 750 1590 lactis
777 1538 1038 1602 conditor,
1063 1539 1148 1606 qui
1177 1539 1339 1593 efficit
1363 1549 1416 1592 ιιι
1440 1541 1661 1593 uberum
1690 1541 1859 1595 fontes
1888 1549 2176 1610 spontanea

601 1626 793 1679 fluenta
823 1626 1132 1692 diffundant,
1159 1644 1188 1682 a
1213 1628 1424 1697 Virgine
1452 1640 1621 1683 matre
1653 1631 2176 1698 puerulialimentum

599 1717 820 1786 accipiat
844 1734 858 1772 :
889 1718 1136 1782 infantes,
1163 1734 1280 1771 emn
1307 1719 1392 1788 qui
1420 1718 1587 1773 factus
1610 1731 1688 1773 est
1711 1720 1897 1785 infans,
1920 1729 1974 1773 ut
1995 1735 2059 1774 ex
2085 1734 2177 1774 ore

599 1809 875 1863 infantium
898 1819 951 1864 et
984 1812 1282 1864 faetentium
1309 1811 1512 1865 laudem
1547 1813 1819 1879 perficeret
1845 1812 2053 1883 (Matth.
2083 1811 2173 1864 2f.

600 1899 697 1959 16;
727 1899 871 1953 Psal.
917 1900 969 1954 8.
1015 1901 1070 1968 ὅ)
1109 1917 1122 1952 :
1161 1900 1353 1968 pueri,
1381 1916 1641 1969 puerum,
1672 1902 1756 1969 qui
1805 1909 2063 1971 martyres
2107 1901 2175 1954 ob

597 1989 822 2042 lferodis
865 1990 1118 2042 insaniam
1161 1989 1369 2043 effecit:
1397 1989 1492 2042 viri
1518 2031 1531 2054 ,
1561 2005 1679 2043 eum
1708 1992 1793 2058 qui
1825 1991 1982 2044 homo
2007 1989 2174 2044 factus

595 2089 709 2143 est,
741 2089 797 2132 ut
821 2095 1093 2134 servorum
1130 2082 1280 2133 malis
1306 2081 1643 2135 mederetur:
1668 2091 1903 2148 pastores
1927 2123 1940 2145 ,
1975 2082 2170 2135 bonum

598 2182 894 2240 pastorem,
924 2171 1012 2240 qui
1043 2173 1269 2223 animam
1301 2186 1396 2239 pro
1423 2171 1608 2224 ovibus
1648 2171 1754 2223 suis
1789 2172 1932 2239 ponit
1960 2189 1972 2225 :
1997 2185 2173 2225 sacer-

594 2262 763 2323 dotes,
793 2276 911 2316 eum
939 2262 1022 2328 qui
1056 2261 1219 2314 factus
1249 2271 1329 2314 est
1353 2262 1588 2315 Pontifex
1617 2261 1903 2315 secundum
1930 2262 2169 2316 ordinem

593 2351 941 2406 Melchisedec
971 2351 1149 2420 (Hebr.
1185 2353 1236 2404 7.
1269 2352 1367 2415 l7;
1401 2350 1540 2404 Psal.
1573 2351 1691 2405 109.
1724 2352 1780 2420 4)
1807 2369 1818 2404 :
1846 2352 2022 2417 servi,
2047 2367 2168 2406 eum

593 2443 681 2512 qui
711 2442 845 2496 servi
883 2440 1100 2493 formam
1131 2441 1366 2509 accepit,
1393 2450 1448 2494 ut
1480 2451 1710 2494 nostram
1737 2443 2043 2495 servitutem
2071 2443 2169 2496 ho-

593 2548 723 2587 nere
765 2532 1019 2586 libertatis
1071 2540 1283 2585 ornaret
1336 2530 1584 2600 (Philipp.
1626 2530 1679 2583 Ξ.
1723 2530 1824 2602 7);
1858 2532 2164 2601 piscatores,

591 2639 710 2678 eum
741 2626 824 2693 qni
856 2639 920 2678 ex
954 2625 1302 2692 piscatoribus
1349 2624 1616 2678 hominum
1669 2625 1830 2680 efficit
1854 2637 2165 2682 venatores:

594 2715 856 2783 publicani
883 2756 896 2778 ,
929 2729 1047 2768 eum
1077 2717 1161 2784 qui
1194 2730 1257 2768 ex
1297 2716 1590 2782 publicanis
1624 2717 1877 2770 selectum
1907 2719 2171 2787 evangeli-

589 2815 725 2860 stam
756 2806 992 2874 desiguat
1023 2803 1232 2873 (Matth.
1261 2805 1312 2858 9.
1346 2805 1421 2874 9);
1456 2808 1780 2870 meretrices,
1813 2822 1933 2861 eum
1966 2809 2052 2877 qui
2086 2809 2165 2862 la-

589 2898 783 2967 crymis
811 2895 1122 2949 meretriciis
1149 2895 1310 2964 pedes
1340 2910 1463 2948 suos
1486 2897 1735 2963 exponit;
1761 2904 1916 2966 atque
1946 2908 1999 2951 ut
2021 2913 2165 2952 com-

590 2987 786 3055 plectar
816 2985 980 3048 brevi,
1005 2995 1306 3054 peccatores
1327 2999 1511 3038 omnes
1531 2985 1874 3051 advenerunt,
1898 2996 1955 3041 ut
1974 3003 2162 3057 agnum

590 3081 682 3133 Dei
711 3087 989 3132 cernerent
1009 3118 1021 3139 ,
1055 3076 1143 3145 qui
1176 3077 1307 3129 tollit
1339 3084 1546 3145 peccata
1574 3076 1752 3129 mundi
1777 3117 1790 3140 ,
1819 3076 1891 3145 (a)
1919 3075 2077 3148 [magi
2108 3089 2166 3132 ut

588 3187 708 3226 etnu
737 3169 979 3223 satellitio
1007 3183 1103 3221 suo
1129 3169 1337 3236 cingant
1361 3208 1375 3232 ,
1409 3175 1666 3235 pastores,
1705 3177 1760 3220 ιιι
1787 3183 1904 3222 cum
1937 3169 2158 3224 benedi-

590 3270 728 3323 canl,
761 3259 1044 3327 publicnni,
1069 3269 1119 3314 ut
1139 3260 1481 3329 Evangelium
1499 3257 1803 3324 prwdicenl.
1831 3260 2156 3323 lnerell‘lces.

588 3361 643 3403 ut
689 3359 946 3418 unguenta
993 3349 1272 3411 deferant,
1301 3347 1666 3410 Samaritana,
1703 3359 1758 3399 ut
1807 3347 2003 3401 fontem
2044 3349 2162 3402 vita:

588 3443 759 3506 sitiat,
792 3440 1087 3494 Cbananaea
1114 3480 1128 3502 ,
1165 3447 1221 3491 ut
1261 3439 1601 3492 indubitatam
1657 3438 1809 3490 fidem
1854 3437 2158 3508 exhibeat].

589 3534 719 3586 (lum
752 3533 905 3602 igitur
931 3547 1114 3585 omnes
1139 3530 1442 3594 exsultent,
1467 3527 1592 3581 mihi
1624 3543 1830 3597 quoque
1857 3528 2027 3596 placet
2064 3544 2163 3583 ex-

588 3623 785 3678 sultare
807 3663 821 3687 ,
850 3623 1074 3677 choreas
1114 3635 1269 3689 agere
1317 3619 1436 3672 volo
1461 3659 1475 3683 ,
1505 3619 1802 3686 festumque
1849 3619 2115 3673 celebrare
2144 3637 2158 3673 :

587 3730 745 3783 porro
775 3713 994 3767 choreas
1015 3728 1132 3780 ago,
1151 3727 1251 3765 nou
1274 3711 1525 3763 citharam
1543 3709 1774 3776 pulsans,
1793 3725 1895 3761 non
1921 3709 2158 3779 thyrsum

586 3805 850 3872 quatiens,
881 3819 982 3856 non
1015 3804 1166 3854 tibias
1194 3801 1400 3865 inflatis,
1433 3816 1535 3852 non
1564 3801 1702 3853 faces
1723 3800 2036 3863 accendens,
2068 3800 2158 3852 sed

591 3897 911 3949 musicorum
969 3895 1434 3947 instrumentorum
1487 3892 1603 3944 loco
1653 3891 1848 3944 Christi
1903 3905 2156 3944 cunarum

590 3987 779 4042 fascias
805 3996 1035 4056 gestans.
1064 3985 1153 4037 lla:
1182 3999 1406 4051 namque
1436 3982 1564 4035 mihi
1593 3993 1715 4034 sunt
1740 3997 1890 4049 spes,
1922 3981 2002 4034 h:e
2033 3983 2158 4034 mibi

589 4082 714 4143 vita,
749 4079 826 4132 ha:
857 4078 983 4131 mihi
1012 4078 1173 4139 salus,
1205 4077 1285 4128 hze
1313 4075 1438 4128 milii
1471 4074 1627 4139 tibia},
1660 4075 1738 4127 Ine
1765 4074 1888 4126 mihi
1921 4074 2116 4128 cithara
2145 4094 2155 4127 :

591 4179 866 4240 propterea
899 4177 951 4221 et
983 4168 1122 4235 ipsas
1147 4178 1360 4235 gestans
1385 4166 1605 4218 advenio
1625 4205 1639 4230 ,
1666 4174 1719 4217 ιιι
1756 4181 1933 4219 earum
1968 4167 2159 4219 virtute

588 4261 888 4316 facultatem
915 4260 1172 4312 sermonis
1199 4258 1417 4324 adeptus
1441 4271 1560 4309 cum
1591 4257 1789 4324 angelis
1813 4257 2006 4322 dicam,
2040 4256 2160 4310 Glo-

589 4353 665 4403 ria
689 4351 741 4403 in
770 4350 1022 4403 altissimis
1053 4347 1176 4410 Deo;
1206 4363 1325 4400 cum
1359 4347 1670 4413 pastoribus,
1704 4345 1768 4397 Et
1797 4347 1846 4398 iu
1874 4356 2006 4399 terra
2036 4365 2158 4416 pax,

589 4443 641 4495 in
677 4440 954 4494 hominibus
985 4437 1346 4506 beneplacitum
1387 4435 1534 4504 (Luc.
1558 4434 1613 4487 ‘2.
1645 4434 1751 4505 M).
1787 4436 1953 4490 Hodie
1980 4439 2068 4506 qui
2094 4455 2156 4491 ex

585 4527 745 4585 Patre
770 4528 1103 4584 inell'abiliter
1127 4527 1334 4596 genitus
1363 4533 1464 4590 est,
1493 4540 1556 4579 ex
1591 4523 1802 4594 Virgine
1827 4535 2041 4594 propter
2075 4542 2159 4580 me

589 4618 944 4689 inexplicabili
975 4615 1132 4671 modo
1162 4617 1416 4670 nascitur.
1450 4614 1552 4668 Sed
1583 4623 1690 4667 tum
1717 4615 1928 4683 quidem
1965 4629 2156 4669 secun-

588 4714 712 4767 dtttn
741 4719 977 4763 naturam
1005 4717 1126 4762 ante
1155 4709 1343 4761 smcula
1376 4707 1579 4774 genitus
1609 4717 1688 4760 est
1714 4721 1779 4760 ex
1811 4707 1980 4768 Patre,
2010 4719 2162 4775 prout

584 4802 734 4854 novit
777 4801 863 4854 ille
888 4843 900 4862 ,
931 4801 1017 4868 qui
1049 4800 1226 4868 genuit
1252 4817 1263 4852 :
1292 4798 1444 4852 hodie
1489 4812 1613 4852 vero
1639 4813 1819 4851 rursus
1859 4814 1921 4851 ex
1951 4797 2160 4867 Virgine

587 4902 782 4960 printer
809 4904 1045 4945 naturam
1071 4902 1225 4944 natus
1253 4899 1366 4955 est,
1399 4900 1551 4958 prout
1573 4890 1799 4957 Spiritus
1821 4894 1986 4942 sancti
2018 4892 2161 4943 novit

588 4986 773 5055 gratia.
805 4984 869 5036 Et
892 4998 1116 5050 superna
1140 4983 1252 5050 ejus
1282 4981 1548 5050 generatio
1578 4997 1697 5033 vera
1729 4990 1826 5045 est,
1865 4991 1917 5034 et
1948 4981 2162 5034 inferior

589 5075 702 5143 ejus
741 5074 1008 5141 generatio
1047 5073 1262 5125 minime
1309 5070 1434 5123 falsa
1465 5079 1552 5124 :et
1594 5085 1714 5123 vere
1767 5071 1900 5124 flens
1940 5086 2002 5124 ex
2056 5071 2162 5123 Deo

592 5165 797 5235 genitus
822 5173 900 5216 est
924 5203 938 5224 ,
971 5171 1024 5215 et
1052 5177 1172 5215 vere
1203 5162 1358 5214 homo
1387 5161 1523 5213 idem
1550 5177 1610 5213 ex
1641 5160 1850 5229 Virgine
1876 5170 2029 5213 natus
2059 5170 2158 5212 est.

591 5255 807 5309 Sursmn
849 5254 990 5306 solus
1018 5267 1077 5304 ex
1109 5252 1223 5304 solo
1263 5251 1574 5319 Unigenitus
1598 5291 1610 5309 ,
1640 5249 1886 5303 deorsum
1928 5252 2071 5303 solus
2098 5266 2158 5304 ex

595 5346 706 5398 Sola
735 5343 944 5411 Virgine
985 5340 1121 5394 idem
1147 5340 1479 5408 Uuigenitus.
1506 5339 1649 5393 Sicut
1676 5341 1814 5392 enim
1850 5339 1900 5392 in
1936 5355 2160 5408 superna

599 5435 935 5505 generatione
966 5441 1182 5484 matrem
1214 5431 1503 5498 intelligere
1531 5430 1744 5497 impium
1771 5440 1850 5483 est
1878 5448 1889 5481 :
1914 5431 1990 5484 sic
2013 5431 2061 5482 in
2087 5431 2163 5483 in-

603 5525 778 5581 feriori
825 5523 1161 5593 generatione
1207 5531 1405 5585 patrem
1452 5521 1756 5574 existimare
1799 5521 2161 5591 blasphemum

602 5626 686 5671 est
738 5615 890 5668 Pater
921 5613 1116 5681 absque
1154 5609 1364 5663 deﬂuxu
1387 5608 1605 5676 genuit,
1635 5620 1686 5662 et
1717 5610 1872 5678 Virgo
1911 5609 2024 5663 sine
2049 5624 2164 5664 cor-

606 5707 846 5775 ruptione
874 5705 1072 5773 peperit
1099 5719 1110 5755 :
1136 5716 1251 5754 nam
1285 5714 1451 5767 neque
1486 5697 1756 5754 defluxum
1787 5700 2033 5754 sustinuit
2070 5699 2167 5753 Pa-

669 5839 742 5902 (τι)
774 5847 882 5896 Qute
908 5834 1091 5886 uncinis
1116 5830 1418 5890 clauduntur,
1447 5829 1622 5880 desunt
1647 5831 1693 5879 in
1715 5837 1830 5895 neg.

1341 434 1398 487 S.
1436 433 1710 493 JOANNIS
1748 434 2208 490 CHRYSOSTOMI
2249 437 2558 494 ARCIIIEP.
2600 441 3126 504 CONSTANTINOP.

3764 472 3876 526 388

2299 563 2396 618 ter;
2416 558 2607 626 quippe
2632 560 2743 628 qui,
2771 572 2922 630 prout
2949 566 3296 622 conveniebat
3314 568 3441 634 Deo,
3460 571 3671 640 genuit:
3697 587 3870 643 neque

2295 643 2453 713 Virgo
2481 650 2873 716 corruptionem
2911 655 3157 708 sustinuit
3207 657 3493 726 pariendo;
3525 662 3721 728 quippe
3751 680 3868 730 qua:

2292 734 2632 803 spiritualiter
2651 743 2870 807 peperit.
2894 742 3042 797 Unde
3059 760 3228 813 neque
3241 761 3466 816 superna
3489 751 3603 814 ejus
3623 753 3867 805 nativitas

2291 826 2540 894 explicari
2575 839 2765 896 potest,
2796 848 2964 900 neque
2989 851 3294 903 progressus
3324 839 3437 906 ejus
3467 841 3519 894 in
3567 844 3866 897 novissimis

2295 918 2615 984 temporibus
2645 921 2852 975 curiose
2879 926 3224 995 pervestigari
3261 943 3319 982 se
3346 930 3492 982 sinit.
3517 931 3649 984 Nam
3694 932 3864 1002 Virgi-

2291 1020 2412 1059 nem
2458 1007 2668 1076 quidem
2716 1008 2873 1066 hodie
2922 1016 3192 1082 peperisse
3239 1019 3386 1081 scio,
3431 1029 3484 1072 et
3541 1020 3705 1074 Deum
3748 1023 3863 1075 sine

2292 1103 2528 1165 tempore
2553 1099 2799 1166 genuisse
2833 1102 2994 1155 credo
3020 1123 3032 1156 :
3060 1102 3270 1157 modum
3298 1115 3472 1160 autem
3500 1110 3862 1176 generationis

2288 1185 2500 1240 silentio
2539 1186 2695 1241 didici
2739 1193 3023 1257 venerari,
3049 1208 3153 1246 non
3181 1196 3418 1248 oratione
3460 1199 3666 1252 curiose
3713 1200 3856 1251 illam

2287 1274 2650 1344 inquirendam
2681 1281 2880 1348 accepi.
2912 1280 3181 1350 Siquidem
3213 1285 3262 1337 in
3297 1286 3401 1339 Deo
3432 1304 3532 1339 non
3563 1303 3736 1342 rerum
3767 1305 3858 1341 na-

2288 1373 2403 1417 tura
2445 1375 2526 1418 est
2559 1368 2875 1422 attendenda
2902 1411 2915 1432 ,
2941 1372 3031 1424 sed
3077 1373 3224 1440 ejus,
3251 1376 3338 1442 qui
3365 1386 3647 1444 operatur,
3680 1381 3855 1430 virtuti

2285 1455 2414 1509 fides
2458 1455 2714 1510 habenda.
2760 1459 2866 1512 Lex
2907 1462 3047 1513 enim
3100 1475 3180 1516 est
3221 1475 3456 1526 natum,
3505 1482 3621 1520 cum
3670 1468 3857 1521 mulier

2284 1548 2810 1616 matrimoniojuncta
2841 1552 2975 1618 parit
2998 1571 3011 1606 :
3035 1567 3152 1605 cmn
3181 1569 3304 1607 vero
3325 1555 3491 1608 virum
3517 1572 3617 1610 non
3641 1569 3853 1626 experta

2281 1636 2430 1704 virgo
2469 1647 2740 1706 postquam
2790 1640 3026 1706 peperit,
3059 1642 3206 1710 virgo
3239 1659 3419 1696 rursus
3461 1655 3708 1712 apparet,
3745 1655 3854 1699 tum

2283 1740 2367 1778 res
2395 1737 2632 1779 naturam
2670 1730 2894 1782 excedit.
2927 1730 3077 1796 Quod
3107 1732 3262 1800 igitur
3287 1735 3576 1788 secundum
3609 1747 3852 1790 naturam

2282 1813 2371 1877 fit,
2403 1815 2695 1884 inquiratur
2719 1836 2730 1870 :
2754 1818 2893 1887 quod
2936 1835 3059 1872 vero
3104 1830 3342 1875 naturam
3369 1835 3613 1892 superat,
3644 1826 3856 1880 silentio

2280 1903 2482 1957 eolatur
2508 1924 2519 1958 :
2545 1920 2646 1958 non
2680 1915 2944 1976 tamquam
2974 1908 3292 1976 fugiendum,
3326 1910 3417 1964 sed
3459 1920 3721 1980 tamquam
3768 1915 3854 1967 in-

2280 1993 2598 2057 enarrabile,
2623 1995 2942 2063 dignumque
2971 1997 3108 2065 quod
3141 1997 3348 2051 silentio
3380 2013 3555 2052 veneri
3575 2015 3712 2053 mur.
3746 2001 3850 2054 Sed

2279 2082 2400 2136 date
2427 2084 2573 2145 mihi,
2606 2100 2805 2153 quaeso,
2839 2085 2970 2140 hanc
2999 2088 3203 2141 veniam
3231 2128 3246 2152 ,
3279 2097 3335 2141 ut
3370 2090 3419 2141 in
3451 2090 3669 2142 exordio
3697 2090 3854 2144 finem

2277 2170 2463 2226 faciam
2494 2173 2719 2226 dicendi.
2747 2174 2876 2228 Cum
2917 2177 3056 2229 enim
3088 2192 3262 2230 rerum
3312 2178 3674 2231 sublimiorqu
3708 2181 3856 2234 inve-

2274 2263 2605 2331 stigationem
2623 2266 2878 2332 attingere
2896 2266 3252 2331 reformident,
3274 2284 3376 2337 quo
3395 2282 3561 2336 pacto.
3583 2280 3674 2323 aut
3693 2287 3854 2338 quam

2275 2351 2325 2406 in
2353 2362 2553 2421 partem
2581 2356 2833 2408 orationis
2857 2356 3061 2410 clavum
3090 2357 3296 2411 ﬂectant
3323 2360 3519 2411 nescio.
3549 2359 3682 2425 Quid
3709 2364 3851 2415 enim

2273 2442 2467 2508 dicam,
2501 2453 2591 2496 aut
2617 2445 2740 2513 quid
2770 2446 2994 2514 loquar?
3025 2447 3240 2502 Matrem
3269 2450 3438 2512 video,
3469 2466 3587 2518 qmc
3626 2454 3850 2520 peperit;

2273 2532 2434 2586 ﬁlium
2460 2543 2607 2602 partu
2636 2534 2831 2588 editum
2855 2551 3016 2589 cerno
3035 2557 3047 2591 ;
3067 2537 3276 2590 modu:n
3304 2549 3476 2591 autem
3495 2543 3854 2608 generationis

2273 2637 2377 2676 non
2410 2623 2676 2692 conspicio
2701 2642 2712 2676 :
2738 2624 2961 2678 vincitur
2985 2626 3122 2678 enim
3157 2637 3336 2679 natura
3362 2668 3375 2690 ,
3401 2628 3626 2681 vincitur
3651 2630 3853 2684 ordinis

2272 2713 2456 2780 limes,
2485 2714 2694 2784 quando
2724 2715 2833 2767 vult
2865 2715 3023 2768 Deus.
3054 2714 3166 2767 Non
3196 2719 3334 2769 enim
3362 2719 3650 2770 secundum
3691 2731 3849 2770 natu-

2270 2819 2382 2857 ram
2404 2821 2489 2858 res
2509 2805 2717 2864 accidit.
2737 2807 2831 2860 sed
2859 2822 3014 2874 supra
3040 2818 3277 2859 naturam
3305 2808 3611 2861 miraculum
3633 2811 3810 2862 evenit
3833 2829 3846 2864 :

2269 2895 2469 2962 quievit
2511 2896 2650 2949 enim
2701 2909 2883 2949 natura
2911 2938 2924 2961 ,
2965 2898 3056 2950 sed
3103 2898 3304 2952 Domini
3345 2900 3586 2952 voluntas
3631 2912 3847 2967 cperata

2269 2992 2369 3037 est.
2401 2986 2443 3038 0
2474 2984 2786 3039 ineffabilem
2825 2987 3045 3054 gratiam
3071 2990 3082 3039 ε
3119 2987 3427 3056 Unigenitus
3452 3029 3468 3052 ,
3497 2990 3582 3056 qui
3619 2999 3702 3042 est
3727 3003 3849 3045 ante

2272 3075 2463 3128 saecula
2491 3115 2503 3137 ,
2536 3076 2624 3145 qni
2655 3075 2792 3143 tangi
2825 3091 2925 3128 non
2959 3086 3162 3144 potest,
3189 3079 3276 3145 qui
3306 3079 3530 3144 simplex
3573 3089 3654 3131 est
3684 3089 3736 3132 et
3770 3081 3844 3136 in-

2269 3179 2573 3233 corporeus,
2603 3179 2794 3231 corpus
2818 3181 2990 3217 int-um
3020 3165 3175 3218 subiit
3196 3168 3516 3232 corruptioni
3550 3167 3842 3222 obnoxium

2268 3267 2320 3310 et
2350 3255 2666 3325 aspectabile
2695 3256 2731 3305 ί.
2766 3255 2934 3320 Quam
2964 3255 3032 3308 ob
3053 3255 3296 3308 causam?
3323 3253 3390 3308 Ut
3415 3266 3730 3329 conspectus
3751 3258 3846 3311 do-

2266 3356 2398 3409 ceat,
2427 3346 2623 3398 docens
2649 3356 2842 3404 autent.
2864 3345 2926 3397 ad
2951 3360 3010 3397 ea
3037 3360 3154 3412 qua:
3180 3362 3280 3398 non
3310 3346 3617 3400 caduntsub
3639 3349 3838 3413 oculos,

2267 3449 2424 3487 manu
2468 3432 2643 3486 ducat.
2669 3431 2799 3484 Nam
2833 3434 3080 3498 quoniam
3111 3435 3292 3485 oculos
3325 3435 3538 3487 auribus
3580 3435 3842 3491 fideliores

2265 3537 2382 3576 esse
2408 3523 2713 3577 existimant
2742 3521 2984 3574 homines
3005 3563 3019 3585 ,
3051 3523 3116 3576 de
3142 3539 3205 3575 eo
3237 3537 3360 3576 vero
3385 3524 3630 3577 dubitant
3656 3566 3669 3588 ,
3703 3528 3838 3594 quod

2267 3630 2369 3666 non
2414 3613 2624 3676 vident,
2677 3623 2954 3681 propterea
3002 3614 3243 3680 dignatus
3287 3621 3369 3666 est
3413 3622 3467 3666 et
3507 3630 3598 3680 per
3649 3630 3841 3685 corpus

2265 3705 2432 3758 oculis
2461 3715 2799 3773 conspectum
2829 3703 2907 3755 sui
2941 3704 3176 3772 praebere
3197 3745 3210 3769 ,
3245 3715 3295 3756 ttl
3325 3703 3706 3759 dubitationem
3741 3710 3844 3761 tol-

2265 3795 2414 3848 feret.
2449 3795 2512 3847 lit
2558 3795 2793 3847 nascitur
2831 3809 2894 3847 ex
2940 3793 3182 3862 Virgine,
3209 3809 3325 3861 qua:
3366 3810 3476 3847 rem
3523 3798 3839 3864 ignorabat:

2266 3901 2385 3938 nam
2422 3900 2590 3954 neque
2628 3895 2908 3952 conparata
2954 3894 3036 3937 est
3070 3885 3134 3936 ad
3175 3900 3284 3937 rem
3315 3886 3598 3954 gerendam
3620 3927 3635 3951 ,
3669 3903 3842 3955 neque

2263 3976 2482 4030 contulit
2507 3977 2771 4045 quippiam
2805 3977 2867 4028 ad
2898 3976 2948 4028 id
2979 3977 3116 4044 quod
3167 3977 3320 4030 fiebat
3346 3996 3357 4029 :
3388 3978 3477 4030 sed
3515 3978 3712 4031 nudum
3746 3980 3842 4034 fuit

2265 4080 2469 4118 arcana:
2491 4067 2697 4119 virtutis
2718 4066 2829 4133 ejus
2861 4068 3288 4129 instrtnnentmn;
3317 4077 3512 4120 tantum
3545 4068 3592 4120 id
3620 4080 3840 4123 noverat

2264 4155 2399 4224 quod
2431 4171 2495 4208 ex
2525 4154 2764 4209 Gabriele
2807 4155 3066 4208 sciscitata
3096 4154 3346 4208 didicerat
3380 4173 3389 4206 :
3424 4156 3682 4219 Quomodo
3718 4160 3841 4212 mihi

2265 4247 2346 4312 ﬁet
2378 4243 2530 4306 istud,
2562 4245 2678 4312 quia
2708 4245 2865 4296 virum
2892 4261 2990 4295 non
3023 4260 3265 4312 cognosco
3296 4242 3442 4310 (Luc.
3471 4246 3519 4297 1.
3553 4245 3839 4311 ὖιγέτυιιι

2264 4336 2434 4404 inquit
2463 4336 2544 4388 ille
2574 4351 2587 4386 :
2617 4334 2704 4387 Vis
2744 4335 2843 4387 hoc
2878 4334 3056 4388 scire?
3100 4335 3320 4402 Spiritus
3360 4345 3562 4387 sanctus
3602 4352 3840 4403 superve-

2265 4428 2362 4478 niet
2391 4427 2440 4477 in
2469 4435 2513 4477 te
2537 4465 2550 4487 ,
2578 4435 2623 4478 et
2665 4427 2817 4478 virtus
2858 4425 3100 4477 Allissinti
3136 4424 3439 4476 obumbrabit
3480 4425 3564 4476 tibi
3592 4423 3754 4493 (Ibid.
3788 4445 3835 4480 ν.

2264 4517 2376 4583 '55).
2417 4515 2482 4568 Et
2524 4515 2790 4583 quomodo
2837 4529 2955 4568 cum
2991 4515 3099 4582 ipsa
3146 4522 3292 4578 erat,
3322 4523 3374 4568 et
3415 4516 3572 4581 paulo
3616 4525 3733 4584 post
3773 4534 3838 4572 ex

2265 4607 2414 4675 ipsa?
2442 4605 2894 4673 Quemadmodum
2923 4604 3111 4657 artifex
3135 4645 3149 4668 ,
3176 4605 3383 4657 inventa
3418 4606 3636 4659 materia
3667 4607 3841 4661 utilis-

2266 4699 2432 4761 sima,
2476 4711 2567 4750 vas
2614 4696 3023 4764 pulcherrimum
3073 4694 3396 4748 fabricatur:
3432 4695 3499 4747 ita
3550 4695 3797 4750 Christus
3836 4748 3849 4765 ,

2267 4788 2479 4840 inventu
2506 4786 2721 4853 virginis
2765 4794 2947 4837 saneto
2992 4799 3212 4851 corpore
3258 4794 3310 4837 et
3339 4783 3511 4837 anima
3537 4825 3550 4847 ,
3583 4787 3837 4853 templum

2266 4879 2364 4931 sibi
2406 4877 2698 4931 construxit
2735 4877 3059 4938 animatum,
3084 4885 3139 4929 et
3182 4874 3450 4928 hominem
3489 4891 3592 4944 qua
3633 4878 3844 4934 ratione

2267 4969 2460 5033 voluit,
2489 4967 2782 5021 efformavit
2823 4983 2885 5019 ex
2915 4967 3116 5034 virgine
3141 5007 3155 5030 ,
3185 4981 3408 5035 eumque
3438 4965 3650 5019 indutus
3679 4965 3805 5020 hodi
3832 4997 3839 5006 -

2267 5062 2543 5129 processit,
2574 5073 2742 5126 neque
2771 5067 2969 5110 natur-.9.
2991 5057 3378 5110 deformitatem
3405 5058 3632 5110 erubuit.
3656 5057 3840 5125 Neque

2269 5153 2407 5204 cnitn
2439 5150 2746 5218 probrosum
2773 5148 2844 5199 illi
2875 5147 2989 5205 fuit.
3015 5157 3070 5198 ut
3089 5161 3239 5199 suum
3268 5160 3400 5212 Opus
3428 5146 3541 5213 ipse
3567 5154 3799 5213 gestaret
3829 5161 3842 5196 :

2267 5245 2436 5313 ipsum
2467 5255 2672 5309 quoque
2699 5239 2964 5307 Opificium
2997 5241 3220 5291 maxima
3243 5240 3406 5307 gloria
3433 5236 3802 5290 cumulabatur
3828 5275 3843 5299 ,

2267 5333 2406 5403 quod
2433 5331 2632 5400 opiﬁcis
2653 5332 2731 5383 sui
2764 5330 2914 5383 fieret
2935 5330 3314 5382 indumentum.
3341 5327 3469 5380 Nam
3493 5327 3849 5396 quemadmo-

2268 5426 2388 5477 dum
2430 5424 2480 5476 in
2509 5422 2673 5489 prima
2721 5420 3032 5473 formatione
3061 5421 3172 5473 fieri
3196 5435 3298 5472 non
3324 5428 3531 5487 poterat
3558 5459 3570 5479 ,
3599 5430 3651 5470 ut
3678 5417 3852 5481 homo

2268 5516 2695 5578 constitueretur,
2715 5523 2993 5581 antequam
3015 5511 3178 5564 lutum
3199 5513 3245 5563 in
3266 5511 3377 5577 ejus
3395 5524 3580 5561 manus
3597 5510 3847 5564 veniret:

2270 5609 2338 5660 ita
2371 5606 2479 5659 fieri
2513 5604 2693 5671 nequit
2719 5612 2773 5655 ut
2804 5618 2895 5655 vas
2925 5600 3261 5670 corruptibile
3296 5609 3707 5666 transmutctur,
3741 5601 3852 5656 nisi

2271 5695 2360 5748 fiat
2387 5692 2599 5762 Opificis
2631 5693 3015 5746 indumentum.

2337 5831 2350 5859 ³
2388 5833 2522 5888 Reg.,
2547 5821 2851 5884 corruptibile
2874 5829 2916 5870 et
2939 5819 3153 5872 mortale.
