4096 6538
256 495 366 549 389

322 581 377 634 2.
406 580 479 651 (a)
508 580 613 635 Sed
654 580 780 651 quid
808 580 978 636 dicam
1000 623 1015 649 ,
1047 591 1137 636 aut
1182 583 1303 653 quid
1349 584 1565 655 loquar?
1592 583 1815 637 Miracu-

255 670 359 723 lutn
399 671 539 724 enim
586 672 639 725 in
681 672 1084 726 admirationem
1132 688 1217 729 me
1264 673 1511 728 traducit.
1556 675 1819 743 Antiquus

254 760 460 813 dit-rum
486 761 653 814 factus
679 771 759 817 est
783 762 974 826 infans,
1004 772 1058 817 et
1082 763 1171 832 qui
1198 763 1249 817 in
1277 764 1414 818 solio
1435 763 1648 818 sublimi
1681 778 1817 831 prte-

253 852 500 919 celsoque
528 852 804 918 considet,
838 852 888 906 in
921 854 1179 921 prtesepio
1218 855 1463 922 ponitur;
1496 861 1551 909 et
1588 853 1677 922 qui
1721 853 1820 906 im-

255 941 528 1007 palpabilis
566 951 621 997 et
664 942 926 1011 simplex,
971 952 1023 998 et
1067 944 1447 1013 incompositus
1473 984 1489 1009 ,
1536 953 1695 1013 atque
1739 942 1818 996 in-

254 1045 536 1097 corporeus
579 1042 694 1096 est,
724 1033 967 1088 humanis
1012 1034 1254 1088 manibus
1294 1041 1656 1088 contractatur
1686 1050 1697 1062 ο
1727 1035 1817 1101 qui

254 1134 587 1196 peccaton
632 1125 841 1178 vincula
881 1125 1201 1195 disrumpit,
1242 1124 1455 1190 fasciis,
1491 1129 1610 1194 quia
1663 1129 1815 1190 vult.

252 1217 545 1285 stringitur.
578 1214 772 1270 Statuit
801 1216 941 1270 enim
970 1216 1309 1285 ignominiam
1339 1226 1545 1271 vertere
1570 1218 1622 1271 in
1649 1218 1817 1273 hono-

251 1322 398 1371 rem,
432 1305 700 1359 infamiam
748 1305 965 1359 induere
990 1306 1153 1374 gloria
1178 1347 1195 1372 ,
1227 1316 1280 1361 ct
1303 1307 1636 1361 contumelia:
1681 1308 1817 1364 tinea

250 1397 462 1451 modum
490 1396 698 1449 virtutis
723 1395 1023 1451 ostendere.
1045 1396 1242 1452 Idcirco
1267 1411 1441 1451 meum
1467 1412 1659 1468 corpus
1686 1399 1815 1454 sub-

172 1540 175 1543 .
250 1488 323 1553 it,
357 1498 411 1543 ut
437 1490 552 1559 ejus
584 1490 740 1544 Verbi
780 1505 878 1561 ego
905 1505 1070 1559 capax
1113 1489 1348 1555 flam;et
1374 1507 1546 1547 meam
1600 1507 1814 1547 carnem

249 1578 542 1647 suscipiens
561 1620 577 1647 ,
600 1579 851 1649 Spiritum
880 1580 1009 1634 mihi
1038 1595 1193 1634 suum
1224 1581 1470 1652 largiens,
1500 1592 1558 1637 ut
1587 1583 1818 1653 largiens

248 1676 299 1719 et
335 1669 601 1739 accipiens
632 1672 752 1724 vita:
778 1670 903 1723 mihi
934 1670 1239 1724 thesaurum
1264 1682 1557 1741 comparet.
1588 1672 1812 1728 Carnem

249 1772 417 1810 meam
447 1760 685 1829 suscipit,
704 1768 761 1813 ut
787 1774 870 1814 tne
895 1759 1480 1831 sanctificet:Spiritum
1512 1762 1637 1815 mihi
1660 1778 1813 1817 suum

249 1845 463 1917 largitur
485 1890 499 1913 ,
531 1860 588 1904 ut
618 1851 818 1904 salvum
857 1865 942 1904 me
977 1849 1155 1904 faciat.
1179 1848 1284 1905 Sed
1322 1851 1447 1921 quid
1490 1851 1662 1907 dicam
1686 1893 1701 1918 ,
1724 1865 1816 1909 aut

247 1937 369 2005 quid
416 1940 633 2009 loquar?
664 1940 794 1994 Ecce
836 1940 973 2010 virgo
1009 1941 1249 2010 concipiet
1277 1941 1431 2009 (lsai.
1473 1943 1525 1997 7.
1560 1941 1670 2013 14).
1697 1943 1814 1998 Non

242 2024 349 2094 jam
377 2026 585 2092 dicitur,
611 2038 667 2083 ut
691 2028 942 2094 futurum,
963 2028 1055 2084 sed
1079 2030 1361 2099 suspicitur
1388 2033 1567 2101 utjam
1594 2033 1811 2089 factum.

247 2119 417 2184 Atque
455 2118 593 2187 apud
621 2119 833 2174 Judteos
876 2119 1089 2189 quidem
1125 2120 1316 2176 factum
1362 2132 1445 2177 est
1466 2165 1480 2190 ,
1512 2124 1651 2193 apud
1679 2141 1814 2195 quos

245 2208 515 2262 dicebatur
540 2227 553 2262 :
577 2225 605 2263 a
638 2212 788 2265 nobis
812 2219 985 2265 autem
1010 2211 1261 2275 creditur,
1289 2214 1429 2283 apud
1466 2230 1598 2285 quos
1621 2231 1690 2272 ne
1719 2232 1815 2270 no-

245 2298 541 2352 minabatur
567 2299 799 2369 quidem.
817 2299 947 2354 Ecce
968 2301 1105 2369 virgo
1124 2303 1381 2373 concipiet.
1406 2303 1579 2358 Litera
1600 2306 1812 2375 quidem

244 2402 522 2458 synagoga:
539 2399 642 2455 est,
664 2390 929 2459 passessio
949 2405 1076 2445 vero
1097 2391 1365 2447 Ecclesiae.
1382 2393 1471 2446 Illa
1496 2395 1713 2451 tabellas
1733 2396 1813 2451 in-

245 2481 405 2541 venit,
430 2479 543 2535 haec
563 2482 900 2551 margaritam
924 2482 1182 2537 inveniet:
1206 2483 1291 2537 illa
1316 2486 1485 2539 lanam
1508 2486 1679 2552 tinxit,
1699 2487 1813 2543 haec

245 2581 388 2625 veste
433 2587 689 2641 purpurea
725 2581 810 2628 est
852 2573 1049 2627 induta.
1098 2573 1369 2643 Siquidem
1413 2576 1591 2631 Judaea
1638 2578 1809 2647 ipsum

244 2664 492 2730 peperit,
536 2676 589 2717 at
634 2665 779 2719 orbis
828 2674 1091 2718 terrarum
1151 2666 1322 2734 ipsum
1370 2671 1598 2738 excepit.
1642 2669 1813 2740 Syna-

241 2766 371 2820 goga
416 2755 584 2821 ipsum
625 2755 754 2808 aluit
795 2764 847 2808 et
889 2754 1131 2808 educavit
1163 2772 1176 2808 :
1208 2755 1496 2809 Ecclesiam
1525 2757 1694 2825 ipsum
1728 2769 1809 2813 te—

242 2843 390 2904 nuit,
435 2858 604 2911 eoque
649 2845 811 2911 potita
859 2854 958 2897 est.
1010 2843 1163 2912 Apud
1215 2843 1357 2897 illam
1404 2845 1605 2913 palmes
1652 2848 1807 2912 vitis,

241 2942 294 2985 ct
332 2933 468 3000 apud
511 2949 595 2986 me
643 2949 883 2987 racemus
912 2934 1162 2987 veritatis.
1190 2933 1283 2987 illa
1320 2948 1589 2987 racemum
1628 2935 1811 2990 vinde.

242 3022 455 3085 miavit,
486 3030 539 3076 et
584 3032 769 3091 gentes
820 3023 1093 3092 mysticam
1146 3023 1413 3091 potionem
1462 3023 1665 3078 bibunt.
1718 3025 1807 3079 illa

240 3126 458 3177 granum
513 3110 759 3165 frumenti
818 3111 869 3164 in
919 3110 1099 3166 Judtea
1142 3112 1455 3177 seminavit;
1506 3121 1561 3166 et
1626 3124 1808 3183 gentes

242 3201 359 3252 inici
408 3199 539 3255 falce
577 3209 808 3265 segetem
863 3210 1211 3255 messuerunt.
1252 3199 1449 3256 Gentes
1500 3214 1674 3256 roslm
1726 3205 1809 3271 pie

239 3290 648 3357 decerpserunt,
680 3299 734 3343 et
769 3290 905 3358 apud
955 3289 1165 3344 Judaaos
1224 3292 1374 3359 spina
1426 3290 1808 3349 incredulitatis

240 3380 532 3434 remansit:
565 3378 737 3448 pullus
776 3379 1004 3433 avolavit
1028 3420 1042 3440 ,
1089 3389 1141 3431 et
1179 3379 1410 3435 assident
1451 3380 1574 3433 nido
1622 3383 1805 3437 stulti:

239 3466 365 3522 folia
393 3471 558 3522 litera:
584 3470 999 3537 interpretantur
1018 3469 1215 3532 Judaei,
1247 3480 1301 3524 et
1328 3468 1552 3523 fructum
1580 3470 1807 3539 Spiritus

239 3567 423 3626 gentes
461 3559 773 3627 decerpunt.
816 3557 946 3611 Ecce
980 3560 1117 3628 virgo
1163 3559 1215 3611 in
1244 3568 1385 3613 utero
1422 3560 1682 3626 concipiet.
1717 3562 1807 3617 Dic

240 3649 390 3712 mihi,
420 3649 635 3715 Judzne,
677 3648 761 3702 die
804 3648 931 3701 mihi
987 3663 1162 3717 porro,
1212 3664 1367 3719 quem
1413 3650 1652 3718 peperit?
1678 3650 1808 3707 Fide

239 3739 393 3805 mihi,
421 3740 607 3794 saltem
641 3748 699 3793 ut
733 3740 945 3795 Herodi.
973 3740 1078 3795 Sed
1100 3755 1206 3795 non
1237 3740 1375 3794 fidis.
1408 3740 1528 3794 Scio
1558 3757 1711 3811 quam
1738 3744 1806 3797 ob

237 3844 452 3885 Causam
485 3848 499 3883 :
530 3840 746 3900 propter
786 3831 1023 3885 insidias.
1066 3832 1145 3886 illi
1190 3832 1330 3885 enim
1375 3831 1574 3898 dixisti,
1602 3843 1655 3887 ut
1682 3850 1804 3888 eum

239 3920 558 3974 interficeret
591 3938 604 3973 :
642 3919 769 3973 mihi
798 3935 921 3974 vero
946 3934 1049 3974 non
1072 3921 1223 3983 dicis,
1252 3931 1305 3973 ut
1330 3937 1396 3975 ne
1424 3937 1543 3975 eum
1568 3922 1803 3976 adorem.

237 4011 535 4074 Quemnam
585 4024 713 4064 vero
758 4011 996 4079 peperit?
1027 4010 1357 4076 Quemnam?
1384 4010 1594 4065 Natura:
1626 4013 1805 4067 Domi-

238 4114 384 4151 num.
417 4099 562 4152 Licet
611 4100 752 4152 enim
795 4108 850 4151 tu
893 4100 1070 4165 sileas,
1102 4100 1293 4152 clamat
1346 4110 1528 4153 natura
1560 4117 1573 4152 :
1604 4102 1807 4169 peperit

235 4188 404 4252 enim,
431 4196 485 4239 ut
512 4188 674 4240 voluit
700 4196 849 4255 partu
888 4186 993 4250 edi,
1021 4187 1111 4256 qui
1146 4196 1294 4254 partu
1343 4196 1428 4241 est
1475 4188 1665 4241 editus.
1694 4189 1804 4242 Non

233 4279 377 4330 enim
420 4276 469 4329 id
517 4291 546 4329 a
592 4284 775 4329 natura
817 4276 1235 4344 permittebatur,
1263 4276 1356 4331 sed
1385 4286 1439 4330 ut
1466 4286 1665 4332 natura:
1707 4280 1809 4331 Do-

240 4368 415 4420 minus
437 4367 739 4420 inusitatum
765 4366 1050 4420 nativitatis
1068 4368 1281 4419 modum
1305 4368 1526 4433 invexit,
1552 4378 1605 4421 ut
1631 4378 1808 4423 osten-

239 4455 328 4509 dat
353 4471 416 4510 se
443 4455 710 4510 hominem
738 4454 953 4521 factum,
982 4472 1086 4509 non
1119 4467 1173 4510 ut
1209 4458 1474 4511 hominem
1520 4472 1670 4526 partu
1701 4460 1803 4525 edi,

239 4545 331 4599 sed
372 4555 432 4597 ut
477 4546 638 4598 Deum
681 4545 846 4599 nasci.
880 4545 952 4598 Ex
989 4546 1200 4614 Virgine
1221 4546 1380 4615 igitur
1406 4546 1561 4601 hodie
1591 4548 1803 4616 prodiit,

238 4652 355 4703 qua:
410 4645 652 4688 naturam
704 4636 849 4700 vicit,
894 4645 947 4689 et
1000 4637 1205 4704 nuptias
1258 4638 1565 4704 super-aviti.
1600 4639 1808 4695 Etenim

237 4726 537 4780 sanctitatis
574 4726 931 4794 Dispensatori
975 4728 1343 4791 conveniebat,
1370 4736 1425 4781 ut
1452 4744 1581 4796 puro
1607 4738 1659 4783 et
1686 4746 1806 4783 san-

238 4826 323 4869 cto
353 4824 507 4885 partu
539 4818 589 4869 iu
620 4817 787 4869 lucem
831 4816 1093 4871 ederetur.
1130 4817 1245 4885 ipse
1278 4834 1501 4887 namque
1528 4828 1630 4884 est,
1661 4821 1749 4888 qui
1777 4837 1807 4874 e

241 4915 380 4961 terra
410 4906 614 4973 virgine
642 4906 904 4974 quondam
933 4906 1179 4959 formavit
1206 4906 1483 4969 Adamum,
1508 4924 1575 4961 ex
1607 4910 1806 4963 Adamo

239 5014 370 5052 vero
409 4998 529 5052 sine
575 4998 797 5051 muliere
843 4999 1115 5051 mulierem
1153 4998 1466 5052 cfi‘ormavit.
1493 4999 1638 5052 Sicut
1665 5003 1806 5055 enim

238 5092 351 5143 sine
394 5088 621 5141 muliere
665 5086 883 5155 protulit
921 5090 1196 5143 mulierem
1244 5089 1495 5151 Adamus,
1528 5092 1603 5144 sic
1647 5093 1803 5143 etiam

242 5180 398 5247 Virgo
426 5180 542 5232 sine
571 5179 681 5230 viro
714 5177 979 5231 hominem
1030 5175 1185 5233 hodie
1221 5180 1440 5249 peperit.
1474 5180 1641 5233 liomo
1665 5182 1805 5235 enim

237 5271 558 5338 est,inquit,
608 5279 661 5322 et
704 5272 821 5337 quis
870 5279 1153 5338 cognoscet
1206 5273 1361 5325 eum?
1389 5272 1520 5325 Nam
1560 5275 1805 5340 quoniam

238 5359 544 5414 hominibus
588 5374 752 5427 genus
798 5359 1051 5413 muliebre
1100 5359 1410 5413 beneficium
1441 5361 1687 5427 debebat,
1722 5374 1807 5415 ut-

241 5463 359 5521 pote
390 5450 537 5520 quod
564 5450 726 5502 Adam
752 5451 867 5504 sine
894 5452 1113 5504 muliere
1141 5452 1412 5504 mulierem
1440 5451 1762 5521 produxerat
1789 5470 1802 5505 :

240 5550 523 5609 propterea
564 5539 711 5606 virgo
757 5540 870 5592 sine
910 5540 1019 5592 viro
1044 5540 1201 5594 hodie
1234 5541 1457 5609 peperit,
1488 5556 1549 5596 ac
1577 5556 1671 5609 pro
1699 5541 1805 5595 Eva

305 5711 318 5771 τ
358 5716 500 5771 333.,
604 5706 797 5767 prodiit,
824 5714 1041 5771 notarem
1063 5709 1265 5766 vincens,
1290 5716 1479 5771 nuntias
1500 5723 1747 5771 superans.

301 5769 373 5829 (tt)
409 5776 524 5823 Qua:
563 5774 829 5829 sequuntur
859 5768 921 5814 de
962 5769 1288 5829 incarnatione
1322 5768 1492 5819 Christi
1530 5768 1809 5821 concinnata

241 5824 451 5878 citantur
467 5838 496 5877 ι
516 5833 561 5876 5.
586 5824 759 5887 erdio
782 5825 1113 5886 Alexandrino,
1133 5829 1178 5878 in
1205 5828 1324 5877 libro
1355 5832 1411 5877 ad
1439 5834 1652 5892 tteginas.

1377 469 1441 525 iN
1479 467 1803 524 NATALEM
1840 463 2109 521 CHRISTI
2149 466 2329 522 DIEM.

3373 481 3483 533 390

1926 581 2159 637 debitum
2198 582 2293 636 viri
2325 581 2594 651 persolvit.
2626 582 2695 638 Ut
2716 583 2857 637 enim
2883 598 2989 638 non
3018 588 3313 655 superhiret
3340 592 3481 640 Ada-

1927 684 2064 734 mus,
2094 672 2233 741 quod
2255 672 2370 727 sine
2395 671 2613 727 muliere
2640 673 2911 727 mulierem
2933 674 3256 745 protulisset,
3288 674 3483 730 idcirco

1925 770 1980 817 et
2000 762 2187 817 mulier
2206 763 2319 818 sine
2338 765 2455 818 viro
2478 764 2680 833 peperit
2698 764 2888 829 virum,
2915 774 2968 818 ut
2989 764 3225 818 miraculi
3248 778 3460 817 commu

1925 850 2084 906 uione
2113 861 2314 908 naturae
2341 854 2694 923 aequalitatem
2719 854 3039 909 ostenderet.
3069 854 3197 908 Nam
3225 852 3482 923 quemad-

1923 944 2137 998 modum
2163 945 2229 999 ab
2259 945 2461 1000 Adamo
2488 954 2693 1000 costam
2721 946 2956 1009 abstulit,
2986 955 3039 1000 et
3060 945 3321 1000 Adamum
3352 944 3482 998 nihil

1923 1033 2185 1089 imminuit
2217 1052 2230 1089 :
2260 1037 2337 1091 sic
2375 1046 2428 1091 et
2458 1038 2508 1091 in
2535 1036 2750 1106 Virgine
2785 1038 3075 1090 animatum
3127 1036 3373 1104 templum
3402 1036 3480 1089 ef--

1923 1122 2092 1190 ﬁnxit,
2119 1135 2173 1180 et
2200 1126 2548 1197 virginitatem
2579 1128 2793 1182 minime
2830 1128 3008 1180 solvit.
3037 1127 3302 1181 Saivuset
3331 1127 3470 1180 incoo

1918 1212 2078 1267 iumis
2115 1217 2369 1270 remansit
2413 1217 2570 1271 etiam
2617 1227 2736 1286 post
2776 1226 2935 1270 costa:
2966 1217 3306 1285 privationem
3338 1214 3477 1268 Ada-

1920 1304 2397 1375 mus:incorrupta
2444 1308 2601 1360 etiam
2656 1307 2803 1376 virgo
2848 1308 3156 1374 permansit,
3204 1315 3477 1374 postquam

1921 1391 2092 1447 infans
2118 1409 2181 1448 ex
2209 1410 2269 1451 ea
2300 1395 2511 1465 prodiit.
2542 1396 2741 1452 ideirco
2777 1408 2952 1452 autem
2993 1412 3097 1453 non
3142 1397 3354 1451 aliunde
3380 1397 3488 1453 sibi

1922 1483 2175 1552 templum
2202 1486 2480 1549 exstruxit.
2512 1502 2680 1556 neque
2701 1488 2841 1541 aliud
2864 1503 3054 1557 corpus
3080 1488 3358 1541 formatum
3398 1488 3481 1540 in-

1920 1573 2052 1639 duit,
2077 1592 2145 1630 ne
2169 1592 2396 1631 massam
2421 1579 2606 1632 Adami
2631 1580 2945 1634 contumelia
2965 1579 3178 1634 afficere
3195 1578 3477 1633 videretur.

1918 1664 2047 1719 Nam
2074 1669 2319 1735 quoniam
2365 1669 2612 1739 deceptus
2641 1670 2820 1738 homo,
2851 1671 3043 1725 diaboli
3074 1671 3479 1725 instrumentum

1919 1754 2084 1809 factus
2107 1766 2238 1822 erat,
2268 1761 2731 1828 propterealipsum
2761 1763 2847 1829 qui
2874 1762 3236 1830 supplantatus
3270 1761 3475 1815 fuerat‘

1921 1856 2182 1917 tamquam
2230 1851 2514 1904 animatum
2569 1852 2823 1919 templum
2862 1852 3109 1915 assumit,
3154 1864 3212 1905 ut
3265 1861 3480 1920 propter

1918 1934 2053 1991 hanc
2079 1952 2197 1991 cum
2226 1954 2321 1993 suo
2344 1939 2626 1993 Conditore
2651 1941 3075 2009 coojunctionem
3107 1942 3275 2009 ipsum
3304 1956 3334 1995 a
3363 1941 3477 1995 dia-

1918 2026 2023 2080 boli
2055 2030 2439 2084 consuetudine
2469 2046 2529 2085 ac
2552 2030 2903 2087 familiaritate
2931 2033 3225 2087 divelleret.
3256 2032 3478 2088 Verum-

1918 2123 2094 2171 tamen
2121 2117 2245 2172 dum
2286 2118 2343 2173 fit
2385 2119 2565 2184 homo,
2595 2137 2698 2175 non
2722 2130 2778 2175 ut
2806 2123 2963 2176 homo
2992 2132 3141 2191 partu
3166 2122 3357 2187 editur,
3386 2123 3479 2180 sed

1916 2214 1975 2260 ut
2005 2207 2144 2262 Deus
2170 2211 2417 2264 nascitur.
2449 2210 2503 2265 Si
2534 2214 2673 2266 enim
2699 2227 2765 2268 ex
2794 2214 3058 2267 communi
3088 2214 3333 2282 conjugio
3354 2228 3481 2283 pro—

1915 2296 2102 2351 diisset
2131 2307 2185 2351 ut
2212 2314 2331 2369 ego,
2362 2300 2669 2370 figmentum
2698 2318 2727 2355 a
2756 2303 2911 2371 vulgo
2937 2304 3267 2358 existimatus
3295 2314 3432 2359 esset
3462 2322 3473 2356 :

1910 2384 2021 2454 jam
2050 2403 2177 2443 vero
2204 2389 2400 2444 idcirco
2422 2407 2488 2446 ex
2514 2390 2726 2462 Virgine
2751 2394 3002 2459 nascitur,
3036 2408 3257 2448 nascens
3279 2402 3475 2461 autem,

1916 2485 1970 2531 et
1998 2488 2205 2533 uterum
2234 2481 2490 2537 illibatum
2514 2494 2811 2549 conservat,
2835 2493 2889 2538 et
2918 2485 3281 2539 intemeratam
3312 2485 3475 2556 virgi-

1914 2566 2130 2622 nitatem
2149 2570 2396 2635 custodit,
2419 2583 2475 2626 ut
2504 2572 2778 2627 inusitatus
2801 2574 3035 2642 pariendi
3062 2574 3247 2628 modus
3274 2589 3477 2645 magna:

1914 2659 2042 2713 mihi
2071 2660 2191 2716 fidei
2228 2663 2534 2717 conciliator
2580 2665 2819 2719 exsistat.
2849 2663 2999 2718 Unde
3019 2663 3133 2718 sive
3161 2678 3245 2717 me
3269 2663 3475 2733 gentilis

1912 2740 2025 2796 sive
2048 2742 2262 2798 Iudaeus
2286 2746 2594 2815 interroget,
2627 2761 2751 2798 num
2776 2745 3017 2801 Christus
3037 2761 3157 2800 cum
3189 2747 3475 2803 secundum

1912 2842 2151 2886 naturam
2182 2834 2319 2888 Deus
2339 2844 2497 2899 esset,
2523 2835 2680 2889 homo
2706 2846 2897 2905 praeter
2922 2849 3161 2891 naturam
3188 2839 3258 2892 sit
3286 2838 3474 2907 factus,

1912 2913 2105 2981 dicam,
2133 2916 2219 2972 Sic
2246 2928 2326 2971 est
2351 2935 2363 2970 :
2389 2927 2443 2973 et
2481 2928 2669 2974 testem
2715 2921 3017 2975 inviolatum
3062 2922 3374 2991 virginitatis
3396 2926 3473 2979 sig

1910 3005 2095 3073 gilium
2126 3007 2299 3061 citabo
2331 3024 2345 3060 :
2375 3008 2442 3061 ita
2490 3024 2714 3078 namque
2755 3010 2891 3063 Deus
2921 3019 3018 3075 est,
3045 3012 3131 3081 qui
3161 3021 3361 3067 natura
3388 3027 3475 3067 or-

1911 3094 2087 3149 dinem
2120 3099 2331 3152 vincat:
2362 3098 2432 3152 ita
2482 3101 2679 3154 ventris
2726 3108 2807 3155 est
2855 3100 3025 3167 fictor,
3070 3112 3123 3155 et
3163 3102 3473 3171 virginitatis

1911 3187 2175 3254 inventor,
2207 3189 2296 3259 qui
2333 3199 2385 3243 et
2431 3190 2821 3245 immaculatum
2880 3192 3123 3247 habuerit
3191 3196 3475 3249 nativitatis

1914 3277 2150 3343 modum,
2177 3289 2232 3334 et
2272 3280 2604 3336 ineffabiliter
2653 3284 2903 3352 templum
2953 3284 3074 3347 sibi,
3105 3300 3208 3353 quo
3253 3286 3475 3341 voluerit

1910 3368 2087 3434 modo,
2115 3372 2488 3426 construxerit.
2522 3372 2612 3426 Dic
2640 3374 2765 3426 mihi
2794 3388 2948 3443 ergo,
2973 3374 3170 3439 Juda2e,
3202 3378 3474 3444 peperitne

1910 3461 2074 3529 virgo,
2102 3463 2384 3518 annou'ISi
2437 3464 2579 3518 enim
2629 3466 2849 3533 peperit,
2899 3466 3199 3519 inusitatum
3254 3475 3459 3536 partum

1909 3549 2161 3605 coniltere
2189 3567 2201 3600 :
2236 3552 2374 3620 quod
2419 3553 2461 3606 si
2486 3568 2589 3606 non
2618 3556 2840 3621 peperit,
2868 3569 2962 3607 cur
2988 3554 3249 3608 iierodem
3280 3555 3471 3610 fefelli-

1908 3639 2009 3693 sti?
2034 3639 2115 3694 Tu
2133 3641 2276 3695 enim
2304 3642 2401 3710 ipsi
2419 3644 2724 3707 sciscitanti,
2758 3644 2844 3697 ubi
2875 3642 3117 3698 Christus
3141 3656 3469 3711 nasceretur,

1909 3728 2105 3797 dixisti,
2140 3731 2194 3785 In
2225 3732 2491 3787 Bethleem
2516 3732 2730 3787 Iudaeas.
2771 3734 2904 3789 Num
2949 3735 3103 3805 igitur
3146 3751 3242 3805 ego
3286 3751 3471 3807 pagum

1910 3833 2159 3874 noveram
2190 3830 2279 3874 aut
2301 3822 2473 3876 locum
2501 3822 2709 3891 (Matth.
2755 3824 2810 3877 2.
2838 3825 2932 3892 5)?
2960 3842 3082 3878 num
3123 3840 3220 3895 ego
3249 3826 3473 3895 dignita-

1912 3920 2015 3965 tem
2044 3912 2157 3981 ejus
2186 3916 2274 3983 qui
2302 3923 2453 3967 natus
2482 3925 2595 3968 erat
2622 3924 2950 3984 perspectam
2981 3915 3273 3969 habebam?
3299 3932 3475 3971 nonne

1910 4003 2071 4059 isaias
2116 4006 2279 4074 ipsius
2324 4016 2586 4075 tamquam
2632 4006 2723 4060 Dei
2762 4008 3085 4061 mentionem
3114 4007 3273 4062 fecit?
3304 4006 3476 4062 Parict

1910 4095 2068 4158 enim,
2099 4095 2285 4163 inquit,
2322 4096 2505 4162 ﬁlium,
2547 4104 2595 4147 et
2632 4098 2873 4148 uocabunt
2908 4112 3084 4149 nomen
3125 4099 3232 4166 ejus
3270 4096 3476 4149 Emma-

1912 4184 2027 4235 nuel
2075 4183 2222 4252 (irai.
2253 4185 2305 4237 7.
2338 4184 2445 4253 id).
2476 4184 2663 4238 Nonne
2690 4200 2784 4238 vos
2813 4186 3034 4253 improbi
3064 4187 3255 4239 inimici
3284 4187 3477 4239 verita-

1912 4281 2018 4326 tem
2048 4272 2443 4327 introduxistis?
2494 4290 2669 4327 nonne
2711 4290 2804 4328 vos
2834 4276 3019 4328 scriba:
3044 4283 3097 4329 et
3122 4274 3368 4329 Pharisaei
3392 4276 3472 4328 di-

1913 4362 2132 4432 ligentes
2179 4364 2307 4432 legis
2349 4363 2717 4417 observatores
2768 4380 2954 4419 omnes
2996 4380 3081 4419 res
3114 4366 3227 4433 ejus
3259 4382 3353 4420 nos
3377 4369 3477 4422 do-

1912 4453 2094 4505 cuistis
2122 4450 2335 4522 (Matth.
2362 4454 2414 4516 I,
2446 4452 2579 4521 25)?
2602 4454 2851 4522 numquid
2895 4454 3203 4508 iiebraicam
3246 4459 3473 4529 linguam

1914 4558 2011 4596 nos
2060 4543 2349 4597 callemus?
2402 4560 2573 4598 nonne
2627 4560 2718 4597 vos
2786 4545 3081 4613 Scripturas
3150 4548 3477 4618 interpretati

1913 4634 2076 4687 estis?
2108 4633 2391 4701 Postquam
2420 4634 2565 4703 virgo
2594 4636 2813 4702 peperit,
2841 4643 2895 4688 et
2936 4645 3214 4705 antequam
3246 4652 3474 4705 paretat,

1914 4740 1978 4779 ne
2008 4724 2273 4778 videretur
2320 4726 2466 4777 locus
2512 4726 2596 4779 ille
2642 4728 2690 4777 in
2735 4726 2954 4793 gratiam
3007 4726 3209 4781 Domini
3250 4734 3475 4798 exponi,

1914 4831 2089 4868 nonne
2134 4831 2225 4868 vos
2267 4816 2571 4885 interrogati
2624 4818 2689 4868 ab
2723 4815 2930 4869 iierode
2976 4826 3159 4871 testem
3206 4819 3477 4876 illic-limam

1916 4910 2223 4977 prophetam
2266 4909 2575 4975 protulistis,
2602 4917 2658 4960 ut
2684 4920 2982 4961 sermonem
3008 4920 3235 4963 vestrum
3286 4912 3479 4966 confir-

1915 5001 2114 5054 tnarct?
2143 5000 2205 5051 Et
2232 5013 2283 5051 tu
2310 5000 2470 5061 enim,
2501 5000 2687 5066 inquit,
2718 4999 2966 5051 Bethleem
3007 5000 3182 5052 domus
3229 5000 3472 5069 Ephrata,

1915 5106 2221 5157 nequaquam
2256 5089 2464 5140 minima
2498 5104 2547 5141 es
2577 5088 2628 5139 in
2649 5088 2952 5155 principibus
2972 5088 3111 5139 Juda
3141 5105 3159 5141 :
3189 5107 3247 5141 ex
3276 5104 3321 5142 te
3348 5094 3475 5145 enim

1915 5183 2038 5234 exiet
2084 5182 2206 5243 dum,
2234 5181 2317 5247 qui
2346 5190 2477 5249 reget
2514 5180 2752 5247 papulum
2805 5197 2964 5232 meum
3004 5179 3165 5233 Israel
3214 5182 3391 5250 (ΜὶεΙι.
3424 5187 3474 5239 5.

1912 5269 1966 5333 ‘2;
2000 5270 2183 5321 Matth.
2215 5270 2269 5323 9..
2294 5268 2369 5340 6).
2398 5270 2559 5323 Recte
2579 5270 2715 5323 dixit
2742 5271 3015 5338 propheta,
3047 5270 3127 5323 Ea:
3146 5282 3211 5323 te.
3237 5272 3309 5325 Ex
3332 5274 3476 5327 vobis

1915 5362 2062 5427 exiit,
2086 5371 2139 5413 ct
2166 5361 2215 5415 in
2247 5360 2427 5414 orbem
2459 5370 2713 5413 terrarum
2744 5362 2901 5414 venit.
2929 5362 3025 5427 Qui
3056 5364 3194 5414 enim
3222 5371 3320 5423 est,
3352 5380 3447 5430 pro

1916 5453 2183 5521 greditur;
2217 5450 2305 5519 qui
2331 5464 2457 5504 veto
2482 5466 2586 5504 non
2616 5459 2715 5512 est,
2740 5460 2967 5514 creatur,
2999 5460 3088 5503 aut
3115 5452 3186 5503 fit.
3208 5453 3277 5503 At
3298 5453 3406 5519 ipse
3424 5462 3475 5505 ct

1917 5556 2048 5603 erat.
2078 5554 2131 5596 ct
2171 5553 2290 5594 ante
2324 5551 2454 5605 erat,
2486 5550 2537 5592 et
2577 5555 2787 5609 semper
2826 5551 2965 5592 erat:
2992 5541 3079 5592 scd
3113 5550 3225 5593 erat
3263 5540 3473 5607 quidem

1918 5648 2127 5703 semper
2159 5644 2215 5686 ut
2258 5633 2393 5686 Deus
2419 5674 2431 5698 ,
2474 5630 2724 5685 mundum
2776 5631 3071 5699 gubernans
3115 5651 3124 5683 :
3164 5632 3316 5685 hodie
3352 5649 3474 5687 vero

1983 5771 1996 5801 ¹
2025 5768 2083 5837 in
2101 5775 2217 5877 iung.
2243 5766 2437 5828 legitur,
2482 5772 2670 5827 propter
2716 5765 2920 5827 idipsum
2966 5764 3092 5826 quod
3118 5765 3473 5817 instruimnnoti

1983 5843 2017 5877 i6
2042 5842 2099 5877 τι(
2120 5837 2269 5877 catur.

1920 5843 2017 5881 εδδε
2042 5837 2269 5880 τεαεαιιιν.
