4096 6522
669 408 769 463 391

665 514 893 582 prodiit:
926 524 980 569 nt
1036 515 1193 571 homo
1234 517 1480 586 populum
1537 518 1705 586 regit,
1762 527 1820 571 ut
1863 519 2002 573 Deus
2047 528 2222 572 autem

661 605 841 657 orbem
896 614 1152 659 terrarum
1202 608 1401 660 salvum
1453 606 1593 661 fecit.
1623 607 1666 661 Ο
1705 607 1959 677 benignos
2003 607 2219 661 hostes!

660 708 692 746 ο
743 695 1006 750 modesms
1054 711 1117 749 ac
1167 696 1322 750 miles
1376 708 1741 763 accusatores,
1791 700 1878 768 qui
1933 710 2111 752 natum
2168 700 2220 753 in

657 783 924 838 Bethleem
1002 786 1164 840 Deum
1243 802 1362 842 esse
1441 788 1800 856 imprudentes
1863 791 2217 844 indicarunt:

654 878 738 944 qui
769 878 1012 930 latentem
1041 880 1089 931 in
1121 880 1378 948 praesepio
1410 880 1683 933 Dominum
1715 891 1894 934 notum
1937 881 2212 948 fecerunt,

652 967 739 1033 qui
760 968 1018 1032 jacentem
1047 969 1096 1021 in
1120 971 1366 1036 spelunca
1394 969 1540 1022 inviti
1564 970 1876 1034 indicarunt,
1897 980 1948 1025 et
1964 971 2218 1026 beneficio

652 1059 893 1113 nolentes
917 1074 1009 1113 sua
1040 1071 1225 1129 sponte
1252 1075 1347 1114 nos
1385 1060 1705 1124 affecerunt,
1735 1063 2066 1125 revelarunt,
2097 1078 2215 1115 cum

650 1151 914 1204 occultare
952 1153 1309 1204 conarentur!
1367 1150 1525 1205 Vides
1581 1151 1850 1220 imperitos
1893 1152 2218 1221 magistros?

648 1241 774 1307 Qua:
797 1241 989 1295 docent
1019 1243 1116 1311 ipsi
1145 1243 1387 1296 nesciunt
1415 1261 1427 1295 :
1458 1243 1594 1297 fame
1617 1244 1838 1296 confecti
1869 1244 2123 1308 nutriunt,
2147 1244 2216 1296 si-

649 1333 838 1387 tientes
867 1341 1043 1402 potum
1072 1334 1337 1400 przcbent,
1367 1343 1597 1401 egestate
1621 1334 1786 1400 pressi
1812 1333 1996 1387 ditant.
2028 1334 2213 1388 Venite

646 1423 802 1492 igitur
833 1463 847 1488 ,
894 1423 1080 1477 festum
1109 1439 1324 1492 agamus
1346 1463 1359 1487 ,
1391 1425 1585 1483 venite.
1619 1425 2014 1479 'solemnitatem
2073 1427 2212 1480 celc-

644 1513 876 1567 bremns.
907 1513 1188 1566 inusitatus
1215 1514 1353 1566 enim
1382 1524 1462 1566 est
1490 1513 1784 1566 festivitatis
1810 1515 2015 1579 modus,
2048 1532 2212 1586 quan-

643 1606 923 1673 doquidem
962 1615 1014 1658 ct
1044 1605 1365 1658 incredibilis
1397 1615 1476 1657 est
1505 1620 1676 1658 sermo
1709 1606 2012 1660 nativitatis.
2044 1609 2210 1664 ilodie

645 1711 868 1764 namque
901 1703 1046 1749 vetus
1071 1695 1298 1748 solutum
1328 1703 1410 1748 est
1439 1695 1723 1760 vinculum,
1756 1695 1998 1750 diabolus
2025 1698 2210 1752 confu-

642 1808 734 1844 sus
761 1801 862 1856 est,
902 1791 1171 1845 daemones
1215 1791 1569 1860 aufugerunt,
1603 1791 1866 1846 destructa
1906 1806 2049 1846 mors
2089 1800 2204 1858 est,

643 1883 912 1950 paradisus
940 1891 1200 1936 reseratus
1231 1923 1245 1946 ,
1276 1882 1576 1937 maledictio
1605 1882 1774 1936 deleta
1799 1894 1898 1947 est,
1932 1893 2205 1952 peccatum

642 1993 670 2027 e
701 1974 872 2028 medio
901 1975 1162 2028 sublatum
1189 1984 1289 2038 est,
1319 1976 1588 2044 ablegatus
1611 1985 1691 2030 est
1711 1992 1880 2041 error,
1905 1979 2097 2031 veritas
2123 1993 2207 2031 re-

639 2063 768 2124 diit,
801 2071 852 2115 et
879 2063 1084 2130 pietatis
1123 2077 1298 2116 sermo
1329 2063 1669 2133 undequaque
1695 2066 2064 2120 disseminatus
2094 2078 2201 2133 est,

639 2163 692 2208 et
723 2155 994 2208 cucurrit:
1027 2156 1356 2209 conversatio
1404 2157 1631 2209 caelitum
1679 2157 1729 2209 in
1777 2160 1930 2212 terris
1979 2160 2203 2227 plantata

638 2255 716 2297 est
746 2261 758 2295 :
787 2245 954 2312 angeli
982 2260 1100 2297 cum
1154 2246 1454 2299 hominibus
1486 2248 1875 2300 communicant
1901 2290 1915 2312 ,
1963 2249 2201 2304 homines

637 2351 754 2389 cum
787 2337 985 2404 angelis
1026 2338 1283 2406 intrepide
1321 2340 1710 2407 colloquuntur.
1749 2341 1883 2407 Quid
1917 2342 2024 2394 ita?
2057 2343 2203 2408 Quo-

636 2430 775 2482 niam
807 2431 943 2482 Deus
970 2431 1019 2483 in
1052 2440 1243 2484 terram
1277 2432 1448 2492 venit,
1494 2443 1546 2485 et
1573 2433 1728 2486 homo
1760 2434 1810 2486 in
1840 2434 2026 2487 caelum
2048 2475 2062 2498 ,
2089 2449 2203 2488 om-

636 2520 720 2571 nia
753 2521 946 2586 passim
974 2521 1256 2574 commixta
1285 2532 1426 2575 sunt.
1460 2521 1613 2575 Venit
1638 2524 1775 2575 enim
1801 2525 1849 2576 in
1879 2533 2015 2578 terra
2037 2568 2050 2588 ,
2083 2542 2200 2579 cum

635 2619 775 2662 totus
807 2610 855 2660 in
885 2610 1015 2662 c:elo
1044 2611 1111 2662 sit
1141 2629 1151 2662 :
1181 2625 1407 2680 cumque
1438 2621 1576 2665 totus
1605 2613 1654 2664 in
1683 2614 1812 2666 caelo
1837 2615 1924 2678 sit,
1956 2624 2092 2668 totus
2122 2625 2203 2669 est

635 2699 686 2751 in
717 2709 874 2752 terra.
907 2698 1037 2752 Cum
1075 2709 1211 2753 esset
1250 2701 1386 2754 Dens
1412 2742 1422 2766 ,
1455 2700 1623 2756 factus
1648 2713 1727 2755 est
1752 2704 1942 2765 homo,
1973 2720 2076 2765 non
2107 2721 2200 2758 ne-

630 2805 761 2858 gans
789 2806 844 2843 se
873 2793 1033 2844 Deum
1063 2807 1178 2845 esse
1213 2811 1225 2844 :
1258 2808 1376 2845 cum
1409 2801 1552 2846 esset
1600 2789 1824 2847 Verbum
1873 2795 2159 2863 impatibile
2183 2838 2197 2859 ,

630 2881 798 2934 factus
825 2890 905 2934 est
930 2896 1054 2933 caro
1085 2899 1097 2932 :
1133 2889 1189 2934 ut
1214 2882 1472 2936 habitaret
1495 2884 1542 2935 in
1570 2884 1717 2937 nobis
1744 2898 1868 2938 caro
1902 2886 2067 2939 factus
2097 2896 2195 2939 est.

629 2970 767 3024 Deus
794 2971 931 3024 enim
967 2972 1134 3025 factus
1180 2989 1282 3024 non
1307 2984 1385 3025 est
1411 3014 1425 3037 ,
1467 2973 1560 3027 sed
1585 2983 1716 3027 erat.
1760 2975 2045 3042 Propterea
2074 2992 2198 3030 caro

631 3061 797 3114 factus
826 3071 940 3126 est,
975 3072 1028 3114 ut
1057 3079 1210 3131 quem
1237 3064 1421 3116 calum
1452 3079 1551 3116 non
1582 3066 1839 3131 capiebat,
1877 3067 2029 3119 hodie
2061 3083 2196 3135 pra:-

628 3154 831 3221 sepium
862 3156 1168 3222 susciperet.
1203 3155 1484 3224 Pr0pterea
1513 3157 1720 3224 ponitur
1753 3157 1802 3209 in
1838 3159 2112 3225 praesepio,
2144 3169 2199 3212 nt

627 3244 672 3297 is
705 3259 731 3295 a
760 3259 862 3311 quo
889 3245 1188 3297 nutriuntur
1217 3247 1390 3298 omnia
1417 3246 1620 3314 pueruli
1649 3248 1952 3299 alimentum
1981 3263 2008 3299 a
2039 3248 2194 3315 virgi-

627 3350 694 3386 ne
734 3346 899 3388 matre
942 3337 1182 3402 accipiat.
1237 3336 1517 3403 Propterea
1558 3336 1848 3389 futurorum
1881 3337 2192 3389 smculorum

626 3427 781 3480 Pater
828 3437 1090 3493 tamquam
1132 3427 1196 3480 ab
1244 3426 1405 3480 ubere
1446 3426 1681 3494 pendens
1717 3427 1887 3480 infans
1935 3428 2196 3495 virgineas

626 3517 841 3568 minime
874 3517 1063 3585 refugit
1097 3518 1280 3580 ulnas,
1328 3526 1382 3570 ut
1408 3518 1576 3585 magis
1613 3532 1824 3571 accessu
1879 3517 2042 3570 facilis
2085 3519 2191 3570 fiat.

624 3608 889 3675 Siquidem
919 3617 971 3660 et
1001 3607 1157 3661 hodie
1182 3608 1312 3676 magi
1340 3607 1686 3670 advenerunt,
1718 3617 1769 3660 et
1797 3617 2073 3677 tyrannum
2096 3608 2194 3661 ab-

624 3699 846 3769 negandi
890 3699 1093 3753 initium
1136 3698 1409 3763 fecerunt,
1453 3707 1506 3753 et
1533 3699 1718 3751 czelnm
1749 3700 2032 3766 gloriatur,
2069 3698 2192 3750 dum

623 3807 718 3860 per
747 3791 948 3843 stellam
984 3789 1257 3842 Dominum
1288 3804 1437 3840 suum
1467 3788 1658 3840 indicat
1685 3828 1698 3850 ,
1736 3797 1788 3840 et
1815 3803 1974 3853 super
2001 3787 2190 3840 nubem

623 3883 789 3936 levem
832 3883 1069 3950 corporis
1100 3882 1178 3933 Sui
1214 3881 1403 3934 sedens
1446 3879 1695 3932 Dominus
1724 3881 1889 3933 currit
1932 3881 1982 3932 in
2030 3878 2191 3949 Atlgy-

621 3983 768 4040 ptum
801 3991 812 4026 :
845 3982 895 4026 et
922 3972 1099 4040 fugere
1129 3971 1338 4041 quidem
1376 3971 1596 4024 llerodis
1623 3971 1826 4023 videtur
1852 3972 2066 4024 insidias
2090 4013 2104 4034 ,
2136 3988 2193 4026 re

621 4073 793 4116 autem
834 4080 953 4117 vera
987 4063 1125 4132 quod
1165 4063 1231 4116 ab
1267 4063 1398 4115 Isaia
1444 4063 1639 4115 dictum
1686 4060 1857 4114 fuerat
1896 4063 2191 4129 adimplet:

627 4167 644 4196 ε
672 4148 954 4209 Eritenim,
983 4167 998 4197 ι
1029 4148 1215 4215 inquit,
1241 4165 1258 4195 ‹
1284 4147 1332 4198 in
1361 4145 1444 4199 die
1469 4146 1553 4198 illa
1576 4145 1731 4197 Israel
1750 4146 1998 4197 tertiusin
2025 4147 2190 4214 Assy-

620 4240 711 4292 riis
735 4279 748 4302 ,
783 4248 834 4291 et
861 4239 910 4290 in
944 4238 1206 4308 [Egyptiis
1234 4239 1542 4291 benedictus
1570 4238 1670 4290 erit
1701 4236 1924 4304 populus
1962 4251 2110 4290 meus
2139 4237 2188 4290 in

622 4344 760 4385 terra
785 4371 797 4389 ,
847 4345 1002 4398 quam
1045 4328 1313 4382 benedixit
1360 4327 1611 4380 Dominus
1651 4326 1879 4380 Sabaoth
1907 4368 1921 4391 ,
1965 4327 2187 4380 dicens:

618 4420 935 4474 Benedictus
961 4419 1063 4474 erit
1092 4420 1312 4486 populus
1353 4433 1502 4472 meus
1533 4418 1619 4484 qui
1649 4422 1699 4470 in
1733 4416 1962 4486 JEgypto
2008 4427 2062 4470 et
2100 4417 2187 4484 qui

620 4516 670 4564 in
699 4511 932 4580 Assyriis
958 4520 1010 4561 et
1034 4511 1121 4577 qui
1149 4509 1198 4561 in
1231 4508 1387 4561 lsrael
1417 4525 1435 4557 ›
1467 4507 1485 4578 (
1515 4506 1638 4558 Isai.
1672 4507 1754 4561 19.
1785 4507 1873 4560 24.
1898 4507 2019 4576 ‘25).
2052 4507 2185 4572 Quid

619 4605 739 4670 ais,
787 4605 1008 4658 Juda‘e?
1057 4603 1142 4669 qui
1195 4603 1394 4671 primus
1431 4616 1588 4666 eras,
1637 4603 1821 4654 tertius
1873 4602 2040 4655 factus
2089 4604 2189 4655 es?

620 4698 851 4768 )Egyptii
879 4705 933 4751 et
958 4696 1156 4766 Assyrii
1190 4696 1280 4748 tibi
1308 4694 1524 4747 antelati
1555 4703 1698 4756 sunt,
1729 4702 1781 4745 et
1811 4694 2185 4760 prin'iogenitus

619 4790 777 4845 Israel
809 4804 1026 4842 numero
1058 4787 1317 4856 posterior
1354 4786 1477 4839 est?
1524 4785 1596 4838 Ita
1628 4793 1710 4837 est
1745 4802 1756 4837 :
1788 4784 1979 4837 merito
2025 4785 2187 4853 Assy-

621 4887 682 4940 rii
713 4883 867 4952 primi
894 4891 1046 4935 erunt
1082 4900 1094 4934 :
1122 4878 1547 4948 quandoquidem
1572 4887 1624 4931 et
1646 4878 1742 4946 ipsi
1773 4878 1924 4945 primi
1954 4892 2048 4946 per
2075 4892 2188 4929 ma-

620 4992 713 5042 gos
749 4990 867 5028 eum
911 4973 1262 5027 adoraverunt
1290 4988 1302 5022 :
1333 4969 1564 5038 [Egyptii
1606 4983 1731 5021 vero
1757 4978 1873 5036 post
1907 4969 2150 5038 Assyrios
2173 5009 2186 5033 ,

621 5064 1049 5134 quandoquidem
1076 5064 1242 5130 ipsum
1268 5060 1491 5113 Herodis
1509 5059 1721 5112 insidias
1741 5058 2021 5128 fugientem
2045 5073 2190 5112 exce-

622 5167 846 5227 perunt;
880 5165 1148 5224 postremo
1175 5168 1301 5206 vero
1329 5152 1444 5203 loco
1473 5161 1777 5204 numeratur
1811 5151 1993 5215 Israel,
2021 5166 2190 5217 quan-

623 5247 902 5314 doquidem
930 5253 1045 5312 post
1067 5256 1339 5294 ascensum
1370 5240 1483 5308 ejus
1503 5257 1566 5293 ex
1592 5240 1821 5292 .lordane
1847 5249 1950 5291 tum
1979 5241 2188 5292 demum

623 5356 716 5408 per
751 5337 1016 5406 apostolos
1043 5349 1161 5388 eum
1188 5342 1539 5402 agnoverunt.
1586 5331 1855 5400 Ingressus
1895 5341 1975 5385 est
2015 5343 2190 5385 autem

623 5432 910 5500 Ᾰιζςγρίιιῐη
936 5469 951 5492 ,
995 5426 1302 5480 concutiens
1328 5422 1540 5492 Egypti
1569 5422 1860 5475 manufacta
1883 5463 1896 5484 ,
1931 5438 2033 5474 non
2057 5437 2190 5490 quo-

626 5535 729 5590 quo
757 5519 912 5572 modo
932 5560 946 5582 ,
978 5518 1069 5570 sed
1103 5525 1374 5586 postquam
1403 5513 1616 5583 [Egypti
1651 5512 1903 5564 vestibula
1940 5512 2197 5565 conclusit

627 5614 838 5666 interitu
886 5609 1354 5678 primogenitorum
1409 5603 1569 5676 (1εαὶ.
1626 5603 1712 5656 19.
1768 5604 1852 5669 1).
1909 5602 2192 5670 Propterea

629 5715 890 5771 tam-qnam
913 5699 1296 5770 primogenitus
1319 5695 1477 5750 hodie
1503 5696 1769 5763 ingressus
1789 5703 1869 5746 est
1894 5702 1950 5746 ut
1967 5694 2195 5762 antiquae

633 5796 895 5854 nicestitirc
943 5793 1137 5847 luctum
1179 5790 1424 5845 solveret.
1472 5783 1880 5854 Primogenitum
1924 5799 2052 5839 vero
2093 5785 2195 5839 dici

1385 402 1440 456 S.
1480 400 1760 457 JOAN‘NIS
1794 403 2275 464 CIIRYSOSTOMI
2331 412 2642 467 AHCHIEP.
2685 409 3219 468 CONSTANTINOP.

3801 444 3904 498 392

2337 520 2602 578 Christum
2634 534 2853 582 testatur
2879 529 3036 586 hodie
3065 533 3229 589 Lucas
3250 538 3567 608 evangelista
3599 554 3720 593 cum
3749 543 3892 594 dicit:

2328 611 2394 664 Et
2422 617 2608 683 peperit
2628 617 2797 685 [ilium
2815 637 2961 674 suum
2986 626 3382 693 primogenitum,
3411 640 3462 682 et
3484 632 3666 698 pannis
3696 632 3894 685 involvit

2326 719 2437 756 eum
2456 744 2469 767 ,
2502 716 2548 758 et
2573 709 2828 762 reclinavit
2855 729 2966 764 eum
3004 714 3057 766 in
3100 718 3343 784 prtesepio
3362 758 3377 782 ,
3417 720 3534 787 quia
3561 737 3662 773 non
3693 732 3796 774 erat
3824 724 3893 776 eis

2326 793 2463 846 locus
2507 796 2558 848 in
2604 798 2871 853 diversoria
2909 801 3238 872 (Luc.2.7).
3288 805 3560 875 Ingressus
3608 819 3692 864 est
3737 812 3894 880 igitur

2325 884 2610 954 Egyptum
2639 897 2695 941 ut
2722 890 2949 958 antiquae
2987 896 3252 949 maestitia:
3287 897 3483 950 luctum
3526 900 3758 954 solveret
3791 921 3802 954 :
3838 913 3890 957 et

2323 975 2590 1043 plagarum
2632 978 2748 1031 loco
2775 981 3022 1047 gaudium
3050 983 3243 1037 invexit
3269 1026 3284 1049 ,
3313 997 3363 1039 et
3394 986 3509 1042 loco
3537 991 3706 1041 noctis
3731 1001 3892 1060 atque

2321 1065 2656 1120 tenebrarum
2690 1068 2865 1123 lumen
2911 1072 3093 1125 salutis
3123 1072 3340 1142 largitus
3374 1084 3473 1130 est.
3520 1076 3888 1133 Contaminata

2322 1161 2446 1208 tunc
2476 1154 2572 1209 fuit
2611 1171 2744 1226 aqua
2790 1158 3019 1214 ﬂuminis
3065 1161 3360 1218 immaturae
3402 1166 3573 1221 :etatis
3609 1167 3889 1223 infantium

2317 1244 2484 1298 caede.
2525 1245 2792 1314 Ingressus
2817 1259 2899 1302 est
2928 1251 3081 1319 igitur
3111 1253 3160 1304 in
3190 1251 3473 1323 Egyptnm
3503 1257 3552 1310 is
3581 1258 3667 1326 qui
3691 1273 3888 1326 aquam

2317 1334 2528 1388 rnbram
2564 1337 2862 1392 reddiderat
2885 1379 2898 1404 ,
2931 1349 2986 1394 et
3013 1340 3242 1396 ﬂuminis
3267 1344 3480 1398 ﬂuentis
3506 1348 3608 1399 vim
3636 1349 3890 1416 gignendi

2316 1424 2539 1478 Salutem
2590 1426 2814 1492 indidit,
2861 1443 3149 1499 eorumque
3197 1432 3549 1500 impuritatem
3595 1451 3657 1490 ac
3693 1437 3889 1492 sordes

2316 1516 2543 1584 Spiritus
2573 1519 2764 1572 virtute
2787 1522 3072 1589 purgavit'.
3095 1522 3288 1577 Amicti
3311 1523 3523 1578 fuerunt
3544 1525 3795 1598 Egyptii,
3826 1539 3885 1583 et

2318 1607 2496 1662 furore
2518 1609 2746 1678 correpti
2771 1611 2932 1664 Deum
2955 1613 3300 1681 abnegarunt.
3327 1614 3595 1684 ingressus
3621 1627 3700 1672 est
3723 1619 3884 1687 igitur.

2317 1700 2368 1751 in
2393 1699 2677 1768 Egyplum
2700 1743 2715 1766 ,
2759 1702 3030 1770 religiosas
3054 1705 3256 1758 animas
3286 1707 3584 1773 cognitione
3613 1709 3701 1761 Dei
3724 1723 3882 1762 como

2311 1789 2460 1856 plens
2485 1830 2498 1852 ,
2532 1789 2704 1843 effecit
2734 1799 2789 1844 ut
2825 1792 3016 1847 flumen
3051 1793 3384 1848 fecundiores
3418 1795 3577 1864 spicis
3619 1808 3881 1868 martyres

2309 1879 2496 1933 aleret.
2521 1879 2620 1934 Sed
2647 1891 2860 1949 propter
2882 1884 3152 1952 angustias
3175 1885 3427 1953 temporis
3454 1885 3553 1940 hoc
3574 1887 3691 1941 loco
3717 1891 3878 1943 statui

2310 1968 2468 2022 tinem
2499 1968 2673 2023 facere
2697 1970 2924 2038 dicendi,
2954 1972 3092 2040 quod
3117 1973 3374 2041 reliquum
3397 1985 3479 2029 est
3510 1978 3702 2044 negotii
3726 1979 3881 2032 vobis

2309 2059 2359 2112 in
2389 2059 2527 2114 diem
2553 2070 2860 2129 sequentem
2892 2072 3259 2116 reservaturus
3283 2082 3294 2116 :
3329 2064 3415 2116 hic
3440 2076 3615 2118 autem
3643 2069 3878 2120 orationi

2308 2150 2466 2205 finem
2498 2151 2783 2220 imponam,
2817 2151 2903 2205 ubi
2932 2151 3033 2205 hoc
3060 2153 3363 2221 explevero,
3396 2169 3501 2221 quo
3531 2166 3681 2222 pacto
3713 2158 3878 2210 nimi-

2307 2257 2420 2294 rum
2446 2283 2459 2304 ,
2507 2256 2626 2294 cum
2658 2243 2946 2311 impatibile
2974 2243 3200 2296 Verbum
3228 2253 3401 2310 esset,
3432 2261 3556 2299 caro
3584 2246 3777 2300 factum
3805 2249 3876 2300 sit.

2308 2333 2576 2386 immutata
2607 2345 2852 2388 manente
2891 2345 3094 2388 natura.
3127 2336 3258 2400 Quid
3288 2337 3457 2389 dicam
3478 2377 3492 2396 ,
3522 2349 3611 2391 aut
3642 2340 3764 2406 quid
3792 2340 3874 2393 lo-

2305 2424 2478 2490 quar?
2509 2423 2734 2476 Fabrum
2767 2435 2820 2477 et
2848 2440 3080 2492 przcsepe
3111 2426 3262 2478 video
3290 2437 3341 2479 et
3371 2425 3621 2480 infantem
3647 2469 3658 2488 ,
3692 2440 3744 2480 et
3775 2445 3875 2482 cu-

2307 2528 2489 2564 narum
2523 2513 2708 2565 fascias
2729 2554 2741 2576 ,
2779 2524 2830 2566 et
2858 2516 3074 2582 virginis
3106 2527 3307 2582 partum
3352 2516 3508 2569 rebus
3558 2522 3878 2571 necessariis

2305 2605 2631 2668 destitutum,
2660 2606 2834 2658 omnia
2861 2615 3095 2674 egestate
3119 2621 3320 2674 pressa,
3355 2609 3528 2661 omnia
3562 2609 3714 2676 plena
3746 2626 3877 2678 pau-

2306 2698 2539 2764 pertatis.
2574 2697 2755 2750 Vidisti
2785 2696 2988 2751 divitias
3013 2699 3066 2751 in
3088 2701 3253 2752 multa
3273 2703 3735 2769 paupertate?an
3762 2718 3880 2754 nio-

2302 2789 2369 2840 do
2395 2804 2510 2842 cum
2538 2789 2684 2843 dives
2709 2798 2868 2853 esset,
2907 2805 3102 2858 egenus
3129 2801 3209 2844 est
3248 2802 3423 2846 nostra
3461 2808 3618 2846 causa
3661 2794 3874 2848 factus?

2301 2897 2408 2950 quo
2435 2881 2591 2934 modo
2624 2896 2793 2950 neque
2837 2882 3024 2935 lectum
3053 2923 3066 2944 ,
3114 2898 3282 2952 neque
3328 2884 3613 2951 stragulum
3654 2884 3872 2947 habuit,

2301 2973 2391 3026 sed
2422 2973 2470 3025 in
2502 2972 2644 3025 nudo
2666 2974 2887 3042 prmsepi
2918 2983 3031 3026 erat
3064 2974 3368 3041 projectns?
3409 2974 3453 3027 Ο
3483 2986 3871 3044 paupertatem,

2300 3061 2600 3114 divitiarum
2635 3064 2827 3114 fontem
2853 3065 2866 3115 ι
2899 3077 2931 3114 0
2961 3062 3170 3117 divitias
3201 3065 3512 3127 immensas,
3544 3069 3873 3132 paupertatis

2301 3151 2531 3218 Speciem
2563 3167 2668 3218 prae
2690 3166 2748 3204 se
2775 3151 3042 3205 ferentes!
3077 3153 3130 3205 In
3163 3154 3383 3220 praesepi
3406 3155 3580 3220 jacet,
3613 3164 3666 3207 et
3686 3156 3874 3208 orbem

2304 3251 2560 3294 terrarum
2607 3243 2878 3305 concutit;
2929 3242 3101 3295 fasciis
3152 3259 3404 3296 cunarum
3454 3243 3769 3307 involvitur,
3817 3257 3874 3299 et

2301 3333 2498 3401 peccati
2529 3332 2732 3384 vincula
2762 3332 3078 3401 disrumpit;
3118 3335 3350 3386 nondum
3377 3335 3426 3387 in
3462 3349 3639 3388 vocem
3668 3338 3870 3388 articu-

2299 3424 2454 3475 latam
2485 3425 2693 3491 erupit,
2729 3432 2784 3476 et
2810 3439 2990 3492 magos
3016 3425 3261 3488 edocuit,
3294 3434 3345 3477 et
3371 3425 3435 3478 ad
3467 3428 3870 3480 conversionem

2297 3517 2602 3569 commovit.
2638 3515 2768 3580 Quid
2797 3515 2989 3579 dicam,
3019 3526 3107 3567 aut
3130 3516 3251 3584 quid
3284 3515 3503 3584 loquar?
3532 3517 3666 3570 Ecce
3696 3517 3873 3570 infans

2298 3610 2472 3662 fasciis
2497 3609 2802 3673 involvitur,
2831 3619 2882 3661 et
2913 3609 2963 3660 in
2990 3611 3210 3677 prmsepi
3231 3610 3368 3675 jacet
3399 3626 3412 3660 :
3442 3608 3592 3660 adest
3617 3618 3791 3662 autem
3817 3619 3872 3663 et

2298 3703 2457 3755 Maria
2489 3718 2604 3769 qua:
2647 3703 2794 3769 virgo
2838 3709 2890 3753 et
2927 3711 3094 3752 mater
3122 3711 3200 3752 est
3233 3717 3244 3749 :
3290 3699 3472 3751 aderat
3499 3709 3671 3751 autem
3694 3708 3746 3750 ct
3776 3698 3871 3750 Jo-

2297 3794 2448 3862 scplt,
2481 3794 2569 3860 qui
2603 3803 2748 3860 pater
2778 3793 3091 3860 appellatur.
3127 3791 3219 3844 llic
3249 3793 3328 3844 vir
3358 3791 3549 3843 dicitur
3571 3833 3584 3852 ,
3620 3792 3702 3843 illa
3739 3807 3875 3843 uxor

2297 3897 2518 3937 vocatur
2547 3904 2558 3937 :
2594 3885 2822 3952 legitima
2852 3893 2973 3937 Sttnl
3005 3883 3213 3935 nomina
3236 3881 3571 3950 copulatione
3596 3881 3866 3934 destituta.

2299 3976 2591 4028 Verborum
2619 3983 2771 4027 tenus
2797 3973 2906 4025 haec
2924 3973 3050 4025 mihi
3076 3973 3327 4040 intelligc,
3357 3985 3458 4023 non
3488 3987 3663 4023 rerum
3693 3981 3870 4024 tenus.

2301 4068 2392 4122 llic
2421 4068 2586 4121 solum
2616 4065 2975 4134 desponsavit,
3010 4073 3062 4117 ct
3091 4064 3316 4131 Spiritus
3344 4073 3555 4115 sanctus
3585 4063 3872 4115 obumbra-

2297 4163 2370 4213 vit
2394 4161 2440 4212 ei
2473 4177 2485 4210 :
2521 4158 2659 4212 unde
2688 4158 2933 4210 dubitans
2955 4157 3151 4223 Joseph
3175 4197 3188 4220 ,
3231 4155 3353 4225 quid
3380 4156 3668 4224 appellaret
3701 4157 3874 4209 infan-

2303 4261 2406 4304 tem
2440 4250 2727 4303 nesciebat.
2764 4249 2836 4301 Ex
2859 4247 3118 4300 adulterio
3149 4257 3326 4298 natum
3353 4245 3529 4298 dicere
3558 4246 3728 4312 ipsum
3762 4260 3870 4298 non

2295 4341 2539 4405 audebat,
2562 4339 2870 4407 probrosum
2889 4338 2939 4390 in
2970 4337 3223 4404 virginem
3241 4336 3418 4402 jacere
3439 4349 3738 4387 sermonem
3765 4350 3873 4386 non

2296 4440 2519 4500 poterat,
2558 4429 2720 4481 filium
2754 4429 2921 4495 ipsum
2951 4426 3129 4479 dicere
3156 4440 3308 4477 suum
3340 4423 3634 4491 refugiebat
3659 4441 3673 4474 :
3701 4424 3876 4491 probe

2300 4535 2524 4589 namque
2551 4520 2750 4572 sciebat
2770 4517 2867 4570 sibi
2899 4518 3130 4584 ignotum
3154 4529 3294 4576 esse,
3323 4527 3427 4581 quo
3457 4521 3630 4580 pacto,
3660 4513 3743 4564 vel
3771 4529 3879 4566 un-

2295 4611 2361 4665 de
2392 4611 2560 4663 infans
2582 4617 2734 4660 natus
2755 4614 2897 4659 esset
2932 4622 2943 4656 :
2978 4619 3132 4671 quam
3159 4604 3226 4655 ob
3251 4616 3462 4655 causam
3494 4601 3565 4652 illi
3596 4599 3663 4654 de
3694 4617 3752 4654 re
3772 4603 3879 4654 dn-

2300 4699 2486 4756 bitanti
2509 4740 2522 4761 ,
2555 4698 2619 4750 de
2647 4696 2776 4750 caelo
2806 4694 3078 4747 oraculum
3126 4692 3294 4761 angeli
3327 4706 3454 4744 voce
3481 4691 3709 4745 delatum
3742 4702 3823 4745 est
3858 4710 3872 4746 :

2303 4792 2428 4846 Noli
2456 4793 2641 4851 timere,
2672 4786 2862 4855 Joseplt
2892 4801 2908 4837 :
2936 4785 3069 4852 quod
3098 4786 3226 4835 enim
3251 4799 3312 4835 ex
3337 4799 3393 4833 ea
3419 4783 3636 4849 genitum
3667 4793 3738 4833 est
3763 4823 3777 4844 ,
3809 4784 3880 4835 de

2302 4882 2498 4950 Spiritu
2522 4889 2692 4931 sancto
2720 4887 2789 4929 est
2814 4874 3033 4946 (Matth.
3072 4875 3120 4926 1.
3145 4873 3268 4940 20).
3315 4872 3541 4940 Spiritus
3571 4871 3713 4924 enim
3744 4886 3876 4924 san-

2301 4981 2417 5025 ctus
2445 4970 2630 5038 virgini
2659 4965 3006 5021 obumbravit.
3037 4963 3208 5029 Quare
3237 4977 3360 5014 vero
3382 4977 3444 5013 ex
3469 4960 3670 5028 virgine
3699 4963 3880 5014 nasci-

2303 5072 2418 5123 tur,
2448 5070 2500 5114 et
2530 5058 2880 5126 virginitatem
2915 5054 3162 5106 illibatam
3194 5051 3412 5104 servat?
3438 5051 3569 5114 Quia
3601 5050 3877 5118 quondam

2300 5155 2552 5223 virginem
2587 5151 2747 5203 Evam
2776 5147 2983 5215 decepit
3009 5145 3253 5198 diabolus
3273 5185 3286 5204 ,
3318 5142 3514 5195 idcirco
3536 5141 3598 5194 ad
3628 5141 3877 5202 Mariam,

2299 5261 2416 5313 qua:
2446 5245 2589 5310 virgo
2614 5249 2748 5304 erat,
2779 5237 2986 5292 felicem
3017 5235 3253 5288 nuntium
3282 5233 3493 5286 Gabriel
3527 5231 3732 5284 detulit.
3766 5229 3878 5285 Sed

2300 5337 2514 5401 decepta
2545 5331 2756 5400 quidem
2790 5329 2894 5380 Eva
2929 5326 3131 5394 peperit
3164 5323 3379 5377 verbum
3407 5363 3420 5383 ,
3460 5323 3597 5390 quod
3645 5332 3883 5375 mortem

2302 5425 2473 5478 intulit
2506 5441 2516 5474 :
2546 5431 2599 5474 at
2627 5419 2830 5474 felicem
2876 5417 3113 5470 nuntium
3143 5414 3403 5482 accipiens
3442 5411 3600 5465 Maria
3642 5411 3886 5466 Verbum

2303 5519 2352 5570 in
2379 5528 2534 5568 carne
2555 5511 2754 5581 genuit,
2785 5507 2921 5577 quod
2950 5507 3108 5560 vitam
3141 5505 3292 5558 nobis
3315 5514 3563 5557 aeternam
3603 5504 3886 5558 conciliat.

2303 5608 2531 5663 Verbum
2577 5603 2700 5657 Eva:
2733 5602 2931 5670 lignutn
2976 5598 3261 5662 indicavit,
3295 5611 3386 5662 per
3413 5594 3555 5660 quod
3597 5595 3803 5659 lignum
3857 5613 3892 5650 ε

2369 5792 2384 5822 ι
2421 5793 2558 5851 Reg,
2585 5783 2740 5841 unxit,
2765 5793 2864 5843 pro,
2883 5779 3119 5841 purgavﬂ.
