4096 6506
330 425 444 481 397

1478 419 1757 475 HOMILIA
1793 418 1877 470 DE
1913 412 2401 471 LECISLATORE.

3443 426 3553 482 398

324 1187 510 1237 που
560 1188 639 1229 ΕΤ
694 1184 965 1229 ΕῸΜΟΕΜ
1025 1183 1168 1227 ESSE
1228 1178 1702 1224 LEGISLATOREM
1762 1179 1839 1220 ET
1887 1177 2152 1222 VETEBIS
2198 1177 2275 1217 ET
2338 1176 2485 1219 NOV!
2531 1174 2962 1229 TESTAMENTI;
3025 1175 3177 1218 ITEM
3234 1175 3315 1216 DE
3359 1176 3557 1220 \‘ES'I'B

1195 1302 1622 1348 sscenoonu
1658 1304 1671 1341 :
1712 1302 1962 1345 necnon
2009 1301 2088 1341 DE
2136 1299 2550 1341 POENITENTIA
2592 1278 2695 1359 (α).

398 2164 452 2215 1.
487 2159 654 2230 Regni
694 2157 886 2211 Christi
917 2154 1244 2225 evangelium
1280 2150 1548 2221 prophetae
1575 2148 1862 2217 prmdicant
1885 2183 1900 2208 ,

324 2253 557 2305 ministri
598 2264 722 2303 vero
764 2263 913 2301 novre
942 2246 1124 2314 gratia:
1177 2244 1303 2296 illud
1337 2244 1508 2311 ipsum
1556 2240 1906 2305 interpretan-

328 2352 436 2405 tur,
494 2340 687 2392 divinre
739 2347 913 2390 autem
962 2336 1215 2388 doctrinae
1273 2333 1560 2393 auditores,
1622 2336 1905 2389 amatores,

326 2440 487 2497 atque
517 2429 838 2490 laudatores,
864 2426 911 2479 id
936 2428 1104 2493 ipsum
1128 2425 1534 2491 amplectuntur.
1567 2420 1744 2486 Neque
1765 2416 1904 2470 enim

331 2522 449 2573 ﬁeri
479 2529 652 2589 potest
684 2530 737 2571 ut
768 2519 883 2586 quis
922 2532 1166 2569 sermone
1198 2514 1435 2567 veritatis
1462 2512 1777 2571 oblectatur,
1820 2507 1907 2575 qui

329 2613 587 2666 doctrinae
615 2623 914 2663 sermonem
938 2623 1041 2660 non
1058 2606 1358 2659 avidissime
1385 2610 1618 2667 expetat.
1648 2598 1910 2665 Quemad-

331 2702 551 2756 modum
600 2702 775 2763 enim,
818 2700 857 2751 si
902 2698 1018 2766 quis
1067 2710 1237 2763 neque
1284 2694 1427 2746 sitiat
1472 2706 1637 2759 neque
1688 2689 1903 2750 esuriat,

333 2794 534 2845 nullam
566 2807 631 2845 ex
674 2791 792 2843 cibo
823 2800 1051 2857 potaque
1086 2788 1403 2853 voluptatem
1444 2786 1584 2850 capit
1620 2800 1630 2831 ;
1660 2782 1736 2832 sic
1768 2780 1906 2831 veri-

333 2884 459 2934 tatis
476 2882 639 2933 verbo
656 2893 812 2931 nemo
840 2878 1146 2933 delectatur,
1167 2875 1252 2940 qui
1285 2874 1511 2940 Spiritus
1534 2870 1699 2921 sancti
1721 2868 1909 2919 doctri-

333 2984 459 3023 nam
482 2984 584 3021 non
614 2968 743 3019 sitit.
771 2966 945 3033 Itaque
964 2964 1211 3016 Servatur
1232 2963 1334 3012 ait:
1358 2959 1497 3011 Beati
1523 2959 1607 3023 qui
1627 2958 1844 3009 esui-ium
1863 2962 1908 3005 et

330 3059 786 3127 sitiuntjustitiam,
811 3051 1485 3123 quoniamipsisatiabuntur
1505 3047 1715 3118 (Matth.
1741 3048 1793 3098 5.
1826 3044 1905 3110 6).

333 3150 506 3203 Verus
524 3149 816 3201 animarum
832 3146 1000 3209 cibus,
1024 3158 1159 3197 vera:
1178 3143 1381 3208 piorum
1412 3139 1634 3201 delicia),
1652 3150 1791 3189 verae
1806 3136 1910 3202 pio-

332 3255 455 3294 rum
479 3239 695 3303 divilim,
727 3252 900 3289 sermo
932 3236 1019 3287 Dei
1052 3244 1152 3297 est,
1181 3234 1268 3301 qui
1297 3247 1389 3299 per
1418 3229 1661 3283 Davidica
1698 3228 1908 3280 oracula

331 3328 605 3397 loquitur:
638 3327 920 3386 interdum,
956 3325 1097 3378 velut
1145 3324 1310 3386 dives,
1339 3322 1613 3390 gloriatur,
1646 3317 1907 3371 interdum

330 3422 617 3474 deiiciatur
646 3436 658 3483 ;
684 3429 735 3471 et
756 3420 829 3470 ait
862 3438 872 3469 :
902 3418 1064 3481 Quam
1103 3416 1272 3466 dulcia
1313 3413 1540 3478 faucibus
1569 3411 1688 3462 meis
1716 3410 1910 3477 eloquia

332 3526 425 3567 tua
452 3530 600 3582 super
626 3511 721 3563 mel
748 3521 791 3562 et
817 3513 984 3577 favum
1012 3510 1085 3560 ori
1116 3523 1220 3558 meo
1262 3504 1433 3571 (l’sal.
1466 3504 1585 3555 118.
1618 3501 1763 3567 103)!
1792 3500 1911 3549 lla'c

332 3608 550 3675 quidem
580 3606 714 3671 ejus,
762 3604 847 3670 qui
894 3601 1097 3653 deliciis
1147 3600 1356 3657 fruitur,
1401 3610 1497 3647 vox
1526 3602 1625 3647 est.
1658 3592 1785 3644 Nam
1820 3590 1909 3642 Dei

330 3698 555 3751 verbum
580 3697 672 3762 ipsi
705 3694 907 3747 delicia:
934 3701 1100 3745 erant.
1135 3690 1244 3754 Qua
1270 3689 1335 3740 de
1363 3702 1420 3739 re
1448 3685 1570 3738 alibi
1602 3698 1740 3750 scepc
1775 3699 1785 3732 :
1813 3680 1913 3731 De-

332 3792 519 3842 lectare
545 3789 594 3839 in
625 3786 859 3846 Domino,
895 3794 939 3835 et
962 3784 1042 3834 det
1070 3782 1155 3832 tibi
1180 3780 1434 3847 petitiones
1457 3777 1619 3828 cordis
1647 3775 1716 3825 tui
1738 3771 1909 3839 (Psal.

331 3883 424 3936 56.
457 3883 531 3948 4).
568 3880 695 3931 Aliis
722 3891 845 3929 vero
878 3876 926 3927 in
953 3873 1080 3926 locis
1108 3887 1210 3924 non
1236 3869 1396 3937 utqui
1427 3866 1627 3920 deliciis
1650 3864 1912 3916 frueretur

332 3982 563 4033 tantum,
600 3970 692 4022 sed
726 3979 778 4019 ut
827 3966 1101 4034 prredives,
1139 3963 1347 4015 divitias
1379 3960 1506 4026 legis
1540 3962 1786 4017 ostentat,
1828 3954 1910 4005 di-

332 4077 485 4122 cens,
518 4060 710 4112 Bonum
737 4058 858 4108 mihi
882 4058 961 4107 lex
990 4056 1087 4105 oris
1132 4054 1201 4103 tui
1231 4067 1383 4115 super
1414 4048 1572 4098 millia
1600 4046 1710 4095 auri
1740 4056 1783 4095 et
1823 4060 1909 4094 ar-

331 4152 474 4225 genti
503 4150 670 4219 (Psal.
698 4150 818 4201 118.
846 4144 960 4211 72).
998 4142 1182 4195 Viden'
1212 4138 1429 4191 delicias
1458 4136 1684 4203 pictatis,
1707 4142 1758 4184 et
1781 4133 1912 4183 divi-

331 4224 705 4309 tiasjustitize?
733 4238 872 4305 Ergo
902 4246 955 4289 ct
981 4249 1076 4287 nos
1109 4248 1200 4301 par
1227 4238 1325 4291 est,
1355 4229 1438 4280 siti
1466 4236 1517 4278 et
1556 4224 1694 4275 fame
1735 4236 1910 4275 rerum

331 4336 638 4389 divinarum
672 4329 858 4391 teneri,
900 4336 951 4380 et
978 4324 1201 4383 deliciis,
1234 4335 1263 4372 e
1306 4317 1444 4386 regia
1486 4313 1677 4368 Christi
1706 4325 1907 4371 mensa,

330 4424 607 4479 uberrime
647 4418 912 4480 exsatiari,
953 4411 1384 4480 evangeliumque
1434 4404 1616 4458 Salutis
1662 4400 1909 4469 amplecti

328 4513 478 4583 quod
508 4525 611 4564 non
638 4524 775 4561 nunc
806 4507 1027 4575 primum
1060 4502 1219 4569 erepit
1248 4514 1259 4548 :
1287 4497 1379 4551 sed
1409 4496 1458 4547 in
1488 4492 1757 4561 prephetis
1789 4491 1909 4542 fun-

327 4581 515 4658 datum
539 4614 691 4669 atque
718 4616 747 4652 a
785 4599 877 4652 SS.
902 4594 1157 4665 apostolis
1192 4590 1573 4643 exmdilicatum
1601 4593 1699 4637 est.
1733 4581 1910 4649 Neque

328 4696 477 4750 cnim
506 4694 569 4745 ab
596 4708 659 4745 eo
684 4702 938 4758 tempore,
966 4701 1069 4755 quo
1099 4683 1335 4738 Christus
1375 4682 1423 4731 in
1451 4692 1609 4731 carne
1646 4674 1907 4743 apparuit,

327 4785 665 4853 evangelium
710 4782 902 4849 incepit
933 4797 946 4831 :
974 4777 1066 4831 sed
1114 4774 1278 4827 multo
1327 4781 1449 4823 ante
1489 4770 1538 4821 iu
1586 4765 1905 4835 proliheticis

326 4875 486 4929 libris
512 4872 712 4925 radices
738 4870 860 4938 egit,
896 4867 1212 4932 tandemque
1255 4860 1614 4930 apostolorum
1650 4855 1906 4923 priedica—

328 4970 483 5021 tiooe
509 4965 753 5017 efﬂoruit.
786 4963 907 5015 Ideo
935 4959 1141 5021 Paulus,
1172 4970 1289 5008 eum
1328 4953 1651 5021 prepositum
1692 4948 1906 5001 haberet

325 5057 721 5115 demonstrare,
755 5049 1080 5116 evangelium
1113 5059 1213 5097 non
1256 5044 1321 5095 ab
1366 5040 1722 5093 incarnatione
1765 5037 1907 5089 ince-

329 5148 501 5216 pisse,
536 5143 625 5196 setl
658 5156 750 5210 per
776 5138 1057 5208 prophetas
1090 5134 1338 5194 eluxisse,
1379 5146 1470 5197 per
1498 5128 1905 5180 incarnatioiiem

326 5236 563 5301 itlipsum
597 5230 824 5298 loquitur
859 5246 869 5279 :
895 5227 1087 5279 Paulus
1114 5239 1281 5275 servus
1324 5220 1446 5271 Iesu
1474 5217 1676 5277 Christi,
1708 5225 1907 5267 vocatus

328 5323 613 5392 apostolus,
641 5328 924 5389 segregatus
949 5319 997 5367 in
1010 5314 1335 5382 Evangelium
1367 5310 1482 5373 Dei,
1506 5308 1637 5376 quod
1654 5317 1768 5357 ante
1790 5322 1907 5374 pro-

331 5418 535 5469 miserat
585 5428 672 5480 per
727 5409 991 5478 praphetas
1033 5423 1148 5458 suos
1198 5405 1250 5455 in
1300 5401 1576 5468 Scripturis
1619 5399 1801 5451 sanctis
1846 5400 1907 5449 de

335 5507 475 5561 Filio
516 5519 627 5567 suo,
678 5502 762 5568 qui
801 5502 959 5569 [actus
998 5507 1067 5549 est
1106 5512 1168 5548 ea:
1205 5494 1389 5547 semine
1425 5490 1589 5543 David
1638 5489 1905 5543 secundum

327 5614 533 5651 carnem
565 5594 738 5661 (Rom.
775 5594 825 5645 1.
858 5592 881 5644 1
909 5592 1016 5659 οὗ).

355 5692 409 5747 Ν
417 5707 557 5746 avum
567 5689 931 5743 Testamentum
946 5700 1033 5735 cur
1044 5683 1113 5735 sic
1135 5674 1624 5750 appelletur.—Non
1638 5672 1905 5742 ignorabat

396 5826 467 5889 (α)
501 5820 682 5876 Collata
706 5829 815 5869 cum
842 5816 1089 5867 Codidbus
1120 5814 1275 5876 Regiis
1300 5811 1435 5861 1965.
1462 5808 1583 5857 1974
1607 5806 1812 5857 012515.

2013 2143 2394 2216 Paulus,\’etus
2406 2155 2670 2210 etNovum
2682 2156 3076 2213 Testamentum
3092 2158 3413 2213 individuum
3432 2176 3549 2217 esse
3565 2183 3583 2219 :

2013 2253 2233 2310 eamque
2245 2244 2311 2295 ob
2324 2259 2536 2297 causam
2554 2246 2675 2298 illud
2693 2247 2951 2299 interdum
2967 2248 3356 2302 Testamentum
3372 2249 3581 2303 Novum

2011 2332 2262 2397 appellat,
2281 2342 2335 2385 ut
2363 2334 2708 2400 demonstret,
2728 2337 2992 2405 quomodo
3007 2336 3135 2391 ﬁnes
3152 2338 3294 2392 orbis
3313 2348 3576 2392 terrarum

2013 2422 2119 2474 sint
2142 2424 2372 2477 renovati
2394 2426 2518 2492 (non
2539 2427 2724 2495 ignoro
2744 2429 2855 2483 lucc
2874 2430 2994 2483 alibi
3018 2446 3044 2481 a
3062 2430 3209 2483 nobis
3232 2429 3391 2484 fuisse
3416 2432 3575 2499 expli-

2013 2521 2125 2564 cata
2148 2529 2161 2574 ;
2194 2514 2284 2566 sed
2312 2526 2482 2568 tamen
2510 2517 2615 2581 hic,
2642 2529 2696 2570 ut
2725 2520 3032 2573 memoriam
3052 2529 3277 2573 vestram
3308 2520 3574 2587 refricem,

2014 2605 2239 2672 repeto);
2259 2608 2573 2658 vocatetiam
2594 2608 2984 2660 Testamentum
3004 2608 3203 2661 Novum
3218 2609 3280 2661 ad
3297 2610 3588 2662 distinctio-

2013 2712 2131 2748 nem
2157 2698 2427 2749 inveterati
2445 2698 2801 2751 indicandam:
2825 2699 3156 2765 prwstantius
3173 2698 3394 2761 scilicet,
3410 2699 3473 2751 ad
3494 2698 3577 2751 di-

2013 2788 2346 2839 stinctionem
2377 2789 2640 2840 inferioris
2674 2799 2987 2852 :aeternum,
3025 2790 3416 2857 comparatione
3446 2789 3581 2843 facta

2014 2876 2078 2927 ad
2110 2879 2418 2943 temporale.
2449 2878 2553 2933 Sed
2583 2890 2635 2933 et
2660 2882 2947 2933 secundum
2980 2882 3369 2935 Testamentum
3413 2884 3581 2949 ipsum

2014 2977 2183 3021 vocat.
2215 2969 2346 3032 Quid
2393 2970 2459 3022 ita
2499 2972 2828 3023 secundum?
2880 2972 2948 3025 Ut
2976 2982 3153 3025 mutua
3200 2974 3581 3026 sententiarum

2014 3060 2341 3113 connexione
2381 3076 2539 3113 unum
2586 3060 2799 3113 efﬁciat.
2844 3061 2971 3114 Nam
3022 3063 3159 3129 quod
3200 3063 3488 3117 abscissum
3517 3064 3582 3117 ab

2015 3150 2189 3217 aliquo
2220 3162 2315 3213 est,
2344 3152 2631 3205 secundum
2672 3167 2776 3205 non
2820 3153 3135 3221 appellatur.
3174 3154 3430 3218 Quoniam
3454 3168 3579 3207 vero

2016 3242 2155 3294 Deus
2183 3243 2390 3294 oracula
2433 3258 2526 3295 sua
2568 3243 2729 3297 edidit
2755 3254 2807 3295 et
2838 3245 2886 3296 in
2918 3246 3107 3312 primo,
3151 3256 3201 3297 et
3251 3246 3299 3297 in
3326 3245 3579 3306 secundo,

2016 3334 2151 3386 idem
2180 3334 2265 3387 ille
2293 3334 2479 3387 Paulus
2523 3338 2748 3401 primum
2797 3346 2848 3389 et
2895 3337 3181 3389 secundum
3222 3346 3393 3400 vocat,
3422 3346 3578 3404 atque

2016 3439 2234 3476 numero
2263 3425 2678 3477 convenientiam
2714 3428 2983 3491 utriusque
3030 3434 3082 3477 et
3119 3439 3430 3478 consensum
3473 3426 3582 3477 de—

2015 3514 2199 3567 clarat.
2236 3514 2433 3567 Idcirco
2462 3515 2672 3577 Paulus,
2705 3516 2792 3583 qui
2820 3515 3097 3566 iudivisum
3132 3515 3317 3575 Patris,
3349 3524 3401 3567 et
3438 3514 3578 3579 Filii,

2017 3614 2067 3658 et
2094 3605 2319 3672 Spiritus
2342 3607 2503 3658 sancti
2537 3622 2753 3673 regnum
2780 3606 3045 3673 pra‘dicat,
3070 3606 3226 3659 modo
3251 3606 3579 3674 evangelium

2018 3696 2105 3749 Dei
2141 3696 2328 3758 Patris,
2367 3697 2523 3749 modo
2554 3696 2668 3748 Filii
2709 3696 2939 3765 appellat
2970 3714 2981 3747 :
3008 3695 3204 3748 Paulus
3246 3712 3414 3748 servus
3458 3694 3579 3748 Jesu

2017 3788 2220 3851 Christi,
2255 3800 2455 3840 vocatus
2492 3788 2768 3856 apostolus,
2821 3798 3104 3857 segregatus
3155 3790 3204 3839 in
3255 3787 3580 3856 Evangelium

2016 3878 2109 3929 Dei
2135 3880 2308 3946 (llam.
2360 3879 2509 3945 1.1).
2545 3877 2738 3930 Verum
2789 3893 2853 3930 ne
2894 3878 3029 3942 quis,
3080 3892 3196 3929 cum
3242 3878 3419 3929 audiat
3455 3876 3580 3929 illud

2024 3969 2359 4035 Evangelium
2383 3969 2491 4028 Dei,
2520 3967 2806 4020 arbitretur
2834 3967 3020 4019 Filium
3062 3966 3252 4018 nullam
3300 3966 3361 4017 ad
3394 3965 3582 4033 prtedi-

2014 4060 2239 4113 caudum
2284 4060 2647 4112 auctoritatem
2690 4059 2953 4120 obtinere,
3003 4058 3051 4109 in
3102 4058 3286 4111 eadem
3322 4057 3577 4124 Epistula,

2017 4151 2171 4217 paulo
2200 4159 2315 4217 post
2342 4150 2411 4201 ait
2444 4167 2455 4199 :
2492 4149 2647 4201 Testis
2678 4150 2808 4200 enim
2848 4149 2971 4198 milii
2996 4146 3152 4211 Deus,
3183 4148 3261 4198 cui
3292 4147 3500 4197 inservio
3528 4147 3579 4197 in

2015 4242 2193 4309 spiritu
2216 4256 2321 4291 meo
2342 4238 2676 4304 inEvungelio
2708 4237 2831 4289 Filii
2856 4238 2963 4303 ejus
2991 4235 3164 4304 (Rom.
3201 4236 3251 4287 1.
3284 4235 3360 4303 9).
3395 4234 3581 4287 Viden’

2019 4329 2276 4398 prmconis
2306 4328 2457 4395 hujus
2482 4328 2671 4379 mirum
2706 4326 2993 4393 ingenium,
3031 4333 3082 4377 et
3116 4325 3426 4378 sententiam
3458 4338 3581 4391 per-

2014 4421 2246 4475 lectam?
2288 4419 2364 4472 Ne
2403 4418 2793 4470 existimaretur
2838 4417 2887 4469 in
2933 4416 3047 4484 lege
3097 4415 3305 4482 quidem
3345 4415 3431 4468 alii
3474 4416 3581 4469 Deo

2013 4514 2235 4579 servire,
2278 4510 2628 4579 quvangelio
2657 4523 2785 4562 vero
2811 4508 2872 4561 ad
2901 4508 3056 4560 alium
3100 4507 3259 4559 Deum
3291 4508 3581 4560 successio-

2014 4620 2135 4657 nem
2166 4604 2356 4665 facere,
2388 4601 2551 4668 inquit
2582 4616 2593 4649 :
2628 4598 2917 4649 Benedictus
2946 4596 3099 4655 Deus,
3128 4596 3209 4647 cui
3233 4597 3390 4647 servio
3417 4612 3447 4645 a
3468 4612 3579 4646 ma-

2003 4694 2201 4760 joribus
2235 4693 2285 4744 in
2324 4688 2622 4741 conscientia
2662 4702 2787 4754 pura
2813 4684 2886 4748 (2.
2914 4684 3043 4735 Tim.
3080 4684 3129 4735 1.
3160 4684 3233 4748 3).
3272 4682 3383 4735 Non
3414 4684 3577 4747 enim,

2016 4786 2200 4852 inquit,
2229 4783 2293 4835 ab
2340 4781 2441 4833 alio
2479 4779 2541 4829 ad
2588 4778 2746 4829 alium
2797 4774 3023 4835 secessi;
3076 4772 3166 4825 sed
3198 4786 3353 4839 quem
3385 4772 3579 4826 inscius

2013 4876 2270 4935 colebam,
2308 4872 2420 4938 ejus
2464 4868 2765 4937 cognitione
2809 4864 3059 4925 imbutus,
3098 4861 3399 4928 complexus
3438 4875 3577 4916 sum.

2016 4970 2081 5022 Et
2104 4967 2223 5020 alibi
2253 4981 2369 5018 cum
2401 4963 2593 5015 docere
2622 4958 2797 5016 vellet,
2830 4954 3039 5006 oracula
3068 4952 3389 5005 Tcstamenti
3419 4952 3579 5006 \‘ete-

2014 5061 2086 5113 ris
2113 5068 2163 5111 et
2191 5056 2317 5109 Novi
2345 5055 2410 5106 ab
2439 5050 2623 5104 eodem
2648 5062 2740 5100 ore
2780 5044 3068 5111 eodemque
3101 5042 3319 5094 Domino
3344 5040 3576 5109 profecta

2013 5164 2148 5207 esse,
2181 5162 2337 5197 unum
2385 5138 2742 5196 testiinonium
2776 5135 2903 5203 petit
2936 5148 2963 5184 a
3001 5132 3336 5184 Testamento
3379 5131 3576 5197 Veteri,

2012 5242 2093 5293 cui
2124 5237 2477 5305 evangelicum
2506 5231 2818 5285 sententiam
2848 5225 3116 5286 annexuit,
3146 5239 3263 5276 cum
3291 5224 3360 5275 ait
3388 5240 3401 5274 :
3434 5223 3577 5277 Scri-

2014 5340 2260 5400 ptumest,
2295 5327 2412 5378 Non
2440 5322 2685 5376 abturabis
2728 5336 2781 5371 os
2828 5318 2935 5370 bovi
2967 5317 3343 5377 trituranti;et,
3380 5315 3577 5383 Dignus

2012 5435 2080 5477 est
2106 5421 2360 5490 operarius
2400 5414 2619 5469 mercede
2664 5429 2755 5465 sua
2786 5412 2861 5477 (1,.
2916 5408 3042 5460 Tim.
3077 5409 3129 5461 5.
3179 5407 3285 5473 18).
3338 5407 3570 5471 Quorum

2013 5516 2161 5579 illud,
2199 5513 2315 5565 Non
2346 5509 2615 5570 obturabis,
2641 5505 2797 5558 Mosis
2826 5512 2905 5555 est
2934 5519 2946 5552 :
2974 5500 3093 5564 hoc,
3125 5497 3317 5567 Dignus
3350 5508 3415 5549 est
3456 5514 3575 5564 ope-

2012 5625 2175 5661 rarius
2202 5606 2422 5658 mercede
2448 5617 2539 5653 sua
2574 5597 2749 5665 (Deut.
2779 5594 2867 5647 25.
2902 5593 2967 5656 4;
3000 5590 3123 5643 Luc.
3174 5591 3256 5641 10.
3300 5590 3379 5655 '7),
3422 5586 3577 5641 ειη-ἰ-

2012 5708 2126 5754 stus
2146 5700 2197 5750 in
2218 5692 2515 5762 Evangeliis
2540 5688 2726 5741 eﬂ'atus
2756 5692 2852 5738 est.
2884 5683 2949 5735 At
2976 5681 3082 5744 ille,
3112 5688 3164 5731 ut
3186 5682 3393 5746 planum
3433 5677 3573 5729 lace-

2014 5798 2114 5846 ret.
2163 5787 2230 5840 ab
2278 5799 2381 5837 uno
2423 5790 2475 5838 et
2520 5777 2709 5834 eodem
2750 5788 2843 5829 ore
2892 5772 3001 5826 hinc
3053 5777 3104 5823 ct
3155 5768 3237 5827 illa
3281 5767 3421 5821 edita
3455 5780 3574 5822 csse
