4096 6494
635 508 869 570 oracula,
897 507 1035 573 ideo,
1075 520 1190 574 qua:
1217 503 1476 559 distinctis
1515 502 1837 572 temporibus
1863 503 2193 571 pronuntiata

632 601 859 660 fuerant,
887 598 955 650 ob
986 596 1220 649 veritatis
1235 594 1634 649 consensionem
1653 592 1930 661 copulavit,
1949 606 2066 646 cum
2085 592 2157 644 ait
2181 611 2195 645 :

633 689 894 753 Scriptum
920 698 1012 750 est,
1047 687 1163 739 Non
1192 686 1439 738 obturabis
1465 701 1519 737 os
1548 684 1654 736 bovi
1685 684 1938 735 trituranti
1955 699 1973 746 ,°
1991 692 2066 745 et,
2098 680 2196 733 Di-

631 794 758 845 gnus
785 786 854 829 est
882 777 1140 842 aperarius
1165 775 1385 826 mercede
1410 789 1520 826 sua.
1553 773 1713 840 Hujus
1743 771 2056 839 evangelica:
2077 770 2198 824 har-

630 866 822 918 monia:
854 864 1133 933 imaginem
1166 864 1295 916 retia
1327 863 1411 915 illa
1453 861 1612 926 Petri,
1655 876 1771 929 quae
1797 860 1953 912 hodie
1983 860 2035 912 in
2064 873 2194 913 con-

628 961 811 1022 spectu
863 961 1039 1006 vestro
1082 953 1252 1005 laxata
1304 960 1458 1013 sunt,
1507 950 1775 1003 exhibent.
1822 948 2003 1017 Neque
2054 949 2193 1001 enim

627 1044 793 1097 semel
831 1044 1016 1097 Petrus
1045 1052 1245 1096 tantum
1276 1044 1403 1095 retia
1446 1042 1637 1094 laxavit
1669 1059 1681 1092 :
1714 1041 1806 1094 sed
1849 1041 1891 1091 si
1925 1039 2194 1092 historiam

629 1142 860 1201 spectes,
890 1132 1053 1186 semel
1074 1140 1300 1195 tantum;
1333 1130 1424 1185 sed
1450 1131 1500 1183 vi
1530 1139 1581 1183 et
1610 1129 1843 1186 efficacia
1871 1143 2029 1197 same.
2057 1129 2198 1194 Quo-

629 1222 729 1275 ties
759 1223 898 1276 enim
927 1222 1252 1291 evangelium
1279 1221 1607 1289 pnedicatur,
1638 1219 1764 1272 nihil
1793 1234 1891 1288 ego
1928 1219 2070 1272 aliud
2109 1220 2191 1272 in-

629 1320 797 1377 tueor,
833 1327 986 1380 quam
1036 1312 1268 1376 Petrum,
1308 1319 1361 1364 et
1391 1309 1672 1374 Andream,
1724 1318 1777 1362 et
1833 1317 1997 1362 totum
2045 1309 2221 1361 illum'

631 1401 852 1455 chorum
872 1404 1238 1471 apostolicum,
1258 1400 1613 1469 evangelicum
1633 1401 1755 1453 illud
1774 1409 1886 1454 rete
1905 1400 2190 1453 laxantem.

697 1491 748 1544 2.
781 1491 848 1544 Et
875 1501 988 1545 erat
1015 1506 1141 1544 sane
1172 1505 1362 1543 novum
1395 1491 1746 1558 spectaculum
1770 1488 2102 1542 Servatorem
2137 1488 2187 1542 in

627 1581 758 1632 mari
784 1579 1113 1648 conspicere,
1142 1589 1194 1632 et
1222 1579 1489 1631 auditores
1519 1579 1572 1630 in
1601 1578 1773 1631 littore
1801 1578 2151 1632 consistentes
2175 1595 2189 1631 :

628 1669 759 1721 inira
786 1682 870 1722 res
899 1686 913 1721 :
945 1669 1114 1737 pisces
1141 1669 1190 1720 in
1232 1678 1388 1731 terra,
1431 1669 1660 1736 piscator
1687 1669 1737 1722 in
1778 1671 1905 1722 mari
1949 1654 2193 1723 versaba-

628 1769 735 1813 tur.
766 1758 1023 1813 lmmissio
1053 1760 1188 1813 illius
1210 1761 1338 1813 retis
1368 1761 1538 1831 imago
1560 1773 1673 1814 erat
1694 1762 1942 1816 doctrina:
1962 1777 2188 1831 evangco

627 1847 763 1901 licm.
797 1847 1015 1917 Reperit,
1059 1849 1241 1918 inquit,
1275 1850 1544 1916 piscatores
1591 1849 1810 1903 lavantes
1863 1851 1986 1904 retia
2039 1851 2188 1911 (Luc.

626 1937 679 1991 5.
703 1937 739 1994 2
761 1938 803 2005 )τ
825 1947 878 1990 ιιι
899 1938 984 2005 qui
1006 1952 1216 1992 omnem
1235 1948 1465 2006 capturae
1487 1953 1630 2006 Spem
1654 1938 1992 2005 abjeeissent.
2015 1941 2191 1993 Pisca-

625 2036 709 2078 tor
729 2027 868 2079 enim
892 2027 992 2080 nisi
1013 2027 1254 2093 desperet
1277 2042 1332 2079 se
1348 2027 1543 2094 aliquid
1570 2026 1785 2093 piscium
1806 2041 1958 2093 posse
1978 2042 2186 2095 capere,

624 2123 737 2168 rete
762 2129 865 2168 non
894 2114 1048 2168 lavat.
1080 2115 1257 2183 Itaque
1279 2116 1474 2184 reperit
1496 2116 1637 2185 ipsos
1667 2115 1916 2170 Servator
1959 2119 2087 2172 retia
2117 2120 2190 2171 la-

625 2213 828 2266 vantes,
848 2213 906 2258 ut
928 2206 1014 2273 qui
1034 2206 1202 2259 nullos
1226 2221 1344 2260 sese
1380 2208 1551 2273 pisces
1573 2222 1761 2275 capere
1784 2223 1938 2277 posse
1959 2209 2188 2264 conlide-

621 2307 752 2357 ront,
783 2296 1096 2366 etDominus
1124 2298 1425 2364 piseationis
1454 2299 1645 2363 adstat,
1674 2309 1725 2354 et
1753 2301 1876 2369 quid
1903 2301 2057 2355 facit?
2075 2303 2187 2355 Pri-

622 2398 764 2434 mum
789 2384 999 2451 quidem
1027 2386 1318 2439 doctrinam
1350 2389 1584 2440 veritatis
1614 2389 1714 2441 illis
1743 2391 1986 2457 proponit
2015 2407 2028 2443 :
2061 2391 2183 2446 hinc

619 2471 768 2541 jubet
794 2481 907 2526 rete
934 2473 1119 2527 laxari.
1149 2475 1281 2528 Cum
1309 2477 1450 2530 enim
1476 2476 1633 2529 verba
1661 2477 1775 2530 sine
1800 2478 2048 2545 operibus
2089 2480 2184 2534 de-

620 2565 997 2617 monstratione
1048 2575 1318 2632 carerent,
1366 2566 1643 2635 oportebat
1694 2568 1984 2623 doctrinam
2035 2571 2184 2624 faelis

618 2656 932 2708 confirmare
964 2673 977 2708 :
1007 2670 1126 2708 nam
1174 2657 1280 2710 Deo
1323 2657 1562 2725 jubente,
1603 2675 1719 2726 qua:
1759 2660 1995 2727 nuspiam
2027 2676 2183 2728 repe-

617 2745 822 2797 riuntur
861 2745 1096 2798 invenies
1127 2762 1141 2800 :
1169 2755 1222 2800 et
1257 2762 1373 2815 quae
1415 2761 1521 2800 non
1550 2755 1690 2811 sunt,
1731 2749 1927 2816 capies.
1969 2747 2179 2813 Laxate,

616 2833 710 2896 ait,
738 2833 861 2884 retia
886 2843 1044 2887 vestra
1067 2833 1212 2904 (Luc.
1244 2836 1295 2889 5.
1333 2837 1385 2890 4.
1419 2837 1496 2904 5).
1527 2837 1625 2889 Cui
1659 2837 1845 2891 Petrus
1871 2855 1886 2891 :
1913 2837 2178 2908 Magister,

615 2938 704 2991 per
729 2932 883 2975 totam
908 2935 1098 2977 noctem
1117 2925 1416 2986 laborantes,
1438 2927 1566 2979 nihil
1590 2929 1826 2994 cepimus,
1856 2929 1944 2982 sed
1968 2929 2018 2981 in
2039 2929 2179 2982 verba

617 3022 704 3064 tuo
749 3014 928 3066 (amabo
972 3025 1091 3068 rete.
1147 3016 1393 3069 Admiror
1445 3017 1582 3071 Petri
1642 3018 1793 3071 Iidem
1839 3037 1849 3071 :
1897 3021 1982 3088 qui
2013 3021 2177 3087 prima

615 3103 889 3173 desperata
937 3106 1170 3170 haberet,
1225 3117 1278 3160 et
1320 3122 1452 3160 nova
1494 3109 1779 3162 crederet:
1814 3108 1873 3161 In
1916 3110 2058 3162 verba
2096 3119 2178 3164 tuo

616 3195 794 3248 (amabo
816 3205 933 3250 rete.
981 3196 1106 3260 Cur,
1138 3195 1204 3249 In
1241 3197 1384 3250 verba
1429 3207 1533 3262 tuo,
1578 3198 1684 3251 ait"
1719 3198 1974 3265 Quoniam
2019 3200 2180 3254 verbo

614 3287 729 3353 ejus
756 3287 870 3339 caeli
901 3287 1088 3339 firmati
1113 3296 1252 3352 sunt,
1275 3296 1331 3342 et
1361 3297 1498 3341 terra
1530 3286 1742 3342 fundata
1770 3299 1865 3350 est,
1912 3304 2054 3344 mare
2089 3305 2178 3344 se-

613 3390 850 3447 paratum
881 3387 962 3434 est
987 3378 1152 3449 (Psal.
1193 3379 1283 3434 δί.
1324 3380 1377 3435 6.
1429 3390 1476 3432 et
1531 3381 1650 3434 101.
1693 3380 1782 3448 26)
1811 3398 1823 3433 :
1854 3381 2012 3435 homo
2051 3397 2177 3451 pro-

614 3472 742 3539 priis
768 3472 875 3525 suis
898 3470 1111 3525 tioribus
1139 3480 1418 3525 coronatus
1462 3481 1562 3534 est,
1595 3480 1648 3525 et
1679 3473 1857 3525 omnia
1897 3472 2057 3526 verbo
2086 3481 2175 3524 tuo

613 3560 998 3614 constiterunt:
1031 3570 1087 3612 ut
1107 3561 1179 3613 ait
1203 3561 1394 3614 Paulus
1427 3577 1441 3614 :
1473 3561 1570 3626 Qui
1609 3571 1771 3628 portat
1819 3564 1984 3616 omnia
2033 3563 2177 3616 verba

620 3653 850 3718 potentia
873 3651 1009 3718 suce(
1021 3650 1172 3704 Hebr.
1211 3653 1257 3705 1.
1290 3653 1368 3722 5).
1404 3651 1467 3705 In
1486 3655 1628 3705 verba
1651 3662 1736 3706 tuo
1761 3654 1939 3706 laxabo
1963 3663 2079 3705 rete.
2113 3654 2175 3706 Et

615 3740 827 3792 verbum
859 3740 984 3793 illud
1015 3741 1226 3809 quidem
1259 3751 1370 3795 rete
1391 3742 1674 3796 antecessit
1703 3761 1716 3794 :
1749 3758 1844 3796 nec
1871 3743 2044 3811 pisces
2082 3741 2175 3795 ad-

611 3836 754 3880 sunt.
775 3827 903 3880 Nam
933 3829 1055 3881 licet
1095 3829 1405 3892 adfuissent,
1447 3829 1515 3883 ob
1556 3831 1831 3883 tumultum
1862 3846 2043 3883 eorum
2085 3833 2171 3898 qui

613 3917 969 3985 piscabantur,
1001 3917 1224 3972 fuissent
1271 3919 1480 3987 dilapsi.
1514 3920 1616 3974 Sed
1653 3920 1922 3974 descendit
1957 3923 2172 3976 verbum

610 4006 746 4072 ejus,
779 4005 877 4071 Qui
905 4016 1042 4059 vocat
1078 4024 1136 4060 ea
1161 4025 1271 4076 qum
1304 4025 1401 4062 non
1427 4019 1558 4073 sunt,
1591 4027 1651 4062 ac
1675 4012 1717 4063 si
1737 4020 1894 4063 essent
1917 4009 2084 4077 (Rom.
2119 4013 2171 4066 6.

611 4098 696 4164 17)
727 4114 739 4149 :
765 4098 997 4164 potentia
1045 4099 1157 4167 ejus
1180 4101 1267 4167 qui
1288 4101 1526 4168 jubebat,
1552 4102 1696 4169 prius
1722 4117 1876 4170 quam
1903 4111 2013 4156 rete
2030 4118 2175 4157 mare

609 4185 770 4239 subiit
798 4202 810 4235 :
835 4195 887 4239 et
917 4201 1101 4256 magna
1133 4189 1210 4241 vis
1241 4190 1460 4256 piscium
1487 4199 1665 4244 coacta
1710 4200 1812 4244 est.
1858 4192 2032 4260 Imago
2061 4192 2174 4246 hate.

607 4275 702 4327 fuit
727 4275 1036 4328 universalis
1070 4277 1344 4331 Ecclesia}.
1389 4278 1748 4346 Rumpebatur
1793 4289 1944 4336 rete:
1973 4296 2173 4337 annue-

607 4374 729 4418 runt
754 4366 933 4426 sociis,
961 4367 1046 4434 qui
1081 4368 1129 4419 in
1157 4368 1256 4420 alia
1283 4369 1516 4422 navicula
1547 4381 1716 4435 erant,
1748 4380 1806 4424 ut
1833 4374 2093 4435 venirent,
2117 4385 2171 4426 et

607 4456 705 4508 sibi
749 4456 1132 4509 auxiliarentur
1183 4457 1329 4526 (an.
1374 4460 1426 4512 5.
1475 4461 1527 4512 6.
1579 4460 1655 4529 7).
1703 4462 1991 4528 Oportebat
2029 4465 2168 4516 enim

610 4561 771 4600 naves
809 4546 940 4600 duas
976 4561 1290 4601 concurrere
1345 4550 1408 4601 ad
1452 4550 1593 4601 illam
1649 4551 2008 4616 piscationem.
2061 4552 2168 4604 Nisi

611 4636 752 4688 enim
781 4637 1150 4704 prophetarum
1178 4638 1370 4691 chorus
1391 4640 1690 4706 apostolica:
1721 4642 1896 4693 manui
1917 4642 2075 4706 adsit,
2118 4651 2172 4696 et

613 4727 900 4795 opituletur
926 4744 939 4779 :
973 4739 1024 4781 et
1045 4729 1140 4781 nisi
1164 4731 1392 4783 oraculis
1416 4731 1788 4799 prophetarum
1815 4734 2168 4799 apostolorum

611 4827 831 4869 eventus
859 4819 1195 4884 respondeat,
1231 4835 1333 4871 non
1365 4823 1598 4888 capimus
1624 4836 1741 4888 qua:
1772 4836 2048 4874 venamur.
2074 4821 2173 4874 ιω-

608 4922 709 4975 que
735 4922 852 4960 cum
874 4906 1123 4962 Servator
1145 4911 1508 4965 demonstrare
1541 4912 1713 4975 vellet,
1756 4911 1890 4965 hanc
1929 4913 2167 4980 piscatio-

608 5014 728 5051 nem
759 5000 1040 5068 imaginem
1070 5017 1188 5056 esse
1237 5002 1506 5065 Ecclesiae,
1553 5013 1608 5056 ut
1651 5005 1864 5058 Petrum
1900 5006 2166 5070 erudiret;

610 5089 711 5140 hoc
735 5091 975 5156 exemplo
1011 5093 1151 5144 acuit
1187 5102 1238 5146 et
1276 5093 1511 5146 incitavit
1555 5094 1620 5145 ad
1676 5094 2054 5160 fortitudinem,
2108 5111 2168 5150 ac

604 5178 733 5232 dicit
759 5180 876 5246 ipsi,
927 5179 1006 5233 Ne
1039 5193 1246 5247 metuas,
1290 5186 1354 5236 ab
1407 5185 1498 5237 hoc
1543 5195 1776 5252 tempore,
1825 5186 2045 5238 homines
2074 5188 2168 5239 eris

605 5271 809 5336 capiens
840 5269 983 5336 (Luc.
1014 5273 1198 5340 5.10).
1230 5275 1302 5325 Ab
1341 5273 1432 5327 hoc
1483 5285 1717 5343 tempore,
1767 5290 1870 5343 quo
1921 5277 2168 5342 potentia:

607 5375 740 5413 meae
793 5375 968 5412 coram
1015 5364 1160 5415 vobis
1200 5365 1485 5431 periculum
1537 5364 1774 5417 factum:
1819 5364 1974 5432 idque
2019 5363 2166 5418 vobis

604 5451 872 5518 cognitum
895 5460 945 5502 et
972 5453 1123 5518 plane
1145 5463 1473 5520 perspectum
1505 5463 1603 5515 est,
1634 5456 1791 5506 etiam
1825 5454 1974 5508 bruta
2008 5452 2167 5506 verbo

607 5555 729 5594 meo
750 5541 984 5605 obedire,
1014 5543 1288 5610 omniaque
1318 5555 1499 5596 nutum
1524 5558 1696 5596 meum
1725 5543 1892 5612 sequi.
1926 5542 2033 5594 Hoc
2057 5541 2167 5594 ido-

605 5643 708 5683 neo
746 5630 989 5697 exemplo
1031 5631 1099 5683 ob
1147 5634 1327 5686 oculos
1377 5634 1563 5700 posito,
1608 5631 1858 5700 deinceps
1899 5629 2166 5699 capiendis

609 5717 906 5775 hominibus
934 5736 1149 5791 Operam
1178 5723 1319 5776 dato.
1353 5722 1530 5792 Neque
1556 5723 1696 5779 enim
1732 5723 1882 5789 dicit,
1923 5720 2163 5778 homines

2105 383 2380 440 INCERTI

3765 414 3879 468 400

2302 503 2606 573 piscaberis,
2642 505 2736 560 sed
2765 505 3005 560 Homines
3040 507 3173 560 viros
3206 506 3407 575 capiens
3435 508 3554 561 eris.
3583 505 3854 577 Siquidem

2301 593 2474 662 pisces
2499 593 2604 647 vivi
2634 594 2700 648 ad
2724 606 2948 649 mortem
2977 595 3144 649 solent
3169 597 3318 665 capi;
3345 596 3587 650 homines
3617 610 3746 651 vero
3773 611 3866 649 ca-

2299 682 2532 750 piuntur,
2567 693 2626 736 ut
2667 698 2698 736 a
2736 695 2905 738 morte
2935 684 2999 737 ad
3041 684 3198 737 vitam
3231 695 3496 738 transeant
3526 703 3541 740 :
3567 687 3744 754 itaque
3768 687 3864 750 ait,

2299 773 2374 825 Ab
2401 774 2493 826 hoc
2515 785 2734 842 tempore
2777 776 2999 828 homines
3027 775 3122 828 eris
3163 776 3383 841 capiens.
3416 776 3521 830 Sed
3548 792 3644 830 cur
3665 777 3738 829 ait
3763 778 3862 839 illi,

2300 859 2383 914 Ne
2410 873 2598 917 metuas
2615 864 2640 915 Ρ
2666 863 2813 925 Esto,
2840 865 3153 931 promissum
3175 865 3507 932 splendidum
3547 865 3702 920 fuerit
3726 883 3740 930 ;
3766 881 3868 922 cur

2297 949 2406 1003 ait:
2441 950 2522 1002 Ne
2546 962 2738 1004 metuas
2764 953 2788 1004 Ρ
2811 952 2940 1018 Quia
2967 951 3041 1005 illi
3083 953 3132 1005 in
3164 963 3393 1007 mentem
3443 955 3585 1009 venit
3625 957 3866 1023 priorum

2298 1045 2658 1105 peccatorum,
2707 1039 2960 1092 Dominus
3008 1039 3081 1093 ait
3125 1057 3139 1092 :
3193 1039 3275 1092 Ne
3324 1053 3515 1094 metuas
3566 1052 3618 1096 te
3665 1044 3863 1112 ipsum,

2298 1134 2562 1195 tamquam
2609 1136 2940 1197 peecatorem
2988 1145 3002 1183 :
3045 1129 3137 1182 sed
3169 1129 3420 1199 deinceps
3464 1131 3683 1199 teipsum
3727 1149 3866 1188 eon-

2296 1216 2495 1271 sideres
2521 1226 2576 1272 ut
2599 1218 2919 1288 apostolum,
2966 1220 3053 1290 qui
3101 1220 3368 1274 dominico
3418 1223 3637 1290 imperio
3669 1225 3862 1277 orbem

2295 1307 2443 1374 quasi
2495 1321 2686 1377 sagena
2735 1310 3013 1378 complecti
3063 1310 3282 1378 juberis.
3339 1311 3484 1365 Hanc
3525 1328 3729 1376 vocem,
3773 1313 3866 1368 Ne

2296 1404 2483 1449 metuas
2510 1438 2524 1461 ,
2571 1398 2794 1467 quisque
2841 1414 2906 1453 ex
2957 1399 3167 1453 Christo
3216 1400 3431 1464 audiat;
3490 1400 3573 1455 Nc
3617 1413 3809 1457 metuas
3843 1418 3868 1457 .°

2294 1485 2454 1538 modo
2482 1485 2548 1538 ab
2591 1487 2690 1539 hoc
2720 1497 2957 1556 tempore
2990 1489 3353 1556 paenitentiam
3387 1500 3525 1560 agat.
3570 1492 3702 1561 Ergo
3733 1502 3855 1547 rete

2297 1573 2427 1628 illud
2453 1616 2468 1639 ,
2498 1585 2555 1628 ut
2584 1576 2823 1630 ordinem
2853 1593 3032 1632 rerum
3062 1580 3491 1648 explicandarum
3525 1580 3664 1650 prius
3696 1583 3860 1636 insti-

2293 1672 2462 1717 tutum
2489 1679 2896 1734 prosequamur,
2929 1666 3104 1735 imago
3144 1667 3239 1720 fuit
3264 1669 3580 1738 evangelicae
3609 1669 3860 1725 Servato-

2293 1753 2369 1806 ris
2413 1753 2691 1807 doctrinas.
2741 1754 2852 1808 Hoc
2885 1765 3062 1809 autem
3102 1756 3433 1825 evangelium
3469 1756 3625 1811 modo
3662 1758 3863 1812 Paulus

2293 1843 2624 1911 evangelium
2673 1842 2932 1912 justitiae,
2979 1844 3137 1898 modo
3165 1845 3492 1914 evangelium
3539 1847 3710 1915 pacis,
3759 1848 3863 1901 ali-

2291 1933 2502 2002 quando
2557 1934 2890 2003 evangelium
2947 1936 3193 2004 potentim
3241 1937 3487 2005 appellat.
3534 1937 3662 2004 Quia
3712 1939 3860 1994 enim

2292 2023 2682 2090 prmdicationis
2726 2024 2809 2076 illa
2838 2025 3005 2093 gratia
3050 2033 3258 2094 poterat
3288 2025 3426 2080 bella
3452 2025 3686 2092 auferre,
3716 2029 3864 2082 sedi-

2292 2111 2572 2180 tionesque
2603 2112 2877 2167 hominum
2923 2115 3062 2169 circa
3097 2115 3344 2183 pietatem
3380 2132 3483 2169 non
3513 2119 3860 2172 consentien-

2291 2201 2418 2255 tium
2444 2202 2727 2272 dissipare,
2757 2204 2877 2272 quia
2900 2218 3086 2258 omnes
3113 2205 3178 2258 ad
3203 2206 3427 2260 salutem
3465 2209 3669 2273 invitat,
3694 2224 3860 2263 evan-

2286 2292 2482 2358 gelium
2507 2293 2726 2361 justitize
2756 2293 2947 2347 dicitur
2976 2312 2989 2347 :
3030 2295 3152 2364 quia
3203 2310 3328 2348 vero
3364 2294 3664 2351 dmmonum
3710 2298 3857 2355 bella

2286 2381 2462 2448 sedat,
2488 2385 2818 2452 evangelium
2847 2385 2991 2453 pacis
3032 2385 3329 2454 appellatur
3358 2403 3370 2439 :
3402 2401 3465 2440 ac
3488 2389 3606 2456 quia
3637 2388 3726 2442 Dei
3760 2404 3857 2443 c0-

2286 2473 2580 2539 gnitionem
2615 2474 2794 2528 verbis
2823 2475 3018 2527 vilibus
3047 2476 3366 2545 promulgat,
3398 2478 3729 2547 evangelium
3756 2495 3854 2548 po-

2287 2562 2469 2614 tentia:
2496 2561 2709 2615 dicitur.
2751 2563 2887 2616 Audi
2936 2564 3153 2617 Paulum
3184 2564 3449 2618 dicentem
3479 2581 3494 2617 :
3532 2564 3650 2620 Non
3672 2570 3854 2621 erube-

2284 2669 2369 2706 sco
2417 2655 2731 2724 eoangelium
2755 2670 2775 2707 :
2806 2656 2960 2707 virtus
2987 2656 3118 2707 enim
3152 2654 3249 2708 Dei
3291 2665 3362 2709 est
3385 2657 3456 2707 ad
3478 2657 3684 2710 salutem
3712 2662 3854 2712 omni

2287 2744 2510 2795 credenti
2537 2745 2553 2809 (
2592 2743 2743 2797 Rom.
2768 2745 2819 2798 1.
2849 2745 2915 2799 16
2946 2747 2984 2814 ).
3031 2745 3270 2799 Potentia
3314 2747 3574 2816 siquidem
3610 2756 3717 2803 tum
3755 2750 3854 2805 de-

2283 2847 2426 2885 mum
2463 2848 2588 2887 vere
2624 2835 2877 2888 eluceseit
2902 2874 2916 2898 ,
2954 2849 3074 2889 cum
3115 2836 3159 2889 is
3192 2837 3280 2904 qui
3320 2837 3591 2905 praedicat,
3618 2853 3724 2893 non
3750 2841 3853 2893 bu-

2284 2937 2438 2976 mana
2469 2923 2728 2976 rationum
2766 2923 2905 2978 serie
2940 2939 3067 2979 usus
3091 2966 3107 2990 ,
3136 2925 3392 2981 terminos
3423 2927 3570 2982 orbis
3598 2929 3796 2986 obtinet
3828 2947 3845 2995 ;

2281 3020 2338 3064 ut
2359 3012 2612 3068 Servator
2654 3013 2817 3068 Paulo
2843 3014 2970 3068 dicit
3002 3031 3015 3067 :
3045 3015 3235 3084 Suﬁcit
3257 3017 3350 3086 tibi
3381 3019 3545 3088 gratia
3570 3035 3678 3073 mea
3703 3036 3722 3074 :
3746 3022 3850 3074 uirb

2283 3109 2362 3152 tus
2386 3104 2517 3154 enim
2537 3119 2646 3155 mea
2671 3107 2723 3156 in
2747 3105 3040 3170 inﬁrmitate
3066 3107 3364 3179 perﬁcitur(
3389 3107 3442 3160 Ξ.
3472 3107 3592 3162 Cor.
3624 3110 3706 3163 12.
3739 3113 3771 3165 9
3797 3110 3844 3178 ).

2281 3188 2466 3260 Neque
2495 3193 2637 3245 enim
2666 3207 2913 3261 magnum
2941 3195 3207 3263 quidpiam
3236 3195 3337 3249 hoc
3368 3195 3555 3252 fuisset
3573 3239 3586 3262 ,
3616 3199 3658 3252 si
3687 3197 3848 3252 Chri-

2281 3290 2396 3335 stus
2422 3282 2558 3335 nnda
2598 3296 2691 3336 sua
2716 3282 2990 3338 divinitate
3020 3286 3204 3339 orbem
3237 3286 3589 3340 illustrassct:
3620 3287 3710 3341 sed
3743 3287 3847 3344 hoc

2279 3373 2494 3437 mirum,
2527 3373 2665 3443 quod
2692 3389 2921 3442 corpore
2963 3389 3058 3429 suo
3088 3376 3463 3444 impassibilem
3508 3385 3561 3431 et
3595 3379 3844 3447 incorpo-

2279 3475 2426 3515 ream
2458 3463 2752 3516 ostenderit
2776 3464 3025 3533 gloriam.
3058 3463 3241 3532 Neque
3271 3463 3401 3518 illud
3431 3465 3761 3532 admirabile,
3792 3468 3843 3522 si

2277 3555 2428 3608 vivus
2454 3564 2507 3608 et
2551 3556 2758 3610 vivifica
2803 3557 2968 3625 gloria
3016 3555 3398 3623 resplendens,
3424 3556 3538 3611 orbi
3569 3557 3727 3610 vitam
3757 3574 3846 3611 re-

2276 3648 2536 3702 stituisset
2558 3665 2571 3705 :
2595 3648 2687 3702 sed
2718 3649 2948 3716 potentia
2983 3647 3137 3701 Verbi
3159 3656 3240 3700 est
3261 3645 3403 3715 quod
3426 3657 3592 3701 morte
3615 3657 3843 3701 nionem

2281 3737 2451 3803 tollat,
2478 3748 2534 3790 et
2561 3753 2654 3806 per
2677 3739 3026 3792 contumelias
3055 3737 3338 3791 immortali
3363 3738 3529 3806 gloria
3562 3738 3839 3805 refulgeat.

2278 3827 2417 3880 Alibi
2441 3830 2602 3882 etiam
2633 3829 2828 3882 Paulus
2853 3829 3182 3897 evangelium
3211 3829 3355 3897 pacis
3387 3829 3615 3896 appellat
3648 3847 3660 3880 :
3698 3827 3844 3883 Pre-

2278 3926 2470 3984 parate,
2500 3917 2593 3984 ait,
2619 3919 2769 3988 pedes
2797 3928 2982 3971 vestros
3011 3919 3063 3970 in
3099 3919 3464 3987 prcparatione
3487 3919 3726 3988 evangelii
3754 3935 3844 3986 pa.

2283 4006 2353 4057 cis
2378 4004 2396 4075 (
2426 4005 2616 4073 Ephes.
2649 4007 2703 4060 6.
2735 4005 2864 4078 15).
2893 4007 3032 4060 Alibi
3054 4007 3384 4075 evangelium
3410 4006 3628 4073 justitize
3667 4007 3841 4060 nomi-

2280 4103 2392 4158 nat,
2419 4109 2537 4148 cum
2559 4096 2669 4149 ait:
2706 4095 2825 4149 Non
2852 4097 2981 4148 enim
3011 4096 3240 4148 erubesco
3267 4096 3573 4164 evangelium
3598 4111 3615 4148 :
3635 4096 3837 4164 justitia

2275 4183 2406 4238 enim
2428 4184 2526 4238 Dei
2545 4186 2596 4238 in
2615 4187 2724 4252 ipso
2741 4184 3010 4238 revelatur‘
3036 4183 3212 4251 (Rom.
3245 4185 3293 4237 1.
3329 4183 3412 4237 16.
3444 4185 3550 4250 17).
3578 4183 3712 4248 Quid
3747 4192 3832 4237 est

2273 4279 2480 4334 Iustitia
2509 4277 2603 4330 Dei
2629 4277 2653 4329 ?
2679 4275 3026 4343 Posteaquam
3057 4275 3135 4327 lex
3169 4274 3333 4342 prima
3364 4274 3489 4326 solis
3515 4274 3714 4328 Judazis
3739 4273 3840 4328 fuit

2274 4369 2786 4440 data,Evangelium
2803 4381 2930 4420 vero
2958 4365 3227 4428 omnibus,
3257 4366 3587 4434 evangelium
3615 4366 3841 4433 justitia:

2272 4461 2522 4530 appellat.
2568 4456 2838 4524 Siquidem
2871 4455 3009 4508 Deus
3053 4455 3228 4523 justus
3249 4455 3338 4522 qui
3381 4469 3565 4507 omnes
3592 4469 3840 4524 peraeque

2271 4550 2590 4620 procreavit,
2622 4559 2809 4599 omnes
2849 4559 3095 4612 perasque
3137 4544 3417 4596 illuswavit
3450 4561 3463 4597 :
3499 4544 3730 4611 illudque
3754 4546 3842 4612 ju-

2271 4641 2430 4695 stitiae
2456 4640 2751 4702 erat,‘mon
2784 4635 2882 4688 hos
2921 4634 3133 4701 quidem
3183 4648 3418 4698 servare,
3443 4633 3562 4686 illos
3593 4649 3719 4686 vero
3742 4636 3838 4687 mi.

2273 4731 2455 4783 nime:
2483 4738 2534 4780 et
2565 4725 2662 4779 hos
2687 4739 2903 4786 vocare,
2948 4723 3065 4775 illos
3110 4736 3283 4775 secus.
3327 4720 3382 4775 ln
3418 4720 3590 4774 Veteri
3623 4721 3833 4790 quidem

2272 4820 2631 4879 Testamento,
2662 4814 2868 4867 vocatic
2889 4812 3027 4882 justa
3055 4827 3158 4864 non
3191 4812 3287 4864 fuit
3314 4829 3327 4862 :
3357 4810 3448 4865 sed
3481 4813 3827 4875 teconomica,

2271 4924 2391 4978 quae
2436 4905 2654 4976 justitite
2691 4904 2830 4957 viam
2882 4902 3236 4972 prmmunivit.
3268 4900 3445 4968 Neque
3491 4909 3663 4953 tamen
3697 4899 3836 4955 hanc

2271 4999 2482 5068 quidem
2515 4998 2734 5066 justam,
2765 4995 2906 5047 illam
2935 5008 3060 5048 vero
3088 4993 3336 5062 injustam
3364 4993 3550 5048 dixero
3577 5007 3589 5042 :
3624 4991 3716 5045 sed
3765 4992 3833 5044 il-

2271 5091 2374 5143 lam
2398 5088 2597 5142 aditum
2624 5086 2689 5140 ad
2717 5084 2854 5138 hanc
2881 5083 3196 5153 patefecisse
3216 5125 3228 5148 .
3260 5093 3313 5137 et
3341 5083 3406 5136 ad
3452 5081 3588 5135 hanc
3611 5097 3837 5150 appara-

2271 5187 2381 5232 tum
2407 5175 2688 5246 quemdam
2721 5173 2901 5228 fuisse.
2937 5173 3130 5241 Legem
3160 5171 3338 5225 Israeli
3361 5169 3526 5223 dedit.
3563 5170 3695 5222 llinc
3731 5171 3834 5224 Da-

2334 5310 2349 5339 ¹
2386 5315 2498 5364 Qua:
2521 5306 2626 5353 haec
2643 5304 2810 5362 verba,
2835 5300 2884 5364 in
2907 5301 3009 5363 ipso
3031 5300 3284 5364 revehitur,
3308 5306 3579 5364 seqmmtur
3594 5301 3644 5347 in
3666 5313 3838 5364 excer-

2268 5371 2364 5438 nis
2401 5361 3838 5438 apud.Rhotiumev'e'mzliuesaehﬂﬂt’igtslﬂs

2268 5420 2609 5490 ὶρααι·ῑμε(έιία
2622 5426 2727 5490 -Im'.
2743 5420 2792 5472 ili
2814 5422 2915 5490 έρρο
2938 5420 3216 5490 revelata?!
3239 5420 3474 5490 0W0
3493 5421 3656 5490 {Cum
3673 5420 3837 5490 etiam

2314 5502 2349 5537 ξιτ
2366 5480 2547 5536 λιιὶίωίε
2564 5485 2672 5536 solis
2695 5486 2808 5551 data
2822 5480 2903 5551 sit,
2933 5481 3041 5532 licet
3063 5480 3148 5551 alii
3169 5480 3376 5531 homines
3397 5480 3610 5551 ejusdem
3631 5481 3838 5551 exsiste-

2268 5555 2373 5598 rent
2386 5554 2574 5611 natura:
2591 5554 2640 5611 et
2659 5543 2873 5611 originis,
2897 5541 3190 5611 euangelium
3212 5554 3320 5611 rem
3339 5541 3555 5611 omnibus
3585 5542 3837 5611 aquatiter

2268 5597 2496 5671 gentibus,
2523 5607 2687 5655 merito
2726 5597 2774 5653 in
2805 5597 2887 5652 illo
2913 5597 3121 5671 justitia
3265 5607 3518 5671 revelatio,
3563 5608 3608 5671 et
3633 5597 3840 5671 iustitia

2267 5662 2556 5729 'émngelium
2587 5673 2795 5717 vocatur.
2835 5671 2888 5712 ltt
2918 5662 3076 5713 Veteri
3105 5663 3250 5726 ἱρέων
3287 5668 3402 5714 rest.
3435 5664 3506 5713 sic
3529 5665 3714 5714 notavit.
3746 5669 3840 5711 uu-
