4094 6502
313 449 422 504 399

296 552 410 603 λίου
443 549 605 603 εἰκὼν
627 549 694 602 τά
723 549 910 601 δίκτυα
941 548 1164 618 Πέτρου,
1193 549 1261 602 τά
1294 551 1527 618 σήμερον
1556 548 1639 598 ἐπ’
1669 546 1851 613 ὄψεσιν

298 638 593 706 ἡμετέραις
623 638 714 688 καὶ
742 638 928 697 ἀκοαῖς
962 635 1310 704 χαλασθέντα.
1338 636 1410 687 Οὐ
1442 635 1548 702 γὰρ
1581 634 1722 696 ἀπαξ
1759 631 1853 684 Πέο

294 738 422 791 τρος
455 722 680 790 ἐχάλασε
711 722 778 773 τὰ
816 721 1022 782 δίκτυα,
1055 720 1188 772 ἀλλά
1219 723 1282 789 τῇ
1315 719 1413 788 μὲν
1449 718 1653 787 ἱστορίᾳ
1686 717 1849 782 ἆπαξ,

294 811 360 876 τῇ
402 807 458 858 δέ
498 806 718 874 δυνάμει
752 807 1026 868 πολλάκις.
1072 805 1286 866 Ὁσάκις
1333 805 1438 873 γὰρ
1473 805 1566 855 ἐὰν
1609 802 1849 872 κηρυχθῇ

297 893 356 945 τὸ
383 892 724 959 Εὑαγγέλιον.
753 893 899 944 οὐδὲν
932 893 1113 962 ἕτερον
1139 890 1322 960 όρῶ,ἢ
1360 891 1578 959 Πέτρον,
1610 891 1702 942 καὶ
1739 891 1853 940 Ἀν-

295 978 480 1048 δρέαν,
531 979 622 1030 καὶ
672 977 760 1029 τὸν
809 977 963 1046 χορὸν
1013 977 1118 1028 τῶν
1167 975 1493 1038 ἀποστόλων,
1537 975 1594 1026 τὸ
1641 975 1850 1026 δίκτυον

296 1063 596 1125 ἀπλοῦντας
621 1062 680 1114 τὸ
712 1061 1078 1130 εὖαγγελικόν.

367 1149 432 1218 β’.
467 1149 572 1200 Καὶ
596 1144 662 1217 ἦν
696 1147 840 1210 ξένον
877 1147 1051 1214 θέαμα
1079 1147 1167 1198 τον
1201 1146 1424 1215 Σωτῆρα
1475 1145 1600 1196 ίδεῖν
1649 1145 1705 1196 ἐν
1751 1143 1849 1196 θα-

293 1234 482 1302 λάττῃ,
513 1235 603 1284 καὶ
651 1235 772 1292 τοὺς
812 1231 1220 1300 διδασκομένους
1259 1231 1407 1300 παρά
1461 1231 1549 1282 τὸν
1605 1229 1848 1296 αἰγιαλὸν

294 1320 552 1382 ἑστῶτας.
584 1320 740 1370 Ξένον
775 1321 1022 1387 πρᾶγμα,
1051 1319 1098 1369 οἱ
1137 1317 1312 1386 ἰχθύες
1345 1317 1435 1368 ἐπὶ
1462 1317 1558 1384 τὴν
1597 1318 1718 1385 γῆν,
1756 1317 1850 1368 καὶ

291 1408 320 1458 6
343 1406 524 1466 άλιεὺς
551 1407 606 1457 ἐν
637 1404 892 1472 Θαλάττῃ.
929 1405 990 1454 'H
1014 1403 1227 1463 κάθεσις
1245 1415 1269 1442 δ
1289 1403 1492 1454 ἐκείνου
1517 1402 1608 1453 τοῦ
1636 1401 1847 1453 δικτύου

291 1491 456 1543 εἰκὼν
485 1486 549 1559 ἦν
586 1489 677 1542 τοῦ
709 1488 1057 1556 εὑαγγελικοῦ
1101 1489 1278 1551 λόγου.
1314 1483 1483 1554 Εὗρε,
1519 1487 1669 1554 φησὶ,
1710 1487 1848 1551 τοὺς

287 1578 479 1642 ἁλιεῖς
503 1578 958 1640 ἀποπλύνοντας
980 1575 1127 1647 μθὸἶ
1158 1579 1227 1627 τὰ
1249 1574 1479 1637 δίκτυα,
1501 1573 1574 1636 ὡς
1599 1575 1850 1626 ἀπειπόνο

287 1681 391 1725 τας
417 1665 509 1733 τῆς
537 1665 728 1732 ἄγρας.
765 1662 968 1719 Ἀλιευς
1001 1663 1106 1730 γὰρ
1135 1662 1228 1712 ἐὰν
1265 1661 1337 1730 μὴ
1368 1661 1716 1729 ἀπαγορεύσῃ
1749 1662 1846 1728 τῆς

287 1750 492 1818 θήρας,
534 1751 592 1800 οὐ
634 1748 818 1800 πλύνει
855 1748 914 1799 τὸ
959 1749 1189 1802 δίκτυον.
1237 1742 1408 1816 Εὗρεν
1449 1742 1539 1800 οὖν
1587 1747 1780 1808 αὐτοὺς
1819 1747 1847 1798 ό

285 1837 479 1905 Σωτὴρ
522 1836 844 1896 ἀπειπόντας
890 1834 988 1904 τῆς
1021 1834 1218 1904 ἄγρας,
1252 1835 1344 1886 καὶ
1383 1833 1663 1900 ἐφίσταται
1690 1835 1717 1885 ό
1747 1832 1846 1901 τῆς

284 1924 462 1992 θήρας
486 1922 778 1988 Δεσπότης,
806 1921 900 1974 καὶ
930 1922 982 1972 τί
1027 1923 1202 1984 ποιεῖ;
1242 1918 1460 1988 Πρῶτον
1495 1919 1727 1971 διδάσκει
1757 1919 1846 1970 τὸν

281 2010 444 2075 λόγον
484 2007 579 2076 τῆς
611 2008 862 2076 ἀληθείας
883 2024 895 2036 ⁸
929 2003 1046 2059 εἶτα
1078 2005 1283 2059 κελεύει
1319 2005 1649 2075 χαλασθῆναι
1680 2005 1738 2056 τὸ
1770 2005 1846 2057 δίο

281 2113 469 2149 κτυον.
507 2095 718 2163 Ἐπειδὴ
751 2093 856 2164 γὰρ
883 2094 949 2146 τά
980 2098 1192 2164 ῥήματα
1223 2088 1286 2161 ἦν
1323 2091 1678 2144 ἀναπόδεικτα
1720 2092 1844 2144 ἄνευ

277 2181 398 2233 τῶν
424 2183 613 2252 ἔργων,
651 2181 815 2250 ἐχρῆν
841 2180 1194 2248 ἀκολουθῆσαι
1225 2179 1302 2246 τῷ
1334 2178 1473 2246 λόγῳ
1505 2179 1602 2248 τὴν
1631 2178 1715 2230 διά
1739 2178 1844 2228 τῶν

279 2268 462 2337 ἔργων
499 2267 798 2330 ἀπόδειξινο
833 2268 912 2319 δτι
945 2266 1076 2318 Θεοῦ
1117 2265 1484 2326 κελεύσαντος,
1528 2266 1619 2315 καὶ
1662 2264 1728 2316 τά
1772 2264 1844 2333 μὴ

276 2353 642 2422 εὑρισκόμενα
670 2353 932 2422 θηρᾶται,
975 2354 1068 2405 καὶ
1095 2353 1162 2405 τά
1205 2353 1278 2422 μὴ
1321 2351 1448 2402 ὄντα
1490 2350 1841 2418 λαμϐάνεται.

274 2441 615 2502 Χαλάσατε,
652 2444 804 2510 φησὶ,
836 2441 901 2494 τὸ
943 2441 1184 2494 δίκτυον
1226 2440 1409 2508 ὑμῶν.
1451 2441 1509 2492 Ὀ
1548 2441 1602 2492 δέ
1645 2441 1845 2510 Πέτρος

275 2532 464 2597 λέγει·
509 2528 839 2590 Ἐπιστάτα,
871 2528 944 2580 δι’
971 2528 1118 2593 ὅλης
1151 2527 1247 2594 τῆς
1285 2527 1500 2590 νυκτὸς
1528 2526 1846 2579 κοπιάσαν-

273 2634 386 2680 τες
409 2616 583 2668 οὐδὲν
609 2615 913 2682 ἐλάϐομεν,
939 2615 1031 2665 ἐπὶ
1058 2614 1124 2665 δὲ
1146 2613 1223 2677 τῷ
1247 2614 1335 2677 σῷ
1355 2612 1570 2681 ῥήματι
1596 2611 1842 2680 χαλάσω

271 2706 356 2759 τὸ
379 2705 638 2756 δίκτυον.
664 2701 934 2771 Θαυμάζω
963 2702 1166 2768 Πέτρου
1201 2701 1294 2769 τὴν
1329 2701 1528 2758 πίστιν,
1557 2699 1622 2750 τά
1656 2700 1841 2769 πρῶτα

270 2789 771 2857 ἀπογινώσκοντος,
824 2790 916 2840 καὶ
952 2788 1018 2839 τὰ
1051 2788 1144 2838 νέα
1196 2787 1552 2847 πιστεύοντος.
1593 2787 1712 2837 Ἐπὶ
1761 2785 1841 2847 τῷ

272 2875 376 2940 σῷ
399 2875 614 2943 ῥήματι
641 2873 884 2940 χαλάσω
917 2873 980 2925 τὸ
1013 2872 1275 2925 δίκτυον.
1304 2872 1399 2923 Διά
1429 2871 1480 2923 τί
1510 2868 1678 2932 εἶπεν,
1718 2872 1838 2922 Ἐπί

272 2964 367 3030 τῷ
395 2963 481 3028 σῷ
501 2963 753 3031 ρήματι;
787 2961 998 3030 Ἐπειδὴ
1029 2961 1119 3012 ἐπὶ
1143 2960 1218 3028 τῷ
1253 2961 1455 3029 ῥήματι
1491 2957 1651 3010 αὑτοῦ
1693 2960 1784 3010 καὶ
1814 2961 1841 3010 6

276 3052 512 3122 οὐρανὸς
544 3049 874 3120 ἐστερεώθη,
912 3049 1001 3100 καὶ
1049 3049 1081 3116 ή
1115 3051 1184 3118 γῆ
1225 3045 1574 3115 ὲθεμελιώθη,
1611 3046 1704 3097 καὶ
1748 3045 1841 3098 θά-

272 3138 459 3192 λασσα
479 3135 782 3206 ἀφωρίσθη,
812 3137 904 3187 καὶ
929 3134 1208 3204 ἅνθρωπος
1228 3133 1444 3194 οἰκείοις
1466 3132 1676 3184 ἄνθεσιν
1701 3133 1842 3182 ἐστε-

272 3223 538 3294 φανώθη,
570 3221 663 3272 καὶ
710 3221 882 3272 πάντα
913 3219 988 3288 τῷ
1029 3219 1106 3287 σῷ
1150 3222 1349 3288 ῥήματι
1385 3218 1725 3286 συνέστηκεν,
1767 3216 1839 3279 ὤς

271 3325 448 3378 φησιν
484 3309 514 3360 6
543 3306 782 3367 Παῦλοςο
821 3304 1016 3370 Φέρων
1055 3321 1117 3356 τε
1151 3305 1221 3356 τὰ
1262 3303 1458 3356 πάντα
1507 3303 1584 3368 τῷ
1621 3304 1838 3370 ῥήματι

270 3392 391 3462 τῆς
427 3392 728 3459 δυνάμεως
755 3390 959 3443 αὑτοῦ.
997 3391 1119 3442 Ἐπί
1157 3389 1224 3441 δὲ
1252 3388 1330 3453 τῷ
1371 3389 1460 3453 σῷ
1486 3389 1704 3457 ῥήματι
1734 3405 1838 3457 χα-

267 3479 449 3536 λάσω
473 3479 538 3532 τὸ
560 3479 821 3532 δίκτυον.
851 3475 1169 3546 Προκατέὸη
1211 3475 1303 3528 τοῦ
1330 3476 1542 3528 δικτύου
1572 3475 1630 3528 τὸ
1656 3477 1805 3544 ῥῆμα
1822 3493 1834 3505 ⁸

268 3566 343 3619 οὐ
384 3565 631 3636 πάρεισιν
663 3564 712 3616 οἰ
749 3563 943 3633 ἰχθύες.
978 3562 1084 3615 Καὶ
1112 3563 1218 3632 γὰρ
1245 3565 1291 3615 εἰ
1329 3564 1596 3632 παρῆσαν,
1629 3561 1713 3614 διά
1743 3562 1839 3631 τὴν

270 3650 500 3722 δχλησιν
544 3649 650 3701 τῶν
679 3649 1013 3719 ἀγρευόντων
1065 3648 1363 3716 διέφευγον.
1399 3648 1560 3701 Ἀλλά
1605 3648 1838 3718 κατῆλθε

267 3738 345 3790 τὸ
395 3736 540 3806 ῥῆμα
585 3736 790 3786 ἐκείνου
821 3733 914 3786 τοῦ
949 3734 1295 3798 Καλοῦντος
1339 3735 1410 3787 τὰ
1441 3734 1526 3803 μὴ
1559 3735 1722 3797 ὄντα,
1759 3736 1838 3800 ὠς

270 3823 456 3874 ὄνταο
489 3819 826 3888 προκατῆλθε
855 3817 947 3871 τοῦ
978 3818 1192 3871 δικτύου
1221 3821 1252 3888 ἠ
1277 3820 1503 3889 δύναμις
1534 3821 1626 3872 τοῦ
1660 3821 1838 3873 κελεύ-

268 3923 499 3970 σαντος·
535 3905 767 3976 συνήχθη
813 3903 1012 3973 πλῆθος
1061 3905 1274 3974 ἰχθύων.
1321 3905 1496 3958 Εἰκὼν
1521 3901 1587 3977 ἦν
1623 3906 1720 3975 τῆς
1757 3907 1835 3957 οἰ-

267 3991 606 4061 κουμενικῆς
673 3991 1008 4060 Ἐκκλησίας.
1067 3993 1426 4062 Διερρήγνυτο
1474 3991 1534 4044 τὸ
1582 3992 1830 4046 δίκτυον·

264 4082 499 4133 ἔνευσαν
534 4076 612 4146 τῷ
639 4076 807 4147 πλοίῳ
841 4077 918 4146 τῷ
961 4079 1285 4148 συμμετόχῳ
1322 4079 1514 4144 ἐλθεῖν,
1562 4081 1654 4133 καὶ
1710 4099 1833 4132 συν-ο

265 4164 511 4235 ἅρασθαι
556 4164 734 4224 αὑτοῖς
760 4163 805 4214 ι).
842 4164 989 4216 Ἔδει
1029 4165 1134 4232 γάρ
1163 4166 1254 4218 δύο
1298 4167 1476 4235 σκάφη
1518 4167 1834 4237 συνδραμεῖν

265 4256 361 4314 εἰς
394 4252 490 4322 τὴν
524 4254 711 4320 ἄγραν.
758 4251 877 4304 Ἐὰν
905 4252 1010 4321 γάρ
1052 4253 1125 4322 μὴ
1157 4257 1301 4324 παρῇ
1347 4254 1500 4323 χορὸς
1541 4257 1833 4326 προφητῶν

267 4337 484 4407 βοηθῶν
538 4340 602 4407 τῇ
657 4337 979 4407 ἀποστολικῇ
1037 4340 1211 4407 χειρὶ,
1262 4340 1352 4392 καὶ
1403 4344 1470 4410 τῇ
1521 4343 1829 4410 προφητικῇ

264 4425 573 4494 προρρήσει
609 4424 682 4492 μὴ
706 4423 1040 4494 ἀκολουθήσῃ
1067 4425 1172 4476 τῶν
1201 4425 1508 4477 ἀποστόλων
1531 4427 1563 4494 ή
1589 4425 1828 4488 ἔκϐασις,

262 4511 340 4564 οὐ
371 4511 597 4578 θηρᾶται
635 4511 701 4561 τά
729 4509 1036 4580 θηρώμεναι.
1073 4511 1358 4581 Βουληθεὶς
1384 4513 1558 4566 τοίνυν
1587 4516 1615 4566 6
1641 4515 1828 4584 Σωτὴρ

261 4594 462 4658 δεῖξαι,
492 4596 571 4646 ὅτι
609 4597 641 4663 ή
678 4595 784 4646 τῶν
817 4596 1010 4663 ἰχθύων
1055 4597 1195 4666 ἄγρα
1229 4597 1389 4649 εἰκών
1418 4599 1533 4651 ἐστι
1576 4600 1672 4668 τῆς
1707 4601 1829 4653 Ἐκ-

265 4679 527 4748 κλησίας,
575 4681 667 4731 καὶ
707 4680 981 4748 βουληθεὶς
1030 4683 1311 4734 παιδεῦσαι
1355 4685 1554 4754 Πέτρον
1595 4685 1703 4750 ἐτι,
1753 4685 1830 4752 τῷ

265 4765 628 4834 ὑποδείγματι
671 4765 842 4835 τούτῳ
875 4766 1090 4835 ὴλειψεν
1130 4767 1290 4819 αὑτὸν
1325 4771 1402 4831 εἰς
1445 4771 1693 4841 ἀνδρείαν
1735 4775 1830 4826 καὶ

264 4851 420 4915 λέγει
448 4849 609 4919 αὑτῷ⁸
653 4851 747 4917 Μὴ
792 4853 998 4919 φοϐοῦ.
1036 4853 1152 4906 ἀπὸ
1199 4854 1304 4907 τοῦ
1338 4854 1453 4907 νῦν
1485 4856 1829 4923 ἀνθρώπους

266 4936 390 5001 ἔσῃ
427 4933 666 5003 ζωγρῶν.
704 4938 836 4990 Ἀπὸ
886 4939 990 4993 τοῦ
1026 4940 1159 5004 νῦν,
1195 4941 1286 5008 ἀφ’
1314 4935 1403 5003 οὗ,
1451 4943 1631 5011 φησὶν,
1676 4944 1827 4996 ἐπει-

270 5021 478 5093 ράσθης
507 5021 606 5090 τῆς
631 5021 925 5092 δυνάμεως.
961 5028 1051 5079 καὶ
1085 5026 1280 5095 ἔμαθες
1311 5027 1390 5079 ὅτι
1433 5029 1522 5079 καὶ
1554 5028 1619 5080 τά
1658 5029 1824 5095 ἄλογα

269 5110 536 5160 ὑπακούει
569 5107 730 5175 λόγῳ,
759 5110 850 5160 καὶ
881 5112 1052 5163 πάντα
1081 5113 1270 5165 ’έπεται
1305 5113 1381 5182 τῷ
1417 5113 1533 5182 ἐμῴ
1577 5115 1820 5183 νεύματι.

266 5193 463 5247 Λαϐὼν
483 5193 684 5263 ἀρκοῦν
705 5194 764 5245 τὸ
791 5195 1107 5265 ὑπόδειγμα,
1137 5201 1335 5268 χρῆσαι
1365 5201 1543 5253 λοιπον
1570 5204 1634 5271 τῇ
1661 5202 1820 5271 θήρᾳ.

265 5280 384 5332 Καὶ
419 5280 516 5331 οὐκ
555 5277 723 5342 εἶπεν,
756 5280 1094 5350 Ἀνθρώπους
1121 5283 1215 5354 ἔσῃ
1245 5285 1487 5349 ἀλιεύων,
1516 5288 1669 5351 ἀλλὰ,
1709 5289 1822 5341 ‘Ar-

265 5365 537 5432 θρώπους
563 5368 677 5433 ἔσῃ
717 5364 958 5435 ζωγρῶν.
998 5369 1208 5438 Ἐπειδὴ
1249 5373 1297 5423 οἰ
1341 5373 1516 5440 ἰχθύες
1544 5375 1649 5426 ἀπὸ
1684 5376 1822 5443 ζωῆς

261 5453 350 5513 εἰς
383 5453 602 5506 θάνατον
639 5454 937 5507 ἀλιεύονται
961 5467 983 5494 ο
1006 5462 1020 5488 δ
1050 5457 1099 5508 οἱ
1129 5458 1182 5509 δέ
1213 5459 1482 5529 ἄνθρωποι
1515 5465 1620 5516 ἀπὸ
1657 5465 1819 5516 θανά-

329 5661 357 5729 f
381 5660 511 5729 linus
527 5665 554 5720 ή
575 5665 758 5729 κᾴθετις
777 5667 880 5729 γάρ.

327 5725 355 5763 ι
394 5721 523 5772 Unus
545 5727 624 5771 καὶ
647 5721 957 5776 συλλαϐέσθαι
979 5730 1148 5785 αὑτοῖς.

326 5786 352 5816 ⁸
374 5785 458 5833 Sic
476 5785 573 5833 duo
591 5800 728 5846 ωδε..
752 5791 926 5838 melius
948 5804 1092 5851 quam
1117 5793 1231 5841 editi
1257 5795 1515 5849 ἡλιιύοντο,

1461 431 1740 488 IIOMILIA
1779 429 1867 486 DE
1905 428 2396 487 LEGISLATORE.

3414 451 3527 507 400

1959 562 2052 598 του
2082 547 2159 608 εἰς
2189 545 2328 615 ζωὴν
2363 543 2676 613 ἀγρεύονται
2697 559 2710 574 ο
2753 544 2880 596 Ἀπὸ
2918 543 3020 596 τοῦ
3051 544 3182 609 νῦν,
3217 547 3394 615 φησὶν,
3424 550 3500 602 ἀν

1959 631 2222 698 θρώπους
2250 632 2362 698 ἔσῃ
2395 630 2639 698 ζωγρῶν.
2669 630 2764 682 Διά
2791 630 2842 680 τί
2873 625 2962 682 οὖν
2987 627 3012 665 ἀ
3046 631 3190 696 λέγει
3215 633 3384 702 αὑτῷ,
3415 635 3513 702 Μὴ

1958 717 2172 784 φοϐοῦ;
2207 718 2404 777 Ἔστω,
2448 718 2480 784 ἠ
2513 716 2804 782 ἐπαγγελία
2847 715 3011 784 καλὴν
3059 713 3200 785 εἶχεν
3237 718 3356 785 δ’ᾇιν
3379 735 3391 748 ·
3429 720 3518 772 διὰ

1959 803 2006 854 τί
2046 800 2158 862 οὖν,
2200 802 2293 869 Μὴ
2336 803 2558 870 φοϐοῦ;
2606 801 2817 870 Ἐπειδὴ
2866 803 3164 870 προσέπεσε
3215 807 3277 872 τῇ
3330 807 3519 877 μνήμῃ

1956 889 2062 940 τῶν
2097 888 2325 958 πρώτων
2356 887 2787 958 ἁμαρτημάτων,
2821 891 2873 939 Μ
2882 887 2912 951 ip
2953 889 3160 954 φοϐοῦ,
3205 890 3358 956 φησὶ,
3392 907 3519 940 σαυ-

1955 974 2064 1035 τὸν,
2089 973 2163 1035 ὼς
2189 973 2526 1042 ἁμαρτωλὸν,
2551 972 2686 1025 ἀλλά
2715 972 2894 1024 λοιπὸν
2923 975 3029 1023 νόει
3059 975 3250 1025 σαυτὸν
3279 975 3352 1036 ὡς
3387 975 3518 1027 ἀπό·

1958 1061 2157 1122 στολον,
2195 1062 2389 1131 ῥήματι
2419 1060 2715 1128 δεσποτικῷ
2749 1059 3095 1127 κελευόμενος
3134 1063 3230 1128 τὴν
3267 1064 3518 1130 οἰκουμέ-

1956 1165 2052 1217 νην
2087 1148 2432 1216 σαγηνεῦσαι.
2476 1149 2572 1213 Μὴ
2608 1149 2814 1215 φοϐοῦ,
2850 1150 2955 1209 πᾶς
3000 1149 3314 1217 ἁμαρτωλὸς
3367 1149 3514 1222 [406]

1955 1234 2104 1304 παρά
2144 1233 2373 1303 Χριστοῦ
2405 1236 2674 1286 ἀκουέτω·
2711 1234 2803 1298 Μὴ
2841 1233 3060 1300 φοϐοῦ·
3102 1237 3257 1302 μόνον
3288 1237 3392 1288 ἀπὸ
3422 1238 3515 1289 τοῦ

1955 1320 2046 1371 νῦν
2079 1321 2418 1389 μετανοείτω.
2460 1321 2532 1372 Τὸ
2557 1322 2730 1372 τοίνυν
2769 1319 2996 1380 δίκτυον,
3026 1321 3110 1372 ἵνα
3141 1323 3216 1382 εἰς
3258 1322 3352 1390 τὴν
3385 1340 3516 1393 προ-

1953 1405 2219 1459 λαϐοῦσαν
2262 1406 2397 1458 ἔλθω
2429 1407 2760 1466 ἀκολουθίαν,
2806 1405 2965 1457 εἰκών
3011 1409 3121 1457 ἐστι
3158 1408 3250 1474 τῆς
3284 1409 3512 1474 εὑαγγε-

1953 1491 2105 1560 λικῆς
2154 1493 2245 1544 τοῦ
2292 1493 2541 1562 Σωτῆρος
2591 1493 2948 1553 διδασκαλίας.
2999 1493 3069 1544 Τὸ
3102 1493 3155 1544 δὲ
3191 1492 3512 1560 Εὑαγγέλιον

1952 1578 2106 1630 τοῦτο
2131 1579 2282 1631 καλεῖ
2312 1579 2516 1641 Παῦλος
2541 1581 2666 1631 ποτὲ
2697 1582 2792 1647 μὲν
2809 1580 3130 1646 Εὑαγγέλιον
3153 1581 3510 1649 δικαιοσύνης,

1953 1664 2081 1715 ποτὲ
2108 1665 2164 1716 δὲ
2195 1664 2520 1731 Εὑαγγέλιον
2549 1667 2786 1734 εἰρήνης,
2823 1667 2949 1716 ποτέ
2981 1665 3034 1716 δέ
3063 1665 3383 1732 Εὑαγγέλιον
3425 1667 3514 1718 δυ-

1951 1749 2182 1818 νάμεως.
2220 1751 2434 1820 Ἐπειδὴ
2460 1751 2565 1818 γάρ
2585 1751 2780 1820 δυνατὴ
2806 1752 2836 1818 ή
2863 1751 3018 1818 χάρις
3042 1751 3132 1803 τοῦ
3161 1752 3510 1821 κηρύγματος

1953 1836 2043 1886 καί
2076 1835 2338 1904 πολέμους
2365 1837 2619 1903 ἀφανίσαι
2647 1848 2691 1896 θ,
2722 1837 2815 1887 καὶ
2851 1837 3062 1898 στάσεις
3095 1838 3391 1906 ἀνθρώπων
3436 1841 3512 1908 μὴ

1953 1922 2378 1988 συμφωνούντων
2424 1923 2558 1991 πρὸς
2607 1923 2881 1974 εὐσέϐειαν
2930 1925 3250 1991 σκορπίσαι,
3294 1927 3385 1976 καὶ
3426 1926 3512 1977 διὰ.

1955 2008 2052 2076 μὲν
2081 2008 2140 2059 τὸ
2187 2010 2393 2070 πάντας
2423 2009 2644 2061 καλέσαι
2691 2009 2823 2077 πρὸς
2873 2010 3142 2077 σωτηρίαν
3169 2010 3378 2075 λέγεται
3410 2012 3512 2062 Εὑ-

1951 2094 2200 2160 αγγέλιον
2237 2095 2613 2163 δικαιοσύνης·
2666 2095 2751 2146 διὰ
2786 2095 2840 2146 δέ
2885 2096 2945 2146 τὸ
2991 2096 3364 2147 καταστέλλειν
3420 2097 3510 2150 τὸν

1951 2179 2182 2248 πόλεμον
2225 2180 2331 2233 τῶν
2360 2181 2626 2250 δαιμόνων
2656 2183 2867 2249 λέγεται
2903 2182 3225 2248 Εὑαγγέλιον
3254 2184 3472 2253 εἰρήνης
3493 2197 3507 2212 ⁸

1950 2264 2036 2316 διά
2077 2266 2132 2316 δέ
2170 2265 2229 2318 τὸ
2269 2267 2506 2319 εὐτελέσι
2566 2269 2768 2336 ῥήμασι
2813 2269 3099 2337 κηρύττειν
3146 2269 3278 2320 Θεοῦ
3312 2269 3510 2336 γνῶσιν

1950 2352 2189 2404 καλεῖται
2221 2353 2546 2420 Εὑαγγέλιον
2590 2355 2887 2424 δυνάμεως.
2921 2356 3115 2406 Ἀκουε
3164 2354 3371 2406 Παύλου
3420 2354 3509 2406 λέ-

1949 2454 2132 2504 γοντος
2150 2455 2162 2466 ⁸
2200 2439 2279 2492 Οὐ
2311 2440 2417 2508 γάρ
2445 2441 2878 2509 ἐπαισχύνομαι
2903 2441 2969 2494 τὸ
2993 2441 3355 2509 Εὐαγγέλιον
3374 2459 3387 2472 ο
3418 2441 3513 2493 δύο

1949 2539 2122 2590 ναμις
2169 2527 2276 2590 γὰρ
2317 2526 2462 2576 Θεοῦ
2513 2527 2681 2577 ἐστιν
2713 2530 2796 2589 εὶς
2831 2528 3145 2593 σωτηρίαν.
3189 2529 3260 2578 Τὸ
3293 2527 3509 2578 δυνατὸν

1947 2612 2053 2678 γὰρ
2084 2612 2201 2662 τότε
2237 2612 2480 2677 φαίνεται
2512 2613 2751 2677 δυνατὸν,
2784 2615 2907 2664 ὅταν
2949 2613 3021 2682 μὴ
3055 2617 3164 2673 τοῖς
3202 2613 3510 2675 ἀκολούθοις

1949 2698 2281 2766 κεχρημένον
2318 2697 2625 2767 λογισμοῖς,
2671 2701 2913 2768 κρατήσῃ
2960 2699 3065 2750 τῶν
3118 2698 3365 2767 περάτων
3410 2699 3510 2767 τῆς

1946 2783 2076 2850 γῆς·
2108 2785 2180 2844 ὡς
2229 2784 2372 2850 λέγει
2416 2787 2443 2835 ὀ
2487 2785 2673 2854 Σωτὴρ
2715 2785 2790 2852 τῷ
2836 2785 3060 2852 Παύλῳ’
3110 2785 3296 2851 Ἀρκεῖ
3336 2800 3434 2838 σοι
3471 2788 3503 2854 ἠ

1947 2868 2115 2936 χάρις
2148 2889 2263 2938 μου
2286 2888 2298 2900 ’
2334 2872 2369 2937 ἡ
2413 2872 2519 2938 γὰρ
2556 2870 2804 2937 δύναμίς
2846 2889 2964 2938 μου
3007 2871 3075 2924 ἐν
3099 2872 3379 2938 ἀσθενείᾳ
3416 2889 3506 2924 τε·

1944 2956 2225 3008 λειοῦται.
2255 2956 2419 3008 Ούδὲν
2447 2951 2512 3025 ἦν
2559 2956 2721 3025 μέγα,
2764 2959 2810 3007 εἰ
2837 2961 3012 3026 γυμνῇ
3062 2961 3128 3028 τῇ
3165 2958 3375 3028 θεότητι
3410 2960 3506 3025 τὴν

1946 3043 2264 3110 οἰκουμένην
2288 3042 2568 3109 ἐφώτισεν,
2592 3043 2703 3095 ἀλλ’
2720 3045 2799 3096 ὃτι
2822 3044 2908 3096 διά
2936 3045 3181 3113 σώματος
3203 3046 3300 3114 τὴν
3324 3045 3505 3115 ἀπαθῆ

1948 3128 2038 3179 καὶ
2079 3126 2365 3196 ἀσώματον
2399 3128 2560 3191 ἔδειξε
2591 3129 2764 3192 δόξαν.
2796 3131 2956 3182 Οὑδὲν
2984 3127 3050 3200 ἦν
3091 3131 3419 3199 θαυμαστὸν,
3456 3134 3504 3184 εἰ

1945 3214 1972 3264 6
2011 3211 2118 3274 ζῶν
2152 3214 2411 3276 ζωοποιὸν
2454 3217 2812 3284 ἁπαστράψας
2840 3217 3015 3281 δόξαν,
3046 3219 3142 3286 τὴν
3182 3219 3505 3288 οἰκουμένην

1945 3299 2323 3367 ἐζωοποίησενο
2343 3300 2476 3351 ἀλλά
2506 3302 2563 3352 τὸ
2591 3301 2813 3353 δυνατὸν
2840 3301 2932 3353 τοῦ
2963 3303 3153 3368 Λόγου,
3179 3304 3258 3355 ὅτι
3289 3305 3501 3373 θανάτῳ

1943 3386 2034 3436 τὸν
2063 3385 2286 3438 θάνατον
2317 3387 2585 3453 ἀφανίζει,
2616 3388 2706 3438 καὶ
2737 3387 2820 3438 διὰ
2851 3387 2956 3438 τῶν
2987 3387 3194 3456 ὕϐρεων
3226 3389 3324 3458 τὴν
3365 3389 3497 3442 ἀθά·

1943 3489 2099 3524 νατον
2141 3474 2514 3543 ἀπαστράπτει
2546 3473 2717 3537 δόξαν.
2764 3472 3017 3542 ’Λλλαχοῦ
3062 3473 3227 3541 λέγει,
3255 3477 3496 3543 Εὐαγγέε

1943 3560 2053 3613 λιον
2082 3563 2325 3630 είρήνης·
2365 3561 2506 3626 Τοὺς
2549 3561 2655 3631 γὰρ
2698 3560 2884 3625 πόδας
2917 3560 3097 3627 ὑμῶν,
3135 3563 3284 3631 φησὶ,
3318 3579 3502 3630 παρα·-

1943 3644 2281 3699 σκευὰσατε
2311 3647 2380 3698 ἐν
2406 3647 2710 3714 ἑτοιμασίᾳ
2743 3648 2846 3700 τοῦ
2886 3649 3250 3715 Εὺαῃοελίου
3278 3645 3385 3717 τῆς
3421 3657 3500 3703 εἰ·

1935 3731 2156 3800 ρήνης·
2189 3732 2417 3802 ἀλλαχοῦ
2471 3734 2620 3786 καλεῖ
2661 3733 3028 3800 δικαιοσύνης,
3070 3735 3142 3797 ὣς
3189 3750 3385 3804 φησιν’
3416 3741 3501 3790 Οὐ

1941 3818 2047 3888 γάρ
2066 3819 2494 3888 ἐπαισχύνομαι
2519 3821 2584 3873 τὸ
2613 3821 2991 3889 Εὐαγγέλιονο
3016 3821 3362 3887 δικαιοσύνη
3391 3829 3500 3892 γὰρ

1944 3905 2090 3958 Θεοῦ
2119 3905 2372 3969 ἐν’-αὑτῷ
2399 3907 2876 3960 ἀποκαλύπτεται
2905 3907 2947 3962 ί.
2992 3908 3055 3958 Τί
3093 3909 3234 3973 ἐστι,
3277 3915 3498 3962 Δικαιο-

1941 3993 2096 4058 σύνη
2123 3992 2303 4052 Θεοῦ;
2341 3993 2552 4060 Ἐπειδὴ
2572 3995 2599 4044 6
2625 3992 2834 4060 πρῶτος
2860 3993 3018 4061 νόμος
3054 3994 3316 4057 Ἰουδαίοις
3342 3995 3496 4065 ἐδόοη

1945 4079 2141 4146 μόνοις,
2177 4077 2237 4129 τὸ
2264 4076 2317 4128 δὲ
2352 4078 2676 4143 Εὑαγγέλιον
2703 4079 2855 4142 πᾶσι,
2894 4077 3045 4129 καλεῖ
3071 4079 3396 4146 Εὑαγγέλιον
3425 4081 3497 4133 δι-

1943 4165 2243 4234 καιοσύνης.
2270 4166 2484 4225 Δίκαιος
2508 4167 2615 4233 γὰρ
2635 4167 2662 4216 6
2689 4165 2838 4228 Θεὸς.
2866 4166 3065 4234 ὁμοίως
3102 4167 3305 4230 πάντας
3344 4171 3498 4237 ποιή-

1943 4269 2059 4314 σας,
2091 4251 2287 4321 όμοίως
2322 4252 2526 4311 πάντας
2559 4251 2809 4318 ἐφώτισε.
2842 4247 2950 4304 Καὶ
2985 4252 3142 4305 τοῦτο
3174 4249 3240 4323 ἦν
3270 4254 3492 4318 δίκαιον,

1939 4340 1996 4390 τὸ
2028 4337 2102 4407 μὴ
2129 4339 2253 4400 τοὺς
2282 4339 2378 4406 μὲν
2409 4337 2600 4400 σῶσαι,
2628 4338 2751 4399 τοὺς
2777 4337 2831 4389 δὲ
2863 4339 2936 4406 μὴ
2965 4338 3131 4390 σῶσαι
3150 4356 3163 4369 ’
3187 4341 3245 4392 τὸ
3273 4341 3348 4410 μὴ
3370 4343 3492 4404 τοὺς

1942 4425 2038 4492 μὲν
2079 4422 2332 4485 καλέσαι,
2380 4423 2503 4485 τοὺς
2557 4423 2611 4474 δὲ
2648 4424 2722 4492 μὴ
2766 4423 3008 4478 καλέσαι.
3045 4425 3132 4475 Ἐν
3175 4427 3238 4493 τῇ
3289 4426 3495 4494 Παλαιᾷ

1937 4510 2178 4582 Διαθήκῃ
2219 4510 2316 4561 οὑκ
2359 4505 2486 4578 ἦνὴ
2531 4509 2718 4577 κλῆσις
2763 4509 2974 4571 δικαία,
3006 4509 3117 4561 ἀλλ’
3146 4511 3492 4581 οἰκονομικὴ,

1938 4597 2520 4666 προκατασκευάζουσα
2540 4597 2654 4648 ὁδὸν
2680 4599 2742 4664 τῇ
2771 4594 3098 4663 δικαιοσύνῃ.
3120 4597 3194 4648 Οὐ
3220 4596 3326 4666 γὰρ
3351 4597 3492 4664 λέγω

1935 4682 2134 4752 ταύτην
2177 4681 2410 4745 δικαίαν,
2457 4681 2712 4747 κάκείνην
2742 4681 2942 4752 ἄδικον,
2981 4680 3092 4732 ἀλλ’
3125 4683 3336 4752 ἐκείνην
3377 4685 3493 4736 ὁδὸν

1934 4745 2160 4838 ταύτης,
2207 4769 2301 4821 καὶ
2340 4745 2786 4836 προκατασκευὴῦ
2828 4767 3048 4837 ταύτης.
3083 4745 3304 4824 Ἔδωκε
3331 4773 3494 4842 νόμον

1933 4857 2009 4924 τῷ
2045 4854 2272 4924 Ἰσραήλ.
2303 4852 2583 4926 Καὶρέγει
2620 4854 2647 4904 6
2679 4853 2866 4905 Δαυῖδ’
2907 4855 2959 4905 '0
2987 4856 3379 4924 ἀπαγγέλλων
3422 4860 3489 4912 τὸ

1931 4946 2137 5012 ,λόγιον
2189 4940 2372 4993 αὐτοῦ
2409 4939 2488 5004 τῷ
2523 4941 2752 5004 Ἰακὼϐ,
2804 4940 3162 5010 δικαιώματα
3217 4947 3313 4998 καί
3362 4950 3488 5014 κρίο

1994 5192 2017 5228 ά
2043 5191 2222 5241 Omnes
2234 5205 2347 5239 mss.
2371 5192 2492 5240 διατί
2511 5191 3052 5253 οὖν,(οωἱιιεί›σιιιιόὗν
3079 5194 3126 5240 in
3153 5191 3339 5253 editis.)
3361 5193 3488 5242 Infra

1929 5255 2190 5314 προσέπεσε
2211 5255 2322 5309 duo,
2347 5260 2498 5300 recte.
2527 5252 2792 5311 (Edehalur
2807 5254 3141 5314 προσέπεσον.)

1995 5326 2016 5350 υ
2043 5313 2111 5386 Ιιιι
2138 5322 2272 5383 τελεία
2319 5315 2500 5386 Regius
2528 5327 2666 5384 unus:
2712 5319 2868 5386 ᾼιιῐρσ
2910 5313 3402 5386 εάεὺειίυΐμὴίφάνισεν,
3433 5317 3484 5360 εἰ

1929 5388 2036 5421 mox
2066 5374 2358 5434 ἐσκόρπισεν.
2386 5375 2505 5422 Jure
2530 5375 2798 5430 suspicatus
2824 5386 3039 5421 errorem
3059 5382 3164 5420 erat
3189 5374 3335 5422 Saxil.

1996 5434 2012 5472 ῐ
2044 5435 2160 5492 Quae
2183 5443 2454 5494 sequuntur
2477 5437 2526 5482 in
2555 5436 2800 5494 excerplis
2819 5436 2943 5493 apud
2970 5434 3191 5494 Photirum
3219 5435 3362 5490 paulo
3379 5445 3480 5478 am-

1929 5498 2082 5556 pliora
2099 5503 2226 5550 Sunl,
2314 5496 2404 5542 εις)
2428 5511 2451 5556 :7
2468 5497 2574 5547 Πῶς
2599 5494 2677 5540 οὖν
2699 5493 2971 5549 δικαιοσύνη
2999 5493 3122 5556 Θεοῦ
3147 5495 3192 5540 ἐν
3211 5494 3337 5556 αὑτῷ
3357 5495 3480 5556 ἀπο·-

1927 5553 2254 5611 καλύπτεταιξ
2276 5558 2408 5610 πῶςς
2446 5555 2630 5609 Ἐπειδὴ
2663 5557 2689 5600 6
2729 5557 2913 5615 πρῶτος
2931 5555 3070 5615 νόμος
3113 5553 3346 5615 Ἰουδαίοις
3379 5553 3476 5615 ᾧέ*

1927 5617 2056 5674 δοτο,
2089 5617 2168 5662 καὶ
2206 5619 2299 5662 τῶν
2319 5617 2473 5662 ἄλλων
2499 5616 2751 5674 ἀνθρώπων
2767 5612 2865 5671 ’τῆς
2888 5612 3029 5670 αὐτῆς
3051 5614 3348 5674 ὑπαρχόντων
3395 5612 3479 5674 δη-

1929 5672 2162 5738 μιουργίας
2197 5678 2276 5722 καὶ
2314 5676 2512 5737 φύσεως,
2538 5672 2910 5738 κτὸγεὺαγγέλιον
2939 5672 3346 5738 πᾶσιν-ὁμοτίμως
3382 5672 3478 5724 τοῖς

1927 5731 2194 5798 ὃμοῖέυεσιν,
2220 5731 2410 5790 εἰκότως
2431 5738 2476 5798 ἐν
2497 5731 2914 5798 ὢτῷςδικάιοσύνῃ
2939 5732 3060 5798 Θεοῦ
3081 5731 3474 5798 ἀποκρύπτεται,

1928 5793 2006 5845 καὶ
2029 5793 2238 5845 καλεῖται
2263 5797 2558 5853 δικαιοσύνης
2576 5793 2870 5856 Εὑαγγέλιον·
2887 5796 2933 5842 ἐν
2953 5794 3102 5841 τοίνυν
3125 5798 3182 5852 τῇ
3209 5793 3412 5853 Παλαιᾷ.
