4096 6544
260 516 371 568 401

253 611 340 665 vid
376 631 389 666 :
423 611 524 676 Qui
544 613 808 666 annuntiat
829 612 1026 665 verbum
1049 584 1195 666 suum
1219 612 1397 677 Iacob,
1413 613 1641 680 justitias
1676 620 1720 664 et
1737 615 1828 682 juo

250 699 386 753 dicio
412 717 506 753 sua
532 699 715 754 Israel.
750 700 867 755 Non
893 702 1008 773 fecit
1050 703 1216 755 taliter
1257 703 1392 756 omni
1419 704 1630 769 nationi,
1660 713 1704 755 et
1736 703 1828 773 juo

253 792 388 844 dicia
413 809 507 846 sua
536 810 636 847 non
674 794 1009 864 manifestavit
1034 795 1104 848 eis
1141 795 1160 864 (
1191 793 1335 851 Psal.
1365 797 1487 850 M7.
1538 797 1588 850 8.
1639 795 1690 849 9.
1741 795 1825 850 19.

251 887 322 940 '20
353 887 393 953 ).

325 977 379 1031 ὅ.
405 976 628 1030 Iustitia:
654 978 962 1047 evangelium
987 995 1003 1041 ;
1034 979 1278 1031 servitutis
1303 979 1489 1047 species
1509 980 1734 1031 diversae.
1757 1009 1835 1030 —.

249 1068 386 1134 Quia
410 1083 537 1138 ergo
583 1069 670 1122 uni
695 1070 838 1138 genti
871 1070 1148 1137 patefecit,
1189 1069 1274 1123 hic
1311 1086 1439 1124 vero
1469 1071 1706 1123 doctrina
1734 1087 1826 1125 ve-

250 1159 426 1212 ritatis
456 1167 720 1228 tamquam
765 1160 828 1213 ad
870 1169 1118 1213 stateram
1144 1171 1374 1226 appensa
1398 1200 1410 1223 ,
1437 1161 1682 1213 omnibus
1710 1176 1827 1214 eam

249 1262 315 1301 ex
348 1263 503 1317 aequo
525 1248 953 1303 communicavit.
988 1248 1443 1318 Adverte,qu:eso.
1473 1249 1687 1303 Iustitia
1709 1259 1825 1314 est,

249 1352 440 1392 omnes
469 1353 534 1392 ex
563 1353 714 1407 inquo
738 1338 913 1391 salvos
942 1338 1078 1391 velle
1108 1356 1121 1391 :
1155 1353 1252 1392 nec
1274 1339 1621 1392 dilferentiam
1652 1339 1828 1394 facere

250 1428 399 1480 servi
427 1437 518 1480 aut
549 1427 718 1490 liberi,
754 1427 958 1481 barbari
980 1436 1070 1480 aut
1098 1427 1290 1492 Grieci,
1315 1429 1550 1481 mulieris
1580 1430 1659 1481 vel
1687 1429 1820 1481 viri:

250 1519 349 1574 sed
379 1519 516 1588 quod
549 1519 738 1572 Paulus
763 1520 887 1572 dicit
919 1535 932 1570 :
969 1518 1034 1572 In
1056 1519 1252 1572 Christo
1276 1518 1400 1572 Jesu
1422 1537 1518 1573 non
1545 1521 1785 1573 barbarus
1807 1561 1821 1584 ,

251 1626 355 1662 non
380 1610 571 1678 Scytha
593 1625 611 1662 :
642 1626 740 1662 non
773 1626 899 1672 mas,
933 1626 1033 1663 non
1059 1610 1246 1677 femina
1275 1626 1293 1663 :
1326 1628 1414 1664 nec
1438 1629 1624 1675 servus,
1660 1629 1747 1666 nec
1765 1613 1829 1664 li-

246 1700 378 1768 δεῖ(
407 1699 597 1754 Coloss.
622 1700 674 1752 3.
709 1700 768 1753 11
801 1699 844 1753 ὶ.
877 1699 1105 1754 Videsne
1131 1701 1662 1770 aequalitatem?Quia
1685 1703 1825 1757 enim

250 1799 440 1843 natura
470 1791 700 1858 (cquales
723 1804 904 1843 sumus
925 1829 940 1853 ,
970 1790 1092 1844 licet
1132 1793 1408 1846 sententiis
1447 1793 1818 1858 dissideamus,

251 1887 499 1931 naturam
535 1886 769 1932 nostram
799 1881 1032 1947 pristina:
1061 1881 1133 1934 illi
1165 1883 1538 1950 pulchritudini
1577 1886 1823 1938 restituit.

248 1965 386 2020 Cum
415 1967 554 2020 enim
586 1968 820 2023 Adamus
842 1983 872 2022 e
905 1977 1043 2023 terra
1074 1969 1330 2024 formatus
1358 1972 1475 2036 fuit,
1511 1987 1614 2026 non
1643 1975 1828 2028 alieni-

247 2072 412 2126 gena,
446 2073 550 2111 non
581 2057 774 2130 Scytha
798 2101 813 2124 ,
847 2074 944 2113 nec
983 2060 1238 2114 barbarus
1264 2103 1277 2123 ,
1310 2077 1406 2116 nec
1436 2063 1652 2117 Griecus
1672 2107 1685 2127 ,
1722 2080 1824 2118 non

245 2163 460 2214 servus,
492 2166 594 2203 non
624 2150 774 2215 liber,
800 2165 904 2204 non
934 2166 1068 2217 mas,
1094 2168 1190 2206 nec
1217 2154 1408 2206 femina
1439 2163 1553 2209 erat
1585 2172 1597 2208 :
1627 2171 1689 2209 ex
1719 2171 1825 2210 uno

247 2238 512 2306 siquidem
539 2239 643 2295 duo
671 2241 752 2294 illa
781 2241 1092 2308 procreavit.
1138 2242 1456 2297 Servitutem
1505 2261 1607 2299 non
1642 2256 1824 2301 natura

247 2329 465 2396 genuit,
509 2330 600 2383 sed
635 2331 855 2385 liberum
883 2332 1157 2387 arbitrium
1210 2337 1431 2402 peperit.
1485 2336 1587 2390 Sed
1628 2347 1679 2390 et
1727 2339 1825 2392 alia

243 2420 462 2484 species
488 2421 757 2475 servitutis
786 2432 886 2488 est,
916 2424 980 2477 ad
1008 2441 1164 2492 quam
1210 2428 1529 2482 necessitate
1555 2428 1708 2482 lamis
1738 2439 1826 2483 aut

244 2512 574 2579 captivitatis
619 2513 899 2583 adigimur.
951 2516 1151 2570 Prattcr
1179 2517 1313 2572 lianc
1345 2534 1554 2587 quoque
1585 2521 1682 2572 alia
1712 2530 1791 2574 est
1811 2561 1823 2584 ,

244 2617 410 2670 quam
442 2614 629 2672 sponte
661 2605 930 2659 subimus:
958 2617 1011 2658 ttt
1037 2609 1242 2662 ancillis
1269 2610 1317 2661 in
1344 2626 1536 2664 uxores
1554 2611 1744 2674 ductis,
1773 2614 1828 2665 li-

245 2691 512 2746 bertatem
543 2695 838 2760 vendimus,
861 2705 914 2749 et
939 2712 1035 2750 nos
1057 2698 1464 2768 servitutisjugo
1492 2701 1821 2769 subjicimus.

243 2784 330 2835 Ac
363 2783 524 2849 prima
556 2785 766 2852 quidem
799 2785 884 2838 illa
911 2788 1068 2839 animi
1092 2788 1318 2856 quadam
1346 2791 1604 2857 pravitate
1629 2795 1826 2846 consu-

246 2883 362 2926 tuta
385 2884 484 2929 est.
517 2875 592 2928 Tu
624 2891 769 2937 vero,
800 2876 940 2932 unde
976 2877 1086 2932 hanc
1117 2880 1346 2934 servitus
1370 2882 1628 2950 originem
1657 2884 1822 2938 duxe-

243 2966 345 3028 rit,
379 2966 610 3020 attende.
643 2967 765 3020 Post
792 2968 1054 3022 diluvium
1087 2970 1196 3024 Noé
1223 2987 1341 3025 cum
1370 2975 1546 3027 vinum
1583 2975 1822 3043 bibisset,

248 3072 358 3111 nec
386 3067 438 3110 ut
469 3073 559 3126 par
585 3069 698 3113 erat
734 3060 858 3115 illud
893 3070 1273 3130 temperasset,
1305 3065 1561 3133 imperitia
1599 3067 1823 3135 quadam

245 3147 546 3202 inebriatus
585 3158 666 3203 est
698 3168 710 3203 :
751 3167 920 3220 neque
946 3153 1261 3215 voluntatis,
1305 3155 1397 3208 sed
1434 3157 1656 3210 inscitia:
1685 3175 1826 3210 mor-

245 3239 379 3291 bum
409 3238 655 3304 admisit;
688 3251 739 3294 et
781 3241 990 3310 quidem
1019 3243 1198 3296 ebrius
1229 3245 1459 3310 seipsum
1489 3245 1781 3299 denudavit
1807 3265 1818 3299 :

243 3337 413 3396 atque
442 3344 573 3381 unus
604 3345 633 3383 e
665 3330 786 3383 [iliis
814 3330 1101 3398 ingressus,
1140 3341 1340 3399 patrem
1371 3333 1566 3386 nudum
1596 3349 1823 3402 conspe-

239 3431 396 3471 cnnn
431 3420 615 3472 irrisit.
648 3420 781 3486 Quid
813 3421 970 3489 igitur
1009 3430 1156 3488 pater
1177 3421 1282 3490 jam
1314 3422 1523 3477 sobrius
1544 3425 1606 3477 ad
1639 3424 1824 3477 illum?

243 3507 557 3564 Maledictus
583 3509 849 3577 Chanaan,
888 3527 1056 3565 servus
1085 3514 1175 3564 erit
1204 3514 1445 3582 fratribus
1472 3516 1574 3567 suis
1602 3515 1747 3584 (Gen.
1768 3515 1822 3569 9.

240 3601 370 3666 25).
409 3600 563 3655 Vides
595 3611 865 3668 peccatum
911 3603 1218 3655 servitutem
1273 3603 1664 3658 introduxissc?
1691 3605 1824 3659 Hinc

240 3692 506 3744 Servator
534 3708 545 3742 :
575 3690 751 3744 Omnis
776 3693 860 3760 qui
885 3701 1138 3761 peccatum
1167 3693 1320 3761 facit,
1345 3710 1512 3746 servus
1537 3705 1607 3747 est
1638 3697 1825 3762 peccati

234 3783 258 3848 (
293 3780 456 3833 Joan.
484 3781 535 3834 8.
565 3782 698 3851 51).
731 3781 1010 3850 Postquam
1043 3797 1170 3852 ergo
1195 3782 1468 3836 Liberator
1490 3784 1701 3836 humani
1728 3801 1822 3853 ge-

235 3871 394 3925 neris
422 3871 671 3935 advenit,
711 3873 914 3924 veniam
971 3873 1197 3939 peccatis
1225 3873 1524 3936 concessit,
1557 3875 1660 3926 imo
1697 3889 1820 3928 vero

237 3961 466 4015 sustulit
495 3961 512 4025 (
542 3960 799 4029 siquidem
833 3961 1007 4014 radice
1035 3963 1231 4026 excisa,
1264 3961 1463 4015 fructus
1493 3964 1647 4015 simul
1677 3965 1822 4017 exci-

236 4052 374 4122 dit},
407 4062 559 4106 vocat
585 4055 911 4122 evangelium
930 4052 1168 4120 justitire,
1199 4054 1336 4120 quod
1369 4068 1554 4106 omnes
1579 4069 1642 4107 ex
1670 4070 1822 4123 aequo

233 4141 491 4194 homines
517 4141 766 4196 illustret.
794 4141 960 4195 Judaei
994 4142 1134 4194 enim
1167 4142 1578 4206 arbitrabantur,
1598 4160 1822 4213 cvange-

233 4233 402 4294 lium,
449 4229 586 4297 quod
642 4246 734 4299 per
779 4232 947 4299 ipsum
979 4231 1442 4299 promulgabatur,
1472 4233 1535 4286 ad
1584 4249 1642 4287 se
1681 4235 1822 4288 solos

234 4324 538 4391 pertinere.
576 4322 768 4377 Verum
813 4323 924 4376 haec
967 4324 1197 4393 ipsorum
1226 4326 1552 4393 exsitectatio
1580 4326 1820 4394 inopina-

236 4426 360 4468 tum
387 4421 630 4467 eventum
658 4414 840 4467 sortita
872 4423 970 4467 est.
1002 4413 1628 4482 llincigiturDavidicnm
1659 4417 1817 4469 illud:

233 4504 594 4571 Suscepimus,
625 4503 775 4568 Deus,
811 4505 1202 4557 misericordiam
1226 4516 1362 4557 tuam
1387 4507 1438 4558 in
1463 4508 1623 4559 medio
1651 4509 1822 4575 populi

234 4595 319 4648 tui
351 4609 373 4646 .'
405 4594 679 4646 secundum
709 4611 888 4646 nomen
932 4605 1071 4645 tuum
1093 4636 1105 4658 ,
1137 4593 1295 4659 Deus,
1329 4597 1398 4646 ita
1443 4604 1488 4647 et
1517 4596 1628 4647 laus
1659 4606 1742 4647 tua
1770 4598 1822 4648 in

230 4686 375 4752 ﬁnes
404 4692 549 4735 terris
583 4685 602 4754 (
633 4682 772 4737 Psal.
800 4686 886 4738 47.
921 4685 1004 4738 10.
1038 4686 1095 4738 11
1139 4687 1177 4754 ).
1214 4686 1279 4739 Et
1309 4698 1365 4739 ut
1401 4686 1817 4749 demonstraret,

228 4773 390 4847 quod
440 4776 852 4830 misericordiam
904 4792 1052 4830 suam
1083 4777 1351 4830 declarare
1401 4778 1451 4829 in
1507 4777 1638 4831 lines
1680 4779 1822 4831 orbis

229 4877 428 4927 terrm,
461 4865 530 4918 sit
560 4866 647 4917 illa
668 4866 892 4934 justitia,
924 4867 1148 4934 subjecit
1177 4867 1415 4920 :Justitia
1438 4868 1583 4936 plena
1607 4877 1676 4920 est
1701 4868 1823 4920 deat-

229 4969 350 5012 tera
385 4965 468 5008 tua
496 4956 513 5022 (
547 4953 674 5008 Ibid.
705 4954 745 5026 ).
775 4956 1220 5026 Quotiescumque
1251 4957 1557 5024 profundior
1582 4957 1750 5024 aliqua
1771 4965 1824 5010 et

229 5048 557 5123 prophetica
590 5063 705 5101 sese
731 5048 979 5102 obtulerit
1008 5050 1261 5118 qumstio,
1300 5064 1415 5101 eam
1460 5049 1780 5114 amplectere
1806 5065 1818 5099 :

229 5158 348 5198 non
386 5138 592 5207 quidem
625 5139 905 5205 applausu,
957 5140 1049 5192 sed
1100 5140 1441 5207 intelligentia
1476 5155 1489 5190 :
1524 5153 1590 5191 ne
1621 5139 1822 5206 simpli-

229 5238 383 5288 citer
409 5229 691 5282 verborum
718 5228 948 5280 sonitum
980 5229 1260 5291 admirare,
1293 5229 1387 5282 sed
1418 5228 1736 5282 sententiain
1769 5236 1823 5281 et

231 5327 354 5378 vim
385 5321 627 5389 explora.
660 5319 712 5373 Si
743 5323 882 5373 enim
917 5335 1041 5373 vere
1071 5330 1122 5372 et
1153 5336 1220 5373 ex
1262 5321 1438 5373 animo
1474 5320 1678 5372 divinas
1711 5319 1822 5370 lau-

228 5416 336 5468 des
375 5410 752 5474 celebraveris,
784 5411 1113 5476 maximeque
1142 5410 1451 5463 Davidicum
1483 5409 1609 5462 illud
1633 5425 1822 5463 oracu-

228 5507 352 5559 lum
413 5501 717 5557 cantaveris
746 5517 758 5552 :
807 5499 1130 5565 Suscepimus
1155 5540 1168 5560 ,
1200 5501 1332 5554 Dens
1367 5543 1381 5567 ,
1432 5501 1819 5554 misericordiam

227 5607 383 5650 tuam
420 5594 475 5644 in
529 5592 692 5644 medio
723 5591 891 5660 papuli
934 5598 1004 5642 tui
1042 5607 1060 5644 :
1106 5593 1380 5645 secundum
1424 5609 1603 5646 nomen
1641 5604 1815 5655 tuum,

227 5687 404 5748 Deus,
429 5686 499 5736 ita
528 5692 574 5735 et
600 5681 708 5735 laus
748 5691 831 5734 tua
859 5684 909 5735 in
951 5683 1073 5751 ﬁnes
1103 5693 1248 5736 terra:
1273 5699 1290 5737 :
1328 5681 1529 5745 justitia
1559 5683 1705 5752 plena
1748 5693 1818 5737 est

225 5779 454 5830 dextera
509 5781 598 5824 tua
629 5787 646 5824 :
673 5772 824 5825 simul
878 5782 932 5827 et
970 5773 1173 5826 divinas
1213 5774 1393 5827 laudes
1433 5775 1741 5838 celebrans,
1766 5783 1818 5828 et

222 5875 430 5924 sancto
455 5861 663 5932 Spiritu
687 5864 914 5933 repletus
938 5864 1368 5936 deprehenderis.
1387 5869 1484 5933 Qui
1512 5870 1651 5924 enim
1670 5872 1815 5937 inge-

1418 495 1694 552 HOMILIA
1737 492 1824 549 DE
1864 494 2356 554 LEGISLATORE.

3390 531 3502 581 402

1941 626 2044 666 nne
2063 619 2116 666 et
2153 629 2216 668 ex
2255 615 2432 669 animo
2461 615 2632 683 psallit
2657 657 2672 683 ,
2702 616 2882 673 animo
2910 631 3223 689 renovatus,
3248 627 3501 695 templum

1937 700 2166 769 Spiritus
2207 705 2375 756 sancti
2405 704 2650 759 efﬁcitur.
2697 707 2879 776 Neque
2921 711 3060 764 enim
3100 728 3318 781 parvum
3347 717 3502 784 quid-

1936 793 2074 861 piam
2119 795 2444 863 psalmorum
2493 799 2907 853 modulationem
2956 804 3356 858 existimaveris.
3406 807 3500 860 Vi-

1934 881 2088 935 detur
2119 883 2205 936 illa
2239 884 2447 950 quidem
2474 900 2629 939 aures
2660 897 2858 942 tantum
2890 891 3219 957 demulcere,
3251 897 3393 964 atqui
3417 911 3502 950 re—

1937 972 2050 1039 ipsa
2083 973 2310 1027 animum
2353 991 2562 1045 quoque
2610 981 2823 1032 excitat.
2867 980 2953 1034 Sic
2982 983 3138 1035 etiam
3174 984 3354 1038 beatus
3391 985 3500 1038 Eli-

1935 1075 2074 1116 smus
2104 1063 2378 1132 propheta,
2406 1079 2526 1118 cum
2552 1080 2579 1118 a
2609 1067 2816 1134 regibus
2861 1069 3172 1137 quibusdam
3194 1113 3206 1133 ,
3245 1084 3300 1125 ut
3322 1073 3494 1127 futura

1936 1152 2266 1221 prmdieeret,
2301 1164 2591 1223 rogaretur,
2625 1156 2697 1210 ait
2730 1177 2743 1211 :
2775 1157 2904 1211 Date
2923 1161 3046 1212 mihi
3067 1162 3244 1228 virum,
3275 1166 3359 1231 qui
3374 1167 3499 1217 sciat

1936 1242 2150 1309 psallere
2173 1243 2190 1310 (
2213 1244 2265 1295 4.
2294 1243 2418 1312 Reg.
2450 1246 2501 1298 5.
2535 1246 2601 1301 15
2628 1245 2646 1316 )
2674 1262 2688 1298 :
2720 1246 2808 1314 qui
2835 1263 2956 1302 cum
2986 1250 3243 1315 venisset,
3281 1265 3332 1305 et
3361 1255 3502 1320 psal-

1937 1331 2089 1396 leret,
2115 1332 2304 1400 inquit,
2337 1332 2561 1400 Spiritus
2589 1344 2800 1389 sanctus
2825 1352 2986 1405 super
3011 1337 3256 1391 Elisaeum
3288 1342 3499 1394 cecidit.

1934 1420 2067 1484 Quid
2089 1421 2278 1488 igitur?
2300 1437 2494 1490 ergone
2512 1424 2739 1492 Spiritus
2766 1435 2978 1480 sanctus
3000 1429 3212 1480 vocibus
3237 1431 3504 1484 modulan-

1935 1510 2062 1561 tittm
2085 1509 2379 1564 oblectatur
2399 1553 2412 1576 ,
2437 1521 2492 1565 et
2520 1513 2658 1566 velut
2686 1515 3128 1569 incantationibus
3159 1519 3403 1582 allicitur,
3427 1521 3502 1572 si-

1933 1599 2144 1665 quidem
2196 1601 2248 1653 in
2312 1601 2584 1668 prophetas
2633 1603 2810 1656 animo
2859 1606 3163 1672 acquievit?
3202 1608 3498 1664 Sulliciebat

1930 1699 2082 1743 certe
2110 1691 2378 1759 propheta:
2410 1693 2608 1760 paritas
2633 1735 2646 1757 ,
2680 1702 2737 1747 ut
2761 1695 3016 1762 Spiritum
3055 1709 3296 1752 sanctum
3339 1700 3497 1754 advo~

1933 1791 2095 1836 caret.
2121 1783 2226 1836 Cur
2249 1797 2377 1852 ergo
2407 1783 2531 1838 dicit
2556 1801 2568 1836 :
2603 1783 2733 1837 Date
2759 1787 2878 1838 mihi
2914 1788 3070 1840 virum
3096 1829 3110 1852 ,
3139 1790 3223 1857 qui
3253 1791 3500 1857 psallendi

1932 1873 1995 1925 sit
2024 1874 2183 1927 sciens
2205 1874 2230 1926 ."
2266 1875 2380 1928 Non
2411 1891 2539 1930 sane
2570 1887 2626 1929 ut
2650 1876 2879 1946 Spiritus
2922 1891 3136 1934 sanctus
3178 1883 3497 1949 psalmorum

1934 1963 2295 2018 modulatione
2324 1966 2699 2028 obiectaretur,
2729 1968 2820 2021 sed
2852 1979 2926 2032 ut,
2959 1969 3047 2022 illo
3074 1980 3337 2032 cantante,
3371 1987 3495 2039 pro-

1931 2054 2108 2122 pheta,
2134 2064 2309 2108 mente
2328 2065 2598 2120 renovata,
2616 2057 2840 2125 Spiritus
2867 2061 3031 2113 sancti
3061 2061 3286 2113 adventu
3312 2061 3502 2130 dignus

1931 2143 2244 2200 efficeretur.
2283 2145 2507 2215 Ideoque
2533 2147 2783 2215 Spiritum
2813 2151 3038 2214 invocat,
3072 2161 3125 2203 ut
3163 2152 3372 2219 planum
3417 2151 3498 2204 la—

1933 2245 2094 2298 ceret,
2127 2251 2228 2288 non
2260 2238 2550 2306 psalmodia
2595 2239 2752 2300 allici,
2787 2241 2879 2294 sed
2919 2243 3094 2294 animo
3132 2259 3224 2309 per
3265 2243 3502 2296 modula-

1933 2326 2128 2379 tionem
2166 2329 2415 2381 excitato.
2452 2329 2632 2398 Neque
2669 2331 2755 2384 ille
2788 2332 2849 2385 ad
2890 2334 3201 2400 psallentem
3238 2337 3495 2402 pervenit,

1931 2417 2024 2471 sed
2067 2418 2132 2470 ad
2179 2419 2500 2473 audientem.
2550 2420 2766 2488 Oportet
2813 2425 2985 2491 itaque
3031 2426 3349 2493 psalmorum
3397 2429 3500 2479 vim

1933 2511 2253 2578 perscrutari
2284 2527 2297 2562 :
2324 2513 2588 2580 principue
2620 2529 2744 2566 vero
2772 2514 2906 2580 ejus,
2936 2517 3022 2583 qui
3055 2519 3203 2568 nobis
3239 2517 3393 2571 hodie
3420 2528 3502 2572 est

1929 2601 2178 2654 recitatus
2207 2601 2221 2630 ¹
2252 2617 2268 2652 :
2294 2600 2538 2655 Dominus
2563 2605 2822 2670 regnavit,
2861 2606 3068 2657 exsultet
3095 2618 3243 2666 terra,
3274 2610 3501 2661 lwtentur

1929 2690 2109 2744 insula:
2158 2693 2326 2744 multa:
2364 2692 2552 2761 (Psal.
2591 2695 2677 2747 96.
2717 2696 2737 2748 1
2777 2697 2816 2764 ).
2866 2696 3142 2761 Quomodo
3172 2714 3295 2767 ergo
3336 2700 3497 2768 illttd,

1931 2781 2174 2834 Dominus
2204 2782 2449 2848 regnavit,
2476 2784 2709 2851 accipis"
2736 2800 2858 2837 num
2883 2788 3028 2853 quasi
3061 2803 3247 2842 recens
3277 2790 3340 2843 ad
3361 2791 3500 2845 lasti-

1929 2874 2069 2941 giuin
2095 2873 2220 2926 illud
2253 2875 2407 2943 regia:
2432 2875 2697 2944 dignitatis
2722 2878 3058 2943 pervenerit?
3087 2880 3138 2932 Si
3163 2879 3300 2933 enim
3325 2881 3499 2937 dixis-

1930 2973 2030 3025 set,
2066 2964 2317 3016 Dominus
2345 2973 2530 3033 regnat
2561 2981 2572 3015 :
2607 2967 2980 3033 sempiternam
3013 2968 3150 3021 illius
3191 2970 3385 3038 regiam
3415 2972 3498 3024 di-

1929 3053 2182 3121 gnitatem
2214 3062 2465 3108 notasset.
2491 3053 2606 3107 Jam
2633 3070 2757 3107 vero
2788 3055 2945 3116 dicit,
2976 3055 3224 3111 Dominus
3257 3061 3496 3126 regnavit.

1931 3143 2133 3196 Dictum
2163 3155 2243 3197 est
2287 3160 2453 3212 nuper
2480 3152 2531 3196 et
2557 3144 2662 3210 jam
2707 3146 2896 3198 iterum
2923 3146 3147 3198 dicetur.
3181 3150 3312 3202 Ante
3343 3150 3499 3202 Citri-

1929 3235 1997 3287 Sli
2023 3234 2326 3296 adventum,
2360 3243 2481 3286 ante
2506 3235 2775 3303 Evangelii
2811 3237 3300 3303 promulgationem,
3328 3240 3377 3292 in
3408 3255 3498 3292 ηα-

1932 3334 2096 3378 turam
2131 3336 2362 3378 nostram
2416 3325 2692 3393 imperium
2725 3325 2995 3378 obtinebat
3017 3326 3274 3386 diabolus,
3312 3344 3498 3396 pecea-

1932 3424 2060 3478 tum,
2083 3429 2241 3466 mors.
2266 3412 2536 3467 Undcnam
2559 3415 2692 3468 hoc?
2717 3415 2908 3469 Paulus
2931 3417 3154 3482 explicat
3180 3418 3500 3483 :iQuemad-

1929 3505 2142 3558 tnodmn
2172 3505 2310 3557 enim
2363 3504 2598 3572 regnavit
2643 3514 2910 3572 peccatum
2961 3506 3010 3558 in
3068 3507 3272 3560 mortali
3316 3517 3498 3562 nostro

1928 3611 2168 3662 corpore,
2186 3597 2261 3649 sic
2279 3595 2434 3649 etiam
2463 3597 2625 3664 gratia
2647 3597 2877 3665 regnavit
2898 3613 2990 3665 per
3016 3597 3276 3652 Christdm
3292 3600 3495 3669 »(Πονη.

1929 3688 1981 3740 6.
2015 3687 2120 3755 12).
2156 3688 2292 3740 Ecce
2323 3687 2518 3754 peccati
2551 3702 2792 3755 regnum.
2824 3687 3042 3740 Ubinam
3073 3688 3264 3741 diaboli
3299 3689 3322 3739 ’ἒ
3362 3691 3495 3745 Audi

1929 3779 2265 3832 Servatorem
2308 3779 2615 3831 dicentem:
2667 3777 2724 3830 Si
2771 3788 2974 3830 satanas
3019 3790 3245 3831 satanam
3271 3781 3492 3847 expellit,

1928 3871 2162 3924 adversus
2201 3872 2417 3939 seipsum
2445 3871 2632 3923 divisus
2662 3879 2732 3923 est
2761 3885 2778 3921 :
2807 3871 3053 3930 quomodo
3097 3887 3211 3938 ergo
3245 3874 3389 3924 stabit
3420 3889 3496 3925 re-

1928 3981 2081 4033 gnum
2111 3963 2249 4015 illius
2278 3963 2294 4030 (
2323 3963 2509 4014 Matth.
2538 3962 2623 4015 12.
2653 3962 2722 4015 26
2751 3964 2807 4030 )?
2858 3962 2992 4016 Ecce
3029 3963 3221 4017 diaboli
3255 3981 3494 4034 regnum.

1932 4054 2155 4108 Ubinam
2201 4053 2425 4106 monis?
2452 4051 2584 4105 Audi
2619 4053 2836 4105 Paulum
2868 4051 3217 4106 disserentem
3255 4073 3266 4106 :
3300 4055 3496 4124 Regna-

1929 4148 1993 4196 vit
2023 4161 2153 4195 mors
2182 4144 2242 4194 ab
2269 4143 2427 4194 Adam
2457 4159 2610 4206 usque
2637 4142 2703 4193 ad
2738 4141 2942 4206 Mosen,
2971 4158 3121 4210 super
3152 4159 3251 4205 eos,
3285 4146 3370 4205 qui
3398 4161 3496 4197 non

1928 4243 2249 4303 peccaverant
2280 4235 2297 4300 (
2333 4233 2477 4284 llam.
2509 4233 2559 4286 5.
2590 4230 2714 4301 14).
2743 4232 2873 4284 Cum
2915 4233 3069 4299 igitur
3091 4233 3345 4286 diabelica
3372 4235 3496 4286 ttias

1930 4327 1979 4380 in
1995 4337 2228 4381 sanctam
2249 4336 2300 4380 et
2321 4327 2644 4394 impollutam
2661 4325 2972 4378 Trinitatem
2997 4325 3324 4394 tyrannidem
3348 4341 3494 4378 suam

1931 4418 2295 4479 exercuisset,
2327 4417 2557 4479 scilicet,
2586 4415 2857 4478 diabolus,
2887 4426 3155 4482 peccatum
3179 4456 3193 4479 ,
3229 4431 3370 4468 mors
3402 4435 3413 4469 :
3444 4427 3496 4470 et

1929 4507 2170 4562 diabolus
2222 4505 2432 4575 quidem
2484 4505 2788 4570 deciperet,
2838 4514 3110 4572 peccatum
3141 4506 3494 4568 interliceret.

1929 4614 2072 4652 mors
2103 4613 2226 4651 vero
2266 4597 2518 4665 sepeliret
2549 4613 2560 4645 :
2599 4596 2758 4647 David
2785 4635 2799 4658 ,
2851 4597 2947 4648 hac
2980 4596 3174 4664 triplici
3220 4599 3495 4666 tyrannide

1931 4689 2202 4758 oppressis
2232 4688 2408 4739 lmtum
2440 4687 2679 4739 nuntium
2722 4685 2872 4738 affert
2897 4728 2910 4750 ,
2943 4696 3261 4755 monetque,
3295 4698 3349 4739 ut
3379 4703 3495 4741 sese

1931 4795 1993 4831 ex
2026 4778 2296 4832 servitutis
2325 4776 2452 4845 jugo
2476 4775 2791 4838 subducant,
2824 4785 2876 4828 et
2898 4775 3223 4828 dominatum
3255 4776 3448 4829 Christi
3477 4821 3491 4841 ,

1929 4868 2067 4938 quod
2116 4866 2533 4936 przedicabatur,
2567 4866 2992 4933 amplectantur:
3023 4863 3268 4917 Dominus
3313 4882 3494 4934 regnu-

1929 4965 2012 5014 vit.
2048 4963 2287 5030 Regnum
2316 4961 2501 5016 mortis
2536 4959 2786 5012 abolitum
2816 4966 2918 5020 est,
2952 4968 3003 5011 et
3033 4960 3228 5026 peccati
3259 4961 3493 5027 potentia

1929 5053 2193 5104 destructa
2223 5060 2320 5112 est,
2352 5063 2402 5103 et
2429 5049 2622 5102 diaboli
2658 5057 2887 5116 potestas
2917 5046 3079 5100 fracta
3112 5056 3209 5100 est.
3247 5047 3489 5098 Dominus

1927 5142 2165 5210 regnavit,
2195 5143 2404 5194 exsultet
2436 5151 2583 5193 terra.
2619 5140 2682 5192 Et
2726 5139 2912 5191 merito
2942 5153 3068 5190 Sane
3099 5138 3363 5191 exsultare
3393 5139 3489 5190 de-

1929 5233 2061 5296 buit,
2093 5247 2208 5300 qua:
2231 5232 2495 5300 quondam
2532 5231 2581 5282 in
2621 5229 2927 5281 servitutem
2959 5227 3191 5290 redacta,
3221 5228 3325 5295 jam
3359 5228 3493 5279 libe-

1927 5335 2036 5377 rata
2065 5335 2145 5378 cst
2179 5343 2189 5376 :
2221 5341 2337 5392 qme
2368 5324 2490 5377 olim
2521 5320 2752 5382 erravit,
2781 5320 2888 5389 jam
2935 5319 3101 5388 gloria
3144 5319 3445 5386 resplendet
3479 5335 3490 5370 :

1990 5503 2005 5532 ι
2043 5507 2166 5562 Unus
2190 5499 2403 5562 posthas
2442 5508 2600 5562 voces,
2625 5493 2766 5562 hodie
2788 5500 2856 5544 est
2880 5491 3134 5562 recitatus.
3154 5492 3303 5562 habet
3327 5506 3338 5538 :
3368 5500 3491 5562 Qua-

1927 5560 1984 5610 lis
2010 5555 2222 5610 Psalnuis
2240 5558 2261 5607 2)
2287 5560 2491 5606 lol'ra....
2519 5556 2797 5619 dignitatem
2833 5561 3061 5619 notasset;
3091 5555 3134 5602 si
3171 5559 3327 5619 autem
3351 5555 3485 5609 dicit,

1933 5642 1954 5667 ‹ι
1981 5623 2204 5671 Dominus
2229 5619 2455 5680 regnavit,
2473 5635 2494 5661 ››
2522 5611 2722 5666 mZ’ntem
2739 5623 2946 5680 nostrain
2963 5611 3204 5680 adducere
3226 5611 3320 5660 vult
3338 5626 3493 5680 sermo

1925 5681 2225 5753 propheticus
2242 5672 2313 5753 ad.
2330 5672 2494 5753 novam
2517 5679 2776 5753 quamdam
2795 5673 3490 5753 donzuiati‘onern,novuntint-

1925 5738 2125 5807 perium.
2145 5743 2273 5800 Quod
2298 5740 2440 5802 igitur
2456 5738 2609 5807 nuper
2627 5739 2751 5807 voltis
2773 5738 2950 5807 dictum
2967 5743 3053 5793 est,
3077 5748 3200 5807 nunc
3224 5738 3394 5807 iterum
3411 5743 3490 5807 .m-

1925 5796 2071 5854 betur.
2097 5796 2202 5851 nec
2228 5796 2366 5863 porro
2383 5796 2550 5851 retulit
2568 5801 2771 5860 t’botius,
2790 5799 2877 5848 sed
2892 5810 2988 5847 non
3013 5799 3213 5846 verbum
3233 5797 3295 5844 de
3320 5796 3489 5856 verbo,

1926 5874 2068 5929 atque
2094 5866 2312 5928 excerpti
2331 5876 2484 5913 more.
