4096 6490
653 452 764 504 403

640 556 758 612 quae
779 539 1040 610 quondam
1069 539 1122 593 in
1149 536 1406 608 sepulcris
1431 534 1639 590 condita
1669 531 2028 589 delitescebat,
2064 541 2203 580 nunc

644 631 694 684 in
723 631 855 686 solio
883 629 1142 684 collocata
1172 635 1251 681 est
1295 643 1309 680 :
1346 641 1463 693 qua:
1492 622 1754 694 quondam
1801 617 2083 688 ignominia
2114 630 2210 684 op—

645 734 825 788 pressa
852 718 1081 786 iacebat,
1111 732 1250 770 nunc
1276 716 1474 770 honore
1499 713 1744 766 afficitur.
1763 709 2007 762 Dominus
2031 721 2210 774 regna-

645 809 732 860 vit.
762 807 850 862 Sic
875 808 1030 861 etiam
1053 806 1159 859 alio
1182 805 1232 859 iu
1256 805 1372 857 loco
1401 803 1591 856 dicitur
1617 802 1635 869 (
1669 805 1881 867 oportet
1908 794 2047 849 enim
2081 809 2207 845 seu-

647 901 842 953 tentias
881 907 1264 953 consentaneas
1294 897 1430 949 inter
1469 908 1524 946 se
1570 893 1623 944 in
1655 889 1884 945 medium
1920 887 2112 940 λῦε-πο
2143 884 2162 953 )
2194 904 2207 938 :

647 989 893 1044 Dominus
930 990 1173 1057 regnavit,
1205 987 1427 1040 decorem
1457 982 1661 1035 indutus
1689 979 1800 1045 εει(
1827 977 1973 1030 Psal.
2013 975 2098 1030 92.
2138 974 2206 1037 t).

647 1078 754 1135 Nos
784 1088 932 1132 veste
963 1078 1248 1141 induimur,
1272 1083 1330 1128 ut
1354 1070 1607 1143 quidquid
1635 1077 1836 1122 naturae
1877 1074 2072 1118 nostra:
2109 1063 2209 1114 ml-

647 1184 750 1223 nus
795 1168 1046 1222 decorum
1082 1179 1199 1232 est,
1225 1165 1535 1218 occultetur.
1565 1159 1738 1226 Quare
1769 1157 1926 1225 igitur
1953 1156 2089 1207 Deus
2119 1168 2210 1203 na-

642 1270 813 1312 turam
865 1273 1055 1319 suam,
1102 1270 1222 1324 quae
1257 1263 1310 1308 et
1339 1266 1562 1319 corpore
1590 1257 1768 1311 vacat,
1796 1255 1850 1300 et
1895 1246 2043 1314 plena
2078 1242 2211 1294 lucis

644 1360 746 1414 est,
779 1351 885 1403 imo
911 1365 1025 1418 qnze
1057 1349 1172 1412 plus
1198 1361 1355 1416 quam
1382 1346 1468 1398 lux
1499 1349 1763 1404 coruscat,
1796 1336 2066 1406 contegit?
2109 1332 2212 1388 Sed

646 1450 799 1492 vocat
829 1439 918 1492 ille
943 1452 1134 1504 corpus
1169 1434 1365 1488 Christi
1397 1444 1597 1486 vestem
1629 1445 1779 1483 suam
1808 1449 1820 1483 :
1862 1427 2105 1478 Dominus
2131 1439 2213 1476 re-

645 1529 834 1598 gnavit,
866 1528 1093 1580 decorem
1130 1524 1332 1577 indutus
1363 1532 1454 1575 est.
1487 1522 1740 1575 Decorem
1775 1530 1926 1571 vocat
1953 1558 1966 1578 ,
1997 1529 2214 1569 carnem

643 1619 863 1673 Christi.
897 1619 1022 1671 Erat
1049 1616 1190 1669 enim
1221 1616 1304 1667 illa
1334 1627 1465 1666 sane
1494 1611 1684 1665 decora
1704 1651 1718 1674 ,
1757 1623 1851 1661 nec
1880 1607 1982 1658 nlla
2013 1605 2215 1673 peccati

649 1709 972 1776 turpitudine
1012 1705 1173 1762 foeda.
1225 1704 1404 1772 Neque
1450 1702 1591 1756 enim
1641 1710 1909 1768 peccatum
1945 1697 2068 1750 fecit
2099 1712 2216 1748 tuu-

648 1815 826 1868 quam,
858 1814 956 1852 nec
988 1807 1231 1851 Inventus
1253 1804 1336 1848 est
1360 1794 1512 1846 dolus
1536 1793 1589 1844 in
1623 1806 1717 1843 ore
1744 1790 1856 1858 ejus
1903 1787 1922 1854 (
1967 1785 2090 1839 [καὶ.
2126 1785 2213 1839 55.

645 1890 721 1956 9).
745 1889 963 1942 Indutns
986 1899 1055 1941 est
1085 1887 1324 1940 Dominus
1345 1886 1590 1948 virtutem,
1619 1891 1664 1934 et
1690 1881 1948 1949 praecinxit
1970 1895 2020 1930 se
2044 1875 2213 1945 (i’sal.

641 1980 734 2035 92.
770 1980 794 2032 1
825 1983 864 2047 ).
911 1978 1168 2045 Queriiam
1213 1991 1342 2029 zona
1379 1988 1554 2041 regem
1604 1979 1857 2031 exornat,
1888 1983 2020 2021 zona
2044 1977 2218 2019 autent

646 2079 729 2122 est
756 2067 1005 2122 iudicium
1043 2067 1179 2135 regis
1214 2063 1510 2132 etjudicis:
1540 2059 1741 2114 inducit
1767 2061 1935 2127 ipsum
1963 2067 2016 2112 et
2038 2072 2218 2126 regem

648 2156 946 2225 etjudicem
965 2155 1218 2217 ;aitenim
1233 2155 1420 2207 Isaias:
1443 2173 1458 2202 ι
1481 2151 1795 2221 Egredietur
1810 2148 1950 2216 virga
1965 2149 2030 2200 de
2046 2147 2220 2200 radice

646 2249 830 2312 lessus,
849 2255 901 2300 et
916 2246 1011 2299 llos
1027 2263 1088 2300 ex
1117 2246 1227 2312 ipsa
1248 2242 1517 2307 asilendct,
1541 2251 1592 2295 et
1612 2241 1903 2307 requiescet
1922 2252 2079 2306 super
2099 2252 2218 2289 eum

645 2337 872 2404 Spiritus
901 2334 988 2389 Dei
1011 2351 1024 2397 ;
1048 2345 1103 2388 et
1123 2334 1226 2387 erit
1244 2333 1444 2400 justitia
1475 2329 1740 2398 cingulum
1760 2327 2056 2380 lumborum
2084 2325 2216 2392 ejus,

647 2438 699 2481 et
726 2426 854 2480 ﬁdes
874 2424 1184 2479 cinctorium
1214 2436 1400 2477 renum
1422 2420 1535 2487 ejus
1560 2437 1578 2469 ι
1609 2417 1756 2486 (lsai.
1784 2417 1869 2469 Η.
1899 2416 1949 2467 l.
1977 2415 2031 2466 2.
2055 2414 2147 2481 5).

717 2515 772 2568 4.
822 2513 1032 2566 Vestitus
1060 2509 1307 2579 pontiﬁcis
1352 2509 1515 2577 ﬁgura
1543 2505 1745 2560 Christi.
1803 2502 1969 2555 Virtus
2007 2506 2223 2572 perfecto

647 2614 1018 2660 ornamentum.
1050 2632 1120 2642 —
1145 2600 1309 2670 Hujus
1328 2599 1490 2667 ipsius
1511 2597 1671 2650 vestis
1698 2593 2016 2657 Servatoris,
2037 2594 2086 2646 in
2109 2608 2224 2647 car-

650 2712 717 2750 nc
738 2695 876 2759 dico,
906 2693 1155 2747 latentem
1189 2691 1406 2758 figuram
1436 2702 1541 2755 pra:
1567 2702 1624 2740 sc
1654 2685 1770 2737 tulit
1800 2683 2034 2752 pontifex
2066 2684 2117 2735 in
2151 2683 2225 2734 le-

647 2804 729 2858 ge.
764 2787 832 2841 Et
851 2800 976 2840 vero
1002 2784 1278 2852 diligenter
1307 2781 1540 2839 adverte,
1573 2775 1840 2845 quomodo
1872 2775 2072 2827 umbra:
2116 2773 2219 2826 illa:

647 2877 922 2932 veritatem
961 2874 1110 2928 nobis
1135 2870 1550 2930 subindicareut,
1585 2864 1848 2934 quomodo
1889 2865 2011 2917 item
2064 2877 2226 2915 evan-

648 2970 828 3038 gelic'e
860 2966 1037 3032 figura:
1066 2962 1422 3031 prmlnxerint.
1446 2959 1658 3012 Leniter
1688 2957 1893 3024 loquor,
1929 2962 1980 3007 et
2003 2968 2098 3022 pro
2148 2952 2226 3007 vi-

651 3060 733 3114 rili
762 3073 846 3111 me
874 3054 1190 3123 simplicium
1220 3061 1273 3104 et
1317 3049 1678 3119 imperitorum
1709 3045 1882 3112 captui
1917 3056 2224 3096 accommoc

652 3151 742 3214 do,
785 3165 851 3203 ne
881 3149 952 3202 illi
1013 3148 1113 3200 huc
1153 3145 1234 3199 vel
1287 3145 1411 3198 illuc
1457 3139 1938 3197 circumducantur.
1985 3133 2224 3190 Pontifex

654 3242 813 3311 igitur
841 3239 1138 3307 ingrediens
1171 3237 1224 3288 in
1259 3241 1437 3287 sancta
1469 3239 1790 3293 sanctorum,
1834 3227 2084 3281 induebat
2130 3240 2225 3278 ve-

655 3345 791 3388 stem
820 3331 1061 3393 talarem,
1091 3328 1292 3381 scilicet
1318 3333 1516 3378 vestem
1543 3337 1569 3374 a
1593 3321 1764 3388 capite
1783 3333 1949 3385 usque
1973 3316 2039 3370 ad
2069 3315 2229 3384 pedes

655 3423 960 3484 demissam,
1003 3413 1452 3486 superhumerale,
1486 3425 1696 3471 zonam,
1728 3407 2020 3469 femoralia,
2071 3404 2227 3458 lami-

657 3526 780 3566 nam
809 3523 1048 3570 auream,
1086 3507 1294 3566 tiaram,
1320 3503 1419 3554 hoc
1443 3509 1522 3554 est
1564 3497 1926 3567 corybantium
1954 3493 2053 3564 (α),
2073 3503 2125 3546 et
2147 3507 2231 3546 ra-

658 3601 852 3655 tionale
875 3599 923 3650 in
947 3607 1181 3665 pectore,
1207 3602 1260 3648 et
1293 3607 1411 3662 qua:
1440 3589 1700 3657 scriptura
1741 3585 1936 3639 ibidem
1980 3583 2226 3653 explicat,

666 3692 945 3758 viderequc
970 3697 1071 3741 est.
1097 3687 1227 3738 Alia:
1264 3685 1464 3750 figurae,
1492 3679 1579 3731 alii
1621 3691 1828 3730 sensus.
1870 3675 2050 3742 Neque
2088 3672 2228 3726 enim

665 3785 805 3838 Deus
845 3779 1064 3833 omnino
1097 3775 1380 3844 hyacintho
1423 3777 1477 3824 et
1520 3780 1769 3836 purpura,
1810 3765 1936 3818 item
1984 3775 2143 3816 cocco
2177 3768 2232 3815 et

735 3912 806 3974 (α)
833 3911 1018 3974 Omnes
1047 3908 1156 3957 Mss.
1174 3905 1399 3974 habent,
1416 3903 1754 3974 ‘xgpusai‘vngg.
1784 3900 1836 3947 In
1861 3899 1985 3946 hanc
2006 3908 2125 3974 vero
2152 3895 2231 3943 le-

669 3959 890 4024 ctionem
931 3972 1034 4018 biec
1066 3969 1262 4018 erudite
1296 3970 1432 4014 notat
1474 3959 1656 4024 Fronto
1691 3961 1898 4008 Doctus
1931 3973 1941 4006 :
1975 3973 1993 4004 (
2024 3959 2232 4024 Romana

672 4015 1143 4092 EditidTAn—g‘licana
1168 4015 1425 4092 etltegius
1442 4022 1688 4092 ilediceus
1712 4026 1992 4068 constanter
2013 4015 2236 4092 retinent

960 4078 996 4137 va
1030 4090 1279 4137 nonnullis
1314 4078 1612 4147 Fépudiatam
1632 4118 1645 4139 ,
1673 4093 1891 4147 _nempe.
1911 4078 2232 4147 κορυϐἁνιςιον,

672 4138 1067 4212 ἒῖιῖξῖἷιιςρῃίο
1098 4138 1457 4212 substituerant
1481 4138 1759 4212 ppsmn»,
1787 4138 2077 4212 cilrbasiam‘,
2098 4144 2232 4212 et‘ex

959 4194 1341 4268 Vedii—itum.
1383 4194 1633 4268 χυρὸαὸςία,
1654 4194 1948 4268 ’ἢν-ζσίδαριν
1987 4199 2068 4245 καὶ
2101 4194 2236 4268 nilei:

907 4257 1124 4330 iﬁg'itttr
1148 4257 1405 4330 in'Lexico
1430 4257 1664 4330 Stephani
1691 4257 2238 4330 LKOPU‘G’WtOVLIREPi-

1048 4331 1298 4408 ἐγιόσμιον
1323 4327 1483 4408 ξιαλόν.
1515 4317 1634 4373 item
1660 4337 1670 4366 :
1695 4317 1902 4382 Σίδαρις,
1936 4317 2239 4408 χορυόάῖιτεον

674 4394 696 4408 ε
758 4393 795 4408 «κ
904 4393 1007 4408 νην
1064 4407 1071 4408 ,
1103 4392 1144 4408 9_
1167 4406 1175 4408 Α
1200 4404 1318 4408 μμ-.-
1355 4386 1517 4408 ~....!_..
1572 4385 1592 4408 ε
1621 4384 1697 4408 ..-Ξ
1734 4383 1867 4408 -..'.....
1898 4381 2069 4408 μηρῖ--.
2166 4388 2239 4408 ιο..

670 4394 702 4449 ἢ
724 4376 1026 4449 ἓῖλοςίὼτὶξρ
1056 4376 1177 4443 εἶδος
1197 4376 1536 4449 λιαμελανκίρυ,
1569 4385 1594 4432 ὃ
1621 4384 1700 4449 grai
1719 4376 1869 4449 atti'pa
1890 4376 2092 4449 Vvos‘irgt.
2119 4376 2240 4449 Hie:

671 4436 916 4511 i’oiiyat'dg
936 4436 1087 4511 Epist.
1246 4436 1554 4511 {Rotundum
1581 4436 1829 4511 pileotunt',
1853 4440 1995 4511 quod
2006 4436 2167 4511 _Gra:cAi
2191 4439 2235 4511 et

667 4501 820 4566 nost'ri
839 4501 989 4576 τιάρανξ
1012 4509 1223 4576 nonnulli
1246 4508 1464 4576 galerum
1503 4501 1683 4572 vocant.
1707 4501 1947 4576 Origenes
1984 4507 2116 4576 Hom.
2135 4501 2167 4568 6_
2189 4503 2236 4576 in

671 4559 819 4626 [ait
847 4559 1070 4640 El‘iﬁuto
1091 4571 1190 4640 ipse
1211 4559 1354 4630 caput
1376 4575 1448 4640 est
1475 4563 1708 4640 omnium,
1735 4559 1845 4640 ideo
1863 4567 2130 4640 uet‘o'rnatus
2151 4559 2237 4609 ista

836 4619 1527 4700 omniajcapilisuperponitur.
1548 4624 1595 4700 si
1626 4621 1872 4700 mitra‘tibt'
1888 4627 1930 4700 et
1957 4619 2133 4700 lamina
2154 4635 2238 4692 aut

670 4680 1383 4758 ;E£,"po;si;;aagaem:a_lsa
1418 4693 1560 4758 caput
1592 4690 1798 4758 coronet.
1834 4681 1954 4758 fcito
1977 4690 2039 4758 te:
2057 4680 2240 4730 ειίυτηδί

668 4747 1036 4821 apiid'jtomines
1054 4754 1200 4803 totum
1213 4758 1256 4801 et
1277 4747 1524 4821 igiwljeris,
1551 4747 1680 4821 apud
1717 4753 1865 4821 Deum
1880 4749 2057 4821 [tamen
2087 4755 2238 4821 agere

671 4803 1001 4882 pontiﬁcatum
1019 4803 1145 4882 intra
1165 4803 1465 4882 conscientia;
1484 4803 1862 4882 tuaz'_t_emp‘tuu_i'..
1880 4803 2241 4882 Cbrysostomus

671 4867 830 4930 itersi's
851 4881 1016 4928 tiaram
1035 4878 1217 4934 tribuit,
1236 4883 1289 4924 ut
1313 4874 1564 4936 prapriam,
1590 4867 1755 4917 tlomil.
1776 4867 1830 4914 l7
1853 4867 1898 4912 in
1918 4873 2061 4936 Acta:
2088 4876 2242 4927 ιαιάηηρ

671 4953 706 4990 οἱ
725 4955 856 5003 “ipsis
878 4953 943 5001 τὴν
966 4955 1090 5001 τιάραν
1126 4934 1356 4999 mgnuﬁce,
1473 4945 1535 4989 τὰς
1558 4937 1766 5003 ἀναξυρίδας
1792 4941 1850 4976 ita}.
1865 4939 1912 4975 τὰ
1948 4934 2159 4984 inediam
2196 4939 2244 4976 τὰ

675 5000 892 5063 ’,θείμαν
991 5000 1101 5058 ἀλλην
1123 5011 1253 5055 στολὴν
1268 5010 1330 5054 τήν
1343 5009 1426 5063 sint.
1444 5007 1622 5055 mlcetov
1640 5002 1860 5063 ἰατρεθὸντις,
1877 5000 1935 5063 ξιξ
1957 5001 2243 5063 ξιιράιιιηοιζρῷ.

675 5013 892 5063 βαρϐαρικὰ,
910 5015 975 5059 τὴν
991 5013 1101 5058 ἄλλην
1123 5013 1253 5055 στολήν
1268 5013 1330 5054 τήν
1343 5013 1426 5064 ήμῐιί
1444 5013 1622 5055 ηιχώρων
1640 5013 1860 5058 “insonte,
1877 5013 1935 5035 ut
1957 5013 2168 5048 ιιιραμινοι-
2184 5013 2243 5057 ρει),

672 5073 865 5128 magn
882 5081 933 5128 εει
946 5075 1101 5128 mea“
1113 5071 1175 5128 ev
1191 5069 1365 5128 πάλιμή
1381 5063 1507 5128 διετιε
1520 5063 1676 5128 μειερ
1688 5058 1819 5128 tere
1828 5013 2244 5128 eaeeae-(1.19933:

673 5108 993 5182 ᾗέειιιίανίὺιιὲ
1004 5108 1051 5182 ξι
1061 5108 1388 5182 calceamentis
1405 5112 1667 5182 barbaricis
1679 5109 1905 5165 dimissis,
1913 5108 2073 5182 alieno
2082 5108 2245 5182 habitu

673 5170 719 5229 'et
731 5186 902 5228 nostri:
913 5178 1092 5240 regioni
1113 5179 1281 5228 usitato
1297 5178 1574 5240 induuntur,
1593 5180 1636 5222 et
1652 5184 1851 5240 corpore
1858 5170 1928 5240 ad
1938 5170 2082 5217 cutim
2098 5175 2243 5240 tonso,

676 5240 836 5290 habitu
854 5231 1026 5288 bellti'm
1037 5239 1287 5288 occultant.
1313 5240 1524 5297 Ᾰναξ-»ρίδρις
1547 5231 1790 5297 interpres
1805 5231 1990 5293 gladios
2005 5243 2116 5279 esse
2142 5238 2244 5297 Per-

677 5306 799 5351 sicos
836 5302 1041 5363 putavit;
1059 5301 1150 5363 sed
1173 5297 1381 5363 Innieiis
1402 5293 1449 5352 δ’,
1472 5296 1547 5351 9.1,
1570 5296 1652 5342 ubi
1674 5293 1894 5340 dicuntur
1919 5300 2020 5340 tres
2041 5293 2174 5351 pueri
2199 5293 2247 5340 in

681 5360 918 5412 fornacem
940 5361 1318 5420 missi,scriptnm
1344 5365 1434 5417 est,
1455 5366 1672 5421 ιπιδήιησαν
1691 5366 1753 5421 σὺις
1776 5370 1849 5409 τεῆς
1866 5365 2100 5421 σαεαςάροις,
2118 5360 2247 5414 Sym-

679 5425 890 5481 machus,
908 5414 1104 5485 «ιναξυρισὲ,
1122 5414 1447 5485 Hieronymus,
1460 5414 1566 5485 cum
1589 5414 1789 5485 braccis.
1815 5423 1904 5485 lfer
1918 5414 2118 5485 braccis,
2132 5427 2250 5485 quas

673 5473 1213 5552 δμηιτηαὲιιωξὲναξῖιριδας
1247 5473 1578 5584 inicrprétatus
1600 5484 1686 5531 est,
1721 5474 1884 5536 Aquilo
1919 5482 1963 5525 et
2005 5473 2252 5545 Theodotio

681 5544 921 5584 ςιινηιπιιιιι
945 5547 1186 5584 dum-mit.
1209 5539 1369 5584 'rertul
1393 5551 1526 5584 ianus
1544 5552 1572 5584 e
1595 5545 1753 5584 Graeco
1776 5542 1972 5584 vertens
1987 5534 2108 5583 dixit
2132 5534 2252 5583 libro

680 5534 921 5595 saraballa
945 5534 1186 5592 dixerunt.
1203 5534 1526 5588 ﬁ'l'ertullianus
1544 5552 1572 5587 e
1595 5545 1753 5585 Graeco
1771 5534 1972 5585 vertens
1987 5534 2108 5583 dixit
2132 5534 2252 5583 libro

679 5606 743 5654 de
765 5619 910 5656 carne
933 5605 1122 5660 Christi,
1143 5615 1246 5651 cum
1265 5599 1448 5649 braccis
1468 5600 1580 5648 suis.
1608 5616 1629 5641 ιι
1666 5598 1783 5648 Cum
1807 5609 1922 5658 ergo
1947 5595 2254 5660 tresQodiees

681 5669 830 5729 nostri
843 5655 1071 5729 ιοάιεᾴηιοης
1095 5655 1316 5729 habeant,
1339 5662 1407 5729 sic
1428 5661 1689 5729 restituere
1709 5655 1977 5729 visum'est.
1997 5655 2192 5729 Ibidem_
2201 5663 2256 5726 et

681 5726 800 5796 infra
817 5717 1036 5796 quietiam
1060 5726 1165 5796 hinc
1192 5717 1410 5784 excerpit
1432 5720 1636 5781 Pbotius,
1663 5719 1752 5769 sed
1774 5717 1879 5769 aliis
1902 5717 2126 5782 demptis,
2152 5718 2256 5767 aliis

678 5784 890 5847 mutatis,
912 5789 983 5836 utt
1005 5784 1146 5837 solet.

2127 412 2390 467 INCERTI

3770 424 3890 474 404

2316 526 2476 599 bysso
2519 531 2834 578 recreatur:
2883 521 3021 575 Deus
3069 518 3207 573 enim
3256 517 3548 570 animarum
3605 517 3894 585 puritatem

2312 615 2542 683 postulat
2573 630 2585 665 :
2614 613 2706 666 sed
2737 612 2790 664 in
2817 610 3088 676 corporeis
3119 610 3223 662 illis
3248 607 3466 662 ﬂoribus
3497 609 3751 661 virtutum
3798 609 3895 661 ille

2313 706 2568 774 imagines
2587 703 2855 757 describit.
2881 701 2934 755 Si
2963 700 3104 754 enim
3155 699 3292 753 Deus
3317 714 3500 752 revera
3555 699 3745 752 vestito
3799 697 3897 750 illo

2314 795 2468 862 longe
2494 792 2834 846 ornatissimo
2857 789 3239 852 delectabatur,
3285 803 3378 842 cur
3404 803 3510 840 non
3538 787 3716 840 Mosen
3761 797 3898 842 ante

2315 884 2578 936 Aaronem
2625 880 2726 934 hoc
2755 879 2913 933 modo
2954 878 3158 931 induit?
3186 877 3289 932 Sed
3341 877 3514 931 Moses
3564 877 3777 945 quidem
3829 891 3898 930 ca

2314 982 2459 1026 veste
2503 969 2762 1032 carebat,
2805 969 2988 1023 eadem
3037 977 3210 1022 tamen
3260 967 3563 1022 sacerdotes
3611 966 3897 1019 induebat.

2314 1061 2482 1116 Moses
2503 1076 2635 1129 aqua
2655 1075 2757 1113 non
2779 1059 2871 1112 fuit
2899 1059 3055 1121 lotus,
3083 1067 3135 1112 et
3161 1067 3334 1112 tamen
3355 1058 3570 1111 lavabat
3601 1074 3612 1110 :
3640 1073 3742 1109 non
3766 1057 3901 1110 oleo

2317 1154 2562 1205 intinctus
2607 1151 2725 1214 fuit,
2757 1160 2811 1204 et
2833 1159 3006 1203 tamen
3038 1150 3301 1217 tingebat:
3335 1150 3528 1202 nullam
3563 1157 3758 1204 vestem
3810 1163 3904 1201 sa-

2316 1240 2636 1295 cerdotalem
2655 1239 2912 1308 gestabat,
2932 1239 3024 1292 sed
3049 1238 3352 1292 sacerdotes
3383 1239 3627 1292 induebat
3649 1257 3662 1291 :
3682 1249 3739 1292 ut
3769 1239 3904 1292 inde

2319 1332 2626 1400 perspicias,
2673 1330 2786 1382 viro
2844 1329 3078 1398 perfecto
3117 1330 3364 1382 virtutem
3406 1331 3471 1383 ad
3515 1341 3899 1382 ornamentum

2318 1421 2580 1475 sufficere.
2632 1423 2672 1474 A
2707 1422 2877 1489 capite
2905 1421 3061 1488 igitur
3109 1420 3445 1473 sacerdotem
3509 1420 3900 1487 contemplare.

2315 1512 2552 1581 Namque
2585 1512 2752 1580 ipsqu
2783 1510 3100 1564 vocabulum
3138 1509 3442 1564 vestimenti
3465 1511 3760 1579 ambiguum
3788 1521 3902 1575 est,

2320 1611 2370 1655 et
2391 1601 2458 1655 de
2479 1615 2542 1655 eo
2563 1600 2972 1653 controvertitnr
3003 1615 3017 1650 :
3047 1597 3232 1651 Grarco
3253 1613 3377 1652 vero
3397 1613 3637 1651 sermone
3656 1601 3902 1653 transla-

2321 1705 2428 1748 tum
2466 1703 2562 1749 est.
2593 1693 2800 1746 Initium
2829 1705 2955 1759 ergo
3002 1689 3081 1743 fac
3113 1704 3143 1742 a
3185 1690 3376 1757 capite.
3432 1689 3686 1755 Quidnam
3735 1691 3904 1759 igitur

2320 1796 2433 1840 erat
2462 1784 2726 1855 primum?
2775 1783 3051 1843 tiaramne,
3097 1781 3179 1833 vel
3221 1779 3346 1848 quid
3395 1782 3562 1847 primo
3612 1782 3903 1835 nominat?

2320 1876 2444 1945 quid
2481 1886 2597 1944 post
2627 1875 2813 1928 tiaram
2863 1873 3024 1936 illam,
3067 1870 3216 1939 quasi
3257 1870 3707 1924 conciliatricem?
3752 1871 3903 1924 Loco

2322 1971 2465 2022 tiara:
2489 1969 2645 2037 igitur
2673 1977 2754 2021 est
2784 1965 2992 2019 habitus
3023 1964 3182 2016 totius
3232 1963 3370 2016 illius
3419 1965 3600 2016 vestis.
3645 1961 3905 2029 Quando.

2323 2059 2532 2127 quidem
2565 2058 2796 2127 pontifex
2823 2063 2980 2124 caput
2999 2062 3113 2108 erat
3141 2054 3340 2122 pepuli,
3369 2068 3461 2121 par
3483 2061 3597 2106 erat
3627 2067 3772 2116 eum,
3800 2053 3896 2122 qui

2322 2158 2638 2218 caputesset
2661 2147 2919 2209 omnium,
2949 2146 2998 2198 in
3017 2145 3188 2213 capite
3209 2143 3321 2212 ejus
3352 2145 3428 2197 rei
3457 2143 3754 2211 symbolum
3799 2158 3901 2196 ex-

2325 2241 2524 2294 hibere.
2599 2239 2853 2294 Absoluta
2921 2236 3182 2304 siquidem
3225 2244 3279 2290 et
3340 2235 3561 2288 remissa
3611 2235 3904 2288 auctoritas

2325 2334 2446 2386 ferri
2477 2333 2660 2402 nequit
2690 2350 2703 2385 :
2728 2346 2844 2398 qua:
2859 2344 2985 2384 vero
3008 2329 3088 2383 sui
3120 2327 3327 2395 imperii
3353 2327 3646 2396 symbolum
3672 2326 3903 2392 imposi-

2326 2431 2435 2476 tum
2455 2424 2608 2492 gerit,
2638 2423 2737 2490 legi
2769 2421 3045 2489 subjicitur
3065 2427 3118 2473 et
3141 2428 3307 2488 paret.
3333 2419 3510 2486 Itaque
3544 2417 3692 2485 jubet
3740 2425 3905 2484 caput

2326 2513 2543 2565 minime
2580 2526 2698 2564 esse
2733 2510 2950 2570 nudum,
2974 2507 3066 2560 sed
3087 2515 3412 2574 coopertum,
3447 2513 3501 2557 ut
3528 2504 3693 2557 discat
3718 2505 3904 2573 populi

2326 2611 2501 2669 caput,
2523 2617 2580 2656 se
2605 2611 2763 2670 caput
2789 2599 2998 2652 habere.
3033 2596 3228 2650 Idcirco
3248 2595 3476 2650 etiamin
3495 2593 3753 2658 Ecclesia,
3774 2609 3903 2646 cum

2327 2691 2638 2744 ordinantur
2653 2690 2974 2751 sacerdotes,
2992 2685 3332 2754 Evangelium
3348 2681 3539 2737 Christi
3558 2682 3712 2750 capiti
3731 2683 3907 2748 impo-

2329 2781 2489 2836 nitur.
2514 2792 2569 2833 ut
2596 2781 2765 2835 discat
2806 2781 2869 2842 is,
2902 2777 2991 2846 qui
3016 2774 3313 2838 ordinatur,
3341 2788 3518 2827 veram
3549 2786 3607 2825 se
3651 2772 3904 2839 recipere

2329 2867 3017 2936 Evangeliitiaram;atque
3041 2873 3096 2917 ut
3138 2865 3328 2928 discat,
3384 2863 3624 2930 quamvis
3666 2860 3737 2912 sit
3775 2875 3903 2911 om-

2327 2958 2471 3012 nium
2497 2967 2673 3023 caput,
2703 2971 2762 3010 se
2796 2965 2971 3008 tamen
2999 2954 3202 3022 legibus
3260 2953 3375 3004 istis
3424 2950 3607 3017 subjici
3644 2958 3736 3001 :et
3774 2963 3903 3000 eum

2329 3049 2414 3117 qui
2441 3048 2684 3100 omnibus
2703 3047 2946 3113 imperat,
2970 3044 3100 3112 legis
3128 3041 3348 3110 imperio
3391 3039 3644 3101 subesse;
3671 3051 3908 3104 eumque

2331 3140 2415 3208 qui
2442 3138 2686 3191 omnibus
2703 3136 2793 3190 dat
2813 3134 3078 3196 mandata,
3104 3147 3134 3186 a
3165 3131 3369 3200 legibus
3394 3128 3697 3182 mandatum
3750 3126 3900 3179 acci-

2332 3246 2476 3301 pere.
2497 3231 2779 3298 Propterea
2811 3228 3000 3282 nobilis
3031 3228 3110 3279 vir
3130 3223 3341 3293 quidam
3377 3237 3444 3275 ex
3473 3219 3762 3282 veteribus,
3815 3218 3903 3271 cui

2333 3340 2523 3378 nomen
2556 3323 2802 3393 Ignatius,
2833 3320 3025 3390 quique
3053 3315 3348 3371 sacerdotio
3372 3313 3527 3367 simul
3573 3321 3626 3364 et
3650 3310 3907 3378 martyrio

2331 3416 2611 3471 decoratus
2641 3412 2756 3474 fuit,
2785 3412 2848 3465 ad
2878 3409 3204 3464 sacerdotem
3231 3404 3513 3475 quemdam
3544 3403 3782 3456 scribens
3815 3401 3904 3461 di-

2333 3508 2486 3562 cebat
2517 3524 2531 3560 :
2562 3505 2702 3560 Nihil
2729 3505 2841 3556 sine
2865 3512 2949 3556 tua
2977 3501 3245 3553 voluntate
3258 3501 3493 3563 geratur,
3509 3507 3679 3560 neque
3699 3492 3824 3545 item
3851 3499 3906 3541 tu

2333 3595 2607 3664 quicquam
2638 3590 2838 3659 absque
2890 3589 2982 3643 Dei
3014 3587 3171 3640 factas
3199 3585 3489 3638 voluntate.
3541 3581 3691 3647 Quod
3747 3580 3909 3648 igitur

2334 3681 2636 3751 impositum
2666 3679 2881 3733 haberet
2913 3676 3252 3745 Evangelium
3283 3672 3538 3743 pontifex,
3564 3671 3768 3739 signum
3824 3677 3911 3722 est

2334 3788 2455 3826 eum
2484 3785 2604 3825 esse
2624 3769 2722 3822 sub
2753 3776 3014 3836 potestate
3039 3766 3404 3820 constitutum.
3436 3763 3725 3830 Propterea
3777 3761 3912 3812 dicit

2335 3860 2528 3914 Paulus
2551 3859 2616 3913 de
2645 3858 2866 3912 muliere
2895 3872 3013 3924 qua:
3040 3855 3277 3908 velamen
3309 3852 3556 3913 habebat,
3583 3849 3769 3904 Mulier
3801 3848 3902 3902 de-

2337 3953 2425 4006 bet
2453 3952 2647 4006 habere
2673 3953 2910 4003 velamen
2956 3961 3115 4015 super
3161 3953 3337 4014 caput,
3387 3942 3530 4013 quod
3573 3953 3688 3996 erat
3736 3942 3913 4009 imago

2338 4044 2610 4112 potestatis
2637 4043 2722 4111 (i.
2747 4040 2862 4094 Cor.
2897 4042 2985 4094 Η.
3008 4039 3116 4109 10).
3143 4039 3269 4092 Erat
3290 4037 3448 4106 igitur
3471 4036 3598 4089 tiara
3623 4035 3786 4103 figura
3819 4045 3915 4101 po-

2339 4134 2542 4188 testatis
2569 4149 2580 4183 :
2611 4142 2726 4186 erat
2745 4145 2902 4185 aurea
2932 4129 3146 4192 lamina,
3167 4128 3218 4180 in
3245 4141 3347 4196 qua
3374 4135 3491 4179 erat
3511 4132 3727 4180 examta
3773 4122 3910 4178 scri-

2339 4234 2513 4296 ptura,
2541 4239 2658 4292 qnze
2686 4222 2777 4277 Dei
2801 4236 2992 4275 nomen
3021 4218 3369 4286 exprimebat,
3402 4231 3464 4269 ac
3515 4215 3746 4284 primum
3773 4212 3914 4266 indi-

2340 4323 2425 4370 cat
2446 4323 2754 4383 potestatem
2786 4327 2904 4365 esse
2936 4311 3024 4364 Dei
3078 4323 3268 4362 nomen
3300 4307 3408 4360 Dei.
3445 4306 3571 4359 Post
3621 4304 3806 4357 tiaram
3861 4311 3916 4354 et

2341 4411 2586 4464 laminam
2640 4409 2744 4461 duo
2773 4406 2975 4474 lapides
3027 4419 3186 4472 supra
3217 4403 3466 4456 humeros
3511 4406 3665 4452 erant
3704 4410 3917 4448 smara-

2342 4502 2506 4571 gdini,
2537 4513 2760 4568 quorum
2784 4497 2918 4550 alter
2944 4495 3066 4548 hinc
3091 4509 3184 4547 sex
3213 4491 3398 4552 tribus,
3432 4488 3656 4542 totidem
3683 4486 3818 4539 alter
3849 4499 3914 4538 ex

2342 4591 2503 4643 altera
2535 4596 2685 4656 parte
2713 4586 3037 4640 continebat.
3065 4583 3283 4651 Signum
3317 4594 3472 4647 porro
3501 4578 3602 4630 hoc
3627 4585 3710 4629 est
3736 4589 3918 4629 sacer-

2343 4681 2530 4735 dotalis
2565 4687 2809 4747 aspectus
2843 4695 2859 4731 :
2904 4674 3140 4729 attribuit
3175 4683 3348 4726 autem
3394 4667 3656 4725 sacerdoti
3707 4681 3918 4721 smara-

2344 4770 2525 4839 gdum,
2557 4768 2639 4820 cui
2687 4766 2879 4835 duplex
2907 4765 3040 4818 inest
3075 4759 3402 4832 pulchritudo
3433 4777 3444 4810 :
3482 4756 3640 4811 habet
3682 4757 3826 4810 enim
3870 4764 3922 4807 et

2347 4859 2593 4914 decoram
2625 4858 2925 4910 virilitatem
2946 4864 2997 4908 et
3045 4853 3322 4921 puritatem
3380 4849 3544 4901 instar
3585 4846 3786 4914 speculi
3839 4860 3922 4897 ra-

2348 4949 2601 5003 diantem.
2625 4947 2880 5011 Quoniam
2911 4945 3066 5012 igitur
3083 4940 3410 4995 sacerdotem
3433 4939 3514 5005 pia
3539 4934 3924 4989 exercitatione

2349 5043 2582 5097 sobrium
2611 5054 2730 5094 esse
2759 5047 2985 5106 oportet,
3013 5043 3066 5087 et
3094 5034 3252 5086 vitam
3299 5043 3446 5084 suam
3475 5027 3629 5095 vulgo
3652 5034 3922 5094 tamquam

2352 5133 2622 5202 speculum
2657 5129 2927 5190 exhibere,
2959 5123 3286 5178 sacerdotem
3329 5119 3436 5173 vult
3466 5117 3518 5170 iu
3545 5114 3782 5169 humeris
3810 5113 3922 5166 vir-

2354 5201 2480 5277 tutis
2503 5219 2782 5287 imaginem
2806 5224 3030 5284 gestare.
3062 5213 3236 5276 Quare
3261 5222 3386 5262 vero
3407 5207 3456 5259 in
3489 5201 3763 5257 humeris?
3790 5201 3924 5266 Quia

2356 5328 2546 5367 nomen
2572 5309 2662 5363 Dei
2680 5322 2834 5375 supra
2851 5311 3007 5372 caput
3034 5311 3168 5366 erat,
3187 5298 3436 5354 articulus
3452 5309 3608 5362 super
3619 5292 3925 5346 articulum.

2356 5405 2463 5460 Cur
2478 5413 2650 5456 autem
2671 5401 2721 5452 in
2747 5395 3014 5450 humeris?
3031 5392 3286 5459 Quoniam
3315 5388 3580 5442 actionum
3594 5393 3678 5438 est
3693 5384 3926 5452 signum.

2360 5493 2595 5550 Aetionis
2636 5490 2775 5543 enim
2805 5487 3034 5557 potentia
3082 5483 3148 5537 ab
3180 5479 3413 5536 humeris
3462 5475 3752 5545 dependet.
3805 5474 3930 5526 Vult

2364 5587 2522 5656 igitur
2541 5581 2777 5636 veritatis
2802 5575 3241 5648 pulchritudinem
3283 5571 3334 5624 in
3377 5567 3674 5622 actionibus
3701 5565 3929 5619 enitere.

2363 5652 2644 5745 Propterea
2665 5673 2741 5726 sic
2769 5668 3051 5738 alloquitur
3071 5660 3351 5732 aliquando
3401 5657 3698 5716 Jerusalem
3756 5652 3930 5708 Domi-

2367 5783 2464 5824 nus
2490 5783 2504 5821 :
2530 5766 2672 5820 Pone
2694 5778 2779 5818 cor
2801 5771 2937 5816 tuum
2956 5773 3104 5828 super
3128 5755 3355 5808 Itumeros
3373 5759 3505 5818 tuos,
3529 5749 3639 5816 ﬁlia
3681 5748 3931 5815 despecta,
