4094 6496
723 422 835 476 405

727 520 918 572 Λαυῖδν
961 521 1068 574 Kal
1101 519 1170 574 ἐν
1204 520 1325 587 ταῖς
1369 523 1655 577 συνέσεσι
1695 524 1809 576 τῶν
1843 521 2051 592 χειρῶν
2089 522 2270 576 αὐτοῦ

729 609 1042 676 ὡδήγησεν
1068 611 1302 674 αὐτούς.
1334 612 1440 662 Kal
1469 613 1501 680 ή
1534 612 1742 674 σύνεσις
1768 609 1875 682 ἆρα
1916 614 1971 664 ἐν
2002 613 2120 673 ταῖς
2151 627 2275 679 χερο

734 699 816 751 σίν
854 701 1030 763 ἐστιν;
1080 700 1214 751 Ἀλλ’
1247 702 1307 752 ἐν
1352 704 1470 764 ταῖς
1501 702 1741 754 συνέσεσι
1780 703 1924 768 λέγει
1967 701 2140 754 αὑτῶν
2169 701 2275 752 τῶν

734 788 999 858 πράξεων.
1043 788 1151 840 Καὶ
1192 789 1283 842 ἐπὶ
1324 789 1416 841 τοῦ
1460 788 1683 859 στήθους
1716 790 2015 859 ἐλάμϐανεν
2041 792 2068 841 ό
2103 791 2276 859 ἱερεὺς

731 876 792 928 τδ
845 878 1046 944 λογεῖον
1093 877 1214 939 τοὺς
1261 877 1461 930 δώδεκα
1510 878 1686 941 λίθους
1760 877 2274 946 ἐγκεκολαμμένους,

735 965 998 1028 τουτέστι,
1054 964 1284 1034 σάρδιον,
1326 967 1596 1029 τοπάζιον,
1639 967 1961 1035 σμάραγδον,
2011 966 2273 1035 ἄνθρακα,

738 1056 1054 1126 σάπφειρον,
1110 1056 1310 1121 ῐασπιν,
1362 1057 1630 1121 ὑάκινθον,
1690 1058 1912 1128 ἀχάτην,
1986 1058 2275 1127 ἀμέθυσον,

737 1146 1064 1214 χρυσόλιθον,
1096 1144 1394 1216 βηρύλλιον,
1413 1145 1635 1215 όνύχιον.
1656 1146 1742 1198 Ἐν
1759 1150 1866 1210 τοῖς
1893 1147 2095 1200 δώδεκα
2115 1146 2278 1208 λίθοις

737 1235 941 1298 τούτοις
980 1234 1286 1304 ἐμερίζοντο
1313 1237 1370 1288 αἱ
1401 1235 1602 1289 δώδεκα
1633 1238 1791 1304 φυλαί
1810 1254 1822 1266 ο
1869 1237 2001 1307 βαρὺ
2023 1239 2081 1289 τὸ
2110 1238 2276 1306 ῥῆμα.

741 1328 885 1379 ’Λνω
916 1327 1006 1378 ἐπὶ
1042 1326 1149 1378 τῶν
1193 1326 1355 1396 ὤμων
1400 1328 1493 1396 μία
1520 1323 1586 1396 ἦν
1622 1330 1653 1397 ἡ
1685 1328 1790 1379 τῶν
1829 1327 1990 1379 λίθων
2025 1329 2181 1395 φύσις
2222 1327 2279 1377 ἐν

738 1418 907 1486 ὄνομα
939 1416 1152 1486 ἔχουσα,
1197 1416 1287 1468 τδν
1321 1417 1626 1486 σμάραγδον
1649 1433 1660 1445 '
1704 1417 1795 1470 ἐπὶ
1834 1418 1890 1471 δὲ
1932 1416 2022 1470 τοῦ
2059 1417 2282 1485 στήθους

738 1506 888 1559 κάτω
914 1505 1152 1574 διάφοροι
1197 1508 1245 1558 οἱ
1275 1506 1431 1559 λίθοι.
1463 1505 1526 1557 Τί
1565 1505 1805 1574 βούλεται
1848 1505 2033 1570 τοῦτο;
2068 1505 2280 1574 Ἐπειδὴ

744 1594 840 1663 μία
867 1594 1022 1661 φύσις
1048 1595 1192 1663 ἡμᾶς
1220 1594 1491 1662 ἐγέννησε,
1522 1593 1762 1662 διάφοροι
1797 1593 1852 1645 δέ
1888 1593 2097 1662 γνῶμαι
2138 1595 2283 1661 ἡμᾶς

744 1681 1021 1750 ἐμέρισαν,
1051 1681 1112 1733 τὺ
1157 1682 1255 1750 μὲν
1287 1681 1467 1734 δίδωσι
1490 1685 1554 1752 τῇ
1587 1682 1798 1752 γνώμῃ,
1828 1683 1888 1734 τὸ
1924 1683 1979 1734 δέ
2007 1684 2070 1751 τῇ
2105 1682 2282 1748 φύσει.

742 1767 848 1823 ἾΙν
890 1771 1066 1823 τοίνυν
1129 1771 1260 1824 Θεοῦ
1305 1771 1470 1840 ὄνομα
1507 1773 1539 1841 ή
1578 1771 1848 1840 πρακτικὴ
1889 1771 2076 1841 ἀρετὴ,
2129 1773 2161 1841 ή
2199 1770 2285 1824 διὰ

743 1861 899 1928 λόγου
929 1860 1020 1911 καὶ
1046 1858 1300 1927 ἀληθείας
1333 1859 1657 1914 συνεστῶσα.
1696 1858 1804 1910 Kal
1832 1858 1935 1910 ὑπὸ
1963 1858 2020 1909 τὸ
2049 1859 2285 1928 κράσπε-

745 1948 832 2000 δον
860 1946 952 1999 τοῦ
987 1947 1174 2015 ἱερέως
1213 1946 1273 1998 τὸ
1311 1945 1595 2014 λεγόμενον
1626 1945 1801 2013 λῶμα,
1839 1946 1992 2012 ἄνθη,
2029 1946 2160 2015 ρωἀ,
2193 1946 2284 1998 καὶ

748 2037 950 2106 ροἲσκοι
983 2046 1009 2075 ι
1040 2038 1248 2104 χρυσοῖ,
1288 2035 1381 2087 καὶ
1422 2035 1680 2096 κώδωνες.
1717 2035 1779 2086 Τί
1828 2035 2072 2087 ἐϐούλετο
2113 2033 2286 2087 ταῦτα

743 2126 805 2177 ἐν
835 2122 912 2193 τῷ
934 2125 1098 2193 ἱερεῖ;
1137 2118 1242 2193 ἀρα
1270 2121 1398 2184 Θεὸς
1426 2120 1721 2175 ἀνεπαύετο
1750 2121 1950 2183 τούτοις
1983 2125 2091 2183 τοῖς
2133 2120 2288 2173 ἄνθε-

749 2228 863 2277 σιν;
893 2209 1001 2283 ἄρα
1041 2211 1287 2264 ἐϐούλετο
1318 2212 1476 2282 γήϊνα
1501 2210 1631 2279 ἄνθη
1667 2205 1804 2263 εἶναι
1840 2211 1964 2279 περὶ
1986 2210 2073 2262 τὸν
2105 2209 2286 2278 ἱερέα;

761 2303 898 2354 Ἀλλ’
926 2304 984 2355 ἐν
1014 2302 1092 2372 τῷ
1120 2303 1354 2372 σχήματι
1387 2301 1478 2354 τοῦ
1511 2302 1693 2372 ἱερέως
1720 2299 2026 2363 ἐξεικονίζει
2054 2299 2150 2362 τὰς
2171 2301 2292 2368 ἀρεο

749 2394 866 2456 τάς.
888 2395 1032 2447 Ἀνω
1077 2393 1167 2445 ἐπὶ
1202 2392 1300 2460 τῆς
1341 2391 1577 2460 κεφαλῆς
1627 2389 1794 2457 ὄνομα
1843 2387 1995 2449 Θεοῦ,
2055 2387 2145 2438 ἐπὶ
2194 2386 2287 2439 τοῦ

752 2480 975 2552 στήθους
999 2480 1058 2532 τὸ
1095 2480 1296 2547 λογεῖον
1333 2480 1381 2542 ι),
1412 2479 1477 2531 τά
1511 2477 1657 2530 κάτω
1685 2476 1815 2544 ἄνθη
1847 2476 1938 2527 καὶ
1977 2474 2194 2544 καρποὶ,
2224 2473 2290 2525 τὰ

749 2569 858 2622 τῶν
886 2569 1091 2638 ἀρετῶν
1119 2566 1530 2635 κατορθώματα,
1566 2565 1719 2618 ἄτινά
1755 2565 1898 2616 ἐστιν
1941 2560 2288 2631 ἐλεημοσύνη,

762 2658 1089 2730 δικαιοσύνη,
1121 2656 1510 2726 φιλανθρωπία.

824 2845 884 2893 ε’.
917 2840 1007 2891 Δεῖ
1036 2835 1126 2890 οῦν
1152 2839 1295 2907 ἡμᾶς
1333 2836 1468 2904 ἐχειν
1497 2837 1588 2888 καὶ
1621 2841 1686 2887 τὰ
1715 2832 1973 2886 ἀνθοῦντα
2001 2829 2166 2898 κάλλη
2203 2827 2295 2881 καὶ

756 2930 826 2983 τά
851 2930 1268 2999 πεπληρωμένα.
1294 2926 1460 2995 ¹Ἀνθη
1504 2927 1559 2978 δέ
1604 2927 1737 2978 εἱσιν
1771 2925 1974 2994 ἱερέως,
2022 2921 2293 2990 συντυχία,

759 3020 960 3090 ὁμιλία,
989 3016 1117 3089 ἦθος
1163 3017 1384 3084 ἀγαθὸν,
1416 3016 1570 3083 λόγος
1614 3015 1862 3086 χρηστὸς,
1913 3013 2109 3073 πίστις,
2152 3009 2297 3072 δόξα,

760 3111 1000 3181 ἀλήθεια,
1053 3108 1357 3178 δικαιοσύνη
1381 3124 1395 3138 ο
1431 3107 1523 3160 καὶ
1566 3105 1761 3175 μεταξὺ
1799 3103 1997 3156 τούτων
2043 3103 2090 3154 οἱ
2121 3099 2300 3153 κώδω-

762 3217 870 3266 νες,
900 3202 933 3268 ή
963 3197 1242 3268 συμφωνία
1270 3195 1374 3247 τῶν
1402 3195 1577 3247 καλῶν
1606 3194 1796 3263 ἔργων.
1824 3194 1976 3244 Πᾶσα
1997 3191 2105 3259 γὰρ
2133 3190 2300 3260 ἀρετὴ

761 3288 892 3360 ἦχον
935 3285 1199 3340 ἀποτελεῖ.
1245 3285 1333 3336 Διὸ
1364 3283 1508 3349 λέγει
1559 3281 1796 3344 Παῦλος·
1841 3281 1962 3348 Ἀφ’
2006 3279 2167 3348 ὑμῶν
2195 3279 2301 3346 γὰρ

763 3377 1046 3444 ἐξήχηται
1081 3377 1112 3426 ό
1159 3375 1339 3441 λόγος
1388 3370 1492 3423 τοῦ
1544 3369 1705 3423 Θεοῦ.
1752 3367 1918 3421 Πόθεν
1961 3367 2015 3418 δὲ
2051 3362 2247 3433 ἤρξατο
2275 3364 2303 3415 6

762 3463 930 3536 ἦχος;
975 3463 1078 3516 Kal
1133 3462 1373 3530 περιῄει,
1427 3459 1607 3526 φησὶν,
1657 3461 1688 3510 ό
1737 3456 1962 3522 Ἰησοῦς
2011 3455 2306 3509 διδάσκων

767 3553 970 3607 πᾶσαν
1005 3554 1202 3610 πόλιν.
1238 3550 1333 3602 καί
1361 3547 1561 3601 πᾶσαν
1602 3545 1821 3613 κώμην,
1855 3545 1948 3598 καὶ
1975 3545 2307 3611 θεραπεύων

768 3637 974 3691 πᾶσαν
998 3637 1202 3698 νόσον,
1231 3632 1326 3686 καὶ
1367 3630 1568 3685 πᾶσαν
1587 3629 1906 3699 μαλακίαν.
1952 3629 2058 3680 Καὶ
2090 3625 2306 3695 ἐξῆλθεν

768 3721 898 3793 ἦχος
931 3724 1052 3792 περὶ
1081 3719 1242 3774 αὑτοῦ
1276 3722 1352 3781 εἱς
1383 3721 1558 3771 πᾶσαν
1584 3717 1680 3786 τὴν
1711 3716 1832 3784 γῆν.
1880 3716 2112 3784 Πρόσεχε
2152 3717 2306 3784 ἀκριο

771 3812 897 3873 ϐῶςο
934 3807 1083 3871 Εἶδες
1112 3807 1216 3861 τῶν
1245 3807 1450 3876 ἀρετῶν
1475 3806 1562 3856 τὸν
1584 3805 1810 3872 κόσμον;
1830 3804 2056 3864 Ἐκεῖνος
2085 3806 2111 3854 ό
2137 3804 2309 3871 ἱερεὺς

771 3897 1001 3969 Χριστοῦ
1031 3893 1096 3967 ἦν
1111 3895 1295 3957 τύπος.
1323 3894 1433 3946 υὺκ
1457 3891 1851 3960 ἀλληγοροῦμεν
1884 3889 2128 3954 ἐνταῦθα,
2158 3892 2205 3942 εἱ
2237 3891 2310 3959 μὴ

773 3986 1022 4057 ἀφορμὰς
1056 3985 1314 4054 ἐλάϐομεν
1341 3983 1489 4052 παρὰ
1523 3981 1750 4033 Παύλου.
1788 3980 1847 4030 Εἱ
1879 3979 1950 4049 μὴ
1991 3978 2192 4041 Παῦλος
2217 3981 2313 4051 ήρ-

757 4074 1007 4144 ,μήνευσε
1030 4072 1127 4141 τὴν
1166 4071 1389 4139 δύναμιν
1430 4069 1523 4138 τῆς
1562 4067 1920 4134 δικαιοσύνης,
1953 4068 2109 4134 ἡμεῖς
2141 4065 2312 4118 ταῦτα

781 4159 969 4230 μαθεῖν
997 4159 1094 4210 οὑκ
1128 4157 1452 4227 ἠδυνάμεθα.
1487 4155 1582 4207 Διά
1607 4155 1759 4206 τοῦτο
1794 4156 1931 4206 ποιεῖ
1968 4153 2173 4216 Παῦλος
2222 4154 2312 4206 τὸν

778 4249 923 4319 ἱερέα
977 4249 1177 4299 ἐκεῖνον
1218 4244 1383 4297 τύπον
1421 4243 1512 4296 τοῦ
1560 4243 1813 4311 Χριστοῦ.
1859 4242 1950 4294 καὶ
2007 4242 2189 4309 λέγει·
2233 4243 2313 4294 Οὐ

776 4337 884 4405 γὰρ
924 4337 1009 4398 εἱς
1045 4332 1415 4401 χειροποίητα
1468 4329 1603 4398 ἅγια
1649 4329 1930 4393 είσῆλήεν
1977 4333 2008 4381 ό
2042 4330 2310 4395 Χριστὸς.

777 4427 1063 4479 ἀντίτυπα
1093 4421 1208 4474 τῶν
1249 4419 1566 4486 ἀληθινῶν,
1595 4419 1732 4472 ἀλλ’
1761 4422 1844 4482 είς
1874 4418 2054 4471 αὑτὸν
2090 4419 2192 4470 τόν
2220 4421 2316 4471 οὑ-

772 4516 980 4582 ρανόν,
1007 4509 1436 4579 ἐμφανισθῆναι
1460 4509 1534 4574 τῷ
1564 4509 1854 4575 προσώπῳ
1871 4507 1973 4560 τοῦ
1997 4507 2139 4560 Θεοῦ
2171 4507 2317 4573 ὑπὲρ

780 4602 964 4672 ἡμῶν.
993 4599 1183 4661 Στάσις
1210 4595 1300 4651 οῦν
1330 4595 1397 4667 ἧν
1427 4601 1480 4649 ἐν
1504 4601 1612 4658 τοῖς
1640 4598 1758 4648 τότε
1793 4596 2078 4657 Ἰουδαίοις,
2110 4596 2201 4647 καὶ
2225 4593 2318 4662 ζήο

779 4706 926 4763 τημα
959 4691 1124 4757 ξένον.
1162 4687 1372 4755 Ἐπειδὴ
1405 4685 1510 4756 γάρ
1540 4687 1586 4737 οἱ
1617 4685 1894 4737 ἀπόστολοι
1919 4685 2208 4753 ἐκήρυττον
2231 4685 2319 4735 τὸν

782 4785 1028 4851 Σωτῆρα,
1072 4779 1169 4833 καὶ
1226 4777 1466 4847 βασιλέα,
1514 4776 1605 4828 καὶ
1657 4775 1822 4844 ἱερέα,
1870 4775 1959 4826 καὶ⁵
2017 4775 2316 4843 προφήτην,

783 4869 1044 4938 ἐμάχοντο
1095 4869 1144 4919 οἱ
1183 4865 1438 4921 Ἰουδαῖοι,
1479 4865 1571 4915 καὶ
1619 4863 1798 4929 ελεγον
1846 4863 1911 4912 τά
1955 4861 2092 4911 κατὰ
2138 4860 2315 4928 νόμον.

785 4959 973 5025 Ἄλλη,
1009 4956 1158 5025 φησὶ,
1196 4955 1333 5023 φυλὴ
1384 4952 1670 5022 βασιλείας,
1713 4953 1803 5003 καὶ
1841 4951 1969 5018 ἄλλη
2010 4947 2318 5018 ἱερωσύνης.

797 5047 860 5099 Ἦ
893 5044 1145 5113 Λευῖτικὴ
1199 5043 1356 5112 φυλὴ,
1412 5041 1723 5110 ἱερωσύνης,
1765 5041 1794 5108 ή
1841 5039 1895 5092 δὲ
1933 5037 2117 5098 Ἰούδα,
2175 5036 2322 5106 βασι-

784 5135 950 5197 λείας,
976 5135 1154 5202 φησίν.
1194 5134 1256 5184 Εἰ
1288 5127 1378 5184 οῦν
1405 5134 1434 5183 6
1464 5132 1689 5200 Χριστὸς
1728 5128 1970 5196 βασιλεύς
1999 5129 2159 5186 ἐστιν,
2201 5126 2324 5176 οὑκ-

782 5225 860 5277 έτι
888 5222 1033 5294 [412]
1074 5222 1247 5292 ἱερεύς
1267 5239 1280 5252 θ
1314 5225 1360 5274 εἱ
1389 5221 1445 5274 δέ
1471 5222 1662 5289 ἱερεὺς,
1689 5221 1866 5270 οὐκέτι
1890 5218 2152 5285 βασιλεύς.
2183 5215 2324 5267 Παῦ-

783 5315 872 5377 λος
933 5314 1253 5384 μαχόμενος,
1311 5313 1403 5364 καὶ
1458 5312 1587 5380 πρὸς
1647 5310 1743 5377 τὴν
1803 5309 2020 5358 ἐκείνων
2075 5307 2324 5358 ὑπόνοιαν

846 5587 872 5648 ξ
901 5584 1004 5648 D_uo
1029 5584 1138 5640 ἄνθη
1175 5585 1420 5648 ροιᾶεῖΑκαὶ
1448 5584 1641 5648 ροίσκοι.

851 5613 861 5616 τ
903 5613 1127 5632 “unum
1348 5613 1420 5629 ..η

851 5646 877 5683 b
918 5645 1039 5692 'l'res
1079 5613 1200 5689 ιηέςῗ
1231 5645 1421 5699 στήθους
1448 5613 1602 5702 ἳογος.
1647 5643 1743 5690 Sed
1780 5643 1912 5690 locus
1940 5642 1986 5688 in
2015 5640 2157 5688 editis
2198 5638 2326 5686 bene

788 5706 970 5754 habere
997 5704 1201 5752 videtur.

2209 408 2478 467 INCERTI

3798 421 3904 473 406

2380 519 2627 589 ἁρμόζων
2675 519 2763 571 τὸν
2809 519 2983 586 λόγον,
3018 520 3180 588 φησί·
3217 519 3300 587 Μὴ
3340 518 3444 588 γάρ
3475 519 3612 571 κατὰ
3641 517 3738 586 τὴν
3765 521 3904 586 τάξιν

2377 609 2472 676 τῆς
2508 607 2766 678 ὑμετέρας
2795 608 3085 677 ἱερωσύνης
3111 609 3304 677 ἀνέστη
3334 609 3593 677 Χριστός;
3625 609 3757 677 Παρ⁹
3778 611 3900 678 ὑμῖν

2377 695 2622 764 διῄρηται
2652 694 2890 763 βασιλεία
2919 695 3011 746 καὶ
3056 694 3346 763 ἱερωσύνη·
3385 696 3441 746 ἐν
3483 695 3540 746 δὲ
3577 695 3656 763 τῷ
3699 698 3906 765 Χριστῷ

2380 780 2661 848 συνῆπται.
2709 780 2790 833 Σὺ
2828 780 2934 850 γὰρ
2983 781 3202 848 ίερεὺς,
3244 781 3428 850 φησὶν,
3477 784 3563 846 εἰς
3591 781 3696 834 τόν
3736 783 3907 836 αἱῶνα

2378 869 2522 920 κατὰ
2556 868 2667 935 τὴν
2692 868 2862 931 τάξιν
2887 869 3272 936 Μελχισεδέκ.
3307 868 3404 920 Διά
3425 868 3580 922 τοῦτο
3608 870 3903 936 συλλογίζε-

2377 974 2485 1020 ται,
2519 957 2608 1008 καὶ
2632 956 2775 1024 λέγει
2797 973 2811 988 ι
2854 957 2902 1008 εἱ
2931 957 3038 1025 γὰρ
3069 959 3101 1025 ή
3131 955 3316 1026 πρώτη
3359 959 3616 1026 ἱερωσύνη
3649 955 3713 1026 ἦν
3740 960 3906 1027 ἄμεμ-

2380 1060 2529 1106 πτος,
2555 1043 2635 1105 τίς
2659 1044 2810 1112 χρεία
2837 1043 3085 1112 λεχθῆναι
3115 1043 3251 1096 κατά
3281 1045 3377 1113 την
3408 1045 3556 1108 τάξιν
3594 1044 3906 1112 Μελχισεδὲκ

2379 1132 2692 1185 ἀνίστασθαι
2739 1133 2908 1200 ἱερέα,
2957 1134 3051 1185 καὶ
3091 1134 3148 1184 οὑ
3190 1131 3327 1184 κατὰ
3361 1133 3457 1201 τὴν
3499 1133 3648 1197 τάξιν
3683 1134 3906 1202 Ἀαρών;

2382 1221 2840 1289 Μετατιθεμένης
2888 1221 2998 1289 γὰρ
3042 1219 3146 1286 τῆς
3176 1222 3515 1286 ἱερωσύνης,
3557 1221 3624 1282 ἐξ
3655 1221 3906 1286 ἀνάγκης

2382 1313 2478 1364 καί
2510 1314 2693 1379 νόμου
2721 1310 3031 1378 μετάθεσις
3072 1312 3311 1377 γίνεται.
3342 1311 3647 1379 Ἀρχιερεὺς
3681 1314 3851 1362 τοίνυν
3882 1315 3908 1364 ό

2384 1398 2571 1468 Σωτὴρ
2599 1400 2631 1466 ή
2641 1399 2773 1468 μῶν,
2805 1398 2862 1450 οὑ
2892 1397 3029 1449 κατά
3070 1399 3160 1448 τδν
3193 1400 3289 1465 τῆς
3316 1396 3558 1464 θεότητος
3582 1398 3750 1463 λόγον,
3781 1400 3907 1451 ἀλλά

2384 1488 2521 1540 κατά
2553 1487 2644 1539 τὸν
2676 1485 2773 1554 τῆς
2811 1486 3005 1554 σαρκὸς
3040 1484 3226 1536 τύπονο
3253 1486 3363 1538 ἄνω
3393 1485 3667 1554 σύνθρονος
3690 1486 3819 1538 Θεοῦ
3846 1488 3908 1538 δι’

2382 1578 2546 1646 ἡμᾶς,
2595 1577 2687 1628 καὶ
2722 1575 3006 1644 ἀρχιερεὺς
3047 1574 3185 1625 κατὰ
3237 1574 3333 1642 τὴν
3375 1573 3521 1636 τάξιν
3569 1574 3905 1642 Μελχισεδέκ.

2385 1665 2517 1734 Περὶ
2541 1657 2600 1716 οὑ
2631 1663 2792 1724 πολὺς
2828 1665 2856 1714 ό
2879 1661 3052 1728 λόγος,
3085 1661 3197 1714 ἀλλ’
3223 1663 3286 1713 οὑ
3313 1660 3405 1712 τοῦ
3437 1662 3708 1731 παρόντος.
3746 1664 3910 1733 Πρόσ-

2385 1771 2496 1823 εχε,
2537 1751 2864 1824 παρακαλῶο
2902 1746 3008 1802 Ἦν
3060 1752 3116 1804 ἐν
3156 1751 3233 1820 τῷ
3284 1752 3430 1823 νόμῳ
3485 1754 3908 1822 ὁλοκαυτώματα,

2387 1843 2544 1896 θυσία
2587 1842 2710 1910 περὶ
2749 1841 3041 1911 ἁμαρτίας,
3088 1843 3395 1911 προσφορά·
3449 1841 3612 1895 ἐλθὼν
3657 1843 3684 1894 6
3732 1841 3908 1908 Σωτὴρ

2389 1933 2546 1984 παύει
2575 1931 2671 1993 τάς
2699 1930 2931 1992 τυπικάς
2964 1929 3296 2000 προσφορὰς,
3323 1932 3417 1982 καὶ
3449 1933 3589 1981 ποιεῖ
3605 1930 3663 1980 τὸ
3692 1930 3843 1992 σῶμα
3859 1928 3911 1978 τὸ

2389 2021 2513 2072 ῖδιον
2549 2021 2669 2073 ἀντὶ
2698 2019 2873 2088 πάσης
2902 2019 3106 2080 θυσίας.
3135 2018 3291 2085 Λέγει
3317 2017 3516 2080 Παῦλος
3546 2018 3670 2087 περὶ
3686 2019 3776 2068 τοῦ
3808 2017 3911 2067 Σω⁴

2387 2111 2580 2181 τῆροςο
2614 2110 2711 2163 Διὸ
2762 2109 3170 2177 εἰσερχόμενος
3209 2111 3292 2172 εἱς
3338 2107 3442 2159 τὸν
3475 2107 3695 2173 κόσμον
3721 2105 3906 2172 λέγει’

2391 2201 2618 2253 Θυσίαν
2649 2198 2746 2251 καὶ
2775 2196 3120 2265 προσφορὰν
3145 2197 3252 2249 οὐκ
3287 2195 3584 2262 ἠθέλησας
3607 2209 3619 2222 ’
3661 2193 3825 2260 σῶμα
3851 2193 3912 2244 δὲ

2389 2290 2716 2356 κατηρτίσω
2756 2303 2886 2356 μοι’
2936 2285 3386 2353 ὁλοκαυτώματα
3430 2283 3525 2335 καί
3583 2282 3707 2349 περὶ
3739 2284 3909 2350 ἀμαρ-

2389 2378 2518 2442 τίας
2549 2378 2656 2430 οὐκ
2703 2375 3035 2442 εὐδόκησας
3064 2385 3122 2414 τ’
3173 2376 3302 2428 τότε
3343 2370 3537 2425 εἱπονο
3579 2372 3717 2425 Ἰδοὺ
3761 2371 3905 2437 ἧκον

2389 2468 2457 2520 ἐν
2484 2465 2751 2534 κεφαλίδι
2778 2465 3016 2528 ,βιϐλίου
3041 2464 3350 2532 γέγραπται
3379 2462 3505 2530 περὶ
3535 2461 3694 2529 ἐμοῦ.
3739 2460 3909 2513 Εἰπὼν

2391 2557 2488 2626 τὴν
2527 2555 2851 2625 προφητείαν
2895 2552 3121 2614 Παῦλος,
3179 2552 3270 2604 καὶ
3308 2551 3558 2620 εἱρηκὼς,
3606 2553 3682 2603 ὅτι
3726 2550 3908 2602 Θυσίαν

2395 2646 2486 2697 καὶ
2531 2643 2839 2714 προσφοράν
2877 2643 2968 2695 καὶ
3020 2642 3145 2710 περὶ
3181 2640 3446 2709 ἁμαρτίας
3492 2641 3588 2691 οὑκ
3640 2637 3908 2707 ἠθέλησας,

2391 2731 2510 2784 τότε
2541 2728 2706 2795 εἷπον,
2739 2730 2865 2783 ’1δοὺ
2893 2731 3027 2798 ἥκω,
3056 2730 3262 2798 ἀναιρεῖ
3287 2728 3347 2779 τδ
3373 2726 3599 2795 πρῶτον,
3622 2725 3703 2776 ἱνα
3725 2726 3784 2778 τὸ
3804 2725 3912 2775 δεύ-

2395 2839 2547 2892 τερον
2573 2822 2762 2891 στήσῃ.
2792 2819 2900 2872 Καὶ
2929 2819 3030 2871 ποῦ
3059 2820 3092 2888 ή
3121 2818 3276 2870 θυσία
3302 2817 3392 2870 καὶ
3416 2819 3448 2885 ή
3481 2816 3753 2884 προσφορά
3787 2815 3914 2882 εὑρί-

2400 2924 2582 2961 σκεται
2618 2907 2675 2959 ἐν
2723 2905 2801 2974 τῷ
2851 2905 3059 2973 σώματι
3105 2904 3203 2956 τοῦ
3231 2901 3496 2973 Χριστοῦ;
3545 2896 3736 2962 Καθὼς
3781 2901 3914 2966 λέγει

2398 2999 2426 3050 6
2461 2994 2749 3056 ἀπόστολος
2803 2993 3037 3054 Παῦλοςο
3104 2990 3427 3058 Παρακαλῶ
3459 2989 3627 3057 ὑμᾶς,
3659 2989 3914 3055 ἀδελφοί,

2399 3085 2496 3139 διὰ
2520 3083 2636 3138 τῶν
2665 3083 2974 3152 οἱκτιρμῶν
3004 3082 3106 3135 τοῦ
3152 3081 3316 3143 Θεοῦ,
3343 3081 3420 3143 ὡς
3443 3078 3616 3131 τέκνα
3642 3079 3914 3144 ἀγαπητὰ.

2401 3171 2762 3240 περιπατεῖτε
2790 3173 2856 3223 ὲν
2882 3169 3099 3237 ἀγάπῃ,
3130 3168 3318 3233 καθὼς
3347 3167 3441 3220 καί
3476 3169 3507 3219 ό
3529 3165 3916 3233 Χριστὸςσὴγά-

2404 3275 2598 3326 πησεν
2624 3258 2800 3327 ἡμᾶς,
2847 3256 2940 3309 καί
2974 3253 3308 3321 παρέδωκεν
3339 3252 3549 3305 ἑαυτὸν
3588 3252 3732 3317 ὑπὲρ
3770 3249 3919 3317 ἡμῶν

2405 3351 2622 3404 θυσίαν
2667 3347 2762 3400 καὶ
2811 3346 3152 3412 προσφορὰν
3199 3343 3277 3405 τῷ
3321 3342 3467 3406 Θεῷ,
3499 3344 3582 3406 εἱς
3611 3340 3803 3408 ὀσμὴν
3832 3342 3917 3392 εὑ-

2406 3438 2598 3503 ωδίας.
2623 3436 2720 3489 Διά
2759 3436 2816 3490 σέ
2847 3435 3148 3504 ἀρχιερεὺς,
3178 3433 3455 3484 δι”ἐαυτδν
3483 3431 3627 3494 Θεός.
3654 3431 3742 3498 Μὴ
3771 3430 3918 3498 μετά-

2408 3525 2563 3577 ϐαλλε
2598 3526 2813 3596 ῥήματα
2851 3520 2983 3574 Θεοῦ
3019 3520 3234 3583 ζῶντος.
3272 3521 3362 3582 Εἱς
3401 3519 3613 3588 Πατέρα
3657 3519 3746 3570 καὶ
3789 3517 3919 3577 Υἱδν,

2407 3617 2498 3668 καὶ
2527 3616 2676 3683 ἄγιον
2712 3613 2930 3682 Πνεῦμα
2972 3609 3331 3678 ἐϐαπτίσθης·
3379 3609 3435 3659 τί
3473 3610 3702 3678 ἀναιρεῖς
3732 3607 3796 3658 τὰ
3821 3606 3921 3656 6V6-

2413 3725 2554 3778 ματα
2580 3707 2646 3760 τά
2669 3705 2862 3770 ζῶντα,
2889 3703 2979 3757 καὶ
3003 3703 3238 3767 εἱσάγεις
3265 3700 3518 3769 ὀνόματα,
3539 3699 3804 3767 λογισμῶν
3817 3713 3923 3763 γεν-

2409 3799 2640 3867 νήματα,
2665 3795 2853 3862 λέγων,
2878 3793 3189 3860 ’Λγέννητος
3215 3789 3306 3841 καὶ
3327 3789 3592 3857 γεννητὸς.
3615 3786 3817 3849 κτιστδς
3842 3785 3924 3837 καὶ

2410 3888 2676 3950 ἄκτιστος,
2702 3883 2776 3937 ῶν
2815 3883 2900 3936 ἀεὶ
2943 3882 3036 3934 καὶ
3070 3880 3142 3948 μὴ
3188 3879 3261 3931 ὢν
3305 3879 3425 3939 ἀείς
3459 3877 3668 3930 Τούτων
3692 3876 3924 3944 ἀνέχεται

2410 3976 2541 4037 Θεὸς
2561 3976 2664 4027 τῶν
2686 3973 2924 4042 ματαίων
2951 3970 3238 4038 ρημάτων;
3267 3968 3359 4020 Ἐν
3388 3967 3534 4036 ῥῆμα
3561 3967 3643 4018 ἵνα
3673 3963 3926 4034 μεταϐάλῃ

2411 4063 2693 4134 προφήτης
2722 4059 2868 4123 ποτὲ,
2903 4057 3263 4111 ἐκινδύνευσεν
3295 4054 3610 4108 ἀπολέσθαι·
3651 4053 3742 4104 καὶ
3785 4051 3924 4119 βλέπε

2417 4153 2652 4219 ῥήματος
2692 4146 2885 4216 μικροῦ
2919 4142 3294 4214 ἀκριϐολογίαν
3312 4160 3324 4172 ·
3349 4142 3428 4192 Ta
3451 4143 3664 4209 ῥήματα
3691 4139 3792 4191 τῶν
3815 4153 3928 4206 προσ

2417 4237 2598 4310 φητῶν
2640 4252 2779 4297 τινες
2814 4233 3036 4286 ἐκάλουν
3071 4232 3174 4282 ὑπὸ
3211 4229 3481 4295 ἀπειρίας,
3512 4227 3698 4296 λῆμμα
3722 4225 3924 4294 Κυρίου.

2415 4328 2575 4394 Λέγει
2624 4328 2651 4377 6
2691 4324 2818 4385 Θεὸς
2867 4321 2953 4373 διὰ
2993 4318 3278 4388 ’ῐερεμίουο
3319 4317 3450 4367 Ἐὰν
3492 4316 3752 4382 ἐρωτήσῃ
3796 4328 3862 4366 σε
3901 4313 3927 4362 ὁ

2417 4413 2581 4477 λαὸς,
2617 4414 2654 4478 ἢ
2680 4414 2711 4463 ό
2736 4408 2942 4476 ἱερεὺς.
2976 4408 3014 4472 ἢ
3047 4409 3078 4458 ό
3108 4405 3430 4472 προφήτης,
3463 4403 3557 4454 καί
3581 4403 3714 4467 είπῃ
3742 4417 3848 4462 σοι,
3879 4398 3929 4450 τί

2417 4501 2483 4554 τὸ
2520 4499 2721 4566 λῆμμα
2737 4513 2755 4560 ;
2812 4496 2938 4549 εἱπὲ
2989 4494 3208 4554 αὐτοῖς,
3248 4493 3333 4544 ὅτι
3372 4492 3440 4545 Τὸ
3489 4490 3691 4558 λῆμμα
3735 4489 3930 4556 Κυρίου

2419 4588 2585 4657 ὑμεῖς
2611 4588 2765 4640 ἐστε.
2796 4584 3067 4652 Λήψομαι
3092 4582 3200 4651 γὰρ
3229 4580 3382 4649 ὑμᾶς
3407 4579 3628 4647 λῆμμα,
3660 4579 3755 4631 καί
3788 4577 3932 4644 ράξω

2423 4679 2591 4748 ὑμᾶς,
2615 4679 2712 4730 ἵνα
2749 4676 2833 4744 μὴ
2871 4675 3081 4742 λέγητε
3130 4671 3351 4739 λῆμμα.
3381 4671 3473 4723 Ἐν
3499 4670 3644 4739 ῥῆμα
3673 4669 3755 4720 ἵνα
3792 4682 3933 4735 μεταο

2420 4767 2638 4837 ποιηθῇ,
2667 4765 2874 4820 ἀπειλεῖ
2902 4765 2930 4814 ό
2952 4761 3079 4822 Θεός
3106 4775 3120 4790 °
3160 4761 3250 4811 καὶ
3281 4760 3342 4810 σὺ
3378 4756 3658 4827 ὁλόκληρον
3679 4755 3933 4824 δογμάτων

2423 4857 2585 4930 [415]
2611 4854 2890 4925 ἀκρίϐειαν
2928 4849 3286 4918 διαστρέφεις,
3343 4847 3546 4916 Ιιατρδς
3582 4847 3746 4918 ὄνομα
3782 4857 3934 4909 παρα·

2422 4948 2780 5017 γραφόμενος,
2848 4939 2977 4994 Υἱοῦ
3044 4939 3194 5002 ἀξίαν
3258 4937 3599 5005 ἀρνούμενος,
3652 4934 3934 5017 Πνεύματοξ

2429 5014 2583 5102 ἀγίου
2621 5033 2772 5096 δόξαν
2819 5029 3051 5092 ἀθετῶν,
3083 5023 3226 5096 Ἀρα
3262 5024 3515 5093 διαφεύξῃ
3547 5024 3639 5084 τὰς
3680 5021 3769 5073 τοῦ
3821 5014 3934 5069 Θεοῦ

2425 5129 2636 5196 χεῖρας;
2689 5123 2834 5193 Βαρὺ
2880 5120 2970 5171 καὶ
3011 5116 3234 5185 φοϐερὸν
3277 5111 3586 5183 διαστρέψαι
3630 5110 3781 5176 λόγον
3822 5102 3933 5156 Θεοῦ

2427 5215 2640 5279 ζῶντος,
2681 5210 2882 5280 Κυρίου
2917 5206 3012 5258 τοῦ
3054 5203 3186 5256 Θεοῦ
3218 5202 3391 5272 ἡμῶν.
3429 5201 3612 5266 Λόγων
3647 5199 3934 5263 διαστρεφο-

2430 5308 2600 5378 μένων
2644 5301 2933 5370 ἀγανακτεῖ
2975 5296 3130 5357 Θεός·
3186 5293 3461 5378 δογμάτων
3499 5284 3935 5378 διαστρεφομένων

2427 5401 2525 5452 οὑκ
2557 5394 2876 5463 ἀγανακτεῖς
2920 5388 3008 5453 Μὴ
3042 5383 3338 5452 σοφώτερος
3365 5377 3414 5432 εἱ
3440 5377 3531 5430 τοῦ
3573 5376 3836 5443 Σωτῆρος
3877 5369 3936 5439 μὴ

2428 5460 2806 5556 ἀκριϐέστερος
2856 5472 2904 5528 εί
2938 5474 3028 5526 τοῦ
3070 5470 3421 5538 Εὑαγγελίους
3469 5463 3733 5533 Φοϐήθητι
3793 5460 3938 5530 κρῖμα

2495 5695 2515 5723 ε
2563 5692 2683 5739 Tres
2707 5700 2815 5735 nm.
2846 5685 2932 5731 οὐκ
2958 5683 3196 5736 ἐζήτησας.
