  <div class='ocr_page' id='page_1' title='image "/cluster/home/n/w/nwhite01/storage/ocr_20150623/56/uva.x004697988/404.png"; bbox 0 0 4096 6514; ppageno 0'>
   <div class='ocr_carea' id='block_1_1' title="bbox 321 448 436 503">
    <p class='ocr_par' dir='ltr' id='par_1_1' title="bbox 321 448 436 503">
     <span class='ocr_line' id='line_1_1' title="bbox 321 448 436 503; baseline 0.035 -4"><span class='ocrx_word' id='word_1_1' title='bbox 321 448 436 503; x_wconf 77' lang='grc'><strong>405</strong></span> 
     </span>
    </p>
   </div>
   <div class='ocr_carea' id='block_1_2' title="bbox 317 538 1874 616">
    <p class='ocr_par' dir='ltr' id='par_1_2' title="bbox 317 538 1874 616">
     <span class='ocr_line' id='line_1_2' title="bbox 317 538 1874 616; baseline -0.006 -15"><span class='ocrx_word' id='word_1_2' title='bbox 317 549 555 616; x_wconf 80' lang='lat' dir='ltr'><strong>quoniam</strong></span> <span class='ocrx_word' id='word_1_3' title='bbox 591 548 772 602; x_wconf 80' lang='lat' dir='ltr'><strong>creavit</strong></span> <span class='ocrx_word' id='word_1_4' title='bbox 802 543 1044 600; x_wconf 75' lang='lat' dir='ltr'><strong>Dominus</strong></span> <span class='ocrx_word' id='word_1_5' title='bbox 1072 545 1278 599; x_wconf 83' lang='lat' dir='ltr'><strong>salutem</strong></span> <span class='ocrx_word' id='word_1_6' title='bbox 1307 543 1452 609; x_wconf 80' lang='lat' dir='ltr'><strong>(Jcr.</strong></span> <span class='ocrx_word' id='word_1_7' title='bbox 1472 544 1560 597; x_wconf 79' lang='lat' dir='ltr'><strong>5i.</strong></span> <span class='ocrx_word' id='word_1_8' title='bbox 1587 542 1650 594; x_wconf 67' lang='grc' dir='ltr'><em>Ἠ</em></span> <span class='ocrx_word' id='word_1_9' title='bbox 1681 541 1719 609; x_wconf 94' lang='grc'><strong>).</strong></span> <span class='ocrx_word' id='word_1_10' title='bbox 1767 538 1874 592; x_wconf 79' lang='lat' dir='ltr'><strong>Ma-</strong></span> 
     </span>
    </p>
   </div>
   <div class='ocr_carea' id='block_1_3' title="bbox 321 631 1876 703">
    <p class='ocr_par' dir='ltr' id='par_1_3' title="bbox 321 631 1876 703">
     <span class='ocr_line' id='line_1_3' title="bbox 321 631 1876 703; baseline -0.006 -12"><span class='ocrx_word' id='word_1_11' title='bbox 321 653 422 691; x_wconf 90' lang='lat' dir='ltr'><strong>nus</strong></span> <span class='ocrx_word' id='word_1_12' title='bbox 441 646 497 691; x_wconf 89' lang='lat' dir='ltr'><strong>et</strong></span> <span class='ocrx_word' id='word_1_13' title='bbox 524 637 775 691; x_wconf 88' lang='lat' dir='ltr'><strong>humeros</strong></span> <span class='ocrx_word' id='word_1_14' title='bbox 802 651 896 703; x_wconf 88' lang='lat' dir='ltr'><strong>pro</strong></span> <span class='ocrx_word' id='word_1_15' title='bbox 923 634 1215 689; x_wconf 71' lang='lat' dir='ltr'><strong>actionibus</strong></span> <span class='ocrx_word' id='word_1_16' title='bbox 1255 632 1442 700; x_wconf 92' lang='lat' dir='ltr'><strong>accipit</strong></span> <span class='ocrx_word' id='word_1_17' title='bbox 1484 631 1773 697; x_wconf 91' lang='lat' dir='ltr'><strong>Scriptura,</strong></span> <span class='ocrx_word' id='word_1_18' title='bbox 1819 635 1876 681; x_wconf 88' lang='lat' dir='ltr'><strong>ut</strong></span> 
     </span>
    </p>
   </div>
   <div class='ocr_carea' id='block_1_4' title="bbox 318 723 1875 789">
    <p class='ocr_par' dir='ltr' id='par_1_4' title="bbox 318 723 1875 789">
     <span class='ocr_line' id='line_1_4' title="bbox 318 723 1875 789; baseline -0.007 -9"><span class='ocrx_word' id='word_1_19' title='bbox 318 741 438 780; x_wconf 89' lang='lat' dir='ltr'><strong>cum</strong></span> <span class='ocrx_word' id='word_1_20' title='bbox 462 726 526 780; x_wconf 90' lang='lat' dir='ltr'><strong>de</strong></span> <span class='ocrx_word' id='word_1_21' title='bbox 547 725 737 779; x_wconf 89' lang='lat' dir='ltr'><strong>Davide</strong></span> <span class='ocrx_word' id='word_1_22' title='bbox 761 726 902 789; x_wconf 91' lang='lat' dir='ltr'><strong>dicit,</strong></span> <span class='ocrx_word' id='word_1_23' title='bbox 928 724 992 776; x_wconf 81' lang='lat' dir='ltr'><strong>Et</strong></span> <span class='ocrx_word' id='word_1_24' title='bbox 1013 727 1061 776; x_wconf 85' lang='lat' dir='ltr'><strong>in</strong></span> <span class='ocrx_word' id='word_1_25' title='bbox 1078 723 1395 775; x_wconf 81' lang='lat' dir='ltr'><strong>intellectibus</strong></span> <span class='ocrx_word' id='word_1_26' title='bbox 1423 737 1654 773; x_wconf 83' lang='lat' dir='ltr'><strong>manuum</strong></span> <span class='ocrx_word' id='word_1_27' title='bbox 1675 734 1875 771; x_wconf 84' lang='lat' dir='ltr'><strong>suarum</strong></span> 
     </span>
    </p>
   </div>
   <div class='ocr_carea' id='block_1_5' title="bbox 321 810 1875 885">
    <p class='ocr_par' dir='ltr' id='par_1_5' title="bbox 321 810 1875 885">
     <span class='ocr_line' id='line_1_5' title="bbox 321 810 1875 885; baseline -0.003 -19"><span class='ocrx_word' id='word_1_28' title='bbox 321 815 531 868; x_wconf 78' lang='lat' dir='ltr'><strong>deduxit</strong></span> <span class='ocrx_word' id='word_1_29' title='bbox 563 832 647 868; x_wconf 87' lang='lat' dir='ltr'><strong>eos</strong></span> <span class='ocrx_word' id='word_1_30' title='bbox 672 814 690 885; x_wconf 94' lang='lat'><strong>(</strong></span> <span class='ocrx_word' id='word_1_31' title='bbox 715 814 803 867; x_wconf 81' lang='lat' dir='ltr'><strong>Ps.</strong></span> <span class='ocrx_word' id='word_1_32' title='bbox 831 816 915 866; x_wconf 85' lang='lat'><strong>7&#39;7.</strong></span> <span class='ocrx_word' id='word_1_33' title='bbox 945 814 1063 881; x_wconf 72' lang='lat'><strong>72).</strong></span> <span class='ocrx_word' id='word_1_34' title='bbox 1097 812 1353 879; x_wconf 86' lang='lat' dir='ltr'><strong>Numquid</strong></span> <span class='ocrx_word' id='word_1_35' title='bbox 1404 812 1454 863; x_wconf 91' lang='lat' dir='ltr'><strong>in</strong></span> <span class='ocrx_word' id='word_1_36' title='bbox 1510 810 1753 863; x_wconf 88' lang='lat' dir='ltr'><strong>manibus</strong></span> <span class='ocrx_word' id='word_1_37' title='bbox 1794 818 1875 862; x_wconf 89' lang='lat' dir='ltr'><strong>est</strong></span> 
     </span>
    </p>
   </div>
   <div class='ocr_carea' id='block_1_6' title="bbox 321 900 1873 969">
    <p class='ocr_par' dir='ltr' id='par_1_6' title="bbox 321 900 1873 969">
     <span class='ocr_line' id='line_1_6' title="bbox 321 900 1873 969; baseline -0.004 -12"><span class='ocrx_word' id='word_1_38' title='bbox 321 905 615 960; x_wconf 89' lang='lat' dir='ltr'><strong>intellectus</strong></span> <span class='ocrx_word' id='word_1_39' title='bbox 640 905 786 958; x_wconf 83' lang='lat' dir='ltr'><strong>?Scd</strong></span> <span class='ocrx_word' id='word_1_40' title='bbox 817 906 867 956; x_wconf 92' lang='lat' dir='ltr'><strong>in</strong></span> <span class='ocrx_word' id='word_1_41' title='bbox 916 903 1261 958; x_wconf 85' lang='lat' dir='ltr'><strong>intellectibus</strong></span> <span class='ocrx_word' id='word_1_42' title='bbox 1281 902 1406 955; x_wconf 85' lang='lat' dir='ltr'><strong>dicit</strong></span> <span class='ocrx_word' id='word_1_43' title='bbox 1450 902 1676 969; x_wconf 89' lang='lat' dir='ltr'><strong>ipsarum</strong></span> <span class='ocrx_word' id='word_1_44' title='bbox 1711 900 1873 952; x_wconf 83' lang='lat' dir='ltr'><strong>actio-</strong></span> 
     </span>
    </p>
   </div>
   <div class='ocr_carea' id='block_1_7' title="bbox 320 990 1867 1061">
    <p class='ocr_par' dir='ltr' id='par_1_7' title="bbox 320 990 1867 1061">
     <span class='ocr_line' id='line_1_7' title="bbox 320 990 1867 1061; baseline -0.004 -15"><span class='ocrx_word' id='word_1_45' title='bbox 320 1009 463 1047; x_wconf 91' lang='lat' dir='ltr'><strong>num.</strong></span> <span class='ocrx_word' id='word_1_46' title='bbox 493 994 557 1047; x_wconf 85' lang='lat' dir='ltr'><strong>Et</strong></span> <span class='ocrx_word' id='word_1_47' title='bbox 585 995 634 1046; x_wconf 91' lang='lat' dir='ltr'><strong>in</strong></span> <span class='ocrx_word' id='word_1_48' title='bbox 680 1004 889 1061; x_wconf 83' lang='lat' dir='ltr'><strong>pectore</strong></span> <span class='ocrx_word' id='word_1_49' title='bbox 913 992 1200 1059; x_wconf 86' lang='lat' dir='ltr'><strong>accipiebat</strong></span> <span class='ocrx_word' id='word_1_50' title='bbox 1231 991 1476 1046; x_wconf 77' lang='lat' dir='ltr'><strong>sacerdos</strong></span> <span class='ocrx_word' id='word_1_51' title='bbox 1496 991 1784 1053; x_wconf 81' lang='lat' dir='ltr'><strong>oraculum,</strong></span> <span class='ocrx_word' id='word_1_52' title='bbox 1817 990 1867 1041; x_wconf 94' lang='lat' dir='ltr'><strong>in</strong></span> 
     </span>
    </p>
   </div>
   <div class='ocr_carea' id='block_1_8' title="bbox 318 1078 1866 1150">
    <p class='ocr_par' dir='ltr' id='par_1_8' title="bbox 318 1078 1866 1150">
     <span class='ocr_line' id='line_1_8' title="bbox 318 1078 1866 1150; baseline -0.002 -15"><span class='ocrx_word' id='word_1_53' title='bbox 318 1098 425 1149; x_wconf 92' lang='lat' dir='ltr'><strong>quo</strong></span> <span class='ocrx_word' id='word_1_54' title='bbox 443 1083 715 1136; x_wconf 88' lang='lat' dir='ltr'><strong>duodecim</strong></span> <span class='ocrx_word' id='word_1_55' title='bbox 734 1092 882 1137; x_wconf 90' lang='lat' dir='ltr'><strong>erant</strong></span> <span class='ocrx_word' id='word_1_56' title='bbox 902 1081 1099 1150; x_wconf 84' lang='lat' dir='ltr'><strong>lapides</strong></span> <span class='ocrx_word' id='word_1_57' title='bbox 1124 1082 1386 1147; x_wconf 89' lang='lat' dir='ltr'><strong>insculpti,</strong></span> <span class='ocrx_word' id='word_1_58' title='bbox 1410 1080 1507 1133; x_wconf 86' lang='lat' dir='ltr'><strong>hoc</strong></span> <span class='ocrx_word' id='word_1_59' title='bbox 1522 1088 1621 1143; x_wconf 89' lang='lat' dir='ltr'><strong>est,</strong></span> <span class='ocrx_word' id='word_1_60' title='bbox 1645 1078 1866 1144; x_wconf 88' lang='lat' dir='ltr'><strong>sardius,</strong></span> 
     </span>
    </p>
   </div>
   <div class='ocr_carea' id='block_1_9' title="bbox 320 1167 1862 1239">
    <p class='ocr_par' dir='ltr' id='par_1_9' title="bbox 320 1167 1862 1239">
     <span class='ocr_line' id='line_1_9' title="bbox 320 1167 1862 1239; baseline -0.003 -15"><span class='ocrx_word' id='word_1_61' title='bbox 320 1173 575 1239; x_wconf 83' lang='lat' dir='ltr'><strong>t0pazius,</strong></span> <span class='ocrx_word' id='word_1_62' title='bbox 597 1172 918 1238; x_wconf 85' lang='lat' dir='ltr'><strong>smaragdos,</strong></span> <span class='ocrx_word' id='word_1_63' title='bbox 950 1169 1322 1232; x_wconf 89' lang='lat' dir='ltr'><strong>carbunculus,</strong></span> <span class='ocrx_word' id='word_1_64' title='bbox 1359 1168 1653 1235; x_wconf 89' lang='lat' dir='ltr'><strong>sapphiros,</strong></span> <span class='ocrx_word' id='word_1_65' title='bbox 1677 1167 1862 1235; x_wconf 74' lang='lat' dir='ltr'><strong>iaspis,</strong></span> 
     </span>
    </p>
   </div>
   <div class='ocr_carea' id='block_1_10' title="bbox 319 1254 1867 1327">
    <p class='ocr_par' dir='ltr' id='par_1_10' title="bbox 319 1254 1867 1327">
     <span class='ocr_line' id='line_1_10' title="bbox 319 1254 1867 1327; baseline -0.001 -16"><span class='ocrx_word' id='word_1_66' title='bbox 319 1260 651 1327; x_wconf 80' lang='lat' dir='ltr'><strong>hyacinthus,</strong></span> <span class='ocrx_word' id='word_1_67' title='bbox 688 1259 923 1321; x_wconf 80' lang='lat' dir='ltr'><strong>achates,</strong></span> <span class='ocrx_word' id='word_1_68' title='bbox 954 1256 1300 1325; x_wconf 79' lang='lat' dir='ltr'><strong>amethystus,</strong></span> <span class='ocrx_word' id='word_1_69' title='bbox 1344 1254 1717 1323; x_wconf 77' lang='lat' dir='ltr'><strong>chrysolithos,</strong></span> <span class='ocrx_word' id='word_1_70' title='bbox 1771 1255 1867 1309; x_wconf 88' lang='lat' dir='ltr'><strong>be-</strong></span> 
     </span>
    </p>
   </div>
   <div class='ocr_carea' id='block_1_11' title="bbox 317 1344 1866 1415">
    <p class='ocr_par' dir='ltr' id='par_1_11' title="bbox 317 1344 1866 1415">
     <span class='ocr_line' id='line_1_11' title="bbox 317 1344 1866 1415; baseline -0.001 -16"><span class='ocrx_word' id='word_1_71' title='bbox 317 1348 502 1414; x_wconf 90' lang='lat' dir='ltr'><strong>ryllus,</strong></span> <span class='ocrx_word' id='word_1_72' title='bbox 547 1346 857 1415; x_wconf 87' lang='lat' dir='ltr'><strong>onychinus.</strong></span> <span class='ocrx_word' id='word_1_73' title='bbox 887 1346 942 1398; x_wconf 88' lang='lat' dir='ltr'><strong>In</strong></span> <span class='ocrx_word' id='word_1_74' title='bbox 971 1345 1246 1398; x_wconf 88' lang='lat' dir='ltr'><strong>duodecim</strong></span> <span class='ocrx_word' id='word_1_75' title='bbox 1300 1344 1556 1412; x_wconf 86' lang='lat' dir='ltr'><strong>lapidibus</strong></span> <span class='ocrx_word' id='word_1_76' title='bbox 1591 1344 1866 1397; x_wconf 84' lang='lat' dir='ltr'><strong>duodecim</strong></span> 
     </span>
    </p>
   </div>
   <div class='ocr_carea' id='block_1_12' title="bbox 318 1432 1864 1502">
    <p class='ocr_par' dir='ltr' id='par_1_12' title="bbox 318 1432 1864 1502">
     <span class='ocr_line' id='line_1_12' title="bbox 318 1432 1864 1502; baseline -0.001 -15"><span class='ocrx_word' id='word_1_77' title='bbox 318 1436 484 1487; x_wconf 92' lang='lat' dir='ltr'><strong>tribus</strong></span> <span class='ocrx_word' id='word_1_78' title='bbox 510 1434 876 1488; x_wconf 84' lang='lat' dir='ltr'><strong>dividebantur</strong></span> <span class='ocrx_word' id='word_1_79' title='bbox 903 1451 917 1486; x_wconf 88' lang='lat'><strong>:</strong></span> <span class='ocrx_word' id='word_1_80' title='bbox 950 1448 1105 1502; x_wconf 85' lang='lat' dir='ltr'><strong>grave</strong></span> <span class='ocrx_word' id='word_1_81' title='bbox 1128 1434 1343 1486; x_wconf 89' lang='lat' dir='ltr'><strong>dictum.</strong></span> <span class='ocrx_word' id='word_1_82' title='bbox 1386 1432 1553 1501; x_wconf 89' lang='lat' dir='ltr'><strong>Supra</strong></span> <span class='ocrx_word' id='word_1_83' title='bbox 1578 1433 1787 1500; x_wconf 88' lang='lat' dir='ltr'><strong>quidem</strong></span> <span class='ocrx_word' id='word_1_84' title='bbox 1815 1434 1864 1486; x_wconf 88' lang='lat' dir='ltr'><strong>in</strong></span> 
     </span>
    </p>
   </div>
   <div class='ocr_carea' id='block_1_13' title="bbox 317 1522 1864 1592">
    <p class='ocr_par' dir='ltr' id='par_1_13' title="bbox 317 1522 1864 1592">
     <span class='ocr_line' id='line_1_13' title="bbox 317 1522 1864 1592; baseline -0.001 -14"><span class='ocrx_word' id='word_1_85' title='bbox 317 1525 551 1579; x_wconf 86' lang='lat' dir='ltr'><strong>humeris</strong></span> <span class='ocrx_word' id='word_1_86' title='bbox 578 1541 678 1578; x_wconf 88' lang='lat' dir='ltr'><strong>una</strong></span> <span class='ocrx_word' id='word_1_87' title='bbox 700 1524 926 1592; x_wconf 85' lang='lat' dir='ltr'><strong>lapidum</strong></span> <span class='ocrx_word' id='word_1_88' title='bbox 950 1535 1065 1578; x_wconf 86' lang='lat' dir='ltr'><strong>erat</strong></span> <span class='ocrx_word' id='word_1_89' title='bbox 1089 1533 1271 1576; x_wconf 87' lang='lat' dir='ltr'><strong>natura</strong></span> <span class='ocrx_word' id='word_1_90' title='bbox 1289 1537 1391 1576; x_wconf 93' lang='lat' dir='ltr'><strong>uno</strong></span> <span class='ocrx_word' id='word_1_91' title='bbox 1403 1522 1669 1591; x_wconf 89' lang='lat' dir='ltr'><strong>designata</strong></span> <span class='ocrx_word' id='word_1_92' title='bbox 1694 1526 1864 1577; x_wconf 86' lang='lat' dir='ltr'><strong>nomi-</strong></span> 
     </span>
    </p>
   </div>
   <div class='ocr_carea' id='block_1_14' title="bbox 316 1610 1865 1681">
    <p class='ocr_par' dir='ltr' id='par_1_14' title="bbox 316 1610 1865 1681">
     <span class='ocr_line' id='line_1_14' title="bbox 316 1610 1865 1681; baseline 0 -15"><span class='ocrx_word' id='word_1_93' title='bbox 316 1629 404 1679; x_wconf 97' lang='lat' dir='ltr'><strong>ne,</strong></span> <span class='ocrx_word' id='word_1_94' title='bbox 436 1613 770 1681; x_wconf 76' lang='lat' dir='ltr'><strong>smaragdos;</strong></span> <span class='ocrx_word' id='word_1_95' title='bbox 802 1612 851 1665; x_wconf 90' lang='lat' dir='ltr'><strong>in</strong></span> <span class='ocrx_word' id='word_1_96' title='bbox 870 1623 1079 1680; x_wconf 85' lang='lat' dir='ltr'><strong>pectore</strong></span> <span class='ocrx_word' id='word_1_97' title='bbox 1100 1619 1274 1665; x_wconf 88' lang='lat' dir='ltr'><strong>autem</strong></span> <span class='ocrx_word' id='word_1_98' title='bbox 1306 1610 1437 1663; x_wconf 88' lang='lat' dir='ltr'><strong>infra</strong></span> <span class='ocrx_word' id='word_1_99' title='bbox 1468 1611 1664 1679; x_wconf 88' lang='lat' dir='ltr'><strong>lapides</strong></span> <span class='ocrx_word' id='word_1_100' title='bbox 1692 1612 1865 1666; x_wconf 88' lang='lat' dir='ltr'><strong>diver-</strong></span> 
     </span>
    </p>
   </div>
   <div class='ocr_carea' id='block_1_15' title="bbox 314 1700 1863 1770">
    <p class='ocr_par' dir='ltr' id='par_1_15' title="bbox 314 1700 1863 1770">
     <span class='ocr_line' id='line_1_15' title="bbox 314 1700 1863 1770; baseline -0.002 -14"><span class='ocrx_word' id='word_1_101' title='bbox 314 1704 381 1757; x_wconf 90' lang='lat' dir='ltr'><strong>si.</strong></span> <span class='ocrx_word' id='word_1_102' title='bbox 413 1703 545 1769; x_wconf 85' lang='lat' dir='ltr'><strong>Quid</strong></span> <span class='ocrx_word' id='word_1_103' title='bbox 573 1702 672 1756; x_wconf 92' lang='lat' dir='ltr'><strong>hoc</strong></span> <span class='ocrx_word' id='word_1_104' title='bbox 686 1702 783 1756; x_wconf 88' lang='lat' dir='ltr'><strong>sibi</strong></span> <span class='ocrx_word' id='word_1_105' title='bbox 816 1702 960 1754; x_wconf 81' lang='lat' dir='ltr'><strong>vult?</strong></span> <span class='ocrx_word' id='word_1_106' title='bbox 979 1700 1395 1770; x_wconf 84' lang='lat' dir='ltr'><strong>quandoquidem</strong></span> <span class='ocrx_word' id='word_1_107' title='bbox 1423 1715 1524 1753; x_wconf 90' lang='lat' dir='ltr'><strong>una</strong></span> <span class='ocrx_word' id='word_1_108' title='bbox 1560 1714 1655 1753; x_wconf 92' lang='lat' dir='ltr'><strong>nos</strong></span> <span class='ocrx_word' id='word_1_109' title='bbox 1682 1712 1863 1754; x_wconf 90' lang='lat' dir='ltr'><strong>natura</strong></span> 
     </span>
    </p>
   </div>
   <div class='ocr_carea' id='block_1_16' title="bbox 315 1788 1862 1859">
    <p class='ocr_par' dir='ltr' id='par_1_16' title="bbox 315 1788 1862 1859">
     <span class='ocr_line' id='line_1_16' title="bbox 315 1788 1862 1859; baseline -0.002 -14"><span class='ocrx_word' id='word_1_110' title='bbox 315 1792 633 1859; x_wconf 82' lang='lat' dir='ltr'><strong>procreavit,</strong></span> <span class='ocrx_word' id='word_1_111' title='bbox 654 1792 857 1844; x_wconf 88' lang='lat' dir='ltr'><strong>diversa</strong></span> <span class='ocrx_word' id='word_1_112' title='bbox 884 1804 1009 1844; x_wconf 88' lang='lat' dir='ltr'><strong>vero</strong></span> <span class='ocrx_word' id='word_1_113' title='bbox 1033 1804 1127 1842; x_wconf 91' lang='lat' dir='ltr'><strong>nos</strong></span> <span class='ocrx_word' id='word_1_114' title='bbox 1156 1789 1371 1842; x_wconf 87' lang='lat' dir='ltr'><strong>consilia</strong></span> <span class='ocrx_word' id='word_1_115' title='bbox 1404 1798 1458 1842; x_wconf 91' lang='lat' dir='ltr'><strong>et</strong></span> <span class='ocrx_word' id='word_1_116' title='bbox 1478 1788 1751 1857; x_wconf 87' lang='lat' dir='ltr'><strong>opiniones</strong></span> <span class='ocrx_word' id='word_1_117' title='bbox 1779 1789 1862 1842; x_wconf 92' lang='lat' dir='ltr'><strong>di-</strong></span> 
     </span>
    </p>
   </div>
   <div class='ocr_carea' id='block_1_17' title="bbox 313 1877 1862 1947">
    <p class='ocr_par' dir='ltr' id='par_1_17' title="bbox 313 1877 1862 1947">
     <span class='ocr_line' id='line_1_17' title="bbox 313 1877 1862 1947; baseline -0.003 -12"><span class='ocrx_word' id='word_1_118' title='bbox 313 1883 570 1944; x_wconf 86' lang='lat' dir='ltr'><strong>viserunt,</strong></span> <span class='ocrx_word' id='word_1_119' title='bbox 600 1880 700 1933; x_wconf 91' lang='lat' dir='ltr'><strong>hoc</strong></span> <span class='ocrx_word' id='word_1_120' title='bbox 724 1878 932 1947; x_wconf 85' lang='lat' dir='ltr'><strong>quidem</strong></span> <span class='ocrx_word' id='word_1_121' title='bbox 958 1878 1187 1945; x_wconf 91' lang='lat' dir='ltr'><strong>opinioni</strong></span> <span class='ocrx_word' id='word_1_122' title='bbox 1220 1878 1420 1942; x_wconf 88' lang='lat' dir='ltr'><strong>tribuit,</strong></span> <span class='ocrx_word' id='word_1_123' title='bbox 1444 1877 1568 1931; x_wconf 91' lang='lat' dir='ltr'><strong>illud</strong></span> <span class='ocrx_word' id='word_1_124' title='bbox 1601 1892 1729 1931; x_wconf 89' lang='lat' dir='ltr'><strong>vero</strong></span> <span class='ocrx_word' id='word_1_125' title='bbox 1766 1892 1862 1931; x_wconf 86' lang='lat' dir='ltr'><strong>na-</strong></span> 
     </span>
    </p>
   </div>
   <div class='ocr_carea' id='block_1_18' title="bbox 316 1965 1859 2036">
    <p class='ocr_par' dir='ltr' id='par_1_18' title="bbox 316 1965 1859 2036">
     <span class='ocr_line' id='line_1_18' title="bbox 316 1965 1859 2036; baseline -0.001 -17"><span class='ocrx_word' id='word_1_126' title='bbox 316 1980 466 2023; x_wconf 61' lang='lat' dir='ltr'><strong>turae.</strong></span> <span class='ocrx_word' id='word_1_127' title='bbox 491 1969 617 2021; x_wconf 83' lang='lat' dir='ltr'><strong>Erat</strong></span> <span class='ocrx_word' id='word_1_128' title='bbox 657 1968 813 2036; x_wconf 87' lang='lat' dir='ltr'><strong>igitur</strong></span> <span class='ocrx_word' id='word_1_129' title='bbox 833 1966 923 2020; x_wconf 87' lang='lat' dir='ltr'><strong>Dei</strong></span> <span class='ocrx_word' id='word_1_130' title='bbox 946 1981 1137 2019; x_wconf 88' lang='lat' dir='ltr'><strong>nomen</strong></span> <span class='ocrx_word' id='word_1_131' title='bbox 1162 1966 1325 2019; x_wconf 90' lang='lat' dir='ltr'><strong>virtus</strong></span> <span class='ocrx_word' id='word_1_132' title='bbox 1352 1965 1402 2018; x_wconf 90' lang='lat' dir='ltr'><strong>in</strong></span> <span class='ocrx_word' id='word_1_133' title='bbox 1431 1965 1637 2019; x_wconf 85' lang='lat' dir='ltr'><strong>actione</strong></span> <span class='ocrx_word' id='word_1_134' title='bbox 1675 1966 1859 2031; x_wconf 88' lang='lat' dir='ltr'><strong>posita,</strong></span> 
     </span>
    </p>
   </div>
   <div class='ocr_carea' id='block_1_19' title="bbox 312 2053 1859 2126">
    <p class='ocr_par' dir='ltr' id='par_1_19' title="bbox 312 2053 1859 2126">
     <span class='ocr_line' id='line_1_19' title="bbox 312 2053 1859 2126; baseline -0.005 -15"><span class='ocrx_word' id='word_1_135' title='bbox 312 2072 430 2126; x_wconf 64' lang='lat' dir='ltr'><strong>quae</strong></span> <span class='ocrx_word' id='word_1_136' title='bbox 450 2071 544 2126; x_wconf 90' lang='lat' dir='ltr'><strong>per</strong></span> <span class='ocrx_word' id='word_1_137' title='bbox 567 2057 821 2110; x_wconf 88' lang='lat' dir='ltr'><strong>rationem</strong></span> <span class='ocrx_word' id='word_1_138' title='bbox 848 2068 911 2108; x_wconf 91' lang='lat' dir='ltr'><strong>ac</strong></span> <span class='ocrx_word' id='word_1_139' title='bbox 938 2056 1211 2108; x_wconf 81' lang='lat' dir='ltr'><strong>veritatem</strong></span> <span class='ocrx_word' id='word_1_140' title='bbox 1234 2053 1490 2107; x_wconf 86' lang='lat' dir='ltr'><strong>subsistit.</strong></span> <span class='ocrx_word' id='word_1_141' title='bbox 1523 2053 1587 2106; x_wconf 86' lang='lat' dir='ltr'><strong>Et</strong></span> <span class='ocrx_word' id='word_1_142' title='bbox 1643 2054 1695 2106; x_wconf 92' lang='lat' dir='ltr'><strong>in</strong></span> <span class='ocrx_word' id='word_1_143' title='bbox 1746 2054 1859 2105; x_wconf 87' lang='lat' dir='ltr'><strong>lim-</strong></span> 
     </span>
    </p>
   </div>
   <div class='ocr_carea' id='block_1_20' title="bbox 313 2141 1859 2212">
    <p class='ocr_par' dir='ltr' id='par_1_20' title="bbox 313 2141 1859 2212">
     <span class='ocr_line' id='line_1_20' title="bbox 313 2141 1859 2212; baseline -0.003 -13"><span class='ocrx_word' id='word_1_144' title='bbox 313 2148 427 2200; x_wconf 90' lang='lat' dir='ltr'><strong>bria</strong></span> <span class='ocrx_word' id='word_1_145' title='bbox 470 2145 779 2206; x_wconf 87' lang='lat' dir='ltr'><strong>sacerdotis,</strong></span> <span class='ocrx_word' id='word_1_146' title='bbox 808 2160 926 2212; x_wconf 72' lang='lat' dir='ltr'><strong>qua:</strong></span> <span class='ocrx_word' id='word_1_147' title='bbox 953 2144 1144 2197; x_wconf 90' lang='lat' dir='ltr'><strong>dicitur</strong></span> <span class='ocrx_word' id='word_1_148' title='bbox 1180 2158 1293 2208; x_wconf 91' lang='lat' dir='ltr'><strong>ora,</strong></span> <span class='ocrx_word' id='word_1_149' title='bbox 1328 2141 1483 2196; x_wconf 80' lang='lat' dir='ltr'><strong>ﬂores</strong></span> <span class='ocrx_word' id='word_1_150' title='bbox 1510 2144 1633 2197; x_wconf 90' lang='lat' dir='ltr'><strong>mali</strong></span> <span class='ocrx_word' id='word_1_151' title='bbox 1666 2144 1859 2211; x_wconf 84' lang='lat' dir='ltr'><strong>punici,</strong></span> 
     </span>
    </p>
   </div>
   <div class='ocr_carea' id='block_1_21' title="bbox 315 2233 1863 2304">
    <p class='ocr_par' dir='ltr' id='par_1_21' title="bbox 315 2233 1863 2304">
     <span class='ocr_line' id='line_1_21' title="bbox 315 2233 1863 2304; baseline 0.001 -17"><span class='ocrx_word' id='word_1_152' title='bbox 315 2236 449 2288; x_wconf 88' lang='lat' dir='ltr'><strong>mala</strong></span> <span class='ocrx_word' id='word_1_153' title='bbox 469 2236 656 2304; x_wconf 80' lang='lat' dir='ltr'><strong>punica</strong></span> <span class='ocrx_word' id='word_1_154' title='bbox 676 2249 854 2299; x_wconf 88' lang='lat' dir='ltr'><strong>aurea,</strong></span> <span class='ocrx_word' id='word_1_155' title='bbox 868 2243 918 2288; x_wconf 92' lang='lat' dir='ltr'><strong>et</strong></span> <span class='ocrx_word' id='word_1_156' title='bbox 937 2233 1301 2286; x_wconf 83' lang='lat' dir='ltr'><strong>tintinnabula.</strong></span> <span class='ocrx_word' id='word_1_157' title='bbox 1321 2233 1452 2299; x_wconf 84' lang='lat' dir='ltr'><strong>Quid</strong></span> <span class='ocrx_word' id='word_1_158' title='bbox 1478 2234 1587 2287; x_wconf 53' lang='lat' dir='ltr'><strong>haec</strong></span> <span class='ocrx_word' id='word_1_159' title='bbox 1610 2234 1662 2286; x_wconf 94' lang='lat' dir='ltr'><strong>in</strong></span> <span class='ocrx_word' id='word_1_160' title='bbox 1685 2249 1863 2288; x_wconf 87' lang='lat' dir='ltr'><strong>sacer-</strong></span> 
     </span>
    </p>
   </div>
   <div class='ocr_carea' id='block_1_22' title="bbox 313 2323 1862 2392">
    <p class='ocr_par' dir='ltr' id='par_1_22' title="bbox 313 2323 1862 2392">
     <span class='ocr_line' id='line_1_22' title="bbox 313 2323 1862 2392; baseline -0.001 -12"><span class='ocrx_word' id='word_1_161' title='bbox 313 2328 438 2381; x_wconf 85' lang='lat' dir='ltr'><strong>dote</strong></span> <span class='ocrx_word' id='word_1_162' title='bbox 478 2327 577 2379; x_wconf 90' lang='lat' dir='ltr'><strong>sibi</strong></span> <span class='ocrx_word' id='word_1_163' title='bbox 606 2325 891 2378; x_wconf 84' lang='lat' dir='ltr'><strong>volebant?</strong></span> <span class='ocrx_word' id='word_1_164' title='bbox 921 2324 1169 2392; x_wconf 92' lang='lat' dir='ltr'><strong>numquid</strong></span> <span class='ocrx_word' id='word_1_165' title='bbox 1200 2324 1335 2377; x_wconf 92' lang='lat' dir='ltr'><strong>Deus</strong></span> <span class='ocrx_word' id='word_1_166' title='bbox 1362 2324 1440 2377; x_wconf 93' lang='lat' dir='ltr'><strong>his</strong></span> <span class='ocrx_word' id='word_1_167' title='bbox 1482 2323 1696 2377; x_wconf 85' lang='lat' dir='ltr'><strong>floribus</strong></span> <span class='ocrx_word' id='word_1_168' title='bbox 1718 2324 1862 2379; x_wconf 89' lang='lat' dir='ltr'><strong>dele-</strong></span> 
     </span>
    </p>
   </div>
   <div class='ocr_carea' id='block_1_23' title="bbox 313 2415 1863 2472">
    <p class='ocr_par' dir='ltr' id='par_1_23' title="bbox 313 2415 1863 2472">
     <span class='ocr_line' id='line_1_23' title="bbox 313 2415 1863 2472; baseline 0 -2"><span class='ocrx_word' id='word_1_169' title='bbox 313 2418 588 2472; x_wconf 89' lang='lat' dir='ltr'><strong>ctabatur?</strong></span> <span class='ocrx_word' id='word_1_170' title='bbox 611 2431 732 2469; x_wconf 92' lang='lat' dir='ltr'><strong>num</strong></span> <span class='ocrx_word' id='word_1_171' title='bbox 760 2416 979 2469; x_wconf 88' lang='lat' dir='ltr'><strong>terrenis</strong></span> <span class='ocrx_word' id='word_1_172' title='bbox 1001 2415 1214 2468; x_wconf 86' lang='lat' dir='ltr'><strong>floribus</strong></span> <span class='ocrx_word' id='word_1_173' title='bbox 1239 2415 1464 2468; x_wconf 92' lang='lat' dir='ltr'><strong>cinctum</strong></span> <span class='ocrx_word' id='word_1_174' title='bbox 1486 2430 1603 2469; x_wconf 90' lang='lat' dir='ltr'><strong>esse</strong></span> <span class='ocrx_word' id='word_1_175' title='bbox 1621 2416 1863 2470; x_wconf 89' lang='lat' dir='ltr'><strong>sacerdo-</strong></span> 
     </span>
    </p>
   </div>
   <div class='ocr_carea' id='block_1_24' title="bbox 314 2506 1859 2563">
    <p class='ocr_par' dir='ltr' id='par_1_24' title="bbox 314 2506 1859 2563">
     <span class='ocr_line' id='line_1_24' title="bbox 314 2506 1859 2563; baseline -0.003 0"><span class='ocrx_word' id='word_1_176' title='bbox 314 2519 420 2563; x_wconf 88' lang='lat' dir='ltr'><strong>tem</strong></span> <span class='ocrx_word' id='word_1_177' title='bbox 451 2507 805 2562; x_wconf 86' lang='lat' dir='ltr'><strong>volebat?Sed</strong></span> <span class='ocrx_word' id='word_1_178' title='bbox 835 2507 883 2558; x_wconf 92' lang='lat' dir='ltr'><strong>in</strong></span> <span class='ocrx_word' id='word_1_179' title='bbox 913 2507 1101 2559; x_wconf 87' lang='lat' dir='ltr'><strong>vestitu</strong></span> <span class='ocrx_word' id='word_1_180' title='bbox 1134 2506 1418 2559; x_wconf 88' lang='lat' dir='ltr'><strong>sacerdotis</strong></span> <span class='ocrx_word' id='word_1_181' title='bbox 1464 2506 1678 2559; x_wconf 88' lang='lat' dir='ltr'><strong>virtutes</strong></span> <span class='ocrx_word' id='word_1_182' title='bbox 1706 2506 1859 2559; x_wconf 77' lang='lat' dir='ltr'><strong>effin-</strong></span> 
     </span>
    </p>
   </div>
   <div class='ocr_carea' id='block_1_25' title="bbox 311 2596 1861 2669">
    <p class='ocr_par' dir='ltr' id='par_1_25' title="bbox 311 2596 1861 2669">
     <span class='ocr_line' id='line_1_25' title="bbox 311 2596 1861 2669; baseline -0.003 -16"><span class='ocrx_word' id='word_1_183' title='bbox 311 2604 405 2669; x_wconf 88' lang='lat' dir='ltr'><strong>git.</strong></span> <span class='ocrx_word' id='word_1_184' title='bbox 435 2601 599 2665; x_wconf 85' lang='lat' dir='ltr'><strong>Supra</strong></span> <span class='ocrx_word' id='word_1_185' title='bbox 642 2598 849 2665; x_wconf 87' lang='lat' dir='ltr'><strong>quidem</strong></span> <span class='ocrx_word' id='word_1_186' title='bbox 874 2597 922 2649; x_wconf 92' lang='lat' dir='ltr'><strong>in</strong></span> <span class='ocrx_word' id='word_1_187' title='bbox 950 2597 1118 2662; x_wconf 88' lang='lat' dir='ltr'><strong>capite</strong></span> <span class='ocrx_word' id='word_1_188' title='bbox 1157 2610 1344 2647; x_wconf 91' lang='lat' dir='ltr'><strong>nomen</strong></span> <span class='ocrx_word' id='word_1_189' title='bbox 1384 2596 1512 2657; x_wconf 89' lang='lat' dir='ltr'><strong>Dei;</strong></span> <span class='ocrx_word' id='word_1_190' title='bbox 1560 2597 1608 2647; x_wconf 89' lang='lat' dir='ltr'><strong>in</strong></span> <span class='ocrx_word' id='word_1_191' title='bbox 1652 2609 1861 2664; x_wconf 87' lang='lat' dir='ltr'><strong>peetorc</strong></span> 
     </span>
    </p>
   </div>
   <div class='ocr_carea' id='block_1_26' title="bbox 312 2682 1859 2746">
    <p class='ocr_par' dir='ltr' id='par_1_26' title="bbox 312 2682 1859 2746">
     <span class='ocr_line' id='line_1_26' title="bbox 312 2682 1859 2746; baseline -0.001 -6"><span class='ocrx_word' id='word_1_192' title='bbox 312 2687 583 2741; x_wconf 86' lang='lat' dir='ltr'><strong>oraculum</strong></span> <span class='ocrx_word' id='word_1_193' title='bbox 619 2702 633 2738; x_wconf 89' lang='lat'><strong>:</strong></span> <span class='ocrx_word' id='word_1_194' title='bbox 672 2684 802 2737; x_wconf 91' lang='lat' dir='ltr'><strong>infra</strong></span> <span class='ocrx_word' id='word_1_195' title='bbox 834 2700 956 2736; x_wconf 89' lang='lat' dir='ltr'><strong>vero</strong></span> <span class='ocrx_word' id='word_1_196' title='bbox 985 2682 1139 2737; x_wconf 80' lang='lat' dir='ltr'><strong>flores</strong></span> <span class='ocrx_word' id='word_1_197' title='bbox 1164 2692 1215 2737; x_wconf 87' lang='lat' dir='ltr'><strong>et</strong></span> <span class='ocrx_word' id='word_1_198' title='bbox 1247 2684 1458 2746; x_wconf 90' lang='lat' dir='ltr'><strong>fructus,</strong></span> <span class='ocrx_word' id='word_1_199' title='bbox 1493 2686 1737 2737; x_wconf 87' lang='lat' dir='ltr'><strong>virtutum</strong></span> <span class='ocrx_word' id='word_1_200' title='bbox 1780 2701 1859 2738; x_wconf 82' lang='lat' dir='ltr'><strong>rc—</strong></span> 
     </span>
    </p>
   </div>
   <div class='ocr_carea' id='block_1_27' title="bbox 311 2773 1858 2842">
    <p class='ocr_par' dir='ltr' id='par_1_27' title="bbox 311 2773 1858 2842">
     <span class='ocr_line' id='line_1_27' title="bbox 311 2773 1858 2842; baseline -0.001 -15"><span class='ocrx_word' id='word_1_201' title='bbox 311 2788 399 2828; x_wconf 86' lang='lat' dir='ltr'><strong>etc</strong></span> <span class='ocrx_word' id='word_1_202' title='bbox 444 2773 594 2839; x_wconf 86' lang='lat' dir='ltr'><strong>facta,</strong></span> <span class='ocrx_word' id='word_1_203' title='bbox 624 2787 738 2840; x_wconf 69' lang='lat' dir='ltr'><strong>quin</strong></span> <span class='ocrx_word' id='word_1_204' title='bbox 758 2780 877 2825; x_wconf 90' lang='lat' dir='ltr'><strong>sunt</strong></span> <span class='ocrx_word' id='word_1_205' title='bbox 905 2773 1256 2840; x_wconf 87' lang='lat' dir='ltr'><strong>eleemosyna,</strong></span> <span class='ocrx_word' id='word_1_206' title='bbox 1288 2773 1504 2839; x_wconf 89' lang='lat' dir='ltr'><strong>jnstitia,</strong></span> <span class='ocrx_word' id='word_1_207' title='bbox 1551 2774 1858 2842; x_wconf 76' lang='lat' dir='ltr'><strong>benignitas.</strong></span> 
     </span>
    </p>
   </div>
   <div class='ocr_carea' id='block_1_28' title="bbox 391 2859 1861 2928">
    <p class='ocr_par' dir='ltr' id='par_1_28' title="bbox 391 2859 1861 2928">
     <span class='ocr_line' id='line_1_28' title="bbox 391 2859 1861 2928; baseline 0 -12"><span class='ocrx_word' id='word_1_208' title='bbox 391 2864 438 2916; x_wconf 84' lang='lat'><strong>5.</strong></span> <span class='ocrx_word' id='word_1_209' title='bbox 484 2861 658 2914; x_wconf 82' lang='lat' dir='ltr'><strong>Flores</strong></span> <span class='ocrx_word' id='word_1_210' title='bbox 686 2862 966 2928; x_wconf 83' lang='lat' dir='ltr'><strong>spiritnates</strong></span> <span class='ocrx_word' id='word_1_211' title='bbox 995 2860 1278 2913; x_wconf 84' lang='lat' dir='ltr'><strong>sacerdon&#39;s.</strong></span> <span class='ocrx_word' id='word_1_212' title='bbox 1311 2859 1535 2914; x_wconf 79' lang='lat' dir='ltr'><strong>Christus</strong></span> <span class='ocrx_word' id='word_1_213' title='bbox 1562 2864 1789 2916; x_wconf 83' lang='lat' dir='ltr'><strong>sacerdos</strong></span> <span class='ocrx_word' id='word_1_214' title='bbox 1816 2875 1861 2915; x_wconf 83' lang='lat' dir='ltr'><strong>et</strong></span> 
     </span>
    </p>
   </div>
   <div class='ocr_carea' id='block_1_29' title="bbox 312 2948 1859 3021">
    <p class='ocr_par' dir='ltr' id='par_1_29' title="bbox 312 2948 1859 3021">
     <span class='ocr_line' id='line_1_29' title="bbox 312 2948 1859 3021; baseline 0 -17"><span class='ocrx_word' id='word_1_215' title='bbox 312 2954 557 3021; x_wconf 71' lang='lat' dir='ltr'><strong>pontifex.</strong></span> <span class='ocrx_word' id='word_1_216' title='bbox 572 2980 645 2989; x_wconf 92' lang='lat'><strong><em>—</em></strong></span> <span class='ocrx_word' id='word_1_217' title='bbox 663 2949 766 3002; x_wconf 86' lang='lat' dir='ltr'><strong>Nos</strong></span> <span class='ocrx_word' id='word_1_218' title='bbox 793 2949 947 3017; x_wconf 79' lang='lat' dir='ltr'><strong>igitur</strong></span> <span class='ocrx_word' id='word_1_219' title='bbox 971 2948 1162 3002; x_wconf 87' lang='lat' dir='ltr'><strong>habere</strong></span> <span class='ocrx_word' id='word_1_220' title='bbox 1181 2958 1387 3017; x_wconf 87' lang='lat' dir='ltr'><strong>oportet</strong></span> <span class='ocrx_word' id='word_1_221' title='bbox 1409 2958 1461 3002; x_wconf 90' lang='lat' dir='ltr'><strong>et</strong></span> <span class='ocrx_word' id='word_1_222' title='bbox 1476 2949 1720 3005; x_wconf 82' lang='lat' dir='ltr'><strong>ﬂorentes</strong></span> <span class='ocrx_word' id='word_1_223' title='bbox 1746 2952 1859 3019; x_wconf 84' lang='lat' dir='ltr'><strong>pul-</strong></span> 
     </span>
    </p>
   </div>
   <div class='ocr_carea' id='block_1_30' title="bbox 310 3038 1862 3107">
    <p class='ocr_par' dir='ltr' id='par_1_30' title="bbox 310 3038 1862 3107">
     <span class='ocr_line' id='line_1_30' title="bbox 310 3038 1862 3107; baseline -0.001 -12"><span class='ocrx_word' id='word_1_224' title='bbox 310 3041 635 3096; x_wconf 89' lang='lat' dir='ltr'><strong>chritudines</strong></span> <span class='ocrx_word' id='word_1_225' title='bbox 665 3048 711 3092; x_wconf 90' lang='lat' dir='ltr'><strong>et</strong></span> <span class='ocrx_word' id='word_1_226' title='bbox 742 3038 1024 3105; x_wconf 89' lang='lat' dir='ltr'><strong>completas</strong></span> <span class='ocrx_word' id='word_1_227' title='bbox 1049 3046 1203 3106; x_wconf 90' lang='lat' dir='ltr'><strong>atque</strong></span> <span class='ocrx_word' id='word_1_228' title='bbox 1230 3048 1473 3091; x_wconf 88' lang='lat' dir='ltr'><strong>maturas.</strong></span> <span class='ocrx_word' id='word_1_229' title='bbox 1506 3038 1686 3093; x_wconf 88' lang='lat' dir='ltr'><strong>Flores</strong></span> <span class='ocrx_word' id='word_1_230' title='bbox 1708 3055 1862 3107; x_wconf 91' lang='lat' dir='ltr'><strong>porro</strong></span> 
     </span>
    </p>
   </div>
   <div class='ocr_carea' id='block_1_31' title="bbox 311 3126 1857 3195">
    <p class='ocr_par' dir='ltr' id='par_1_31' title="bbox 311 3126 1857 3195">
     <span class='ocr_line' id='line_1_31' title="bbox 311 3126 1857 3195; baseline -0.001 -12"><span class='ocrx_word' id='word_1_231' title='bbox 311 3139 437 3184; x_wconf 84' lang='lat' dir='ltr'><strong>sunt</strong></span> <span class='ocrx_word' id='word_1_232' title='bbox 464 3127 769 3189; x_wconf 86' lang='lat' dir='ltr'><strong>sacerdotis,</strong></span> <span class='ocrx_word' id='word_1_233' title='bbox 793 3141 1123 3194; x_wconf 84' lang='lat' dir='ltr'><strong>congressus,</strong></span> <span class='ocrx_word' id='word_1_234' title='bbox 1152 3127 1486 3195; x_wconf 86' lang='lat' dir='ltr'><strong>colloquium,</strong></span> <span class='ocrx_word' id='word_1_235' title='bbox 1515 3126 1637 3182; x_wconf 87' lang='lat' dir='ltr'><strong>boni</strong></span> <span class='ocrx_word' id='word_1_236' title='bbox 1665 3145 1857 3195; x_wconf 90' lang='lat' dir='ltr'><strong>mores,</strong></span> 
     </span>
    </p>
   </div>
   <div class='ocr_carea' id='block_1_32' title="bbox 312 3215 1862 3284">
    <p class='ocr_par' dir='ltr' id='par_1_32' title="bbox 312 3215 1862 3284">
     <span class='ocr_line' id='line_1_32' title="bbox 312 3215 1862 3284; baseline 0.001 -14"><span class='ocrx_word' id='word_1_237' title='bbox 312 3219 457 3271; x_wconf 89' lang='lat' dir='ltr'><strong>mitis</strong></span> <span class='ocrx_word' id='word_1_238' title='bbox 495 3231 687 3278; x_wconf 90' lang='lat' dir='ltr'><strong>sermo,</strong></span> <span class='ocrx_word' id='word_1_239' title='bbox 720 3216 868 3279; x_wconf 89' lang='lat' dir='ltr'><strong>lides,</strong></span> <span class='ocrx_word' id='word_1_240' title='bbox 901 3217 1055 3278; x_wconf 89' lang='lat' dir='ltr'><strong>fama,</strong></span> <span class='ocrx_word' id='word_1_241' title='bbox 1084 3215 1293 3279; x_wconf 89' lang='lat' dir='ltr'><strong>veritas,</strong></span> <span class='ocrx_word' id='word_1_242' title='bbox 1328 3216 1556 3284; x_wconf 85' lang='lat' dir='ltr'><strong>justitia;</strong></span> <span class='ocrx_word' id='word_1_243' title='bbox 1588 3227 1641 3271; x_wconf 89' lang='lat' dir='ltr'><strong>et</strong></span> <span class='ocrx_word' id='word_1_244' title='bbox 1669 3218 1749 3271; x_wconf 93' lang='lat' dir='ltr'><strong>his</strong></span> <span class='ocrx_word' id='word_1_245' title='bbox 1783 3220 1862 3273; x_wconf 88' lang='lat' dir='ltr'><strong>in-</strong></span> 
     </span>
    </p>
   </div>
   <div class='ocr_carea' id='block_1_33' title="bbox 313 3306 1854 3377">
    <p class='ocr_par' dir='ltr' id='par_1_33' title="bbox 313 3306 1854 3377">
     <span class='ocr_line' id='line_1_33' title="bbox 313 3306 1854 3377; baseline 0.003 -17"><span class='ocrx_word' id='word_1_246' title='bbox 313 3309 529 3377; x_wconf 87' lang='lat' dir='ltr'><strong>tcrjecta</strong></span> <span class='ocrx_word' id='word_1_247' title='bbox 578 3306 941 3373; x_wconf 90' lang='lat' dir='ltr'><strong>tintinnabula,</strong></span> <span class='ocrx_word' id='word_1_248' title='bbox 991 3308 1267 3361; x_wconf 91' lang='lat' dir='ltr'><strong>consensio</strong></span> <span class='ocrx_word' id='word_1_249' title='bbox 1314 3308 1555 3361; x_wconf 88' lang='lat' dir='ltr'><strong>nimirum</strong></span> <span class='ocrx_word' id='word_1_250' title='bbox 1602 3309 1854 3364; x_wconf 91' lang='lat' dir='ltr'><strong>bonorum</strong></span> 
     </span>
    </p>
   </div>
   <div class='ocr_carea' id='block_1_34' title="bbox 310 3395 1857 3465">
    <p class='ocr_par' dir='ltr' id='par_1_34' title="bbox 310 3395 1857 3465">
     <span class='ocr_line' id='line_1_34' title="bbox 310 3395 1857 3465; baseline 0.004 -18"><span class='ocrx_word' id='word_1_251' title='bbox 310 3411 550 3463; x_wconf 88' lang='lat' dir='ltr'><strong>operum.</strong></span> <span class='ocrx_word' id='word_1_252' title='bbox 580 3395 762 3449; x_wconf 91' lang='lat' dir='ltr'><strong>Omnis</strong></span> <span class='ocrx_word' id='word_1_253' title='bbox 800 3396 937 3448; x_wconf 89' lang='lat' dir='ltr'><strong>enim</strong></span> <span class='ocrx_word' id='word_1_254' title='bbox 983 3397 1147 3449; x_wconf 86' lang='lat' dir='ltr'><strong>virtus</strong></span> <span class='ocrx_word' id='word_1_255' title='bbox 1190 3410 1374 3449; x_wconf 91' lang='lat' dir='ltr'><strong>sonum</strong></span> <span class='ocrx_word' id='word_1_256' title='bbox 1416 3398 1691 3465; x_wconf 86' lang='lat' dir='ltr'><strong>quemdam</strong></span> <span class='ocrx_word' id='word_1_257' title='bbox 1731 3400 1857 3453; x_wconf 87' lang='lat' dir='ltr'><strong>edit.</strong></span> 
     </span>
    </p>
   </div>
   <div class='ocr_carea' id='block_1_35' title="bbox 310 3486 1862 3554">
    <p class='ocr_par' dir='ltr' id='par_1_35' title="bbox 310 3486 1862 3554">
     <span class='ocr_line' id='line_1_35' title="bbox 310 3486 1862 3554; baseline 0.001 -13"><span class='ocrx_word' id='word_1_258' title='bbox 310 3487 464 3542; x_wconf 87' lang='lat' dir='ltr'><strong>Unde</strong></span> <span class='ocrx_word' id='word_1_259' title='bbox 492 3488 680 3541; x_wconf 84' lang='lat' dir='ltr'><strong>Paulus</strong></span> <span class='ocrx_word' id='word_1_260' title='bbox 705 3486 777 3539; x_wconf 86' lang='lat' dir='ltr'><strong>ait</strong></span> <span class='ocrx_word' id='word_1_261' title='bbox 813 3503 826 3538; x_wconf 88' lang='lat'><strong>:</strong></span> <span class='ocrx_word' id='word_1_262' title='bbox 870 3488 911 3537; x_wconf 84' lang='lat' dir='ltr'><strong><em>A</em></strong></span> <span class='ocrx_word' id='word_1_263' title='bbox 955 3486 1084 3539; x_wconf 84' lang='lat' dir='ltr'><strong>vobis</strong></span> <span class='ocrx_word' id='word_1_264' title='bbox 1113 3488 1243 3539; x_wconf 87' lang='lat' dir='ltr'><strong>enim</strong></span> <span class='ocrx_word' id='word_1_265' title='bbox 1268 3502 1427 3539; x_wconf 83' lang='lat' dir='ltr'><strong>sermo</strong></span> <span class='ocrx_word' id='word_1_266' title='bbox 1474 3486 1563 3541; x_wconf 85' lang='lat' dir='ltr'><strong>Dei</strong></span> <span class='ocrx_word' id='word_1_267' title='bbox 1609 3491 1862 3554; x_wconf 79' lang='lat' dir='ltr'><strong>personuit</strong></span> 
     </span>
    </p>
   </div>
   <div class='ocr_carea' id='block_1_36' title="bbox 310 3574 1857 3645">
    <p class='ocr_par' dir='ltr' id='par_1_36' title="bbox 310 3574 1857 3645">
     <span class='ocr_line' id='line_1_36' title="bbox 310 3574 1857 3645; baseline 0.002 -16"><span class='ocrx_word' id='word_1_268' title='bbox 310 3577 386 3641; x_wconf 88' lang='grc'><strong>(1.</strong></span> <span class='ocrx_word' id='word_1_269' title='bbox 415 3575 588 3628; x_wconf 76' lang='lat' dir='ltr'><strong>Thess.</strong></span> <span class='ocrx_word' id='word_1_270' title='bbox 624 3576 674 3628; x_wconf 91' lang='grc'><strong>1.</strong></span> <span class='ocrx_word' id='word_1_271' title='bbox 704 3574 784 3642; x_wconf 82' lang='grc'><strong>8).</strong></span> <span class='ocrx_word' id='word_1_272' title='bbox 804 3575 870 3627; x_wconf 88' lang='lat' dir='ltr'><strong>At</strong></span> <span class='ocrx_word' id='word_1_273' title='bbox 891 3574 1145 3628; x_wconf 91' lang='lat' dir='ltr'><strong>undenam</strong></span> <span class='ocrx_word' id='word_1_274' title='bbox 1175 3575 1368 3645; x_wconf 87' lang='lat' dir='ltr'><strong>incepit</strong></span> <span class='ocrx_word' id='word_1_275' title='bbox 1387 3576 1582 3630; x_wconf 88' lang='lat' dir='ltr'><strong>sonus?</strong></span> <span class='ocrx_word' id='word_1_276' title='bbox 1610 3577 1857 3632; x_wconf 84' lang='lat' dir='ltr'><strong>Circuibat</strong></span> 
     </span>
    </p>
   </div>
   <div class='ocr_carea' id='block_1_37' title="bbox 306 3665 1857 3732">
    <p class='ocr_par' dir='ltr' id='par_1_37' title="bbox 306 3665 1857 3732">
     <span class='ocr_line' id='line_1_37' title="bbox 306 3665 1857 3732; baseline 0.003 -15"><span class='ocrx_word' id='word_1_277' title='bbox 306 3665 480 3729; x_wconf 71' lang='lat' dir='ltr'><strong>Iesus,</strong></span> <span class='ocrx_word' id='word_1_278' title='bbox 511 3666 603 3729; x_wconf 87' lang='lat' dir='ltr'><strong>ait,</strong></span> <span class='ocrx_word' id='word_1_279' title='bbox 634 3666 812 3718; x_wconf 85' lang='lat' dir='ltr'><strong>docens</strong></span> <span class='ocrx_word' id='word_1_280' title='bbox 836 3681 1028 3717; x_wconf 89' lang='lat' dir='ltr'><strong>omnem</strong></span> <span class='ocrx_word' id='word_1_281' title='bbox 1049 3666 1291 3717; x_wconf 83' lang='lat' dir='ltr'><strong>civitatem</strong></span> <span class='ocrx_word' id='word_1_282' title='bbox 1316 3674 1362 3718; x_wconf 87' lang='lat' dir='ltr'><strong>et</strong></span> <span class='ocrx_word' id='word_1_283' title='bbox 1392 3682 1583 3719; x_wconf 88' lang='lat' dir='ltr'><strong>omnem</strong></span> <span class='ocrx_word' id='word_1_284' title='bbox 1608 3667 1783 3732; x_wconf 81' lang='lat' dir='ltr'><strong>vicum,</strong></span> <span class='ocrx_word' id='word_1_285' title='bbox 1810 3678 1857 3722; x_wconf 82' lang='lat' dir='ltr'><strong>et</strong></span> 
     </span>
    </p>
   </div>
   <div class='ocr_carea' id='block_1_38' title="bbox 305 3754 1859 3823">
    <p class='ocr_par' dir='ltr' id='par_1_38' title="bbox 305 3754 1859 3823">
     <span class='ocr_line' id='line_1_38' title="bbox 305 3754 1859 3823; baseline 0.003 -17"><span class='ocrx_word' id='word_1_286' title='bbox 305 3770 493 3807; x_wconf 83' lang='lat' dir='ltr'><strong>curans</strong></span> <span class='ocrx_word' id='word_1_287' title='bbox 521 3770 712 3805; x_wconf 87' lang='lat' dir='ltr'><strong>omnem</strong></span> <span class='ocrx_word' id='word_1_288' title='bbox 739 3754 979 3815; x_wconf 88' lang='lat' dir='ltr'><strong>morbum,</strong></span> <span class='ocrx_word' id='word_1_289' title='bbox 1026 3762 1069 3805; x_wconf 86' lang='lat' dir='ltr'><strong>et</strong></span> <span class='ocrx_word' id='word_1_290' title='bbox 1112 3770 1303 3806; x_wconf 87' lang='lat' dir='ltr'><strong>omnem</strong></span> <span class='ocrx_word' id='word_1_291' title='bbox 1330 3755 1663 3819; x_wconf 78' lang='lat' dir='ltr'><strong>inﬁrmitatem</strong></span> <span class='ocrx_word' id='word_1_292' title='bbox 1688 3758 1737 3809; x_wconf 80' lang='lat' dir='ltr'><strong>in</strong></span> <span class='ocrx_word' id='word_1_293' title='bbox 1766 3774 1859 3823; x_wconf 83' lang='lat' dir='ltr'><strong>po-</strong></span> 
     </span>
    </p>
   </div>
   <div class='ocr_carea' id='block_1_39' title="bbox 308 3841 1857 3911">
    <p class='ocr_par' dir='ltr' id='par_1_39' title="bbox 308 3841 1857 3911">
     <span class='ocr_line' id='line_1_39' title="bbox 308 3841 1857 3911; baseline 0.001 -16"><span class='ocrx_word' id='word_1_294' title='bbox 308 3843 431 3911; x_wconf 81' lang='lat' dir='ltr'><strong>pulo</strong></span> <span class='ocrx_word' id='word_1_295' title='bbox 462 3842 665 3909; x_wconf 83' lang='lat' dir='ltr'><strong>(Matth.</strong></span> <span class='ocrx_word' id='word_1_296' title='bbox 695 3841 745 3893; x_wconf 85' lang='lat'><strong>0.</strong></span> <span class='ocrx_word' id='word_1_297' title='bbox 777 3841 864 3907; x_wconf 80' lang='grc'><strong>55)</strong></span> <span class='ocrx_word' id='word_1_298' title='bbox 900 3856 912 3891; x_wconf 93' lang='lat'><em>:</em></span> <span class='ocrx_word' id='word_1_299' title='bbox 943 3848 996 3893; x_wconf 90' lang='lat' dir='ltr'><strong>et</strong></span> <span class='ocrx_word' id='word_1_300' title='bbox 1020 3841 1177 3893; x_wconf 90' lang='lat' dir='ltr'><strong>exivit</strong></span> <span class='ocrx_word' id='word_1_301' title='bbox 1207 3855 1366 3893; x_wconf 87' lang='lat' dir='ltr'><strong>sonus</strong></span> <span class='ocrx_word' id='word_1_302' title='bbox 1392 3841 1455 3894; x_wconf 90' lang='lat' dir='ltr'><strong>de</strong></span> <span class='ocrx_word' id='word_1_303' title='bbox 1479 3857 1543 3895; x_wconf 91' lang='lat' dir='ltr'><strong>eo</strong></span> <span class='ocrx_word' id='word_1_304' title='bbox 1570 3843 1619 3895; x_wconf 91' lang='lat' dir='ltr'><strong>in</strong></span> <span class='ocrx_word' id='word_1_305' title='bbox 1649 3859 1857 3898; x_wconf 92' lang='lat' dir='ltr'><strong>omnem</strong></span> 
     </span>
    </p>
   </div>
   <div class='ocr_carea' id='block_1_40' title="bbox 307 3927 1860 3997">
    <p class='ocr_par' dir='ltr' id='par_1_40' title="bbox 307 3927 1860 3997">
     <span class='ocr_line' id='line_1_40' title="bbox 307 3927 1860 3997; baseline -0.001 -12"><span class='ocrx_word' id='word_1_306' title='bbox 307 3942 524 3985; x_wconf 86' lang='lat' dir='ltr'><strong>terram.</strong></span> <span class='ocrx_word' id='word_1_307' title='bbox 574 3929 801 3983; x_wconf 84' lang='lat' dir='ltr'><strong>Attende</strong></span> <span class='ocrx_word' id='word_1_308' title='bbox 849 3929 1137 3997; x_wconf 89' lang='lat' dir='ltr'><strong>diligenter.</strong></span> <span class='ocrx_word' id='word_1_309' title='bbox 1181 3927 1442 3981; x_wconf 85' lang='lat' dir='ltr'><strong>Virtutum</strong></span> <span class='ocrx_word' id='word_1_310' title='bbox 1489 3939 1729 3984; x_wconf 90' lang='lat' dir='ltr'><strong>ornatum</strong></span> <span class='ocrx_word' id='word_1_311' title='bbox 1784 3933 1860 3984; x_wconf 85' lang='lat' dir='ltr'><strong>vi-</strong></span> 
     </span>
    </p>
   </div>
   <div class='ocr_carea' id='block_1_41' title="bbox 304 4017 1857 4088">
    <p class='ocr_par' dir='ltr' id='par_1_41' title="bbox 304 4017 1857 4088">
     <span class='ocr_line' id='line_1_41' title="bbox 304 4017 1857 4088; baseline -0.001 -13"><span class='ocrx_word' id='word_1_312' title='bbox 304 4022 470 4075; x_wconf 88' lang='lat' dir='ltr'><strong>disti?</strong></span> <span class='ocrx_word' id='word_1_313' title='bbox 501 4021 591 4073; x_wconf 84' lang='lat' dir='ltr'><strong>ille</strong></span> <span class='ocrx_word' id='word_1_314' title='bbox 618 4022 729 4088; x_wconf 91' lang='lat' dir='ltr'><strong>ipse</strong></span> <span class='ocrx_word' id='word_1_315' title='bbox 758 4020 1002 4073; x_wconf 89' lang='lat' dir='ltr'><strong>sacerdos</strong></span> <span class='ocrx_word' id='word_1_316' title='bbox 1031 4018 1221 4071; x_wconf 88' lang='lat' dir='ltr'><strong>Christi</strong></span> <span class='ocrx_word' id='word_1_317' title='bbox 1256 4017 1415 4085; x_wconf 83' lang='lat' dir='ltr'><strong>figura</strong></span> <span class='ocrx_word' id='word_1_318' title='bbox 1445 4028 1575 4071; x_wconf 89' lang='lat' dir='ltr'><strong>erat.</strong></span> <span class='ocrx_word' id='word_1_319' title='bbox 1613 4020 1706 4074; x_wconf 94' lang='lat' dir='ltr'><strong>llic</strong></span> <span class='ocrx_word' id='word_1_320' title='bbox 1739 4022 1857 4087; x_wconf 85' lang='lat' dir='ltr'><strong>qui-</strong></span> 
     </span>
    </p>
   </div>
   <div class='ocr_carea' id='block_1_42' title="bbox 305 4106 1855 4175">
    <p class='ocr_par' dir='ltr' id='par_1_42' title="bbox 305 4106 1855 4175">
     <span class='ocr_line' id='line_1_42' title="bbox 305 4106 1855 4175; baseline 0.001 -15"><span class='ocrx_word' id='word_1_321' title='bbox 305 4110 430 4162; x_wconf 82' lang='lat' dir='ltr'><strong>dem</strong></span> <span class='ocrx_word' id='word_1_322' title='bbox 476 4109 606 4160; x_wconf 88' lang='lat' dir='ltr'><strong>nihil</strong></span> <span class='ocrx_word' id='word_1_323' title='bbox 647 4108 786 4160; x_wconf 88' lang='lat' dir='ltr'><strong>velut</strong></span> <span class='ocrx_word' id='word_1_324' title='bbox 834 4122 929 4175; x_wconf 89' lang='lat' dir='ltr'><strong>per</strong></span> <span class='ocrx_word' id='word_1_325' title='bbox 969 4106 1266 4173; x_wconf 78' lang='lat' dir='ltr'><strong>allegoriam</strong></span> <span class='ocrx_word' id='word_1_326' title='bbox 1316 4106 1710 4173; x_wconf 78' lang='lat' dir='ltr'><strong>explicaremus,</strong></span> <span class='ocrx_word' id='word_1_327' title='bbox 1759 4110 1855 4161; x_wconf 88' lang='lat' dir='ltr'><strong>nisi</strong></span> 
     </span>
    </p>
   </div>
   <div class='ocr_carea' id='block_1_43' title="bbox 304 4196 1852 4263">
    <p class='ocr_par' dir='ltr' id='par_1_43' title="bbox 304 4196 1852 4263">
     <span class='ocr_line' id='line_1_43' title="bbox 304 4196 1852 4263; baseline -0.003 -10"><span class='ocrx_word' id='word_1_328' title='bbox 304 4198 501 4253; x_wconf 82' lang='lat' dir='ltr'><strong>Paulus</strong></span> <span class='ocrx_word' id='word_1_329' title='bbox 539 4196 690 4249; x_wconf 92' lang='lat' dir='ltr'><strong>nobis</strong></span> <span class='ocrx_word' id='word_1_330' title='bbox 718 4210 896 4249; x_wconf 88' lang='lat' dir='ltr'><strong>ansam</strong></span> <span class='ocrx_word' id='word_1_331' title='bbox 928 4196 1186 4263; x_wconf 72' lang='lat' dir='ltr'><strong>prmberet</strong></span> <span class='ocrx_word' id='word_1_332' title='bbox 1227 4212 1238 4245; x_wconf 88' lang='lat'><strong>:</strong></span> <span class='ocrx_word' id='word_1_333' title='bbox 1284 4204 1336 4249; x_wconf 92' lang='lat' dir='ltr'><strong>et</strong></span> <span class='ocrx_word' id='word_1_334' title='bbox 1381 4196 1479 4249; x_wconf 89' lang='lat' dir='ltr'><strong>nisi</strong></span> <span class='ocrx_word' id='word_1_335' title='bbox 1525 4196 1710 4250; x_wconf 87' lang='lat' dir='ltr'><strong>Paulus</strong></span> <span class='ocrx_word' id='word_1_336' title='bbox 1752 4198 1852 4249; x_wconf 89' lang='lat' dir='ltr'><strong>vim</strong></span> 
     </span>
    </p>
   </div>
   <div class='ocr_carea' id='block_1_44' title="bbox 304 4285 1854 4355">
    <p class='ocr_par' dir='ltr' id='par_1_44' title="bbox 304 4285 1854 4355">
     <span class='ocr_line' id='line_1_44' title="bbox 304 4285 1854 4355; baseline -0.001 -15"><span class='ocrx_word' id='word_1_337' title='bbox 304 4287 449 4340; x_wconf 87' lang='lat' dir='ltr'><strong>illam</strong></span> <span class='ocrx_word' id='word_1_338' title='bbox 476 4286 697 4355; x_wconf 69' lang='lat' dir='ltr'><strong>justitia:</strong></span> <span class='ocrx_word' id='word_1_339' title='bbox 732 4286 881 4339; x_wconf 90' lang='lat' dir='ltr'><strong>nobis</strong></span> <span class='ocrx_word' id='word_1_340' title='bbox 909 4286 1241 4353; x_wconf 82' lang='lat' dir='ltr'><strong>explicasset,</strong></span> <span class='ocrx_word' id='word_1_341' title='bbox 1273 4300 1368 4339; x_wconf 91' lang='lat' dir='ltr'><strong>nos</strong></span> <span class='ocrx_word' id='word_1_342' title='bbox 1408 4299 1533 4339; x_wconf 89' lang='lat' dir='ltr'><strong>sane</strong></span> <span class='ocrx_word' id='word_1_343' title='bbox 1560 4285 1672 4340; x_wconf 66' lang='lat' dir='ltr'><strong>haec</strong></span> <span class='ocrx_word' id='word_1_344' title='bbox 1702 4303 1854 4339; x_wconf 92' lang='lat' dir='ltr'><strong>num-</strong></span> 
     </span>
    </p>
   </div>
   <div class='ocr_carea' id='block_1_45' title="bbox 300 4373 1855 4443">
    <p class='ocr_par' dir='ltr' id='par_1_45' title="bbox 300 4373 1855 4443">
     <span class='ocr_line' id='line_1_45' title="bbox 300 4373 1855 4443; baseline 0.001 -14"><span class='ocrx_word' id='word_1_345' title='bbox 300 4392 462 4443; x_wconf 85' lang='lat' dir='ltr'><strong>quam</strong></span> <span class='ocrx_word' id='word_1_346' title='bbox 491 4376 698 4443; x_wconf 89' lang='lat' dir='ltr'><strong>assequi</strong></span> <span class='ocrx_word' id='word_1_347' title='bbox 723 4375 1093 4442; x_wconf 90' lang='lat' dir='ltr'><strong>potuissemus.</strong></span> <span class='ocrx_word' id='word_1_348' title='bbox 1115 4373 1259 4429; x_wconf 84' lang='lat' dir='ltr'><strong>llanc</strong></span> <span class='ocrx_word' id='word_1_349' title='bbox 1279 4377 1345 4429; x_wconf 93' lang='lat' dir='ltr'><strong>ob</strong></span> <span class='ocrx_word' id='word_1_350' title='bbox 1366 4390 1474 4428; x_wconf 92' lang='lat' dir='ltr'><strong>rem</strong></span> <span class='ocrx_word' id='word_1_351' title='bbox 1499 4376 1690 4428; x_wconf 89' lang='lat' dir='ltr'><strong>Paulus</strong></span> <span class='ocrx_word' id='word_1_352' title='bbox 1718 4376 1855 4431; x_wconf 90' lang='lat' dir='ltr'><strong>hunc</strong></span> 
     </span>
    </p>
   </div>
   <div class='ocr_carea' id='block_1_46' title="bbox 299 4463 1852 4532">
    <p class='ocr_par' dir='ltr' id='par_1_46' title="bbox 299 4463 1852 4532">
     <span class='ocr_line' id='line_1_46' title="bbox 299 4463 1852 4532; baseline 0 -15"><span class='ocrx_word' id='word_1_353' title='bbox 299 4463 633 4517; x_wconf 83' lang='lat' dir='ltr'><strong>sacerdotem</strong></span> <span class='ocrx_word' id='word_1_354' title='bbox 660 4463 854 4515; x_wconf 86' lang='lat' dir='ltr'><strong>Christi</strong></span> <span class='ocrx_word' id='word_1_355' title='bbox 886 4463 1098 4529; x_wconf 84' lang='lat' dir='ltr'><strong>ﬁguram</strong></span> <span class='ocrx_word' id='word_1_356' title='bbox 1139 4464 1402 4532; x_wconf 86' lang='lat' dir='ltr'><strong>proponit,</strong></span> <span class='ocrx_word' id='word_1_357' title='bbox 1448 4473 1500 4515; x_wconf 92' lang='lat' dir='ltr'><strong>ct</strong></span> <span class='ocrx_word' id='word_1_358' title='bbox 1538 4464 1611 4516; x_wconf 86' lang='lat' dir='ltr'><strong>ait</strong></span> <span class='ocrx_word' id='word_1_359' title='bbox 1642 4479 1659 4514; x_wconf 93' lang='lat'><em>:</em></span> <span class='ocrx_word' id='word_1_360' title='bbox 1695 4482 1712 4513; x_wconf 75' lang='grc' dir='ltr'>ι</span> <span class='ocrx_word' id='word_1_361' title='bbox 1744 4463 1852 4517; x_wconf 82' lang='lat' dir='ltr'><strong>Non</strong></span> 
     </span>
    </p>
   </div>
   <div class='ocr_carea' id='block_1_47' title="bbox 297 4552 1855 4619">
    <p class='ocr_par' dir='ltr' id='par_1_47' title="bbox 297 4552 1855 4619">
     <span class='ocr_line' id='line_1_47' title="bbox 297 4552 1855 4619; baseline 0 -12"><span class='ocrx_word' id='word_1_362' title='bbox 297 4555 445 4607; x_wconf 84' lang='lat' dir='ltr'><strong>enim</strong></span> <span class='ocrx_word' id='word_1_363' title='bbox 490 4554 541 4604; x_wconf 90' lang='lat' dir='ltr'><strong>in</strong></span> <span class='ocrx_word' id='word_1_364' title='bbox 580 4563 755 4605; x_wconf 89' lang='lat' dir='ltr'><strong>sancta</strong></span> <span class='ocrx_word' id='word_1_365' title='bbox 799 4553 1090 4605; x_wconf 89' lang='lat' dir='ltr'><strong>manufacta</strong></span> <span class='ocrx_word' id='word_1_366' title='bbox 1127 4554 1356 4605; x_wconf 82' lang='lat' dir='ltr'><strong>introivit</strong></span> <span class='ocrx_word' id='word_1_367' title='bbox 1385 4552 1646 4619; x_wconf 89' lang='lat' dir='ltr'><strong>Christus,</strong></span> <span class='ocrx_word' id='word_1_368' title='bbox 1679 4569 1855 4609; x_wconf 84' lang='lat' dir='ltr'><strong>exem-</strong></span> 
     </span>
    </p>
   </div>
   <div class='ocr_carea' id='block_1_48' title="bbox 299 4640 1856 4711">
    <p class='ocr_par' dir='ltr' id='par_1_48' title="bbox 299 4640 1856 4711">
     <span class='ocr_line' id='line_1_48' title="bbox 299 4640 1856 4711; baseline 0.003 -19"><span class='ocrx_word' id='word_1_369' title='bbox 299 4641 465 4711; x_wconf 84' lang='lat' dir='ltr'><strong>plaria</strong></span> <span class='ocrx_word' id='word_1_370' title='bbox 512 4655 773 4703; x_wconf 89' lang='lat' dir='ltr'><strong>verorum,</strong></span> <span class='ocrx_word' id='word_1_371' title='bbox 812 4640 903 4693; x_wconf 89' lang='lat' dir='ltr'><strong>sed</strong></span> <span class='ocrx_word' id='word_1_372' title='bbox 950 4641 1001 4692; x_wconf 92' lang='lat' dir='ltr'><strong>in</strong></span> <span class='ocrx_word' id='word_1_373' title='bbox 1045 4641 1211 4706; x_wconf 92' lang='lat' dir='ltr'><strong>ipsum</strong></span> <span class='ocrx_word' id='word_1_374' title='bbox 1258 4641 1461 4703; x_wconf 67' lang='lat' dir='ltr'><strong>ctrlum,</strong></span> <span class='ocrx_word' id='word_1_375' title='bbox 1505 4650 1561 4693; x_wconf 91' lang='lat' dir='ltr'><strong>ut</strong></span> <span class='ocrx_word' id='word_1_376' title='bbox 1608 4652 1856 4710; x_wconf 86' lang='lat' dir='ltr'><strong>appareat</strong></span> 
     </span>
    </p>
   </div>
   <div class='ocr_carea' id='block_1_49' title="bbox 299 4728 1855 4799">
    <p class='ocr_par' dir='ltr' id='par_1_49' title="bbox 299 4728 1855 4799">
     <span class='ocr_line' id='line_1_49' title="bbox 299 4728 1855 4799; baseline -0.001 -14"><span class='ocrx_word' id='word_1_377' title='bbox 299 4744 447 4785; x_wconf 87' lang='lat' dir='ltr'><strong>nunc</strong></span> <span class='ocrx_word' id='word_1_378' title='bbox 475 4730 636 4781; x_wconf 91' lang='lat' dir='ltr'><strong>vultui</strong></span> <span class='ocrx_word' id='word_1_379' title='bbox 677 4728 768 4781; x_wconf 88' lang='lat' dir='ltr'><strong>Dei</strong></span> <span class='ocrx_word' id='word_1_380' title='bbox 815 4742 910 4795; x_wconf 88' lang='lat' dir='ltr'><strong>pro</strong></span> <span class='ocrx_word' id='word_1_381' title='bbox 952 4729 1101 4781; x_wconf 89' lang='lat' dir='ltr'><strong>nobis</strong></span> <span class='ocrx_word' id='word_1_382' title='bbox 1132 4746 1149 4777; x_wconf 77' lang='grc' dir='ltr'><strong><em>ι</em></strong></span> <span class='ocrx_word' id='word_1_383' title='bbox 1206 4728 1381 4795; x_wconf 81' lang='lat' dir='ltr'><strong>(Hebr.</strong></span> <span class='ocrx_word' id='word_1_384' title='bbox 1423 4729 1475 4781; x_wconf 91' lang='lat'><strong>9.</strong></span> <span class='ocrx_word' id='word_1_385' title='bbox 1523 4729 1637 4795; x_wconf 71' lang='grc'><strong>24).</strong></span> <span class='ocrx_word' id='word_1_386' title='bbox 1686 4732 1855 4799; x_wconf 81' lang='lat' dir='ltr'><strong>Atque</strong></span> 
     </span>
    </p>
   </div>
   <div class='ocr_carea' id='block_1_50' title="bbox 295 4815 1848 4883">
    <p class='ocr_par' dir='ltr' id='par_1_50' title="bbox 295 4815 1848 4883">
     <span class='ocr_line' id='line_1_50' title="bbox 295 4815 1848 4883; baseline -0.001 -12"><span class='ocrx_word' id='word_1_387' title='bbox 295 4820 419 4875; x_wconf 72' lang='lat' dir='ltr'><strong>lure</strong></span> <span class='ocrx_word' id='word_1_388' title='bbox 445 4816 653 4883; x_wconf 86' lang='lat' dir='ltr'><strong>quidem</strong></span> <span class='ocrx_word' id='word_1_389' title='bbox 694 4830 779 4869; x_wconf 91' lang='lat' dir='ltr'><strong>res</strong></span> <span class='ocrx_word' id='word_1_390' title='bbox 822 4815 1063 4868; x_wconf 88' lang='lat' dir='ltr'><strong>seditioni</strong></span> <span class='ocrx_word' id='word_1_391' title='bbox 1098 4816 1233 4867; x_wconf 91' lang='lat' dir='ltr'><strong>inter</strong></span> <span class='ocrx_word' id='word_1_392' title='bbox 1273 4815 1485 4868; x_wconf 84' lang='lat' dir='ltr'><strong>Juda:os</strong></span> <span class='ocrx_word' id='word_1_393' title='bbox 1522 4818 1848 4871; x_wconf 86' lang='lat' dir='ltr'><strong>occasionem</strong></span> 
     </span>
    </p>
   </div>
   <div class='ocr_carea' id='block_1_51' title="bbox 293 4905 1852 4979">
    <p class='ocr_par' dir='ltr' id='par_1_51' title="bbox 293 4905 1852 4979">
     <span class='ocr_line' id='line_1_51' title="bbox 293 4905 1852 4979; baseline -0.002 -16"><span class='ocrx_word' id='word_1_394' title='bbox 293 4909 587 4979; x_wconf 68' lang='lat' dir='ltr'><strong>prazbebat,</strong></span> <span class='ocrx_word' id='word_1_395' title='bbox 620 4909 687 4960; x_wconf 91' lang='lat' dir='ltr'><strong>ita</strong></span> <span class='ocrx_word' id='word_1_396' title='bbox 716 4915 770 4959; x_wconf 92' lang='lat' dir='ltr'><strong>ut</strong></span> <span class='ocrx_word' id='word_1_397' title='bbox 795 4906 861 4961; x_wconf 92' lang='lat' dir='ltr'><strong>de</strong></span> <span class='ocrx_word' id='word_1_398' title='bbox 887 4906 1127 4959; x_wconf 83' lang='lat' dir='ltr'><strong>inusitata</strong></span> <span class='ocrx_word' id='word_1_399' title='bbox 1159 4905 1295 4957; x_wconf 83' lang='lat' dir='ltr'><strong>inter</strong></span> <span class='ocrx_word' id='word_1_400' title='bbox 1325 4920 1381 4958; x_wconf 90' lang='lat' dir='ltr'><strong>se</strong></span> <span class='ocrx_word' id='word_1_401' title='bbox 1410 4906 1700 4973; x_wconf 61' lang='lat' dir='ltr'><strong>quaestione</strong></span> <span class='ocrx_word' id='word_1_402' title='bbox 1727 4923 1852 4960; x_wconf 88' lang='lat' dir='ltr'><strong>con-</strong></span> 
     </span>
    </p>
   </div>
   <div class='ocr_carea' id='block_1_52' title="bbox 292 4996 1847 5066">
    <p class='ocr_par' dir='ltr' id='par_1_52' title="bbox 292 4996 1847 5066">
     <span class='ocr_line' id='line_1_52' title="bbox 292 4996 1847 5066; baseline -0.003 -12"><span class='ocrx_word' id='word_1_403' title='bbox 292 5000 595 5055; x_wconf 76' lang='lat' dir='ltr'><strong>tenderent.</strong></span> <span class='ocrx_word' id='word_1_404' title='bbox 628 4997 756 5050; x_wconf 87' lang='lat' dir='ltr'><strong>Cum</strong></span> <span class='ocrx_word' id='word_1_405' title='bbox 786 4997 925 5050; x_wconf 91' lang='lat' dir='ltr'><strong>enim</strong></span> <span class='ocrx_word' id='word_1_406' title='bbox 957 4996 1174 5065; x_wconf 89' lang='lat' dir='ltr'><strong>apostoli</strong></span> <span class='ocrx_word' id='word_1_407' title='bbox 1207 5006 1546 5059; x_wconf 87' lang='lat' dir='ltr'><strong>servatorem,</strong></span> <span class='ocrx_word' id='word_1_408' title='bbox 1574 5004 1626 5049; x_wconf 88' lang='lat' dir='ltr'><strong>et</strong></span> <span class='ocrx_word' id='word_1_409' title='bbox 1656 5013 1847 5066; x_wconf 87' lang='lat' dir='ltr'><strong>regem,</strong></span> 
     </span>
    </p>
   </div>
   <div class='ocr_carea' id='block_1_53' title="bbox 290 5085 1848 5154">
    <p class='ocr_par' dir='ltr' id='par_1_53' title="bbox 290 5085 1848 5154">
     <span class='ocr_line' id='line_1_53' title="bbox 290 5085 1848 5154; baseline -0.004 -9"><span class='ocrx_word' id='word_1_410' title='bbox 290 5099 355 5145; x_wconf 84' lang='lat' dir='ltr'><strong>et</strong></span> <span class='ocrx_word' id='word_1_411' title='bbox 378 5088 722 5150; x_wconf 89' lang='lat' dir='ltr'><strong>sacerdotem,</strong></span> <span class='ocrx_word' id='word_1_412' title='bbox 757 5095 809 5138; x_wconf 91' lang='lat' dir='ltr'><strong>et</strong></span> <span class='ocrx_word' id='word_1_413' title='bbox 835 5086 1142 5153; x_wconf 86' lang='lat' dir='ltr'><strong>prephetam</strong></span> <span class='ocrx_word' id='word_1_414' title='bbox 1171 5085 1537 5154; x_wconf 64' lang='lat' dir='ltr'><strong>pricdicarent,</strong></span> <span class='ocrx_word' id='word_1_415' title='bbox 1571 5085 1737 5139; x_wconf 68' lang='lat' dir='ltr'><strong>Judaei</strong></span> <span class='ocrx_word' id='word_1_416' title='bbox 1766 5088 1848 5139; x_wconf 84' lang='lat' dir='ltr'><strong>in-</strong></span> 
     </span>
    </p>
   </div>
   <div class='ocr_carea' id='block_1_54' title="bbox 290 5173 1848 5239">
    <p class='ocr_par' dir='ltr' id='par_1_54' title="bbox 290 5173 1848 5239">
     <span class='ocr_line' id='line_1_54' title="bbox 290 5173 1848 5239; baseline -0.004 -7"><span class='ocrx_word' id='word_1_417' title='bbox 290 5188 384 5232; x_wconf 79' lang='lat' dir='ltr'><strong>ter</strong></span> <span class='ocrx_word' id='word_1_418' title='bbox 411 5191 468 5231; x_wconf 90' lang='lat' dir='ltr'><strong>sc</strong></span> <span class='ocrx_word' id='word_1_419' title='bbox 496 5174 902 5234; x_wconf 87' lang='lat' dir='ltr'><strong>contendebant,</strong></span> <span class='ocrx_word' id='word_1_420' title='bbox 942 5173 1116 5225; x_wconf 88' lang='lat' dir='ltr'><strong>allatis</strong></span> <span class='ocrx_word' id='word_1_421' title='bbox 1154 5174 1203 5225; x_wconf 90' lang='lat' dir='ltr'><strong>in</strong></span> <span class='ocrx_word' id='word_1_422' title='bbox 1246 5174 1471 5226; x_wconf 89' lang='lat' dir='ltr'><strong>medium</strong></span> <span class='ocrx_word' id='word_1_423' title='bbox 1514 5174 1596 5235; x_wconf 87' lang='lat' dir='ltr'><strong>iis,</strong></span> <span class='ocrx_word' id='word_1_424' title='bbox 1644 5190 1759 5239; x_wconf 65' lang='lat' dir='ltr'><strong>quae</strong></span> <span class='ocrx_word' id='word_1_425' title='bbox 1798 5176 1848 5226; x_wconf 91' lang='lat' dir='ltr'><strong>in</strong></span> 
     </span>
    </p>
   </div>
   <div class='ocr_carea' id='block_1_55' title="bbox 287 5262 1848 5334">
    <p class='ocr_par' dir='ltr' id='par_1_55' title="bbox 287 5262 1848 5334">
     <span class='ocr_line' id='line_1_55' title="bbox 287 5262 1848 5334; baseline -0.004 -13"><span class='ocrx_word' id='word_1_426' title='bbox 287 5269 415 5334; x_wconf 88' lang='lat' dir='ltr'><strong>lege</strong></span> <span class='ocrx_word' id='word_1_427' title='bbox 455 5266 689 5333; x_wconf 90' lang='lat' dir='ltr'><strong>ipsorum</strong></span> <span class='ocrx_word' id='word_1_428' title='bbox 735 5263 924 5328; x_wconf 86' lang='lat' dir='ltr'><strong>scripta</strong></span> <span class='ocrx_word' id='word_1_429' title='bbox 975 5270 1145 5313; x_wconf 85' lang='lat' dir='ltr'><strong>erant.</strong></span> <span class='ocrx_word' id='word_1_430' title='bbox 1195 5263 1326 5325; x_wconf 76' lang='lat' dir='ltr'><strong>Alia,</strong></span> <span class='ocrx_word' id='word_1_431' title='bbox 1371 5262 1629 5325; x_wconf 83' lang='lat' dir='ltr'><strong>dicebant,</strong></span> <span class='ocrx_word' id='word_1_432' title='bbox 1683 5262 1848 5315; x_wconf 91' lang='lat' dir='ltr'><strong>tribus</strong></span> 
     </span>
    </p>
   </div>
   <div class='ocr_carea' id='block_1_56' title="bbox 291 5349 1844 5421">
    <p class='ocr_par' dir='ltr' id='par_1_56' title="bbox 291 5349 1844 5421">
     <span class='ocr_line' id='line_1_56' title="bbox 291 5349 1844 5421; baseline -0.005 -12"><span class='ocrx_word' id='word_1_433' title='bbox 291 5357 469 5421; x_wconf 80' lang='lat' dir='ltr'><strong>regni,</strong></span> <span class='ocrx_word' id='word_1_434' title='bbox 491 5362 546 5406; x_wconf 88' lang='lat' dir='ltr'><strong>et</strong></span> <span class='ocrx_word' id='word_1_435' title='bbox 571 5354 668 5405; x_wconf 89' lang='lat' dir='ltr'><strong>alia</strong></span> <span class='ocrx_word' id='word_1_436' title='bbox 692 5350 988 5405; x_wconf 67' lang='lat' dir='ltr'><strong>sacerdotii.</strong></span> <span class='ocrx_word' id='word_1_437' title='bbox 1012 5349 1242 5401; x_wconf 90' lang='lat' dir='ltr'><strong>Levitica</strong></span> <span class='ocrx_word' id='word_1_438' title='bbox 1268 5350 1499 5416; x_wconf 88' lang='lat' dir='ltr'><strong>quidem,</strong></span> <span class='ocrx_word' id='word_1_439' title='bbox 1530 5350 1803 5403; x_wconf 89' lang='lat' dir='ltr'><strong>sacerdotii</strong></span> <span class='ocrx_word' id='word_1_440' title='bbox 1830 5368 1844 5402; x_wconf 90' lang='lat'><strong>:</strong></span> 
     </span>
    </p>
   </div>
   <div class='ocr_carea' id='block_1_57' title="bbox 289 5438 1846 5508">
    <p class='ocr_par' dir='ltr' id='par_1_57' title="bbox 289 5438 1846 5508">
     <span class='ocr_line' id='line_1_57' title="bbox 289 5438 1846 5508; baseline -0.004 -11"><span class='ocrx_word' id='word_1_441' title='bbox 289 5445 465 5499; x_wconf 78' lang='lat' dir='ltr'><strong>tribus</strong></span> <span class='ocrx_word' id='word_1_442' title='bbox 492 5459 617 5496; x_wconf 89' lang='lat' dir='ltr'><strong>vero</strong></span> <span class='ocrx_word' id='word_1_443' title='bbox 646 5442 799 5505; x_wconf 87' lang='lat' dir='ltr'><strong>Juda,</strong></span> <span class='ocrx_word' id='word_1_444' title='bbox 832 5440 998 5508; x_wconf 88' lang='lat' dir='ltr'><strong>regni.</strong></span> <span class='ocrx_word' id='word_1_445' title='bbox 1029 5439 1081 5493; x_wconf 91' lang='lat' dir='ltr'><strong>Si</strong></span> <span class='ocrx_word' id='word_1_446' title='bbox 1122 5439 1280 5506; x_wconf 79' lang='lat' dir='ltr'><strong>igitur</strong></span> <span class='ocrx_word' id='word_1_447' title='bbox 1307 5438 1547 5492; x_wconf 87' lang='lat' dir='ltr'><strong>Christus</strong></span> <span class='ocrx_word' id='word_1_448' title='bbox 1576 5455 1687 5503; x_wconf 87' lang='lat' dir='ltr'><strong>rex,</strong></span> <span class='ocrx_word' id='word_1_449' title='bbox 1721 5454 1846 5507; x_wconf 87' lang='lat' dir='ltr'><strong>ergo</strong></span> 
     </span>
    </p>
   </div>
   <div class='ocr_carea' id='block_1_58' title="bbox 290 5525 1841 5594">
    <p class='ocr_par' dir='ltr' id='par_1_58' title="bbox 290 5525 1841 5594">
     <span class='ocr_line' id='line_1_58' title="bbox 290 5525 1841 5594; baseline -0.006 -7"><span class='ocrx_word' id='word_1_450' title='bbox 290 5548 403 5589; x_wconf 77' lang='lat' dir='ltr'><strong>non</strong></span> <span class='ocrx_word' id='word_1_451' title='bbox 447 5529 699 5584; x_wconf 87' lang='lat' dir='ltr'><strong>sacerdos</strong></span> <span class='ocrx_word' id='word_1_452' title='bbox 743 5546 757 5580; x_wconf 91' lang='lat'><strong>:</strong></span> <span class='ocrx_word' id='word_1_453' title='bbox 797 5529 876 5581; x_wconf 89' lang='lat' dir='ltr'><strong>sin</strong></span> <span class='ocrx_word' id='word_1_454' title='bbox 918 5541 1040 5580; x_wconf 88' lang='lat' dir='ltr'><strong>vero</strong></span> <span class='ocrx_word' id='word_1_455' title='bbox 1081 5525 1350 5587; x_wconf 89' lang='lat' dir='ltr'><strong>sacerdos,</strong></span> <span class='ocrx_word' id='word_1_456' title='bbox 1399 5540 1525 5594; x_wconf 89' lang='lat' dir='ltr'><strong>ergo</strong></span> <span class='ocrx_word' id='word_1_457' title='bbox 1572 5541 1672 5579; x_wconf 89' lang='lat' dir='ltr'><strong>non</strong></span> <span class='ocrx_word' id='word_1_458' title='bbox 1726 5542 1841 5579; x_wconf 84' lang='lat' dir='ltr'><strong>rex.</strong></span> 
     </span>
    </p>
   </div>
   <div class='ocr_carea' id='block_1_59' title="bbox 286 5614 1847 5686">
    <p class='ocr_par' dir='ltr' id='par_1_59' title="bbox 286 5614 1847 5686">
     <span class='ocr_line' id='line_1_59' title="bbox 286 5614 1847 5686; baseline -0.007 -9"><span class='ocrx_word' id='word_1_459' title='bbox 286 5620 566 5677; x_wconf 82' lang='lat' dir='ltr'><strong>Adversus</strong></span> <span class='ocrx_word' id='word_1_460' title='bbox 593 5632 726 5686; x_wconf 91' lang='lat' dir='ltr'><strong>quos</strong></span> <span class='ocrx_word' id='word_1_461' title='bbox 757 5617 949 5669; x_wconf 81' lang='lat' dir='ltr'><strong>Paulus</strong></span> <span class='ocrx_word' id='word_1_462' title='bbox 974 5629 1153 5683; x_wconf 85' lang='lat' dir='ltr'><strong>agens,</strong></span> <span class='ocrx_word' id='word_1_463' title='bbox 1183 5614 1323 5665; x_wconf 91' lang='lat' dir='ltr'><strong>omni</strong></span> <span class='ocrx_word' id='word_1_464' title='bbox 1345 5616 1582 5667; x_wconf 89' lang='lat' dir='ltr'><strong>oratione</strong></span> <span class='ocrx_word' id='word_1_465' title='bbox 1607 5614 1671 5666; x_wconf 91' lang='lat' dir='ltr'><strong>ad</strong></span> <span class='ocrx_word' id='word_1_466' title='bbox 1699 5630 1847 5667; x_wconf 86' lang='lat' dir='ltr'><strong>ever-</strong></span> 
     </span>
    </p>
   </div>
   <div class='ocr_carea' id='block_1_60' title="bbox 285 5704 1844 5777">
    <p class='ocr_par' dir='ltr' id='par_1_60' title="bbox 285 5704 1844 5777">
     <span class='ocr_line' id='line_1_60' title="bbox 285 5704 1844 5777; baseline -0.007 -8"><span class='ocrx_word' id='word_1_467' title='bbox 285 5712 505 5769; x_wconf 81' lang='lat' dir='ltr'><strong>tendam</strong></span> <span class='ocrx_word' id='word_1_468' title='bbox 542 5711 674 5763; x_wconf 88' lang='lat' dir='ltr'><strong>hanc</strong></span> <span class='ocrx_word' id='word_1_469' title='bbox 706 5709 1000 5777; x_wconf 82' lang='lat' dir='ltr'><strong>Opinionem</strong></span> <span class='ocrx_word' id='word_1_470' title='bbox 1030 5712 1351 5773; x_wconf 81' lang='lat' dir='ltr'><strong>comparata,</strong></span> <span class='ocrx_word' id='word_1_471' title='bbox 1382 5704 1491 5758; x_wconf 87' lang='lat' dir='ltr'><strong>ait:</strong></span> <span class='ocrx_word' id='word_1_472' title='bbox 1526 5705 1656 5758; x_wconf 71' lang='lat' dir='ltr'><strong>Num</strong></span> <span class='ocrx_word' id='word_1_473' title='bbox 1689 5706 1844 5773; x_wconf 80' lang='lat' dir='ltr'><strong>igitur</strong></span> 
     </span>
    </p>
   </div>
   <div class='ocr_carea' id='block_1_61' title="bbox 1446 421 2370 485">
    <p class='ocr_par' dir='ltr' id='par_1_61' title="bbox 1446 421 2370 485">
     <span class='ocr_line' id='line_1_61' title="bbox 1446 421 2370 485; baseline -0.003 -3"><span class='ocrx_word' id='word_1_474' title='bbox 1446 425 1720 485; x_wconf 80' lang='lat' dir='ltr'><strong>HOMILIA</strong></span> <span class='ocrx_word' id='word_1_475' title='bbox 1761 423 1849 480; x_wconf 80' lang='lat' dir='ltr'><strong>DE</strong></span> <span class='ocrx_word' id='word_1_476' title='bbox 1884 421 2370 481; x_wconf 79' lang='lat' dir='ltr'><strong>LEGISLATORE.</strong></span> 
     </span>
    </p>
   </div>
   <div class='ocr_carea' id='block_1_62' title="bbox 3424 452 3537 508">
    <p class='ocr_par' dir='ltr' id='par_1_62' title="bbox 3424 452 3537 508">
     <span class='ocr_line' id='line_1_62' title="bbox 3424 452 3537 508; baseline 0.035 -4"><span class='ocrx_word' id='word_1_477' title='bbox 3424 452 3537 508; x_wconf 82' lang='lat'><strong>406</strong></span> 
     </span>
    </p>
   </div>
   <div class='ocr_carea' id='block_1_63' title="bbox 1983 535 3533 597">
    <p class='ocr_par' dir='ltr' id='par_1_63' title="bbox 1983 535 3533 597">
     <span class='ocr_line' id='line_1_63' title="bbox 1983 535 3533 597; baseline 0.005 -9"><span class='ocrx_word' id='word_1_478' title='bbox 1983 535 2221 591; x_wconf 89' lang='lat' dir='ltr'><strong>Christus</strong></span> <span class='ocrx_word' id='word_1_479' title='bbox 2264 537 2548 592; x_wconf 86' lang='lat' dir='ltr'><strong>secundum</strong></span> <span class='ocrx_word' id='word_1_480' title='bbox 2598 538 2879 593; x_wconf 87' lang='lat' dir='ltr'><strong>sacerdotii</strong></span> <span class='ocrx_word' id='word_1_481' title='bbox 2924 543 3080 594; x_wconf 90' lang='lat' dir='ltr'><strong>vestri</strong></span> <span class='ocrx_word' id='word_1_482' title='bbox 3133 542 3369 597; x_wconf 86' lang='lat' dir='ltr'><strong>ordinem</strong></span> <span class='ocrx_word' id='word_1_483' title='bbox 3420 557 3533 596; x_wconf 79' lang='lat' dir='ltr'><strong>Sur-</strong></span> 
     </span>
    </p>
   </div>
   <div class='ocr_carea' id='block_1_64' title="bbox 1978 626 3530 696">
    <p class='ocr_par' dir='ltr' id='par_1_64' title="bbox 1978 626 3530 696">
     <span class='ocr_line' id='line_1_64' title="bbox 1978 626 3530 696; baseline 0.003 -17"><span class='ocrx_word' id='word_1_484' title='bbox 1978 626 2153 679; x_wconf 77' lang='lat' dir='ltr'><strong>rexit?</strong></span> <span class='ocrx_word' id='word_1_485' title='bbox 2202 626 2353 695; x_wconf 82' lang='lat' dir='ltr'><strong>Apud</strong></span> <span class='ocrx_word' id='word_1_486' title='bbox 2404 641 2497 680; x_wconf 86' lang='lat' dir='ltr'><strong>vos</strong></span> <span class='ocrx_word' id='word_1_487' title='bbox 2550 627 2759 695; x_wconf 89' lang='lat' dir='ltr'><strong>quidem</strong></span> <span class='ocrx_word' id='word_1_488' title='bbox 2807 642 3024 696; x_wconf 81' lang='lat' dir='ltr'><strong>regnum</strong></span> <span class='ocrx_word' id='word_1_489' title='bbox 3081 639 3135 684; x_wconf 92' lang='lat' dir='ltr'><strong>et</strong></span> <span class='ocrx_word' id='word_1_490' title='bbox 3179 631 3530 686; x_wconf 86' lang='lat' dir='ltr'><strong>sacerdotium</strong></span> 
     </span>
    </p>
   </div>
   <div class='ocr_carea' id='block_1_65' title="bbox 1978 713 3527 787">
    <p class='ocr_par' dir='ltr' id='par_1_65' title="bbox 1978 713 3527 787">
     <span class='ocr_line' id='line_1_65' title="bbox 1978 713 3527 787; baseline 0.004 -20"><span class='ocrx_word' id='word_1_491' title='bbox 1978 713 2221 769; x_wconf 90' lang='lat' dir='ltr'><strong>distincta</strong></span> <span class='ocrx_word' id='word_1_492' title='bbox 2247 724 2369 769; x_wconf 92' lang='lat' dir='ltr'><strong>sunt</strong></span> <span class='ocrx_word' id='word_1_493' title='bbox 2398 732 2410 766; x_wconf 87' lang='lat'><strong>:</strong></span> <span class='ocrx_word' id='word_1_494' title='bbox 2440 716 2490 768; x_wconf 93' lang='lat' dir='ltr'><strong>in</strong></span> <span class='ocrx_word' id='word_1_495' title='bbox 2520 716 2729 769; x_wconf 85' lang='lat' dir='ltr'><strong>Christo</strong></span> <span class='ocrx_word' id='word_1_496' title='bbox 2756 724 3033 786; x_wconf 88' lang='lat' dir='ltr'><strong>utrumque</strong></span> <span class='ocrx_word' id='word_1_497' title='bbox 3060 719 3395 787; x_wconf 89' lang='lat' dir='ltr'><strong>conjunctum</strong></span> <span class='ocrx_word' id='word_1_498' title='bbox 3426 733 3527 775; x_wconf 89' lang='lat' dir='ltr'><strong>est.</strong></span> 
     </span>
    </p>
   </div>
   <div class='ocr_carea' id='block_1_66' title="bbox 1982 802 3527 870">
    <p class='ocr_par' dir='ltr' id='par_1_66' title="bbox 1982 802 3527 870">
     <span class='ocr_line' id='line_1_66' title="bbox 1982 802 3527 870; baseline 0.004 -14"><span class='ocrx_word' id='word_1_499' title='bbox 1982 802 2054 856; x_wconf 85' lang='lat' dir='ltr'><strong>Tu</strong></span> <span class='ocrx_word' id='word_1_500' title='bbox 2082 806 2243 869; x_wconf 89' lang='lat' dir='ltr'><strong>enim,</strong></span> <span class='ocrx_word' id='word_1_501' title='bbox 2275 807 2368 868; x_wconf 88' lang='lat' dir='ltr'><strong>ait,</strong></span> <span class='ocrx_word' id='word_1_502' title='bbox 2399 807 2625 858; x_wconf 85' lang='lat' dir='ltr'><strong>sacerdos</strong></span> <span class='ocrx_word' id='word_1_503' title='bbox 2652 822 2701 859; x_wconf 86' lang='lat' dir='ltr'><strong>es</strong></span> <span class='ocrx_word' id='word_1_504' title='bbox 2728 808 2777 859; x_wconf 83' lang='lat' dir='ltr'><strong>in</strong></span> <span class='ocrx_word' id='word_1_505' title='bbox 2801 818 3058 870; x_wconf 76' lang='lat' dir='ltr'><strong>wternnm,</strong></span> <span class='ocrx_word' id='word_1_506' title='bbox 3087 811 3357 863; x_wconf 79' lang='lat' dir='ltr'><strong>secundum</strong></span> <span class='ocrx_word' id='word_1_507' title='bbox 3386 813 3527 863; x_wconf 76' lang='lat' dir='ltr'><strong>ordi-</strong></span> 
     </span>
    </p>
   </div>
   <div class='ocr_carea' id='block_1_67' title="bbox 1976 894 3526 965">
    <p class='ocr_par' dir='ltr' id='par_1_67' title="bbox 1976 894 3526 965">
     <span class='ocr_line' id='line_1_67' title="bbox 1976 894 3526 965; baseline 0.005 -20"><span class='ocrx_word' id='word_1_508' title='bbox 1976 911 2088 947; x_wconf 86' lang='lat' dir='ltr'><strong>nem</strong></span> <span class='ocrx_word' id='word_1_509' title='bbox 2114 894 2437 948; x_wconf 69' lang='lat' dir='ltr'><strong>Melchisedec</strong></span> <span class='ocrx_word' id='word_1_510' title='bbox 2478 895 2641 963; x_wconf 86' lang='lat' dir='ltr'><strong>(Psal.</strong></span> <span class='ocrx_word' id='word_1_511' title='bbox 2693 895 2810 950; x_wconf 87' lang='grc'><strong>109.</strong></span> <span class='ocrx_word' id='word_1_512' title='bbox 2858 897 2930 965; x_wconf 73' lang='grc'><strong>4).</strong></span> <span class='ocrx_word' id='word_1_513' title='bbox 2966 897 3141 964; x_wconf 87' lang='lat' dir='ltr'><strong>Itaque</strong></span> <span class='ocrx_word' id='word_1_514' title='bbox 3190 900 3526 954; x_wconf 80' lang='lat' dir='ltr'><strong>ratiocinator</strong></span> 
     </span>
    </p>
   </div>
   <div class='ocr_carea' id='block_1_68' title="bbox 1977 985 3519 1052">
    <p class='ocr_par' dir='ltr' id='par_1_68' title="bbox 1977 985 3519 1052">
     <span class='ocr_line' id='line_1_68' title="bbox 1977 985 3519 1052; baseline 0.005 -16"><span class='ocrx_word' id='word_1_515' title='bbox 1977 985 2180 1047; x_wconf 89' lang='lat' dir='ltr'><strong>Paulus,</strong></span> <span class='ocrx_word' id='word_1_516' title='bbox 2216 994 2269 1039; x_wconf 90' lang='lat' dir='ltr'><strong>et</strong></span> <span class='ocrx_word' id='word_1_517' title='bbox 2296 987 2368 1038; x_wconf 88' lang='lat' dir='ltr'><strong>ait</strong></span> <span class='ocrx_word' id='word_1_518' title='bbox 2410 1003 2422 1038; x_wconf 89' lang='lat'><strong>:</strong></span> <span class='ocrx_word' id='word_1_519' title='bbox 2469 986 2523 1039; x_wconf 91' lang='lat' dir='ltr'><strong>Si</strong></span> <span class='ocrx_word' id='word_1_520' title='bbox 2566 986 2704 1039; x_wconf 93' lang='lat' dir='ltr'><strong>enim</strong></span> <span class='ocrx_word' id='word_1_521' title='bbox 2754 986 2975 1052; x_wconf 91' lang='lat' dir='ltr'><strong>primum</strong></span> <span class='ocrx_word' id='word_1_522' title='bbox 3021 987 3143 1040; x_wconf 88' lang='lat' dir='ltr'><strong>illud</strong></span> <span class='ocrx_word' id='word_1_523' title='bbox 3174 989 3519 1043; x_wconf 88' lang='lat' dir='ltr'><strong>sacerdotium</strong></span> 
     </span>
    </p>
   </div>
   <div class='ocr_carea' id='block_1_69' title="bbox 1975 1075 3521 1145">
    <p class='ocr_par' dir='ltr' id='par_1_69' title="bbox 1975 1075 3521 1145">
     <span class='ocr_line' id='line_1_69' title="bbox 1975 1075 3521 1145; baseline 0.005 -18"><span class='ocrx_word' id='word_1_524' title='bbox 1975 1084 2087 1128; x_wconf 87' lang='lat' dir='ltr'><strong>erat</strong></span> <span class='ocrx_word' id='word_1_525' title='bbox 2116 1075 2595 1145; x_wconf 86' lang='lat' dir='ltr'><strong>irreprehensibile,</strong></span> <span class='ocrx_word' id='word_1_526' title='bbox 2633 1077 2754 1145; x_wconf 90' lang='lat' dir='ltr'><strong>quid</strong></span> <span class='ocrx_word' id='word_1_527' title='bbox 2797 1078 3072 1145; x_wconf 88' lang='lat' dir='ltr'><strong>oportebat</strong></span> <span class='ocrx_word' id='word_1_528' title='bbox 3110 1079 3303 1143; x_wconf 84' lang='lat' dir='ltr'><strong>dicere,</strong></span> <span class='ocrx_word' id='word_1_529' title='bbox 3333 1095 3521 1134; x_wconf 76' lang='lat' dir='ltr'><strong>secun~</strong></span> 
     </span>
    </p>
   </div>
   <div class='ocr_carea' id='block_1_70' title="bbox 1974 1165 3519 1226">
    <p class='ocr_par' dir='ltr' id='par_1_70' title="bbox 1974 1165 3519 1226">
     <span class='ocr_line' id='line_1_70' title="bbox 1974 1165 3519 1226; baseline 0.005 -8"><span class='ocrx_word' id='word_1_530' title='bbox 1974 1165 2098 1219; x_wconf 91' lang='lat' dir='ltr'><strong>dum</strong></span> <span class='ocrx_word' id='word_1_531' title='bbox 2124 1167 2360 1221; x_wconf 88' lang='lat' dir='ltr'><strong>ordinem</strong></span> <span class='ocrx_word' id='word_1_532' title='bbox 2388 1167 2732 1223; x_wconf 84' lang='lat' dir='ltr'><strong>Melchisedec</strong></span> <span class='ocrx_word' id='word_1_533' title='bbox 2763 1169 3086 1224; x_wconf 90' lang='lat' dir='ltr'><strong>sacerdotem</strong></span> <span class='ocrx_word' id='word_1_534' title='bbox 3116 1182 3468 1226; x_wconf 87' lang='lat' dir='ltr'><strong>surrecturum</strong></span> <span class='ocrx_word' id='word_1_535' title='bbox 3499 1190 3519 1226; x_wconf 88' lang='grc'><strong>.·</strong></span> 
     </span>
    </p>
   </div>
   <div class='ocr_carea' id='block_1_71' title="bbox 1973 1259 3517 1317">
    <p class='ocr_par' dir='ltr' id='par_1_71' title="bbox 1973 1259 3517 1317">
     <span class='ocr_line' id='line_1_71' title="bbox 1973 1259 3517 1317; baseline 0.004 -8"><span class='ocrx_word' id='word_1_536' title='bbox 1973 1266 2152 1310; x_wconf 90' lang='lat' dir='ltr'><strong>etnon</strong></span> <span class='ocrx_word' id='word_1_537' title='bbox 2196 1259 2481 1312; x_wconf 89' lang='lat' dir='ltr'><strong>secundum</strong></span> <span class='ocrx_word' id='word_1_538' title='bbox 2521 1260 2759 1313; x_wconf 88' lang='lat' dir='ltr'><strong>ordinem</strong></span> <span class='ocrx_word' id='word_1_539' title='bbox 2790 1261 3003 1313; x_wconf 82' lang='lat' dir='ltr'><strong>Aaron?</strong></span> <span class='ocrx_word' id='word_1_540' title='bbox 3043 1260 3237 1314; x_wconf 78' lang='lat' dir='ltr'><strong>Etenim</strong></span> <span class='ocrx_word' id='word_1_541' title='bbox 3280 1267 3517 1317; x_wconf 82' lang='lat' dir='ltr'><strong>translato</strong></span> 
     </span>
    </p>
   </div>
   <div class='ocr_carea' id='block_1_72' title="bbox 1971 1345 3514 1416">
    <p class='ocr_par' dir='ltr' id='par_1_72' title="bbox 1971 1345 3514 1416">
     <span class='ocr_line' id='line_1_72' title="bbox 1971 1345 3514 1416; baseline 0.003 -20"><span class='ocrx_word' id='word_1_542' title='bbox 1971 1345 2265 1408; x_wconf 84' lang='lat' dir='ltr'><strong>sacerdotio,</strong></span> <span class='ocrx_word' id='word_1_543' title='bbox 2295 1363 2489 1400; x_wconf 83' lang='lat' dir='ltr'><strong>necesse</strong></span> <span class='ocrx_word' id='word_1_544' title='bbox 2515 1357 2585 1400; x_wconf 90' lang='lat' dir='ltr'><strong>est</strong></span> <span class='ocrx_word' id='word_1_545' title='bbox 2612 1356 2665 1399; x_wconf 87' lang='lat' dir='ltr'><strong>ut</strong></span> <span class='ocrx_word' id='word_1_546' title='bbox 2692 1347 2812 1416; x_wconf 82' lang='lat' dir='ltr'><strong>legis</strong></span> <span class='ocrx_word' id='word_1_547' title='bbox 2841 1350 3099 1401; x_wconf 81' lang='lat' dir='ltr'><strong>translatio</strong></span> <span class='ocrx_word' id='word_1_548' title='bbox 3126 1351 3215 1416; x_wconf 78' lang='lat' dir='ltr'><strong>ﬁat</strong></span> <span class='ocrx_word' id='word_1_549' title='bbox 3242 1349 3419 1416; x_wconf 79' lang='lat' dir='ltr'><strong>(Hebr.</strong></span> <span class='ocrx_word' id='word_1_550' title='bbox 3463 1351 3514 1403; x_wconf 91' lang='lat'><strong>7.</strong></span> 
     </span>
    </p>
   </div>
   <div class='ocr_carea' id='block_1_73' title="bbox 1973 1435 3515 1507">
    <p class='ocr_par' dir='ltr' id='par_1_73' title="bbox 1973 1435 3515 1507">
     <span class='ocr_line' id='line_1_73' title="bbox 1973 1435 3515 1507; baseline 0.003 -19"><span class='ocrx_word' id='word_1_551' title='bbox 1973 1435 2080 1501; x_wconf 73' lang='grc'><strong>12).</strong></span> <span class='ocrx_word' id='word_1_552' title='bbox 2112 1437 2248 1501; x_wconf 80' lang='lat' dir='ltr'><strong>Ergo</strong></span> <span class='ocrx_word' id='word_1_553' title='bbox 2266 1437 2509 1491; x_wconf 88' lang='lat' dir='ltr'><strong>Servator</strong></span> <span class='ocrx_word' id='word_1_554' title='bbox 2535 1446 2713 1492; x_wconf 90' lang='lat' dir='ltr'><strong>noster</strong></span> <span class='ocrx_word' id='word_1_555' title='bbox 2739 1453 2974 1491; x_wconf 86' lang='lat' dir='ltr'><strong>summus</strong></span> <span class='ocrx_word' id='word_1_556' title='bbox 2998 1447 3077 1492; x_wconf 86' lang='lat' dir='ltr'><strong>est</strong></span> <span class='ocrx_word' id='word_1_557' title='bbox 3108 1438 3334 1507; x_wconf 79' lang='lat' dir='ltr'><strong>pontifex</strong></span> <span class='ocrx_word' id='word_1_558' title='bbox 3369 1457 3381 1491; x_wconf 91' lang='lat'><strong>:</strong></span> <span class='ocrx_word' id='word_1_559' title='bbox 3412 1455 3515 1493; x_wconf 91' lang='lat' dir='ltr'><strong>non</strong></span> 
     </span>
    </p>
   </div>
   <div class='ocr_carea' id='block_1_74' title="bbox 1970 1528 3514 1598">
    <p class='ocr_par' dir='ltr' id='par_1_74' title="bbox 1970 1528 3514 1598">
     <span class='ocr_line' id='line_1_74' title="bbox 1970 1528 3514 1598; baseline 0.002 -19"><span class='ocrx_word' id='word_1_560' title='bbox 1970 1528 2174 1580; x_wconf 87' lang='lat' dir='ltr'><strong>ratione</strong></span> <span class='ocrx_word' id='word_1_561' title='bbox 2208 1528 2495 1581; x_wconf 86' lang='lat' dir='ltr'><strong>divinitatis</strong></span> <span class='ocrx_word' id='word_1_562' title='bbox 2540 1544 2668 1589; x_wconf 80' lang='lat' dir='ltr'><strong>sum,</strong></span> <span class='ocrx_word' id='word_1_563' title='bbox 2711 1529 2799 1582; x_wconf 91' lang='lat' dir='ltr'><strong>scd</strong></span> <span class='ocrx_word' id='word_1_564' title='bbox 2839 1529 2905 1581; x_wconf 94' lang='lat' dir='ltr'><strong>ob</strong></span> <span class='ocrx_word' id='word_1_565' title='bbox 2953 1529 3166 1598; x_wconf 86' lang='lat' dir='ltr'><strong>figuram</strong></span> <span class='ocrx_word' id='word_1_566' title='bbox 3208 1531 3380 1583; x_wconf 90' lang='lat' dir='ltr'><strong>carnis</strong></span> <span class='ocrx_word' id='word_1_567' title='bbox 3418 1546 3431 1581; x_wconf 87' lang='lat'><strong>:</strong></span> <span class='ocrx_word' id='word_1_568' title='bbox 3465 1531 3514 1583; x_wconf 90' lang='lat' dir='ltr'><strong>in</strong></span> 
     </span>
    </p>
   </div>
   <div class='ocr_carea' id='block_1_75' title="bbox 1969 1617 3519 1686">
    <p class='ocr_par' dir='ltr' id='par_1_75' title="bbox 1969 1617 3519 1686">
     <span class='ocr_line' id='line_1_75' title="bbox 1969 1617 3519 1686; baseline 0.002 -17"><span class='ocrx_word' id='word_1_569' title='bbox 1969 1617 2207 1683; x_wconf 87' lang='lat' dir='ltr'><strong>supernis</strong></span> <span class='ocrx_word' id='word_1_570' title='bbox 2235 1617 2301 1670; x_wconf 91' lang='lat' dir='ltr'><strong>ad</strong></span> <span class='ocrx_word' id='word_1_571' title='bbox 2330 1617 2597 1672; x_wconf 78' lang='lat' dir='ltr'><strong>dexteram</strong></span> <span class='ocrx_word' id='word_1_572' title='bbox 2627 1618 2714 1670; x_wconf 89' lang='lat' dir='ltr'><strong>Dei</strong></span> <span class='ocrx_word' id='word_1_573' title='bbox 2746 1617 3026 1672; x_wconf 53' lang='lat' dir='ltr'><strong>considens</strong></span> <span class='ocrx_word' id='word_1_574' title='bbox 3055 1629 3267 1686; x_wconf 85' lang='lat' dir='ltr'><strong>propter</strong></span> <span class='ocrx_word' id='word_1_575' title='bbox 3304 1634 3418 1683; x_wconf 92' lang='lat' dir='ltr'><strong>nos,</strong></span> <span class='ocrx_word' id='word_1_576' title='bbox 3466 1631 3519 1672; x_wconf 90' lang='lat' dir='ltr'><strong>et</strong></span> 
     </span>
    </p>
   </div>
   <div class='ocr_carea' id='block_1_76' title="bbox 1968 1704 3516 1773">
    <p class='ocr_par' dir='ltr' id='par_1_76' title="bbox 1968 1704 3516 1773">
     <span class='ocr_line' id='line_1_76' title="bbox 1968 1704 3516 1773; baseline 0.003 -15"><span class='ocrx_word' id='word_1_577' title='bbox 1968 1719 2203 1758; x_wconf 77' lang='lat' dir='ltr'><strong>Summus</strong></span> <span class='ocrx_word' id='word_1_578' title='bbox 2250 1704 2513 1773; x_wconf 75' lang='lat' dir='ltr'><strong>pontifex,</strong></span> <span class='ocrx_word' id='word_1_579' title='bbox 2566 1706 2845 1759; x_wconf 88' lang='lat' dir='ltr'><strong>secundum</strong></span> <span class='ocrx_word' id='word_1_580' title='bbox 2894 1706 3124 1760; x_wconf 90' lang='lat' dir='ltr'><strong>ordinem</strong></span> <span class='ocrx_word' id='word_1_581' title='bbox 3174 1707 3516 1763; x_wconf 84' lang='lat' dir='ltr'><strong>Melchisedec</strong></span> 
     </span>
    </p>
   </div>
   <div class='ocr_carea' id='block_1_77' title="bbox 1971 1793 3507 1865">
    <p class='ocr_par' dir='ltr' id='par_1_77' title="bbox 1971 1793 3507 1865">
     <span class='ocr_line' id='line_1_77' title="bbox 1971 1793 3507 1865; baseline 0.003 -18"><span class='ocrx_word' id='word_1_582' title='bbox 1971 1793 2128 1865; x_wconf 87' lang='lat' dir='ltr'><strong>(Ibid.</strong></span> <span class='ocrx_word' id='word_1_583' title='bbox 2158 1796 2211 1850; x_wconf 86' lang='lat'><strong>5.</strong></span> <span class='ocrx_word' id='word_1_584' title='bbox 2250 1794 2356 1865; x_wconf 89' lang='grc'><strong>11).</strong></span> <span class='ocrx_word' id='word_1_585' title='bbox 2408 1796 2481 1850; x_wconf 91' lang='lat' dir='ltr'><strong>Do</strong></span> <span class='ocrx_word' id='word_1_586' title='bbox 2517 1810 2621 1864; x_wconf 89' lang='lat' dir='ltr'><strong>quo</strong></span> <span class='ocrx_word' id='word_1_587' title='bbox 2661 1797 2821 1849; x_wconf 90' lang='lat' dir='ltr'><strong>multa</strong></span> <span class='ocrx_word' id='word_1_588' title='bbox 2864 1797 2963 1850; x_wconf 91' lang='lat' dir='ltr'><strong>dici</strong></span> <span class='ocrx_word' id='word_1_589' title='bbox 3002 1806 3233 1865; x_wconf 88' lang='lat' dir='ltr'><strong>possent,</strong></span> <span class='ocrx_word' id='word_1_590' title='bbox 3264 1799 3355 1851; x_wconf 91' lang='lat' dir='ltr'><strong>sed</strong></span> <span class='ocrx_word' id='word_1_591' title='bbox 3406 1814 3507 1852; x_wconf 91' lang='lat' dir='ltr'><strong>non</strong></span> 
     </span>
    </p>
   </div>
   <div class='ocr_carea' id='block_1_78' title="bbox 1967 1881 3512 1954">
    <p class='ocr_par' dir='ltr' id='par_1_78' title="bbox 1967 1881 3512 1954">
     <span class='ocr_line' id='line_1_78' title="bbox 1967 1881 3512 1954; baseline 0.004 -19"><span class='ocrx_word' id='word_1_592' title='bbox 1967 1892 2089 1935; x_wconf 91' lang='lat' dir='ltr'><strong>sunt</strong></span> <span class='ocrx_word' id='word_1_593' title='bbox 2128 1881 2281 1951; x_wconf 90' lang='lat' dir='ltr'><strong>hujus</strong></span> <span class='ocrx_word' id='word_1_594' title='bbox 2323 1884 2440 1937; x_wconf 91' lang='lat' dir='ltr'><strong>loci.</strong></span> <span class='ocrx_word' id='word_1_595' title='bbox 2487 1886 2728 1937; x_wconf 85' lang='lat' dir='ltr'><strong>Animum</strong></span> <span class='ocrx_word' id='word_1_596' title='bbox 2778 1884 2985 1947; x_wconf 90' lang='lat' dir='ltr'><strong>adhibe,</strong></span> <span class='ocrx_word' id='word_1_597' title='bbox 3022 1901 3217 1954; x_wconf 74' lang='lat' dir='ltr'><strong>qumso.</strong></span> <span class='ocrx_word' id='word_1_598' title='bbox 3260 1887 3418 1940; x_wconf 86' lang='lat' dir='ltr'><strong>Erant</strong></span> <span class='ocrx_word' id='word_1_599' title='bbox 3460 1888 3512 1941; x_wconf 92' lang='lat' dir='ltr'><strong>in</strong></span> 
     </span>
    </p>
   </div>
   <div class='ocr_carea' id='block_1_79' title="bbox 1968 1970 3509 2045">
    <p class='ocr_par' dir='ltr' id='par_1_79' title="bbox 1968 1970 3509 2045">
     <span class='ocr_line' id='line_1_79' title="bbox 1968 1970 3509 2045; baseline 0.006 -22"><span class='ocrx_word' id='word_1_600' title='bbox 1968 1970 2080 2039; x_wconf 86' lang='lat' dir='ltr'><strong>lege</strong></span> <span class='ocrx_word' id='word_1_601' title='bbox 2115 1973 2277 2025; x_wconf 89' lang='lat' dir='ltr'><strong>veteri</strong></span> <span class='ocrx_word' id='word_1_602' title='bbox 2318 1972 2750 2035; x_wconf 81' lang='lat' dir='ltr'><strong>holocautomata,</strong></span> <span class='ocrx_word' id='word_1_603' title='bbox 2779 1985 2889 2028; x_wconf 75' lang='lat' dir='ltr'><strong>erat</strong></span> <span class='ocrx_word' id='word_1_604' title='bbox 2927 1976 3232 2028; x_wconf 81' lang='lat' dir='ltr'><strong>sacrificium</strong></span> <span class='ocrx_word' id='word_1_605' title='bbox 3265 1992 3357 2044; x_wconf 90' lang='lat' dir='ltr'><strong>pro</strong></span> <span class='ocrx_word' id='word_1_606' title='bbox 3388 1992 3509 2045; x_wconf 84' lang='lat' dir='ltr'><strong>pec-</strong></span> 
     </span>
    </p>
   </div>
   <div class='ocr_carea' id='block_1_80' title="bbox 1966 2061 3511 2125">
    <p class='ocr_par' dir='ltr' id='par_1_80' title="bbox 1966 2061 3511 2125">
     <span class='ocr_line' id='line_1_80' title="bbox 1966 2061 3511 2125; baseline 0.003 -11"><span class='ocrx_word' id='word_1_607' title='bbox 1966 2069 2103 2125; x_wconf 87' lang='lat' dir='ltr'><strong>cato,</strong></span> <span class='ocrx_word' id='word_1_608' title='bbox 2132 2070 2245 2114; x_wconf 91' lang='lat' dir='ltr'><strong>erat</strong></span> <span class='ocrx_word' id='word_1_609' title='bbox 2265 2061 2458 2117; x_wconf 89' lang='lat' dir='ltr'><strong>oblatio</strong></span> <span class='ocrx_word' id='word_1_610' title='bbox 2489 2080 2501 2115; x_wconf 91' lang='lat'>:</span> <span class='ocrx_word' id='word_1_611' title='bbox 2529 2063 2775 2117; x_wconf 88' lang='lat' dir='ltr'><strong>Scrvator</strong></span> <span class='ocrx_word' id='word_1_612' title='bbox 2802 2072 2973 2116; x_wconf 89' lang='lat' dir='ltr'><strong>autem</strong></span> <span class='ocrx_word' id='word_1_613' title='bbox 3002 2064 3085 2116; x_wconf 93' lang='lat' dir='ltr'><strong>ubi</strong></span> <span class='ocrx_word' id='word_1_614' title='bbox 3116 2065 3164 2116; x_wconf 91' lang='lat' dir='ltr'><strong>in</strong></span> <span class='ocrx_word' id='word_1_615' title='bbox 3194 2064 3329 2117; x_wconf 87' lang='lat' dir='ltr'><strong>hunc</strong></span> <span class='ocrx_word' id='word_1_616' title='bbox 3355 2080 3511 2119; x_wconf 87' lang='lat' dir='ltr'><strong>mun-</strong></span> 
     </span>
    </p>
   </div>
   <div class='ocr_carea' id='block_1_81' title="bbox 1966 2151 3508 2221">
    <p class='ocr_par' dir='ltr' id='par_1_81' title="bbox 1966 2151 3508 2221">
     <span class='ocr_line' id='line_1_81' title="bbox 1966 2151 3508 2221; baseline 0.003 -18"><span class='ocrx_word' id='word_1_617' title='bbox 1966 2151 2089 2203; x_wconf 89' lang='lat' dir='ltr'><strong>dum</strong></span> <span class='ocrx_word' id='word_1_618' title='bbox 2140 2152 2367 2215; x_wconf 85' lang='lat' dir='ltr'><strong>advenit,</strong></span> <span class='ocrx_word' id='word_1_619' title='bbox 2426 2153 2694 2206; x_wconf 75' lang='lat' dir='ltr'><strong>sacrificiis</strong></span> <span class='ocrx_word' id='word_1_620' title='bbox 2744 2154 2847 2207; x_wconf 92' lang='lat' dir='ltr'><strong>illis</strong></span> <span class='ocrx_word' id='word_1_621' title='bbox 2891 2153 3082 2221; x_wconf 86' lang='lat' dir='ltr'><strong>figuras</strong></span> <span class='ocrx_word' id='word_1_622' title='bbox 3129 2154 3508 2218; x_wconf 81' lang='lat' dir='ltr'><strong>referentibus,</strong></span> 
     </span>
    </p>
   </div>
   <div class='ocr_carea' id='block_1_82' title="bbox 1969 2240 3510 2311">
    <p class='ocr_par' dir='ltr' id='par_1_82' title="bbox 1969 2240 3510 2311">
     <span class='ocr_line' id='line_1_82' title="bbox 1969 2240 3510 2311; baseline 0.003 -20"><span class='ocrx_word' id='word_1_623' title='bbox 1969 2240 2122 2293; x_wconf 86' lang='lat' dir='ltr'><strong>finem</strong></span> <span class='ocrx_word' id='word_1_624' title='bbox 2149 2241 2386 2309; x_wconf 86' lang='lat' dir='ltr'><strong>imponit,</strong></span> <span class='ocrx_word' id='word_1_625' title='bbox 2420 2243 2630 2311; x_wconf 87' lang='lat' dir='ltr'><strong>proprio</strong></span> <span class='ocrx_word' id='word_1_626' title='bbox 2659 2257 2755 2295; x_wconf 91' lang='lat' dir='ltr'><strong>suo</strong></span> <span class='ocrx_word' id='word_1_627' title='bbox 2783 2256 3001 2310; x_wconf 86' lang='lat' dir='ltr'><strong>corpore</strong></span> <span class='ocrx_word' id='word_1_628' title='bbox 3031 2257 3124 2309; x_wconf 93' lang='lat' dir='ltr'><strong>pro</strong></span> <span class='ocrx_word' id='word_1_629' title='bbox 3149 2242 3287 2295; x_wconf 91' lang='lat' dir='ltr'><strong>omni</strong></span> <span class='ocrx_word' id='word_1_630' title='bbox 3315 2243 3510 2297; x_wconf 85' lang='lat' dir='ltr'><strong>sacrifi-</strong></span> 
     </span>
    </p>
   </div>
   <div class='ocr_carea' id='block_1_83' title="bbox 1966 2330 3511 2402">
    <p class='ocr_par' dir='ltr' id='par_1_83' title="bbox 1966 2330 3511 2402">
     <span class='ocr_line' id='line_1_83' title="bbox 1966 2330 3511 2402; baseline 0.001 -17"><span class='ocrx_word' id='word_1_631' title='bbox 1966 2333 2048 2385; x_wconf 92' lang='lat' dir='ltr'><strong>cio</strong></span> <span class='ocrx_word' id='word_1_632' title='bbox 2072 2332 2368 2387; x_wconf 86' lang='lat' dir='ltr'><strong>substituto.</strong></span> <span class='ocrx_word' id='word_1_633' title='bbox 2398 2334 2471 2386; x_wconf 90' lang='lat' dir='ltr'><strong>De</strong></span> <span class='ocrx_word' id='word_1_634' title='bbox 2494 2348 2595 2402; x_wconf 91' lang='lat' dir='ltr'><strong>quo</strong></span> <span class='ocrx_word' id='word_1_635' title='bbox 2624 2333 2848 2385; x_wconf 84' lang='lat' dir='ltr'><strong>Paulus:</strong></span> <span class='ocrx_word' id='word_1_636' title='bbox 2879 2351 2897 2383; x_wconf 83' lang='lat' dir='ltr'><strong>t</strong></span> <span class='ocrx_word' id='word_1_637' title='bbox 2923 2333 2985 2385; x_wconf 88' lang='lat' dir='ltr'><strong>Et</strong></span> <span class='ocrx_word' id='word_1_638' title='bbox 3007 2330 3338 2401; x_wconf 85' lang='lat' dir='ltr'><strong>ingressusin</strong></span> <span class='ocrx_word' id='word_1_639' title='bbox 3362 2349 3511 2386; x_wconf 90' lang='lat' dir='ltr'><strong>mun-</strong></span> 
     </span>
    </p>
   </div>
   <div class='ocr_carea' id='block_1_84' title="bbox 1966 2423 3505 2488">
    <p class='ocr_par' dir='ltr' id='par_1_84' title="bbox 1966 2423 3505 2488">
     <span class='ocr_line' id='line_1_84' title="bbox 1966 2423 3505 2488; baseline -0.001 -11"><span class='ocrx_word' id='word_1_640' title='bbox 1966 2424 2111 2488; x_wconf 89' lang='lat' dir='ltr'><strong>dum,</strong></span> <span class='ocrx_word' id='word_1_641' title='bbox 2138 2424 2301 2478; x_wconf 89' lang='lat' dir='ltr'><strong>dicit:</strong></span> <span class='ocrx_word' id='word_1_642' title='bbox 2332 2424 2650 2478; x_wconf 82' lang='lat' dir='ltr'><strong>Sacrificium</strong></span> <span class='ocrx_word' id='word_1_643' title='bbox 2680 2434 2731 2477; x_wconf 90' lang='lat' dir='ltr'><strong>et</strong></span> <span class='ocrx_word' id='word_1_644' title='bbox 2758 2423 3069 2476; x_wconf 88' lang='lat' dir='ltr'><strong>oblationem</strong></span> <span class='ocrx_word' id='word_1_645' title='bbox 3102 2424 3307 2477; x_wconf 84' lang='lat' dir='ltr'><strong>noluisti</strong></span> <span class='ocrx_word' id='word_1_646' title='bbox 3343 2440 3355 2475; x_wconf 92' lang='lat'><strong>:</strong></span> <span class='ocrx_word' id='word_1_647' title='bbox 3387 2438 3505 2477; x_wconf 90' lang='lat' dir='ltr'><strong>cor-</strong></span> 
     </span>
    </p>
   </div>
   <div class='ocr_carea' id='block_1_85' title="bbox 1968 2512 3509 2580">
    <p class='ocr_par' dir='ltr' id='par_1_85' title="bbox 1968 2512 3509 2580">
     <span class='ocr_line' id='line_1_85' title="bbox 1968 2512 3509 2580; baseline 0 -16"><span class='ocrx_word' id='word_1_648' title='bbox 1968 2528 2062 2580; x_wconf 91' lang='lat' dir='ltr'><strong>pus</strong></span> <span class='ocrx_word' id='word_1_649' title='bbox 2090 2522 2261 2566; x_wconf 89' lang='lat' dir='ltr'><strong>autem</strong></span> <span class='ocrx_word' id='word_1_650' title='bbox 2296 2513 2481 2580; x_wconf 89' lang='lat' dir='ltr'><strong>aptasti</strong></span> <span class='ocrx_word' id='word_1_651' title='bbox 2526 2512 2649 2564; x_wconf 88' lang='lat' dir='ltr'><strong>mihi</strong></span> <span class='ocrx_word' id='word_1_652' title='bbox 2679 2528 2691 2561; x_wconf 91' lang='lat'><strong>:</strong></span> <span class='ocrx_word' id='word_1_653' title='bbox 2725 2512 3137 2563; x_wconf 85' lang='lat' dir='ltr'><strong>holocautomata</strong></span> <span class='ocrx_word' id='word_1_654' title='bbox 3166 2518 3218 2562; x_wconf 90' lang='lat' dir='ltr'><strong>et</strong></span> <span class='ocrx_word' id='word_1_655' title='bbox 3254 2526 3348 2577; x_wconf 91' lang='lat' dir='ltr'><strong>pro</strong></span> <span class='ocrx_word' id='word_1_656' title='bbox 3388 2524 3509 2577; x_wconf 77' lang='lat' dir='ltr'><strong>pec-</strong></span> 
     </span>
    </p>
   </div>
   <div class='ocr_carea' id='block_1_86' title="bbox 1966 2598 3510 2666">
    <p class='ocr_par' dir='ltr' id='par_1_86' title="bbox 1966 2598 3510 2666">
     <span class='ocr_line' id='line_1_86' title="bbox 1966 2598 3510 2666; baseline 0.001 -14"><span class='ocrx_word' id='word_1_657' title='bbox 1966 2610 2082 2653; x_wconf 84' lang='lat' dir='ltr'><strong>cato</strong></span> <span class='ocrx_word' id='word_1_658' title='bbox 2125 2615 2226 2653; x_wconf 92' lang='lat' dir='ltr'><strong>non</strong></span> <span class='ocrx_word' id='word_1_659' title='bbox 2256 2599 2547 2666; x_wconf 86' lang='lat' dir='ltr'><strong>postulasti.</strong></span> <span class='ocrx_word' id='word_1_660' title='bbox 2572 2600 2717 2652; x_wconf 91' lang='lat' dir='ltr'><strong>&#39;l&#39;uoc</strong></span> <span class='ocrx_word' id='word_1_661' title='bbox 2740 2599 2866 2661; x_wconf 91' lang='lat' dir='ltr'><strong>dixi,</strong></span> <span class='ocrx_word' id='word_1_662' title='bbox 2897 2598 3032 2651; x_wconf 80' lang='lat' dir='ltr'><strong>Ecce</strong></span> <span class='ocrx_word' id='word_1_663' title='bbox 3061 2599 3233 2663; x_wconf 82' lang='lat' dir='ltr'><strong>venio,</strong></span> <span class='ocrx_word' id='word_1_664' title='bbox 3267 2599 3317 2651; x_wconf 89' lang='lat' dir='ltr'><strong>in</strong></span> <span class='ocrx_word' id='word_1_665' title='bbox 3340 2599 3510 2666; x_wconf 84' lang='lat' dir='ltr'><strong>capite</strong></span> 
     </span>
    </p>
   </div>
   <div class='ocr_carea' id='block_1_87' title="bbox 1966 2686 3507 2755">
    <p class='ocr_par' dir='ltr' id='par_1_87' title="bbox 1966 2686 3507 2755">
     <span class='ocr_line' id='line_1_87' title="bbox 1966 2686 3507 2755; baseline 0.002 -17"><span class='ocrx_word' id='word_1_666' title='bbox 1966 2688 2079 2741; x_wconf 90' lang='lat' dir='ltr'><strong>libri</strong></span> <span class='ocrx_word' id='word_1_667' title='bbox 2109 2689 2353 2755; x_wconf 85' lang='lat' dir='ltr'><strong>scriptum</strong></span> <span class='ocrx_word' id='word_1_668' title='bbox 2381 2688 2550 2741; x_wconf 92' lang='lat' dir='ltr'><strong>estde</strong></span> <span class='ocrx_word' id='word_1_669' title='bbox 2581 2702 2662 2741; x_wconf 89' lang='lat' dir='ltr'><strong>me</strong></span> <span class='ocrx_word' id='word_1_670' title='bbox 2697 2707 2713 2737; x_wconf 74' lang='grc' dir='ltr'><strong><em>ι</em></strong></span> <span class='ocrx_word' id='word_1_671' title='bbox 2747 2686 2923 2755; x_wconf 83' lang='lat' dir='ltr'><strong>(Ilebr.</strong></span> <span class='ocrx_word' id='word_1_672' title='bbox 2956 2687 3037 2740; x_wconf 90' lang='grc'><strong>10.</strong></span> <span class='ocrx_word' id='word_1_673' title='bbox 3068 2688 3213 2749; x_wconf 82' lang='grc'><strong>5.-7;</strong></span> <span class='ocrx_word' id='word_1_674' title='bbox 3246 2686 3387 2740; x_wconf 82' lang='lat' dir='ltr'><strong>Psat.</strong></span> <span class='ocrx_word' id='word_1_675' title='bbox 3420 2688 3507 2743; x_wconf 85' lang='grc'><strong>59.</strong></span> 
     </span>
    </p>
   </div>
   <div class='ocr_carea' id='block_1_88' title="bbox 1966 2776 3507 2847">
    <p class='ocr_par' dir='ltr' id='par_1_88' title="bbox 1966 2776 3507 2847">
     <span class='ocr_line' id='line_1_88' title="bbox 1966 2776 3507 2847; baseline 0.001 -19"><span class='ocrx_word' id='word_1_676' title='bbox 1966 2779 2016 2830; x_wconf 87' lang='lat'><strong>7.</strong></span> <span class='ocrx_word' id='word_1_677' title='bbox 2043 2778 2116 2847; x_wconf 85' lang='lat'><strong>8).</strong></span> <span class='ocrx_word' id='word_1_678' title='bbox 2138 2779 2326 2830; x_wconf 82' lang='lat' dir='ltr'><strong>Paulos</strong></span> <span class='ocrx_word' id='word_1_679' title='bbox 2351 2794 2472 2846; x_wconf 87' lang='lat' dir='ltr'><strong>ergo</strong></span> <span class='ocrx_word' id='word_1_680' title='bbox 2492 2792 2608 2830; x_wconf 91' lang='lat' dir='ltr'><strong>cum</strong></span> <span class='ocrx_word' id='word_1_681' title='bbox 2636 2778 2701 2830; x_wconf 90' lang='lat' dir='ltr'><strong>de</strong></span> <span class='ocrx_word' id='word_1_682' title='bbox 2724 2776 3024 2844; x_wconf 86' lang='lat' dir='ltr'><strong>prophetico</strong></span> <span class='ocrx_word' id='word_1_683' title='bbox 3042 2791 3255 2831; x_wconf 86' lang='lat' dir='ltr'><strong>monere</strong></span> <span class='ocrx_word' id='word_1_684' title='bbox 3276 2777 3507 2838; x_wconf 76' lang='lat' dir='ltr'><strong>dixisset,</strong></span> 
     </span>
    </p>
   </div>
   <div class='ocr_carea' id='block_1_89' title="bbox 1967 2864 3507 2935">
    <p class='ocr_par' dir='ltr' id='par_1_89' title="bbox 1967 2864 3507 2935">
     <span class='ocr_line' id='line_1_89' title="bbox 1967 2864 3507 2935; baseline -0.001 -14"><span class='ocrx_word' id='word_1_685' title='bbox 1967 2885 2064 2921; x_wconf 91' lang='lat' dir='ltr'><strong>nec</strong></span> <span class='ocrx_word' id='word_1_686' title='bbox 2090 2883 2193 2921; x_wconf 89' lang='lat' dir='ltr'><strong>non</strong></span> <span class='ocrx_word' id='word_1_687' title='bbox 2223 2866 2341 2920; x_wconf 91' lang='lat' dir='ltr'><strong>illud</strong></span> <span class='ocrx_word' id='word_1_688' title='bbox 2372 2882 2596 2935; x_wconf 88' lang='lat' dir='ltr'><strong>quoque,</strong></span> <span class='ocrx_word' id='word_1_689' title='bbox 2625 2866 2753 2919; x_wconf 86' lang='lat' dir='ltr'><strong>Cum</strong></span> <span class='ocrx_word' id='word_1_690' title='bbox 2781 2864 3087 2919; x_wconf 86' lang='lat' dir='ltr'><strong>sacrificium</strong></span> <span class='ocrx_word' id='word_1_691' title='bbox 3118 2875 3171 2919; x_wconf 90' lang='lat' dir='ltr'><strong>et</strong></span> <span class='ocrx_word' id='word_1_692' title='bbox 3196 2866 3507 2920; x_wconf 87' lang='lat' dir='ltr'><strong>oblationem</strong></span> 
     </span>
    </p>
   </div>
   <div class='ocr_carea' id='block_1_90' title="bbox 1965 2942 3507 3026">
    <p class='ocr_par' dir='ltr' id='par_1_90' title="bbox 1965 2942 3507 3026">
     <span class='ocr_line' id='line_1_90' title="bbox 1965 2942 3507 3026; baseline -0.003 -13"><span class='ocrx_word' id='word_1_693' title='bbox 1965 2970 2011 3013; x_wconf 91' lang='lat' dir='ltr'><strong>et</strong></span> <span class='ocrx_word' id='word_1_694' title='bbox 2046 2974 2139 3026; x_wconf 92' lang='lat' dir='ltr'><strong>pro</strong></span> <span class='ocrx_word' id='word_1_695' title='bbox 2166 2966 2377 3026; x_wconf 91' lang='lat' dir='ltr'><strong>peccato</strong></span> <span class='ocrx_word' id='word_1_696' title='bbox 2405 2956 2751 3023; x_wconf 85' lang='lat' dir='ltr'><strong>repudiasses,</strong></span> <span class='ocrx_word' id='word_1_697' title='bbox 2796 2964 2917 3007; x_wconf 91' lang='lat' dir='ltr'><strong>tunc</strong></span> <span class='ocrx_word' id='word_1_698' title='bbox 2959 2954 3085 3019; x_wconf 86' lang='lat' dir='ltr'><strong>dixi,</strong></span> <span class='ocrx_word' id='word_1_699' title='bbox 3132 2942 3456 3008; x_wconf 32' lang='lat' dir='ltr'><strong>Ecce-venio</strong></span> <span class='ocrx_word' id='word_1_700' title='bbox 3492 2972 3507 3008; x_wconf 88' lang='lat'><strong>:</strong></span> 
     </span>
    </p>
   </div>
   <div class='ocr_carea' id='block_1_91' title="bbox 1970 3044 3508 3115">
    <p class='ocr_par' dir='ltr' id='par_1_91' title="bbox 1970 3044 3508 3115">
     <span class='ocr_line' id='line_1_91' title="bbox 1970 3044 3508 3115; baseline -0.003 -14"><span class='ocrx_word' id='word_1_701' title='bbox 1970 3050 2101 3102; x_wconf 90' lang='lat' dir='ltr'><strong>tollit</strong></span> <span class='ocrx_word' id='word_1_702' title='bbox 2134 3049 2375 3115; x_wconf 87' lang='lat' dir='ltr'><strong>primum,</strong></span> <span class='ocrx_word' id='word_1_703' title='bbox 2410 3056 2465 3099; x_wconf 91' lang='lat' dir='ltr'><strong>ut</strong></span> <span class='ocrx_word' id='word_1_704' title='bbox 2500 3044 2787 3099; x_wconf 89' lang='lat' dir='ltr'><strong>secundum</strong></span> <span class='ocrx_word' id='word_1_705' title='bbox 2826 3044 3069 3098; x_wconf 90' lang='lat' dir='ltr'><strong>stabiliat.</strong></span> <span class='ocrx_word' id='word_1_706' title='bbox 3099 3046 3165 3097; x_wconf 83' lang='lat' dir='ltr'><strong>At</strong></span> <span class='ocrx_word' id='word_1_707' title='bbox 3190 3045 3396 3098; x_wconf 88' lang='lat' dir='ltr'><strong>ubinam</strong></span> <span class='ocrx_word' id='word_1_708' title='bbox 3423 3061 3508 3096; x_wconf 72' lang='lat' dir='ltr'><strong>sa~</strong></span> 
     </span>
    </p>
   </div>
   <div class='ocr_carea' id='block_1_92' title="bbox 1968 3133 3509 3201">
    <p class='ocr_par' dir='ltr' id='par_1_92' title="bbox 1968 3133 3509 3201">
     <span class='ocr_line' id='line_1_92' title="bbox 1968 3133 3509 3201; baseline -0.005 -9"><span class='ocrx_word' id='word_1_709' title='bbox 1968 3140 2214 3192; x_wconf 87' lang='lat' dir='ltr'><strong>criticium</strong></span> <span class='ocrx_word' id='word_1_710' title='bbox 2265 3148 2316 3190; x_wconf 91' lang='lat' dir='ltr'><strong>et</strong></span> <span class='ocrx_word' id='word_1_711' title='bbox 2372 3137 2563 3189; x_wconf 82' lang='lat' dir='ltr'><strong>oblatio</strong></span> <span class='ocrx_word' id='word_1_712' title='bbox 2619 3135 2668 3187; x_wconf 90' lang='lat' dir='ltr'><strong>in</strong></span> <span class='ocrx_word' id='word_1_713' title='bbox 2713 3148 2931 3201; x_wconf 89' lang='lat' dir='ltr'><strong>corpore</strong></span> <span class='ocrx_word' id='word_1_714' title='bbox 2975 3133 3165 3187; x_wconf 91' lang='lat' dir='ltr'><strong>Christi</strong></span> <span class='ocrx_word' id='word_1_715' title='bbox 3217 3134 3509 3186; x_wconf 82' lang='lat' dir='ltr'><strong>invenitur?</strong></span> 
     </span>
    </p>
   </div>
   <div class='ocr_carea' id='block_1_93' title="bbox 1968 3221 3509 3292">
    <p class='ocr_par' dir='ltr' id='par_1_93' title="bbox 1968 3221 3509 3292">
     <span class='ocr_line' id='line_1_93' title="bbox 1968 3221 3509 3292; baseline -0.005 -15"><span class='ocrx_word' id='word_1_716' title='bbox 1968 3224 2414 3292; x_wconf 87' lang='lat' dir='ltr'><strong>Quemadmodum</strong></span> <span class='ocrx_word' id='word_1_717' title='bbox 2440 3222 2705 3290; x_wconf 90' lang='lat' dir='ltr'><strong>apostolus</strong></span> <span class='ocrx_word' id='word_1_718' title='bbox 2728 3221 2915 3274; x_wconf 89' lang='lat' dir='ltr'><strong>Paulus</strong></span> <span class='ocrx_word' id='word_1_719' title='bbox 2942 3229 3190 3274; x_wconf 88' lang='lat' dir='ltr'><strong>testatur:</strong></span> <span class='ocrx_word' id='word_1_720' title='bbox 3229 3239 3246 3270; x_wconf 74' lang='grc' dir='ltr'>ι</span> <span class='ocrx_word' id='word_1_721' title='bbox 3280 3221 3509 3274; x_wconf 81' lang='lat' dir='ltr'><strong>Obsecro</strong></span> 
     </span>
    </p>
   </div>
   <div class='ocr_carea' id='block_1_94' title="bbox 1967 3310 3505 3379">
    <p class='ocr_par' dir='ltr' id='par_1_94' title="bbox 1967 3310 3505 3379">
     <span class='ocr_line' id='line_1_94' title="bbox 1967 3310 3505 3379; baseline -0.004 -12"><span class='ocrx_word' id='word_1_722' title='bbox 1967 3331 2079 3379; x_wconf 88' lang='lat' dir='ltr'><strong>vos,</strong></span> <span class='ocrx_word' id='word_1_723' title='bbox 2114 3316 2322 3377; x_wconf 89' lang='lat' dir='ltr'><strong>fratres,</strong></span> <span class='ocrx_word' id='word_1_724' title='bbox 2356 3329 2448 3378; x_wconf 88' lang='lat' dir='ltr'><strong>per</strong></span> <span class='ocrx_word' id='word_1_725' title='bbox 2486 3310 2893 3366; x_wconf 89' lang='lat' dir='ltr'><strong>misericordiam</strong></span> <span class='ocrx_word' id='word_1_726' title='bbox 2924 3311 3016 3364; x_wconf 87' lang='lat' dir='ltr'><strong>Dei</strong></span> <span class='ocrx_word' id='word_1_727' title='bbox 3046 3320 3103 3364; x_wconf 94' lang='lat' dir='ltr'><strong>ut</strong></span> <span class='ocrx_word' id='word_1_728' title='bbox 3133 3322 3389 3379; x_wconf 85' lang='lat' dir='ltr'><strong>tamquam</strong></span> <span class='ocrx_word' id='word_1_729' title='bbox 3418 3312 3505 3364; x_wconf 87' lang='lat' dir='ltr'><strong>lilii</strong></span> 
     </span>
    </p>
   </div>
   <div class='ocr_carea' id='block_1_95' title="bbox 1966 3398 3509 3466">
    <p class='ocr_par' dir='ltr' id='par_1_95' title="bbox 1966 3398 3509 3466">
     <span class='ocr_line' id='line_1_95' title="bbox 1966 3398 3509 3466; baseline -0.003 -9"><span class='ocrx_word' id='word_1_730' title='bbox 1966 3404 2137 3457; x_wconf 86' lang='lat' dir='ltr'><strong>dilecti</strong></span> <span class='ocrx_word' id='word_1_731' title='bbox 2192 3402 2468 3455; x_wconf 87' lang='lat' dir='ltr'><strong>ambuletis</strong></span> <span class='ocrx_word' id='word_1_732' title='bbox 2530 3402 2579 3453; x_wconf 93' lang='lat' dir='ltr'><strong>in</strong></span> <span class='ocrx_word' id='word_1_733' title='bbox 2641 3400 2854 3453; x_wconf 89' lang='lat' dir='ltr'><strong>caritate</strong></span> <span class='ocrx_word' id='word_1_734' title='bbox 2902 3416 2914 3451; x_wconf 91' lang='lat'><strong>:</strong></span> <span class='ocrx_word' id='word_1_735' title='bbox 2975 3398 3406 3466; x_wconf 83' lang='lat' dir='ltr'><strong>quemadmodum</strong></span> <span class='ocrx_word' id='word_1_736' title='bbox 3457 3411 3509 3452; x_wconf 87' lang='lat' dir='ltr'><strong>et</strong></span> 
     </span>
    </p>
   </div>
   <div class='ocr_carea' id='block_1_96' title="bbox 1965 3488 3507 3556">
    <p class='ocr_par' dir='ltr' id='par_1_96' title="bbox 1965 3488 3507 3556">
     <span class='ocr_line' id='line_1_96' title="bbox 1965 3488 3507 3556; baseline -0.006 -9"><span class='ocrx_word' id='word_1_737' title='bbox 1965 3492 2200 3547; x_wconf 89' lang='lat' dir='ltr'><strong>Christus</strong></span> <span class='ocrx_word' id='word_1_738' title='bbox 2236 3490 2414 3543; x_wconf 80' lang='lat' dir='ltr'><strong>dilexit</strong></span> <span class='ocrx_word' id='word_1_739' title='bbox 2443 3504 2535 3541; x_wconf 90' lang='lat' dir='ltr'><strong>nos</strong></span> <span class='ocrx_word' id='word_1_740' title='bbox 2555 3530 2568 3553; x_wconf 94' lang='lat'><strong>,</strong></span> <span class='ocrx_word' id='word_1_741' title='bbox 2596 3498 2647 3542; x_wconf 91' lang='lat' dir='ltr'><strong>et</strong></span> <span class='ocrx_word' id='word_1_742' title='bbox 2670 3489 3004 3555; x_wconf 88' lang='lat' dir='ltr'><strong>semetipsum</strong></span> <span class='ocrx_word' id='word_1_743' title='bbox 3049 3503 3142 3556; x_wconf 91' lang='lat' dir='ltr'><strong>pro</strong></span> <span class='ocrx_word' id='word_1_744' title='bbox 3172 3488 3320 3543; x_wconf 87' lang='lat' dir='ltr'><strong>nobis</strong></span> <span class='ocrx_word' id='word_1_745' title='bbox 3362 3489 3507 3542; x_wconf 89' lang='lat' dir='ltr'><strong>dedit</strong></span> 
     </span>
    </p>
   </div>
   <div class='ocr_carea' id='block_1_97' title="bbox 1965 3575 3503 3641">
    <p class='ocr_par' dir='ltr' id='par_1_97' title="bbox 1965 3575 3503 3641">
     <span class='ocr_line' id='line_1_97' title="bbox 1965 3575 3503 3641; baseline -0.003 -9"><span class='ocrx_word' id='word_1_746' title='bbox 1965 3578 2271 3632; x_wconf 81' lang='lat' dir='ltr'><strong>sacrificium</strong></span> <span class='ocrx_word' id='word_1_747' title='bbox 2295 3586 2347 3632; x_wconf 90' lang='lat' dir='ltr'><strong>et</strong></span> <span class='ocrx_word' id='word_1_748' title='bbox 2366 3578 2675 3632; x_wconf 87' lang='lat' dir='ltr'><strong>oblationem</strong></span> <span class='ocrx_word' id='word_1_749' title='bbox 2702 3577 2827 3641; x_wconf 87' lang='lat' dir='ltr'><strong>Deo,</strong></span> <span class='ocrx_word' id='word_1_750' title='bbox 2859 3577 2911 3629; x_wconf 92' lang='lat' dir='ltr'><strong>in</strong></span> <span class='ocrx_word' id='word_1_751' title='bbox 2941 3576 3152 3629; x_wconf 90' lang='lat' dir='ltr'><strong>odorem</strong></span> <span class='ocrx_word' id='word_1_752' title='bbox 3185 3575 3455 3629; x_wconf 82' lang='lat' dir='ltr'><strong>suavitatis</strong></span> <span class='ocrx_word' id='word_1_753' title='bbox 3485 3596 3503 3627; x_wconf 73' lang='grc' dir='ltr'><strong><em>ι</em></strong></span> 
     </span>
    </p>
   </div>
   <div class='ocr_carea' id='block_1_98' title="bbox 1970 3664 3510 3741">
    <p class='ocr_par' dir='ltr' id='par_1_98' title="bbox 1970 3664 3510 3741">
     <span class='ocr_line' id='line_1_98' title="bbox 1970 3664 3510 3741; baseline -0.003 -18"><span class='ocrx_word' id='word_1_754' title='bbox 1970 3670 2179 3741; x_wconf 77' lang='lat' dir='ltr'><strong>(Ep/tes.</strong></span> <span class='ocrx_word' id='word_1_755' title='bbox 2225 3670 2277 3723; x_wconf 86' lang='lat'><strong>5.</strong></span> <span class='ocrx_word' id='word_1_756' title='bbox 2321 3670 2370 3722; x_wconf 93' lang='grc'><strong>1.</strong></span> <span class='ocrx_word' id='word_1_757' title='bbox 2412 3668 2489 3736; x_wconf 71' lang='grc'><strong>2).</strong></span> <span class='ocrx_word' id='word_1_758' title='bbox 2539 3668 2755 3735; x_wconf 89' lang='lat' dir='ltr'><strong>Propter</strong></span> <span class='ocrx_word' id='word_1_759' title='bbox 2794 3676 2843 3720; x_wconf 88' lang='lat' dir='ltr'><strong>te</strong></span> <span class='ocrx_word' id='word_1_760' title='bbox 2881 3664 3117 3720; x_wconf 87' lang='lat' dir='ltr'><strong>Christus</strong></span> <span class='ocrx_word' id='word_1_761' title='bbox 3160 3680 3395 3719; x_wconf 90' lang='lat' dir='ltr'><strong>summus</strong></span> <span class='ocrx_word' id='word_1_762' title='bbox 3430 3676 3510 3720; x_wconf 83' lang='lat' dir='ltr'><strong>est</strong></span> 
     </span>
    </p>
   </div>
   <div class='ocr_carea' id='block_1_99' title="bbox 1968 3754 3498 3833">
    <p class='ocr_par' dir='ltr' id='par_1_99' title="bbox 1968 3754 3498 3833">
     <span class='ocr_line' id='line_1_99' title="bbox 1968 3754 3498 3833; baseline -0.008 -17"><span class='ocrx_word' id='word_1_763' title='bbox 1968 3761 2203 3833; x_wconf 89' lang='lat' dir='ltr'><strong>pontifex</strong></span> <span class='ocrx_word' id='word_1_764' title='bbox 2231 3776 2242 3810; x_wconf 89' lang='lat'><strong>:</strong></span> <span class='ocrx_word' id='word_1_765' title='bbox 2280 3767 2489 3825; x_wconf 90' lang='lat' dir='ltr'><strong>propter</strong></span> <span class='ocrx_word' id='word_1_766' title='bbox 2516 3757 2739 3825; x_wconf 87' lang='lat' dir='ltr'><strong>seipsum</strong></span> <span class='ocrx_word' id='word_1_767' title='bbox 2780 3756 2931 3808; x_wconf 91' lang='lat' dir='ltr'><strong>Deus.</strong></span> <span class='ocrx_word' id='word_1_768' title='bbox 2972 3755 3085 3808; x_wconf 67' lang='lat' dir='ltr'><strong>Noli</strong></span> <span class='ocrx_word' id='word_1_769' title='bbox 3119 3763 3317 3807; x_wconf 89' lang='lat' dir='ltr'><strong>mutare</strong></span> <span class='ocrx_word' id='word_1_770' title='bbox 3347 3754 3498 3807; x_wconf 86' lang='lat' dir='ltr'><strong>verba</strong></span> 
     </span>
    </p>
   </div>
   <div class='ocr_carea' id='block_1_100' title="bbox 1964 3844 3506 3911">
    <p class='ocr_par' dir='ltr' id='par_1_100' title="bbox 1964 3844 3506 3911">
     <span class='ocr_line' id='line_1_100' title="bbox 1964 3844 3506 3911; baseline -0.005 -11"><span class='ocrx_word' id='word_1_771' title='bbox 1964 3848 2054 3900; x_wconf 90' lang='lat' dir='ltr'><strong>Dei</strong></span> <span class='ocrx_word' id='word_1_772' title='bbox 2099 3847 2224 3899; x_wconf 89' lang='lat' dir='ltr'><strong>vivi.</strong></span> <span class='ocrx_word' id='word_1_773' title='bbox 2265 3847 2316 3899; x_wconf 92' lang='lat' dir='ltr'><strong>In</strong></span> <span class='ocrx_word' id='word_1_774' title='bbox 2359 3846 2585 3905; x_wconf 84' lang='lat' dir='ltr'><strong>Patrem,</strong></span> <span class='ocrx_word' id='word_1_775' title='bbox 2632 3844 2839 3907; x_wconf 91' lang='lat' dir='ltr'><strong>Filium,</strong></span> <span class='ocrx_word' id='word_1_776' title='bbox 2883 3852 2936 3895; x_wconf 86' lang='lat' dir='ltr'><strong>et</strong></span> <span class='ocrx_word' id='word_1_777' title='bbox 2977 3844 3226 3911; x_wconf 85' lang='lat' dir='ltr'><strong>Spiritum</strong></span> <span class='ocrx_word' id='word_1_778' title='bbox 3273 3857 3506 3895; x_wconf 83' lang='lat' dir='ltr'><strong>sanetum</strong></span> 
     </span>
    </p>
   </div>
   <div class='ocr_carea' id='block_1_101' title="bbox 1965 3930 3511 4002">
    <p class='ocr_par' dir='ltr' id='par_1_101' title="bbox 1965 3930 3511 4002">
     <span class='ocr_line' id='line_1_101' title="bbox 1965 3930 3511 4002; baseline -0.005 -13"><span class='ocrx_word' id='word_1_779' title='bbox 1965 3936 2250 4002; x_wconf 83' lang='lat' dir='ltr'><strong>baptizatus</strong></span> <span class='ocrx_word' id='word_1_780' title='bbox 2274 3949 2328 3987; x_wconf 88' lang='lat' dir='ltr'><strong>es</strong></span> <span class='ocrx_word' id='word_1_781' title='bbox 2361 3951 2371 3984; x_wconf 89' lang='lat'>:</span> <span class='ocrx_word' id='word_1_782' title='bbox 2401 3949 2493 3985; x_wconf 83' lang='lat' dir='ltr'><strong>t-ur</strong></span> <span class='ocrx_word' id='word_1_783' title='bbox 2520 3932 2736 3985; x_wconf 88' lang='lat' dir='ltr'><strong>sublatis</strong></span> <span class='ocrx_word' id='word_1_784' title='bbox 2767 3932 3061 3983; x_wconf 89' lang='lat' dir='ltr'><strong>nominibus</strong></span> <span class='ocrx_word' id='word_1_785' title='bbox 3090 3930 3401 3994; x_wconf 89' lang='lat' dir='ltr'><strong>viventibus,</strong></span> <span class='ocrx_word' id='word_1_786' title='bbox 3432 3931 3511 3982; x_wconf 84' lang='lat' dir='ltr'><strong>in-</strong></span> 
     </span>
    </p>
   </div>
   <div class='ocr_carea' id='block_1_102' title="bbox 1963 4017 3507 4088">
    <p class='ocr_par' dir='ltr' id='par_1_102' title="bbox 1963 4017 3507 4088">
     <span class='ocr_line' id='line_1_102' title="bbox 1963 4017 3507 4088; baseline -0.004 -13"><span class='ocrx_word' id='word_1_787' title='bbox 1963 4022 2109 4075; x_wconf 90' lang='lat' dir='ltr'><strong>ducis</strong></span> <span class='ocrx_word' id='word_1_788' title='bbox 2140 4022 2349 4074; x_wconf 90' lang='lat' dir='ltr'><strong>nomina</strong></span> <span class='ocrx_word' id='word_1_789' title='bbox 2379 4021 2665 4088; x_wconf 87' lang='lat' dir='ltr'><strong>excogitata</strong></span> <span class='ocrx_word' id='word_1_790' title='bbox 2696 4019 2890 4079; x_wconf 85' lang='lat' dir='ltr'><strong>dicens,</strong></span> <span class='ocrx_word' id='word_1_791' title='bbox 2922 4018 3178 4085; x_wconf 86' lang='lat' dir='ltr'><strong>ingenitus</strong></span> <span class='ocrx_word' id='word_1_792' title='bbox 3206 4025 3257 4069; x_wconf 89' lang='lat' dir='ltr'><strong>et</strong></span> <span class='ocrx_word' id='word_1_793' title='bbox 3284 4017 3507 4084; x_wconf 89' lang='lat' dir='ltr'><strong>genitus,</strong></span> 
     </span>
    </p>
   </div>
   <div class='ocr_carea' id='block_1_103' title="bbox 1962 4106 3508 4175">
    <p class='ocr_par' dir='ltr' id='par_1_103' title="bbox 1962 4106 3508 4175">
     <span class='ocr_line' id='line_1_103' title="bbox 1962 4106 3508 4175; baseline -0.004 -12"><span class='ocrx_word' id='word_1_794' title='bbox 1962 4120 2166 4164; x_wconf 88' lang='lat' dir='ltr'><strong>creatus</strong></span> <span class='ocrx_word' id='word_1_795' title='bbox 2186 4120 2237 4163; x_wconf 89' lang='lat' dir='ltr'><strong>et</strong></span> <span class='ocrx_word' id='word_1_796' title='bbox 2259 4110 2534 4171; x_wconf 87' lang='lat' dir='ltr'><strong>increatns,</strong></span> <span class='ocrx_word' id='word_1_797' title='bbox 2559 4108 2642 4175; x_wconf 91' lang='lat' dir='ltr'><strong>qui</strong></span> <span class='ocrx_word' id='word_1_798' title='bbox 2669 4121 2878 4174; x_wconf 88' lang='lat' dir='ltr'><strong>semper</strong></span> <span class='ocrx_word' id='word_1_799' title='bbox 2898 4115 2977 4158; x_wconf 89' lang='lat' dir='ltr'><strong>est</strong></span> <span class='ocrx_word' id='word_1_800' title='bbox 3000 4116 3051 4159; x_wconf 92' lang='lat' dir='ltr'><strong>et</strong></span> <span class='ocrx_word' id='word_1_801' title='bbox 3072 4106 3156 4174; x_wconf 91' lang='lat' dir='ltr'><strong>qui</strong></span> <span class='ocrx_word' id='word_1_802' title='bbox 3181 4120 3385 4172; x_wconf 84' lang='lat' dir='ltr'><strong>semper</strong></span> <span class='ocrx_word' id='word_1_803' title='bbox 3407 4120 3508 4158; x_wconf 88' lang='lat' dir='ltr'><strong>non</strong></span> 
     </span>
    </p>
   </div>
   <div class='ocr_carea' id='block_1_104' title="bbox 1963 4196 3512 4254">
    <p class='ocr_par' dir='ltr' id='par_1_104' title="bbox 1963 4196 3512 4254">
     <span class='ocr_line' id='line_1_104' title="bbox 1963 4196 3512 4254; baseline -0.003 0"><span class='ocrx_word' id='word_1_804' title='bbox 1963 4201 2075 4254; x_wconf 91' lang='lat' dir='ltr'><strong>est?</strong></span> <span class='ocrx_word' id='word_1_805' title='bbox 2101 4199 2341 4253; x_wconf 72' lang='lat' dir='ltr'><strong>Hmccine</strong></span> <span class='ocrx_word' id='word_1_806' title='bbox 2371 4198 2506 4251; x_wconf 86' lang='lat' dir='ltr'><strong>Deus</strong></span> <span class='ocrx_word' id='word_1_807' title='bbox 2534 4197 2701 4250; x_wconf 89' lang='lat' dir='ltr'><strong>inania</strong></span> <span class='ocrx_word' id='word_1_808' title='bbox 2733 4196 2889 4250; x_wconf 88' lang='lat' dir='ltr'><strong>verba</strong></span> <span class='ocrx_word' id='word_1_809' title='bbox 2921 4196 3142 4249; x_wconf 84' lang='lat' dir='ltr'><strong>tolerat?</strong></span> <span class='ocrx_word' id='word_1_810' title='bbox 3171 4196 3384 4250; x_wconf 91' lang='lat' dir='ltr'><strong>Unicum</strong></span> <span class='ocrx_word' id='word_1_811' title='bbox 3417 4212 3512 4249; x_wconf 76' lang='lat' dir='ltr'><strong>vo-</strong></span> 
     </span>
    </p>
   </div>
   <div class='ocr_carea' id='block_1_105' title="bbox 1963 4285 3508 4353">
    <p class='ocr_par' dir='ltr' id='par_1_105' title="bbox 1963 4285 3508 4353">
     <span class='ocr_line' id='line_1_105' title="bbox 1963 4285 3508 4353; baseline -0.002 -12"><span class='ocrx_word' id='word_1_812' title='bbox 1963 4288 2202 4342; x_wconf 86' lang='lat' dir='ltr'><strong>cabulum</strong></span> <span class='ocrx_word' id='word_1_813' title='bbox 2233 4302 2348 4340; x_wconf 90' lang='lat' dir='ltr'><strong>cum</strong></span> <span class='ocrx_word' id='word_1_814' title='bbox 2393 4286 2669 4353; x_wconf 85' lang='lat' dir='ltr'><strong>aliquando</strong></span> <span class='ocrx_word' id='word_1_815' title='bbox 2707 4285 2955 4353; x_wconf 87' lang='lat' dir='ltr'><strong>propheta</strong></span> <span class='ocrx_word' id='word_1_816' title='bbox 3001 4286 3316 4349; x_wconf 86' lang='lat' dir='ltr'><strong>immutaret,</strong></span> <span class='ocrx_word' id='word_1_817' title='bbox 3354 4286 3508 4339; x_wconf 87' lang='lat' dir='ltr'><strong>etiam</strong></span> 
     </span>
    </p>
   </div>
   <div class='ocr_carea' id='block_1_106' title="bbox 1962 4374 3479 4443">
    <p class='ocr_par' dir='ltr' id='par_1_106' title="bbox 1962 4374 3479 4443">
     <span class='ocr_line' id='line_1_106' title="bbox 1962 4374 3479 4443; baseline 0 -14"><span class='ocrx_word' id='word_1_818' title='bbox 1962 4376 2028 4430; x_wconf 92' lang='lat' dir='ltr'><strong>de</strong></span> <span class='ocrx_word' id='word_1_819' title='bbox 2056 4378 2156 4429; x_wconf 90' lang='lat' dir='ltr'><strong>vita</strong></span> <span class='ocrx_word' id='word_1_820' title='bbox 2187 4375 2503 4443; x_wconf 89' lang='lat' dir='ltr'><strong>periclitatus</strong></span> <span class='ocrx_word' id='word_1_821' title='bbox 2530 4384 2609 4428; x_wconf 86' lang='lat' dir='ltr'><strong>est</strong></span> <span class='ocrx_word' id='word_1_822' title='bbox 2650 4392 2661 4427; x_wconf 91' lang='lat'><strong>:</strong></span> <span class='ocrx_word' id='word_1_823' title='bbox 2695 4375 2903 4429; x_wconf 88' lang='lat' dir='ltr'><strong>attende</strong></span> <span class='ocrx_word' id='word_1_824' title='bbox 2942 4374 3090 4428; x_wconf 90' lang='lat' dir='ltr'><strong>unius</strong></span> <span class='ocrx_word' id='word_1_825' title='bbox 3132 4375 3327 4428; x_wconf 63' lang='lat' dir='ltr'><strong>voculae</strong></span> <span class='ocrx_word' id='word_1_826' title='bbox 3355 4390 3479 4429; x_wconf 87' lang='lat' dir='ltr'><strong>accu</strong></span> 
     </span>
    </p>
   </div>
   <div class='ocr_carea' id='block_1_107' title="bbox 1963 4463 3509 4533">
    <p class='ocr_par' dir='ltr' id='par_1_107' title="bbox 1963 4463 3509 4533">
     <span class='ocr_line' id='line_1_107' title="bbox 1963 4463 3509 4533; baseline 0 -16"><span class='ocrx_word' id='word_1_827' title='bbox 1963 4467 2238 4519; x_wconf 89' lang='lat' dir='ltr'><strong>rationem.</strong></span> <span class='ocrx_word' id='word_1_828' title='bbox 2272 4464 2487 4530; x_wconf 89' lang='lat' dir='ltr'><strong>Quidam</strong></span> <span class='ocrx_word' id='word_1_829' title='bbox 2520 4463 2885 4532; x_wconf 90' lang='lat' dir='ltr'><strong>pr0phetarum</strong></span> <span class='ocrx_word' id='word_1_830' title='bbox 2918 4464 3073 4517; x_wconf 89' lang='lat' dir='ltr'><strong>verba</strong></span> <span class='ocrx_word' id='word_1_831' title='bbox 3103 4464 3357 4533; x_wconf 90' lang='lat' dir='ltr'><strong>imperitia</strong></span> <span class='ocrx_word' id='word_1_832' title='bbox 3386 4479 3509 4531; x_wconf 89' lang='lat' dir='ltr'><strong>qua-</strong></span> 
     </span>
    </p>
   </div>
   <div class='ocr_carea' id='block_1_108' title="bbox 1962 4552 3510 4619">
    <p class='ocr_par' dir='ltr' id='par_1_108' title="bbox 1962 4552 3510 4619">
     <span class='ocr_line' id='line_1_108' title="bbox 1962 4552 3510 4619; baseline 0 -14"><span class='ocrx_word' id='word_1_833' title='bbox 1962 4554 2079 4606; x_wconf 90' lang='lat' dir='ltr'><strong>dam</strong></span> <span class='ocrx_word' id='word_1_834' title='bbox 2101 4552 2813 4619; x_wconf 85' lang='lat' dir='ltr'><strong>appellabantsumptionem,</strong></span> <span class='ocrx_word' id='word_1_835' title='bbox 2838 4560 3019 4616; x_wconf 73' lang='grc' dir='ltr'><strong>λῆμμα,</strong></span> <span class='ocrx_word' id='word_1_836' title='bbox 3046 4552 3267 4605; x_wconf 88' lang='lat' dir='ltr'><strong>Domini.</strong></span> <span class='ocrx_word' id='word_1_837' title='bbox 3286 4554 3354 4604; x_wconf 84' lang='lat' dir='ltr'><strong>At</strong></span> <span class='ocrx_word' id='word_1_838' title='bbox 3374 4552 3510 4605; x_wconf 84' lang='lat' dir='ltr'><strong>Deus</strong></span> 
     </span>
    </p>
   </div>
   <div class='ocr_carea' id='block_1_109' title="bbox 1962 4642 3508 4710">
    <p class='ocr_par' dir='ltr' id='par_1_109' title="bbox 1962 4642 3508 4710">
     <span class='ocr_line' id='line_1_109' title="bbox 1962 4642 3508 4710; baseline -0.002 -15"><span class='ocrx_word' id='word_1_839' title='bbox 1962 4658 2054 4710; x_wconf 90' lang='lat' dir='ltr'><strong>per</strong></span> <span class='ocrx_word' id='word_1_840' title='bbox 2079 4643 2356 4695; x_wconf 80' lang='lat' dir='ltr'><strong>Jeremiam</strong></span> <span class='ocrx_word' id='word_1_841' title='bbox 2389 4662 2399 4692; x_wconf 87' lang='lat'><strong>:</strong></span> <span class='ocrx_word' id='word_1_842' title='bbox 2437 4660 2454 4690; x_wconf 72' lang='grc' dir='ltr'>ί</span> <span class='ocrx_word' id='word_1_843' title='bbox 2489 4642 2543 4695; x_wconf 90' lang='lat' dir='ltr'><strong>Si</strong></span> <span class='ocrx_word' id='word_1_844' title='bbox 2576 4643 2916 4710; x_wconf 87' lang='lat' dir='ltr'><strong>interrogabit</strong></span> <span class='ocrx_word' id='word_1_845' title='bbox 2944 4651 2993 4695; x_wconf 90' lang='lat' dir='ltr'><strong>te</strong></span> <span class='ocrx_word' id='word_1_846' title='bbox 3034 4643 3272 4710; x_wconf 84' lang='lat' dir='ltr'><strong>populus,</strong></span> <span class='ocrx_word' id='word_1_847' title='bbox 3302 4642 3381 4693; x_wconf 85' lang='lat' dir='ltr'><strong>vel</strong></span> <span class='ocrx_word' id='word_1_848' title='bbox 3423 4656 3508 4693; x_wconf 86' lang='lat' dir='ltr'><strong>sa-</strong></span> 
     </span>
    </p>
   </div>
   <div class='ocr_carea' id='block_1_110' title="bbox 1960 4729 3509 4798">
    <p class='ocr_par' dir='ltr' id='par_1_110' title="bbox 1960 4729 3509 4798">
     <span class='ocr_line' id='line_1_110' title="bbox 1960 4729 3509 4798; baseline 0 -16"><span class='ocrx_word' id='word_1_849' title='bbox 1960 4730 2163 4793; x_wconf 89' lang='lat' dir='ltr'><strong>cerdos,</strong></span> <span class='ocrx_word' id='word_1_850' title='bbox 2195 4741 2283 4782; x_wconf 85' lang='lat' dir='ltr'><strong>aut</strong></span> <span class='ocrx_word' id='word_1_851' title='bbox 2315 4734 2584 4798; x_wconf 90' lang='lat' dir='ltr'><strong>pr0phcta,</strong></span> <span class='ocrx_word' id='word_1_852' title='bbox 2626 4742 2672 4783; x_wconf 88' lang='lat' dir='ltr'><strong>et</strong></span> <span class='ocrx_word' id='word_1_853' title='bbox 2712 4730 2902 4781; x_wconf 87' lang='lat' dir='ltr'><strong>dixerit</strong></span> <span class='ocrx_word' id='word_1_854' title='bbox 2931 4729 3019 4780; x_wconf 91' lang='lat' dir='ltr'><strong>tibi</strong></span> <span class='ocrx_word' id='word_1_855' title='bbox 3051 4746 3062 4779; x_wconf 90' lang='lat'><strong>:</strong></span> <span class='ocrx_word' id='word_1_856' title='bbox 3093 4729 3337 4792; x_wconf 64' lang='lat' dir='ltr'><strong>Quaenam</strong></span> <span class='ocrx_word' id='word_1_857' title='bbox 3368 4742 3509 4782; x_wconf 89' lang='lat' dir='ltr'><strong>sum-</strong></span> 
     </span>
    </p>
   </div>
   <div class='ocr_carea' id='block_1_111' title="bbox 1961 4816 3507 4886">
    <p class='ocr_par' dir='ltr' id='par_1_111' title="bbox 1961 4816 3507 4886">
     <span class='ocr_line' id='line_1_111' title="bbox 1961 4816 3507 4886; baseline -0.001 -17"><span class='ocrx_word' id='word_1_858' title='bbox 1961 4818 2088 4885; x_wconf 90' lang='lat' dir='ltr'><strong>ptio,</strong></span> <span class='ocrx_word' id='word_1_859' title='bbox 2125 4818 2321 4884; x_wconf 70' lang='grc' dir='ltr'><strong>λῆμμαῖ</strong></span> <span class='ocrx_word' id='word_1_860' title='bbox 2350 4818 2434 4871; x_wconf 90' lang='lat' dir='ltr'><strong>dic</strong></span> <span class='ocrx_word' id='word_1_861' title='bbox 2483 4819 2605 4886; x_wconf 88' lang='lat' dir='ltr'><strong>ipsis</strong></span> <span class='ocrx_word' id='word_1_862' title='bbox 2650 4835 2660 4869; x_wconf 91' lang='lat'><strong>:</strong></span> <span class='ocrx_word' id='word_1_863' title='bbox 2696 4817 2798 4869; x_wconf 70' lang='lat' dir='ltr'><strong>Vos</strong></span> <span class='ocrx_word' id='word_1_864' title='bbox 2846 4816 2971 4868; x_wconf 89' lang='lat' dir='ltr'><strong>estis</strong></span> <span class='ocrx_word' id='word_1_865' title='bbox 3014 4818 3240 4882; x_wconf 85' lang='lat' dir='ltr'><strong>sumptio</strong></span> <span class='ocrx_word' id='word_1_866' title='bbox 3284 4818 3507 4869; x_wconf 87' lang='lat' dir='ltr'><strong>Domini.</strong></span> 
     </span>
    </p>
   </div>
   <div class='ocr_carea' id='block_1_112' title="bbox 1959 4906 3510 4973">
    <p class='ocr_par' dir='ltr' id='par_1_112' title="bbox 1959 4906 3510 4973">
     <span class='ocr_line' id='line_1_112' title="bbox 1959 4906 3510 4973; baseline -0.002 -15"><span class='ocrx_word' id='word_1_867' title='bbox 1959 4907 2174 4973; x_wconf 80' lang='lat' dir='ltr'><strong>Rapiam</strong></span> <span class='ocrx_word' id='word_1_868' title='bbox 2202 4909 2339 4961; x_wconf 91' lang='lat' dir='ltr'><strong>enim</strong></span> <span class='ocrx_word' id='word_1_869' title='bbox 2370 4920 2463 4959; x_wconf 89' lang='lat' dir='ltr'><strong>vos</strong></span> <span class='ocrx_word' id='word_1_870' title='bbox 2493 4908 2747 4971; x_wconf 88' lang='lat' dir='ltr'><strong>rapinam,</strong></span> <span class='ocrx_word' id='word_1_871' title='bbox 2778 4915 2829 4957; x_wconf 90' lang='lat' dir='ltr'><strong>et</strong></span> <span class='ocrx_word' id='word_1_872' title='bbox 2852 4919 3088 4972; x_wconf 88' lang='lat' dir='ltr'><strong>rumpam</strong></span> <span class='ocrx_word' id='word_1_873' title='bbox 3121 4920 3232 4966; x_wconf 90' lang='lat' dir='ltr'><strong>vos,</strong></span> <span class='ocrx_word' id='word_1_874' title='bbox 3267 4921 3330 4957; x_wconf 88' lang='lat' dir='ltr'><strong>ne</strong></span> <span class='ocrx_word' id='word_1_875' title='bbox 3361 4906 3510 4957; x_wconf 79' lang='lat' dir='ltr'><strong>dein-</strong></span> 
     </span>
    </p>
   </div>
   <div class='ocr_carea' id='block_1_113' title="bbox 1960 4991 3511 5061">
    <p class='ocr_par' dir='ltr' id='par_1_113' title="bbox 1960 4991 3511 5061">
     <span class='ocr_line' id='line_1_113' title="bbox 1960 4991 3511 5061; baseline -0.001 -15"><span class='ocrx_word' id='word_1_876' title='bbox 1960 5010 2083 5061; x_wconf 80' lang='lat' dir='ltr'><strong>ceps</strong></span> <span class='ocrx_word' id='word_1_877' title='bbox 2121 4996 2305 5049; x_wconf 88' lang='lat' dir='ltr'><strong>dicatis</strong></span> <span class='ocrx_word' id='word_1_878' title='bbox 2336 4995 2681 5059; x_wconf 87' lang='lat' dir='ltr'><strong>sumptionem</strong></span> <span class='ocrx_word' id='word_1_879' title='bbox 2718 5010 2733 5041; x_wconf 76' lang='grc' dir='ltr'><strong><em>ι</em></strong></span> <span class='ocrx_word' id='word_1_880' title='bbox 2784 4991 2909 5059; x_wconf 88' lang='lat' dir='ltr'><strong>(.Ier.</strong></span> <span class='ocrx_word' id='word_1_881' title='bbox 2953 4992 3039 5045; x_wconf 71' lang='lat'><strong>25.</strong></span> <span class='ocrx_word' id='word_1_882' title='bbox 3092 4993 3204 5059; x_wconf 80' lang='lat'><strong>53).</strong></span> <span class='ocrx_word' id='word_1_883' title='bbox 3246 4993 3299 5046; x_wconf 89' lang='lat' dir='ltr'><strong>Si</strong></span> <span class='ocrx_word' id='word_1_884' title='bbox 3342 4994 3511 5060; x_wconf 86' lang='lat' dir='ltr'><strong>itaque</strong></span> 
     </span>
    </p>
   </div>
   <div class='ocr_carea' id='block_1_114' title="bbox 1959 5081 3512 5141">
    <p class='ocr_par' dir='ltr' id='par_1_114' title="bbox 1959 5081 3512 5141">
     <span class='ocr_line' id='line_1_114' title="bbox 1959 5081 3512 5141; baseline -0.002 -4"><span class='ocrx_word' id='word_1_885' title='bbox 1959 5100 2117 5138; x_wconf 92' lang='lat' dir='ltr'><strong>unum</strong></span> <span class='ocrx_word' id='word_1_886' title='bbox 2151 5085 2363 5136; x_wconf 90' lang='lat' dir='ltr'><strong>verbum</strong></span> <span class='ocrx_word' id='word_1_887' title='bbox 2390 5084 2709 5141; x_wconf 87' lang='lat' dir='ltr'><strong>imtnntetur,</strong></span> <span class='ocrx_word' id='word_1_888' title='bbox 2736 5081 2871 5134; x_wconf 88' lang='lat' dir='ltr'><strong>Deus</strong></span> <span class='ocrx_word' id='word_1_889' title='bbox 2893 5081 3275 5135; x_wconf 82' lang='lat' dir='ltr'><strong>comminatur:</strong></span> <span class='ocrx_word' id='word_1_890' title='bbox 3308 5092 3358 5133; x_wconf 93' lang='lat' dir='ltr'><strong>tu</strong></span> <span class='ocrx_word' id='word_1_891' title='bbox 3388 5098 3512 5135; x_wconf 86' lang='lat' dir='ltr'><strong>vero</strong></span> 
     </span>
    </p>
   </div>
   <div class='ocr_carea' id='block_1_115' title="bbox 1956 5169 3513 5239">
    <p class='ocr_par' dir='ltr' id='par_1_115' title="bbox 1956 5169 3513 5239">
     <span class='ocr_line' id='line_1_115' title="bbox 1956 5169 3513 5239; baseline -0.003 -15"><span class='ocrx_word' id='word_1_892' title='bbox 1956 5172 2405 5239; x_wconf 88' lang='lat' dir='ltr'><strong>integerrimorum</strong></span> <span class='ocrx_word' id='word_1_893' title='bbox 2443 5169 2738 5237; x_wconf 80' lang='lat' dir='ltr'><strong>dogmatum</strong></span> <span class='ocrx_word' id='word_1_894' title='bbox 2785 5172 3169 5224; x_wconf 86' lang='lat' dir='ltr'><strong>accorationem</strong></span> <span class='ocrx_word' id='word_1_895' title='bbox 3220 5172 3513 5237; x_wconf 83' lang='lat' dir='ltr'><strong>pervertis?</strong></span> 
     </span>
    </p>
   </div>
   <div class='ocr_carea' id='block_1_116' title="bbox 1956 5260 3510 5328">
    <p class='ocr_par' dir='ltr' id='par_1_116' title="bbox 1956 5260 3510 5328">
     <span class='ocr_line' id='line_1_116' title="bbox 1956 5260 3510 5328; baseline -0.001 -16"><span class='ocrx_word' id='word_1_896' title='bbox 1956 5261 2123 5323; x_wconf 80' lang='lat' dir='ltr'><strong>Patris</strong></span> <span class='ocrx_word' id='word_1_897' title='bbox 2154 5274 2340 5311; x_wconf 84' lang='lat' dir='ltr'><strong>nomen</strong></span> <span class='ocrx_word' id='word_1_898' title='bbox 2370 5260 2757 5312; x_wconf 89' lang='lat' dir='ltr'><strong>circumscribis</strong></span> <span class='ocrx_word' id='word_1_899' title='bbox 2799 5279 2809 5312; x_wconf 89' lang='lat'>:</span> <span class='ocrx_word' id='word_1_900' title='bbox 2839 5261 2954 5312; x_wconf 88' lang='lat' dir='ltr'><strong>Filii</strong></span> <span class='ocrx_word' id='word_1_901' title='bbox 2984 5260 3285 5328; x_wconf 83' lang='lat' dir='ltr'><strong>dignitatem</strong></span> <span class='ocrx_word' id='word_1_902' title='bbox 3312 5260 3510 5314; x_wconf 83' lang='lat' dir='ltr'><strong>inficia-</strong></span> 
     </span>
    </p>
   </div>
   <div class='ocr_carea' id='block_1_117' title="bbox 1953 5348 3506 5417">
    <p class='ocr_par' dir='ltr' id='par_1_117' title="bbox 1953 5348 3506 5417">
     <span class='ocr_line' id='line_1_117' title="bbox 1953 5348 3506 5417; baseline 0.001 -17"><span class='ocrx_word' id='word_1_903' title='bbox 1953 5349 2045 5410; x_wconf 90' lang='lat' dir='ltr'><strong>ris,</strong></span> <span class='ocrx_word' id='word_1_904' title='bbox 2078 5350 2241 5400; x_wconf 89' lang='lat' dir='ltr'><strong>sancti</strong></span> <span class='ocrx_word' id='word_1_905' title='bbox 2276 5348 2501 5415; x_wconf 88' lang='lat' dir='ltr'><strong>Spiritus</strong></span> <span class='ocrx_word' id='word_1_906' title='bbox 2528 5350 2742 5416; x_wconf 87' lang='lat' dir='ltr'><strong>gloriam</strong></span> <span class='ocrx_word' id='word_1_907' title='bbox 2774 5350 3029 5417; x_wconf 86' lang='lat' dir='ltr'><strong>abrogas?</strong></span> <span class='ocrx_word' id='word_1_908' title='bbox 3056 5365 3177 5402; x_wconf 87' lang='lat' dir='ltr'><strong>num</strong></span> <span class='ocrx_word' id='word_1_909' title='bbox 3208 5364 3388 5402; x_wconf 87' lang='lat' dir='ltr'><strong>manus</strong></span> <span class='ocrx_word' id='word_1_910' title='bbox 3419 5350 3506 5401; x_wconf 75' lang='lat' dir='ltr'><strong>Dei</strong></span> 
     </span>
    </p>
   </div>
   <div class='ocr_carea' id='block_1_118' title="bbox 1952 5439 3503 5507">
    <p class='ocr_par' dir='ltr' id='par_1_118' title="bbox 1952 5439 3503 5507">
     <span class='ocr_line' id='line_1_118' title="bbox 1952 5439 3503 5507; baseline -0.001 -14"><span class='ocrx_word' id='word_1_911' title='bbox 1952 5439 2205 5507; x_wconf 83' lang='lat' dir='ltr'><strong>effugies?</strong></span> <span class='ocrx_word' id='word_1_912' title='bbox 2234 5439 2403 5493; x_wconf 85' lang='lat' dir='ltr'><strong>Grave</strong></span> <span class='ocrx_word' id='word_1_913' title='bbox 2446 5450 2523 5494; x_wconf 91' lang='lat' dir='ltr'><strong>est</strong></span> <span class='ocrx_word' id='word_1_914' title='bbox 2571 5451 2623 5493; x_wconf 89' lang='lat' dir='ltr'><strong>et</strong></span> <span class='ocrx_word' id='word_1_915' title='bbox 2670 5440 2937 5503; x_wconf 89' lang='lat' dir='ltr'><strong>horribile,</strong></span> <span class='ocrx_word' id='word_1_916' title='bbox 2984 5442 3198 5493; x_wconf 90' lang='lat' dir='ltr'><strong>verbum</strong></span> <span class='ocrx_word' id='word_1_917' title='bbox 3246 5440 3337 5492; x_wconf 92' lang='lat' dir='ltr'><strong>Dei</strong></span> <span class='ocrx_word' id='word_1_918' title='bbox 3384 5440 3503 5501; x_wconf 83' lang='lat' dir='ltr'><strong>vivi,</strong></span> 
     </span>
    </p>
   </div>
   <div class='ocr_carea' id='block_1_119' title="bbox 1954 5524 3509 5595">
    <p class='ocr_par' dir='ltr' id='par_1_119' title="bbox 1954 5524 3509 5595">
     <span class='ocr_line' id='line_1_119' title="bbox 1954 5524 3509 5595; baseline -0.001 -16"><span class='ocrx_word' id='word_1_919' title='bbox 1954 5526 2160 5579; x_wconf 88' lang='lat' dir='ltr'><strong>Domini</strong></span> <span class='ocrx_word' id='word_1_920' title='bbox 2189 5524 2283 5579; x_wconf 86' lang='lat' dir='ltr'><strong>Dei</strong></span> <span class='ocrx_word' id='word_1_921' title='bbox 2312 5530 2498 5593; x_wconf 90' lang='lat' dir='ltr'><strong>nostri,</strong></span> <span class='ocrx_word' id='word_1_922' title='bbox 2546 5538 2860 5595; x_wconf 85' lang='lat' dir='ltr'><strong>pervertere.</strong></span> <span class='ocrx_word' id='word_1_923' title='bbox 2908 5528 2960 5583; x_wconf 90' lang='lat' dir='ltr'><strong>Si</strong></span> <span class='ocrx_word' id='word_1_924' title='bbox 3003 5528 3157 5579; x_wconf 83' lang='lat' dir='ltr'><strong>verba</strong></span> <span class='ocrx_word' id='word_1_925' title='bbox 3188 5527 3356 5594; x_wconf 89' lang='lat' dir='ltr'><strong>aliqua</strong></span> <span class='ocrx_word' id='word_1_926' title='bbox 3392 5541 3509 5593; x_wconf 63' lang='lat' dir='ltr'><strong>per.</strong></span> 
     </span>
    </p>
   </div>
   <div class='ocr_carea' id='block_1_120' title="bbox 1950 5616 3509 5685">
    <p class='ocr_par' dir='ltr' id='par_1_120' title="bbox 1950 5616 3509 5685">
     <span class='ocr_line' id='line_1_120' title="bbox 1950 5616 3509 5685; baseline 0 -17"><span class='ocrx_word' id='word_1_927' title='bbox 1950 5626 2239 5680; x_wconf 89' lang='lat' dir='ltr'><strong>vertantur,</strong></span> <span class='ocrx_word' id='word_1_928' title='bbox 2272 5618 2415 5671; x_wconf 87' lang='lat' dir='ltr'><strong>Deus</strong></span> <span class='ocrx_word' id='word_1_929' title='bbox 2446 5619 2742 5685; x_wconf 84' lang='lat' dir='ltr'><strong>indignatur</strong></span> <span class='ocrx_word' id='word_1_930' title='bbox 2775 5636 2786 5669; x_wconf 89' lang='lat'><strong>:</strong></span> <span class='ocrx_word' id='word_1_931' title='bbox 2818 5628 2871 5672; x_wconf 90' lang='lat' dir='ltr'><strong>et</strong></span> <span class='ocrx_word' id='word_1_932' title='bbox 2895 5617 3219 5685; x_wconf 84' lang='lat' dir='ltr'><strong>dogmatibus</strong></span> <span class='ocrx_word' id='word_1_933' title='bbox 3245 5616 3509 5668; x_wconf 76' lang='lat' dir='ltr'><strong>subversis</strong></span> 
     </span>
    </p>
   </div>
   <div class='ocr_carea' id='block_1_121' title="bbox 1950 5705 3503 5776">
    <p class='ocr_par' dir='ltr' id='par_1_121' title="bbox 1950 5705 3503 5776">
     <span class='ocr_line' id='line_1_121' title="bbox 1950 5705 3503 5776; baseline -0.001 -18"><span class='ocrx_word' id='word_1_934' title='bbox 1950 5719 2053 5760; x_wconf 88' lang='lat' dir='ltr'><strong>non</strong></span> <span class='ocrx_word' id='word_1_935' title='bbox 2077 5705 2367 5759; x_wconf 85' lang='lat' dir='ltr'><strong>irascetur?</strong></span> <span class='ocrx_word' id='word_1_936' title='bbox 2388 5707 2533 5760; x_wconf 88' lang='lat' dir='ltr'><strong>Tune</strong></span> <span class='ocrx_word' id='word_1_937' title='bbox 2559 5710 2834 5762; x_wconf 80' lang='lat' dir='ltr'><strong>Servatore</strong></span> <span class='ocrx_word' id='word_1_938' title='bbox 2863 5708 3144 5776; x_wconf 82' lang='lat' dir='ltr'><strong>sapientior</strong></span> <span class='ocrx_word' id='word_1_939' title='bbox 3162 5706 3183 5753; x_wconf 85' lang='lat'><em>‘?</em></span> <span class='ocrx_word' id='word_1_940' title='bbox 3200 5716 3326 5759; x_wconf 84' lang='lat' dir='ltr'><strong>teun</strong></span> <span class='ocrx_word' id='word_1_941' title='bbox 3348 5706 3503 5761; x_wconf 64' lang='lat' dir='ltr'><strong>Evam</strong></span> 
     </span>
    </p>
   </div>
  </div>
