4096 6482
599 397 713 454 407

601 497 739 566 gelio
763 491 1095 551 accuratior?
1114 489 1446 547 Pertimesee
1471 487 1721 558 judicium
1746 487 1838 540 Dei
1867 502 1880 540 :
1910 484 2036 540 illud
2059 494 2161 539 tre-

606 588 852 644 mendum
895 599 1084 638 nomen
1129 579 1428 641 reformida,
1475 577 1724 631 malitiam
1755 589 2021 642 aversare,
2055 587 2166 642 pte-

609 678 879 735 nitentiam
917 675 1009 729 tibi
1035 686 1292 743 propone,
1320 679 1373 724 et
1398 669 1528 723 ﬁdes
1552 668 1773 722 salutem
1804 665 1893 719 tibi
1921 665 2160 734 spondet.

613 763 917 823 Plenitentia
946 761 1086 817 enim
1116 759 1338 815 salutem
1380 757 1534 828 parit.
1565 764 1618 811 et
1645 755 1730 819 iis,
1761 756 1846 825 qui
1887 754 1938 808 iu
1978 753 2163 808 harrcsi

616 865 908 918 versantur,
939 853 1130 923 quique
1156 849 1290 905 adeo
1319 848 1370 903 in
1400 847 1517 901 aliis
1547 844 1772 915 peccatis
1808 842 2127 897 volutantur.

679 947 734 1002 6.
751 944 1060 1002 Ptznitentite
1079 942 1269 996 laudes.
1294 937 1539 1008 Martyres
1553 946 1600 992 et
1619 935 1783 1004 angeli
1803 943 1946 988 orant
1965 951 2055 1004 pro
2076 950 2166 988 no-

609 1040 703 1092 bis.
747 1063 812 1080 -ι
865 1031 1176 1090 Ρωηὶῑθηιίδ
1215 1029 1359 1086 radix
1401 1026 1609 1098 pietatis
1646 1035 1745 1081 est.
1778 1024 2165 1093 Resipiscamus

609 1144 758 1199 ergo,
786 1129 1052 1197 Deumque
1080 1141 1173 1195 per
1220 1121 1573 1192 ptendtentiam
1613 1131 1906 1177 exoremus,
1937 1124 1994 1169 ut
2032 1115 2163 1169 bella

610 1217 835 1279 auferat.
861 1214 1112 1270 barbaros
1143 1211 1461 1278 exstinguat,
1489 1205 1715 1261 hostium
1744 1203 2070 1258 incursiones
2099 1201 2163 1254 ad

613 1305 832 1360 nihilum
872 1301 1072 1371 redigat.
1099 1317 1113 1354 :
1137 1307 1192 1355 et
1233 1299 1385 1352 nobis
1409 1297 1650 1350 omnibus
1686 1294 1834 1346 houis
1865 1294 2026 1346 libere
2066 1291 2164 1345 frui

611 1392 883 1448 concedat.
922 1388 1050 1446 Cum
1069 1387 1189 1458 quis
1215 1402 1282 1442 ex
1305 1387 1479 1442 animo
1497 1383 1757 1454 paenitens
1769 1383 1832 1436 ad
1863 1382 2026 1436 Deum
2048 1395 2166 1436 sese

612 1481 912 1547 contulerit,
939 1477 1245 1550 paenitentia
1277 1477 1436 1530 Deum
1466 1473 1745 1528 admodum
1763 1473 1953 1542 placat.
1975 1471 2167 1525 Exem-

615 1577 686 1645 pli
737 1574 901 1644 gratia
942 1589 960 1628 :
1005 1571 1240 1640 peccavit
1284 1564 1566 1636 aliquando
1615 1565 1859 1636 populus,
1907 1561 2163 1631 paenituit,

613 1664 777 1726 ﬂevit,
807 1662 973 1731 inquit
1001 1661 1140 1715 Deus
1165 1675 1182 1713 :
1211 1675 1232 1711 s
1259 1656 1488 1713 Audiens
1503 1654 1677 1710 audivi
1697 1653 1946 1722 gemitum
1973 1649 2167 1719 Ephra-

613 1756 686 1809 im
712 1751 1046 1805 lamentantis
1072 1760 1125 1804 et
1145 1746 1366 1801 dicentis
1388 1761 1405 1801 :
1431 1742 1706 1812 Castigasti
1731 1756 1835 1802 me,
1861 1739 2096 1802 Domine,
2115 1746 2170 1791 et

615 1854 720 1894 non
749 1838 1056 1894 emendatus
1080 1850 1218 1900 sum,
1234 1834 1329 1890 sed
1355 1835 1516 1887 factus
1543 1847 1656 1884 sum
1682 1829 1820 1884 velut
1859 1828 2053 1881 vitulus
2075 1840 2168 1895 pe-

618 1931 791 1984 tulans
819 1946 834 1982 :
861 1936 1108 1983 converte
1137 1941 1242 1988 me,
1268 1934 1320 1979 et
1343 1933 1623 1980 convertar
1649 1938 1668 1974 ι
1695 1920 1823 1991 (Jer.
1851 1919 2074 1988 31.18).
2107 1919 2169 1972 Et

617 2020 743 2089 quid
773 2019 912 2074 Deus
937 2017 1004 2071 ad
1028 2017 1238 2085 ipsum?
1267 2014 1343 2067 Eo
1375 2012 1509 2083 quod
1547 2025 1796 2065 sermones
1838 2008 1935 2061 mei
1975 2008 2027 2061 in
2061 2008 2168 2076 ipso

617 2118 756 2175 sunt,
782 2123 1090 2180 nequaquam
1133 2103 1427 2160 recordabar
1453 2103 1584 2170 ejus,
1627 2110 1674 2156 et
1707 2100 1864 2171 ipsius
1908 2097 2172 2151 miserebor

620 2199 782 2271 (Ibid.
818 2215 867 2254 ν.
900 2199 1018 2269 20).
1059 2197 1137 2254 Ne
1164 2196 1280 2267 quis
1305 2204 1357 2249 te
1390 2199 1687 2248 conterreat
1708 2232 1723 2255 ,
1747 2205 1851 2244 non
1878 2187 2034 2250 fama,
2065 2201 2170 2240 non

619 2289 773 2346 cunei
823 2288 1183 2348 barbarorum,
1212 2294 1266 2339 et
1300 2283 1461 2338 densa
1491 2281 1676 2335 nebula
1707 2296 1722 2334 :
1752 2277 1957 2333 etiamsi
1994 2276 2172 2330 hostes

619 2381 786 2436 nostri
834 2376 1240 2433 innumerabiles
1280 2374 1386 2428 sint
1415 2370 1762 2434 multitudine,
1791 2367 2037 2423 defensor
2073 2380 2171 2419 no.

621 2479 734 2525 ster
762 2470 916 2537 longe
943 2465 1128 2521 fortior
1151 2472 1252 2519 est.
1299 2462 1356 2517 Si
1385 2462 1451 2516 de
1497 2459 1830 2515 multitudine
1879 2456 2171 2524 suspicans,

627 2560 836 2622 timeas,
869 2556 1088 2610 Elia-saeue
1115 2553 1367 2623 propheta
1413 2551 1503 2604 tibi
1532 2550 1677 2613 dicit,
1706 2546 1787 2601 Ne
1821 2555 2030 2607 metuas,
2061 2545 2174 2614 plu-

622 2665 700 2702 res
726 2647 976 2700 nobiscum
1002 2652 1134 2707 sunt,
1155 2658 1303 2712 quam
1326 2657 1436 2694 cum
1456 2639 1556 2693 illis
1581 2638 1657 2704 (ι.
1685 2638 1809 2707 Reg.
1838 2636 1892 2691 6.
1921 2636 2032 2703 16).
2064 2634 2174 2687 Illic

622 2737 832 2805 quidem
870 2733 1210 2788 barbarorum
1253 2728 1548 2792 multitudo,
1580 2727 1662 2779 hic
1706 2723 2010 2792 angelorum
2047 2721 2174 2790 pha-

623 2825 743 2876 lanx
774 2831 871 2875 est.
896 2820 1022 2874 Nam
1046 2834 1142 2887 pro
1167 2819 1264 2886 piis
1289 2816 1587 2870 hominibus
1611 2821 1663 2867 et
1682 2813 1944 2880 angelicas
1968 2811 2172 2862 exerci-

626 2923 710 2965 tus
760 2916 973 2979 pugnat,
999 2916 1052 2961 et
1091 2905 1456 2976 prophetarum
1483 2903 1697 2964 chorus,
1723 2909 1775 2953 et
1819 2899 2172 2967 apostolorum

625 3007 879 3070 potestas,
904 3007 957 3052 et
986 3006 1271 3068 martyrum
1295 3005 1498 3063 preces.
1541 2990 1656 3048 Noli
1686 2989 1824 3043 enim
1848 2987 2169 3050 existimare,

628 3102 887 3162 martyres
916 3095 1112 3140 tantum
1135 3099 1228 3154 pro
1252 3084 1403 3139 nobis
1420 3095 1573 3135 orare
1601 3093 1617 3131 :
1642 3079 1766 3148 quin
1801 3085 1853 3131 et
1871 3075 2060 3144 angeli,
2089 3088 2175 3128 re-

627 3181 727 3236 bus
757 3179 948 3233 nostris
973 3176 1225 3238 adversis,
1255 3187 1349 3241 pro
1399 3170 1551 3225 nobis
1594 3169 1976 3236 deprecantur:
2008 3177 2178 3231 neque

627 3270 796 3323 solum
824 3269 1188 3337 deprecantur,
1211 3262 1302 3316 sed
1334 3269 1386 3314 et
1419 3272 1725 3326 responsum
1753 3272 1782 3309 a
1814 3255 2046 3310 benefica
2071 3253 2175 3307 Do-

629 3361 773 3413 mino
799 3359 1077 3428 accipiunt.
1101 3353 1382 3409 Zacharias
1409 3349 1658 3419 propheta
1685 3347 1757 3400 ait
1785 3363 1798 3400 :
1828 3364 1846 3396 t
1877 3345 2178 3414 Etrespon-

628 3449 702 3501 dit
731 3445 1064 3516 angelus,qui
1095 3440 1322 3511 loquitur
1352 3439 1402 3492 in
1431 3444 1593 3500 me,et
1619 3435 1748 3490 dixit
1774 3434 1838 3487 ad
1869 3434 2174 3486 Dominum»

632 3535 810 3605 (Zaclt.
836 3537 886 3588 1.
917 3535 970 3587 9.
996 3542 1050 3585 et
1075 3528 1162 3600 η)
1191 3546 1206 3583 :
1237 3528 1358 3581 llzcc
1407 3535 1580 3578 autem
1605 3522 1774 3591 angeli
1812 3522 1905 3574 fuit
1925 3521 2175 3588 precatio.

638 3643 655 3675 s
696 3620 914 3676 Domine
939 3622 1282 3679 exercituum,
1310 3626 1577 3682 usquequo
1616 3621 1670 3663 tu
1701 3625 1803 3662 non
1843 3608 2177 3661 misereberis

629 3714 940 3772 Jerusalem,
972 3718 1025 3764 et
1052 3708 1256 3761 urbium
1276 3705 1429 3764 Juda,
1455 3717 1585 3771 quas
1605 3700 1894 3770 despexisti
1914 3699 1934 3751 ?
1955 3698 2053 3752 iste
2070 3699 2177 3764 jam

630 3802 1043 3873 septuagesimus
1069 3812 1235 3850 annus
1267 3804 1366 3850 est.
1397 3812 1416 3846 ι
1441 3792 1574 3860 Quid
1614 3791 1803 3859 igitur?
1825 3789 2181 3857 repudiavitue

632 3897 774 3950 Deus
798 3893 1084 3947 orationem
1111 3888 1311 3957 angeli?
1333 3885 1542 3939 Minime
1574 3883 1622 3936 id
1652 3881 1884 3950 quidem.
1915 3879 2049 3946 Quid
2081 3879 2182 3946 igi-

631 3999 720 4042 tur
773 3984 1007 4054 responsi
1056 3979 1231 4034 dedit?
1260 3974 1550 4042 Respondit,
1583 3972 1772 4041 inquit,
1827 3969 2069 4023 Dominus
2117 3969 2183 4021 ad

633 4075 866 4144 angelum
885 4072 1160 4141 loquentem
1179 4067 1230 4119 in
1260 4080 1336 4118 me
1354 4064 1497 4118 verba
1523 4060 1856 4115 consolatorie
1873 4096 1891 4124 ,
1920 4066 1965 4111 et
1993 4073 2183 4112 sermo-

633 4183 721 4220 nss
763 4161 1115 4217 consolatorios
1144 4155 1304 4225 (Ibid.
1337 4170 1382 4208 ν.
1426 4154 1537 4223 15).
1587 4153 1937 4206 Obsecremus
1960 4164 2086 4218 ergo
2132 4158 2187 4202 et

635 4269 734 4310 nos
779 4253 1055 4308 Dominum
1091 4247 1415 4316 angelorum,
1445 4251 1496 4296 et
1533 4240 1725 4310 legabit
1753 4255 1912 4294 unum
1939 4255 2001 4292 ex
2031 4253 2188 4307 ange-

638 4346 701 4398 lis
730 4343 817 4410 qui
843 4350 1001 4394 totatn
1026 4339 1331 4407 phalangem
1360 4332 1585 4384 hostium
1607 4328 1898 4396 dissipabit.
1927 4327 2038 4394 Ego
2060 4341 2187 4379 vero

636 4443 689 4487 et
718 4432 968 4501 picturam
992 4442 1055 4479 ex
1080 4439 1198 4478 cera
1227 4424 1411 4475 factam
1431 4418 1688 4480 adamavi,
1712 4416 1903 4483 pietate
1915 4413 2183 4468 refertam.

638 4523 694 4576 ln
742 4518 965 4586 imagine
995 4512 1096 4566 vidi
1136 4510 1413 4579 angelum,
1446 4505 1784 4560 barbarorum
1817 4503 1957 4556 illam
1993 4501 2184 4556 nubem

637 4610 996 4681 proﬂigantem
1024 4601 1122 4674 (η),
1152 4600 1254 4653 vidi
1277 4597 1524 4651 barbaras
1550 4601 1730 4662 gentes
1773 4591 2070 4645 conculcari
2094 4632 2106 4652 ,
2136 4600 2188 4645 et

641 4699 889 4753 Davidem
921 4709 1042 4749 vere
1062 4691 1356 4746 exclamare
1385 4703 1400 4739 :
1433 4684 1657 4748 Domine,
1670 4682 1721 4734 in
1737 4681 1932 4734 civitate
1957 4691 2041 4731 tua
2064 4681 2192 4730 ima-

703 4872 775 4932 (α)
810 4873 891 4919 Hic
911 4868 1045 4917 locus
1063 4864 1268 4913 habetur
1290 4862 1339 4910 ιη
1355 4850 2190 4932 εῖΡοάίὶεὲςῗέτὶίὲθὲἓῗὲτὶὶλὲξτ.ἒ.ξ

641 4915 1056 4988 ὶιίἑῖἷθιῖῦἱὲὲςο
1080 4933 1131 4988 (et
1165 4936 1276 4973 cera
1293 4915 1550 4988 perﬂatum
1583 4915 1732 4985 dilexi
1762 4915 2192 4988 pieturamﬂpietate

638 4971 1138 5055 rid—inertius
1159 4971 1453 5055 angelungin
1474 4975 1676 5038 imagine
1690 4971 1942 5055 pellentem
1967 4971 2192 5055 barbitio:

639 5033 1141 5106 'r'JrﬁMTbeign
1164 5033 1331 5091 Fronto
1368 5033 1601 5106 Ducazus}
1635 5033 1840 5106 g'Altera
1860 5033 2193 5106 interpretatio

639 5091 1139 5172 iii'éia'éic'hasat’t;
1154 5112 1257 5172 ﬁgo
1277 5111 1327 5172 et_
1343 5113 1405 5172 ea:
1423 5111 1546 5172 cera_
1554 5094 1751 5172 [uallem
1759 5091 2010 5172 ῌηῇἕιιξιξξξ
2027 5126 2040 5149 ν
2066 5091 2193 5172 gues}

641 5151 835 5222 £535.?
856 5151 1348 5228 adimendoque
1364 5169 1494 5228 Joan.
1535 5151 2100 5228 Damascenjutnﬂratlé
2130 5151 2194 5228 de

640 5210 1559 5292 grtia-gilium;agitet’t'antgscripturam,
1577 5223 1659 5292 aut
1676 5213 1814 5292 ade

641 5269 1169 5357 253°éi'2'e23’th7asam'
1186 5269 1341 5357 dilect:
1350 5269 1998 5357 't'ntagin'fmj‘auhtznho‘e.
2022 5278 2196 5354 Beure-

643 5334 1255 5411 ;tisv,"seripturam_certe
1291 5334 1585 5411 impressam.
1616 5334 2198 5411 Qrmcis‘euimAﬂeiTmt.

641 5397 926 5475 picturaresi
943 5444 958 5465 ,
981 5419 1088 5467 quae
1111 5403 1162 5451 ﬁt
1189 5415 1248 5449 ex
1275 5397 1416 5446 ceris.
1441 5397 1662 5444 Solebant
1693 5397 1820 5464 enim
1855 5405 1916 5440 ex
1927 5397 2076 5464 _ceris
2099 5397 2197 5498 pin-

644 5486 766 5498 ηη-..
812 5484 867 5498 ,η
888 5470 1165 5498 ρηςιιιιη-υηι
1189 5463 1381 5498 imirem
1399 5493 1413 5498 _
1435 5466 1489 5498 ut
1509 5457 1650 5498 docet
1672 5454 1845 5498 Plinius
1870 5452 1900 5498 l.
1927 5453 2005 5498 οὕ.
2025 5464 2071 5498 c.
2135 5451 2152 5498 ι
2179 5464 2194 5498 :

643 5451 1165 5534 ἕὲἕὲξὲἐὲἱὲίῦωέκηι
1179 5463 1381 5530 inurere
1399 5493 1416 5526 ,
1435 5466 1489 5504 ut
1509 5457 1650 5503 docet
1672 5454 1845 5522 Plinius
1870 5452 1900 5499 t.
1927 5453 2071 5534 55,}.
2101 5451 2152 5534 ti
2179 5464 2193 5500 ε

641 5509 784 5582 iiii";
795 5509 1079 5593 W33?
1093 5509 1376 5593 Ξονέρειιτεηη
1399 5509 1610 5593 inurere»
1630 5509 2199 5593 Q!‘“£f‘m“f.ff“°.9““:

646 5575 931 5651 ἕτξίἱῖ
956 5575 1134 5651 έοῖιδιαι
1160 5575 1393 5651 deum
1418 5575 1635 5651 Ανίεῖίξέίέἕ
1658 5575 2200 5651 ἐξυῗῗξῗέἶῗρὲτὲυλὲξῖξ

646 5630 814 5702 illi.“
830 5630 1020 5710 13,51]
1030 5630 1283 5710 [ﬁculis
1291 5651 1456 5710 ceram
1480 5636 1632 5710 varios
1642 5634 1712 5710 "iu
1734 5630 1924 5710 colores

649 5694 850 5764 i'r'ain'id
872 5694 1142 5758 tTeltldendas
1165 5702 1513 5756 similitudines,
1538 5694 1665 5742 unde
1697 5705 1896 5750 ιηροχντιῑν
1935 5697 2010 5738 est
2039 5702 2199 5739 ceram

1630 369 1896 428 lNCERTI
1936 366 2208 426 HOMILIA
2249 367 2334 422 DE
2373 366 2862 432 LEGISLATORE.

3722 400 3833 455 408

2273 485 2437 556 ginem
2461 489 2682 558 ipsorum
2717 491 2786 545 ad
2815 491 3023 546 nihilum
3049 496 3240 566 rediges
3263 493 3431 567 (Psal.
3463 497 3552 552 73.
3573 497 3687 567 9ο).
3723 498 3824 555 Sed

2272 585 2323 629 et
2349 591 2487 631 nunc
2513 578 2695 633 beatus
2721 579 2881 635 David
2907 580 2974 636 de
2990 583 3138 637 nobis
3154 584 3293 638 dicat
3323 601 3338 638 :
3369 585 3489 640 Fiat
3506 589 3586 640 via
3605 589 3826 656 ipsorum

2273 665 2484 720 teneare
2503 677 2549 721 et
2575 669 2748 738 lapsus
2763 708 2782 736 ,
2807 679 2854 725 et
2878 674 3081 743 angelus
3107 671 3312 728 Domini
3334 687 3658 746 persequatur
3693 680 3826 746 ipsos

2275 755 2442 826 (Psal.
2484 760 2573 814 34.
2597 761 2675 831 6).
2706 763 2842 816 Deus
2864 765 3036 818 varias
3061 767 3364 820 occasiones
3380 807 3395 830 ,
3420 779 3478 820 ut
3503 768 3684 822 hostes
3705 785 3820 836 pes-

2271 861 2387 900 sum
2435 857 2579 916 eant,
2610 864 2894 917 procurare
2922 852 3088 906 novit.
3138 854 3292 908 Acies
3334 854 3418 907 illa
3443 853 3819 919 Sennaclierib,

2273 937 2411 1004 regis
2435 940 2792 1008 Assyriorum,
2821 940 3007 1010 ingens
3028 951 3162 1010 erat,
3188 951 3242 995 et
3267 958 3400 996 unus
3435 943 3653 1012 angelus
3682 944 3822 1012 lega-

2273 1033 2356 1077 tus
2385 1035 2594 1079 rentum
2618 1028 2877 1094 octOginta
2905 1029 3135 1098 quinque
3153 1029 3313 1084 millia
3336 1030 3565 1084 hostium
3587 1041 3821 1101 prostra-

2272 1115 2344 1166 vit
2374 1115 2447 1182 (4.
2477 1114 2623 1184 Reg.-
2651 1114 2764 1184 19).
2807 1115 2913 1169 Nos
2966 1115 3207 1172 homines
3257 1117 3501 1172 humanis
3536 1120 3824 1174 rationibus

2272 1203 2445 1255 omnia
2471 1211 2655 1257 eventa
2683 1205 2948 1268 metimur,
2977 1205 3355 1275 nobiscumque
3381 1206 3636 1260 dicimus:
3665 1207 3824 1272 Quid,

2273 1290 2317 1342 si
2367 1290 2419 1343 in
2465 1293 2658 1344 nostris
2685 1291 2919 1359 partibus
2943 1293 3116 1347 nullus
3142 1294 3295 1348 miles
3319 1294 3652 1349 inveniatur?
3675 1297 3822 1362 quid,

2271 1377 2314 1430 si
2347 1378 2644 1449 priusquam
2670 1381 2931 1434 exercitus
2957 1381 3064 1435 dux
3092 1382 3286 1448 veniat,
3312 1397 3498 1438 omnes
3542 1398 3638 1438 nos
3676 1386 3831 1438 deva-

2271 1467 2455 1520 stent?
2479 1467 2603 1536 quid
2625 1467 2917 1523 iaciemus?
2939 1469 3072 1524 Num
3089 1470 3246 1539 igitur
3259 1471 3380 1540 quia
3409 1480 3462 1525 tu
3493 1473 3822 1540 pmveniris,

2274 1556 2622 1623 prtevenietur
2651 1557 2824 1611 Deus?
2850 1573 2972 1612 num
2995 1559 3114 1628 quia
3142 1568 3196 1612 tu
3228 1575 3332 1613 non
3357 1560 3550 1629 ubique
3574 1576 3653 1626 es,
3688 1562 3829 1615 Deus

2274 1659 2377 1699 non
2405 1645 2596 1714 ubique
2630 1648 2744 1701 est?
2770 1663 2892 1701 num
2921 1648 3074 1718 igitur
3101 1649 3239 1703 Deus
3268 1650 3366 1704 hoc
3390 1651 3600 1720 quidem
3630 1660 3824 1720 potest,

2274 1735 2400 1789 illud
2427 1751 2550 1790 vero
2579 1752 2681 1791 non
2712 1739 2922 1806 potest?
2946 1740 3086 1794 hiare
3106 1741 3448 1794 inanimatum
3477 1741 3526 1795 ei
3549 1742 3827 1810 obtempe—

2275 1824 2427 1887 ravit,
2459 1833 2512 1880 et
2534 1825 2784 1880 demersit
2813 1844 2828 1880 :
2855 1828 2990 1881 bruti
3021 1830 3191 1896 pisces
3216 1844 3335 1884 sese
3359 1830 3641 1899 capiendos
3666 1831 3829 1885 Petro

2272 1911 2529 1979 obtulere,
2558 1925 2610 1967 et
2635 1917 2873 1984 angelus,
2904 1917 2946 1969 si
2974 1917 3106 1970 Deus
3141 1918 3380 1986 imperet,
3408 1932 3593 1972 omnes
3618 1920 3815 1973 verita-

2275 2004 2341 2057 tis
2364 2003 2543 2058 hostes
2584 2021 2687 2060 non
2733 2006 2963 2061 funditus
2989 2008 3219 2062 delebit?
3267 2009 3375 2063 Nos
3410 2019 3608 2063 tantum
3651 2011 3830 2065 sobrie

2275 2102 2328 2147 et
2376 2095 2616 2149 modeste
2667 2096 2902 2151 vivamus
2931 2115 2946 2150 :
2979 2106 3179 2152 tantum
3209 2099 3369 2152 Deum
3400 2113 3641 2168 rogemus
3671 2101 3831 2169 eique

2274 2183 2646 2252 supplicemus.
2679 2184 2953 2253 Imperavit
2980 2185 3115 2256 apud
3142 2195 3348 2241 veteres
3374 2186 3478 2240 dux
3505 2189 3834 2254 prtcstantis-

2274 2270 2460 2336 simus,
2489 2286 2646 2340 quem
2676 2287 2773 2341 ego
2801 2275 3059 2327 communi
3090 2274 3298 2328 nomine
3326 2274 3560 2344 designo,
3584 2284 3640 2328 ut
3659 2277 3834 2328 omni-

2276 2358 2370 2413 bus
2401 2360 2692 2415 innotescat
2719 2378 2731 2413 :
2760 2362 2889 2426 fuit,
2917 2361 3156 2432 inquam,
3177 2363 3282 2416 dux
3310 2364 3714 2433 alienigenarum
3744 2364 3835 2418 Si-

2274 2462 2390 2505 sara
2421 2449 2572 2519 (Iud.
2599 2451 2657 2518 4)
2688 2467 2702 2504 :
2734 2453 2882 2519 cujus
2919 2454 3073 2505 etiam
3107 2452 3268 2506 David
3296 2455 3612 2507 mentionem
3658 2454 3778 2506 iacit
3811 2471 3831 2506 :

2283 2539 2390 2594 Fac
2416 2541 2539 2611 ipsis
2573 2541 2700 2594 sicut
2731 2540 2941 2594 Madian
2961 2551 3007 2595 et
3035 2543 3244 2605 Sisara,
3285 2543 3410 2596 sicut
3435 2541 3605 2596 labim
3647 2545 3698 2595 in
3729 2556 3833 2596 tor-

2277 2641 2415 2685 rente
2461 2629 2634 2685 Cisson
2659 2630 2829 2701 (Psal.
2856 2629 3083 2700 82.10).
3112 2631 3281 2685 Jahim
3331 2631 3540 2700 quidem
3585 2647 3679 2686 rex
3717 2641 3834 2686 erat

2277 2722 2685 2791 alienigenarum
2714 2737 2729 2776 :
2757 2722 2932 2776 Sisara
2957 2738 3084 2776 vero
3108 2722 3212 2775 dux
3240 2724 3527 2776 exercitus.
3553 2722 3712 2775 Erant
3736 2737 3834 2774 au-

2280 2823 2382 2867 tem
2413 2814 2509 2881 ipsi
2539 2828 2725 2867 currus
2761 2812 2916 2867 ferrei
2961 2813 3266 2881 octingenti,
3289 2821 3342 2864 et
3378 2825 3563 2864 manus
3607 2811 3833 2865 infinita.

2279 2903 2507 2966 POpulus
2525 2902 2699 2971 itaque
2716 2901 3017 2955 Judmorum
3035 2901 3572 2969 extimuit,conspexit
3593 2901 3834 2968 ingentes

2281 2994 2394 3047 illas
2441 2994 2640 3060 copias,
2670 3000 2723 3046 et
2765 2990 3058 3046 exhorruit.
3099 2991 3232 3058 Quid
3258 2992 3412 3060 igitur
3439 2992 3838 3046 amantissimus

2281 3083 2549 3136 hominum
2591 3081 2726 3134 Deus
2763 3095 2859 3148 per
2905 3080 3284 3148 prophetissam
3338 3079 3593 3133 Deboram
3643 3079 3833 3134 defen-

2280 3175 2386 3227 sori
2404 3173 2611 3242 pietatis
2637 3171 2874 3228 indicat?
2903 3171 2985 3226 Ne
3023 3182 3229 3236 metuas,
3256 3172 3331 3225 ait
3360 3189 3376 3226 :
3415 3187 3527 3224 ecce
3569 3171 3720 3223 tradit
3745 3172 3838 3224 tibi

2280 3265 2443 3331 ipsum
2469 3262 2713 3315 Dominus
2738 3262 2789 3315 in
2827 3278 3003 3315 manus
3029 3271 3138 3315 tuas
3167 3261 3360 3333 (ludis.
3387 3261 3440 3315 4.
3474 3261 3583 3329 Η),
3607 3275 3703 3314 nec
3729 3267 3838 3314 ent

2285 3352 2484 3406 facinus
2512 3351 2634 3404 illud
2668 3366 2852 3404 manus
2880 3361 2981 3403 tute
3003 3391 3018 3414 ,
3059 3350 3150 3403 sed
3181 3364 3365 3402 manus
3399 3348 3687 3402 muliebris.
3719 3349 3834 3402 Ad—

2282 3452 2445 3505 verte,
2474 3442 2736 3512 quomodo
2767 3443 2902 3494 Deus
2921 3439 3270 3508 arrogantiam
3309 3439 3560 3492 coercuit.
3589 3436 3696 3490 Viri
3728 3452 3838 3492 non

2281 3532 2656 3593 sustinuerant,
2687 3537 2738 3583 et
2759 3530 2947 3582 mulier
2969 3529 3256 3582 exercitum
3276 3527 3444 3580 duxit.
3470 3526 3736 3596 Ingressus
3752 3537 3840 3582 est

2278 3621 2451 3676 Sisara
2473 3619 2538 3671 ad
2567 3618 2859 3682 mulierem,
2890 3634 3006 3686 qttte
3033 3618 3144 3672 Jael
3169 3617 3460 3682 dicebatur,
3481 3629 3535 3671 et
3558 3632 3677 3670 eum
3703 3625 3839 3670 :estu

2284 3710 2566 3773 laboraret,
2589 3724 2776 3778 aquam
2807 3709 2874 3760 ab
2902 3709 3008 3776 ipsa
3039 3709 3167 3776 petit
3197 3724 3212 3760 :
3242 3707 3330 3760 illa
3358 3721 3486 3761 vero
3523 3707 3602 3760 lac
3641 3707 3686 3761 ei
3713 3721 3842 3775 por-

2285 3798 2438 3851 rexit.
2491 3797 2620 3852 Vide
2643 3798 2948 3865 sapientiam
2977 3797 3230 3850 mulieris.
3259 3795 3388 3851 Cum
3415 3796 3554 3850 enim
3582 3797 3661 3850 lac
3681 3795 3839 3850 refri-

2285 3886 2500 3955 gerandi
2537 3887 2639 3939 vim
2674 3886 2938 3948 obtineat,
2961 3895 3014 3939 et
3037 3900 3278 3939 somnum
3316 3886 3581 3950 conciliet,
3600 3886 3718 3938 ideo
3755 3886 3841 3939 lae

2289 3979 2384 4048 ipsi
2437 3977 2607 4042 affert,
2634 3987 2689 4029 ut
2729 3977 2996 4044 Scriptura
3037 3990 3160 4029 vere
3204 3976 3523 4044 pronuntiat,
3546 3989 3662 4042 qua:
3707 3973 3780 4024 sit
3819 3989 3838 4026 :

2293 4074 2480 4138 Aquam
2507 4068 2568 4120 ab
2613 4068 2722 4138 ipsa
2756 4067 2919 4136 petiit,
2952 4076 2998 4118 et
3030 4066 3218 4119 illatae
3257 4064 3432 4118 obtulit
3457 4061 3614 4132 (Ibid.
3641 4079 3687 4114 υ.
3717 4062 3834 4129 19),

2289 4171 2345 4215 ut
2365 4161 2516 4215 simul
2547 4168 2600 4212 et
2628 4159 2767 4211 sitim
2796 4148 3160 4224 restingueret,
3191 4165 3246 4208 et
3285 4152 3607 4221 consopiret.
3641 4152 3842 4208 Deinde

2289 4253 2581 4306 dormiente
2606 4249 2915 4317 alienigena,
2959 4247 3179 4314 arripuit
3224 4245 3310 4297 illa
3339 4244 3528 4296 mulier
3552 4244 3754 4297 clavum
3784 4253 3842 4295 et

2291 4339 2554 4401 malleum,
2578 4346 2631 4390 et
2649 4335 2715 4390 ad
2745 4335 2947 4389 hostem
2971 4334 3216 4388 accurrit.
3245 4332 3374 4385 Vide
3392 4331 3697 4399 sapientiam
3720 4345 3844 4382 mu-

2291 4427 2450 4481 lieris.
2481 4424 2585 4479 Cur
2609 4425 2692 4477 illa
2716 4439 2817 4478 non
2834 4423 3004 4492 potius
3023 4421 3251 4490 gladium
3273 4431 3363 4474 aut
3391 4420 3725 4482 n‘iachazram,
3747 4419 3845 4471 sed

2292 4517 2534 4586 paxillum
2567 4513 2820 4581 arripuit?
2863 4511 3124 4566 Metttcbat
3145 4551 3160 4576 ,
3187 4511 3422 4573 scilicet,
3452 4519 3508 4562 ut
3539 4508 3748 4572 mulier,
3776 4523 3845 4560 ne

2293 4608 2378 4660 ille
2406 4613 2740 4674 experrectus
2783 4600 3200 4670 deprehenderet
3243 4601 3406 4664 illam,
3431 4597 3658 4667 gladium
3683 4612 3844 4650 manu

2293 4705 2577 4751 tenentem.
2611 4693 2755 4746 llane
2794 4692 2861 4744 ob
2901 4706 3111 4744 causam
3143 4689 3228 4742 illa
3267 4690 3463 4742 nullum
3491 4688 3642 4742 virile
3684 4687 3847 4740 telum

2296 4785 2533 4850 arripuit,
2565 4781 2654 4836 sed
2696 4781 2988 4834 institutum
3036 4779 3288 4831 muliebre
3312 4777 3612 4844 assumpsit.
3667 4774 3850 4829 Solent

2295 4879 2432 4931 enim
2460 4875 2706 4929 mulieres
2726 4872 3005 4926 succinctae
3036 4868 3282 4937 paxillum
3301 4867 3352 4920 in
3376 4868 3625 4935 parietem
3652 4880 3850 4934 pange-

2297 4984 2373 5030 re,
2399 4978 2449 5019 et
2475 4967 2550 5017 sic
2570 4977 2720 5016 suum
2746 4975 2877 5028 opus
2901 4959 3170 5026 suscipere
3195 4967 3246 5011 et
3265 4957 3499 5027 aggredi.
3533 4956 3663 5009 Rem
3693 4956 3854 5023 igitur

2295 5056 2394 5109 alia
2440 5054 2518 5105 via
2561 5051 2804 5111 instituit,
2828 5057 2883 5101 ut
2904 5058 3048 5101 extra
3078 5062 3287 5101 onmem
3313 5047 3662 5115 suspicionem
3688 5053 3850 5096 esset.

2297 5146 2427 5199 Cum
2452 5154 2576 5195 vero
2607 5140 2745 5194 Deus
2775 5138 3137 5201 auxiliaretur,
3164 5136 3254 5190 Dei
3280 5150 3486 5204 quoque
3516 5142 3645 5196 erat,
3676 5146 3855 5184 oracu-

2299 5236 2402 5288 lum
2435 5231 2558 5285 illud
2581 5229 2645 5281 ad
2671 5228 2865 5280 exitum
2898 5225 3163 5280 deducere
3204 5243 3217 5278 :
3248 5240 3418 5293 neque
3443 5223 3579 5276 enim
3611 5219 3854 5274 mulieris

2300 5325 2402 5378 hoc
2449 5329 2768 5387 stratagema
2815 5325 2967 5383 erat,
3012 5317 3105 5368 sed
3139 5315 3230 5369 Dei
3256 5313 3523 5368 oraculum
3557 5327 3570 5362 :
3599 5310 3665 5362 In
3701 5326 3856 5362 manu

2304 5411 2520 5466 mulieris
2547 5409 2638 5462 erit
2680 5423 2812 5460 mors
2859 5418 2944 5460 tua
2989 5403 3343 5474 (Judic.~i.9).
3376 5401 3510 5453 Deus
3563 5411 3689 5466 ergo
3734 5411 3856 5451 cum

2305 5567 2500 5629 fundere
2521 5567 2566 5611 et
2589 5559 2790 5623 liquare.
2814 5573 2838 5602 ι
2867 5564 2923 5629 ut
2944 5563 3106 5629 autem
3128 5554 3270 5629 hujus
3287 5549 3862 5629 Dueaziznotht-‘atr

2305 5616 2545 5686 teliigatur
2565 5658 2579 5678 ,
2603 5616 2764 5681 opera:
2789 5619 2993 5680 pretium
3017 5623 3091 5664 est
3124 5623 3289 5661 notare
3332 5616 3400 5659 sic
3446 5616 3492 5658 in
3541 5616 3681 5657 textu
3702 5616 3868 5660 Gram

2307 5691 2432 5748 legi:
2462 5698 2524 5744 ὶτὼ
2547 5697 2603 5731 sui
2627 5708 2693 5739 την
2711 5697 2899 5744 Institutas
2923 5691 3050 5738 τροςήν
