4094 6486
243 444 353 500 407

1353 442 1627 500 HOMILIA
1661 446 1746 500 DE
1784 447 2271 513 LEGISLATORE.

245 543 401 611 Θεοῦ,
444 546 703 617 φοϐήθητι
739 549 913 604 ἐκεῖνο
936 553 995 606 τὸ
1013 554 1234 624 φοϐερὸν
1269 559 1455 629 ὕνομα,
1481 561 1572 612 καὶ
1597 561 1791 615 ἀπόδυ·

3315 490 3425 548 408

1893 566 2115 623 διώκων
2159 574 2393 637 αὐτούς.
2431 570 2580 627 Οἶδεν
2618 576 2647 627 6
2688 576 2820 637 Θεὸς
2863 578 3144 647 διαφόρους
3181 580 3428 650 ἀφορμὰς

248 659 339 695 σαι
393 644 495 713 τὴν
544 644 773 710 κακίαν,
813 649 904 700 καὶ
945 650 1175 705 άνάλαϐε
1220 656 1317 725 τὴν
1360 658 1660 726 μετάνοιαν,
1696 661 1789 712 καὶ
1892 662 2188 728 παρασχεῖν
2206 662 2338 730 πρὸς
2357 664 2453 731 τὴν
2474 663 2578 715 τῶν
2603 663 2870 733 πολεμίων
2893 644 3424 741 καθαίρεσινίιίολλη

242 742 511 809 ἔγγυᾷταί
544 759 635 796 σου
660 745 691 813 ή
721 744 898 809 πίστις
935 749 1034 817 τὴν
1068 754 1355 821 σωτηρίαν.
1387 756 1654 810 Μετάνοια
1681 759 1786 829 γὰρ
1887 741 1953 815 ἦν
1982 749 2014 817 ἡ
2047 750 2344 818 παράταξις
2380 752 2472 804 τοῦ
2507 754 2839 821 Σενναχηρὶμ
2868 755 3125 823 βασιλέως
3157 756 3265 810 τῶν
3301 759 3424 811 ’Ᾱσο

246 839 517 909 σωτηρίαν
532 844 688 904 ποιεῖ,
712 844 802 895 καὶ
823 844 928 897 τῶν
948 846 1004 899 ὲν
1029 848 1253 918 αἱρέσει,
1278 853 1369 904 καὶ
1388 852 1495 904 τῶν
1515 856 1571 907 ὲν
1594 859 1785 920 κακαῖς

245 936 475 1004 πράξεσι
496 939 884 1007 τυγχανόντων.

314 1040 389 1096 ς’.
426 1036 693 1089 Μετάνοια
723 1037 843 1105 ῥίζα
872 1040 1193 1108 θεοσεϐείας.
1225 1049 1656 1121 Μετανοήσωμεν
1689 1052 1781 1109 οὖν

244 1126 338 1178 καὶ
383 1127 785 1199 δυσωπήσωμεν
822 1133 913 1186 τὸν
949 1135 1077 1189 Θεὸν
1119 1142 1183 1209 τῇ
1229 1145 1512 1214 μετανοίᾳ,
1558 1148 1642 1200 ἵνα
1686 1151 1780 1203 καὶ

242 1226 510 1297 πολέμους
539 1231 792 1304 ἀφανίσῃ,
836 1238 928 1289 καλ⁸
960 1238 1257 1310 βαρϐάρους
1302 1244 1491 1319 σϐέσῃ,
1538 1250 1631 1302 καὶ
1670 1250 1777 1303 τῶν

242 1324 450 1395 ἐχθρῶν
496 1328 594 1391 τὰς
639 1331 1025 1397 ἑπαναστάσεις
1067 1336 1305 1412 θραύσῃ,
1349 1343 1440 1396 καὶ
1488 1346 1596 1416 δῴη
1647 1350 1775 1418 ἡμῖν

243 1421 461 1475 πάντων
482 1424 589 1478 τῶν
622 1426 839 1493 ἀγαθῶν
868 1428 965 1499 τὴν
993 1432 1301 1491 ἀπόλαυσιν.
1344 1440 1479 1496 Πολὺ
1528 1443 1657 1496 Θεὸν
1686 1446 1771 1511 ἐξ·

238 1518 475 1573 ιλεοῦται
512 1524 793 1592 μετάνοια,
825 1526 952 1582 ὅταν
990 1547 1072 1593 τις
1096 1534 1327 1603 γνησίως
1364 1541 1679 1615 προσδράμῃ
1705 1546 1769 1614 τῇ

242 1615 511 1685 μετανοίᾳ.
539 1615 660 1669 υἷόν
685 1636 736 1671 τι
763 1618 933 1688 λέγον
963 1622 1208 1695 Ἥμαρτέ
1232 1645 1357 1682 ποτε
1385 1632 1412 1683 6
1440 1632 1561 1697 λαὸς
1579 1637 1626 1700 ⁸,
1653 1653 1770 1705 μετ-

234 1709 421 1779 ενόησε
450 1714 543 1765 καὶ
563 1715 838 1785 ἐδάκρυσε,
861 1719 1005 1787 λέγει
1033 1723 1060 1775 6
1088 1723 1216 1787 Θεός
1235 1742 1248 1756 ·
1267 1727 1513 1783 Ἀκούων
1536 1732 1768 1801 ἥκουσα

236 1808 337 1862 τοῦ
377 1815 705 1880 στεναγμοῦ
736 1817 1004 1887 Ἐφραῒμ,
1035 1820 1388 1892 ὀδυρομένου
1424 1828 1522 1881 καί
1563 1830 1767 1899 λέγον-

231 1920 333 1970 τος
352 1922 366 1935 ·
404 1908 788 1977 Ἐπαίδευσάς
812 1930 907 1982 με,
926 1917 1113 1983 Κύριε,
1141 1920 1237 1972 καί
1256 1922 1363 1974 οὐκ
1394 1922 1761 1995 ἐπαιδεύθην,

229 2003 363 2055 ἀλλ’
388 2005 677 2074 ἐγενόμην
693 2009 771 2074 ὡς
784 2013 1013 2080 μόσχος
1033 2014 1343 2084 ἀδίδακτος
1363 2036 1376 2049 ·
1398 2021 1763 2094 ἐπίστρεψόν

225 2116 316 2166 με,
341 2102 435 2153 καί
454 2103 979 2177 ἐπιστραφήσομαι.
998 2114 1103 2165 Καὶ
1134 2115 1183 2167 τί
1209 2116 1340 2186 πρὸς
1368 2118 1525 2174 αὐτὸν
1547 2124 1574 2175 6
1594 2123 1756 2192 Θεός;

240 2197 380 2250 Ἀνθ’
406 2193 493 2251 ὧν
511 2205 564 2255 οι
591 2202 753 2271 ..τόμοι
775 2222 892 2272 μου
911 2207 1064 2261 είσίν
1094 2210 1163 2265 ἐν
1197 2214 1371 2280 αὐτῷ,
1415 2220 1483 2271 οὐ
1506 2221 1590 2288 μὴ
1616 2222 1758 2278 ἀνα-

221 2297 639 2366 μνησθήσομαι
669 2303 872 2367 αὑτοῦ,
906 2306 1002 2359 καί
1039 2308 1269 2375 ἐλεήσω
1308 2317 1508 2369 αὐτόν.
1557 2320 1758 2390 Μηδείς

224 2410 285 2445 σε
311 2394 569 2460 πτοείτωο
612 2400 686 2469 μὴ
726 2403 910 2473 φήμην
970 2407 1043 2475 μὴ
1097 2408 1380 2481 βαρϐάρων
1420 2416 1630 2484 γνόφος,
1682 2421 1754 2491 μὴ

223 2494 415 2565 ὁμίχλη
450 2497 611 2568 πολλή
634 2516 646 2528 ·
676 2500 778 2552 κάν
808 2502 1158 2575 ἀναρίθμητοι
1182 2503 1313 2563 ὦσιν
1337 2514 1384 2566 οί
1417 2514 1658 2587 πολέμιοι
1679 2520 1754 2590 τῷ

221 2589 445 2658 πλήθει,
498 2595 526 2645 6
566 2595 823 2667 ἡμέτερος
871 2601 1178 2673 ὑπέρμαχος
1224 2608 1578 2682 ίσχυρότερος.
1630 2589 1751 2669 Ἐάν

220 2686 485 2760 δειλιάσῃς
543 2693 601 2745 τὸ
650 2694 848 2765 πλῆθος
892 2698 1269 2772 ὑφορώμενος,
1315 2707 1455 2777 λέγει
1514 2712 1647 2782 πρὸς
1691 2714 1749 2767 σὲ

233 2784 524 2847 Ἐλισσαῖος
556 2793 584 2842 ό
613 2796 907 2862 προφήτης·
943 2793 1035 2865 Μὴ
1078 2803 1295 2867 φοϐοῦ*
1329 2808 1569 2873 πλείους
1593 2812 1749 2864 εἰσὶν
1834 2856 1837 2857 ν

217 2885 271 2935 οί
301 2886 429 2951 μεθ’
466 2886 649 2953 ἡμῶν,
700 2890 736 2956 ἢ
769 2893 820 2943 οί
861 2896 984 2959 μετ’
1021 2897 1231 2952 αὐτῶν.
1279 2891 1420 2955 Ἐκεῖ
1464 2905 1747 2978 βαρϐάρων

218 2975 451 3046 πλῆθος,
489 2973 588 3032 ὧδε
616 2982 856 3050 ἀγγέλων
900 2987 1125 3057 φάλαγξ.
1163 2992 1280 3046 Τῶν
1327 2973 1559 3050 εὐσεϐῶν
1586 2973 1747 3072 ὑπερ-

220 3078 378 3144 μαχεϊ
419 3077 744 3145 ἀγγελικὸςδ
772 3084 1022 3151 στρατὸς,
1066 3091 1352 3160 προφητῶν
1389 3095 1576 3165 χορὸς,
1609 3100 1743 3152 άπο-

216 3172 409 3225 στόλων
435 3174 675 3246 δύναμις,
725 3181 1009 3252 μαρτύρων
1036 3187 1331 3254 πρεσϐεῖαι.
1362 3192 1452 3262 Μὴ
1482 3195 1704 3267 νομίσῃς
1725 3236 1739 3261 ,

214 3265 293 3317 δτι
328 3267 595 3339 μάρτυρες
632 3273 788 3341 μόνον
815 3276 1192 3344 πρεσϐεύουσιν
1222 3283 1356 3353 ὑπὲρ
1381 3285 1563 3354 ἡμῶν
1605 3265 1736 3344 ἀλλά

213 3360 301 3411 καὶ
326 3362 540 3428 ἄγγελοι
568 3365 624 3415 ὲν
650 3371 765 3430 ταῖς
791 3369 1023 3438 θλίψεσιν
1054 3375 1344 3431 ἱκετεύουσι
1367 3382 1455 3433 τὸν
1475 3382 1623 3436 Θεόν·
1648 3387 1741 3438 καὶ

209 3454 269 3504 οὐ
299 3454 457 3521 μόνον
486 3458 829 3524 ίκετεύουσιν,
875 3463 1004 3517 ἀλλά
1042 3470 1133 3520 καὶ
1178 3471 1462 3542 ἀπόκρισιν
1500 3475 1738 3545 δέχονται

212 3548 355 3616 παρά
384 3550 475 3601 τοῦ
501 3550 815 3623 Εὐεργέτου.
864 3558 1023 3625 Λέγει
1065 3563 1330 3633 Ζαχαρίας
1362 3567 1389 3617 6
1428 3571 1735 3641 προφήτης·

212 3646 314 3696 Καὶ
357 3647 637 3717 ἀπεκρίθη
666 3655 699 3707 ό
726 3652 1001 3723 ἄγγελος,
1037 3661 1070 3711 ό
1118 3660 1321 3714 λαλῶν
1347 3664 1415 3717 ὲν
1452 3667 1599 3734 ἐμοὶ,
1642 3671 1739 3722 καί

207 3737 332 3796 εἷπε
353 3748 498 3812 πρὸς
522 3750 757 3816 Κύριον.
778 3752 921 3823 Αὕτη
950 3757 982 3825 ἡ
1006 3758 1135 3827 εὐχὴ
1164 3760 1255 3812 τοῦ
1286 3763 1513 3829 ἀγγέλου
1532 3781 1543 3793 °
1563 3768 1737 3834 Κύριε

204 3845 623 3914 παντοκράτορ,
666 3849 776 3914 ἕως
809 3852 947 3904 πότε
995 3856 1067 3907 οὐ
1088 3856 1171 3922 μὴ
1215 3858 1470 3927 ἐλεήσῃς
1497 3862 1610 3929 τὴν
1638 3866 1736 3918 Ἰε-

200 3940 536 4007 ρουσαλὴμ,
564 3944 659 3996 καί
695 3948 800 4011 τὰς
825 3950 1025 4015 πόλεις
1075 3953 1272 4017 Ἰούδα,
1301 3956 1373 4021 ιῖς
1397 3960 1732 4026 ὑπερεῖδες;

210 4033 382 4085 Τοῦτο
413 4035 845 4104 ἑϐδομηκοστὸν
887 4044 1038 4109 ἔτος.
1074 4046 1137 4097 Τί
1166 4044 1286 4111 οῦνς
1319 4052 1672 4121 ἀπεπέμψατο
1701 4058 1730 4108 6

201 4127 327 4191 Θεὸς
355 4130 452 4200 τὴν
490 4136 773 4203 πρεσϐείαν
801 4138 893 4193 τοῦ
926 4141 1187 4210 ἀγγέλου;
1219 4148 1307 4216 Μὴ
1339 4150 1569 4213 γένοιτο’
1602 4154 1733 4207 ἀλλά

201 4222 283 4287 τίς
316 4225 629 4295 Ἀπεκρίθη,
660 4231 811 4299 φησὶ,
834 4236 1042 4301 Κύριος
1070 4239 1218 4304 πρὸς
1235 4241 1338 4293 τὸν
1361 4242 1610 4311 ἄγγελον
1630 4246 1732 4299 τὸν

198 4317 496 4370 λαλοῦντα
521 4320 588 4373 ἐν
624 4322 750 4391 ἐμοί
778 4325 1006 4394 ῥήματα
1046 4335 1464 4399 παρακλητικὰ,
1505 4338 1598 4389 καὶ
1627 4340 1729 4391 λό-

204 4422 340 4473 γους
372 4416 862 4482 παρακλητικούς.
894 4422 1359 4494 Παρακαλέσωμεν
1382 4428 1472 4480 τὸν
1495 4430 1598 4484 τῶν
1630 4433 1728 4500 ἀγ-

201 4499 365 4564 γέλων
393 4506 683 4575 Δεσπότην,
714 4511 807 4563 καὶ
829 4512 922 4564 ἕνα
946 4513 1171 4582 ἄγγελον
1196 4520 1493 4584 ἀποστελεῖ,
1522 4525 1613 4578 καὶ
1634 4529 1729 4580 πᾶ-

201 4608 293 4645 σαν
320 4596 426 4648 τῶν
455 4599 702 4653 ἐναντίων
730 4604 824 4672 τὴν
854 4607 1099 4675 φάλαγγα
1135 4614 1432 4682 σκορπίσει.
1472 4616 1607 4684 Ἐγὼ
1634 4622 1725 4673 καὶ

198 4685 287 4755 τὴν
317 4691 607 4760 κηρόχυτον
636 4697 846 4765 γραφὴν
872 4700 1130 4771 ἠγάπησα
1160 4705 1434 4770 εὐσεϐείας
1463 4707 1607 4781 [414]
1630 4730 1726 4764 πε-

199 4782 573 4856 πληρωμένην.
602 4786 749 4841 Εἶδον
772 4794 824 4845 ἐν
852 4797 1014 4849 εἰκόνι
1042 4798 1263 4866 ἄγγελον
1292 4801 1572 4857 ἐλαύνοντα
1593 4806 1722 4878 νέφη

196 4875 499 4948 βαρϐάρων,
529 4878 663 4935 εἶδον
688 4889 993 4955 πατούμενα
1034 4892 1318 4963 βαρϐάρων
1345 4896 1503 4963 φῦλα,
1532 4900 1623 4952 καλ⁷
1638 4875 1724 4954 τὸν

194 4969 347 5022 Δαυτδ
368 4972 691 5041 ἀληθεύοντα
713 4993 724 5005 ·
756 4978 950 5046 Κύριε.
985 4982 1053 5035 ἐν
1076 4985 1148 5052 τῇ
1173 4990 1341 5041 πόλει
1366 5005 1477 5043 σου
1504 4992 1615 5059 τὴν
1645 4996 1725 5047 εί-

193 5066 332 5119 κόνα
377 5068 571 5121 αὐτῶν
601 5071 1036 5140 ἐξουδενώσεις.
1081 5080 1294 5146 Λεγέτω
1325 5086 1415 5135 καί
1461 5086 1552 5138 νῦν
1598 5089 1722 5158 περί

189 5164 338 5231 ἡμῶν
369 5166 398 5216 6
434 5169 698 5240 μακάριος
739 5172 897 5224 Δαυῖδ
919 5189 931 5203 ·
970 5177 1279 5245 Γενηθήτω
1300 5182 1336 5247 ἡ
1365 5182 1501 5249 ὁδὸς
1528 5186 1722 5240 αὐτῶν

186 5258 397 5325 σκότος
419 5262 515 5313 καὶ
553 5263 860 5332 ὀλίσθημα,
888 5268 983 5319 καί
1013 5268 1261 5339 ἄγγελος
1296 5274 1512 5343 Κυρίου
1546 5294 1719 5333 κατα-ι

242 5567 266 5626 ἒ
292 5569 369 5616 Sic
393 5570 696 5619 restituimus
716 5586 773 5621 ex
813 5576 964 5623 tribus
990 5593 1098 5626 mss.

206 5624 371 5734 dissic
408 5643 532 5678 unus
583 5638 735 5690 recte,
777 5644 825 5684 ει
864 5639 930 5683 sic
969 5624 1097 5700 1εείιή
1131 5641 1388 5701 interpres.
1440 5645 1532 5691 A'ii
1577 5646 1710 5706 εὐαγ-

182 5698 206 5740 Υ
330 5706 367 5741 ς.

1888 835 2102 904 συρίων,
2150 840 2241 890 καὶ
2289 837 2369 901 είς
2402 840 2623 906 ἄγγελος
2656 842 2972 905 ἀποσταλεὶς
3012 844 3200 897 ἑκατὸν
3242 847 3421 919 ὁγδοή-

1886 941 2044 979 κοντα
2087 926 2245 979 πέντε
2283 928 2517 996 χιλιάδας
2542 930 2825 999 ἔστρωσεν.
2866 932 3047 999 Ἡμεῖς
3072 936 3117 985 οί
3147 935 3416 1003 ἄνθρωποι

1881 1013 2231 1083 ἀνθρωπίνοις
2278 1015 2549 1085 λογισμοῖς
2587 1018 2884 1087 μετροῦμεν
2924 1020 2989 1071 τὰ
3034 1022 3411 1089 συμϐαίνοντα,

1881 1105 1971 1156 καὶ
1995 1104 2218 1174 λέγομεν
2246 1106 2363 1158 καθ’
2386 1106 2606 1169 ἑαυτούς
2625 1122 2638 1137 ·
2670 1108 2732 1159 Τί
2757 1108 2977 1175 γίνεται,
3000 1109 3091 1161 ὲάν
3120 1111 3192 1180 μὴ
3217 1112 3409 1182 εὑρεθῇ

1880 1189 2208 1261 στρατιώτης
2227 1193 2283 1244 ἐν
2303 1195 2414 1255 τοῖς
2436 1194 2623 1263 μέρεσι
2648 1194 2849 1258 τούτοις
2870 1212 2883 1259 ;
2912 1196 3004 1247 ἐὰν
3026 1197 3151 1266 πρὶν
3179 1198 3210 1267 ἢ
3232 1199 3409 1269 φθάσῃ

1875 1280 1903 1330 6
1948 1280 2265 1349 στρατηγὸς,
2315 1282 2517 1343 πάντας
2550 1283 2856 1352 πορθήσωσι
2876 1323 2889 1346 ,
2920 1285 2972 1336 τί
2998 1286 3281 1354 ποιοῦμεν;
3316 1289 3406 1358 Μὴ

1873 1365 1979 1435 γάρ
2013 1369 2191 1438 ἐπειδὴ
2237 1370 2298 1421 σὺ
2331 1371 2682 1441 προλαμϐάνῃ
2702 1410 2715 1432 ,
2751 1372 2843 1424 καὶ
2868 1373 2996 1434 Θεὸς
3037 1376 3406 1444 προλαμϐάνεο

1873 1473 1993 1521 ται;
2027 1458 2098 1527 μὴ
2141 1459 2246 1528 γάρ
2276 1460 2456 1529 ἐπειδὴ
2488 1462 2550 1513 σὺ
2588 1462 2684 1514 οὐκ
2714 1457 2764 1514 εἴ
2805 1463 3092 1532 πανταχοῦ,
3135 1464 3262 1526 Θεὸς
3303 1466 3402 1516 οὐκ

1869 1545 1983 1597 ἔστι
2026 1547 2324 1615 πανταχοῦ;
2357 1548 2431 1617 μὴ
2459 1548 2563 1618 γὰρ
2588 1550 2646 1601 τὸ
2679 1551 2773 1618 μὲν
2815 1551 3027 1603 δύναται
3060 1552 3207 1615 Θεὸς,
3255 1552 3314 1604 τὸ
3344 1554 3401 1607 δὲ

1867 1632 1925 1683 οὐ
1957 1631 2201 1697 δύναται;
2237 1634 2298 1685 Ἦ
2330 1634 2527 1704 ἄψυχος
2560 1637 2793 1692 θάλασσα
2832 1640 3119 1707 ὑπήκουσε,
3154 1643 3244 1694 καὶ
3272 1642 3399 1696 ἐϐύ-

1869 1722 2013 1773 θισεν
2032 1738 2045 1751 ·
2078 1724 2124 1774 οἱ
2152 1723 2330 1790 ἄλογοι
2365 1724 2541 1792 ἰχθύες
2577 1728 2887 1796 ὑπήκουσαν
2905 1733 2967 1800 τῇ
2995 1731 3135 1802 ἄγρᾳ
3156 1734 3359 1802 Πέτρου
3378 1752 3393 1767 ’

1865 1810 1957 1861 καὶ
1986 1809 2227 1876 ἀγγελος,
2255 1812 2347 1864 ἐὰν
2372 1811 2627 1883 κελευσθῇ
2654 1854 2667 1877 ,
2696 1816 2844 1879 ὅλους
2871 1820 2965 1870 οὐκ
2989 1822 3236 1887 ἀφανίσει
3273 1824 3395 1885 τοὺς

1827 1939 1845 1949 .
1863 1898 2084 1967 ἐχθροὺς
2109 1899 2202 1967 τῆς
2227 1900 2503 1969 άληθείας;
2526 1905 2695 1956 Μόνον
2728 1906 2999 1975 νήφωμεν,
3032 1908 3185 1976 μόνον
3216 1927 3389 1979 παραυ

1863 1986 2191 2057 καλέσωμεν,
2222 1988 2382 2057 μόνον
2412 1991 2785 2061 ίκετεύσωμεν.
2825 1995 3065 2065 Ἐνόμισέ
3092 2013 3173 2059 τις
3197 2000 3255 2051 ὲν
3282 2002 3393 2063 τοῖς

1860 2077 2103 2147 ἀρχαίοις
2135 2080 2499 2150 στρατηλάτης
2528 2084 2771 2152 ἄριστοςο
2809 2083 2945 2151 λέγω
2982 2085 3044 2156 δὴ
3086 2087 3245 2157 κοινῷ
3270 2089 3388 2141 ὀνό-

1859 2184 2008 2236 ματι,
2040 2170 2124 2223 ἶνα
2144 2172 2274 2223 πᾶσι
2299 2174 2591 2244 κατάδηλος
2612 2176 2857 2245 γένηται·
2888 2178 3101 2247 ἐνόμισε
3123 2198 3204 2242 τις
3226 2198 3389 2251 στρα-

1855 2258 2022 2326 τηγδς
2044 2258 2148 2311 τῶν
2180 2259 2480 2327 ἀλλοφύλων
2512 2265 2539 2315 6
2574 2262 2807 2333 Σισάρα·
2841 2265 3103 2335 μέμνηται
3132 2266 3187 2318 δὲ
3225 2266 3385 2320 αὐτοῦ

1857 2346 1949 2398 καὶ
1977 2347 2134 2399 Δαυῖδ
2166 2347 2334 2414 λόγων
2354 2366 2366 2379 ·
2395 2349 2655 2416 Ποίησον
2690 2351 2887 2416 αὐτοῖς
2922 2352 2998 2415 ὡς
3026 2351 3099 2419 τῇ
3129 2352 3383 2420 Μαδιάμ,

1855 2433 1952 2486 καί
1987 2433 2063 2497 τῷ
2101 2435 2339 2502 Σισάρᾳ,
2385 2438 2464 2502 ὡς
2509 2436 2587 2501 τῷ
2635 2438 2845 2506 Ἰαϐεὶμ
2880 2439 2947 2490 ἐν
2982 2438 3059 2503 τῷ
3100 2440 3385 2507 χειμάρρῳ

1851 2522 2111 2578 Κισσῶν.
2151 2525 2205 2576 '0
2246 2525 2444 2594 ἰαϐεὶμ
2475 2526 2721 2593 βασιλεὺς
2759 2523 2826 2596 ἦν
2870 2527 2974 2578 τῶν
3003 2528 3325 2596 ἀλλοφύλων,
3351 2530 3380 2579 ό

1850 2608 2052 2678 Σισάρα
2094 2611 2535 2682 ἀρχιστράτηγος.
2581 2607 2686 2665 Ἦν
2728 2614 2872 2684 αύτῷ
2921 2616 3138 2684 ἅρματα
3190 2616 3381 2684 σιδηρᾶ

1848 2696 2155 2761 ὀκτακόσια,
2176 2699 2267 2751 καὶ
2296 2699 2490 2768 πλῆθος
2515 2702 2752 2769 ἄπειρον.
2772 2701 3035 2769 Ἐφοϐήθη
3060 2704 3088 2752 6
3118 2700 3242 2764 λαὸς
3271 2702 3378 2753 τῶν

1860 2783 2137 2845 Ἰουδαίων,
2172 2782 2275 2835 εἶδε
2310 2784 2368 2836 τὸ
2400 2786 2572 2851 νέφος,
2603 2787 2695 2837 καὶ
2737 2785 2936 2855 ἔφριξε.
2968 2786 3031 2837 Τί
3065 2783 3154 2838 οὖν
3188 2789 3217 2839 6
3261 2787 3378 2855 φιλ-

1844 2857 2123 2943 ἀνθρωπος
2162 2871 2291 2934 Θεὸς
2325 2872 2468 2939 λέγει
2514 2874 2598 2925 διὰ
2630 2874 2727 2941 τῆς
2767 2875 3083 2943 προφήτιδος
3127 2876 3375 2944 Δεϐώρας

1843 2960 1921 3030 τῷ
1962 2961 2255 3030 ὑπερμάχῳ
2300 2962 2395 3030 τῆς
2443 2962 2751 3026 εὐσεϐείας;
2790 2963 2883 3029 Μὴ
2926 2962 3217 3030 φοϐηθῇς·
3248 2964 3373 3017 lam)

1843 3048 2204 3116 παραδίδωσι
2230 3063 2325 3103 σοι
2352 3051 2534 3104 αὐτὸν
2555 3053 2761 3118 Κύριος
2784 3054 2867 3117 είς
2893 3053 2995 3117 τὰς
3018 3052 3215 3121 χεῷἁς
3234 3070 3372 3117 σου,

1842 3138 1931 3191 καὶ
1959 3138 2105 3190 ἔσται
2132 3138 2192 3190 τὸ
2225 3139 2545 3209 κατόρθωμα
2581 3141 2637 3192 οὑ
2667 3141 2764 3209 τῆς
2799 3142 2973 3210 χειρός
3002 3159 3113 3203 σου,
3153 3143 3267 3195 ἀλλ’
3294 3144 3369 3205 είς

1839 3226 2020 3294 χεῖρας
2047 3226 2315 3291 γυναικός.
2360 3226 2529 3279 Βλέπε
2561 3228 2674 3290 πῶς
2714 3229 2741 3279 6
2772 3228 2899 3291 Θεὸς
2942 3229 3033 3299 τὴν
3066 3230 3369 3294 ἀλαζονείαν

1838 3310 2112 3363 ἐκόλασεν.
2147 3312 2366 3382 Ἀνδρες
2391 3313 2483 3381 οὐχ
2529 3314 2852 3385 ὑπέστησαν,
2888 3316 2979 3367 καὶ
3012 3316 3143 3386 γυνὴ
3178 3319 3362 3387 ἐστρα-

1837 3398 2087 3466 τήγησεν.
2140 3397 2392 3468 Είσῆλθεν
2429 3404 2456 3454 6
2489 3404 2689 3471 Σισάρα
2723 3404 2932 3471 φεύγων
2964 3405 3094 3473 πρὸς
3134 3404 3230 3474 τὴν
3268 3423 3364 3474 γυο

1838 3487 1993 3537 ναῖκα
2011 3487 2149 3555 Ἰαὴλ
2174 3488 2485 3557 λεγομένην,
2508 3492 2600 3542 καὶ
2625 3490 2858 3543 καύσωνι
2878 3494 3297 3562 κατειλημμένος
3318 3498 3365 3557 ε,

1840 3572 1981 3625 αίτεῖ
2010 3575 2136 3642 παρ’
2167 3575 2332 3644 αὐτῆς
2373 3575 2544 3646 ὓδωρο
2593 3579 2624 3647 ἠ
2664 3578 2721 3630 δὲ
2766 3580 2965 3643 ποτίζει
3000 3581 3159 3632 αὐτὸν
3203 3582 3360 3649 γάλα.

1837 3659 1977 3727 Ὅρα
2001 3662 2187 3727 σοφίαν
2212 3664 2477 3729 γυναικός.
2516 3666 2725 3736 Ἐπειδὴ
2753 3668 2857 3736 γὰρ
2974 3668 3366 3737 καταψυκτικδν

1833 3748 1892 3799 τὸ
1919 3749 2076 3815 γάλα,
2109 3751 2201 3802 καὶ
2227 3752 2305 3814 είς
2325 3752 2483 3805 ὕπνον
2514 3755 2963 3824 προκαλούμενον,
2981 3758 3181 3821 ποτίζει
3207 3758 3364 3812 αὑτὸν

1833 3836 1991 3902 γάλα,
2023 3838 2107 3890 ἳνα
2134 3839 2401 3911 ἁληθεύσῃ
2434 3842 2465 3910 ἡ
2498 3842 2685 3911 Γραφὴ
2714 3846 2745 3912 ἡ
2775 3844 3021 3911 λέγουσα,
3055 3847 3229 3914 Ὑδωρ
3256 3850 3364 3901 αὑ-

1833 3923 1944 3990 τὴν
1969 3926 2173 3993 ῇτησε,
2214 3928 2310 3981 καί
2334 3929 2484 3997 γάλα
2514 3931 2748 3995 ἔδωκεν,
2791 3935 2873 3985 ίνα
2908 3935 2999 3988 καὶ
3028 3937 3237 4008 ποτίσῃ,
3270 3938 3365 3990 καὶ

1831 4014 2070 4086 κοιμίσῃ.
2122 4012 2252 4069 Εἶτα
2298 4016 2641 4085 κοιμηθέντος
2685 4019 2777 4070 τοῦ
2827 4021 3141 4088 ἀλλοφύλου,
3182 4024 3359 4087 ἔλαϐε,

1831 4103 2011 4171 φησὶν,
2039 4106 2069 4171 ή
2098 4106 2233 4174 γυνὴ
2259 4107 2433 4175 ἐκείνη
2464 4108 2735 4159 πάσσαλον
2768 4110 2860 4161 καὶ
2892 4110 3117 4179 σφῦραν,
3146 4112 3238 4165 καὶ
3259 4116 3358 4165 £15-

1829 4186 2027 4258 έδραμε
2047 4192 2124 4259 τῷ
2146 4193 2402 4262 πολεμίῳ.
2430 4195 2535 4245 Καὶ
2563 4196 2659 4264 ὅρα
2684 4198 2870 4259 σοφίαν
2897 4200 3166 4264 γυναικός.
3194 4201 3289 4253 Διά
3309 4204 3361 4254 τί

1828 4281 1927 4331 οὐκ
1955 4280 2107 4330 ἔλαϐε
2139 4281 2288 4346 ξίφος
2336 4282 2367 4350 ἢ
2401 4284 2682 4351 μάχαιραν,
2718 4285 2847 4335 ἀλλά
2872 4287 3171 4351 πάσσαλον;
3207 4289 3362 4356 Ἐφο-

1829 4370 1986 4439 ϐήθη,
2015 4370 2089 4433 ὡς
2112 4372 2265 4439 γυνὴ,
2285 4371 2357 4440 μὴ
2380 4372 2598 4435 ἔξυπνος
2620 4375 2898 4442 γενόμενος
2926 4376 3195 4446 καταλάϐῃ
3214 4376 3359 4449 [HS]

1828 4460 1995 4529 αὐτὴν
2014 4460 2337 4528 κατέχουσαν
2359 4460 2524 4528 ξίφος.
2550 4462 2647 4514 Διά
2672 4464 2823 4515 τοῦτο
2841 4467 2899 4516 οὐ
2928 4465 3183 4533 λαμϐάνει
3202 4467 3361 4519 ὅπλον

1827 4548 2035 4617 ἀνδρὸς,
2065 4548 2178 4600 ἀλλ’
2206 4548 2532 4619 ἐπιτήδευμα
2563 4555 2880 4616 γυναικεῖον.
2917 4554 3074 4615 Ἔθος
3101 4552 3207 4624 γὰρ
3239 4558 3358 4618 ταῖς

1824 4637 2238 4707 διεζωσμέναιςά
2284 4639 2495 4705 γυναιξὶ
2527 4640 2795 4693 πάσσαλον
2822 4644 3169 4713 κατακρούειν
3198 4648 3253 4697 ἐν
3281 4645 3360 4715 τῷ

1827 4725 2005 4792 τοίχῳ,
2041 4726 2130 4777 καὶ
2158 4724 2296 4776 οὕτω
2328 4726 2560 4793 μετιέναι
2585 4726 2679 4795 τὴν
2716 4727 2843 4778 ἰδίαν
2876 4728 3148 4796 ἐργασίαν.
3181 4730 3359 4781 Κατα-

1827 4813 2071 4875 σκευάζει
2091 4810 2179 4865 οῦν
2200 4814 2302 4865 ἀπὸ
2326 4815 2416 4865 τοῦ
2434 4815 2737 4867 ἀνυπόπτου
2762 4816 2875 4868 ὁδὸν
2901 4818 3169 4887 δευτέραν.
3188 4820 3361 4872 Ἐπει-

1822 4902 1884 4970 δὴ
1914 4902 1967 4953 δὲ
1999 4905 2025 4954 6
2054 4903 2181 4964 Θεὸς
2214 4903 2537 4972 συνήργησε,
2589 4904 2676 4955 καὶ
2704 4904 2833 4955 Θεοῦ
2858 4901 2925 4973 ἦν
2953 4905 3108 4975 ἔργον
3137 4907 3354 4977 πληρῶ-

1825 5009 1910 5043 σαι
1933 4992 2001 5043 τὰ
2023 4992 2120 5060 τῆς
2162 4993 2521 5061 προφητείαις⁶
2550 4996 2608 5045 οὺ
2642 4994 2746 5062 γὰρ
2780 4991 2845 5063 ἦν
2877 4996 3085 5064 ἐκείνης
3114 4997 3172 5048 τὸ
3201 5014 3357 5067 στρα-

1820 5083 2036 5150 τήγημα
2060 5121 2073 5143 ,
2111 5082 2242 5135 ἀλλὰ
2281 5082 2413 5134 Θεοῦ
2441 5082 2499 5134 τὸ
2547 5082 2898 5151 ἀπόφθεγμα·
2942 5085 3042 5139 Ἐν
3070 5084 3214 5150 χειρὶ
3252 5084 3357 5155 γάρ

1819 5172 2096 5239 γυναικός
2130 5172 2297 5224 ἐσται
2342 5176 2373 5225 ό
2411 5171 2657 5237 θάνατός
2695 5188 2826 5226 σου.
2865 5174 3171 5242 Συνήργησε
3205 5174 3352 5234 Θεὸς,

1822 5265 1969 5335 ὕπνῳ
1994 5267 2156 5337 δήσας
2193 5267 2280 5319 τὸν
2306 5267 2601 5337 ἀλάστορα,
2629 5268 2719 5319 καὶ
2772 5267 3003 5319 λαϐοῦσα
3038 5269 3070 5335 ἠ
3104 5266 3237 5337 γυνὴ
3270 5267 3356 5319 τὸν

1884 5594 1903 5617 ⁸⁵
1933 5590 2061 5635 L'nus
2082 5590 2456 5648 κατειλημμένος,
2483 5594 2630 5636 recte.
2654 5589 2791 5635 Alius
2815 5589 3151 5649 ἐπειλημμένος.
3181 5588 3352 5638 Morel.

1816 5655 1865 5695 el
1892 5650 1977 5693 Sav
1988 5649 2035 5694 il.
2063 5649 2415 5705 ἀπειλημμένος.

1878 5708 1903 5745 ἀ
1944 5708 2046 5755 Duo
2070 5721 2181 5755 mss.
2204 5709 2501 5769 διᾳζομέναις.
