4094 6522
685 577 955 634 πάσσαλον
984 580 1075 632 καὶ
1102 580 1197 649 τὴν
1229 580 1455 650 σφῦραν,
1494 581 1707 653 διήλασε
1739 585 1876 637 κατά
1902 586 1993 639 τοῦ
2029 585 2222 656 κροτά-

686 676 786 733 φου
815 664 974 717 αὐτοῦ
999 663 1167 726 οὕτως
1207 665 1456 733 ἰσχυρῶς,
1482 666 1556 728 ὡς
1585 666 1677 719 καὶ
1705 668 1802 737 τῆς
1829 670 1929 738 γῆς
1954 670 2216 738 ἀψασθαι·

688 748 781 799 καὶ
824 747 962 800 οὕτω
1002 746 1202 815 μεταξὺ
1234 748 1339 801 τῶν
1371 750 1540 801 ποδῶν
1563 752 1660 819 τῆς
1691 753 1940 819 γυναικὸς
1964 754 2217 807 ἀπέθανε.

756 832 822 893 ζ’.
863 831 952 900 Μὴ
980 831 1247 901 λείπειτῷ
1274 833 1391 902 Θεῷ
1415 835 1699 904 πρόφασις,
1721 838 1811 889 καὶ
1840 839 1925 889 ὅτε
1957 838 2215 906 βούλεται,

687 917 785 968 οὐκ
800 916 1070 984 ἐμποδίζει
1092 918 1149 969 τὸ
1181 916 1254 987 μὴ
1280 921 1524 987 παρεῖναι
1549 921 1873 989 συμμαχίαν·
1890 922 2021 975 Θεοῦ
2041 924 2218 987 ὅπλον,

687 1001 818 1054 Θεοῦ
854 1002 1201 1072 στρατιώτης,
1232 1004 1363 1055 Θεοῦ
1391 1004 1633 1075 δύναμις,
1660 1007 1832 1075 νεῦμα
1872 1008 2028 1075 μόνον
2060 1009 2215 1062 Θεοῦ.

688 1086 776 1156 Τῷ
800 1086 1013 1156 Χριστῷ
1039 1087 1192 1140 τοῦτο
1221 1089 1457 1158 εἴπωμεν
1475 1106 1487 1120 ·
1514 1091 1645 1143 Εἰπὲ
1684 1091 1842 1160 λόγῳ,
1874 1093 1963 1144 καὶ
1995 1109 2218 1164 σκορπι-

695 1169 971 1241 σθήσονται
993 1173 1039 1223 οί
1060 1171 1238 1241 ἐχθροί
1270 1189 1361 1225 σου
1382 1190 1395 1203 ·
1420 1176 1537 1227 ειπέ
1568 1176 1725 1244 λόγῳ,
1756 1177 1848 1228 καὶ
1874 1177 2110 1247 ἐλεήσεις
2124 1179 2221 1249 τὴν

693 1256 841 1308 πόλιν
875 1272 995 1308 σου·
1037 1258 1153 1309 εἱπέ
1181 1258 1337 1328 λόγῳ,
1372 1262 1461 1312 καὶ
1506 1260 1859 1329 οἱκτειρήσεις
1899 1262 1988 1313 τὸν
2024 1263 2223 1331 κόσμον

691 1361 803 1398 σου.
836 1342 1090 1414 Ετπωμεν
1126 1346 1297 1417 αὐτῷ·
1335 1348 1485 1402 Ἰδοὺ
1507 1352 1561 1401 οι
1584 1350 1780 1417 ἐχθροί
1813 1366 1926 1403 σου
1961 1351 2219 1419 ἤχησαν,

689 1428 787 1484 καὶ
817 1433 869 1483 οί
898 1432 1217 1499 μισοῦντές
1244 1449 1314 1485 σε
1347 1431 1495 1501 ἦραν
1516 1435 1801 1502 κεφαλήν.
1828 1437 2009 1498 Θέλεις
2038 1438 2224 1507 μαθεῖν

690 1514 781 1569 καὶ
813 1513 974 1585 ἄλλης
1005 1517 1257 1583 γυναικὸς
1303 1522 1671 1589 στρατήγημα.
1704 1520 1884 1590 ἐπειδὴ
1923 1521 2075 1574 τοῦτο
2100 1523 2225 1590 ἠθέ-

690 1598 847 1668 λησεν
884 1602 913 1653 ό
943 1598 1101 1665 Θεός;
1142 1600 1330 1663 Ἀλλος
1365 1620 1446 1664 τις
1478 1599 1565 1672 ἦν,
1606 1603 1885 1673 Ἀὄιμελὲχ
1911 1606 2096 1674 ὄνομα,
2140 1607 2224 1658 άν-

690 1681 821 1735 ελὼν
837 1685 1025 1736 ἑαυτοῦ
1050 1686 1302 1753 ἀδελφοὺς
1328 1685 1703 1757 ἐϐδομήκοντα,
1718 1691 1809 1741 καὶ
1829 1692 2099 1759 κρατήσας
2121 1691 2226 1743 ἀπὸ

693 1769 792 1835 τῆς
825 1768 1072 1839 τοιαύτης
1113 1770 1549 1839 ἀδελφοκτονίας,
1586 1775 1759 1826 πάντα
1791 1774 1880 1826 τὸν
1921 1775 2043 1827 λαὸν
2091 1774 2226 1844 ἔχων

693 1851 1015 1923 ὑποχείριον,
1040 1857 1392 1909 συνεπάλαισέ
1430 1875 1531 1910 τινι
1575 1859 1719 1911 πόλει
1750 1860 2102 1928 τειχομαχῶν,
2131 1862 2222 1912 καὶ

692 1934 905 1989 πάντων
948 1940 1326 2007 ναρκησάντων
1376 1942 1507 2009 πρὸς
1544 1942 1639 2011 τὴν
1682 1942 1806 1994 θέαν
1843 1942 1934 1993 τοῦ
1970 1943 2219 2012 πολέμου,

693 2021 855 2073 πάλιν
896 2023 925 2072 ὀ
958 2023 1086 2085 Θεὸς
1120 2026 1367 2091 γυναικὸς
1408 2029 1561 2096 χεῖρα
1594 2027 1883 2097 νευρὼσας,
1932 2032 2072 2080 ποιεῖ
2106 2047 2223 2082 τινα

692 2109 919 2173 γυναῖκα
945 2110 1171 2179 φανῆναι
1199 2112 1261 2162 ἐκ
1286 2111 1376 2163 τοῦ
1404 2114 1610 2181 τείχους
1630 2152 1643 2176 ,
1670 2116 1787 2183 ἥτις
1818 2114 2031 2183 κλάσμα
2059 2115 2221 2184 μύλου

692 2190 945 2259 λαϐοῦσα,
972 2196 1226 2265 ἐπέρριψε
1250 2200 1312 2265 τῇ
1337 2199 1538 2268 κεφαλῇ
1561 2199 1652 2251 τοῦ
1678 2202 1956 2269 τυράννου,
1978 2203 2068 2254 καὶ
2100 2220 2225 2254 συνο

694 2276 909 2344 έτριψεν
937 2279 1096 2331 αὑτοῦ
1130 2282 1187 2333 τὸ
1224 2283 1456 2350 κρανίον.
1510 2285 1615 2336 Καὶ
1641 2287 1739 2353 ὅρα
1763 2286 1854 2337 τοῦ
1883 2288 2222 2357 ὑπερηφάνου

692 2364 787 2430 τὴν
817 2364 1046 2433 ἄμετρον
1071 2367 1261 2419 κακίαν
1290 2368 1767 2424 συναποθανοῦσαν.
1798 2372 1956 2439 Λέγει
1982 2374 2057 2441 τῷ
2091 2392 2226 2444 παρ-

694 2446 881 2499 εστῶτι
910 2449 1183 2519 δορυφόρῳ
1201 2468 1215 2482 ·
1242 2452 1470 2505 Σπάσαι
1508 2453 1618 2520 τὴν
1645 2454 1938 2523 μάχαιράν
1965 2473 2100 2519 σου,
2129 2458 2225 2510 καί

696 2531 932 2594 κλῆξόν
966 2550 1073 2600 με,
1124 2535 1220 2586 ἵνα
1254 2536 1338 2602 μὴ
1383 2538 1622 2590 εἴπωσι·
1678 2541 1843 2605 Γυνὴ
1893 2542 2076 2594 αὐτὸν
2114 2543 2226 2597 ἁπ-

694 2615 935 2671 ἐχτεινε.
986 2620 1056 2671 Τὸ
1086 2623 1238 2689 σῶμα
1278 2624 1435 2675 αὐτοῦ
1481 2625 1803 2693 ἀπέθνησκε,
1854 2628 1944 2678 καὶ
1990 2630 2022 2696 ἡ
2062 2628 2227 2697 ὑπερ.

698 2703 899 2770 ηφανία
928 2703 1113 2773 ἔμενεν
1132 2722 1145 2737 ·
1172 2707 1450 2760 ἀπετίθετο
1476 2710 1571 2779 τὴν
1607 2710 1770 2780 ζωὴν,
1797 2712 1887 2762 καὶ
1907 2713 2005 2764 οὐκ
2039 2714 2225 2765 ἀπετί-

700 2786 818 2839 θετο
842 2787 938 2857 τὴν
970 2791 1284 2855 κενοδοξίαν.
1316 2792 1422 2843 Καὶ
1449 2793 1539 2843 νῦν
1582 2793 1643 2843 οὐ
1686 2793 1853 2847 λείπει
1884 2795 1958 2865 τῷ
1988 2796 2101 2866 Θεῷ
2134 2802 2227 2850 Δε-

699 2871 876 2941 ϐώρα,
909 2874 966 2925 ού
993 2874 1161 2926 λείπει
1190 2877 1267 2944 τῷ
1299 2876 1414 2944 Θεῷ
1467 2877 1628 2947 Ἰαήλ.
1670 2880 1898 2947 Ἔχομεν
1938 2883 2028 2934 καὶ
2072 2886 2226 2952 ἡμεῖς

698 2955 792 3023 τήν
816 2957 975 3024 ἁγίαν
996 2959 1260 3026 Παρθένον
1282 2962 1372 3012 καὶ
1393 2961 1644 3015 Θεοτόκον
1669 2966 1878 3033 Μαρίαν
1905 2969 2227 3037 πρεσδεύου·

701 3058 798 3093 σαν
826 3044 960 3112 ὺπέρ
987 3046 1197 3112 ήμῶνα.
1234 3047 1295 3097 Εί
1329 3048 1431 3114 γὰρ
1472 3050 1503 3115 ἡ
1556 3051 1784 3117 τυχοῦσα
1827 3055 1959 3122 γυνὴ
1992 3054 2226 3125 ἐνίκησε,

702 3126 847 3196 πόσῳ
878 3127 1073 3195 μᾶλλον
1099 3132 1130 3198 ἡ
1154 3129 1245 3181 τοῦ
1271 3130 1500 3199 Χριστοῦ
1534 3134 1710 3201 μήτηρ
1745 3137 2087 3204 καταισχύνει
2107 3142 2230 3203 τοὺς

699 3212 921 3280 ἐχθροὺς
965 3214 1061 3282 τῆς
1117 3214 1400 3283 ἀληθείας;
1452 3217 1751 3270 Πανοπλίαν
1804 3222 2152 3292 ἐνδυόμενοςδ
2205 3229 2233 3278 ὁ

700 3294 917 3365 Ἐχθρὸς
937 3298 1145 3366 ἐνόμισε
1167 3304 1393 3367 γυναῖκα
1412 3297 1547 3354 εἶναι
1568 3303 1977 3376 χλευαζομένην,
1998 3310 2087 3363 καὶ
2110 3302 2232 3380 εῦρε

762 3594 784 3622 ο
818 3589 951 3651 Unus
966 3592 1080 3651 ὑπὲρ
1100 3595 1231 3651 ἡμῶν
1254 3594 1574 3651 ἀδιαλείπτως.

700 3649 948 3755 ὸπξιξξὲξε
966 3649 1275 3712 ἐνδεδυμένος.
1317 3656 1439 3704 forte
1471 3649 1661 3706 melius.
1699 3658 1821 3707 intra
1848 3659 1972 3707 idem
1995 3662 2230 3721 μνήματος

1852 455 1919 512 ΙΝ
1957 457 2278 515 ΗΟΜῙΙᾸΑΜ
2318 458 2724 528 SEQUENTEM

2320 585 2612 653 στρατηγὸν
2632 582 3042 653 ἀγωνιζόμενον.
3069 583 3179 635 Οὐκ
3200 581 3413 652 ἐνόμισε
3439 583 3679 652 μνήματι
3710 582 3863 636 ἄπτε-

2321 668 2459 731 σθαι,
2490 669 2581 721 καὶ
2626 668 2817 738 εὑρέθη
2858 668 3002 736 αὐτῷ
3033 669 3227 736 τάφος·
3259 668 3453 737 νεκρὰν
3481 668 3695 737 ἐνόμισε
3716 708 3729 730 ,
3767 670 3859 721 καὶ

2318 753 2585 823 ἐνεκρώθη
2606 754 2693 804 ὑπ’
2712 753 3142 822 αὐτῆς.Ἐχομεν
3161 753 3255 821 τὴν
3271 753 3552 805 δέσποιναν
3586 755 3618 822 η
3627 754 3739 821 μῶν
3764 753 3859 821 τὴν

2318 837 2475 903 ἁγίαν
2496 838 2707 906 Μαρίαν
2735 839 2831 907 τὴν
2862 838 3115 889 Θεοτόκον
3133 855 3146 869 ·
3170 836 3302 889 ἀλλά
3330 837 3483 905 χρεία
3514 838 3603 891 καὶ
3634 838 3861 889 ἀποστό-

2316 925 2438 979 λων.
2467 926 2714 994 Είπωμεν
2753 925 2964 993 Παύλῳ,
3000 923 3175 986 καθὼς
3211 919 3359 975 εἷπον
3390 925 3437 975 οί
3466 924 3583 974 τότε
3604 940 3615 951 ·
3654 927 3860 987 Διαϐὰς

2316 1011 2401 1071 εἰς
2433 1008 2800 1061 Μακεδονίαν
2821 1008 3133 1075 βοήθησον
3162 1006 3320 1075 ἡμῖν.
3363 1006 3593 1076 Ἐχομεν
3630 1009 3855 1060 ἀποστόο

2318 1092 2459 1153 λους,
2503 1094 2574 1163 μὴ
2608 1095 2977 1162 ναρκήσωμεν.
3011 1090 3153 1161 [416]
3205 1091 3432 1160 Ἐχομεν
3470 1093 3565 1161 τὴν
3583 1091 3860 1147 δέσποιναν

2320 1174 2473 1243 ἡμῶν
2501 1176 2596 1245 τὴν
2623 1177 2896 1239 Θεοτόκον,
2930 1178 3026 1246 τὴν
3057 1177 3214 1243 ἁγίαν
3244 1177 3589 1245 ἁειπαρθένον
3625 1178 3856 1245 Μαρίαν,

2324 1260 2397 1330 μὴ
2435 1260 2769 1331 όκνήσωμεν.
2816 1263 3047 1331 Ἐχομεν
3078 1263 3167 1314 τὸν
3213 1262 3367 1331 χορὸν
3399 1261 3506 1314 τῶν
3534 1262 3855 1332 Μαρτύρων,

2326 1344 2398 1413 μὴ
2425 1343 2837 1415 ρᾳθυμήσωμεν.
2879 1346 2969 1415 Μὴ
3021 1346 3175 1415 μόνον
3218 1345 3590 1413 ίκετεύσωμεν,
3634 1347 3766 1409 ἀλλ’,
3811 1349 3857 1399 ει

2321 1428 2483 1489 δοκεῖ,
2513 1430 2604 1481 καὶ
2628 1429 3027 1499 νηστεύσωμεν.
3062 1430 3272 1481 Βέλτιον
3302 1430 3581 1497 νηστεῦσαι
3617 1433 3856 1498 νηστείαν

2325 1512 2507 1577 πόθου,
2562 1514 2653 1565 καὶ
2694 1513 2765 1582 μὴ
2802 1514 3052 1583 νηστείαν
3092 1512 3280 1582 λιμοῦ·
3319 1513 3517 1582 βέλτιον
3572 1516 3856 1583 νηστεῦσαι

2325 1596 2569 1666 νηστείαν
2595 1597 2827 1665 ἀγάπης,
2851 1599 2943 1649 καὶ
2976 1599 3049 1666 μὴ
3078 1597 3323 1666 νηστείαν
3359 1599 3614 1666 ἀνάγκης.
3646 1599 3857 1665 Λέγεκό

2327 1681 2513 1751 Σωτὴρ
2540 1683 2665 1750 περὶ
2690 1683 2795 1734 τῶν
2818 1683 3080 1751 δαιμόνων
3098 1700 3112 1713 ·
3150 1682 3216 1736 Τὸ
3245 1683 3411 1750 γένος
3439 1683 3608 1735 τοῦτο
3645 1686 3751 1736 οὐκ
3776 1685 3865 1737 ἐκ-

2328 1769 2651 1833 πορεύεται,
2700 1770 2751 1820 ει
2773 1768 2856 1836 μὴ
2882 1770 2951 1821 ὲν
2973 1768 3277 1835 προσευχῇ
3308 1769 3401 1820 καὶ
3432 1770 3693 1834 νηστείᾳ.
3732 1770 3857 1821 Δαί-

2327 1869 2487 1920 μονας
2519 1852 2803 1919 φυγαδεύει
2850 1853 2979 1922 εὐχὴ
3017 1854 3107 1905 καὶ
3152 1852 3386 1920 νηστεία,
3432 1853 3523 1904 καὶ
3561 1852 3859 1921 βαρϐάρους

2322 1939 2418 1988 οὑκ
2443 1936 2685 1999 ἐλαύνεις
2714 1938 2820 1989 Καὶ
2845 1938 2942 2006 ἥδη
2969 1934 3140 2001 εἷπον,
3164 1938 3255 1989 καὶ
3283 1936 3440 1988 πάλιν
3472 1936 3610 2003 λέγω
3630 1954 3641 1965 ·
3674 1938 3857 2005 Παρακ

2324 2022 2631 2091 καλέσωμεν
2670 2023 2763 2091 τὴν
2790 2024 2944 2088 ἁγίαν
2970 2022 3169 2085 ἔνδοξον
3204 2022 3468 2090 Παρθένον
3492 2024 3580 2073 καὶ
3608 2021 3860 2073 Θεοτόκον

2323 2107 2572 2174 Μαρίαν·
2610 2107 3066 2176 παρακαλέσωμεν
3097 2108 3219 2168 τοὺς
3270 2107 3450 2173 ἁγίους
3493 2107 3583 2159 καὶ
3622 2106 3859 2168 ἐνδόξους

2322 2189 2660 2254 ἀποστόλους·
2702 2192 3157 2260 παρακαλέσωμεν
3191 2192 3312 2251 τοὺς
3335 2190 3515 2256 ἀγίους
3559 2191 3856 2260 μάρτυρας.

2335 2275 2457 2326 Ἐάν
2488 2292 2569 2337 τις
2608 2278 2663 2327 ὲν
2695 2276 2904 2346 ἀνάγκη
2954 2275 3223 2335 καταστὰς
3271 2274 3583 2341 προσδράμῃ
3612 2276 3719 2323 τινὶ
3755 2272 3859 2325 τῶν

2323 2359 2576 2423 δυνατῶν,
2622 2360 2680 2410 οὗ
2721 2359 2969 2429 προσέχει
3005 2357 3146 2427 αὐτῷ
3176 2358 3422 2425 γνησίως.
3458 2358 3567 2426 Πρὸ
3596 2358 3857 2426 ἀνάγκης.

2332 2442 2511 2509 φησὶν,
2544 2444 2639 2494 οὑκ
2668 2444 2811 2511 ᾔδεις
2856 2459 2919 2510 με
2961 2443 3182 2510 τιμῆσαι
3222 2444 3254 2510 ἢ
3286 2441 3628 2511 θεραπεῦσαι,
3662 2442 3775 2492 ἀλλ’
3804 2445 3862 2492 ἐν

2324 2528 2388 2595 τῇ
2419 2527 2645 2596 ἀνάγκῃ.
2688 2526 3011 2587 Ἀνύποπτος
3041 2527 3170 2595 τιμὴ
3208 2528 3240 2593 ἡ
3283 2526 3384 2587 ἔξω
3423 2528 3683 2593 ἀνάγκης.
3738 2526 3861 2577 Ἐάν

2326 2611 2429 2678 πρὸ
2453 2612 2691 2679 ἀνάγκης
2712 2610 3044 2683 θεραπεύσῃς
3074 2611 3162 2661 τὸν
3187 2610 3457 2680 δικαστὴν,
3476 2612 3531 2661 ἐν
3552 2614 3614 2678 τῇ
3645 2610 3857 2681 ἀνάγκῃ

2327 2698 2570 2765 εὑρήσεις
2617 2696 2913 2766 σύμμαχον.
2961 2693 3079 2747 Οἵδε
3122 2698 3247 2765 γὰρ,
3296 2697 3373 2749 ὅτι
3416 2698 3511 2765 οὐχ
3550 2699 3580 2765 ἡ
3630 2697 3860 2764 ἀνάγκη,

2328 2781 2439 2833 ἀλλ’
2473 2784 2500 2834 ὁ
2529 2781 2684 2842 πόθος
2712 2798 2769 2833 σε
2802 2782 2993 2849 ῆγαγε.
3018 2780 3299 2850 Γενώμεθα
3334 2780 3425 2834 οὖν
3451 2782 3555 2834 τῶν
3577 2782 3861 2851 μαρτύρων

2329 2870 2401 2936 μὴ
2433 2870 2487 2919 ὲν
2510 2871 2573 2938 τῇ
2610 2870 2818 2941 ἀνάγκη
2843 2870 3001 2937 φίλοι,
3042 2869 3152 2921 ἀλλ’
3178 2872 3234 2921 ἐν
3270 2874 3333 2939 τῇ
3362 2870 3545 2939 ἀγάπη
3568 2910 3581 2922 .
3610 2870 3718 2939 Πρὸ
3750 2887 3861 2937 χει-

2330 2954 2521 3022 μῶνος,
2566 2954 2639 3015 ὡς
2686 2955 2743 3005 ἐν
2784 2955 3026 3024 χειμῶνι,
3076 2955 3394 3024 λυπηθῶμεν
3419 2994 3433 3017 ,
3468 2957 3551 3007 ἴνα
3590 2958 3645 3007 ὲν
3689 2955 3862 3024 καιρῷ

2326 3038 2579 3107 χειμῶνος
2607 3039 2666 3090 τὸ
2706 3039 2803 3107 ἔαρ
2838 3040 3102 3107 εῦρωμεν.
3150 3040 3328 3091 Ταῦτα
3372 3041 3596 3109 λέγομεν
3628 3040 3727 3091 οὐκ
3765 3040 3863 3092 αὐο

2330 3123 2664 3186 θεντοῦντες,
2708 3124 2840 3176 ἀλλὰ
2889 3126 3313 3194 παρακαλοῦντες
3338 3143 3351 3156 ·
3402 3127 3461 3177 οὑ
3523 3125 3866 3193 νομοθετοῦν-

2329 3224 2445 3269 τες,
2479 3207 2611 3260 ἀλλά
2653 3208 3050 3271 δυσωποῦντες·
3094 3210 3399 3279 ἱκετεύομεν
3446 3211 3647 3271 πάντας
3674 3210 3862 3275 νῆψαι.

2345 3292 2542 3353 Ἱκανὸς
2569 3292 2623 3343 δὲ
2658 3295 2686 3344 ό
2717 3293 2845 3355 Θεὸς
2891 3294 3027 3362 ὑπὲρ
3055 3296 3228 3345 πᾶσαν
3263 3294 3461 3353 πίστιν,
3510 3293 3647 3361 ὑπὲρ
3689 3292 3866 3342 πάντα

2335 3377 2506 3443 λόγον,
2530 3379 2618 3429 καὶ
2648 3379 2769 3440 τοὺς
2795 3379 3013 3447 ἐχθροὺς
3042 3381 3416 3446 καταισχῦναι,
3444 3377 3534 3429 καὶ
3560 3378 3653 3443 τὴν
3680 3378 3862 3427 οἰκου-

2340 3461 2501 3530 μένην
2543 3462 2777 3529 ἐλεῆσαι,
2810 3465 2901 3515 καὶ
2950 3464 3072 3525 τοὺς
3116 3462 3347 3530 βασιλεῖς
3374 3463 3615 3530 τιμῆσαι,
3646 3461 3739 3511 καὶ
3772 3460 3869 3529 τὴν

2338 3546 2601 3615 βασιλείαν
2628 3547 2836 3613 στῆσαι.
2866 3548 2957 3600 καὶ
2987 3549 3084 3617 τὴν
3117 3547 3274 3600 αὑτοῦ
3296 3546 3448 3610 δόξαν
3472 3545 3776 3616 φαιδρῦναι,
3810 3548 3869 3597 ἐν

2334 3631 2548 3699 Χριστῷ
2582 3630 2751 3698 Ἰησοῦ
2795 3631 2870 3699 τῷ
2922 3633 3107 3701 Κυρίῳ
3135 3632 3303 3701 ἡμῶν,
3333 3626 3375 3698 ᾧ
3406 3634 3440 3700 ή
3471 3632 3593 3695 δόξα
3629 3632 3709 3692 εἰς
3744 3631 3872 3692 τοὺς

2333 3715 2551 3776 αἰῶνας.
2593 3716 2775 3784 Ἀμήν.

696 3965 1263 3996 ια’-τεξο--α--η--ε

1717 3969 2765 3980 ————-———————_——_———--_———
2776 3968 3847 3979 -—.__———————__—

2454 3984 3337 3995 _~—.~——.—~__
3368 3983 3849 3995 _—-_

2104 4199 2472 4260 MONITUM

764 4401 910 4455 lianc
966 4403 1235 4455 homiliam
1283 4418 1346 4454 ex
1395 4402 1527 4455 Cod.
1588 4402 1751 4471 Regio
1793 4403 1930 4455 2447
1977 4402 2296 4469 exscriptam
2346 4404 2493 4471 prior
2523 4403 2689 4458 edidit
2738 4402 3034 4457 Cotelerius
3075 4402 3243 4457 Tomo
3285 4406 3318 4459 3
3364 4402 3695 4456 Monument.
3738 4401 3887 4457 Eccl.

690 4512 745 4564 ι).
801 4491 1056 4555 121157,
1108 4490 1353 4559 illamque
1408 4492 1786 4561 Chrysostomo
1829 4506 2069 4545 asserere
2099 4502 2323 4545 conatur
2374 4494 2425 4545 in
2482 4495 2642 4557 notis,
2695 4509 2748 4562 p.
2786 4494 2905 4555 558,
2939 4494 3021 4546 his
3051 4494 3221 4547 verbis
3263 4512 3275 4546 :
3324 4512 3340 4542 ι
3370 4492 3673 4546 Orationem
3719 4491 3885 4552 hanc,

691 4584 1002 4651 genuinum,
1038 4594 1094 4634 ut
1123 4582 1346 4647 videtur,
1378 4583 1568 4637 summi
1600 4583 1830 4637 doctoris
1854 4598 2007 4651 opus,
2038 4583 2237 4650 prolem
2270 4601 2460 4655 magno
2500 4601 2608 4639 non
2635 4586 2790 4653 plane
2819 4584 3156 4637 inﬁciendam
3195 4583 3422 4651 parenti,
3454 4582 3691 4634 habitam
3714 4581 3888 4635 fuisse

688 4672 988 4727 Antiochia:
1028 4672 1155 4726 illud
1194 4674 1445 4737 ostendit,
1476 4674 1614 4742 quod
1664 4674 1728 4727 ad
1769 4673 1949 4737 ﬁnem,
1980 4682 2137 4742 prout
2176 4676 2327 4737 solet,
2377 4676 2442 4729 de
2468 4676 2736 4729 communi
2767 4684 2916 4743 patre.
2949 4689 3043 4728 seu
3086 4675 3337 4741 episeopo
3387 4672 3637 4739 loquitur,
3683 4686 3889 4739 nempe

690 4762 962 4815 Flaviano.
989 4762 1273 4831 Exceptam
1298 4764 1475 4831 potius
1504 4762 1819 4816 crediderim
1855 4779 1917 4816 ex
1948 4778 2039 4817 ore
2063 4765 2376 4831 perorantis.
2414 4779 2570 4831 quam
2610 4779 2639 4815 a
2680 4779 2839 4817 manu
2871 4764 3239 4831 componentis
3271 4761 3590 4829 profectam;
3630 4760 3739 4813 nisi
3768 4762 3891 4829 quis

690 4851 1061 4918 interpolatam
1109 4852 1275 4905 malit.
1315 4870 1333 4902 ι
1389 4852 1522 4916 Quia
1570 4867 1695 4906 vero
1738 4868 1843 4905 non
1878 4868 2063 4921 parum
2091 4852 2345 4905 momenti
2373 4852 2617 4905 conferre
2659 4868 2816 4921 posse
2844 4852 3056 4906 videtur
3086 4852 3151 4903 ad
3205 4849 3584 4919 explorandum
3610 4857 3664 4901 et
3705 4850 3891 4904 locum

690 4950 747 4995 et
773 4949 982 5009 tempus
1015 4957 1120 5009 quo
1141 4942 1321 4996 habita
1351 4943 1537 4996 concio
1560 4943 1676 5007 fuit,
1706 4945 1755 4996 id
1785 4944 1925 5012 quod
1957 4958 2181 4997 numero
2218 4944 2249 4997 6
2272 4943 2337 4997 de
2362 4944 2568 4997 duabus
2595 4944 2978 5011 posterioribus
3008 4941 3228 4996 Joannis
3264 4940 3511 5010 Epistolis
3538 4940 3764 5000 dicitur.
3804 4939 3893 4993 hic

690 5041 869 5088 notam
899 5033 1145 5087 Cotelerii
1189 5035 1243 5087 in
1296 5036 1470 5089 locum
1500 5037 1645 5090 illum
1690 5037 1920 5104 adjicere
1962 5036 2133 5091 visum
2172 5052 2224 5090 es

2334 5054 2352 5085 ι
2383 5036 2579 5087 Τῶνδέ
2604 5035 3121 5105 ἐκκλησιαζομένων.
3172 5037 3304 5089 Nota
3347 5034 3623 5103 diligenter
3671 5034 3894 5105 insigne

690 5127 1083 5192 testimonium;
1112 5136 1168 5180 ut
1196 5138 1464 5195 quaeratur
1491 5146 1557 5183 an
1593 5138 1646 5183 et
1674 5146 1781 5199 quo
1823 5130 1982 5183 modo
2017 5130 2071 5183 in
2099 5131 2261 5184 variis
2281 5130 2433 5184 Joan.
2474 5129 2834 5199 Chrysostomi
2878 5131 3127 5197 operibus
3158 5112 3393 5183 citentur
3419 5128 3669 5196 Epistolas
3700 5138 3895 5197 poste~

691 5218 860 5272 riores
882 5217 1122 5281 Joannis,
1152 5236 1284 5289 quas
1316 5222 1383 5275 ab
1406 5222 1637 5290 antiquis
1664 5224 1717 5276 in
1742 5238 1947 5277 canone
1970 5222 2364 5292 Seripturarum
2391 5224 2591 5289 positas
2622 5237 2727 5274 non
2759 5222 2939 5284 fuisse,
2994 5237 3095 5276 nee
3124 5222 3315 5275 Joanni
3356 5214 3593 5290 apostolo
3629 5221 3892 5281 tributas,

691 5307 841 5361 testis
884 5316 966 5361 est
1000 5308 1233 5377 locuples
1260 5310 1522 5366 Eusebius
1555 5312 1589 5364 I.
1621 5313 1672 5373 '5,
1720 5328 1837 5380 cap.
1869 5313 1957 5377 25,
1988 5328 2049 5366 ac
2080 5322 2198 5381 post
2225 5328 2349 5367 eum
2388 5312 2739 5379 Hieronymus
2770 5310 2822 5362 in
2846 5308 3115 5377 Catalogo,
3144 5319 3199 5365 et
3225 5310 3592 5365 OEcumenius
3628 5310 3688 5362 in
3723 5308 3897 5363 Com-

689 5398 987 5450 mentariis.
1015 5398 1318 5462 Quinetiam
1345 5394 1576 5470 viguisse
1613 5416 1731 5455 eam
1773 5404 2190 5456 controversiam
2222 5404 2361 5455 circa
2400 5412 2639 5470 tempora
2685 5401 2905 5454 Joannis
2950 5401 3119 5455 nostri
3159 5400 3485 5469 signiﬁcatur
3526 5415 3623 5467 per
3650 5401 3897 5469 Amphi-

688 5486 922 5541 lochium
958 5489 1012 5542 in
1044 5491 1235 5546 lambis
1274 5492 1338 5544 ad
1381 5491 1685 5558 Seleucum,
1729 5509 1931 5562 perque
1964 5494 2391 5565 Topographiam
2436 5494 2815 5557 Christianam,
2847 5508 3004 5561 quam
3036 5492 3165 5546 citat
3211 5491 3433 5544 Allatius
3484 5489 3709 5545 Dissert.
3771 5492 3794 5544 1
3830 5492 3898 5545 de

687 5574 837 5629 libris
865 5578 1243 5634 ecclesiasticis
1270 5580 1596 5636 Grecorum.
1629 5602 1646 5634 ι

757 5666 893 5722 Tres
926 5668 1177 5737 Epistolae
1223 5681 1427 5726 tantum
1471 5673 1747 5730 catholicae
1790 5684 2278 5731 commemorantur
2306 5690 2463 5743 supra
2496 5673 2547 5727 in
2586 5672 2811 5742 Synopsi
2850 5671 3236 5742 Chrymstomi,
3279 5684 3471 5739 nempe
3498 5667 3715 5731 Jacobi,
3751 5668 3896 5724 Petri
