4096 6530
248 452 358 507 409

222 561 533 616 administer
559 559 694 612 illius
716 557 958 611 facinoris
985 564 1142 618 esset,
1167 567 1351 609 somno
1380 552 1585 607 hostem
1623 553 1768 607 illum

224 651 461 705 devinxit
485 667 499 703 :
527 658 581 702 et
604 648 813 710 mulier,
837 647 1028 715 paxillo
1054 654 1260 713 arrepto
1297 653 1347 698 ct
1378 643 1586 707 malleo,
1602 642 1773 711 adegit

226 756 319 809 per
364 749 599 806 tempora
639 739 742 790 ictu
789 748 891 789 tam
935 735 1087 797 forti,
1119 744 1173 787 ut
1203 735 1356 787 etiam
1390 743 1578 787 terram
1609 746 1770 800 pene-

228 836 388 881 traret
417 844 429 878 :
460 835 513 881 et
541 827 614 880 sic
640 826 849 895 quidem
891 825 977 877 ille
1023 825 1154 877 intra
1187 822 1346 891 pedes
1376 821 1607 875 mulieris
1633 836 1771 873 mor-

229 930 347 972 tuus
370 926 467 971 est.

296 1009 347 1060 7.
388 1006 503 1059 Non
547 1006 737 1059 desunt
780 1004 883 1056 Deo
924 1003 1244 1063 occasiones,
1273 1008 1326 1055 et
1352 1014 1469 1054 eum
1501 999 1611 1067 ipse
1638 997 1767 1061 vult,

230 1095 356 1152 nihil
400 1095 560 1149 refert
607 1109 701 1147 nos
749 1094 905 1146 etiam
950 1093 1211 1145 sociorum
1263 1090 1468 1144 auxiliis
1515 1089 1767 1144 destitui:

231 1183 319 1237 Dei
368 1198 531 1242 arma,
577 1182 671 1234 Dci
706 1182 870 1239 miles.
903 1180 990 1232 Dei
1044 1180 1227 1240 virtus,
1283 1180 1425 1232 solus
1474 1187 1627 1232 nutus
1678 1178 1770 1230 Dei

225 1272 399 1323 omnia
431 1279 664 1337 possunt.
690 1269 798 1321 Hoc
817 1268 1021 1321 Christo
1050 1268 1285 1320 dicamus
1309 1283 1320 1317 :
1346 1267 1439 1319 Dic
1460 1254 1694 1325 verbum,
1719 1272 1772 1317 et

230 1360 405 1411 hostes
434 1359 503 1410 tui
523 1357 917 1425 dissipabuntur
944 1374 955 1406 :
985 1355 1068 1408 die
1104 1356 1341 1416 verbum,
1373 1362 1426 1407 et
1470 1354 1769 1406 misericor-

225 1448 310 1502 dia
361 1450 622 1503 civitatem
658 1456 796 1500 tuam
848 1447 1040 1500 afticies
1075 1464 1086 1496 :
1119 1446 1201 1498 die
1248 1444 1483 1507 verbum,
1514 1453 1566 1497 et
1595 1442 1767 1495 mundi

230 1540 305 1591 tui
348 1537 701 1592 misereberis.
734 1537 974 1588 Dicamus
1021 1535 1126 1597 illi,
1164 1533 1290 1586 Ecce
1316 1534 1473 1585 hostes
1499 1532 1568 1584 tui
1595 1547 1770 1584 sonue-

225 1636 365 1688 runt,
387 1640 433 1679 et
458 1628 540 1695 qui
564 1636 607 1677 te
620 1625 852 1686 oderunt,
884 1625 1181 1676 sustulerunt
1202 1633 1349 1690 caput
1383 1621 1547 1691 (Psal.
1581 1620 1666 1673 82.
1689 1619 1765 1687 5).

230 1716 386 1768 \‘isnc
412 1715 625 1768 alterius
666 1714 898 1767 ediscere
926 1712 1158 1764 mulieris
1185 1720 1517 1778 stratagema,
1542 1710 1677 1777 quod
1718 1719 1770 1762 ct

226 1808 395 1872 ipsum
437 1804 613 1857 divina
657 1808 923 1857 voluntate
969 1810 1322 1871 perpetratum
1348 1802 1459 1854 est?
1485 1801 1610 1853 Erat
1635 1800 1768 1853 alius

222 1895 503 1961 qniSpiam,
535 1893 744 1946 nomine
769 1890 1092 1953 Abimelcch,
1124 1891 1209 1958 qui
1243 1888 1530 1943 interfectis
1560 1899 1768 1953 septua-

220 1986 365 2049 ginta
393 1984 653 2046 fratribus,
679 1991 889 2050 totoque
942 1982 1131 2049 populo
1160 1995 1251 2048 per
1285 1979 1384 2031 hoc
1429 1978 1765 2032 fratricidittm

223 2074 276 2124 in
315 2087 461 2125 suam
504 2079 812 2140 potestatem
850 2070 1090 2132 redacto,
1131 2068 1400 2137 oppidum,
1427 2068 1647 2121 admotis
1676 2080 1767 2120 co-

222 2164 341 2225 piis,
367 2178 667 2230 oppugnare
688 2163 842 2228 cmpit
865 2159 1061 2228 (ludio.
1089 2154 1141 2225 9)
1173 2176 1185 2210 :
1215 2166 1267 2210 et
1286 2158 1531 2213 omnibus
1556 2157 1617 2209 ad
1643 2157 1765 2210 belli

222 2251 407 2302 faciem
445 2251 675 2301 attonitis
702 2259 752 2302 et
775 2248 1097 2315 stupefactis,
1128 2247 1265 2299 Deus
1312 2246 1498 2299 iterum
1530 2246 1767 2298 mulieris

220 2355 432 2391 manum
456 2340 734 2401 roboravit,
770 2353 986 2405 eamque
1022 2352 1050 2389 e
1080 2336 1336 2390 moenibus
1365 2335 1591 2402 conspici
1617 2350 1767 2388 cura-

218 2429 311 2493 \it,
339 2443 457 2495 qua:
483 2426 570 2481 ubi
602 2428 818 2480 frustum
840 2426 905 2479 de
931 2425 1099 2493 lapide
1128 2424 1310 2478 molari
1345 2424 1682 2490 arripuisset,
1713 2424 1763 2475 in

216 2527 375 2585 caput
401 2516 605 2585 tyranni
635 2516 868 2583 projeeit,
898 2523 1151 2581 caputque
1175 2511 1434 2565 contrivit.
1459 2511 1559 2565 Sed
1585 2512 1765 2565 obser-

218 2620 277 2655 va
310 2604 571 2671 ingentem
606 2603 815 2669 superbi
846 2602 980 2654 illius
1018 2600 1297 2668 nequitiam
1319 2614 1433 2652 cum
1476 2599 1587 2666 ipso
1616 2613 1761 2651 com-

216 2692 545 2745 morientem.
596 2691 727 2743 Dicit
753 2690 961 2743 satelliti
993 2689 1252 2751 adstanti,
1304 2687 1501 2757 Striuge
1540 2688 1761 2756 gladium

215 2793 374 2843 tuum,
408 2791 453 2835 et
481 2798 555 2835 me
589 2791 803 2849 percute,
843 2797 903 2833 ne
932 2780 1117 2841 dicant,
1169 2780 1349 2831 Mulier
1388 2780 1549 2846 ipsum
1582 2779 1763 2831 occidit

213 2872 376 2925 (Ibid.
401 2888 447 2925 υ.
475 2874 547 2939 ι).
575 2872 775 2940 Corpus
810 2871 1132 2923 moriebatur
1158 2910 1171 2931 ,
1203 2869 1444 2937 superbia
1471 2868 1713 2921 manebat
1742 2884 1755 2919 :

211 2963 371 3016 vitam
416 2963 505 3015 ille
559 2962 764 3028 quidem
808 2977 925 3015 cum
971 2968 1139 3015 morte
1178 2960 1575 3025 commutabat,
1613 2974 1759 3013 vanae

210 3052 392 3117 gloria:
444 3049 670 3104 studium
720 3065 819 3102 non
875 3050 1245 3103 commutabat.
1298 3049 1359 3102 Et
1404 3048 1611 3117 quidem
1662 3047 1758 3101 hac

209 3147 363 3192 πείθω
413 3153 514 3190 ηοη
555 3138 703 3190 deest
731 3139 833 3191 Deo
858 3139 1082 3201 Debora,
1131 3151 1235 3192 non
1275 3137 1425 3190 deest
1480 3137 1588 3189 Deo
1620 3135 1753 3188 Jael.

210 3226 472 3279 Habemus
498 3235 549 3279 et
578 3242 674 3279 nos
701 3236 930 3279 sanctam
954 3225 1222 3295 Virginem
1243 3240 1303 3279 ac
1332 3226 1422 3280 Dei
1452 3226 1755 3295 genitricem

206 3316 418 3368 Mariam
445 3356 457 3375 ,
486 3330 600 3383 qum
629 3330 723 3381 pro
749 3315 899 3367 nobis
930 3314 1223 3370 intercedit.
1256 3314 1310 3370 Si
1336 3316 1475 3368 enim
1504 3316 1698 3384 qumvis
1727 3330 1755 3368 e

205 3408 356 3474 vulgo
380 3406 572 3459 mulier
595 3406 865 3458 victoriam
891 3405 1114 3458 obtinuit
1138 3445 1153 3469 ,
1185 3415 1378 3473 quanto
1413 3407 1575 3472 magis
1600 3405 1755 3458 Chri-

202 3495 263 3546 sti
297 3504 469 3547 mater
502 3493 678 3547 hostes
702 3494 933 3547 veritatis
958 3492 1263 3546 conl‘undit?
1294 3492 1471 3547 Hostis
1497 3493 1582 3546 ille
1610 3493 1753 3547 omni

202 3597 472 3635 armorum
522 3597 713 3651 genere
763 3582 1066 3645 instructus,
1090 3583 1288 3651 putavit
1334 3583 1608 3636 mulierem
1637 3595 1754 3636 esse

200 3672 307 3721 risu
330 3670 567 3739 dignam,
600 3678 653 3723 et
676 3670 872 3723 invenit
914 3670 1099 3724 ducem
1129 3679 1436 3724 certantem.
1468 3670 1579 3724 Non
1603 3679 1755 3738 puta-

197 3760 269 3812 vit
298 3775 357 3813 sc
389 3774 554 3829 pr0pc
579 3761 879 3828 sepulcrum
915 3774 1031 3815 esse
1055 3800 1069 3825 ,
1099 3770 1150 3816 et
1181 3761 1446 3815 inventum
1475 3772 1553 3816 est
1576 3762 1645 3814 illi
1675 3775 1749 3816 sc-

1652 438 1974 496 MONITUM.

3337 460 3449 513 410

1878 562 2115 621 pulcrum
2149 571 2160 607 ε
2188 566 2446 609 mortuam
2477 556 2615 609 illam
2647 558 3012 622 existimabat,
3041 569 3093 612 et
3121 560 3186 613 ab
3210 562 3318 627 ipsa
3352 564 3429 615 in-

1880 644 2121 697 terl‘ectus
2149 653 2247 697 est.
2284 644 2543 698 Habemus
2587 646 2862 699 Dominam
2916 656 3148 701 nostram
3198 660 3427 704 sanctam

1877 728 2089 783 Mariam
2110 731 2384 798 Deiparam
2418 749 2429 783 :
2459 732 2548 784 sed
2573 742 2624 785 et
2648 735 2998 800 apostolorum
3034 737 3276 802 precibus
3297 753 3427 804 Opus

1876 826 1974 871 est.
2009 819 2247 872 Dicamus
2276 830 2327 871 et
2356 834 2451 873 nos
2490 821 2671 879 Paulo.
2699 823 3134 889 quemadmodum
3179 835 3231 877 ct
3273 828 3425 894 prisci

1878 908 1951 960 illi
1985 927 1995 960 :
2030 909 2150 961 Cum
2170 911 2221 961 iu
2245 909 2586 962 Macedoniam
2618 914 2957 980 pertransieris
2985 954 2997 975 ,
3024 916 3160 966 uobis
3188 916 3437 968 auxitiare

1877 999 2007 1063 (.lct.
2042 1000 2124 1052 16.
2168 999 2241 1068 9).
2296 1000 2555 1054 Habemus
2607 1004 2889 1069 apostolos,
2941 1019 3006 1057 ne
3049 1014 3423 1071 torpescamus.

1876 1085 2156 1143 Habemus.
2186 1088 2415 1156 inquam,
2444 1088 2704 1142 dominam
2725 1100 2951 1143 nostram
2973 1101 3205 1145 sanctam
3234 1094 3422 1160 Deipa-

1876 1191 2005 1239 ram,
2034 1184 2086 1229 et
2106 1192 2313 1246 semper
2336 1176 2597 1245 Virginem
2623 1178 2855 1242 Mariam,
2886 1196 2949 1231 ne
2974 1182 3293 1249 pigritemnr.
3328 1183 3421 1234 lla-

1878 1266 2057 1318 henuts
2086 1265 2301 1318 chorum
2326 1279 2632 1337 martyrum,
2665 1283 2729 1322 ne
2767 1268 2977 1321 desides
3023 1271 3204 1324 simus.
3247 1270 3424 1339 Neque

1875 1368 1997 1406 vero
2026 1362 2221 1406 tantum
2253 1370 2554 1421 precemur,
2589 1356 2701 1418 sed,
2726 1356 2766 1408 si
2790 1357 3014 1421 videtur,
3046 1358 3200 1410 etiam
3225 1358 3422 1425 jt-june-

1875 1457 2007 1494 ntus.
2051 1442 2222 1496 Satius
2274 1453 2356 1496 est
2391 1444 2627 1512 jejttnare
2668 1446 2920 1513 jejunium
2972 1447 3235 1512 desiderii,
3268 1464 3420 1515 quam

1874 1531 2022 1585 famis
2056 1550 2067 1582 :
2100 1532 2280 1595 satius,
2313 1532 2565 1599 jejunium
2594 1534 2885 1587 dilectionis
2908 1575 2923 1597 ,
2956 1550 3107 1601 quam
3142 1528 3426 1589 necessita-

1876 1620 1957 1671 tis.
1992 1620 2236 1673 Servator
2254 1620 2318 1673 de
2342 1621 2664 1674 dmmonibtts
2689 1624 2759 1674 ait
2786 1641 2796 1672 :
2831 1621 2992 1675 Genus
3029 1625 3118 1675 hoc
3148 1641 3244 1675 uou
3275 1626 3416 1695 ejici-

1875 1720 1952 1762 tur
1976 1711 2139 1763 uisiiu
2168 1712 2386 1763 oratione
2400 1721 2444 1763 et
2462 1712 2656 1778 jejunio
2685 1711 2889 1779 (Matth.
2921 1714 3005 1764 Π.
3036 1712 3147 1781 ‘20).
3172 1714 3349 1766 Oratio
3369 1725 3419 1767 et

1866 1799 2117 1867 jejunium
2142 1798 2407 1852 daemones
2433 1799 2671 1867 proﬂigat
2698 1817 2710 1851 :
2744 1810 2795 1853 ct
2823 1800 3077 1853 barbaros
3106 1816 3207 1853 non
3243 1801 3417 1868 protll-

1872 1887 2049 1953 gabit?
2072 1886 2219 1952 Quod
2240 1896 2361 1940 ante
2385 1887 2487 1940 dixi
2516 1902 2695 1941 rursus
2734 1888 2851 1941 dico
2875 1904 2886 1938 ε
2920 1903 3162 1956 rogemus
3188 1898 3419 1942 sanctam

1870 1975 2149 2043 gloriosam
2173 1976 2433 2043 Virginem
2481 1984 2533 2028 et
2579 1975 2849 2043 Dciparam
2900 1977 3149 2029 Mariam:
3178 1992 3419 2046 rogemus

1871 2073 2077 2119 sanctos
2129 2075 2181 2120 et
2222 2066 2499 2133 praeclaros
2558 2066 2819 2133 apostolos
2866 2082 2877 2116 :
2925 2081 3167 2134 rogemus
3211 2076 3417 2120 sanctos

1872 2164 2145 2223 martyres.
2176 2156 2227 2208 Si
2258 2155 2372 2223 quis
2400 2155 2708 2208 necessitate
2736 2154 2954 2221 quadam
2982 2155 3214 2217 adactus,
3246 2156 3418 2208 subito

1872 2244 1935 2297 ad
1985 2245 2209 2313 aliquem
2261 2244 2605 2312 potentiorem
2635 2241 2918 2311 confugiat,
2970 2243 3013 2295 is
3062 2258 3161 2297 non
3196 2244 3417 2297 libenter

1870 2335 2038 2402 ipsum
2089 2334 2297 2401 excipit.
2340 2336 2474 2386 Ante
2504 2335 2894 2397 necessitatem,
2925 2334 3120 2401 inquit,
3152 2335 3416 2387 nesciebas

1869 2426 1995 2479 mihi
2051 2426 2301 2477 honorem
2350 2434 2399 2475 et
2425 2423 2619 2475 cultum
2669 2433 2937 2490 prmstare,
2971 2424 3059 2476 sed
3111 2425 3417 2476 necessitate

1869 2516 2166 2583 compulsus
2194 2515 2241 2568 id
2274 2516 2401 2580 agis.
2436 2515 2591 2567 Extra
2637 2514 2995 2567 necessitatem
3020 2514 3187 2567 hooor
3217 2515 3302 2567 ille
3328 2530 3416 2567 sn-

1867 2615 2076 2672 spectus
2106 2618 2205 2655 non
2232 2612 2328 2656 est.
2361 2603 2414 2655 Si
2454 2612 2573 2655 ante
2605 2603 2966 2655 necessitatem
3001 2603 3220 2667 iudicem
3249 2604 3413 2666 colas,

1868 2696 1917 2746 itt
1950 2694 2259 2747 necessitate
2292 2692 2580 2760 adjutorem
2611 2693 2858 2759 reperies.
2889 2691 3199 2746 Novitenim
3233 2703 3281 2746 te
3313 2710 3415 2746 non

1867 2784 2193 2846 necessitate,
2225 2781 2316 2835 sed
2363 2797 2539 2833 amore
2584 2782 2683 2848 agi.
2729 2781 2903 2834 Simus
2935 2780 3105 2848 itaque
3130 2791 3415 2851 martyrum

1865 2872 2037 2936 amici,
2069 2887 2169 2924 non
2225 2888 2289 2925 ex
2335 2873 2663 2934 necessitate,
2711 2871 2800 2924 sed
2850 2886 2914 2924 ex
2954 2872 3230 2925 dilectione
3258 2882 3416 2926 :ante

1867 2970 2243 3030 tempestatem,
2277 2973 2329 3015 ut
2382 2962 2774 3030 tempestatibus
2817 2962 2994 3015 afflicti
3039 2962 3325 3026 doleamus,
3360 2972 3416 3017 ut

1866 3055 1913 3105 in
1945 3061 2247 3121 tempestate
2274 3069 2362 3107 ver
2384 3053 2726 3105 inveniamus.
2760 3052 2884 3105 Hzec
2912 3052 3154 3111 dicimus,
3180 3068 3280 3106 non
3313 3054 3414 3106 im-

1864 3151 2140 3210 perantes,
2186 3141 2276 3193 sed
2321 3140 2621 3203 hortantes;
2678 3154 2780 3191 non
2817 3140 2984 3207 legem
3032 3138 3286 3201 ferentes,
3320 3141 3412 3194 sed

1863 3232 2194 3284 obsecrantes
2238 3246 2250 3281 :
2302 3244 2572 3295 precamur
2602 3238 2654 3279 ut
2684 3241 2865 3281 omnes
2896 3228 3067 3281 sobrie
3090 3230 3280 3281 vivant.
3311 3229 3412 3281 Ρο-

1864 3332 2155 3375 testantem
2192 3321 2347 3382 Deus,
2382 3328 2570 3385 prmtcr
2610 3318 2781 3380 fidem,
2816 3326 3003 3384 prteter
3042 3319 3299 3370 rationem
3327 3318 3413 3370 lto-

1862 3420 1966 3464 stos
1998 3409 2275 3477 ignominia
2314 3408 2543 3469 afficere,
2571 3408 2711 3460 orbis
2750 3407 2983 3459 misereri
3016 3447 3030 3469 ,
3064 3407 3408 3473 lmpemtores

1864 3502 2059 3553 honore
2089 3500 2319 3559 afﬁcere,
2353 3498 2624 3565 imperium
2654 3497 2881 3559 ﬁrmare,
2906 3512 3157 3563 suamque
3193 3497 3411 3563 gloriam

1862 3592 2119 3645 illustrare
2143 3591 2191 3642 in
2214 3589 2422 3642 Cbrism
2442 3588 2564 3641 Jcsu
2596 3586 2813 3640 Domino
2834 3594 3033 3650 nostro,
3057 3586 3138 3639 cui
3164 3585 3328 3654 gloria
3354 3585 3406 3639 in

1860 3678 2069 3732 smeula.
2096 3679 2282 3730 Amen.

232 3960 3391 4005 ι-Μ

1262 4198 1339 4257 ΙΝ
1401 4198 1803 4259 HOMlLlAM
1864 4200 2352 4272 SEQUENTEM.

200 4408 393 4476 prima,
431 4414 487 4459 et
517 4402 740 4458 Joannis
771 4403 898 4457 item
932 4404 1123 4473 prima,
1155 4420 1271 4472 qure
1305 4414 1419 4457 erat
1445 4405 1625 4473 Opinio
1672 4406 1923 4475 Syrorum
1952 4418 2004 4462 et
2033 4410 2282 4465 Ecclesia:
2308 4412 2673 4478 Antiochenae,
2722 4417 2771 4469 id
2824 4419 2961 4485 quod
3009 4420 3206 4474 ibidem
3238 4424 3404 4491 pluri-

200 4497 299 4547 bus
327 4491 897 4547 commonstravimus.
949 4491 1075 4545 lnde
1102 4507 1229 4545 vero
1263 4493 1517 4545 asseritttr
1557 4493 1693 4546 hanc
1725 4495 2013 4557 homiliam,
2047 4498 2089 4550 si
2138 4513 2244 4550 non
2288 4498 2673 4567 Chrysostomi,
2730 4506 2880 4573 cujus
2933 4522 3127 4562 nomen
3168 4514 3400 4578 praefert,

197 4586 426 4654 alicujus
462 4591 614 4636 certe
646 4597 708 4635 ex
746 4582 1082 4651 presbyteris,
1137 4582 1304 4650 ipsius
1350 4583 1635 4646 sodalibus,
1668 4599 1818 4647 esse;
1866 4586 1915 4638 id
1945 4588 2104 4639 etiam
2147 4589 2269 4641 inde
2298 4590 2570 4655 probatur,
2603 4594 2742 4659 quod
2771 4596 3140 4652 admirandum
3171 4612 3395 4669 patrem,

199 4677 246 4729 id
282 4684 366 4729 est
402 4675 720 4742 episcopum
755 4674 1085 4735 Flavianum,
1127 4674 1275 4742 quasi
1302 4685 1615 4742 praesentem
1666 4678 2011 4732 concionator
2033 4692 2417 4736 commemoret
2446 4693 2498 4737 et
2529 4696 2711 4740 contra
2742 4690 3029 4744 Anommos
3059 4705 3275 4763 pugnet,
3309 4700 3398 4765 qui

198 4764 663 4831 tum-frequentes
714 4771 866 4816 erant
893 4762 1209 4815 Antiochi-a2.
1260 4762 1621 4831 Chrysostomi
1677 4775 1822 4819 certe
1871 4782 1976 4819 non
2005 4783 2123 4820 esse
2168 4771 2339 4837 arguit
2386 4773 2689 4827 omnimoda
2736 4777 2852 4845 styli
2903 4762 3203 4845 diversitas,
3255 4762 3400 4841 tanta

195 4860 401 4911 scilicet
427 4864 691 4924 quantam
720 4857 803 4908 vix
838 4857 962 4908 alibi
1014 4870 1266 4923 umquam
1298 4856 1687 4923 deprehendas.
1735 4858 1909 4913 lnnuit
1953 4860 2343 4925 Tillemontius,
2394 4881 2551 4932 posse
2598 4867 2872 4923 Severiani
2903 4887 3041 4936 esse,
3089 4876 3178 4941 qui
3224 4892 3402 4932 coram

193 4951 591 5018 tlltrysostomo
637 4949 1039 5016 archiepiscopo
1081 4947 1690 5017 ConstantinOpolitano,
1728 4960 1851 5006 tunc
1896 4955 2195 5022 episcopus,
2240 4958 2680 5024 concionaretur;
2732 4964 2824 5016 sed
2868 4981 2973 5018 non
3026 4967 3402 5024 animadvertit

193 5040 583 5093 Tillemontius
620 5038 731 5091 haec
766 5039 817 5091 in
848 5041 1082 5093 Ecclesia
1116 5042 1343 5108 quadam
1373 5042 1511 5095 dicta
1548 5043 1728 5107 fuisse,
1774 5048 1859 5100 ubi
1884 5046 2106 5101 Joannis
2138 5052 2370 5105 secunda
2411 5064 2462 5106 et
2496 5056 2649 5107 tertia
2680 5057 2911 5123 Epistola
2938 5060 3076 5113 inter
3111 5063 3401 5120 canonicos

193 5126 357 5181 libros
386 5142 503 5181 non
543 5126 981 5189 admittebantur,
1006 5127 1056 5179 id
1078 5128 1218 5194 quod
1243 5128 1306 5180 de
1337 5128 1669 5182 Antiochena
1695 5133 1927 5215 Egclcsia
1959 5152 2161 5199 verum,
2188 5148 2389 5192 certum
2415 5144 2853 5210 exploratumque
2889 5158 2991 5211 est,
3030 5159 3085 5202 ut
3122 5152 3231 5218 jam
3266 5156 3403 5209 vidi-

192 5234 307 5272 mus
344 5221 403 5271 in
436 5216 684 5271 Diatriba
717 5217 767 5268 in
793 5215 1056 5285 Synepsin
1085 5234 1278 5287 supra;
1310 5220 1374 5272 de
1405 5218 1993 5290 Constantinopolitana
2033 5242 2157 5279 vero
2200 5228 2432 5285 Ecclesia
2464 5249 2641 5299 nemo,
2680 5237 2819 5302 quod
2864 5240 3048 5304 sciam,
3083 5215 3232 5295 dixit.
3266 5244 3399 5301 Hinc

192 5324 345 5376 porro
374 5317 596 5365 certum
630 5308 839 5360 videtur
879 5309 1017 5361 hanc
1046 5310 1316 5362 homiliam
1363 5311 1658 5365 Antiochia
1700 5312 1953 5368 Flaviano
1996 5318 2247 5386 episcopo
2296 5334 2554 5387 praesente
2610 5330 3009 5393 pronuntiatam
3048 5332 3229 5387 fuisse,
3288 5335 3399 5389 sub

189 5398 343 5452 linem
369 5396 616 5452 homilia:
646 5395 729 5449 hic
757 5396 997 5463 qvisqnis
1036 5397 1104 5449 sit
1142 5398 1486 5451 concionator
1527 5416 1642 5453 sese
1674 5416 1913 5471 purgata
1957 5408 2273 5472 quibusdam
2306 5412 2401 5464 sibi
2443 5414 2683 5481 objectis.
2712 5417 2843 5471 Cum
2877 5422 3016 5474 enim
3059 5425 3231 5497 aliqua
3271 5441 3399 5478 con-

188 5489 454 5544 cionando
488 5487 722 5543 dixisset
774 5488 840 5540 ab
870 5487 1204 5541 auditoribus
1235 5490 1369 5541 male
1416 5502 1656 5559 excepta,
1688 5494 1813 5548 hinc
1858 5507 2039 5549 exorto
2088 5516 2318 5563 rumore,
2359 5504 2410 5555 in
2448 5506 2689 5571 sequenti
2735 5511 2992 5563 concione
3033 5487 3237 5579 objecta
3294 5513 3394 5568 sibi

188 5579 416 5651 depulit,
453 5588 512 5633 et
540 5592 601 5633 sc
625 5576 805 5630 omnia
829 5585 1075 5629 accurate
1110 5579 1402 5631 secundum
1428 5580 1754 5634 Catholicam
1786 5584 1938 5636 (idem
1969 5586 2162 5641 dixisse
2194 5593 2575 5658 comprobavit.
