4102 6528
747 405 855 459 411

2210 391 2478 453 lNCERTl

3832 405 3929 460 412

749 640 3925 700 W

2750 687 2967 698 *-

1635 1032 2040 1123 SANCTI
2117 1039 2536 1129 PATRIS
2608 1041 3034 1133 NOSTBI

976 1327 1866 1513 JOANNIS
1998 1338 3518 1524 CHRYSOSTOMI
3609 1346 3695 1424 “"

1663 1727 1808 1840 IN
1899 1729 2445 1846 DICTUM
2535 1736 2992 1879 ILLUD,

1503 2009 1585 2072 In
1633 2029 1759 2092 qua
1804 2020 2112 2090 potestate
2146 2015 2270 2077 haec
2310 2015 2472 2096 facis
2522 2015 2778 2095 (Matth.
2827 2018 2928 2080 21.
2981 2020 3094 2095 23)
3135 2024 3166 2082 τ

796 2643 846 2698 l.
873 2642 1125 2697 Humana:
1148 2639 1332 2696 salutis
1357 2640 1667 2709 principium
1689 2647 1788 2703 est,
1809 2640 1964 2693 timor
1992 2632 2084 2692 Dei
2113 2635 2150 2703 ',
2173 2649 2286 2688 om-

724 2734 975 2802 niumque
1008 2733 1268 2787 bonorum
1297 2739 1597 2784 nostrorum
1625 2728 1771 2784 radix
1799 2739 1879 2783 est
1907 2728 1988 2783 lex
2024 2725 2112 2781 Dei
2143 2742 2156 2779 2
2187 2740 2282 2778 ne-

721 2833 824 2894 que
848 2836 975 2878 vero
1000 2820 1083 2876 lex
1117 2820 1210 2876 Dei
1239 2819 1355 2875 sine
1385 2820 1590 2882 timore,
1626 2832 1794 2887 neque
1820 2819 1977 2871 timor
2011 2815 2126 2870 sine
2164 2815 2281 2883 lege

720 2926 840 2967 esse
867 2911 1052 2981 possit.
1090 2909 1221 2964 Nam
1259 2909 1341 2965 lex
1382 2908 1744 2963 mandatorum
1787 2906 2084 2961 ministrum
2123 2903 2282 2957 habet

721 3001 1005 3058 timorem:
1045 3000 1206 3054 timor
1237 3008 1412 3053 autem
1451 3006 1828 3067 praceptorum
1867 2995 2094 3065 iudicem
2123 2993 2280 3048 habet

719 3093 909 3162 legem.
938 3092 1037 3160 Qui
1067 3106 1194 3162 ergo
1216 3105 1336 3146 eum
1363 3091 1548 3146 timore
1584 3090 1784 3146 accedit
1818 3089 1884 3144 ad
1914 3089 2105 3158 legem,
2131 3097 2183 3143 et
2210 3087 2274 3142 ad

719 3178 888 3238 Deum
928 3182 1058 3251 legis
1103 3182 1360 3246 datorem,
1406 3181 1452 3236 is
1489 3181 1624 3235 inter
1661 3190 1869 3234 sanctos
1911 3189 2178 3243 versatur,
2221 3189 2274 3233 et

715 3269 869 3340 iustis
893 3270 1239 3335 adscribitur;
1279 3277 1463 3324 contra
1499 3270 1585 3338 qui
1621 3270 1860 3324 timorem
1906 3269 1994 3324 Dei
2026 3269 2274 3323 audacter

715 3357 1036 3430 aggreditur,
1064 3367 1117 3412 et
1153 3373 1272 3412 cum
1312 3358 1609 3428 arrogantia
1645 3358 1709 3412 ad
1735 3358 1962 3412 divinam
1991 3360 2155 3428 legem
2179 3373 2271 3413 ac-

713 3447 876 3513 cedit,
908 3446 951 3500 is
975 3447 1139 3516 gratia
1167 3461 1273 3502 non
1299 3447 1562 3518 dignatur,
1593 3449 1700 3502 imo
1735 3459 1788 3503 et
1808 3465 1835 3501 a
1865 3450 2058 3517 pietate
2087 3449 2269 3516 expel-

715 3534 858 3590 litur.
907 3534 1030 3589 Ideo
1069 3536 1156 3605 qui
1191 3550 1310 3591 cum
1347 3538 1537 3593 timore
1565 3547 1619 3592 et
1645 3538 1904 3593 desiderio
1932 3538 1995 3592 ad
2039 3539 2266 3594 divinam

712 3620 879 3694 legem
909 3624 1180 3691 accedunt,
1212 3625 1264 3681 hi
1291 3637 1434 3681 recte
1471 3628 1688 3682 omnino
1715 3629 1970 3683 docentur
1997 3641 2047 3683 et
2068 3629 2265 3683 illumi-

712 3723 921 3777 nantur,
952 3725 1006 3768 et
1043 3715 1109 3769 ab
1139 3715 1251 3785 ipsa
1287 3717 1506 3770 veritate
1535 3717 1599 3770 ad
1629 3732 1803 3771 veram
1843 3712 2145 3786 religionem
2186 3719 2264 3772 in-

711 3804 997 3857 stituuntur
1027 3823 1040 3858 :
1071 3805 1304 3860 incidunt
1331 3807 1470 3861 enim
1514 3807 1566 3860 in
1606 3808 1774 3875 ipsum
1803 3809 2038 3862 veritatis
2064 3808 2259 3862 fontem

708 3893 966 3957 dicentes,
993 3889 1289 3951 Benediettts
1310 3913 1379 3958 es,
1413 3896 1664 3962 Domine;
1688 3898 1810 3950 doce
1844 3915 1921 3950 me
1934 3899 2258 3967 justiﬁcatio-

707 3994 793 4038 nes
839 3993 950 4037 tuas
971 3980 1137 4054 (Psat.
1171 3985 1290 4041 “8.
1323 3986 1434 4057 12).
1466 3985 1658 4041 Verum
1697 3988 1884 4054 sancti,
1925 3988 2012 4056 qui
2057 3988 2126 4041 ita
2165 3989 2255 4056 pii,

706 4077 778 4130 ita
816 4075 1043 4145 religiosi
1082 4086 1222 4142 sunt,
1258 4079 1335 4133 sic
1364 4078 1636 4132 veritatem
1661 4079 1728 4132 ab
1755 4079 1862 4147 ipsa
1893 4080 2112 4134 veritate
2146 4079 2258 4134 edi-

702 4173 886 4228 scunt;
914 4175 963 4217 at
986 4166 1220 4219 veritatis
1238 4166 1454 4233 inimici,
1474 4169 1580 4221 imo
1596 4168 1766 4236 potius
1787 4169 1905 4221 vita:
1925 4183 2033 4222 sua:
2055 4169 2249 4236 hostes,

699 4254 1048 4323 arrogantiam
1069 4263 1123 4310 et
1145 4254 1334 4309 fastum
1361 4256 1676 4325 simplicitati
1701 4257 2055 4324 praeferentes,
2079 4267 2255 4327 tyran-

701 4344 824 4399 nico
847 4343 1024 4398 habitu
1063 4345 1299 4400 veritatis
1345 4346 1613 4400 doctorem
1663 4347 1877 4401 adeunt.
1929 4348 2076 4414 Quod
2125 4365 2252 4405 sane

695 4433 936 4488 fecerunt
954 4434 1141 4499 Judaei,
1169 4445 1227 4490 ut
1251 4452 1316 4491 ex
1335 4434 1648 4507 evangelicis
1663 4436 1816 4491 dictis
1841 4438 1998 4492 modo
2014 4440 2247 4494 audistis.

694 4518 906 4579 Etenim
934 4523 1209 4579 Dominum
1235 4535 1472 4580 nostrum
1487 4527 1684 4590 Jesum,
1708 4528 1902 4598 Regem
1925 4537 2244 4591 sanctorum,

690 4613 745 4668 in
777 4615 973 4684 templo
996 4625 1312 4682 versantem,
1336 4616 1386 4670 in
1413 4615 1529 4685 ipso
1547 4619 1740 4685 templo
1759 4619 1972 4679 adeunt,
1999 4635 2101 4672 non
2128 4633 2246 4672 cum

690 4721 776 4771 eo,
804 4722 960 4775 quem
985 4707 1221 4771 decebat,
1251 4707 1457 4771 timore,
1491 4725 1593 4761 non
1625 4719 1678 4762 ut
1702 4709 1875 4762 famuli
1904 4711 2109 4774 herum,
2139 4729 2243 4768 non

748 4813 763 4843 ι
808 4810 953 4875 Juxta
980 4811 1164 4875 ,εδ-τευ,
1210 4811 1356 4875 Alex.
1403 4811 1523 4861 edit.
1568 4814 1676 4861 adv.
1720 4813 2241 4875 Anthropomorphitas

686 4881 789 4937 esp.
817 4869 872 4937 11
900 4869 1080 4937 {votum
1119 4871 1295 4937 ιςιέρίρυ
1332 4873 1504 4937 ἁχγὸςῖ
1527 4875 1795 4937 τοντέστιγ.
1823 4869 2124 4937 diva—Bostom}.
2147 4876 2240 4921 Re-

685 4926 814 4995 ctius
836 4926 948 4995 Cod.
977 4926 1257 4995 lieg._ll)'26
1280 4945 1291 4977 :
1317 4926 1462 4995 φόδοςξ
1491 4934 1678 4995 Κυρίου.
1705 4926 1810 4993 Οἶιὸ
1835 4926 1884 4982 it)
1923 4926 2096 4982 codice
2115 4935 2240 4981 liber

686 4992 948 5054 istejitulo
976 4991 1068 5054 h_oc_
1096 4991 1306 5054 donatur
1337 5005 1358 5054 εΔ
1379 4991 1610 5046 immoti;
1643 4991 1936 5054 δογματικῶν
1965 4996 2240 5054 ζητημάτων

689 5051 922 5116 Κνρίᾈᾏου
943 5049 1026 5097 τοῦ
1049 5049 2107 5116 dytmzairoucommendatae'V'AlsEavoptiiate.
2137 5055 2238 5100 ἐπι-

690 5112 976 5175 ζητηϐἐντῳν
999 5112 1138 5175 ’πᾳρὰ
1162 5113 1389 5175 Τιϐερίου
1431 5113 1647 5175 διακόνου
1675 5115 1754 5160 καὶ
1787 5121 1866 5170 τῆς
1893 5112 2202 5175 ἀδέλφὸτητος
2224 5127 2236 5139 ο

689 5177 775 5245 aut
810 5185 821 5217 :
859 5169 944 5217 τοῦ
989 5169 1122 5245 diﬁc-tt
1139 5169 1391 5245 ⁸Κκςρίλξου
1433 5174 1663 5245 tndem;
1701 5176 1796 5244 τῷν
1834 5169 2239 5245 ὲτξρρσξνὲχθεισῷν

687 5232 899 5304 Eudoses»:
927 5231 1053 5304 παρᾲ
1075 5231 1288 5304 Ἰὶὸξρίου
1316 5233 1531 5304 δεηακόηου
1570 5235 1648 5279 καὶ
1690 5236 1786 5279 τῶν
1825 5231 2070 5295 aettem"
2107 5239 2191 5281 aut
2223 5247 2233 5280 ε

689 5293 922 5354 Κυρίλ).ον
946 5291 1060 5352 πρὸς
1089 5291 1316 5352 Τιϐέριον.
1344 5291 1555 5339 Coteler.

747 5351 822 5420 (ἀ)
856 5351 1129 5420 oratiOnem
1154 5355 1292 5410 hanc,
1317 5354 1613 5420 genuinum,
1651 5361 1703 5400 ut
1726 5351 1941 5420 videtur,
1967 5351 2134 5398 summi
2152 5352 2236 5420 do_-

684 5411 829 5470 ctoris
851 5431 986 5482 opus,
1009 5417 1208 5482 prolem
1229 5411 1529 5482 magnonnon
1565 5414 1706 5482 plane
1715 5411 2234 5482 .inﬁciandamparenti,

685 5471 897 5529 habitam
932 5471 1078 5527 fuisse
1103 5471 1366 5524 Antiochia:
1402 5472 1515 5520 illud
1539 5471 1780 5529 ostendit,
1813 5472 1937 5532 quod
1971 5471 2230 5533 adﬁnem,

687 5549 828 5602 prout
869 5539 1022 5602 solet,
1061 5538 1122 5585 de
1161 5534 1396 5584 communi
1436 5541 1567 5602 patre
1606 5547 1710 5602 seu__
1733 5531 1957 5602 episcopo
1993 5531 2231 5593 loquitur,

686 5594 862 5661 nempe
884 5599 1112 5647 Flaviano.
1136 5603 1388 5657 Exceptam
1413 5594 1566 5654 potius
1585 5594 1868 5661 crediderim
1905 5605 1966 5638 ex
1998 5605 2100 5661 ore
2120 5607 2233 5654 per.

685 5654 893 5716 orantis,
939 5667 1080 5720 quam
1111 5669 1147 5720 a7
1169 5654 1309 5704 manu
1335 5656 1669 5720 componentis
1702 5655 1984 5713 profectam;
2018 5654 2102 5702 nisi
2127 5660 2233 5716 quis

689 5716 1020 5781 lnterpolatam
1044 5716 1190 5766 malit.
1217 5718 1414 5764 ('oteter.

2392 2640 2462 2728 ut
2475 2629 2719 2728 homines
2736 2631 2898 2692 Deum
2918 2653 2933 2702 ;
2961 2635 3056 2694 sed
3079 2654 3251 2712 neque
3268 2651 3328 2699 ut
3350 2645 3588 2720 discipuli
3619 2657 3934 2728 magistrum.

2389 2719 2585 2778 luimlci
2612 2726 2868 2792 veritatis,
2891 2737 2944 2782 et
2963 2731 3209 2800 nequitiae
3233 2719 3581 2806 indagator-cs,
3605 2719 3752 2800 suam
3772 2761 3935 2805 osten-

2386 2808 2571 2866 dentes
2609 2812 3019 2883 malignitalcm,
3066 2819 3306 2876 humanis
3346 2828 3630 2885 ratiociniis
3661 2850 3936 2904 supernam

2385 2901 2694 2970 sapientiam
2731 2905 3108 2962 circumvenire
3151 2913 3497 2970 conabantur.
3536 2920 3666 2975 Nam
3692 2901 3768 2979 ait
3800 2946 3813 2980 :
3843 2931 3934 2982 Ac-

2382 2999 2629 3045 cesserant
2656 2993 2706 3045 in
2737 2996 2920 3061 tempto
2947 2997 3013 3049 ad
3036 2996 3210 3053 Iesum
3236 3005 3510 3062 sacerdota
3532 3020 3578 3062 et
3602 3016 3824 3071 seniores
3846 3036 3932 3086 po-

2526 3081 2739 3173 dicentes
2764 3098 2785 3136 .'
2809 3081 2876 3137 In
2909 3101 3008 3154 qua
3045 3098 3280 3154 potestate
3316 3092 3422 3147 [nec
3447 3098 3613 3166 facis!
3644 3112 3692 3154 et
3719 3107 3832 3173 quis
3846 3079 3930 3160 tibi

2378 3164 2513 3220 dedit
2549 3168 2679 3222 hanc
2719 3179 3000 3240 potestatem
3024 3173 3229 3244 (Matth.
3257 3178 3345 3233 2|.
3380 3164 3469 3250 25)
3489 3186 3514 3237 τ
3546 3186 3588 3240 0
3623 3164 3928 3251 cor'timore

2379 3254 2715 3312 destitutum!
2745 3261 2918 3330 qualia
2955 3262 3132 3328 audet,
3172 3267 3342 3335 qualia
3385 3270 3644 3340 loquitur!
3677 3291 3926 3343 quantmu

2374 3346 2668 3413 arrogantia
2694 3348 2994 3404 extollitur!
3020 3350 3065 3406 Ο
3101 3353 3456 3423 improborum
3484 3361 3871 3432 insipientiam!
3898 3387 3926 3421 ο

2375 3432 2667 3489 Servstoris
2711 3436 3074 3494 clementiam!
3120 3442 3241 3497 Have
3279 3446 3508 3515 loquitur
3552 3453 3751 3519 lutum,
3794 3468 3848 3512 et
3878 3461 3924 3514 id

2373 3523 2557 3614 figulus
2584 3528 2778 3614 patitur
2814 3545 2827 3580 :
2871 3530 3086 3598 erigitur
3131 3544 3313 3589 contra
3356 3537 3604 3606 Opiﬁcem
3633 3547 3922 3614 opificium,

2369 3621 2424 3667 et
2452 3612 2502 3667 id
2525 3613 2712 3669 tolerat
2741 3616 3013 3675 Beneflcus
3053 3623 3245 3676 nemini
3274 3624 3528 3681 obnoxius
3552 3646 3565 3682 :
3591 3632 3852 3690 rationem
3877 3612 3925 3689 et

2367 3704 2582 3793 verbum
2626 3715 2868 3774 repetunt
2905 3725 2935 3763 a
2981 3710 3069 3765 Dei
3114 3711 3321 3780 Verbo,
3360 3725 3412 3771 et
3458 3727 3776 3788 potestatem
3814 3730 3924 3793 ejus

2366 3792 2571 3848 curiose
2597 3796 2919 3865 perquirunt,
2950 3814 3064 3868 qum
3093 3809 3171 3854 est
3197 3805 3522 3859 auctoritatis
3551 3810 3786 3865 culmen.
3823 3792 3924 3882 Op-

2365 3894 2587 3952 portune
2611 3885 2846 3940 dicamus
2875 3888 2987 3942 luec
3014 3891 3262 3958 sapientis
3288 3895 3477 3949 verba:
3507 3897 3553 3951 0
3579 3899 3764 3966 homo,
3793 3904 3922 3970 Quid

2363 3974 2579 4040 superbit
2606 3985 2736 4029 terra
2765 3987 2811 4030 et
2834 3979 2956 4033 cinis
2979 3979 3168 4050 (Eccle.
3196 3983 3277 4037 l0.
3302 3984 3394 4053 9)?
3415 3987 3575 4040 Deum
3603 3993 3920 4063 interrogas,

2362 4072 2413 4116 et
2441 4065 2663 4133 requiris
2686 4065 2753 4121 ab
2778 4067 2868 4122 illo
2898 4070 3150 4125 rationem
3181 4088 3363 4126 eorum
3389 4091 3505 4144 qua:
3534 4091 3811 4149 operatur,
3833 4100 3919 4136 au-

2358 4152 2554 4222 desque
2579 4167 2858 4222 supernam
2891 4157 3029 4212 illam
3056 4169 3365 4227 potestatem
3399 4165 3476 4219 sic
3504 4166 3651 4221 atl’ari
3685 4187 3701 4223 :
3739 4172 3805 4225 In
3828 4191 3922 4239 qua

2358 4251 2592 4309 potestate
2613 4244 2717 4298 [uec
2737 4247 2900 4314 facis?
2924 4247 3028 4301 Cur
3048 4249 3187 4302 illum
3216 4250 3523 4323 interrogas,
3549 4272 3728 4326 neque
3755 4264 3917 4332 ipsam

2357 4345 2531 4384 rerum
2561 4333 2804 4387 virtutem
2835 4335 3118 4402 exploras?
3142 4337 3387 4394 Scrutare
3415 4342 3529 4411 ipse
3553 4344 3844 4416 diligenter
3869 4354 3918 4407 in

2355 4419 2559 4472 occulto
2590 4419 2776 4475 anima:
2807 4434 3012 4486 senatu,
3041 4426 3306 4494 explorata
3343 4446 3514 4484 rerum
3547 4447 3761 4504 natura,
3793 4457 3916 4495 num

2354 4524 2468 4575 qua:
2499 4509 2626 4562 lium
2647 4510 2855 4566 humani
2878 4513 3078 4568 consilii
3105 4517 3228 4582 sint,
3251 4533 3316 4573 an
3343 4520 3531 4576 divina:
3555 4530 3913 4598 auctoritatis,

2353 4597 2601 4663 przeclara
2647 4614 2833 4668 nempe
2874 4602 2958 4654 illa
2993 4604 3194 4657 Domini
3224 4618 3386 4674 gesta.
3416 4609 3680 4683 interroga
3711 4597 3916 4674 natura:

2351 4685 2512 4754 leges,
2542 4691 2810 4755 potestatis
2835 4693 3107 4758 terminos,
3142 4697 3433 4766 seriemque
3462 4701 3868 4762 ratiociniorum
3899 4727 3910 4762 :

2347 4791 2447 4845 qua
2491 4787 2744 4844 potestate
2785 4782 3037 4836 suscitare
3074 4795 3309 4840 mortuos
3344 4797 3556 4857 potest:
3605 4777 3909 4862 hominum,

2346 4881 2410 4919 an
2440 4867 2568 4920 Dei?
2605 4868 2731 4934 Quis
2769 4880 2937 4938 potest
2975 4873 3209 4940 leprosos
3247 4877 3519 4945 mundare,
3550 4885 3779 4938 morbos
3804 4887 3912 4954 pcl-

2344 4954 2481 5019 lere,
2539 4973 2848 5025 omnemque
2893 4961 3080 5014 animat
3118 4967 3455 5034 corporisque
3502 4971 3755 5026 morbum
3798 4975 3911 5028 solo

2344 5047 2506 5101 verbo
2535 5049 2755 5103 tollere?
2778 5050 2993 5114 Deinde,
3025 5054 3140 5120 quis
3166 5065 3336 5122 poteSt
3360 5072 3422 5111 ex
3453 5059 3560 5112 luto
3585 5063 3781 5115 oculos
3809 5064 3910 5116 τυν-

2340 5149 2504 5199 mare,
2535 5136 2667 5189 Deus
2693 5152 2758 5191 an
2791 5140 2946 5192 homo
2965 5140 2987 5192 ?
3007 5140 3111 5195 Cur
3127 5158 3227 5196 non
3259 5145 3419 5213 ipsam
3448 5163 3622 5201 rerum
3657 5163 3907 5206 naturam

2338 5222 2646 5293 interrogas,
2687 5227 2778 5280 sed
2823 5229 3068 5283 audacter
3113 5230 3361 5299 Opiﬁcem
3401 5237 3649 5304 exploras
3695 5240 3903 5306 dicens,

2336 5311 2399 5364 In
2428 5330 2524 5376 qua
2553 5326 2787 5383 potestate
2820 5317 2924 5369 haec
2945 5317 3109 5384 facis?
3137 5320 3326 5375 lterum
3362 5325 3500 5376 enim
3524 5326 3688 5378 verba
3722 5342 3906 5399 repeto

2333 5418 2535 5467 eorum,
2571 5407 2656 5472 qui
2678 5408 2850 5459 omnia
2878 5406 3029 5462 facile
3056 5411 3269 5478 audent,
3307 5416 3393 5482 qui
3425 5430 3452 5466 a
3481 5414 3662 5471 Verbo
3693 5419 3791 5475 Dei
3825 5439 3904 5475 ra.

2332 5494 2527 5546 tionem
2547 5503 2807 5563 repetunt,
2837 5506 2887 5550 et
2911 5499 3194 5554 ratiociniis
3222 5503 3661 5560 circumscribere
3696 5519 3902 5566 lentant

2329 5598 2468 5647 eum,
2498 5584 2583 5651 qui
2623 5585 3019 5652 comprehendit
3061 5591 3325 5658 sapientes
3368 5593 3418 5645 in
3469 5597 3665 5652 astutia
3715 5616 3900 5656 eorum

2330 5672 2402 5737 (l.
2437 5671 2551 5724 Cor.
2584 5671 2636 5724 5.
2671 5672 2779 5740 l9).
2809 5675 2854 5729 0
2875 5673 3218 5733 dementiam!
3267 5680 3372 5734 Deo
3403 5681 3573 5739 Verbo
3604 5692 3896 5760 experien-
